  <div class='ocr_page' id='page_1' title='image "/cluster/home/n/w/nwhite01/storage/ocr_20150623/34/hvd.32044019207760/484.png"; bbox 0 0 4044 6570; ppageno 0'>
   <div class='ocr_carea' id='block_1_1' title="bbox 248 369 360 436">
    <p class='ocr_par' dir='ltr' id='par_1_1' title="bbox 248 369 360 436">
     <span class='ocr_line' id='line_1_1' title="bbox 248 369 360 436; baseline 0.009 -1"><span class='ocrx_word' id='word_1_1' title='bbox 248 369 360 436; x_wconf 69' lang='grc'><strong>945</strong></span> 
     </span>
    </p>
   </div>
   <div class='ocr_carea' id='block_1_2' title="bbox 1268 381 2439 453">
    <p class='ocr_par' dir='ltr' id='par_1_2' title="bbox 1268 381 2439 453">
     <span class='ocr_line' id='line_1_2' title="bbox 1268 381 2439 453; baseline 0.011 -13"><span class='ocrx_word' id='word_1_2' title='bbox 1268 381 1498 443; x_wconf 80' lang='lat' dir='ltr'><strong>LIBER</strong></span> <span class='ocrx_word' id='word_1_3' title='bbox 1536 384 1635 443; x_wconf 88' lang='lat' dir='ltr'><strong>DE</strong></span> <span class='ocrx_word' id='word_1_4' title='bbox 1672 384 2099 451; x_wconf 61' lang='lat' dir='ltr'><strong>LIBE‘RTATE</strong></span> <span class='ocrx_word' id='word_1_5' title='bbox 2136 390 2439 453; x_wconf 80' lang='lat' dir='ltr'><strong>MENTIS.</strong></span> 
     </span>
    </p>
   </div>
   <div class='ocr_carea' id='block_1_3' title="bbox 3388 396 3494 463">
    <p class='ocr_par' dir='ltr' id='par_1_3' title="bbox 3388 396 3494 463">
     <span class='ocr_line' id='line_1_3' title="bbox 3388 396 3494 463; baseline 0.028 -5"><span class='ocrx_word' id='word_1_6' title='bbox 3388 396 3494 463; x_wconf 59' lang='lat'><strong>936</strong></span> 
     </span>
    </p>
   </div>
   <div class='ocr_carea' id='block_1_4' title="bbox 252 480 1818 575">
    <p class='ocr_par' dir='ltr' id='par_1_4' title="bbox 252 480 1818 575">
     <span class='ocr_line' id='line_1_4' title="bbox 252 480 1818 575; baseline 0.011 -41"><span class='ocrx_word' id='word_1_7' title='bbox 252 482 354 575; x_wconf 55' lang='grc' dir='ltr'>Τίς</span> <span class='ocrx_word' id='word_1_8' title='bbox 373 480 504 575; x_wconf 74' lang='grc' dir='ltr'>γὰρ,</span> <span class='ocrx_word' id='word_1_9' title='bbox 522 482 710 553; x_wconf 57' lang='grc' dir='ltr'>φησὶν,</span> <span class='ocrx_word' id='word_1_10' title='bbox 738 484 895 554; x_wconf 74' lang='grc' dir='ltr'>ἡμᾶς</span> <span class='ocrx_word' id='word_1_11' title='bbox 921 487 1159 555; x_wconf 74' lang='grc' dir='ltr'>χωρίσει</span> <span class='ocrx_word' id='word_1_12' title='bbox 1183 490 1300 544; x_wconf 79' lang='grc' dir='ltr'>ἀπὸ</span> <span class='ocrx_word' id='word_1_13' title='bbox 1325 493 1437 559; x_wconf 79' lang='grc' dir='ltr'><strong>τῆς</strong></span> <span class='ocrx_word' id='word_1_14' title='bbox 1456 495 1691 564; x_wconf 75' lang='grc' dir='ltr'>ἀγάπης</span> <span class='ocrx_word' id='word_1_15' title='bbox 1714 498 1818 551; x_wconf 84' lang='grc' dir='ltr'>τοῦ</span> 
     </span>
    </p>
   </div>
   <div class='ocr_carea' id='block_1_5' title="bbox 1913 480 3491 575">
    <p class='ocr_par' dir='ltr' id='par_1_5' title="bbox 1927 492 3491 575">
     <span class='ocr_line' id='line_1_5' title="bbox 1927 492 3491 575; baseline 0.008 -23"><span class='ocrx_word' id='word_1_16' title='bbox 1927 499 2151 571; x_wconf 86' lang='lat' dir='ltr'><strong>(inquit)</strong></span> <span class='ocrx_word' id='word_1_17' title='bbox 2180 520 2269 556; x_wconf 85' lang='lat' dir='ltr'><strong>nos</strong></span> <span class='ocrx_word' id='word_1_18' title='bbox 2285 492 2550 574; x_wconf 70' lang='lat' dir='ltr'><strong>separabit</strong></span> <span class='ocrx_word' id='word_1_19' title='bbox 2574 523 2605 559; x_wconf 90' lang='lat' dir='ltr'><strong>a</strong></span> <span class='ocrx_word' id='word_1_20' title='bbox 2628 505 2884 559; x_wconf 82' lang='lat' dir='ltr'><strong>charitatc</strong></span> <span class='ocrx_word' id='word_1_21' title='bbox 2900 496 3094 560; x_wconf 81' lang='lat' dir='ltr'><strong>Christi</strong></span> <span class='ocrx_word' id='word_1_22' title='bbox 3112 506 3153 539; x_wconf 81' lang='lat'>&quot;</span> <span class='ocrx_word' id='word_1_23' title='bbox 3184 506 3360 575; x_wconf 67' lang='lat' dir='ltr'><strong>iQuze</strong></span> <span class='ocrx_word' id='word_1_24' title='bbox 3389 526 3491 564; x_wconf 76' lang='lat' dir='ltr'><strong>vox</strong></span> 
     </span>
    </p>
   </div>
   <div class='ocr_carea' id='block_1_6' title="bbox 244 572 1825 658">
    <p class='ocr_par' dir='ltr' id='par_1_6' title="bbox 244 572 1825 658">
     <span class='ocr_line' id='line_1_6' title="bbox 244 572 1825 658; baseline 0.01 -31"><span class='ocrx_word' id='word_1_25' title='bbox 244 572 545 643; x_wconf 66' lang='lat' dir='ltr'><strong>Xpw’toﬁ;</strong></span> <span class='ocrx_word' id='word_1_26' title='bbox 576 577 819 632; x_wconf 76' lang='grc' dir='ltr'><strong>τουτέστι</strong></span> <span class='ocrx_word' id='word_1_27' title='bbox 850 580 950 649; x_wconf 84' lang='grc' dir='ltr'><strong>τῆς</strong></span> <span class='ocrx_word' id='word_1_28' title='bbox 990 580 1286 653; x_wconf 86' lang='grc' dir='ltr'>ἐνωθείσης</span> <span class='ocrx_word' id='word_1_29' title='bbox 1328 583 1503 656; x_wconf 74' lang='grc' dir='ltr'>ψυχῆς</span> <span class='ocrx_word' id='word_1_30' title='bbox 1546 588 1625 658; x_wconf 81' lang='grc' dir='ltr'>τῷ</span> <span class='ocrx_word' id='word_1_31' title='bbox 1655 589 1825 643; x_wconf 83' lang='grc' dir='ltr'><strong>[Ινεύ-</strong></span> 
     </span>
    </p>
   </div>
   <div class='ocr_carea' id='block_1_7' title="bbox 252 666 577 739">
    <p class='ocr_par' dir='ltr' id='par_1_7' title="bbox 252 666 577 739">
     <span class='ocr_line' id='line_1_7' title="bbox 252 666 577 739; baseline 0.009 -21"><span class='ocrx_word' id='word_1_32' title='bbox 252 681 387 735; x_wconf 84' lang='grc' dir='ltr'>ματι</span> <span class='ocrx_word' id='word_1_33' title='bbox 415 666 577 739; x_wconf 77' lang='grc' dir='ltr'><strong>ἁγίῳ.</strong></span> 
     </span>
    </p>
   </div>
   <div class='ocr_carea' id='block_1_8' title="bbox 320 754 1819 845">
    <p class='ocr_par' dir='ltr' id='par_1_8' title="bbox 320 754 1819 845">
     <span class='ocr_line' id='line_1_8' title="bbox 320 754 1819 845; baseline 0.014 -36"><span class='ocrx_word' id='word_1_34' title='bbox 320 754 417 812; x_wconf 61' lang='lat' dir='ltr'><strong>II”.</strong></span> <span class='ocrx_word' id='word_1_35' title='bbox 460 757 550 828; x_wconf 79' lang='grc' dir='ltr'><strong>Τῷ</strong></span> <span class='ocrx_word' id='word_1_36' title='bbox 584 758 892 832; x_wconf 81' lang='grc' dir='ltr'><strong>βουλομένῳ</strong></span> <span class='ocrx_word' id='word_1_37' title='bbox 928 767 1140 835; x_wconf 80' lang='grc' dir='ltr'><strong>μιμητῇ</strong></span> <span class='ocrx_word' id='word_1_38' title='bbox 1169 765 1263 820; x_wconf 78' lang='grc' dir='ltr'>οὖν</span> <span class='ocrx_word' id='word_1_39' title='bbox 1289 768 1819 845; x_wconf 78' lang='grc' dir='ltr'>γενέσθαιΧριστοῦ,</span> 
     </span>
    </p>
   </div>
   <div class='ocr_carea' id='block_1_9' title="bbox 247 846 1820 937">
    <p class='ocr_par' dir='ltr' id='par_1_9' title="bbox 247 846 1820 937">
     <span class='ocr_line' id='line_1_9' title="bbox 247 846 1820 937; baseline 0.013 -36"><span class='ocrx_word' id='word_1_40' title='bbox 247 846 340 902; x_wconf 76' lang='grc' dir='ltr'><strong>ἴνα</strong></span> <span class='ocrx_word' id='word_1_41' title='bbox 394 852 489 903; x_wconf 73' lang='grc' dir='ltr'>καὶ</span> <span class='ocrx_word' id='word_1_42' title='bbox 532 852 685 923; x_wconf 86' lang='grc' dir='ltr'><strong>αὐτῷ</strong></span> <span class='ocrx_word' id='word_1_43' title='bbox 726 854 937 921; x_wconf 74' lang='grc' dir='ltr'>γένοιτο</span> <span class='ocrx_word' id='word_1_44' title='bbox 983 850 1096 927; x_wconf 81' lang='grc' dir='ltr'>Υἱῷ</span> <span class='ocrx_word' id='word_1_45' title='bbox 1124 857 1262 912; x_wconf 80' lang='grc' dir='ltr'>Θεοῦ</span> <span class='ocrx_word' id='word_1_46' title='bbox 1294 867 1820 937; x_wconf 80' lang='grc' dir='ltr'>προσαγορευθῆναι,</span> 
     </span>
    </p>
   </div>
   <div class='ocr_carea' id='block_1_10' title="bbox 246 940 1820 1029">
    <p class='ocr_par' dir='ltr' id='par_1_10' title="bbox 246 940 1820 1029">
     <span class='ocr_line' id='line_1_10' title="bbox 246 940 1820 1029; baseline 0.014 -37"><span class='ocrx_word' id='word_1_47' title='bbox 246 940 566 1029; x_wconf 79' lang='grc' dir='ltr'>γεννηθέντι</span> <span class='ocrx_word' id='word_1_48' title='bbox 604 946 667 997; x_wconf 87' lang='grc' dir='ltr'><strong>ἐκ</strong></span> <span class='ocrx_word' id='word_1_49' title='bbox 698 945 1033 1014; x_wconf 83' lang='grc' dir='ltr'>Πνεύματος,</span> <span class='ocrx_word' id='word_1_50' title='bbox 1070 949 1178 1020; x_wconf 83' lang='grc' dir='ltr'>πρὸ</span> <span class='ocrx_word' id='word_1_51' title='bbox 1206 950 1320 1005; x_wconf 81' lang='grc' dir='ltr'><strong>τῶν</strong></span> <span class='ocrx_word' id='word_1_52' title='bbox 1347 953 1521 1007; x_wconf 79' lang='grc' dir='ltr'>ἄλλων</span> <span class='ocrx_word' id='word_1_53' title='bbox 1553 960 1820 1029; x_wconf 82' lang='grc' dir='ltr'>προσήκει</span> 
     </span>
    </p>
   </div>
   <div class='ocr_carea' id='block_1_11' title="bbox 244 1028 1818 1120">
    <p class='ocr_par' dir='ltr' id='par_1_11' title="bbox 244 1028 1818 1120">
     <span class='ocr_line' id='line_1_11' title="bbox 244 1028 1818 1120; baseline 0.013 -39"><span class='ocrx_word' id='word_1_54' title='bbox 244 1028 350 1092; x_wconf 81' lang='grc' dir='ltr'><strong>τὰς</strong></span> <span class='ocrx_word' id='word_1_55' title='bbox 378 1032 703 1097; x_wconf 77' lang='grc' dir='ltr'><strong>ἀπαντώσας</strong></span> <span class='ocrx_word' id='word_1_56' title='bbox 734 1033 941 1104; x_wconf 79' lang='grc' dir='ltr'>θλίψεις</span> <span class='ocrx_word' id='word_1_57' title='bbox 966 1077 980 1101; x_wconf 94' lang='grc'><strong>,</strong></span> <span class='ocrx_word' id='word_1_58' title='bbox 1036 1038 1154 1108; x_wconf 80' lang='grc' dir='ltr'>ἦτοι</span> <span class='ocrx_word' id='word_1_59' title='bbox 1189 1044 1511 1110; x_wconf 80' lang='grc' dir='ltr'>σωματικὰς</span> <span class='ocrx_word' id='word_1_60' title='bbox 1543 1028 1751 1113; x_wconf 87' lang='grc' dir='ltr'>νόσους,</span> <span class='ocrx_word' id='word_1_61' title='bbox 1784 1050 1818 1120; x_wconf 82' lang='grc' dir='ltr'>ἦ</span> 
     </span>
    </p>
   </div>
   <div class='ocr_carea' id='block_1_12' title="bbox 243 1122 1821 1208">
    <p class='ocr_par' dir='ltr' id='par_1_12' title="bbox 243 1122 1821 1208">
     <span class='ocr_line' id='line_1_12' title="bbox 243 1122 1821 1208; baseline 0.015 -36"><span class='ocrx_word' id='word_1_62' title='bbox 243 1122 348 1183; x_wconf 88' lang='grc' dir='ltr'><strong>τάς</strong></span> <span class='ocrx_word' id='word_1_63' title='bbox 379 1123 439 1187; x_wconf 82' lang='grc' dir='ltr'>ἐξ</span> <span class='ocrx_word' id='word_1_64' title='bbox 464 1124 768 1195; x_wconf 83' lang='grc' dir='ltr'>ἀνθρώπων</span> <span class='ocrx_word' id='word_1_65' title='bbox 802 1127 1009 1198; x_wconf 78' lang='grc' dir='ltr'>ὕϐρεις,</span> <span class='ocrx_word' id='word_1_66' title='bbox 1040 1132 1137 1184; x_wconf 79' lang='grc' dir='ltr'>καὶ</span> <span class='ocrx_word' id='word_1_67' title='bbox 1164 1132 1231 1186; x_wconf 87' lang='grc' dir='ltr'><strong>τά</strong></span> <span class='ocrx_word' id='word_1_68' title='bbox 1256 1134 1464 1206; x_wconf 81' lang='grc' dir='ltr'>ὀνείδη,</span> <span class='ocrx_word' id='word_1_69' title='bbox 1504 1138 1609 1208; x_wconf 83' lang='grc' dir='ltr'>πρὸ</span> <span class='ocrx_word' id='word_1_70' title='bbox 1640 1138 1697 1192; x_wconf 79' lang='grc' dir='ltr'>δὲ</span> <span class='ocrx_word' id='word_1_71' title='bbox 1728 1142 1821 1195; x_wconf 76' lang='grc' dir='ltr'><strong>καὶ</strong></span> 
     </span>
    </p>
   </div>
   <div class='ocr_carea' id='block_1_13' title="bbox 242 1210 1820 1302">
    <p class='ocr_par' dir='ltr' id='par_1_13' title="bbox 242 1210 1820 1302">
     <span class='ocr_line' id='line_1_13' title="bbox 242 1210 1820 1302; baseline 0.015 -40"><span class='ocrx_word' id='word_1_72' title='bbox 242 1210 349 1275; x_wconf 83' lang='grc' dir='ltr'><strong>τὰς</strong></span> <span class='ocrx_word' id='word_1_73' title='bbox 384 1216 447 1267; x_wconf 85' lang='grc' dir='ltr'><strong>ἐκ</strong></span> <span class='ocrx_word' id='word_1_74' title='bbox 475 1216 584 1269; x_wconf 86' lang='grc' dir='ltr'>τῶν</span> <span class='ocrx_word' id='word_1_75' title='bbox 612 1218 860 1287; x_wconf 83' lang='grc' dir='ltr'><strong>ἀοράτων</strong></span> <span class='ocrx_word' id='word_1_76' title='bbox 899 1222 1190 1287; x_wconf 76' lang='grc' dir='ltr'>ἐπιϐουλὰς</span> <span class='ocrx_word' id='word_1_77' title='bbox 1226 1225 1477 1297; x_wconf 75' lang='grc' dir='ltr'><strong>εὐψύχως</strong></span> <span class='ocrx_word' id='word_1_78' title='bbox 1506 1230 1599 1283; x_wconf 80' lang='grc' dir='ltr'>καὶ</span> <span class='ocrx_word' id='word_1_79' title='bbox 1623 1248 1820 1302; x_wconf 75' lang='grc' dir='ltr'>καρτε-</span> 
     </span>
    </p>
   </div>
   <div class='ocr_carea' id='block_1_14' title="bbox 246 1304 1821 1388">
    <p class='ocr_par' dir='ltr' id='par_1_14' title="bbox 246 1304 1821 1388">
     <span class='ocr_line' id='line_1_14' title="bbox 246 1304 1821 1388; baseline 0.014 -33"><span class='ocrx_word' id='word_1_80' title='bbox 246 1304 420 1372; x_wconf 80' lang='grc' dir='ltr'>ρικῶς</span> <span class='ocrx_word' id='word_1_81' title='bbox 447 1304 763 1378; x_wconf 72' lang='grc' dir='ltr'>ὑποφέρειν.</span> <span class='ocrx_word' id='word_1_82' title='bbox 802 1312 937 1364; x_wconf 80' lang='grc' dir='ltr'>Κατ’</span> <span class='ocrx_word' id='word_1_83' title='bbox 968 1314 1279 1384; x_wconf 74' lang='grc' dir='ltr'>οἰκονομίαν</span> <span class='ocrx_word' id='word_1_84' title='bbox 1302 1318 1410 1388; x_wconf 82' lang='grc' dir='ltr'><strong>γὰρ</strong></span> <span class='ocrx_word' id='word_1_85' title='bbox 1435 1318 1569 1374; x_wconf 86' lang='grc' dir='ltr'>Θεοῦ</span> <span class='ocrx_word' id='word_1_86' title='bbox 1596 1321 1655 1374; x_wconf 77' lang='grc' dir='ltr'>τὸ</span> <span class='ocrx_word' id='word_1_87' title='bbox 1679 1322 1821 1377; x_wconf 88' lang='grc' dir='ltr'>δοκί-</span> 
     </span>
    </p>
   </div>
   <div class='ocr_carea' id='block_1_15' title="bbox 250 1399 1821 1483">
    <p class='ocr_par' dir='ltr' id='par_1_15' title="bbox 250 1399 1821 1483">
     <span class='ocr_line' id='line_1_15' title="bbox 250 1399 1821 1483; baseline 0.017 -38"><span class='ocrx_word' id='word_1_88' title='bbox 250 1411 377 1464; x_wconf 90' lang='grc' dir='ltr'>μιον</span> <span class='ocrx_word' id='word_1_89' title='bbox 424 1400 541 1461; x_wconf 77' lang='grc' dir='ltr'>ταῖς</span> <span class='ocrx_word' id='word_1_90' title='bbox 574 1399 777 1469; x_wconf 76' lang='grc' dir='ltr'>ψυχαῖς</span> <span class='ocrx_word' id='word_1_91' title='bbox 809 1401 920 1456; x_wconf 82' lang='grc' dir='ltr'><strong>τῶν</strong></span> <span class='ocrx_word' id='word_1_92' title='bbox 951 1404 1225 1476; x_wconf 81' lang='grc' dir='ltr'>διαφόρων</span> <span class='ocrx_word' id='word_1_93' title='bbox 1260 1416 1671 1483; x_wconf 85' lang='grc' dir='ltr'>παραχωρείται</span> <span class='ocrx_word' id='word_1_94' title='bbox 1705 1417 1821 1471; x_wconf 89' lang='grc' dir='ltr'>θλί-</span> 
     </span>
    </p>
   </div>
   <div class='ocr_carea' id='block_1_16' title="bbox 244 1484 1822 1576">
    <p class='ocr_par' dir='ltr' id='par_1_16' title="bbox 244 1484 1822 1576">
     <span class='ocr_line' id='line_1_16' title="bbox 244 1484 1822 1576; baseline 0.015 -39"><span class='ocrx_word' id='word_1_95' title='bbox 244 1484 396 1554; x_wconf 80' lang='grc' dir='ltr'>ψεων</span> <span class='ocrx_word' id='word_1_96' title='bbox 424 1527 439 1551; x_wconf 93' lang='grc'><strong>,</strong></span> <span class='ocrx_word' id='word_1_97' title='bbox 501 1489 585 1542; x_wconf 77' lang='grc' dir='ltr'>ἵνα</span> <span class='ocrx_word' id='word_1_98' title='bbox 641 1494 871 1563; x_wconf 73' lang='grc' dir='ltr'>φανεραὶ</span> <span class='ocrx_word' id='word_1_99' title='bbox 921 1498 1162 1562; x_wconf 76' lang='grc' dir='ltr'>γένοιντο</span> <span class='ocrx_word' id='word_1_100' title='bbox 1210 1500 1428 1565; x_wconf 82' lang='grc' dir='ltr'>πάντως</span> <span class='ocrx_word' id='word_1_101' title='bbox 1480 1505 1535 1555; x_wconf 78' lang='lat' dir='ltr'><strong>al</strong></span> <span class='ocrx_word' id='word_1_102' title='bbox 1587 1506 1822 1576; x_wconf 82' lang='grc' dir='ltr'>γνησίως</span> 
     </span>
    </p>
   </div>
   <div class='ocr_carea' id='block_1_17' title="bbox 245 1578 1822 1664">
    <p class='ocr_par' dir='ltr' id='par_1_17' title="bbox 245 1578 1822 1664">
     <span class='ocr_line' id='line_1_17' title="bbox 245 1578 1822 1664; baseline 0.015 -33"><span class='ocrx_word' id='word_1_103' title='bbox 245 1578 540 1649; x_wconf 76' lang='grc' dir='ltr'>ἀγαπῶσαι</span> <span class='ocrx_word' id='word_1_104' title='bbox 587 1583 680 1636; x_wconf 81' lang='grc' dir='ltr'>τὸν</span> <span class='ocrx_word' id='word_1_105' title='bbox 726 1584 949 1654; x_wconf 81' lang='grc' dir='ltr'>Κύριον.</span> <span class='ocrx_word' id='word_1_106' title='bbox 1002 1589 1235 1658; x_wconf 78' lang='grc' dir='ltr'>Σημεῖόν</span> <span class='ocrx_word' id='word_1_107' title='bbox 1274 1591 1330 1645; x_wconf 83' lang='grc' dir='ltr'>δὲ</span> <span class='ocrx_word' id='word_1_108' title='bbox 1372 1596 1485 1658; x_wconf 77' lang='grc' dir='ltr'>τοϊς</span> <span class='ocrx_word' id='word_1_109' title='bbox 1527 1597 1590 1650; x_wconf 86' lang='grc' dir='ltr'><strong>ἐκ</strong></span> <span class='ocrx_word' id='word_1_110' title='bbox 1622 1600 1822 1664; x_wconf 81' lang='grc' dir='ltr'>παντὸς</span> 
     </span>
    </p>
   </div>
   <div class='ocr_carea' id='block_1_18' title="bbox 244 1673 1822 1753">
    <p class='ocr_par' dir='ltr' id='par_1_18' title="bbox 244 1673 1822 1753">
     <span class='ocr_line' id='line_1_18' title="bbox 244 1673 1822 1753; baseline 0.014 -30"><span class='ocrx_word' id='word_1_111' title='bbox 244 1673 441 1735; x_wconf 75' lang='grc' dir='ltr'>αἰῶνος</span> <span class='ocrx_word' id='word_1_112' title='bbox 489 1675 858 1745; x_wconf 70' lang='grc' dir='ltr'>πατριάρχαις</span> <span class='ocrx_word' id='word_1_113' title='bbox 889 1694 946 1729; x_wconf 83' lang='grc' dir='ltr'><strong>τε</strong></span> <span class='ocrx_word' id='word_1_114' title='bbox 993 1682 1086 1732; x_wconf 72' lang='grc' dir='ltr'>καὶ</span> <span class='ocrx_word' id='word_1_115' title='bbox 1123 1684 1430 1753; x_wconf 80' lang='grc' dir='ltr'><strong>προφήταις</strong></span> <span class='ocrx_word' id='word_1_116' title='bbox 1467 1689 1559 1740; x_wconf 69' lang='grc' dir='ltr'><strong>καὶ</strong></span> <span class='ocrx_word' id='word_1_117' title='bbox 1585 1691 1822 1744; x_wconf 69' lang='grc' dir='ltr'>ἀποστόοσ</span> 
     </span>
    </p>
   </div>
   <div class='ocr_carea' id='block_1_19' title="bbox 243 1760 1820 1852">
    <p class='ocr_par' dir='ltr' id='par_1_19' title="bbox 243 1760 1820 1852">
     <span class='ocr_line' id='line_1_19' title="bbox 243 1760 1820 1852; baseline 0.015 -39"><span class='ocrx_word' id='word_1_118' title='bbox 243 1760 359 1826; x_wconf 87' lang='grc' dir='ltr'>λοις</span> <span class='ocrx_word' id='word_1_119' title='bbox 390 1765 481 1817; x_wconf 77' lang='grc' dir='ltr'>καὶ</span> <span class='ocrx_word' id='word_1_120' title='bbox 506 1766 766 1835; x_wconf 61' lang='grc' dir='ltr'>μάρτυσι)</span> <span class='ocrx_word' id='word_1_121' title='bbox 787 1767 876 1822; x_wconf 79' lang='grc' dir='ltr'><strong>διὰ</strong></span> <span class='ocrx_word' id='word_1_122' title='bbox 897 1768 996 1838; x_wconf 85' lang='grc' dir='ltr'><strong>τῆς</strong></span> <span class='ocrx_word' id='word_1_123' title='bbox 1023 1773 1344 1844; x_wconf 78' lang='grc' dir='ltr'>στενοπόρου</span> <span class='ocrx_word' id='word_1_124' title='bbox 1367 1776 1476 1830; x_wconf 84' lang='grc' dir='ltr'><strong>τῶν</strong></span> <span class='ocrx_word' id='word_1_125' title='bbox 1498 1783 1820 1852; x_wconf 72' lang='grc' dir='ltr'>πειρασμῶν</span> 
     </span>
    </p>
   </div>
   <div class='ocr_carea' id='block_1_20' title="bbox 1926 592 2965 665">
    <p class='ocr_par' dir='ltr' id='par_1_20' title="bbox 1926 592 2965 665">
     <span class='ocr_line' id='line_1_20' title="bbox 1926 592 2965 665; baseline 0.007 -23"><span class='ocrx_word' id='word_1_126' title='bbox 1926 597 2011 643; x_wconf 90' lang='lat' dir='ltr'><strong>est</strong></span> <span class='ocrx_word' id='word_1_127' title='bbox 2051 592 2247 647; x_wconf 82' lang='lat' dir='ltr'><strong>animae</strong></span> <span class='ocrx_word' id='word_1_128' title='bbox 2278 595 2445 649; x_wconf 71' lang='lat' dir='ltr'><strong>unita:</strong></span> <span class='ocrx_word' id='word_1_129' title='bbox 2489 595 2719 665; x_wconf 79' lang='lat' dir='ltr'><strong>Spiritui</strong></span> <span class='ocrx_word' id='word_1_130' title='bbox 2751 603 2965 651; x_wconf 87' lang='lat' dir='ltr'><strong>sancto.</strong></span> 
     </span>
    </p>
   </div>
   <div class='ocr_carea' id='block_1_21' title="bbox 1996 783 3493 861">
    <p class='ocr_par' dir='ltr' id='par_1_21' title="bbox 1996 783 3493 861">
     <span class='ocr_line' id='line_1_21' title="bbox 1996 783 3493 861; baseline 0.007 -22"><span class='ocrx_word' id='word_1_131' title='bbox 1996 783 2136 840; x_wconf 87' lang='lat' dir='ltr'><strong>Xlll.</strong></span> <span class='ocrx_word' id='word_1_132' title='bbox 2163 784 2267 852; x_wconf 86' lang='lat' dir='ltr'><strong>Qui</strong></span> <span class='ocrx_word' id='word_1_133' title='bbox 2316 786 2437 842; x_wconf 87' lang='lat' dir='ltr'><strong>vult</strong></span> <span class='ocrx_word' id='word_1_134' title='bbox 2468 788 2712 843; x_wconf 78' lang='lat' dir='ltr'><strong>imitator</strong></span> <span class='ocrx_word' id='word_1_135' title='bbox 2744 804 2863 843; x_wconf 88' lang='lat' dir='ltr'><strong>esse</strong></span> <span class='ocrx_word' id='word_1_136' title='bbox 2886 787 3115 858; x_wconf 84' lang='lat' dir='ltr'><strong>Christi,</strong></span> <span class='ocrx_word' id='word_1_137' title='bbox 3168 800 3223 846; x_wconf 88' lang='lat' dir='ltr'><strong>et</strong></span> <span class='ocrx_word' id='word_1_138' title='bbox 3269 807 3366 861; x_wconf 87' lang='lat' dir='ltr'><strong>per</strong></span> <span class='ocrx_word' id='word_1_139' title='bbox 3387 793 3493 849; x_wconf 84' lang='lat' dir='ltr'><strong>hoc</strong></span> 
     </span>
    </p>
   </div>
   <div class='ocr_carea' id='block_1_22' title="bbox 1923 868 3492 944">
    <p class='ocr_par' dir='ltr' id='par_1_22' title="bbox 1923 868 3492 944">
     <span class='ocr_line' id='line_1_22' title="bbox 1923 868 3492 944; baseline 0.005 -24"><span class='ocrx_word' id='word_1_140' title='bbox 1923 868 2209 936; x_wconf 85' lang='lat' dir='ltr'><strong>consequi,</strong></span> <span class='ocrx_word' id='word_1_141' title='bbox 2245 874 2307 921; x_wconf 92' lang='lat' dir='ltr'><strong>ut</strong></span> <span class='ocrx_word' id='word_1_142' title='bbox 2337 869 2643 938; x_wconf 82' lang='lat' dir='ltr'><strong>appelletur</strong></span> <span class='ocrx_word' id='word_1_143' title='bbox 2678 868 2823 923; x_wconf 82' lang='lat' dir='ltr'><strong>ﬁlius</strong></span> <span class='ocrx_word' id='word_1_144' title='bbox 2875 869 3011 935; x_wconf 92' lang='lat' dir='ltr'><strong>Dei;</strong></span> <span class='ocrx_word' id='word_1_145' title='bbox 3046 880 3236 940; x_wconf 85' lang='lat' dir='ltr'><strong>utpote</strong></span> <span class='ocrx_word' id='word_1_146' title='bbox 3273 874 3492 944; x_wconf 80' lang='lat' dir='ltr'><strong>genitus</strong></span> 
     </span>
    </p>
   </div>
   <div class='ocr_carea' id='block_1_23' title="bbox 1920 954 3493 1023">
    <p class='ocr_par' dir='ltr' id='par_1_23' title="bbox 1920 954 3493 1023">
     <span class='ocr_line' id='line_1_23' title="bbox 1920 954 3493 1023; baseline 0.006 -16"><span class='ocrx_word' id='word_1_147' title='bbox 1920 968 1989 1007; x_wconf 85' lang='lat' dir='ltr'><strong>ex</strong></span> <span class='ocrx_word' id='word_1_148' title='bbox 2037 954 2245 1023; x_wconf 85' lang='lat' dir='ltr'><strong>Spiritu</strong></span> <span class='ocrx_word' id='word_1_149' title='bbox 2287 973 2304 1015; x_wconf 88' lang='lat'><strong>:</strong></span> <span class='ocrx_word' id='word_1_150' title='bbox 2335 971 2463 1011; x_wconf 87' lang='lat' dir='ltr'><strong>eum</strong></span> <span class='ocrx_word' id='word_1_151' title='bbox 2485 965 2611 1011; x_wconf 87' lang='lat' dir='ltr'><strong>ante</strong></span> <span class='ocrx_word' id='word_1_152' title='bbox 2631 957 2814 1013; x_wconf 83' lang='lat' dir='ltr'><strong>omnia</strong></span> <span class='ocrx_word' id='word_1_153' title='bbox 2852 960 3111 1013; x_wconf 80' lang='lat' dir='ltr'><strong>convenit</strong></span> <span class='ocrx_word' id='word_1_154' title='bbox 3137 971 3493 1017; x_wconf 82' lang='lat' dir='ltr'><strong>occurrentes</strong></span> 
     </span>
    </p>
   </div>
   <div class='ocr_carea' id='block_1_24' title="bbox 1921 1044 3487 1127">
    <p class='ocr_par' dir='ltr' id='par_1_24' title="bbox 1921 1044 3487 1127">
     <span class='ocr_line' id='line_1_24' title="bbox 1921 1044 3487 1127; baseline 0.008 -29"><span class='ocrx_word' id='word_1_155' title='bbox 1921 1044 2267 1110; x_wconf 85' lang='lat' dir='ltr'><strong>amictiones,</strong></span> <span class='ocrx_word' id='word_1_156' title='bbox 2293 1048 2409 1103; x_wconf 84' lang='lat' dir='ltr'><strong>sive</strong></span> <span class='ocrx_word' id='word_1_157' title='bbox 2442 1048 2528 1104; x_wconf 74' lang='lat' dir='ltr'><strong>bze</strong></span> <span class='ocrx_word' id='word_1_158' title='bbox 2564 1051 2817 1120; x_wconf 86' lang='lat' dir='ltr'><strong>corporei</strong></span> <span class='ocrx_word' id='word_1_159' title='bbox 2841 1054 3019 1108; x_wconf 87' lang='lat' dir='ltr'><strong>morbi</strong></span> <span class='ocrx_word' id='word_1_160' title='bbox 3049 1055 3184 1119; x_wconf 88' lang='lat' dir='ltr'><strong>sint,</strong></span> <span class='ocrx_word' id='word_1_161' title='bbox 3205 1056 3320 1109; x_wconf 88' lang='lat' dir='ltr'><strong>sive</strong></span> <span class='ocrx_word' id='word_1_162' title='bbox 3345 1056 3487 1127; x_wconf 91' lang='lat' dir='ltr'><strong>inju—</strong></span> 
     </span>
    </p>
   </div>
   <div class='ocr_carea' id='block_1_25' title="bbox 1918 1133 3490 1209">
    <p class='ocr_par' dir='ltr' id='par_1_25' title="bbox 1918 1133 3490 1209">
     <span class='ocr_line' id='line_1_25' title="bbox 1918 1133 3490 1209; baseline 0.008 -24"><span class='ocrx_word' id='word_1_163' title='bbox 1918 1133 2013 1185; x_wconf 78' lang='lat' dir='ltr'><strong>ria:</strong></span> <span class='ocrx_word' id='word_1_164' title='bbox 2040 1134 2108 1186; x_wconf 90' lang='lat' dir='ltr'><strong>ab</strong></span> <span class='ocrx_word' id='word_1_165' title='bbox 2131 1134 2466 1201; x_wconf 88' lang='lat' dir='ltr'><strong>hominibus,</strong></span> <span class='ocrx_word' id='word_1_166' title='bbox 2528 1137 2644 1192; x_wconf 83' lang='lat' dir='ltr'><strong>sive</strong></span> <span class='ocrx_word' id='word_1_167' title='bbox 2705 1141 3023 1209; x_wconf 86' lang='lat' dir='ltr'><strong>opprobria.</strong></span> <span class='ocrx_word' id='word_1_168' title='bbox 3095 1157 3189 1197; x_wconf 89' lang='lat' dir='ltr'><strong>seu</strong></span> <span class='ocrx_word' id='word_1_169' title='bbox 3219 1145 3384 1198; x_wconf 90' lang='lat' dir='ltr'><strong>etiam</strong></span> <span class='ocrx_word' id='word_1_170' title='bbox 3425 1160 3490 1198; x_wconf 84' lang='lat' dir='ltr'><strong>ex</strong></span> 
     </span>
    </p>
   </div>
   <div class='ocr_carea' id='block_1_26' title="bbox 1919 1218 3493 1291">
    <p class='ocr_par' dir='ltr' id='par_1_26' title="bbox 1919 1218 3493 1291">
     <span class='ocr_line' id='line_1_26' title="bbox 1919 1218 3493 1291; baseline 0.008 -18"><span class='ocrx_word' id='word_1_171' title='bbox 1919 1218 2135 1275; x_wconf 88' lang='lat' dir='ltr'><strong>insidiis</strong></span> <span class='ocrx_word' id='word_1_172' title='bbox 2159 1222 2516 1277; x_wconf 88' lang='lat' dir='ltr'><strong>invisibilium</strong></span> <span class='ocrx_word' id='word_1_173' title='bbox 2537 1224 2811 1291; x_wconf 84' lang='lat' dir='ltr'><strong>hostium;</strong></span> <span class='ocrx_word' id='word_1_174' title='bbox 2830 1227 3074 1283; x_wconf 86' lang='lat' dir='ltr'><strong>animose</strong></span> <span class='ocrx_word' id='word_1_175' title='bbox 3088 1245 3151 1284; x_wconf 89' lang='lat' dir='ltr'><strong>ac</strong></span> <span class='ocrx_word' id='word_1_176' title='bbox 3172 1230 3389 1286; x_wconf 80' lang='lat' dir='ltr'><strong>fortiter</strong></span> <span class='ocrx_word' id='word_1_177' title='bbox 3407 1241 3493 1285; x_wconf 86' lang='lat' dir='ltr'><strong>to-</strong></span> 
     </span>
    </p>
   </div>
   <div class='ocr_carea' id='block_1_27' title="bbox 1919 1304 3491 1385">
    <p class='ocr_par' dir='ltr' id='par_1_27' title="bbox 1919 1304 3491 1385">
     <span class='ocr_line' id='line_1_27' title="bbox 1919 1304 3491 1385; baseline 0.008 -27"><span class='ocrx_word' id='word_1_178' title='bbox 1919 1304 2119 1362; x_wconf 89' lang='lat' dir='ltr'><strong>lerare.</strong></span> <span class='ocrx_word' id='word_1_179' title='bbox 2144 1308 2249 1362; x_wconf 85' lang='lat' dir='ltr'><strong>Per</strong></span> <span class='ocrx_word' id='word_1_180' title='bbox 2270 1309 2511 1363; x_wconf 82' lang='lat' dir='ltr'><strong>divinam</strong></span> <span class='ocrx_word' id='word_1_181' title='bbox 2532 1312 2932 1380; x_wconf 84' lang='lat' dir='ltr'><strong>providentiam</strong></span> <span class='ocrx_word' id='word_1_182' title='bbox 2952 1316 3230 1385; x_wconf 84' lang='lat' dir='ltr'><strong>sapienter</strong></span> <span class='ocrx_word' id='word_1_183' title='bbox 3242 1334 3304 1372; x_wconf 89' lang='lat' dir='ltr'><strong>ac</strong></span> <span class='ocrx_word' id='word_1_184' title='bbox 3323 1320 3491 1373; x_wconf 61' lang='lat' dir='ltr'><strong>bene.</strong></span> 
     </span>
    </p>
   </div>
   <div class='ocr_carea' id='block_1_28' title="bbox 1918 1400 3495 1477">
    <p class='ocr_par' dir='ltr' id='par_1_28' title="bbox 1918 1400 3495 1477">
     <span class='ocr_line' id='line_1_28' title="bbox 1918 1400 3495 1477; baseline 0.008 -24"><span class='ocrx_word' id='word_1_185' title='bbox 1918 1400 2041 1454; x_wconf 89' lang='lat' dir='ltr'><strong>vole</strong></span> <span class='ocrx_word' id='word_1_186' title='bbox 2063 1402 2225 1472; x_wconf 75' lang='lat'><strong>213</strong></span> <span class='ocrx_word' id='word_1_187' title='bbox 2257 1411 2453 1458; x_wconf 89' lang='lat' dir='ltr'><strong>cuncta</strong></span> <span class='ocrx_word' id='word_1_188' title='bbox 2484 1404 3298 1477; x_wconf 85' lang='lat' dir='ltr'><strong>disponentem,permittuntur</strong></span> <span class='ocrx_word' id='word_1_189' title='bbox 3330 1413 3495 1467; x_wconf 83' lang='lat' dir='ltr'><strong>adve-</strong></span> 
     </span>
    </p>
   </div>
   <div class='ocr_carea' id='block_1_29' title="bbox 1920 1483 3492 1567">
    <p class='ocr_par' dir='ltr' id='par_1_29' title="bbox 1920 1483 3492 1567">
     <span class='ocr_line' id='line_1_29' title="bbox 1920 1483 3492 1567; baseline 0.008 -30"><span class='ocrx_word' id='word_1_190' title='bbox 1920 1483 2041 1541; x_wconf 86' lang='lat' dir='ltr'><strong>nire</strong></span> <span class='ocrx_word' id='word_1_191' title='bbox 2077 1488 2363 1544; x_wconf 78' lang='lat' dir='ltr'><strong>animabus</strong></span> <span class='ocrx_word' id='word_1_192' title='bbox 2394 1490 2662 1560; x_wconf 85' lang='lat' dir='ltr'><strong>ejusmodi</strong></span> <span class='ocrx_word' id='word_1_193' title='bbox 2690 1492 3043 1567; x_wconf 60' lang='lat' dir='ltr'><strong>probationes</strong></span> <span class='ocrx_word' id='word_1_194' title='bbox 3100 1497 3492 1552; x_wconf 88' lang='lat' dir='ltr'><strong>adversitatum</strong></span> 
     </span>
    </p>
   </div>
   <div class='ocr_carea' id='block_1_30' title="bbox 1919 1577 3492 1651">
    <p class='ocr_par' dir='ltr' id='par_1_30' title="bbox 1919 1577 3492 1651">
     <span class='ocr_line' id='line_1_30' title="bbox 1919 1577 3492 1651; baseline 0.008 -22"><span class='ocrx_word' id='word_1_195' title='bbox 1919 1577 2217 1643; x_wconf 88' lang='lat' dir='ltr'><strong>variarum,</strong></span> <span class='ocrx_word' id='word_1_196' title='bbox 2242 1588 2303 1634; x_wconf 89' lang='lat' dir='ltr'><strong>ut</strong></span> <span class='ocrx_word' id='word_1_197' title='bbox 2334 1580 2754 1635; x_wconf 82' lang='lat' dir='ltr'><strong>Inanil&#39;estentur</strong></span> <span class='ocrx_word' id='word_1_198' title='bbox 2805 1598 2927 1651; x_wconf 65' lang='lat' dir='ltr'><strong>quae</strong></span> <span class='ocrx_word' id='word_1_199' title='bbox 2958 1584 3101 1638; x_wconf 90' lang='lat' dir='ltr'><strong>inter</strong></span> <span class='ocrx_word' id='word_1_200' title='bbox 3148 1602 3240 1641; x_wconf 81' lang='lat' dir='ltr'><strong>eas</strong></span> <span class='ocrx_word' id='word_1_201' title='bbox 3276 1588 3492 1642; x_wconf 86' lang='lat' dir='ltr'><strong>sincere</strong></span> 
     </span>
    </p>
   </div>
   <div class='ocr_carea' id='block_1_31' title="bbox 1917 1667 3491 1742">
    <p class='ocr_par' dir='ltr' id='par_1_31' title="bbox 1917 1667 3491 1742">
     <span class='ocr_line' id='line_1_31' title="bbox 1917 1667 3491 1742; baseline 0.004 -18"><span class='ocrx_word' id='word_1_202' title='bbox 1917 1667 2213 1724; x_wconf 88' lang='lat' dir='ltr'><strong>Dominum</strong></span> <span class='ocrx_word' id='word_1_203' title='bbox 2240 1668 2494 1741; x_wconf 77' lang='lat' dir='ltr'><strong>diligunt.</strong></span> <span class='ocrx_word' id='word_1_204' title='bbox 2542 1671 2765 1742; x_wconf 77' lang='lat' dir='ltr'><strong>Signum</strong></span> <span class='ocrx_word' id='word_1_205' title='bbox 2828 1674 2883 1729; x_wconf 90' lang='lat' dir='ltr'><strong>id</strong></span> <span class='ocrx_word' id='word_1_206' title='bbox 2931 1675 3039 1731; x_wconf 85' lang='lat' dir='ltr'><strong>fuit</strong></span> <span class='ocrx_word' id='word_1_207' title='bbox 3078 1677 3147 1731; x_wconf 88' lang='lat' dir='ltr'><strong>ab</strong></span> <span class='ocrx_word' id='word_1_208' title='bbox 3184 1676 3331 1731; x_wconf 82' lang='lat' dir='ltr'><strong>omni</strong></span> <span class='ocrx_word' id='word_1_209' title='bbox 3375 1692 3491 1731; x_wconf 66' lang='lat' dir='ltr'><strong>aevo</strong></span> 
     </span>
    </p>
   </div>
   <div class='ocr_carea' id='block_1_32' title="bbox 1922 1760 3488 1839">
    <p class='ocr_par' dir='ltr' id='par_1_32' title="bbox 1922 1760 3488 1839">
     <span class='ocr_line' id='line_1_32' title="bbox 1922 1760 3488 1839; baseline 0.006 -26"><span class='ocrx_word' id='word_1_210' title='bbox 1922 1760 2126 1815; x_wconf 87' lang='lat' dir='ltr'><strong>sanctis</strong></span> <span class='ocrx_word' id='word_1_211' title='bbox 2152 1760 2501 1830; x_wconf 88' lang='lat' dir='ltr'><strong>patriarcbis,</strong></span> <span class='ocrx_word' id='word_1_212' title='bbox 2531 1765 2836 1834; x_wconf 79' lang='lat' dir='ltr'><strong>praplietis,</strong></span> <span class='ocrx_word' id='word_1_213' title='bbox 2864 1768 3126 1837; x_wconf 79' lang='lat' dir='ltr'><strong>apostolis</strong></span> <span class='ocrx_word' id='word_1_214' title='bbox 3161 1780 3217 1825; x_wconf 88' lang='lat' dir='ltr'><strong>et</strong></span> <span class='ocrx_word' id='word_1_215' title='bbox 3236 1769 3488 1839; x_wconf 81' lang='lat' dir='ltr'><strong>martyri-</strong></span> 
     </span>
    </p>
   </div>
   <div class='ocr_carea' id='block_1_33' title="bbox 242 1831 1818 1935">
    <p class='ocr_par' dir='ltr' id='par_1_33' title="bbox 242 1831 1818 1935">
     <span class='ocr_line' id='line_1_33' title="bbox 242 1831 1818 1935; baseline 0.014 -31"><span class='ocrx_word' id='word_1_216' title='bbox 242 1856 337 1905; x_wconf 75' lang='grc' dir='ltr'>καὶ</span> <span class='ocrx_word' id='word_1_217' title='bbox 387 1831 769 1925; x_wconf 47' lang='grc' dir='ltr'>τῶφθκεψεων</span> <span class='ocrx_word' id='word_1_218' title='bbox 814 1831 1041 1913; x_wconf 68' lang='grc' dir='ltr'>διελθεῖν</span> <span class='ocrx_word' id='word_1_219' title='bbox 1084 1831 1330 1932; x_wconf 72' lang='grc' dir='ltr'>ὐπῆρέε,</span> <span class='ocrx_word' id='word_1_220' title='bbox 1390 1869 1484 1921; x_wconf 77' lang='grc' dir='ltr'>καὶ</span> <span class='ocrx_word' id='word_1_221' title='bbox 1521 1831 1818 1935; x_wconf 42' lang='lat' dir='ltr'><strong>tua&quot;;</strong></span> 
     </span>
    </p>
   </div>
   <div class='ocr_carea' id='block_1_34' title="bbox 1913 1831 3491 1935">
    <p class='ocr_par' dir='ltr' id='par_1_34' title="bbox 1923 1850 3491 1923">
     <span class='ocr_line' id='line_1_34' title="bbox 1923 1850 3491 1923; baseline 0.008 -19"><span class='ocrx_word' id='word_1_222' title='bbox 1923 1850 2048 1912; x_wconf 82' lang='lat' dir='ltr'><strong>bus.</strong></span> <span class='ocrx_word' id='word_1_223' title='bbox 2091 1860 2151 1905; x_wconf 94' lang='lat' dir='ltr'><strong>ut</strong></span> <span class='ocrx_word' id='word_1_224' title='bbox 2191 1868 2289 1923; x_wconf 90' lang='lat' dir='ltr'><strong>per</strong></span> <span class='ocrx_word' id='word_1_225' title='bbox 2321 1864 2605 1920; x_wconf 68' lang='lat' dir='ltr'><strong>angustam</strong></span> <span class='ocrx_word' id='word_1_226' title='bbox 2632 1858 2775 1912; x_wconf 87' lang='lat' dir='ltr'><strong>banc</strong></span> <span class='ocrx_word' id='word_1_227' title='bbox 2803 1860 2949 1913; x_wconf 87' lang='lat' dir='ltr'><strong>viam</strong></span> <span class='ocrx_word' id='word_1_228' title='bbox 3021 1862 3381 1915; x_wconf 87' lang='lat' dir='ltr'><strong>tentalionum</strong></span> <span class='ocrx_word' id='word_1_229' title='bbox 3435 1869 3491 1915; x_wconf 89' lang='lat' dir='ltr'><strong>et</strong></span> 
     </span>
    </p>
   </div>
   <div class='ocr_carea' id='block_1_35' title="bbox 240 1948 1826 2030">
    <p class='ocr_par' dir='ltr' id='par_1_35' title="bbox 240 1948 1826 2030">
     <span class='ocr_line' id='line_1_35' title="bbox 240 1948 1826 2030; baseline 0.014 -35"><span class='ocrx_word' id='word_1_230' title='bbox 240 1948 540 2016; x_wconf 78' lang='grc' dir='ltr'>αρεστῆσαι</span> <span class='ocrx_word' id='word_1_231' title='bbox 590 1949 740 2019; x_wconf 81' lang='grc' dir='ltr'>Θεῷ·</span> <span class='ocrx_word' id='word_1_232' title='bbox 776 1951 991 2005; x_wconf 78' lang='grc' dir='ltr'><em>Τέκνον</em></span> <span class='ocrx_word' id='word_1_233' title='bbox 1018 1951 1145 2022; x_wconf 80' lang='grc' dir='ltr'>γὰρ,</span> <span class='ocrx_word' id='word_1_234' title='bbox 1196 1956 1357 2026; x_wconf 73' lang='grc' dir='ltr'>φησὶν</span> <span class='ocrx_word' id='word_1_235' title='bbox 1387 1959 1420 2028; x_wconf 81' lang='grc' dir='ltr'><strong>ἠ</strong></span> <span class='ocrx_word' id='word_1_236' title='bbox 1447 1960 1673 2030; x_wconf 78' lang='grc' dir='ltr'>Γραφὴ,</span> <span class='ocrx_word' id='word_1_237' title='bbox 1715 1964 1826 2017; x_wconf 72' lang='grc' dir='ltr'>ἐὰν</span> 
     </span>
    </p>
   </div>
   <div class='ocr_carea' id='block_1_36' title="bbox 237 2036 1821 2119">
    <p class='ocr_par' dir='ltr' id='par_1_36' title="bbox 237 2036 1821 2119">
     <span class='ocr_line' id='line_1_36' title="bbox 237 2036 1821 2119; baseline 0.013 -33"><span class='ocrx_word' id='word_1_238' title='bbox 237 2036 549 2106; x_wconf 72' lang='grc' dir='ltr'>προσέρχῃ</span> <span class='ocrx_word' id='word_1_239' title='bbox 579 2039 892 2097; x_wconf 72' lang='grc' dir='ltr'>δουλεύειν</span> <span class='ocrx_word' id='word_1_240' title='bbox 920 2041 1042 2107; x_wconf 83' lang='grc' dir='ltr'>Θεῷ</span> <span class='ocrx_word' id='word_1_241' title='bbox 1060 2084 1075 2107; x_wconf 96' lang='grc'><strong>,</strong></span> <span class='ocrx_word' id='word_1_242' title='bbox 1110 2043 1431 2114; x_wconf 63' lang='lat' dir='ltr'><strong>ero/pauor</strong></span> <span class='ocrx_word' id='word_1_243' title='bbox 1462 2048 1578 2118; x_wconf 81' lang='grc' dir='ltr'>τὴν</span> <span class='ocrx_word' id='word_1_244' title='bbox 1606 2051 1821 2119; x_wconf 73' lang='grc' dir='ltr'>ψυχήν</span> 
     </span>
    </p>
   </div>
   <div class='ocr_carea' id='block_1_37' title="bbox 236 2130 1819 2206">
    <p class='ocr_par' dir='ltr' id='par_1_37' title="bbox 236 2130 1819 2206">
     <span class='ocr_line' id='line_1_37' title="bbox 236 2130 1819 2206; baseline 0.011 -26"><span class='ocrx_word' id='word_1_245' title='bbox 236 2142 363 2182; x_wconf 84' lang='grc' dir='ltr'><strong>σου</strong></span> <span class='ocrx_word' id='word_1_246' title='bbox 391 2130 476 2194; x_wconf 82' lang='grc' dir='ltr'>εις</span> <span class='ocrx_word' id='word_1_247' title='bbox 503 2130 851 2200; x_wconf 81' lang='grc' dir='ltr'>πειρασμὸν,</span> <span class='ocrx_word' id='word_1_248' title='bbox 874 2133 1131 2188; x_wconf 76' lang='grc' dir='ltr'><strong>εὔθυνον</strong></span> <span class='ocrx_word' id='word_1_249' title='bbox 1166 2136 1279 2203; x_wconf 81' lang='grc' dir='ltr'>τὴν</span> <span class='ocrx_word' id='word_1_250' title='bbox 1304 2138 1553 2206; x_wconf 79' lang='grc' dir='ltr'><strong>καρδίαν</strong></span> <span class='ocrx_word' id='word_1_251' title='bbox 1577 2155 1694 2196; x_wconf 90' lang='grc' dir='ltr'><strong>σου</strong></span> <span class='ocrx_word' id='word_1_252' title='bbox 1720 2144 1819 2198; x_wconf 75' lang='grc' dir='ltr'><strong>καί</strong></span> 
     </span>
    </p>
   </div>
   <div class='ocr_carea' id='block_1_38' title="bbox 236 2218 1822 2300">
    <p class='ocr_par' dir='ltr' id='par_1_38' title="bbox 236 2218 1822 2300">
     <span class='ocr_line' id='line_1_38' title="bbox 236 2218 1822 2300; baseline 0.011 -30"><span class='ocrx_word' id='word_1_253' title='bbox 236 2218 612 2287; x_wconf 83' lang='grc' dir='ltr'>καρτέρησον</span> <span class='ocrx_word' id='word_1_254' title='bbox 629 2237 643 2250; x_wconf 87' lang='grc'><strong>·</strong></span> <span class='ocrx_word' id='word_1_255' title='bbox 685 2224 777 2275; x_wconf 83' lang='grc' dir='ltr'>καὶ</span> <span class='ocrx_word' id='word_1_256' title='bbox 803 2223 1035 2293; x_wconf 76' lang='grc' dir='ltr'><strong>ἀλλαχοῦ</strong></span> <span class='ocrx_word' id='word_1_257' title='bbox 1064 2225 1122 2278; x_wconf 74' lang='grc' dir='ltr'><strong>δέ.</strong></span> <span class='ocrx_word' id='word_1_258' title='bbox 1147 2242 1160 2255; x_wconf 73' lang='grc'><strong><em>⁸</em></strong></span> <span class='ocrx_word' id='word_1_259' title='bbox 1198 2228 1273 2281; x_wconf 87' lang='grc' dir='ltr'><strong>Τὰ</strong></span> <span class='ocrx_word' id='word_1_260' title='bbox 1303 2228 1697 2300; x_wconf 69' lang='grc' dir='ltr'>ἐπιφερόμενά</span> <span class='ocrx_word' id='word_1_261' title='bbox 1722 2250 1822 2288; x_wconf 86' lang='grc' dir='ltr'><strong>σοι</strong></span> 
     </span>
    </p>
   </div>
   <div class='ocr_carea' id='block_1_39' title="bbox 235 2309 1820 2389">
    <p class='ocr_par' dir='ltr' id='par_1_39' title="bbox 235 2309 1820 2389">
     <span class='ocr_line' id='line_1_39' title="bbox 235 2309 1820 2389; baseline 0.01 -26"><span class='ocrx_word' id='word_1_262' title='bbox 235 2309 322 2375; x_wconf 83' lang='grc' dir='ltr'>ὡς</span> <span class='ocrx_word' id='word_1_263' title='bbox 348 2311 540 2379; x_wconf 78' lang='grc' dir='ltr'>ἀγαθὰ</span> <span class='ocrx_word' id='word_1_264' title='bbox 568 2313 924 2381; x_wconf 76' lang='grc' dir='ltr'>πρόσδεξαι,</span> <span class='ocrx_word' id='word_1_265' title='bbox 973 2317 1143 2383; x_wconf 76' lang='grc' dir='ltr'>εἰδὼς</span> <span class='ocrx_word' id='word_1_266' title='bbox 1177 2317 1266 2371; x_wconf 87' lang='grc' dir='ltr'>ὅτι</span> <span class='ocrx_word' id='word_1_267' title='bbox 1294 2318 1431 2389; x_wconf 77' lang='grc' dir='ltr'>ἄτερ</span> <span class='ocrx_word' id='word_1_268' title='bbox 1460 2323 1608 2376; x_wconf 84' lang='grc' dir='ltr'>Θεοῦ</span> <span class='ocrx_word' id='word_1_269' title='bbox 1639 2324 1820 2379; x_wconf 82' lang='grc' dir='ltr'>οὐδὲν</span> 
     </span>
    </p>
   </div>
   <div class='ocr_carea' id='block_1_40' title="bbox 235 2403 1818 2488">
    <p class='ocr_par' dir='ltr' id='par_1_40' title="bbox 235 2403 1818 2488">
     <span class='ocr_line' id='line_1_40' title="bbox 235 2403 1818 2488; baseline 0.01 -34"><span class='ocrx_word' id='word_1_270' title='bbox 235 2403 486 2480; x_wconf 74' lang='grc' dir='ltr'>γίνεται.</span> <span class='ocrx_word' id='word_1_271' title='bbox 537 2405 648 2473; x_wconf 51' lang='grc' dir='ltr'>Ἰκῆς</span> <span class='ocrx_word' id='word_1_272' title='bbox 684 2406 963 2477; x_wconf 82' lang='grc' dir='ltr'>ὑπομονῆς</span> <span class='ocrx_word' id='word_1_273' title='bbox 990 2409 1169 2461; x_wconf 89' lang='grc' dir='ltr'>τοίνυν</span> <span class='ocrx_word' id='word_1_274' title='bbox 1204 2410 1300 2466; x_wconf 77' lang='grc' dir='ltr'><strong>καὶ</strong></span> <span class='ocrx_word' id='word_1_275' title='bbox 1331 2414 1429 2483; x_wconf 83' lang='grc' dir='ltr'>τῆς</span> <span class='ocrx_word' id='word_1_276' title='bbox 1460 2414 1677 2479; x_wconf 77' lang='grc' dir='ltr'>ἐλπίδος</span> <span class='ocrx_word' id='word_1_277' title='bbox 1712 2418 1818 2488; x_wconf 84' lang='grc' dir='ltr'>πρὸ</span> 
     </span>
    </p>
   </div>
   <div class='ocr_carea' id='block_1_41' title="bbox 236 2490 1817 2581">
    <p class='ocr_par' dir='ltr' id='par_1_41' title="bbox 236 2490 1817 2581">
     <span class='ocr_line' id='line_1_41' title="bbox 236 2490 1817 2581; baseline 0.011 -39"><span class='ocrx_word' id='word_1_278' title='bbox 236 2490 445 2554; x_wconf 77' lang='grc' dir='ltr'>παντὸς</span> <span class='ocrx_word' id='word_1_279' title='bbox 492 2492 649 2545; x_wconf 79' lang='grc' dir='ltr'>ἄλλου</span> <span class='ocrx_word' id='word_1_280' title='bbox 682 2494 827 2565; x_wconf 76' lang='grc' dir='ltr'>ψυχῇ</span> <span class='ocrx_word' id='word_1_281' title='bbox 871 2499 937 2567; x_wconf 76' lang='grc' dir='ltr'>τῇ</span> <span class='ocrx_word' id='word_1_282' title='bbox 975 2499 1333 2569; x_wconf 78' lang='grc' dir='ltr'>εὐαρεστῆσαι</span> <span class='ocrx_word' id='word_1_283' title='bbox 1362 2502 1481 2573; x_wconf 84' lang='grc' dir='ltr'>Θεῷ</span> <span class='ocrx_word' id='word_1_284' title='bbox 1517 2503 1817 2581; x_wconf 80' lang='grc' dir='ltr'>βουλομένῃ</span> 
     </span>
    </p>
   </div>
   <div class='ocr_carea' id='block_1_42' title="bbox 234 2582 1812 2669">
    <p class='ocr_par' dir='ltr' id='par_1_42' title="bbox 234 2582 1812 2669">
     <span class='ocr_line' id='line_1_42' title="bbox 234 2582 1812 2669; baseline 0.01 -36"><span class='ocrx_word' id='word_1_285' title='bbox 234 2582 594 2653; x_wconf 72' lang='grc' dir='ltr'>ἀντιληπτέον</span> <span class='ocrx_word' id='word_1_286' title='bbox 613 2599 629 2615; x_wconf 94' lang='grc'><strong>·</strong></span> <span class='ocrx_word' id='word_1_287' title='bbox 666 2586 763 2655; x_wconf 85' lang='grc' dir='ltr'><strong>μία</strong></span> <span class='ocrx_word' id='word_1_288' title='bbox 795 2587 903 2658; x_wconf 83' lang='grc' dir='ltr'>γὰρ</span> <span class='ocrx_word' id='word_1_289' title='bbox 956 2591 1050 2642; x_wconf 70' lang='grc' dir='ltr'>καὶ</span> <span class='ocrx_word' id='word_1_290' title='bbox 1079 2590 1215 2661; x_wconf 82' lang='grc' dir='ltr'><strong>αὐτή</strong></span> <span class='ocrx_word' id='word_1_291' title='bbox 1245 2592 1343 2662; x_wconf 85' lang='grc' dir='ltr'>τῆς</span> <span class='ocrx_word' id='word_1_292' title='bbox 1401 2594 1603 2659; x_wconf 77' lang='grc' dir='ltr'>κακίας</span> <span class='ocrx_word' id='word_1_293' title='bbox 1628 2596 1812 2669; x_wconf 80' lang='grc' dir='ltr'>τέχνη,</span> 
     </span>
    </p>
   </div>
   <div class='ocr_carea' id='block_1_43' title="bbox 235 2672 1815 2758">
    <p class='ocr_par' dir='ltr' id='par_1_43' title="bbox 235 2672 1815 2758">
     <span class='ocr_line' id='line_1_43' title="bbox 235 2672 1815 2758; baseline 0.012 -36"><span class='ocrx_word' id='word_1_294' title='bbox 235 2672 472 2740; x_wconf 75' lang='grc' dir='ltr'>ἀκηδίαν</span> <span class='ocrx_word' id='word_1_295' title='bbox 516 2675 647 2743; x_wconf 74' lang='grc' dir='ltr'>ἡμῖν</span> <span class='ocrx_word' id='word_1_296' title='bbox 678 2676 968 2745; x_wconf 78' lang='grc' dir='ltr'>ἐμϐάλλειν</span> <span class='ocrx_word' id='word_1_297' title='bbox 1003 2680 1060 2731; x_wconf 84' lang='grc' dir='ltr'>ὲν</span> <span class='ocrx_word' id='word_1_298' title='bbox 1090 2679 1267 2751; x_wconf 82' lang='grc' dir='ltr'>καιρῷ</span> <span class='ocrx_word' id='word_1_299' title='bbox 1297 2681 1561 2751; x_wconf 72' lang='grc' dir='ltr'>θλίψεως,</span> <span class='ocrx_word' id='word_1_300' title='bbox 1598 2685 1686 2740; x_wconf 82' lang='grc' dir='ltr'>τνα</span> <span class='ocrx_word' id='word_1_301' title='bbox 1714 2687 1815 2758; x_wconf 82' lang='grc' dir='ltr'>τῆς</span> 
     </span>
    </p>
   </div>
   <div class='ocr_carea' id='block_1_44' title="bbox 236 2762 1814 2841">
    <p class='ocr_par' dir='ltr' id='par_1_44' title="bbox 236 2762 1814 2841">
     <span class='ocr_line' id='line_1_44' title="bbox 236 2762 1814 2841; baseline 0.011 -27"><span class='ocrx_word' id='word_1_302' title='bbox 236 2762 379 2832; x_wconf 84' lang='grc' dir='ltr'>πρὸς</span> <span class='ocrx_word' id='word_1_303' title='bbox 407 2762 497 2815; x_wconf 84' lang='grc' dir='ltr'>τὸν</span> <span class='ocrx_word' id='word_1_304' title='bbox 517 2763 720 2834; x_wconf 85' lang='grc' dir='ltr'>Κύριον</span> <span class='ocrx_word' id='word_1_305' title='bbox 746 2768 1030 2840; x_wconf 77' lang='grc' dir='ltr'>ἀποστήσῃ</span> <span class='ocrx_word' id='word_1_306' title='bbox 1056 2769 1289 2835; x_wconf 84' lang='grc' dir='ltr'>ἐλπίδος.</span> <span class='ocrx_word' id='word_1_307' title='bbox 1316 2773 1580 2828; x_wconf 76' lang='grc' dir='ltr'>Οὐδέποτε</span> <span class='ocrx_word' id='word_1_308' title='bbox 1604 2776 1659 2829; x_wconf 80' lang='grc' dir='ltr'>δὲ</span> <span class='ocrx_word' id='word_1_309' title='bbox 1681 2766 1814 2841; x_wconf 80' lang='grc' dir='ltr'>Θεὸς</span> 
     </span>
    </p>
   </div>
   <div class='ocr_carea' id='block_1_45' title="bbox 1924 1944 3488 2023">
    <p class='ocr_par' dir='ltr' id='par_1_45' title="bbox 1924 1944 3488 2023">
     <span class='ocr_line' id='line_1_45' title="bbox 1924 1944 3488 2023; baseline 0.007 -25"><span class='ocrx_word' id='word_1_310' title='bbox 1924 1944 2279 2000; x_wconf 73' lang='lat' dir='ltr'><strong>ainictionum</strong></span> <span class='ocrx_word' id='word_1_311' title='bbox 2314 1950 2629 2014; x_wconf 87' lang='lat' dir='ltr'><strong>transirent,</strong></span> <span class='ocrx_word' id='word_1_312' title='bbox 2654 1960 2710 2006; x_wconf 90' lang='lat' dir='ltr'><strong>et</strong></span> <span class='ocrx_word' id='word_1_313' title='bbox 2748 1953 2828 2006; x_wconf 88' lang='lat' dir='ltr'><strong>sic</strong></span> <span class='ocrx_word' id='word_1_314' title='bbox 2865 1954 2978 2008; x_wconf 86' lang='lat' dir='ltr'><strong>Deo</strong></span> <span class='ocrx_word' id='word_1_315' title='bbox 3020 1956 3320 2023; x_wconf 83' lang='lat' dir='ltr'><strong>placerent.</strong></span> <span class='ocrx_word' id='word_1_316' title='bbox 3366 1954 3488 2022; x_wconf 80' lang='lat' dir='ltr'><strong>Fili,</strong></span> 
     </span>
    </p>
   </div>
   <div class='ocr_carea' id='block_1_46' title="bbox 1924 2036 3490 2115">
    <p class='ocr_par' dir='ltr' id='par_1_46' title="bbox 1924 2036 3490 2115">
     <span class='ocr_line' id='line_1_46' title="bbox 1924 2036 3490 2115; baseline 0.007 -25"><span class='ocrx_word' id='word_1_317' title='bbox 1924 2036 2001 2090; x_wconf 89' lang='lat' dir='ltr'><strong>ait</strong></span> <span class='ocrx_word' id='word_1_318' title='bbox 2024 2036 2327 2106; x_wconf 85' lang='lat' dir='ltr'><strong>Scriptura,</strong></span> <span class='ocrx_word' id='word_1_319' title='bbox 2356 2040 2604 2095; x_wconf 76' lang='lat' dir='ltr'><strong>accedam</strong></span> <span class='ocrx_word' id='word_1_320' title='bbox 2630 2042 2699 2094; x_wconf 88' lang='lat' dir='ltr'><strong>ad</strong></span> <span class='ocrx_word' id='word_1_321' title='bbox 2724 2045 3026 2099; x_wconf 77' lang='lat' dir='ltr'><strong>servitutem</strong></span> <span class='ocrx_word' id='word_1_322' title='bbox 3078 2045 3195 2109; x_wconf 88' lang='lat' dir='ltr'><strong>Dei,</strong></span> <span class='ocrx_word' id='word_1_323' title='bbox 3244 2063 3490 2115; x_wconf 77' lang='lat' dir='ltr'><strong>prtepara</strong></span> 
     </span>
    </p>
   </div>
   <div class='ocr_carea' id='block_1_47' title="bbox 1921 2130 3490 2207">
    <p class='ocr_par' dir='ltr' id='par_1_47' title="bbox 1921 2130 3490 2207">
     <span class='ocr_line' id='line_1_47' title="bbox 1921 2130 3490 2207; baseline 0.005 -25"><span class='ocrx_word' id='word_1_324' title='bbox 1921 2130 2159 2183; x_wconf 82' lang='lat' dir='ltr'><strong>animam</strong></span> <span class='ocrx_word' id='word_1_325' title='bbox 2190 2139 2355 2184; x_wconf 86' lang='lat' dir='ltr'><strong>tuam</strong></span> <span class='ocrx_word' id='word_1_326' title='bbox 2403 2135 2472 2185; x_wconf 79' lang='lat' dir='ltr'><strong>ad</strong></span> <span class='ocrx_word' id='word_1_327' title='bbox 2539 2135 2905 2197; x_wconf 79' lang='lat' dir='ltr'><strong>tentationem,</strong></span> <span class='ocrx_word' id='word_1_328' title='bbox 2939 2136 3169 2207; x_wconf 82' lang='lat' dir='ltr'><strong>deprime</strong></span> <span class='ocrx_word' id='word_1_329' title='bbox 3218 2154 3308 2190; x_wconf 86' lang='lat' dir='ltr'><strong>cor</strong></span> <span class='ocrx_word' id='word_1_330' title='bbox 3342 2146 3490 2191; x_wconf 85' lang='lat' dir='ltr'><strong>tuum</strong></span> 
     </span>
    </p>
   </div>
   <div class='ocr_carea' id='block_1_48' title="bbox 1920 2221 3487 2295">
    <p class='ocr_par' dir='ltr' id='par_1_48' title="bbox 1920 2221 3487 2295">
     <span class='ocr_line' id='line_1_48' title="bbox 1920 2221 3487 2295; baseline 0.004 -20"><span class='ocrx_word' id='word_1_331' title='bbox 1920 2231 1972 2275; x_wconf 88' lang='lat' dir='ltr'><strong>et</strong></span> <span class='ocrx_word' id='word_1_332' title='bbox 2000 2221 2219 2275; x_wconf 81' lang='lat' dir='ltr'><strong>sustine.</strong></span> <span class='ocrx_word' id='word_1_333' title='bbox 2276 2222 2341 2276; x_wconf 82' lang='lat' dir='ltr'><strong>Et</strong></span> <span class='ocrx_word' id='word_1_334' title='bbox 2387 2222 2519 2277; x_wconf 85' lang='lat' dir='ltr'><strong>alibi</strong></span> <span class='ocrx_word' id='word_1_335' title='bbox 2570 2241 2584 2277; x_wconf 93' lang='lat'><strong>:</strong></span> <span class='ocrx_word' id='word_1_336' title='bbox 2624 2223 2767 2289; x_wconf 77' lang='lat' dir='ltr'><strong>Qua:</strong></span> <span class='ocrx_word' id='word_1_337' title='bbox 2822 2226 3122 2295; x_wconf 73' lang='lat' dir='ltr'><strong>inferuntur</strong></span> <span class='ocrx_word' id='word_1_338' title='bbox 3169 2228 3260 2280; x_wconf 83' lang='lat' dir='ltr'><strong>tibi</strong></span> <span class='ocrx_word' id='word_1_339' title='bbox 3311 2229 3487 2281; x_wconf 85' lang='lat' dir='ltr'><strong>omnia</strong></span> 
     </span>
    </p>
   </div>
   <div class='ocr_carea' id='block_1_49' title="bbox 1919 2312 3485 2386">
    <p class='ocr_par' dir='ltr' id='par_1_49' title="bbox 1919 2312 3485 2386">
     <span class='ocr_line' id='line_1_49' title="bbox 1919 2312 3485 2386; baseline 0.007 -21"><span class='ocrx_word' id='word_1_340' title='bbox 1919 2321 1975 2365; x_wconf 84' lang='lat' dir='ltr'><strong>ut</strong></span> <span class='ocrx_word' id='word_1_341' title='bbox 2002 2312 2138 2366; x_wconf 83' lang='lat' dir='ltr'><strong>bona</strong></span> <span class='ocrx_word' id='word_1_342' title='bbox 2167 2314 2343 2383; x_wconf 70' lang='lat' dir='ltr'><strong>excipe</strong></span> <span class='ocrx_word' id='word_1_343' title='bbox 2372 2331 2391 2379; x_wconf 88' lang='lat'><em>;</em></span> <span class='ocrx_word' id='word_1_344' title='bbox 2419 2317 2586 2369; x_wconf 84' lang='lat' dir='ltr'><strong>sciens</strong></span> <span class='ocrx_word' id='word_1_345' title='bbox 2616 2318 2869 2385; x_wconf 77' lang='lat' dir='ltr'><strong>quoniam</strong></span> <span class='ocrx_word' id='word_1_346' title='bbox 2911 2319 3024 2371; x_wconf 84' lang='lat' dir='ltr'><strong>sine</strong></span> <span class='ocrx_word' id='word_1_347' title='bbox 3054 2318 3160 2372; x_wconf 88' lang='lat' dir='ltr'><strong>Deo</strong></span> <span class='ocrx_word' id='word_1_348' title='bbox 3189 2318 3320 2372; x_wconf 82' lang='lat' dir='ltr'><strong>nihil</strong></span> <span class='ocrx_word' id='word_1_349' title='bbox 3338 2319 3485 2386; x_wconf 78' lang='lat' dir='ltr'><strong>ﬁt&quot;.</strong></span> 
     </span>
    </p>
   </div>
   <div class='ocr_carea' id='block_1_50' title="bbox 1918 2405 3490 2481">
    <p class='ocr_par' dir='ltr' id='par_1_50' title="bbox 1918 2405 3490 2481">
     <span class='ocr_line' id='line_1_50' title="bbox 1918 2405 3490 2481; baseline 0.005 -22"><span class='ocrx_word' id='word_1_350' title='bbox 1918 2405 2202 2461; x_wconf 59' lang='lat' dir='ltr'><strong>Patientia;</strong></span> <span class='ocrx_word' id='word_1_351' title='bbox 2225 2406 2391 2477; x_wconf 68' lang='lat' dir='ltr'><strong>igitur</strong></span> <span class='ocrx_word' id='word_1_352' title='bbox 2412 2415 2467 2462; x_wconf 89' lang='lat' dir='ltr'><strong>et</strong></span> <span class='ocrx_word' id='word_1_353' title='bbox 2501 2408 2616 2477; x_wconf 88' lang='lat' dir='ltr'><strong>spei</strong></span> <span class='ocrx_word' id='word_1_354' title='bbox 2643 2417 2771 2463; x_wconf 87' lang='lat' dir='ltr'><strong>ante</strong></span> <span class='ocrx_word' id='word_1_355' title='bbox 2793 2425 2955 2464; x_wconf 88' lang='lat' dir='ltr'><strong>omne</strong></span> <span class='ocrx_word' id='word_1_356' title='bbox 2984 2411 3132 2465; x_wconf 86' lang='lat' dir='ltr'><strong>aliud</strong></span> <span class='ocrx_word' id='word_1_357' title='bbox 3169 2426 3334 2481; x_wconf 90' lang='lat' dir='ltr'><strong>opera</strong></span> <span class='ocrx_word' id='word_1_358' title='bbox 3356 2413 3490 2467; x_wconf 84' lang='lat' dir='ltr'><strong>dan-</strong></span> 
     </span>
    </p>
   </div>
   <div class='ocr_carea' id='block_1_51' title="bbox 1917 2495 3488 2567">
    <p class='ocr_par' dir='ltr' id='par_1_51' title="bbox 1917 2495 3488 2567">
     <span class='ocr_line' id='line_1_51' title="bbox 1917 2495 3488 2567; baseline 0.006 -18"><span class='ocrx_word' id='word_1_359' title='bbox 1917 2495 1984 2549; x_wconf 86' lang='lat' dir='ltr'><strong>da</strong></span> <span class='ocrx_word' id='word_1_360' title='bbox 2014 2503 2098 2551; x_wconf 89' lang='lat' dir='ltr'><strong>est</strong></span> <span class='ocrx_word' id='word_1_361' title='bbox 2128 2497 2325 2551; x_wconf 66' lang='lat' dir='ltr'><strong>animae</strong></span> <span class='ocrx_word' id='word_1_362' title='bbox 2361 2498 2476 2551; x_wconf 91' lang='lat' dir='ltr'><strong>Deo</strong></span> <span class='ocrx_word' id='word_1_363' title='bbox 2530 2498 2749 2567; x_wconf 85' lang='lat' dir='ltr'><strong>placere</strong></span> <span class='ocrx_word' id='word_1_364' title='bbox 2774 2499 3002 2553; x_wconf 89' lang='lat' dir='ltr'><strong>volenti.</strong></span> <span class='ocrx_word' id='word_1_365' title='bbox 3054 2502 3172 2556; x_wconf 87' lang='lat' dir='ltr'><strong>Una</strong></span> <span class='ocrx_word' id='word_1_366' title='bbox 3200 2502 3345 2556; x_wconf 91' lang='lat' dir='ltr'><strong>enim</strong></span> <span class='ocrx_word' id='word_1_367' title='bbox 3371 2503 3488 2558; x_wconf 72' lang='lat' dir='ltr'><strong>haec</strong></span> 
     </span>
    </p>
   </div>
   <div class='ocr_carea' id='block_1_52' title="bbox 1912 2587 3487 2661">
    <p class='ocr_par' dir='ltr' id='par_1_52' title="bbox 1912 2587 3487 2661">
     <span class='ocr_line' id='line_1_52' title="bbox 1912 2587 3487 2661; baseline 0.003 -20"><span class='ocrx_word' id='word_1_368' title='bbox 1912 2595 1999 2641; x_wconf 83' lang='lat' dir='ltr'><strong>est</strong></span> <span class='ocrx_word' id='word_1_369' title='bbox 2037 2603 2105 2642; x_wconf 79' lang='lat' dir='ltr'><strong>ex</strong></span> <span class='ocrx_word' id='word_1_370' title='bbox 2149 2587 2362 2642; x_wconf 87' lang='lat' dir='ltr'><strong>artibus</strong></span> <span class='ocrx_word' id='word_1_371' title='bbox 2394 2588 2616 2655; x_wconf 91' lang='lat' dir='ltr'><strong>diaboli,</strong></span> <span class='ocrx_word' id='word_1_372' title='bbox 2669 2598 2945 2659; x_wconf 83' lang='lat' dir='ltr'><strong>torporem</strong></span> <span class='ocrx_word' id='word_1_373' title='bbox 2990 2590 3150 2645; x_wconf 89' lang='lat' dir='ltr'><strong>nobis</strong></span> <span class='ocrx_word' id='word_1_374' title='bbox 3177 2592 3402 2661; x_wconf 84' lang='lat' dir='ltr'><strong>injicere</strong></span> <span class='ocrx_word' id='word_1_375' title='bbox 3432 2593 3487 2646; x_wconf 91' lang='lat' dir='ltr'><strong>in</strong></span> 
     </span>
    </p>
   </div>
   <div class='ocr_carea' id='block_1_53' title="bbox 1916 2677 3487 2749">
    <p class='ocr_par' dir='ltr' id='par_1_53' title="bbox 1916 2677 3487 2749">
     <span class='ocr_line' id='line_1_53' title="bbox 1916 2677 3487 2749; baseline 0.003 -17"><span class='ocrx_word' id='word_1_376' title='bbox 1916 2686 2163 2746; x_wconf 90' lang='lat' dir='ltr'><strong>tempore</strong></span> <span class='ocrx_word' id='word_1_377' title='bbox 2186 2677 2514 2743; x_wconf 84' lang='lat' dir='ltr'><strong>atllictionis,</strong></span> <span class='ocrx_word' id='word_1_378' title='bbox 2541 2691 2601 2734; x_wconf 90' lang='lat' dir='ltr'><strong>ut</strong></span> <span class='ocrx_word' id='word_1_379' title='bbox 2630 2688 2843 2733; x_wconf 85' lang='lat' dir='ltr'><strong>avertat</strong></span> <span class='ocrx_word' id='word_1_380' title='bbox 2874 2694 2977 2733; x_wconf 88' lang='lat' dir='ltr'><strong>nos</strong></span> <span class='ocrx_word' id='word_1_381' title='bbox 3004 2694 3033 2733; x_wconf 87' lang='lat' dir='ltr'><strong>a</strong></span> <span class='ocrx_word' id='word_1_382' title='bbox 3052 2694 3145 2749; x_wconf 87' lang='lat' dir='ltr'><strong>spe</strong></span> <span class='ocrx_word' id='word_1_383' title='bbox 3172 2681 3226 2734; x_wconf 93' lang='lat' dir='ltr'><strong>in</strong></span> <span class='ocrx_word' id='word_1_384' title='bbox 3257 2682 3487 2736; x_wconf 89' lang='lat' dir='ltr'><strong>Domino</strong></span> 
     </span>
    </p>
   </div>
   <div class='ocr_carea' id='block_1_54' title="bbox 1914 2767 3485 2843">
    <p class='ocr_par' dir='ltr' id='par_1_54' title="bbox 1914 2767 3485 2843">
     <span class='ocr_line' id='line_1_54' title="bbox 1914 2767 3485 2843; baseline 0.003 -21"><span class='ocrx_word' id='word_1_385' title='bbox 1914 2767 2189 2837; x_wconf 82' lang='lat' dir='ltr'><strong>ponenda.</strong></span> <span class='ocrx_word' id='word_1_386' title='bbox 2238 2768 2531 2839; x_wconf 84' lang='lat' dir='ltr'><strong>Nunquam</strong></span> <span class='ocrx_word' id='word_1_387' title='bbox 2591 2779 2775 2825; x_wconf 84' lang='lat' dir='ltr'><strong>autem</strong></span> <span class='ocrx_word' id='word_1_388' title='bbox 2807 2770 2953 2824; x_wconf 91' lang='lat' dir='ltr'><strong>Deus</strong></span> <span class='ocrx_word' id='word_1_389' title='bbox 3013 2779 3223 2825; x_wconf 88' lang='lat' dir='ltr'><strong>tantum</strong></span> <span class='ocrx_word' id='word_1_390' title='bbox 3270 2773 3485 2843; x_wconf 78' lang='lat' dir='ltr'><strong>fatigari</strong></span> 
     </span>
    </p>
   </div>
   <div class='ocr_carea' id='block_1_55' title="bbox 235 2853 1818 2939">
    <p class='ocr_par' dir='ltr' id='par_1_55' title="bbox 235 2853 1811 2939">
     <span class='ocr_line' id='line_1_55' title="bbox 235 2853 1811 2939; baseline 0.013 -36"><span class='ocrx_word' id='word_1_391' title='bbox 235 2853 528 2923; x_wconf 76' lang='grc' dir='ltr'>ἐπιτρέπει</span> <span class='ocrx_word' id='word_1_392' title='bbox 579 2856 677 2908; x_wconf 78' lang='grc' dir='ltr'><strong>ἐπ’</strong></span> <span class='ocrx_word' id='word_1_393' title='bbox 727 2858 937 2911; x_wconf 72' lang='grc' dir='ltr'>ἐκείνου</span> <span class='ocrx_word' id='word_1_394' title='bbox 993 2860 1319 2925; x_wconf 77' lang='grc' dir='ltr'>ἐλπίζουσαν</span> <span class='ocrx_word' id='word_1_395' title='bbox 1371 2867 1811 2939; x_wconf 83' lang='grc' dir='ltr'>καταπονηθῆναι</span> 
     </span>
    </p>
   </div>
   <div class='ocr_carea' id='block_1_56' title="bbox 1913 2853 3483 2939">
    <p class='ocr_par' dir='ltr' id='par_1_56' title="bbox 1913 2859 3483 2931">
     <span class='ocr_line' id='line_1_56' title="bbox 1913 2859 3483 2931; baseline 0.002 -19"><span class='ocrx_word' id='word_1_396' title='bbox 1913 2859 2308 2914; x_wconf 85' lang='lat' dir='ltr'><strong>tentationibus</strong></span> <span class='ocrx_word' id='word_1_397' title='bbox 2343 2860 2615 2926; x_wconf 76' lang='lat' dir='ltr'><strong>permitﬂt</strong></span> <span class='ocrx_word' id='word_1_398' title='bbox 2662 2860 2899 2914; x_wconf 86' lang='lat' dir='ltr'><strong>animam</strong></span> <span class='ocrx_word' id='word_1_399' title='bbox 2932 2860 2985 2913; x_wconf 91' lang='lat' dir='ltr'><strong>in</strong></span> <span class='ocrx_word' id='word_1_400' title='bbox 3038 2861 3215 2929; x_wconf 83' lang='lat' dir='ltr'><strong>ipsum</strong></span> <span class='ocrx_word' id='word_1_401' title='bbox 3257 2876 3483 2931; x_wconf 87' lang='lat' dir='ltr'><strong>speran-</strong></span> 
     </span>
    </p>
   </div>
   <div class='ocr_carea' id='block_1_57' title="bbox 233 2947 1818 3028">
    <p class='ocr_par' dir='ltr' id='par_1_57' title="bbox 233 2947 1811 3028">
     <span class='ocr_line' id='line_1_57' title="bbox 233 2947 1811 3028; baseline 0.011 -32"><span class='ocrx_word' id='word_1_402' title='bbox 233 2947 353 3007; x_wconf 81' lang='grc' dir='ltr'>τοῖς</span> <span class='ocrx_word' id='word_1_403' title='bbox 396 2951 722 3017; x_wconf 77' lang='grc' dir='ltr'>πειρασμοῖς</span> <span class='ocrx_word' id='word_1_404' title='bbox 746 2989 760 3012; x_wconf 84' lang='grc'><strong>,</strong></span> <span class='ocrx_word' id='word_1_405' title='bbox 807 2949 946 3004; x_wconf 83' lang='grc' dir='ltr'>ὥστε</span> <span class='ocrx_word' id='word_1_406' title='bbox 975 2954 1071 3006; x_wconf 78' lang='grc' dir='ltr'>καὶ</span> <span class='ocrx_word' id='word_1_407' title='bbox 1103 2954 1542 3028; x_wconf 78' lang='grc' dir='ltr'>ἐξαπορηθῆναι·</span> <span class='ocrx_word' id='word_1_408' title='bbox 1589 2961 1811 3027; x_wconf 82' lang='grc' dir='ltr'>Πιστὸς</span> 
     </span>
    </p>
   </div>
   <div class='ocr_carea' id='block_1_58' title="bbox 1913 2947 3483 3028">
    <p class='ocr_par' dir='ltr' id='par_1_58' title="bbox 1913 2950 3483 3020">
     <span class='ocr_line' id='line_1_58' title="bbox 1913 2950 3483 3020; baseline 0.001 -15"><span class='ocrx_word' id='word_1_409' title='bbox 1913 2959 2041 3015; x_wconf 88' lang='lat' dir='ltr'><strong>tem,</strong></span> <span class='ocrx_word' id='word_1_410' title='bbox 2070 2960 2133 3005; x_wconf 90' lang='lat' dir='ltr'><strong>ut</strong></span> <span class='ocrx_word' id='word_1_411' title='bbox 2185 2950 2254 3005; x_wconf 88' lang='lat' dir='ltr'><strong>ad</strong></span> <span class='ocrx_word' id='word_1_412' title='bbox 2295 2951 2490 3005; x_wconf 87' lang='lat' dir='ltr'><strong>incitas</strong></span> <span class='ocrx_word' id='word_1_413' title='bbox 2531 2951 2767 3013; x_wconf 89' lang='lat' dir='ltr'><strong>redacta,</strong></span> <span class='ocrx_word' id='word_1_414' title='bbox 2832 2951 3008 3006; x_wconf 87' lang='lat' dir='ltr'><strong>omnis</strong></span> <span class='ocrx_word' id='word_1_415' title='bbox 3054 2952 3213 3020; x_wconf 87' lang='lat' dir='ltr'><strong>inops</strong></span> <span class='ocrx_word' id='word_1_416' title='bbox 3269 2952 3483 3006; x_wconf 87' lang='lat' dir='ltr'><strong>consilii</strong></span> 
     </span>
    </p>
   </div>
   <div class='ocr_carea' id='block_1_59' title="bbox 232 3036 1818 3117">
    <p class='ocr_par' dir='ltr' id='par_1_59' title="bbox 232 3036 1809 3117">
     <span class='ocr_line' id='line_1_59' title="bbox 232 3036 1809 3117; baseline 0.011 -31"><span class='ocrx_word' id='word_1_417' title='bbox 232 3036 369 3103; x_wconf 69' lang='grc' dir='ltr'>γὰρ,</span> <span class='ocrx_word' id='word_1_418' title='bbox 396 3038 423 3089; x_wconf 89' lang='grc' dir='ltr'><strong>ό</strong></span> <span class='ocrx_word' id='word_1_419' title='bbox 446 3038 763 3103; x_wconf 83' lang='grc' dir='ltr'>Ἀπόστολός</span> <span class='ocrx_word' id='word_1_420' title='bbox 789 3058 973 3111; x_wconf 84' lang='grc' dir='ltr'>φησιν,</span> <span class='ocrx_word' id='word_1_421' title='bbox 997 3045 1030 3097; x_wconf 86' lang='grc' dir='ltr'><strong>ό</strong></span> <span class='ocrx_word' id='word_1_422' title='bbox 1054 3046 1218 3111; x_wconf 80' lang='grc' dir='ltr'>Θεὸς,</span> <span class='ocrx_word' id='word_1_423' title='bbox 1249 3046 1314 3111; x_wconf 77' lang='grc' dir='ltr'>ὃς</span> <span class='ocrx_word' id='word_1_424' title='bbox 1337 3048 1447 3100; x_wconf 82' lang='grc' dir='ltr'><strong>οὐκ</strong></span> <span class='ocrx_word' id='word_1_425' title='bbox 1469 3047 1809 3117; x_wconf 68' lang='grc' dir='ltr'>ἐάσειξύμᾶς</span> 
     </span>
    </p>
   </div>
   <div class='ocr_carea' id='block_1_60' title="bbox 1913 3036 3485 3117">
    <p class='ocr_par' dir='ltr' id='par_1_60' title="bbox 1913 3041 3485 3112">
     <span class='ocr_line' id='line_1_60' title="bbox 1913 3041 3485 3112; baseline 0 -16"><span class='ocrx_word' id='word_1_426' title='bbox 1913 3050 2121 3096; x_wconf 64' lang='lat' dir='ltr'><strong>aestuet.</strong></span> <span class='ocrx_word' id='word_1_427' title='bbox 2168 3041 2359 3095; x_wconf 77' lang='lat' dir='ltr'><strong>Fidelis</strong></span> <span class='ocrx_word' id='word_1_428' title='bbox 2400 3043 2537 3095; x_wconf 85' lang='lat' dir='ltr'><strong>enim</strong></span> <span class='ocrx_word' id='word_1_429' title='bbox 2572 3041 2669 3111; x_wconf 88' lang='lat' dir='ltr'><strong>(ait</strong></span> <span class='ocrx_word' id='word_1_430' title='bbox 2702 3041 3015 3112; x_wconf 80' lang='lat' dir='ltr'><strong>Apostolus)</strong></span> <span class='ocrx_word' id='word_1_431' title='bbox 3054 3041 3192 3096; x_wconf 80' lang='lat' dir='ltr'><strong>Deus</strong></span> <span class='ocrx_word' id='word_1_432' title='bbox 3249 3050 3359 3107; x_wconf 82' lang='lat' dir='ltr'><strong>est,</strong></span> <span class='ocrx_word' id='word_1_433' title='bbox 3395 3043 3485 3112; x_wconf 84' lang='lat' dir='ltr'><strong>qui</strong></span> 
     </span>
    </p>
   </div>
   <div class='ocr_carea' id='block_1_61' title="bbox 232 3131 1818 3234">
    <p class='ocr_par' dir='ltr' id='par_1_61' title="bbox 232 3131 1810 3208">
     <span class='ocr_line' id='line_1_61' title="bbox 232 3131 1810 3208; baseline 0.008 -27"><span class='ocrx_word' id='word_1_434' title='bbox 232 3131 630 3199; x_wconf 74' lang='grc' dir='ltr'>πειρασθῆναι</span> <span class='ocrx_word' id='word_1_435' title='bbox 662 3135 816 3201; x_wconf 69' lang='grc' dir='ltr'>ὑπὲρ</span> <span class='ocrx_word' id='word_1_436' title='bbox 841 3135 872 3188; x_wconf 83' lang='grc' dir='ltr'><strong>δ</strong></span> <span class='ocrx_word' id='word_1_437' title='bbox 897 3135 1191 3191; x_wconf 83' lang='grc' dir='ltr'>δύνασθε·</span> <span class='ocrx_word' id='word_1_438' title='bbox 1225 3138 1387 3193; x_wconf 74' lang='grc' dir='ltr'><em>ἀλλὰ</em></span> <span class='ocrx_word' id='word_1_439' title='bbox 1416 3140 1657 3208; x_wconf 81' lang='grc' dir='ltr'>ποιήσει</span> <span class='ocrx_word' id='word_1_440' title='bbox 1686 3142 1810 3195; x_wconf 88' lang='grc' dir='ltr'>σὺν</span> 
     </span>
    </p>
   </div>
   <div class='ocr_carea' id='block_1_62' title="bbox 1913 3131 3484 3234">
    <p class='ocr_par' dir='ltr' id='par_1_62' title="bbox 1913 3135 3484 3205">
     <span class='ocr_line' id='line_1_62' title="bbox 1913 3135 3484 3205; baseline -0.001 -16"><span class='ocrx_word' id='word_1_441' title='bbox 1913 3151 2016 3189; x_wconf 79' lang='lat' dir='ltr'><strong>non</strong></span> <span class='ocrx_word' id='word_1_442' title='bbox 2037 3136 2267 3203; x_wconf 81' lang='lat' dir='ltr'><strong>patietur</strong></span> <span class='ocrx_word' id='word_1_443' title='bbox 2292 3151 2381 3189; x_wconf 80' lang='lat' dir='ltr'><strong>vos</strong></span> <span class='ocrx_word' id='word_1_444' title='bbox 2420 3136 2614 3189; x_wconf 83' lang='lat' dir='ltr'><strong>tentari</strong></span> <span class='ocrx_word' id='word_1_445' title='bbox 2665 3151 2828 3205; x_wconf 84' lang='lat' dir='ltr'><strong>supra</strong></span> <span class='ocrx_word' id='word_1_446' title='bbox 2856 3135 2910 3188; x_wconf 85' lang='lat' dir='ltr'><strong>id</strong></span> <span class='ocrx_word' id='word_1_447' title='bbox 2965 3135 3102 3204; x_wconf 83' lang='lat' dir='ltr'><strong>quod</strong></span> <span class='ocrx_word' id='word_1_448' title='bbox 3138 3136 3484 3204; x_wconf 77' lang='lat' dir='ltr'><strong>potestis;sed</strong></span> 
     </span>
    </p>
   </div>
   <div class='ocr_carea' id='block_1_63' title="bbox 228 3219 1813 3293">
    <p class='ocr_par' dir='ltr' id='par_1_63' title="bbox 228 3219 1813 3293">
     <span class='ocr_line' id='line_1_63' title="bbox 228 3219 1813 3293; baseline 0.008 -21"><span class='ocrx_word' id='word_1_449' title='bbox 228 3219 320 3286; x_wconf 79' lang='grc' dir='ltr'>τῷ</span> <span class='ocrx_word' id='word_1_450' title='bbox 342 3222 647 3291; x_wconf 75' lang='grc' dir='ltr'>πειρασμῷ</span> <span class='ocrx_word' id='word_1_451' title='bbox 678 3225 779 3277; x_wconf 72' lang='grc' dir='ltr'><strong>καί</strong></span> <span class='ocrx_word' id='word_1_452' title='bbox 802 3227 917 3293; x_wconf 83' lang='grc' dir='ltr'>τὴν</span> <span class='ocrx_word' id='word_1_453' title='bbox 940 3228 1213 3293; x_wconf 75' lang='grc' dir='ltr'>ἔκϐασιν,</span> <span class='ocrx_word' id='word_1_454' title='bbox 1248 3230 1357 3284; x_wconf 78' lang='grc' dir='ltr'>τοῦ</span> <span class='ocrx_word' id='word_1_455' title='bbox 1381 3231 1675 3287; x_wconf 75' lang='grc' dir='ltr'>δύνασθαι</span> <span class='ocrx_word' id='word_1_456' title='bbox 1702 3235 1813 3287; x_wconf 75' lang='grc' dir='ltr'>ὐπ-</span> 
     </span>
    </p>
   </div>
   <div class='ocr_carea' id='block_1_64' title="bbox 229 3313 1812 3394">
    <p class='ocr_par' dir='ltr' id='par_1_64' title="bbox 229 3313 1812 3394">
     <span class='ocr_line' id='line_1_64' title="bbox 229 3313 1812 3394; baseline 0.008 -30"><span class='ocrx_word' id='word_1_457' title='bbox 229 3313 527 3380; x_wconf 78' lang='grc' dir='ltr'>ενεγκεῖν.</span> <span class='ocrx_word' id='word_1_458' title='bbox 558 3315 664 3367; x_wconf 76' lang='grc' dir='ltr'><strong>Καὶ</strong></span> <span class='ocrx_word' id='word_1_459' title='bbox 692 3318 721 3368; x_wconf 85' lang='grc' dir='ltr'><strong>ό</strong></span> <span class='ocrx_word' id='word_1_460' title='bbox 747 3318 978 3387; x_wconf 80' lang='grc' dir='ltr'>πονηρὸς</span> <span class='ocrx_word' id='word_1_461' title='bbox 1001 3319 1056 3372; x_wconf 83' lang='grc' dir='ltr'>δὲ</span> <span class='ocrx_word' id='word_1_462' title='bbox 1085 3320 1184 3389; x_wconf 86' lang='grc' dir='ltr'><strong>οὐχ</strong></span> <span class='ocrx_word' id='word_1_463' title='bbox 1233 3320 1355 3374; x_wconf 84' lang='grc' dir='ltr'>ὅσον</span> <span class='ocrx_word' id='word_1_464' title='bbox 1380 3322 1574 3393; x_wconf 82' lang='grc' dir='ltr'>ἐκείνῳ</span> <span class='ocrx_word' id='word_1_465' title='bbox 1596 3322 1812 3394; x_wconf 83' lang='grc' dir='ltr'>θέλησις</span> 
     </span>
    </p>
   </div>
   <div class='ocr_carea' id='block_1_65' title="bbox 231 3403 1811 3486">
    <p class='ocr_par' dir='ltr' id='par_1_65' title="bbox 231 3403 1811 3486">
     <span class='ocr_line' id='line_1_65' title="bbox 231 3403 1811 3486; baseline 0.009 -31"><span class='ocrx_word' id='word_1_466' title='bbox 231 3403 401 3457; x_wconf 81' lang='grc' dir='ltr'><strong>λυπεί</strong></span> <span class='ocrx_word' id='word_1_467' title='bbox 440 3405 544 3476; x_wconf 80' lang='grc' dir='ltr'>τὴν</span> <span class='ocrx_word' id='word_1_468' title='bbox 577 3406 786 3476; x_wconf 77' lang='grc' dir='ltr'>ψυχὴν,</span> <span class='ocrx_word' id='word_1_469' title='bbox 824 3409 937 3462; x_wconf 86' lang='grc' dir='ltr'>ἀλλ’</span> <span class='ocrx_word' id='word_1_470' title='bbox 967 3411 1090 3463; x_wconf 83' lang='grc' dir='ltr'>ὅσον</span> <span class='ocrx_word' id='word_1_471' title='bbox 1120 3411 1270 3482; x_wconf 86' lang='grc' dir='ltr'>αὐτῷ</span> <span class='ocrx_word' id='word_1_472' title='bbox 1300 3413 1511 3481; x_wconf 74' lang='grc' dir='ltr'>ἐφεῖται</span> <span class='ocrx_word' id='word_1_473' title='bbox 1543 3415 1693 3486; x_wconf 83' lang='grc' dir='ltr'>παρὰ</span> <span class='ocrx_word' id='word_1_474' title='bbox 1716 3417 1811 3469; x_wconf 77' lang='grc' dir='ltr'><strong>τοῦ</strong></span> 
     </span>
    </p>
   </div>
   <div class='ocr_carea' id='block_1_66' title="bbox 230 3495 1813 3576">
    <p class='ocr_par' dir='ltr' id='par_1_66' title="bbox 230 3495 1813 3576">
     <span class='ocr_line' id='line_1_66' title="bbox 230 3495 1813 3576; baseline 0.009 -30"><span class='ocrx_word' id='word_1_475' title='bbox 230 3496 393 3551; x_wconf 80' lang='grc' dir='ltr'>Θεοῦ.</span> <span class='ocrx_word' id='word_1_476' title='bbox 434 3495 497 3550; x_wconf 82' lang='lat' dir='ltr'><strong>El</strong></span> <span class='ocrx_word' id='word_1_477' title='bbox 527 3498 635 3568; x_wconf 83' lang='grc' dir='ltr'><strong>γὰρ</strong></span> <span class='ocrx_word' id='word_1_478' title='bbox 663 3500 973 3570; x_wconf 83' lang='grc' dir='ltr'>ἀνθρώποις</span> <span class='ocrx_word' id='word_1_479' title='bbox 1002 3503 1102 3556; x_wconf 84' lang='grc' dir='ltr'><strong>οὐκ</strong></span> <span class='ocrx_word' id='word_1_480' title='bbox 1126 3502 1339 3573; x_wconf 79' lang='grc' dir='ltr'>ἄδηλον,</span> <span class='ocrx_word' id='word_1_481' title='bbox 1374 3506 1541 3558; x_wconf 88' lang='grc' dir='ltr'>πόσον</span> <span class='ocrx_word' id='word_1_482' title='bbox 1565 3505 1631 3559; x_wconf 79' lang='grc' dir='ltr'>ἂν</span> <span class='ocrx_word' id='word_1_483' title='bbox 1656 3508 1813 3576; x_wconf 78' lang='grc' dir='ltr'>ἡμιό-</span> 
     </span>
    </p>
   </div>
   <div class='ocr_carea' id='block_1_67' title="bbox 229 3590 1812 3670">
    <p class='ocr_par' dir='ltr' id='par_1_67' title="bbox 229 3590 1812 3670">
     <span class='ocr_line' id='line_1_67' title="bbox 229 3590 1812 3670; baseline 0.008 -27"><span class='ocrx_word' id='word_1_484' title='bbox 229 3607 313 3659; x_wconf 84' lang='grc' dir='ltr'>νῳ</span> <span class='ocrx_word' id='word_1_485' title='bbox 337 3590 519 3661; x_wconf 84' lang='grc' dir='ltr'>βάρος,</span> <span class='ocrx_word' id='word_1_486' title='bbox 551 3593 715 3645; x_wconf 87' lang='grc' dir='ltr'>πόσον</span> <span class='ocrx_word' id='word_1_487' title='bbox 745 3594 802 3646; x_wconf 81' lang='grc' dir='ltr'>δὲ</span> <span class='ocrx_word' id='word_1_488' title='bbox 829 3593 956 3663; x_wconf 80' lang='grc' dir='ltr'>ὄνῳ,</span> <span class='ocrx_word' id='word_1_489' title='bbox 994 3596 1160 3649; x_wconf 79' lang='grc' dir='ltr'>πόσον</span> <span class='ocrx_word' id='word_1_490' title='bbox 1183 3598 1239 3651; x_wconf 79' lang='grc' dir='ltr'>δὲ</span> <span class='ocrx_word' id='word_1_491' title='bbox 1269 3598 1499 3669; x_wconf 79' lang='grc' dir='ltr'>καμήλῳ</span> <span class='ocrx_word' id='word_1_492' title='bbox 1528 3598 1812 3670; x_wconf 78' lang='grc' dir='ltr'>ἀγώγιμον</span> 
     </span>
    </p>
   </div>
   <div class='ocr_carea' id='block_1_68' title="bbox 230 3683 1811 3761">
    <p class='ocr_par' dir='ltr' id='par_1_68' title="bbox 230 3683 1811 3761">
     <span class='ocr_line' id='line_1_68' title="bbox 230 3683 1811 3761; baseline 0.006 -26"><span class='ocrx_word' id='word_1_493' title='bbox 230 3683 348 3753; x_wconf 75' lang='grc' dir='ltr'>εἴη’</span> <span class='ocrx_word' id='word_1_494' title='bbox 389 3683 525 3737; x_wconf 87' lang='grc' dir='ltr'><strong>ἀλλά</strong></span> <span class='ocrx_word' id='word_1_495' title='bbox 551 3684 641 3737; x_wconf 83' lang='grc' dir='ltr'>τὸν</span> <span class='ocrx_word' id='word_1_496' title='bbox 667 3686 902 3757; x_wconf 81' lang='grc' dir='ltr'>φόρητον</span> <span class='ocrx_word' id='word_1_497' title='bbox 932 3687 1227 3757; x_wconf 77' lang='grc' dir='ltr'>ὲπιτίθησιο</span> <span class='ocrx_word' id='word_1_498' title='bbox 1266 3691 1357 3742; x_wconf 71' lang='grc' dir='ltr'>καὶ</span> <span class='ocrx_word' id='word_1_499' title='bbox 1389 3690 1465 3760; x_wconf 81' lang='grc' dir='ltr'>τῷ</span> <span class='ocrx_word' id='word_1_500' title='bbox 1496 3695 1732 3761; x_wconf 85' lang='grc' dir='ltr'>κεραμεῖ</span> <span class='ocrx_word' id='word_1_501' title='bbox 1755 3692 1811 3745; x_wconf 84' lang='grc' dir='ltr'>δὲ</span> 
     </span>
    </p>
   </div>
   <div class='ocr_carea' id='block_1_69' title="bbox 228 3774 1810 3852">
    <p class='ocr_par' dir='ltr' id='par_1_69' title="bbox 228 3774 1810 3852">
     <span class='ocr_line' id='line_1_69' title="bbox 228 3774 1810 3852; baseline 0.005 -25"><span class='ocrx_word' id='word_1_502' title='bbox 228 3774 394 3845; x_wconf 79' lang='grc' dir='ltr'>δῆλον</span> <span class='ocrx_word' id='word_1_503' title='bbox 425 3776 589 3829; x_wconf 85' lang='grc' dir='ltr'>πόσον</span> <span class='ocrx_word' id='word_1_504' title='bbox 622 3778 701 3849; x_wconf 81' lang='grc' dir='ltr'><strong>τῷ</strong></span> <span class='ocrx_word' id='word_1_505' title='bbox 733 3779 866 3848; x_wconf 75' lang='grc' dir='ltr'>πυρὶ</span> <span class='ocrx_word' id='word_1_506' title='bbox 897 3780 1002 3849; x_wconf 82' lang='grc' dir='ltr'>χρὴ</span> <span class='ocrx_word' id='word_1_507' title='bbox 1032 3781 1100 3832; x_wconf 81' lang='grc' dir='ltr'>τὰ</span> <span class='ocrx_word' id='word_1_508' title='bbox 1129 3780 1295 3851; x_wconf 86' lang='grc' dir='ltr'>σκεύη</span> <span class='ocrx_word' id='word_1_509' title='bbox 1323 3781 1656 3850; x_wconf 81' lang='grc' dir='ltr'>παραδοῦναι</span> <span class='ocrx_word' id='word_1_510' title='bbox 1683 3783 1810 3852; x_wconf 79' lang='grc' dir='ltr'>χρό-</span> 
     </span>
    </p>
   </div>
   <div class='ocr_carea' id='block_1_70' title="bbox 227 3866 1811 3946">
    <p class='ocr_par' dir='ltr' id='par_1_70' title="bbox 227 3866 1811 3946">
     <span class='ocr_line' id='line_1_70' title="bbox 227 3866 1811 3946; baseline 0.008 -30"><span class='ocrx_word' id='word_1_511' title='bbox 227 3883 349 3931; x_wconf 62' lang='grc' dir='ltr'>νον,</span> <span class='ocrx_word' id='word_1_512' title='bbox 386 3866 473 3921; x_wconf 73' lang='grc' dir='ltr'>ἵνα</span> <span class='ocrx_word' id='word_1_513' title='bbox 508 3869 642 3937; x_wconf 84' lang='grc' dir='ltr'>μήτε</span> <span class='ocrx_word' id='word_1_514' title='bbox 672 3868 834 3921; x_wconf 81' lang='grc' dir='ltr'>πλέον</span> <span class='ocrx_word' id='word_1_515' title='bbox 864 3870 1198 3939; x_wconf 76' lang='grc' dir='ltr'>ἐμμείναντα</span> <span class='ocrx_word' id='word_1_516' title='bbox 1225 3872 1518 3945; x_wconf 74' lang='grc' dir='ltr'>διαῤῥαγῇ,</span> <span class='ocrx_word' id='word_1_517' title='bbox 1545 3877 1681 3946; x_wconf 83' lang='grc' dir='ltr'>μήτε</span> <span class='ocrx_word' id='word_1_518' title='bbox 1707 3876 1811 3929; x_wconf 81' lang='grc' dir='ltr'>πά-</span> 
     </span>
    </p>
   </div>
   <div class='ocr_carea' id='block_1_71' title="bbox 227 3958 1813 4037">
    <p class='ocr_par' dir='ltr' id='par_1_71' title="bbox 227 3958 1813 4037">
     <span class='ocr_line' id='line_1_71' title="bbox 227 3958 1813 4037; baseline 0.009 -29"><span class='ocrx_word' id='word_1_519' title='bbox 227 3958 318 4009; x_wconf 87' lang='grc' dir='ltr'><strong>λιν</strong></span> <span class='ocrx_word' id='word_1_520' title='bbox 367 3958 471 4028; x_wconf 74' lang='grc' dir='ltr'><strong>πρὸ</strong></span> <span class='ocrx_word' id='word_1_521' title='bbox 496 3960 592 4027; x_wconf 77' lang='grc' dir='ltr'>τῆς</span> <span class='ocrx_word' id='word_1_522' title='bbox 633 3960 904 4031; x_wconf 84' lang='grc' dir='ltr'>ἀρκούσης</span> <span class='ocrx_word' id='word_1_523' title='bbox 948 3962 1245 4032; x_wconf 81' lang='grc' dir='ltr'>πυρώσεως</span> <span class='ocrx_word' id='word_1_524' title='bbox 1281 3966 1612 4035; x_wconf 75' lang='grc' dir='ltr'>ἐκϐληθέντα</span> <span class='ocrx_word' id='word_1_525' title='bbox 1644 3969 1813 4037; x_wconf 82' lang='grc' dir='ltr'>ἄχρη-</span> 
     </span>
    </p>
   </div>
   <div class='ocr_carea' id='block_1_72' title="bbox 230 4047 1812 4128">
    <p class='ocr_par' dir='ltr' id='par_1_72' title="bbox 230 4047 1812 4128">
     <span class='ocr_line' id='line_1_72' title="bbox 230 4047 1812 4128; baseline 0.008 -27"><span class='ocrx_word' id='word_1_526' title='bbox 230 4067 338 4113; x_wconf 79' lang='grc' dir='ltr'><strong>στα</strong></span> <span class='ocrx_word' id='word_1_527' title='bbox 488 4054 535 4104; x_wconf 88' lang='grc' dir='ltr'><strong>εί</strong></span> <span class='ocrx_word' id='word_1_528' title='bbox 568 4054 801 4124; x_wconf 80' lang='grc' dir='ltr'>τοσαύτη</span> <span class='ocrx_word' id='word_1_529' title='bbox 834 4057 959 4125; x_wconf 71' lang='grc' dir='ltr'>περὶ</span> <span class='ocrx_word' id='word_1_530' title='bbox 985 4057 1075 4107; x_wconf 83' lang='grc' dir='ltr'>τὸν</span> <span class='ocrx_word' id='word_1_531' title='bbox 1106 4055 1391 4127; x_wconf 84' lang='grc' dir='ltr'>ἄνθρωπον</span> <span class='ocrx_word' id='word_1_532' title='bbox 1422 4058 1656 4122; x_wconf 83' lang='grc' dir='ltr'>σύνεσις,</span> <span class='ocrx_word' id='word_1_533' title='bbox 1694 4060 1812 4128; x_wconf 68' lang='grc' dir='ltr'>οὐχὶ</span> 
     </span>
    </p>
   </div>
   <div class='ocr_carea' id='block_1_73' title="bbox 228 4127 1811 4217">
    <p class='ocr_par' dir='ltr' id='par_1_73' title="bbox 228 4127 1811 4217">
     <span class='ocr_line' id='line_1_73' title="bbox 228 4127 1811 4217; baseline 0.007 -26"><span class='ocrx_word' id='word_1_534' title='bbox 228 4127 416 4210; x_wconf 84' lang='grc' dir='ltr'>πολλῷ</span> <span class='ocrx_word' id='word_1_535' title='bbox 446 4142 606 4195; x_wconf 84' lang='grc' dir='ltr'>πλέον</span> <span class='ocrx_word' id='word_1_536' title='bbox 638 4144 732 4196; x_wconf 78' lang='grc' dir='ltr'>καὶ</span> <span class='ocrx_word' id='word_1_537' title='bbox 761 4144 1004 4215; x_wconf 80' lang='grc' dir='ltr'>ἀπείρως</span> <span class='ocrx_word' id='word_1_538' title='bbox 1032 4146 1213 4212; x_wconf 75' lang='grc' dir='ltr'>πλέον,</span> <span class='ocrx_word' id='word_1_539' title='bbox 1249 4147 1281 4217; x_wconf 79' lang='grc' dir='ltr'>ἡ</span> <span class='ocrx_word' id='word_1_540' title='bbox 1309 4148 1403 4201; x_wconf 81' lang='grc' dir='ltr'>τοῦ</span> <span class='ocrx_word' id='word_1_541' title='bbox 1427 4148 1562 4201; x_wconf 79' lang='grc' dir='ltr'>Θεοῦ</span> <span class='ocrx_word' id='word_1_542' title='bbox 1596 4127 1811 4212; x_wconf 81' lang='grc' dir='ltr'>σύνεσις</span> 
     </span>
    </p>
   </div>
   <div class='ocr_carea' id='block_1_74' title="bbox 226 4225 1811 4306">
    <p class='ocr_par' dir='ltr' id='par_1_74' title="bbox 226 4225 1811 4306">
     <span class='ocr_line' id='line_1_74' title="bbox 226 4225 1811 4306; baseline 0.006 -25"><span class='ocrx_word' id='word_1_543' title='bbox 226 4225 342 4294; x_wconf 74' lang='grc' dir='ltr'>οἶδε</span> <span class='ocrx_word' id='word_1_544' title='bbox 396 4231 559 4282; x_wconf 88' lang='grc' dir='ltr'>πόσον</span> <span class='ocrx_word' id='word_1_545' title='bbox 608 4232 812 4302; x_wconf 75' lang='grc' dir='ltr'>ἑκάστῃ</span> <span class='ocrx_word' id='word_1_546' title='bbox 855 4233 1000 4304; x_wconf 75' lang='grc' dir='ltr'>ψυχῇ</span> <span class='ocrx_word' id='word_1_547' title='bbox 1047 4234 1138 4286; x_wconf 83' lang='grc' dir='ltr'>τὸν</span> <span class='ocrx_word' id='word_1_548' title='bbox 1172 4237 1476 4306; x_wconf 74' lang='grc' dir='ltr'>πειρασμὸν</span> <span class='ocrx_word' id='word_1_549' title='bbox 1506 4237 1624 4290; x_wconf 85' lang='grc' dir='ltr'>δέον</span> <span class='ocrx_word' id='word_1_550' title='bbox 1651 4239 1811 4291; x_wconf 80' lang='grc' dir='ltr'>ἐπεν-</span> 
     </span>
    </p>
   </div>
   <div class='ocr_carea' id='block_1_75' title="bbox 226 4320 1823 4401">
    <p class='ocr_par' dir='ltr' id='par_1_75' title="bbox 226 4320 1823 4401">
     <span class='ocr_line' id='line_1_75' title="bbox 226 4320 1823 4401; baseline 0.006 -28"><span class='ocrx_word' id='word_1_551' title='bbox 226 4320 477 4392; x_wconf 75' lang='grc' dir='ltr'>εχθῆναιο</span> <span class='ocrx_word' id='word_1_552' title='bbox 516 4321 602 4375; x_wconf 83' lang='grc' dir='ltr'>τνα</span> <span class='ocrx_word' id='word_1_553' title='bbox 632 4322 851 4392; x_wconf 78' lang='grc' dir='ltr'>δόκιμος</span> <span class='ocrx_word' id='word_1_554' title='bbox 880 4325 1089 4387; x_wconf 83' lang='grc' dir='ltr'>γένοιτο</span> <span class='ocrx_word' id='word_1_555' title='bbox 1120 4327 1213 4379; x_wconf 77' lang='grc' dir='ltr'>καὶ</span> <span class='ocrx_word' id='word_1_556' title='bbox 1244 4328 1522 4401; x_wconf 79' lang='grc' dir='ltr'>ἐπιτηδεία</span> <span class='ocrx_word' id='word_1_557' title='bbox 1550 4329 1685 4401; x_wconf 74' lang='grc' dir='ltr'>πρὸς</span> <span class='ocrx_word' id='word_1_558' title='bbox 1713 4328 1823 4401; x_wconf 55' lang='grc' dir='ltr'>τὴνκ</span> 
     </span>
    </p>
   </div>
   <div class='ocr_carea' id='block_1_76' title="bbox 224 4411 945 4485">
    <p class='ocr_par' dir='ltr' id='par_1_76' title="bbox 224 4411 945 4485">
     <span class='ocr_line' id='line_1_76' title="bbox 224 4411 945 4485; baseline 0.007 -20"><span class='ocrx_word' id='word_1_559' title='bbox 224 4411 343 4466; x_wconf 86' lang='grc' dir='ltr'><strong>τῶν</strong></span> <span class='ocrx_word' id='word_1_560' title='bbox 368 4411 613 4484; x_wconf 84' lang='grc' dir='ltr'>οὐρανῶν</span> <span class='ocrx_word' id='word_1_561' title='bbox 648 4412 945 4485; x_wconf 81' lang='grc' dir='ltr'>βασιλείαν.</span> 
     </span>
    </p>
   </div>
   <div class='ocr_carea' id='block_1_77' title="bbox 305 4674 1801 4749">
    <p class='ocr_par' dir='ltr' id='par_1_77' title="bbox 305 4674 1801 4749">
     <span class='ocr_line' id='line_1_77' title="bbox 305 4674 1801 4749; baseline 0.003 -19"><span class='ocrx_word' id='word_1_562' title='bbox 305 4676 627 4747; x_wconf 83' lang='grc' dir='ltr'>ΙΔ⁷.”Ωσπερ</span> <span class='ocrx_word' id='word_1_563' title='bbox 652 4674 714 4728; x_wconf 79' lang='grc' dir='ltr'><strong>τὺ</strong></span> <span class='ocrx_word' id='word_1_564' title='bbox 742 4675 840 4746; x_wconf 83' lang='grc' dir='ltr'>τῆς</span> <span class='ocrx_word' id='word_1_565' title='bbox 868 4676 1145 4740; x_wconf 80' lang='grc' dir='ltr'>κανάδεως</span> <span class='ocrx_word' id='word_1_566' title='bbox 1174 4676 1362 4748; x_wconf 80' lang='grc' dir='ltr'>χρῆμα</span> <span class='ocrx_word' id='word_1_567' title='bbox 1383 4677 1434 4732; x_wconf 83' lang='grc' dir='ltr'><strong>εί</strong></span> <span class='ocrx_word' id='word_1_568' title='bbox 1466 4678 1541 4749; x_wconf 77' lang='grc' dir='ltr'>μὴ</span> <span class='ocrx_word' id='word_1_569' title='bbox 1570 4682 1801 4736; x_wconf 79' lang='grc' dir='ltr'>ἐπιπολὺ</span> 
     </span>
    </p>
   </div>
   <div class='ocr_carea' id='block_1_78' title="bbox 223 4765 1809 4842">
    <p class='ocr_par' dir='ltr' id='par_1_78' title="bbox 223 4765 1809 4842">
     <span class='ocr_line' id='line_1_78' title="bbox 223 4765 1809 4842; baseline 0.006 -24"><span class='ocrx_word' id='word_1_570' title='bbox 223 4767 573 4835; x_wconf 88' lang='grc' dir='ltr'>τυπτόμενον</span> <span class='ocrx_word' id='word_1_571' title='bbox 615 4765 887 4836; x_wconf 75' lang='grc' dir='ltr'>διαμείνῃ,</span> <span class='ocrx_word' id='word_1_572' title='bbox 926 4767 1027 4819; x_wconf 91' lang='grc' dir='ltr'><strong>οὐκ</strong></span> <span class='ocrx_word' id='word_1_573' title='bbox 1056 4768 1121 4827; x_wconf 77' lang='grc' dir='ltr'>ἂν</span> <span class='ocrx_word' id='word_1_574' title='bbox 1166 4768 1375 4835; x_wconf 80' lang='grc' dir='ltr'>γένοιτο</span> <span class='ocrx_word' id='word_1_575' title='bbox 1421 4773 1691 4842; x_wconf 88' lang='grc' dir='ltr'>χρήσιμον</span> <span class='ocrx_word' id='word_1_576' title='bbox 1727 4776 1809 4837; x_wconf 89' lang='grc' dir='ltr'><strong>είς</strong></span> 
     </span>
    </p>
   </div>
   <div class='ocr_carea' id='block_1_79' title="bbox 224 4857 1811 4935">
    <p class='ocr_par' dir='ltr' id='par_1_79' title="bbox 224 4857 1811 4935">
     <span class='ocr_line' id='line_1_79' title="bbox 224 4857 1811 4935; baseline 0.004 -23"><span class='ocrx_word' id='word_1_577' title='bbox 224 4860 581 4912; x_wconf 74' lang='grc' dir='ltr'>λεπτοτάτων</span> <span class='ocrx_word' id='word_1_578' title='bbox 646 4876 710 4927; x_wconf 84' lang='grc' dir='ltr'><strong>νη</strong></span> <span class='ocrx_word' id='word_1_579' title='bbox 722 4857 906 4927; x_wconf 85' lang='grc' dir='ltr'>μάτων</span> <span class='ocrx_word' id='word_1_580' title='bbox 959 4859 1256 4928; x_wconf 87' lang='grc' dir='ltr'>ἐργασίαν,</span> <span class='ocrx_word' id='word_1_581' title='bbox 1302 4861 1418 4914; x_wconf 75' lang='grc' dir='ltr'>ἀλλ’</span> <span class='ocrx_word' id='word_1_582' title='bbox 1476 4864 1696 4935; x_wconf 83' lang='grc' dir='ltr'>ὅσῳπερ</span> <span class='ocrx_word' id='word_1_583' title='bbox 1744 4866 1811 4919; x_wconf 83' lang='grc' dir='ltr'>ἂν</span> 
     </span>
    </p>
   </div>
   <div class='ocr_carea' id='block_1_80' title="bbox 227 4949 1813 5027">
    <p class='ocr_par' dir='ltr' id='par_1_80' title="bbox 227 4949 1813 5027">
     <span class='ocr_line' id='line_1_80' title="bbox 227 4949 1813 5027; baseline 0.004 -24"><span class='ocrx_word' id='word_1_584' title='bbox 227 4950 500 5003; x_wconf 84' lang='grc' dir='ltr'>τύπτοιτο</span> <span class='ocrx_word' id='word_1_585' title='bbox 536 4949 631 5002; x_wconf 70' lang='grc' dir='ltr'><strong>καὶ</strong></span> <span class='ocrx_word' id='word_1_586' title='bbox 677 4951 801 5003; x_wconf 83' lang='grc' dir='ltr'>ὅσον</span> <span class='ocrx_word' id='word_1_587' title='bbox 855 4950 1107 5018; x_wconf 83' lang='grc' dir='ltr'>ξαίνοιτο,</span> <span class='ocrx_word' id='word_1_588' title='bbox 1136 4953 1390 5008; x_wconf 81' lang='grc' dir='ltr'>τοσοῦτον</span> <span class='ocrx_word' id='word_1_589' title='bbox 1426 4954 1813 5027; x_wconf 82' lang='grc' dir='ltr'>καθαρώτερόν</span> 
     </span>
    </p>
   </div>
   <div class='ocr_carea' id='block_1_81' title="bbox 224 5042 1813 5117">
    <p class='ocr_par' dir='ltr' id='par_1_81' title="bbox 224 5042 1813 5117">
     <span class='ocr_line' id='line_1_81' title="bbox 224 5042 1813 5117; baseline 0.004 -22"><span class='ocrx_word' id='word_1_590' title='bbox 224 5059 292 5095; x_wconf 79' lang='grc' dir='ltr'><strong>τε</strong></span> <span class='ocrx_word' id='word_1_591' title='bbox 350 5042 445 5094; x_wconf 74' lang='grc' dir='ltr'>καὶ</span> <span class='ocrx_word' id='word_1_592' title='bbox 492 5042 924 5114; x_wconf 77' lang='grc' dir='ltr'>εὐχρηστότερον</span> <span class='ocrx_word' id='word_1_593' title='bbox 976 5044 1208 5113; x_wconf 83' lang='grc' dir='ltr'>γίνεται.</span> <span class='ocrx_word' id='word_1_594' title='bbox 1245 5047 1358 5100; x_wconf 77' lang='grc' dir='ltr'><strong>Καὶ</strong></span> <span class='ocrx_word' id='word_1_595' title='bbox 1394 5046 1456 5099; x_wconf 85' lang='grc' dir='ltr'><strong>δν</strong></span> <span class='ocrx_word' id='word_1_596' title='bbox 1505 5047 1708 5117; x_wconf 84' lang='grc' dir='ltr'>τρόπον</span> <span class='ocrx_word' id='word_1_597' title='bbox 1750 5048 1813 5102; x_wconf 89' lang='grc' dir='ltr'>τὸ</span> 
     </span>
    </p>
   </div>
   <div class='ocr_carea' id='block_1_82' title="bbox 227 5133 1811 5208">
    <p class='ocr_par' dir='ltr' id='par_1_82' title="bbox 227 5133 1811 5208">
     <span class='ocr_line' id='line_1_82' title="bbox 227 5133 1811 5208; baseline 0.003 -21"><span class='ocrx_word' id='word_1_598' title='bbox 227 5134 567 5187; x_wconf 84' lang='grc' dir='ltr'>νεόπλαστον</span> <span class='ocrx_word' id='word_1_599' title='bbox 625 5133 821 5197; x_wconf 79' lang='grc' dir='ltr'>σκεῦος</span> <span class='ocrx_word' id='word_1_600' title='bbox 869 5136 942 5205; x_wconf 83' lang='grc' dir='ltr'>μὴ</span> <span class='ocrx_word' id='word_1_601' title='bbox 989 5135 1123 5205; x_wconf 75' lang='grc' dir='ltr'>πυρὶ</span> <span class='ocrx_word' id='word_1_602' title='bbox 1175 5136 1390 5207; x_wconf 73' lang='grc' dir='ltr'>βληθὲν,</span> <span class='ocrx_word' id='word_1_603' title='bbox 1430 5138 1668 5208; x_wconf 84' lang='grc' dir='ltr'>χρῆσθαι</span> <span class='ocrx_word' id='word_1_604' title='bbox 1698 5143 1811 5203; x_wconf 82' lang='grc' dir='ltr'>τοίς</span> 
     </span>
    </p>
   </div>
   <div class='ocr_carea' id='block_1_83' title="bbox 230 5222 1809 5301">
    <p class='ocr_par' dir='ltr' id='par_1_83' title="bbox 230 5222 1809 5301">
     <span class='ocr_line' id='line_1_83' title="bbox 230 5222 1809 5301; baseline 0.004 -24"><span class='ocrx_word' id='word_1_605' title='bbox 230 5222 549 5294; x_wconf 82' lang='grc' dir='ltr'>ἀνθρώποις</span> <span class='ocrx_word' id='word_1_606' title='bbox 578 5225 951 5294; x_wconf 82' lang='grc' dir='ltr'>ἀνεπιτήδειον</span> <span class='ocrx_word' id='word_1_607' title='bbox 974 5242 988 5256; x_wconf 91' lang='grc'><strong>·</strong></span> <span class='ocrx_word' id='word_1_608' title='bbox 1016 5226 1109 5279; x_wconf 79' lang='grc' dir='ltr'>καὶ</span> <span class='ocrx_word' id='word_1_609' title='bbox 1140 5226 1216 5288; x_wconf 86' lang='grc' dir='ltr'>ὡς</span> <span class='ocrx_word' id='word_1_610' title='bbox 1248 5228 1309 5279; x_wconf 82' lang='grc' dir='ltr'>τὸ</span> <span class='ocrx_word' id='word_1_611' title='bbox 1343 5228 1539 5297; x_wconf 82' lang='grc' dir='ltr'>νήπιον</span> <span class='ocrx_word' id='word_1_612' title='bbox 1564 5228 1643 5282; x_wconf 78' lang='grc' dir='ltr'><strong>ἐτι</strong></span> <span class='ocrx_word' id='word_1_613' title='bbox 1673 5231 1809 5301; x_wconf 76' lang='grc' dir='ltr'>πρὸς</span> 
     </span>
    </p>
   </div>
   <div class='ocr_carea' id='block_1_84' title="bbox 229 5312 1815 5386">
    <p class='ocr_par' dir='ltr' id='par_1_84' title="bbox 229 5312 1815 5386">
     <span class='ocr_line' id='line_1_84' title="bbox 229 5312 1815 5386; baseline 0.003 -18"><span class='ocrx_word' id='word_1_614' title='bbox 229 5314 308 5368; x_wconf 80' lang='grc' dir='ltr'>τὰ</span> <span class='ocrx_word' id='word_1_615' title='bbox 337 5312 433 5366; x_wconf 80' lang='grc' dir='ltr'>τοῦ</span> <span class='ocrx_word' id='word_1_616' title='bbox 464 5314 668 5382; x_wconf 83' lang='grc' dir='ltr'>κόσμου</span> <span class='ocrx_word' id='word_1_617' title='bbox 703 5314 841 5386; x_wconf 74' lang='grc' dir='ltr'>ἔργα</span> <span class='ocrx_word' id='word_1_618' title='bbox 872 5316 1152 5385; x_wconf 75' lang='grc' dir='ltr'>ἀδόκιμονο</span> <span class='ocrx_word' id='word_1_619' title='bbox 1200 5315 1322 5369; x_wconf 79' lang='grc' dir='ltr'>οὐτε</span> <span class='ocrx_word' id='word_1_620' title='bbox 1353 5317 1461 5385; x_wconf 81' lang='grc' dir='ltr'><strong>γάρ</strong></span> <span class='ocrx_word' id='word_1_621' title='bbox 1492 5318 1815 5386; x_wconf 82' lang='grc' dir='ltr'>οἰκοδομεῖν,</span> 
     </span>
    </p>
   </div>
   <div class='ocr_carea' id='block_1_85' title="bbox 230 5404 1814 5481">
    <p class='ocr_par' dir='ltr' id='par_1_85' title="bbox 230 5404 1814 5481">
     <span class='ocr_line' id='line_1_85' title="bbox 230 5404 1814 5481; baseline 0.003 -22"><span class='ocrx_word' id='word_1_622' title='bbox 230 5406 301 5460; x_wconf 83' lang='grc' dir='ltr'><strong>οὐ</strong></span> <span class='ocrx_word' id='word_1_623' title='bbox 333 5404 605 5474; x_wconf 83' lang='grc' dir='ltr'>φυτεύειν,</span> <span class='ocrx_word' id='word_1_624' title='bbox 660 5406 722 5459; x_wconf 90' lang='grc' dir='ltr'><strong>οὐ</strong></span> <span class='ocrx_word' id='word_1_625' title='bbox 773 5407 974 5478; x_wconf 81' lang='grc' dir='ltr'>σπόρον</span> <span class='ocrx_word' id='word_1_626' title='bbox 1020 5407 1368 5461; x_wconf 76' lang='grc' dir='ltr'>κατατιθέναι</span> <span class='ocrx_word' id='word_1_627' title='bbox 1425 5409 1671 5476; x_wconf 79' lang='grc' dir='ltr'>δύναται,</span> <span class='ocrx_word' id='word_1_628' title='bbox 1717 5411 1814 5481; x_wconf 87' lang='grc' dir='ltr'><strong>οὐχ</strong></span> 
     </span>
    </p>
   </div>
   <div class='ocr_carea' id='block_1_86' title="bbox 229 5497 1815 5568">
    <p class='ocr_par' dir='ltr' id='par_1_86' title="bbox 229 5497 1815 5568">
     <span class='ocr_line' id='line_1_86' title="bbox 229 5497 1815 5568; baseline 0.003 -16"><span class='ocrx_word' id='word_1_629' title='bbox 229 5497 428 5567; x_wconf 69' lang='grc' dir='ltr'>ἕτερόν</span> <span class='ocrx_word' id='word_1_630' title='bbox 454 5513 509 5549; x_wconf 88' lang='grc' dir='ltr'><strong>τι</strong></span> <span class='ocrx_word' id='word_1_631' title='bbox 542 5498 649 5549; x_wconf 85' lang='grc' dir='ltr'>τῶν</span> <span class='ocrx_word' id='word_1_632' title='bbox 689 5497 783 5551; x_wconf 82' lang='grc' dir='ltr'>τοῦ</span> <span class='ocrx_word' id='word_1_633' title='bbox 826 5497 1034 5567; x_wconf 84' lang='grc' dir='ltr'>κόσμου</span> <span class='ocrx_word' id='word_1_634' title='bbox 1074 5497 1250 5568; x_wconf 71' lang='grc' dir='ltr'>ἔργων</span> <span class='ocrx_word' id='word_1_635' title='bbox 1297 5499 1517 5553; x_wconf 78' lang='grc' dir='ltr'>ἀνύεινο</span> <span class='ocrx_word' id='word_1_636' title='bbox 1548 5499 1695 5555; x_wconf 75' lang='grc' dir='ltr'>οὕτω</span> <span class='ocrx_word' id='word_1_637' title='bbox 1719 5503 1815 5556; x_wconf 77' lang='grc' dir='ltr'>καὶ</span> 
     </span>
    </p>
   </div>
   <div class='ocr_carea' id='block_1_87' title="bbox 226 5587 1815 5663">
    <p class='ocr_par' dir='ltr' id='par_1_87' title="bbox 226 5587 1815 5663">
     <span class='ocr_line' id='line_1_87' title="bbox 226 5587 1815 5663; baseline 0.002 -18"><span class='ocrx_word' id='word_1_638' title='bbox 226 5589 411 5661; x_wconf 64' lang='grc' dir='ltr'>ψυχαὶ</span> <span class='ocrx_word' id='word_1_639' title='bbox 461 5587 719 5651; x_wconf 78' lang='grc' dir='ltr'>πολλάκις</span> <span class='ocrx_word' id='word_1_640' title='bbox 772 5590 879 5644; x_wconf 68' lang='grc' dir='ltr'>κᾶν</span> <span class='ocrx_word' id='word_1_641' title='bbox 907 5587 1058 5652; x_wconf 82' lang='grc' dir='ltr'>θείας</span> <span class='ocrx_word' id='word_1_642' title='bbox 1109 5588 1371 5662; x_wconf 77' lang='grc' dir='ltr'>μετέσχον</span> <span class='ocrx_word' id='word_1_643' title='bbox 1426 5592 1653 5663; x_wconf 85' lang='grc' dir='ltr'>χάριτος</span> <span class='ocrx_word' id='word_1_644' title='bbox 1719 5595 1815 5649; x_wconf 76' lang='grc' dir='ltr'>καὶ</span> 
     </span>
    </p>
   </div>
   <div class='ocr_carea' id='block_1_88' title="bbox 1914 3226 3484 3296">
    <p class='ocr_par' dir='ltr' id='par_1_88' title="bbox 1914 3226 3484 3296">
     <span class='ocr_line' id='line_1_88' title="bbox 1914 3226 3484 3296; baseline 0.001 -17"><span class='ocrx_word' id='word_1_645' title='bbox 1914 3226 2069 3296; x_wconf 76' lang='lat' dir='ltr'><strong>faciet</strong></span> <span class='ocrx_word' id='word_1_646' title='bbox 2096 3228 2258 3280; x_wconf 78' lang='lat' dir='ltr'><strong>etiam</strong></span> <span class='ocrx_word' id='word_1_647' title='bbox 2279 3243 2395 3280; x_wconf 86' lang='lat' dir='ltr'><strong>cum</strong></span> <span class='ocrx_word' id='word_1_648' title='bbox 2420 3228 2702 3280; x_wconf 84' lang='lat' dir='ltr'><strong>tentatione</strong></span> <span class='ocrx_word' id='word_1_649' title='bbox 2730 3234 2989 3292; x_wconf 82' lang='lat' dir='ltr'><strong>eventum,</strong></span> <span class='ocrx_word' id='word_1_650' title='bbox 3017 3234 3075 3278; x_wconf 84' lang='lat' dir='ltr'><strong>ut</strong></span> <span class='ocrx_word' id='word_1_651' title='bbox 3099 3227 3303 3295; x_wconf 75' lang='lat' dir='ltr'><strong>possitis</strong></span> <span class='ocrx_word' id='word_1_652' title='bbox 3324 3228 3484 3281; x_wconf 84' lang='lat' dir='ltr'><strong>susti-</strong></span> 
     </span>
    </p>
   </div>
   <div class='ocr_carea' id='block_1_89' title="bbox 1913 3316 3481 3387">
    <p class='ocr_par' dir='ltr' id='par_1_89' title="bbox 1913 3316 3481 3387">
     <span class='ocr_line' id='line_1_89' title="bbox 1913 3316 3481 3387; baseline 0.001 -17"><span class='ocrx_word' id='word_1_653' title='bbox 1913 3333 2035 3371; x_wconf 75' lang='lat' dir='ltr'><strong>nere</strong></span> <span class='ocrx_word' id='word_1_654' title='bbox 2062 3317 2127 3371; x_wconf 81' lang='grc'><strong>⁸⁸.</strong></span> <span class='ocrx_word' id='word_1_655' title='bbox 2193 3317 2381 3387; x_wconf 85' lang='lat' dir='ltr'><strong>Neque</strong></span> <span class='ocrx_word' id='word_1_656' title='bbox 2418 3333 2553 3373; x_wconf 86' lang='lat' dir='ltr'><strong>vero</strong></span> <span class='ocrx_word' id='word_1_657' title='bbox 2577 3318 2849 3381; x_wconf 86' lang='lat' dir='ltr'><strong>diabolus,</strong></span> <span class='ocrx_word' id='word_1_658' title='bbox 2890 3324 3155 3385; x_wconf 86' lang='lat' dir='ltr'><strong>quantum</strong></span> <span class='ocrx_word' id='word_1_659' title='bbox 3212 3316 3315 3386; x_wconf 89' lang='lat' dir='ltr'><strong>ipsi</strong></span> <span class='ocrx_word' id='word_1_660' title='bbox 3350 3317 3481 3372; x_wconf 88' lang='lat' dir='ltr'><strong>libi-</strong></span> 
     </span>
    </p>
   </div>
   <div class='ocr_carea' id='block_1_90' title="bbox 1912 3407 3482 3478">
    <p class='ocr_par' dir='ltr' id='par_1_90' title="bbox 1912 3407 3482 3478">
     <span class='ocr_line' id='line_1_90' title="bbox 1912 3407 3482 3478; baseline 0.001 -16"><span class='ocrx_word' id='word_1_661' title='bbox 1912 3416 2027 3462; x_wconf 90' lang='lat' dir='ltr'><strong>tum</strong></span> <span class='ocrx_word' id='word_1_662' title='bbox 2053 3414 2158 3472; x_wconf 90' lang='lat' dir='ltr'><strong>est,</strong></span> <span class='ocrx_word' id='word_1_663' title='bbox 2188 3408 2373 3478; x_wconf 77' lang='lat' dir='ltr'><strong>afﬂigit</strong></span> <span class='ocrx_word' id='word_1_664' title='bbox 2393 3409 2629 3462; x_wconf 88' lang='lat' dir='ltr'><strong>animam</strong></span> <span class='ocrx_word' id='word_1_665' title='bbox 2654 3425 2668 3473; x_wconf 89' lang='lat'><strong>;</strong></span> <span class='ocrx_word' id='word_1_666' title='bbox 2694 3407 2789 3462; x_wconf 87' lang='lat' dir='ltr'><strong>sed</strong></span> <span class='ocrx_word' id='word_1_667' title='bbox 2819 3423 2925 3476; x_wconf 88' lang='lat' dir='ltr'><strong>qua</strong></span> <span class='ocrx_word' id='word_1_668' title='bbox 2947 3421 3201 3461; x_wconf 87' lang='lat' dir='ltr'><strong>mensura</strong></span> <span class='ocrx_word' id='word_1_669' title='bbox 3232 3407 3288 3461; x_wconf 91' lang='lat' dir='ltr'><strong>id</strong></span> <span class='ocrx_word' id='word_1_670' title='bbox 3322 3423 3482 3478; x_wconf 81' lang='lat' dir='ltr'><strong>agere</strong></span> 
     </span>
    </p>
   </div>
   <div class='ocr_carea' id='block_1_91' title="bbox 1912 3500 3479 3569">
    <p class='ocr_par' dir='ltr' id='par_1_91' title="bbox 1912 3500 3479 3569">
     <span class='ocr_line' id='line_1_91' title="bbox 1912 3500 3479 3569; baseline -0.001 -15"><span class='ocrx_word' id='word_1_671' title='bbox 1912 3500 2111 3555; x_wconf 90' lang='lat' dir='ltr'><strong>sinitur</strong></span> <span class='ocrx_word' id='word_1_672' title='bbox 2139 3517 2168 3554; x_wconf 92' lang='lat' dir='ltr'><strong>a</strong></span> <span class='ocrx_word' id='word_1_673' title='bbox 2196 3502 2330 3555; x_wconf 89' lang='lat' dir='ltr'><strong>Deo.</strong></span> <span class='ocrx_word' id='word_1_674' title='bbox 2364 3501 2421 3555; x_wconf 90' lang='lat' dir='ltr'><strong>Si</strong></span> <span class='ocrx_word' id='word_1_675' title='bbox 2452 3501 2598 3554; x_wconf 88' lang='lat' dir='ltr'><strong>enim</strong></span> <span class='ocrx_word' id='word_1_676' title='bbox 2626 3500 2942 3553; x_wconf 89' lang='lat' dir='ltr'><strong>hominibus</strong></span> <span class='ocrx_word' id='word_1_677' title='bbox 2972 3500 3218 3569; x_wconf 76' lang='lat' dir='ltr'><strong>ignotum</strong></span> <span class='ocrx_word' id='word_1_678' title='bbox 3248 3516 3356 3554; x_wconf 91' lang='lat' dir='ltr'><strong>non</strong></span> <span class='ocrx_word' id='word_1_679' title='bbox 3375 3509 3479 3563; x_wconf 83' lang='lat' dir='ltr'><strong>est,</strong></span> 
     </span>
    </p>
   </div>
   <div class='ocr_carea' id='block_1_92' title="bbox 1911 3592 3481 3662">
    <p class='ocr_par' dir='ltr' id='par_1_92' title="bbox 1911 3592 3481 3662">
     <span class='ocr_line' id='line_1_92' title="bbox 1911 3592 3481 3662; baseline 0.001 -17"><span class='ocrx_word' id='word_1_680' title='bbox 1911 3600 2176 3661; x_wconf 89' lang='lat' dir='ltr'><strong>quantum</strong></span> <span class='ocrx_word' id='word_1_681' title='bbox 2208 3592 2392 3647; x_wconf 90' lang='lat' dir='ltr'><strong>oneris</strong></span> <span class='ocrx_word' id='word_1_682' title='bbox 2448 3600 2666 3661; x_wconf 87' lang='lat' dir='ltr'><strong>portare</strong></span> <span class='ocrx_word' id='word_1_683' title='bbox 2692 3594 2876 3646; x_wconf 88' lang='lat' dir='ltr'><strong>mulus</strong></span> <span class='ocrx_word' id='word_1_684' title='bbox 2922 3592 3114 3661; x_wconf 85' lang='lat' dir='ltr'><strong>possit,</strong></span> <span class='ocrx_word' id='word_1_685' title='bbox 3149 3601 3356 3660; x_wconf 89' lang='lat' dir='ltr'><strong>quanto</strong></span> <span class='ocrx_word' id='word_1_686' title='bbox 3382 3609 3481 3662; x_wconf 87' lang='lat' dir='ltr'><strong>par</strong></span> 
     </span>
    </p>
   </div>
   <div class='ocr_carea' id='block_1_93' title="bbox 1910 3680 3480 3749">
    <p class='ocr_par' dir='ltr' id='par_1_93' title="bbox 1910 3680 3480 3749">
     <span class='ocr_line' id='line_1_93' title="bbox 1910 3680 3480 3749; baseline -0.001 -14"><span class='ocrx_word' id='word_1_687' title='bbox 1910 3681 2138 3735; x_wconf 80' lang='lat' dir='ltr'><strong>ferendo</strong></span> <span class='ocrx_word' id='word_1_688' title='bbox 2176 3682 2248 3735; x_wconf 90' lang='lat' dir='ltr'><strong>sit</strong></span> <span class='ocrx_word' id='word_1_689' title='bbox 2295 3681 2505 3743; x_wconf 86' lang='lat' dir='ltr'><strong>asinus,</strong></span> <span class='ocrx_word' id='word_1_690' title='bbox 2525 3687 2732 3749; x_wconf 88' lang='lat' dir='ltr'><strong>quanto</strong></span> <span class='ocrx_word' id='word_1_691' title='bbox 2766 3681 3045 3745; x_wconf 89' lang='lat' dir='ltr'><strong>camelus;</strong></span> <span class='ocrx_word' id='word_1_692' title='bbox 3073 3680 3216 3733; x_wconf 90' lang='lat' dir='ltr'><strong>unde</strong></span> <span class='ocrx_word' id='word_1_693' title='bbox 3244 3695 3480 3734; x_wconf 86' lang='lat' dir='ltr'><strong>consen-</strong></span> 
     </span>
    </p>
   </div>
   <div class='ocr_carea' id='block_1_94' title="bbox 1913 3771 3480 3845">
    <p class='ocr_par' dir='ltr' id='par_1_94' title="bbox 1913 3771 3480 3845">
     <span class='ocr_line' id='line_1_94' title="bbox 1913 3771 3480 3845; baseline -0.001 -21"><span class='ocrx_word' id='word_1_694' title='bbox 1913 3780 2135 3826; x_wconf 89' lang='lat' dir='ltr'><strong>taneum</strong></span> <span class='ocrx_word' id='word_1_695' title='bbox 2163 3773 2430 3843; x_wconf 84' lang='lat' dir='ltr'><strong>cujusque</strong></span> <span class='ocrx_word' id='word_1_696' title='bbox 2461 3771 2675 3825; x_wconf 86' lang='lat' dir='ltr'><strong>viribus</strong></span> <span class='ocrx_word' id='word_1_697' title='bbox 2703 3772 2903 3840; x_wconf 85' lang='lat' dir='ltr'><strong>cuique</strong></span> <span class='ocrx_word' id='word_1_698' title='bbox 2934 3771 3150 3840; x_wconf 90' lang='lat' dir='ltr'><strong>pondus</strong></span> <span class='ocrx_word' id='word_1_699' title='bbox 3172 3771 3480 3845; x_wconf 83' lang='lat' dir='ltr'><strong>imponunt;</strong></span> 
     </span>
    </p>
   </div>
   <div class='ocr_carea' id='block_1_95' title="bbox 1910 3860 3483 3932">
    <p class='ocr_par' dir='ltr' id='par_1_95' title="bbox 1910 3860 3483 3932">
     <span class='ocr_line' id='line_1_95' title="bbox 1910 3860 3483 3932; baseline -0.002 -14"><span class='ocrx_word' id='word_1_700' title='bbox 1910 3872 1966 3918; x_wconf 89' lang='lat' dir='ltr'><strong>et</strong></span> <span class='ocrx_word' id='word_1_701' title='bbox 1988 3863 2031 3917; x_wconf 88' lang='lat' dir='ltr'><strong>si</strong></span> <span class='ocrx_word' id='word_1_702' title='bbox 2061 3871 2409 3932; x_wconf 86' lang='lat' dir='ltr'><strong>perspectum</strong></span> <span class='ocrx_word' id='word_1_703' title='bbox 2443 3862 2625 3932; x_wconf 81' lang='lat' dir='ltr'><strong>ﬁgulo&#39;</strong></span> <span class='ocrx_word' id='word_1_704' title='bbox 2657 3871 2761 3924; x_wconf 87' lang='lat' dir='ltr'><strong>est.</strong></span> <span class='ocrx_word' id='word_1_705' title='bbox 2784 3869 2990 3931; x_wconf 88' lang='lat' dir='ltr'><strong>quanto</strong></span> <span class='ocrx_word' id='word_1_706' title='bbox 3016 3860 3283 3930; x_wconf 85' lang='lat' dir='ltr'><strong>temporis</strong></span> <span class='ocrx_word' id='word_1_707' title='bbox 3307 3861 3483 3930; x_wconf 87' lang='lat' dir='ltr'><strong>spatio</strong></span> 
     </span>
    </p>
   </div>
   <div class='ocr_carea' id='block_1_96' title="bbox 1909 3952 3485 4022">
    <p class='ocr_par' dir='ltr' id='par_1_96' title="bbox 1909 3952 3485 4022">
     <span class='ocr_line' id='line_1_96' title="bbox 1909 3952 3485 4022; baseline -0.003 -14"><span class='ocrx_word' id='word_1_708' title='bbox 1909 3970 2038 4008; x_wconf 87' lang='lat' dir='ltr'><strong>vasa</strong></span> <span class='ocrx_word' id='word_1_709' title='bbox 2083 3953 2139 4007; x_wconf 93' lang='lat' dir='ltr'><strong>in</strong></span> <span class='ocrx_word' id='word_1_710' title='bbox 2162 3953 2385 4008; x_wconf 78' lang='lat' dir='ltr'><strong>fornace</strong></span> <span class='ocrx_word' id='word_1_711' title='bbox 2408 3952 2645 4022; x_wconf 87' lang='lat' dir='ltr'><strong>relinqui</strong></span> <span class='ocrx_word' id='word_1_712' title='bbox 2692 3952 2947 4015; x_wconf 87' lang='lat' dir='ltr'><strong>debeant,</strong></span> <span class='ocrx_word' id='word_1_713' title='bbox 2980 3966 3051 4005; x_wconf 89' lang='lat' dir='ltr'><strong>ne</strong></span> <span class='ocrx_word' id='word_1_714' title='bbox 3085 3952 3301 4021; x_wconf 81' lang='lat' dir='ltr'><strong>longius</strong></span> <span class='ocrx_word' id='word_1_715' title='bbox 3325 3967 3485 4021; x_wconf 78' lang='lat' dir='ltr'><strong>zequo</strong></span> 
     </span>
    </p>
   </div>
   <div class='ocr_carea' id='block_1_97' title="bbox 1912 4043 3481 4107">
    <p class='ocr_par' dir='ltr' id='par_1_97' title="bbox 1912 4043 3481 4107">
     <span class='ocr_line' id='line_1_97' title="bbox 1912 4043 3481 4107; baseline -0.003 -6"><span class='ocrx_word' id='word_1_716' title='bbox 1912 4046 1988 4101; x_wconf 88' lang='lat' dir='ltr'><strong>ibi</strong></span> <span class='ocrx_word' id='word_1_717' title='bbox 2019 4046 2279 4101; x_wconf 62' lang='lat' dir='ltr'><strong>haerentia</strong></span> <span class='ocrx_word' id='word_1_718' title='bbox 2314 4045 2587 4099; x_wconf 85' lang='lat' dir='ltr'><strong>dissiliant</strong></span> <span class='ocrx_word' id='word_1_719' title='bbox 2620 4060 2635 4107; x_wconf 90' lang='lat'><strong>;</strong></span> <span class='ocrx_word' id='word_1_720' title='bbox 2678 4059 2780 4099; x_wconf 90' lang='lat' dir='ltr'><strong>nec</strong></span> <span class='ocrx_word' id='word_1_721' title='bbox 2813 4057 3023 4105; x_wconf 87' lang='lat' dir='ltr'><strong>rursus,</strong></span> <span class='ocrx_word' id='word_1_722' title='bbox 3050 4052 3177 4098; x_wconf 89' lang='lat' dir='ltr'><strong>ante</strong></span> <span class='ocrx_word' id='word_1_723' title='bbox 3204 4043 3481 4097; x_wconf 75' lang='lat' dir='ltr'><strong>suﬁicien-</strong></span> 
     </span>
    </p>
   </div>
   <div class='ocr_carea' id='block_1_98' title="bbox 1912 4131 3483 4195">
    <p class='ocr_par' dir='ltr' id='par_1_98' title="bbox 1912 4131 3483 4195">
     <span class='ocr_line' id='line_1_98' title="bbox 1912 4131 3483 4195; baseline -0.003 -6"><span class='ocrx_word' id='word_1_724' title='bbox 1912 4143 2019 4189; x_wconf 92' lang='lat' dir='ltr'><strong>tem</strong></span> <span class='ocrx_word' id='word_1_725' title='bbox 2064 4134 2367 4189; x_wconf 84' lang='lat' dir='ltr'><strong>coetionem</strong></span> <span class='ocrx_word' id='word_1_726' title='bbox 2408 4147 2534 4188; x_wconf 88' lang='lat' dir='ltr'><strong>cum</strong></span> <span class='ocrx_word' id='word_1_727' title='bbox 2563 4134 2901 4195; x_wconf 84' lang='lat' dir='ltr'><strong>eximuntur,</strong></span> <span class='ocrx_word' id='word_1_728' title='bbox 2935 4132 3150 4186; x_wconf 87' lang='lat' dir='ltr'><strong>inutilia</strong></span> <span class='ocrx_word' id='word_1_729' title='bbox 3211 4131 3381 4185; x_wconf 82' lang='lat' dir='ltr'><strong>ﬁant:</strong></span> <span class='ocrx_word' id='word_1_730' title='bbox 3435 4131 3483 4185; x_wconf 90' lang='lat' dir='ltr'><strong>si</strong></span> 
     </span>
    </p>
   </div>
   <div class='ocr_carea' id='block_1_99' title="bbox 1912 4222 3485 4295">
    <p class='ocr_par' dir='ltr' id='par_1_99' title="bbox 1912 4222 3485 4295">
     <span class='ocr_line' id='line_1_99' title="bbox 1912 4222 3485 4295; baseline -0.002 -14"><span class='ocrx_word' id='word_1_731' title='bbox 1912 4236 2081 4290; x_wconf 90' lang='lat' dir='ltr'><strong>tanta,</strong></span> <span class='ocrx_word' id='word_1_732' title='bbox 2114 4228 2356 4295; x_wconf 88' lang='lat' dir='ltr'><strong>inquam.</strong></span> <span class='ocrx_word' id='word_1_733' title='bbox 2391 4226 2446 4280; x_wconf 92' lang='lat' dir='ltr'><strong>in</strong></span> <span class='ocrx_word' id='word_1_734' title='bbox 2516 4222 2739 4280; x_wconf 81' lang='lat' dir='ltr'><strong>homine</strong></span> <span class='ocrx_word' id='word_1_735' title='bbox 2794 4225 3088 4294; x_wconf 86' lang='lat' dir='ltr'><strong>prudentia</strong></span> <span class='ocrx_word' id='word_1_736' title='bbox 3161 4234 3265 4287; x_wconf 84' lang='lat' dir='ltr'><strong>est,</strong></span> <span class='ocrx_word' id='word_1_737' title='bbox 3311 4224 3485 4278; x_wconf 90' lang='lat' dir='ltr'><strong>multo</strong></span> 
     </span>
    </p>
   </div>
   <div class='ocr_carea' id='block_1_100' title="bbox 1910 4311 3482 4386">
    <p class='ocr_par' dir='ltr' id='par_1_100' title="bbox 1910 4311 3482 4386">
     <span class='ocr_line' id='line_1_100' title="bbox 1910 4311 3482 4386; baseline -0.004 -14"><span class='ocrx_word' id='word_1_738' title='bbox 1910 4324 2073 4386; x_wconf 87' lang='lat' dir='ltr'><strong>atque</strong></span> <span class='ocrx_word' id='word_1_739' title='bbox 2092 4316 2229 4371; x_wconf 76' lang='lat' dir='ltr'><strong>adeo</strong></span> <span class='ocrx_word' id='word_1_740' title='bbox 2269 4315 2499 4369; x_wconf 85' lang='lat' dir='ltr'><strong>inﬁnitis</strong></span> <span class='ocrx_word' id='word_1_741' title='bbox 2523 4315 2771 4384; x_wconf 87' lang='lat' dir='ltr'><strong>partibus</strong></span> <span class='ocrx_word' id='word_1_742' title='bbox 2794 4311 3199 4381; x_wconf 76' lang='lat' dir='ltr'><strong>magis,:divina</strong></span> <span class='ocrx_word' id='word_1_743' title='bbox 3214 4312 3482 4380; x_wconf 86' lang='lat' dir='ltr'><strong>sapientia</strong></span> 
     </span>
    </p>
   </div>
   <div class='ocr_carea' id='block_1_101' title="bbox 1908 4403 3481 4476">
    <p class='ocr_par' dir='ltr' id='par_1_101' title="bbox 1908 4403 3481 4476">
     <span class='ocr_line' id='line_1_101' title="bbox 1908 4403 3481 4476; baseline -0.003 -16"><span class='ocrx_word' id='word_1_744' title='bbox 1908 4406 2192 4476; x_wconf 79' lang='lat' dir='ltr'><strong>perspicit,</strong></span> <span class='ocrx_word' id='word_1_745' title='bbox 2217 4405 2411 4459; x_wconf 78' lang='lat' dir='ltr'><strong>animae</strong></span> <span class='ocrx_word' id='word_1_746' title='bbox 2436 4405 2637 4473; x_wconf 88' lang='lat' dir='ltr'><strong>cuique</strong></span> <span class='ocrx_word' id='word_1_747' title='bbox 2687 4412 2951 4473; x_wconf 86' lang='lat' dir='ltr'><strong>quantum</strong></span> <span class='ocrx_word' id='word_1_748' title='bbox 2981 4403 3196 4473; x_wconf 89' lang='lat' dir='ltr'><strong>pondus</strong></span> <span class='ocrx_word' id='word_1_749' title='bbox 3227 4404 3481 4458; x_wconf 78' lang='lat' dir='ltr'><strong>tentatio-</strong></span> 
     </span>
    </p>
   </div>
   <div class='ocr_carea' id='block_1_102' title="bbox 1838 4496 3483 4565">
    <p class='ocr_par' dir='ltr' id='par_1_102' title="bbox 1838 4496 3483 4565">
     <span class='ocr_line' id='line_1_102' title="bbox 1838 4496 3483 4565; baseline -0.001 -14"><span class='ocrx_word' id='word_1_750' title='bbox 1838 4498 1885 4557; x_wconf 87' lang='lat' dir='ltr'><strong>D</strong></span> <span class='ocrx_word' id='word_1_751' title='bbox 1913 4497 2001 4552; x_wconf 91' lang='lat' dir='ltr'><strong>nis</strong></span> <span class='ocrx_word' id='word_1_752' title='bbox 2036 4497 2254 4551; x_wconf 74' lang='lat' dir='ltr'><strong>immitti</strong></span> <span class='ocrx_word' id='word_1_753' title='bbox 2275 4496 2494 4559; x_wconf 87' lang='lat' dir='ltr'><strong>debeat,</strong></span> <span class='ocrx_word' id='word_1_754' title='bbox 2528 4505 2590 4551; x_wconf 91' lang='lat' dir='ltr'><strong>ut</strong></span> <span class='ocrx_word' id='word_1_755' title='bbox 2618 4510 2716 4565; x_wconf 90' lang='lat' dir='ltr'><strong>per</strong></span> <span class='ocrx_word' id='word_1_756' title='bbox 2737 4510 2858 4549; x_wconf 84' lang='lat' dir='ltr'><strong>eam</strong></span> <span class='ocrx_word' id='word_1_757' title='bbox 2898 4496 3185 4565; x_wconf 88' lang='lat' dir='ltr'><strong>probetur,</strong></span> <span class='ocrx_word' id='word_1_758' title='bbox 3210 4504 3265 4550; x_wconf 91' lang='lat' dir='ltr'><strong>et</strong></span> <span class='ocrx_word' id='word_1_759' title='bbox 3288 4496 3483 4553; x_wconf 83' lang='lat' dir='ltr'><strong>idonea</strong></span> 
     </span>
    </p>
   </div>
   <div class='ocr_carea' id='block_1_103' title="bbox 1907 4588 2508 4660">
    <p class='ocr_par' dir='ltr' id='par_1_103' title="bbox 1907 4588 2508 4660">
     <span class='ocr_line' id='line_1_103' title="bbox 1907 4588 2508 4660; baseline -0.003 -16"><span class='ocrx_word' id='word_1_760' title='bbox 1907 4605 2076 4660; x_wconf 75' lang='lat' dir='ltr'><strong>regno</strong></span> <span class='ocrx_word' id='word_1_761' title='bbox 2109 4589 2374 4644; x_wconf 71' lang='lat' dir='ltr'><strong>caelorum</strong></span> <span class='ocrx_word' id='word_1_762' title='bbox 2396 4588 2508 4643; x_wconf 87' lang='lat' dir='ltr'><strong>iiat.</strong></span> 
     </span>
    </p>
   </div>
   <div class='ocr_carea' id='block_1_104' title="bbox 1980 4677 3481 4736">
    <p class='ocr_par' dir='ltr' id='par_1_104' title="bbox 1980 4677 3481 4736">
     <span class='ocr_line' id='line_1_104' title="bbox 1980 4677 3481 4736; baseline -0.002 -1"><span class='ocrx_word' id='word_1_763' title='bbox 1980 4681 2119 4735; x_wconf 81' lang='lat' dir='ltr'><strong>XIV.</strong></span> <span class='ocrx_word' id='word_1_764' title='bbox 2148 4680 2302 4736; x_wconf 90' lang='lat' dir='ltr'><strong>Sicut</strong></span> <span class='ocrx_word' id='word_1_765' title='bbox 2333 4678 2595 4735; x_wconf 87' lang='lat' dir='ltr'><strong>cannabis</strong></span> <span class='ocrx_word' id='word_1_766' title='bbox 2629 4687 2842 4733; x_wconf 80' lang='lat' dir='ltr'><strong>mataxa</strong></span> <span class='ocrx_word' id='word_1_767' title='bbox 2876 4677 2984 4733; x_wconf 90' lang='lat' dir='ltr'><strong>nisi</strong></span> <span class='ocrx_word' id='word_1_768' title='bbox 3027 4678 3123 4732; x_wconf 89' lang='lat' dir='ltr'><strong>diu</strong></span> <span class='ocrx_word' id='word_1_769' title='bbox 3171 4679 3481 4733; x_wconf 88' lang='lat' dir='ltr'><strong>tunsionem</strong></span> 
     </span>
    </p>
   </div>
   <div class='ocr_carea' id='block_1_105' title="bbox 1906 4768 3483 4836">
    <p class='ocr_par' dir='ltr' id='par_1_105' title="bbox 1906 4768 3483 4836">
     <span class='ocr_line' id='line_1_105' title="bbox 1906 4768 3483 4836; baseline -0.003 -10"><span class='ocrx_word' id='word_1_770' title='bbox 1906 4770 2064 4836; x_wconf 84' lang='lat' dir='ltr'><strong>ferat,</strong></span> <span class='ocrx_word' id='word_1_771' title='bbox 2106 4787 2216 4825; x_wconf 90' lang='lat' dir='ltr'><strong>non</strong></span> <span class='ocrx_word' id='word_1_772' title='bbox 2261 4770 2489 4824; x_wconf 83' lang='lat' dir='ltr'><strong>habebit</strong></span> <span class='ocrx_word' id='word_1_773' title='bbox 2540 4784 2697 4823; x_wconf 91' lang='lat' dir='ltr'><strong>usum</strong></span> <span class='ocrx_word' id='word_1_774' title='bbox 2731 4770 3124 4823; x_wconf 86' lang='lat' dir='ltr'><strong>attenuationis</strong></span> <span class='ocrx_word' id='word_1_775' title='bbox 3170 4768 3224 4822; x_wconf 92' lang='lat' dir='ltr'><strong>in</strong></span> <span class='ocrx_word' id='word_1_776' title='bbox 3270 4770 3355 4822; x_wconf 83' lang='lat' dir='ltr'><strong>tila</strong></span> <span class='ocrx_word' id='word_1_777' title='bbox 3390 4784 3483 4823; x_wconf 91' lang='lat' dir='ltr'><strong>su—</strong></span> 
     </span>
    </p>
   </div>
   <div class='ocr_carea' id='block_1_106' title="bbox 1906 4859 3479 4931">
    <p class='ocr_par' dir='ltr' id='par_1_106' title="bbox 1906 4859 3479 4931">
     <span class='ocr_line' id='line_1_106' title="bbox 1906 4859 3479 4931; baseline -0.004 -12"><span class='ocrx_word' id='word_1_778' title='bbox 1906 4864 2214 4930; x_wconf 85' lang='lat' dir='ltr'><strong>tilissima;</strong></span> <span class='ocrx_word' id='word_1_779' title='bbox 2267 4862 2365 4917; x_wconf 90' lang='lat' dir='ltr'><strong>sed</strong></span> <span class='ocrx_word' id='word_1_780' title='bbox 2426 4870 2633 4931; x_wconf 85' lang='lat' dir='ltr'><strong>quanto</strong></span> <span class='ocrx_word' id='word_1_781' title='bbox 2699 4869 2928 4916; x_wconf 89' lang='lat' dir='ltr'><strong>contusa</strong></span> <span class='ocrx_word' id='word_1_782' title='bbox 2990 4861 3207 4930; x_wconf 75' lang='lat' dir='ltr'><strong>longius</strong></span> <span class='ocrx_word' id='word_1_783' title='bbox 3278 4859 3479 4925; x_wconf 83' lang='lat' dir='ltr'><strong>fuerit,</strong></span> 
     </span>
    </p>
   </div>
   <div class='ocr_carea' id='block_1_107' title="bbox 1909 4951 3484 5027">
    <p class='ocr_par' dir='ltr' id='par_1_107' title="bbox 1909 4951 3484 5027">
     <span class='ocr_line' id='line_1_107' title="bbox 1909 4951 3484 5027; baseline -0.004 -17"><span class='ocrx_word' id='word_1_784' title='bbox 1909 4965 2116 5027; x_wconf 88' lang='lat' dir='ltr'><strong>quanto</strong></span> <span class='ocrx_word' id='word_1_785' title='bbox 2145 4954 2315 5009; x_wconf 77' lang='lat' dir='ltr'><strong>radiis</strong></span> <span class='ocrx_word' id='word_1_786' title='bbox 2347 4954 2627 5025; x_wconf 68' lang='lat' dir='ltr'><strong>pet-tinum</strong></span> <span class='ocrx_word' id='word_1_787' title='bbox 2659 4952 2867 5008; x_wconf 89' lang='lat' dir='ltr'><strong>sulcata</strong></span> <span class='ocrx_word' id='word_1_788' title='bbox 2903 4951 3175 5016; x_wconf 80' lang='lat' dir='ltr'><strong>crebrihs,</strong></span> <span class='ocrx_word' id='word_1_789' title='bbox 3206 4959 3355 5005; x_wconf 90' lang='lat' dir='ltr'><strong>tanto</strong></span> <span class='ocrx_word' id='word_1_790' title='bbox 3384 4967 3484 5020; x_wconf 85' lang='lat' dir='ltr'><strong>pn-</strong></span> 
     </span>
    </p>
   </div>
   <div class='ocr_carea' id='block_1_108' title="bbox 1913 5042 3484 5115">
    <p class='ocr_par' dir='ltr' id='par_1_108' title="bbox 1913 5042 3484 5115">
     <span class='ocr_line' id='line_1_108' title="bbox 1913 5042 3484 5115; baseline -0.003 -13"><span class='ocrx_word' id='word_1_791' title='bbox 1913 5048 2028 5103; x_wconf 87' lang='lat' dir='ltr'><strong>rior</strong></span> <span class='ocrx_word' id='word_1_792' title='bbox 2066 5046 2364 5115; x_wconf 83' lang='lat' dir='ltr'><strong>utiliorque</strong></span> <span class='ocrx_word' id='word_1_793' title='bbox 2406 5044 2621 5099; x_wconf 82' lang='lat' dir='ltr'><strong>evadet.</strong></span> <span class='ocrx_word' id='word_1_794' title='bbox 2672 5045 2740 5097; x_wconf 90' lang='lat' dir='ltr'><strong>Et</strong></span> <span class='ocrx_word' id='word_1_795' title='bbox 2785 5042 3246 5114; x_wconf 89' lang='lat' dir='ltr'><strong>quemadmodum</strong></span> <span class='ocrx_word' id='word_1_796' title='bbox 3292 5058 3484 5097; x_wconf 86' lang='lat' dir='ltr'><strong>recens</strong></span> 
     </span>
    </p>
   </div>
   <div class='ocr_carea' id='block_1_109' title="bbox 1914 5133 3487 5206">
    <p class='ocr_par' dir='ltr' id='par_1_109' title="bbox 1914 5133 3487 5206">
     <span class='ocr_line' id='line_1_109' title="bbox 1914 5133 3487 5206; baseline -0.005 -13"><span class='ocrx_word' id='word_1_797' title='bbox 1914 5139 2208 5193; x_wconf 83' lang='lat' dir='ltr'><strong>formatum</strong></span> <span class='ocrx_word' id='word_1_798' title='bbox 2242 5152 2358 5202; x_wconf 87' lang='lat' dir='ltr'><strong>vas,</strong></span> <span class='ocrx_word' id='word_1_799' title='bbox 2393 5136 2573 5206; x_wconf 87' lang='lat' dir='ltr'><strong>quoad</strong></span> <span class='ocrx_word' id='word_1_800' title='bbox 2616 5135 2929 5190; x_wconf 87' lang='lat' dir='ltr'><strong>induratum</strong></span> <span class='ocrx_word' id='word_1_801' title='bbox 2977 5135 3103 5204; x_wconf 77' lang='lat' dir='ltr'><strong>igne</strong></span> <span class='ocrx_word' id='word_1_802' title='bbox 3146 5133 3331 5195; x_wconf 81' lang='lat' dir='ltr'><strong>fuerit,</strong></span> <span class='ocrx_word' id='word_1_803' title='bbox 3368 5133 3487 5186; x_wconf 89' lang='lat' dir='ltr'><strong>ine-</strong></span> 
     </span>
    </p>
   </div>
   <div class='ocr_carea' id='block_1_110' title="bbox 1912 5224 3484 5300">
    <p class='ocr_par' dir='ltr' id='par_1_110' title="bbox 1912 5224 3484 5300">
     <span class='ocr_line' id='line_1_110' title="bbox 1912 5224 3484 5300; baseline -0.006 -15"><span class='ocrx_word' id='word_1_804' title='bbox 1912 5240 2067 5300; x_wconf 89' lang='lat' dir='ltr'><strong>ptum</strong></span> <span class='ocrx_word' id='word_1_805' title='bbox 2098 5240 2183 5285; x_wconf 88' lang='lat' dir='ltr'><strong>est</strong></span> <span class='ocrx_word' id='word_1_806' title='bbox 2209 5229 2406 5283; x_wconf 87' lang='lat' dir='ltr'><strong>usibus</strong></span> <span class='ocrx_word' id='word_1_807' title='bbox 2428 5227 2715 5292; x_wconf 81' lang='lat' dir='ltr'><strong>humanis;</strong></span> <span class='ocrx_word' id='word_1_808' title='bbox 2746 5226 2984 5295; x_wconf 83' lang='lat' dir='ltr'><strong>denique</strong></span> <span class='ocrx_word' id='word_1_809' title='bbox 3002 5224 3171 5279; x_wconf 90' lang='lat' dir='ltr'><strong>veluti</strong></span> <span class='ocrx_word' id='word_1_810' title='bbox 3197 5238 3334 5293; x_wconf 89' lang='lat' dir='ltr'><strong>puer</strong></span> <span class='ocrx_word' id='word_1_811' title='bbox 3354 5238 3484 5292; x_wconf 89' lang='lat' dir='ltr'><strong>par-</strong></span> 
     </span>
    </p>
   </div>
   <div class='ocr_carea' id='block_1_111' title="bbox 1912 5312 3485 5377">
    <p class='ocr_par' dir='ltr' id='par_1_111' title="bbox 1912 5312 3485 5377">
     <span class='ocr_line' id='line_1_111' title="bbox 1912 5312 3485 5377; baseline -0.008 -1"><span class='ocrx_word' id='word_1_812' title='bbox 1912 5323 2074 5376; x_wconf 86' lang='lat' dir='ltr'><strong>vulus</strong></span> <span class='ocrx_word' id='word_1_813' title='bbox 2101 5336 2211 5374; x_wconf 91' lang='lat' dir='ltr'><strong>non</strong></span> <span class='ocrx_word' id='word_1_814' title='bbox 2248 5320 2479 5373; x_wconf 83' lang='lat' dir='ltr'><strong>idoneus</strong></span> <span class='ocrx_word' id='word_1_815' title='bbox 2505 5325 2595 5371; x_wconf 73' lang='lat' dir='ltr'><strong>eat</strong></span> <span class='ocrx_word' id='word_1_816' title='bbox 2621 5312 2688 5370; x_wconf 85' lang='lat' dir='ltr'><strong>ad</strong></span> <span class='ocrx_word' id='word_1_817' title='bbox 2719 5315 3030 5369; x_wconf 78' lang='lat' dir='ltr'><strong>functiones</strong></span> <span class='ocrx_word' id='word_1_818' title='bbox 3054 5313 3199 5377; x_wconf 77' lang='lat' dir='ltr'><strong>vitae,</strong></span> <span class='ocrx_word' id='word_1_819' title='bbox 3230 5325 3353 5365; x_wconf 89' lang='lat' dir='ltr'><strong>cum</strong></span> <span class='ocrx_word' id='word_1_820' title='bbox 3382 5324 3485 5364; x_wconf 90' lang='lat' dir='ltr'><strong>nec</strong></span> 
     </span>
    </p>
   </div>
   <div class='ocr_carea' id='block_1_112' title="bbox 1911 5400 3482 5477">
    <p class='ocr_par' dir='ltr' id='par_1_112' title="bbox 1911 5400 3482 5477">
     <span class='ocr_line' id='line_1_112' title="bbox 1911 5400 3482 5477; baseline -0.009 -11"><span class='ocrx_word' id='word_1_821' title='bbox 1911 5411 2205 5474; x_wconf 69' lang='lat' dir='ltr'><strong>aediﬁcare,</strong></span> <span class='ocrx_word' id='word_1_822' title='bbox 2238 5423 2342 5463; x_wconf 90' lang='lat' dir='ltr'><strong>nec</strong></span> <span class='ocrx_word' id='word_1_823' title='bbox 2384 5408 2653 5477; x_wconf 88' lang='lat' dir='ltr'><strong>plantare,</strong></span> <span class='ocrx_word' id='word_1_824' title='bbox 2692 5419 2795 5459; x_wconf 86' lang='lat' dir='ltr'><strong>nec</strong></span> <span class='ocrx_word' id='word_1_825' title='bbox 2836 5418 3024 5458; x_wconf 89' lang='lat' dir='ltr'><strong>semen</strong></span> <span class='ocrx_word' id='word_1_826' title='bbox 3072 5402 3129 5456; x_wconf 89' lang='lat' dir='ltr'><strong>in</strong></span> <span class='ocrx_word' id='word_1_827' title='bbox 3165 5410 3362 5455; x_wconf 89' lang='lat' dir='ltr'><strong>terram</strong></span> <span class='ocrx_word' id='word_1_828' title='bbox 3397 5400 3482 5470; x_wconf 73' lang='lat' dir='ltr'><strong>ja-</strong></span> 
     </span>
    </p>
   </div>
   <div class='ocr_carea' id='block_1_113' title="bbox 1912 5492 3484 5570">
    <p class='ocr_par' dir='ltr' id='par_1_113' title="bbox 1912 5492 3484 5570">
     <span class='ocr_line' id='line_1_113' title="bbox 1912 5492 3484 5570; baseline -0.009 -11"><span class='ocrx_word' id='word_1_829' title='bbox 1912 5518 2039 5559; x_wconf 87' lang='lat' dir='ltr'><strong>cere</strong></span> <span class='ocrx_word' id='word_1_830' title='bbox 2068 5502 2135 5557; x_wconf 89' lang='lat' dir='ltr'><strong>ad</strong></span> <span class='ocrx_word' id='word_1_831' title='bbox 2180 5501 2286 5556; x_wconf 88' lang='lat' dir='ltr'><strong>hoc</strong></span> <span class='ocrx_word' id='word_1_832' title='bbox 2317 5506 2563 5570; x_wconf 87' lang='lat' dir='ltr'><strong>paratam</strong></span> <span class='ocrx_word' id='word_1_833' title='bbox 2589 5497 2788 5558; x_wconf 84' lang='lat' dir='ltr'><strong>valeat.</strong></span> <span class='ocrx_word' id='word_1_834' title='bbox 2820 5503 2915 5550; x_wconf 89' lang='lat' dir='ltr'><strong>aut</strong></span> <span class='ocrx_word' id='word_1_835' title='bbox 2942 5493 3093 5549; x_wconf 90' lang='lat' dir='ltr'><strong>aliud</strong></span> <span class='ocrx_word' id='word_1_836' title='bbox 3119 5492 3250 5563; x_wconf 91' lang='lat' dir='ltr'><strong>quid</strong></span> <span class='ocrx_word' id='word_1_837' title='bbox 3275 5507 3343 5547; x_wconf 77' lang='lat' dir='ltr'><strong>ex</strong></span> <span class='ocrx_word' id='word_1_838' title='bbox 3380 5507 3484 5546; x_wconf 84' lang='lat' dir='ltr'><strong>usu</strong></span> 
     </span>
    </p>
   </div>
   <div class='ocr_carea' id='block_1_114' title="bbox 1913 5581 3485 5665">
    <p class='ocr_par' dir='ltr' id='par_1_114' title="bbox 1913 5581 3485 5665">
     <span class='ocr_line' id='line_1_114' title="bbox 1913 5581 3485 5665; baseline -0.009 -14"><span class='ocrx_word' id='word_1_839' title='bbox 1913 5595 2106 5651; x_wconf 87' lang='lat' dir='ltr'><strong>mundi</strong></span> <span class='ocrx_word' id='word_1_840' title='bbox 2151 5593 2315 5665; x_wconf 88' lang='lat' dir='ltr'><strong>hujus</strong></span> <span class='ocrx_word' id='word_1_841' title='bbox 2358 5604 2519 5663; x_wconf 78' lang='lat' dir='ltr'><strong>agere</strong></span> <span class='ocrx_word' id='word_1_842' title='bbox 2554 5605 2567 5644; x_wconf 90' lang='lat'><strong>:</strong></span> <span class='ocrx_word' id='word_1_843' title='bbox 2608 5588 2688 5645; x_wconf 87' lang='lat' dir='ltr'><strong>sic</strong></span> <span class='ocrx_word' id='word_1_844' title='bbox 2734 5586 2930 5642; x_wconf 68' lang='lat' dir='ltr'><strong>animae</strong></span> <span class='ocrx_word' id='word_1_845' title='bbox 2974 5585 3317 5656; x_wconf 80' lang='lat' dir='ltr'><strong>plerumque,</strong></span> <span class='ocrx_word' id='word_1_846' title='bbox 3356 5581 3485 5638; x_wconf 84' lang='lat' dir='ltr'><strong>licet</strong></span> 
     </span>
    </p>
   </div>
   <div class='ocr_carea' id='block_1_115' title="bbox 291 5762 1922 5845">
    <p class='ocr_par' dir='ltr' id='par_1_115' title="bbox 291 5762 1922 5845">
     <span class='ocr_line' id='line_1_115' title="bbox 291 5762 1922 5845; baseline 0.001 -23"><span class='ocrx_word' id='word_1_847' title='bbox 291 5770 332 5811; x_wconf 62' lang='grc' dir='ltr'><strong>ξ’</strong></span> <span class='ocrx_word' id='word_1_848' title='bbox 365 5767 527 5831; x_wconf 74' lang='lat' dir='ltr'><strong>Ilum.</strong></span> <span class='ocrx_word' id='word_1_849' title='bbox 558 5780 674 5830; x_wconf 78' lang='lat' dir='ltr'><strong>vui,</strong></span> <span class='ocrx_word' id='word_1_850' title='bbox 867 5764 913 5796; x_wconf 83' lang='lat'>&quot;</span> <span class='ocrx_word' id='word_1_851' title='bbox 972 5762 1142 5820; x_wconf 87' lang='lat' dir='ltr'><strong>Eccli.</strong></span> <span class='ocrx_word' id='word_1_852' title='bbox 1203 5781 1263 5834; x_wconf 83' lang='grc' dir='ltr'><strong>ιι,</strong></span> <span class='ocrx_word' id='word_1_853' title='bbox 1293 5768 1344 5823; x_wconf 72' lang='lat' dir='ltr'><strong>l.</strong></span> <span class='ocrx_word' id='word_1_854' title='bbox 1378 5838 1381 5845; x_wconf 19' lang='grc' dir='ltr'>Γ</span> <span class='ocrx_word' id='word_1_855' title='bbox 1420 5768 1465 5800; x_wconf 79' lang='grc'>⁸⁸</span> <span class='ocrx_word' id='word_1_856' title='bbox 1505 5770 1523 5824; x_wconf 93' lang='lat' dir='ltr'><strong>l</strong></span> <span class='ocrx_word' id='word_1_857' title='bbox 1558 5770 1682 5825; x_wconf 79' lang='lat' dir='ltr'><strong>Cor.</strong></span> <span class='ocrx_word' id='word_1_858' title='bbox 1732 5785 1791 5833; x_wconf 70' lang='grc' dir='ltr'>ιι,-</span> <span class='ocrx_word' id='word_1_859' title='bbox 1838 5768 1922 5823; x_wconf 80' lang='grc'><strong>15.</strong></span> 
     </span>
    </p>
   </div>
  </div>
