4044 6568
577 341 684 417 94⁵1

1815 348 1876 412 8.
1913 346 2231 413 MACARII
2270 348 2591 409 )EGYPTII

3724 345 3827 407 ωε

579 453 781 512 divinae
821 452 1121 526 participes
1150 457 1359 529 gratiae,
1387 456 1603 515 etiamsi
1649 472 1748 527 per
1774 456 1872 511 Dei
1904 455 2156 526 benigni-

2271 454 2369 509 εἷεν
2399 455 2986 528 ἐμπληροφορούμεναι
3004 458 3070 529 τῇ
3099 456 3399 530 γλυκύτητι
3425 456 3520 511 καὶ
3563 458 3634 525 τῇ
3659 456 3829 509 [laed—

582 554 750 600 tatem
796 545 1169 618 indulgentem
1202 550 1445 606 infantiae
1477 550 1739 619 ipsarum,
1770 546 2001 616 perfusa:
2031 545 2152 600 fue-

582 636 693 690 rint
722 636 1030 693 .dulcedine
1076 640 1283 695 caelesti
1306 683 1320 703 .
1353 656 1527 710 usque
1557 640 1623 693 ad
1669 638 1991 709 gustandam
2032 636 2156 706 Spi-

583 726 726 780 ritus
753 728 1031 795 requiem;
1067 729 1312 782 nondum
1343 741 1522 786 tamen
1556 727 1974 798 probationibus
2000 742 2157 781 exer-

584 819 737 883 citae;
764 818 1006 873 nondum
1043 821 1337 889 explorata:
1363 820 1630 873 malorum
1659 819 1951 889 spirituum
1984 818 2156 874 insul-

586 909 735 964 tibus
767 910 967 975 variis;
1004 910 1141 965 nihil
1182 911 1320 969 ultra
1371 910 1639 980 puerilem
1689 920 1818 965 sunt
1856 923 2157 979 progressae

587 999 909 1066 balbutiem,
942 1009 1001 1053 ut
1036 1000 1111 1059 ita
1157 1000 1358 1065 dicam,
1394 1001 1631 1059 necdum
1679 1008 1818 1070 aptae
1863 1015 2029 1069 regno
2061 999 2155 1055 Dei

588 1098 717 1144 sunt
788 1089 1046 1143 Etenim:
1090 1089 1149 1144 Si
1199 1100 1349 1145 extra
1406 1091 1739 1155 disciplinam
1792 1091 1890 1159 (ait
1937 1090 2157 1145 divinus

586 1180 899 1247 Apostolus)
930 1183 1071 1244 estis,
1117 1182 1267 1251 cujus
1299 1184 1583 1253 participes
1620 1182 1748 1251 facti
1791 1189 1913 1235 sunt
1947 1197 2157 1247 omnes;

587 1285 707 1339 ergo
741 1269 990 1335 adulteri,
1025 1281 1075 1325 et
1117 1288 1220 1326 non
1262 1270 1364 1339 ﬁlii
1411 1273 1532 1326 eatis
1565 1271 1633 1325 ⁸⁸.
1668 1272 1856 1340 Itaque
1888 1278 1943 1325 et
1984 1280 2159 1326 tenta-

591 1364 767 1415 tiones
794 1369 850 1415 et
879 1360 1202 1417 amictiones
1242 1362 1454 1419 utiliter
1504 1363 1876 1418 immittuntur
1915 1362 2155 1429 homini;

591 1452 778 1520 utique
826 1452 1197 1519 probatiorem
1246 1464 1302 1509 et
1350 1454 1714 1508 robustiorem
1761 1454 1880 1524 ejus
1920 1454 2158 1507 animam

591 1542 900 1606 redtlentes,
932 1558 1068 1612 quas
1105 1544 1150 1598 si
1178 1544 1247 1599 ad
1282 1545 1445 1599 tinem
1480 1560 1651 1615 usque
1692 1546 2003 1614 pertulerit,
2031 1559 2158 1599 cum

590 1648 688 1702 spe
714 1633 781 1687 ad
813 1634 1139 1700 Dominum;
1172 1635 1289 1690 fieri
1320 1652 1429 1691 non
1450 1637 1669 1705 poterit,
1699 1636 1832 1706 quin
1860 1651 2161 1706 consequa-

595 1735 683 1779 tur
710 1725 1102 1793 promissioncs
1146 1726 1407 1795 Spiritus.
1441 1737 1497 1781 et
1543 1727 1925 1783 liberationem
1967 1742 1999 1783 a
2033 1742 2160 1800 per-

594 1813 996 1870 turbationibus
1024 1815 1322 1871 affectuum
1354 1833 1671 1887 pravorum.

662 1902 775 1958 XV.
801 1904 1273 1970 Quemadmodum
1300 1923 1397 1977 per
1429 1910 1601 1964 multa
1636 1909 1869 1965 traducti
1897 1920 2164 1966 tormenta

593 2003 882 2067 martyres,
922 2006 1209 2067 postquam
1254 2014 1429 2069 usque
1458 2001 1525 2056 ad
1560 2001 1730 2071 ipsam
1774 2003 1940 2056 etiam
1982 2003 2165 2072 perfev

595 2087 821 2141 rendam
857 2098 1089 2143 mortem
1139 2090 1310 2149 robur
1341 2091 1557 2147 invictae
1605 2093 1944 2149 fortitudinis
1978 2104 2164 2150 ostenu-

591 2177 830 2244 derunt;
883 2181 1103 2236 coronis
1150 2182 1232 2237 sic
1272 2183 1457 2253 gloria:
1498 2184 1627 2239 facti
1677 2195 1807 2240 sunt
1855 2186 2006 2256 digni
2051 2205 2064 2240 :
2104 2201 2168 2240 ac

593 2277 802 2336 quanto
832 2270 1084 2338 pluribus
1114 2282 1171 2329 et
1198 2273 1543 2342 gravioribus
1580 2277 1852 2345 perfuncti
1888 2277 2168 2332 laboribus

595 2367 744 2424 sunt,
783 2368 933 2415 tanto
960 2364 1221 2433 majorem
1265 2364 1409 2433 apud
1440 2366 1609 2421 Deum
1652 2368 1955 2422 claritatem
1994 2383 2057 2423 ac
2099 2369 2167 2423 li-

596 2447 867 2502 bertatem
903 2458 1031 2504 sunt
1059 2451 1243 2520 adepti
1271 2470 1286 2506 :
1314 2454 1520 2522 pariter
1550 2456 1746 2511 anima:
1770 2456 1972 2511 diversi
2002 2473 2168 2527 gene-

598 2539 674 2592 ris
703 2538 1089 2597 afﬂictionibus
1113 2543 1276 2615 214
1309 2546 1545 2612 traditae,
1576 2547 1691 2605 sive
1723 2547 1809 2611 iis,
1843 2565 1964 2617 quae
1990 2550 2169 2619 palam

598 2630 666 2683 ab
697 2629 1013 2687 hominibus
1055 2636 1500 2702 proﬁciscuntur.
1533 2637 1648 2692 sive
1693 2654 1815 2707 qua:
1847 2640 1989 2695 intra
2020 2655 2173 2695 men-

601 2726 709 2771 tem
759 2721 1083 2792 contingunt
1131 2726 1557 2795 exsurgentibus
1603 2728 2033 2798 cogitationibus
2074 2731 2172 2784 ab-

599 2809 815 2877 surdis;
850 2811 965 2868 sive
997 2830 1118 2884 quaa
1166 2818 1373 2872 morbis
1406 2820 1686 2888 corporeis
1716 2834 1837 2877 sese
1877 2830 2169 2888 exserunt;

601 2898 645 2951 si
676 2900 969 2968 patienter,
1013 2908 1419 2973 perseverando
1452 2924 1626 2979 usque
1672 2910 1741 2964 ad
1786 2911 1951 2967 finem
1976 2913 2175 2969 tolera-

602 2991 799 3056 verint,
835 2993 1053 3051 easdem
1089 3011 1214 3053 cum
1258 3000 1593 3070 martyribus
1636 3016 1889 3067 coronas,
1925 3004 2171 3059 eamdem

2260 566 2426 619 ματος
2466 548 2791 611 ἀναπαύσει,
2823 549 2909 602 διὰ
2941 549 3042 618 τὴν
3076 549 3258 605 αὐτῶν
3296 553 3613 621 νηπιότητα
3643 549 3713 615 τῇ
3735 545 3829 599 τοῦ

2255 639 2459 709 Κυρίου
2498 642 2845 709 χρηστότητι,
2896 638 3011 692 ἀλλ’
3049 635 3142 693 οὖν
3176 640 3344 711 μήπω
3381 637 3829 707 δοκιμασθεῖσαι,

2256 729 2379 800 μηδ’
2421 730 2526 783 ὑπὸ
2580 730 2689 783 τῶν
2738 731 2992 803 πονηρῶν
3044 732 3373 801 πνευμάτων
3414 731 3707 800 διαφόροις
3752 729 3833 791 {Ec

2256 818 2563 874 ετασθεῖσαι
2588 820 2851 890 θλίψεσιν,
2879 822 2959 876 ἔτι
2977 823 3077 892 τῆς
3097 824 3419 893 νηπιότητος
3445 822 3695 892 ἔχονται,
3722 822 3835 885 καὶ.

2260 908 2325 962 ἵν’
2354 907 2527 973 οὕτως
2554 911 2715 975 εἴπω,
2745 911 2959 965 οὐδέπω
2981 912 3118 981 πρὸς
3141 913 3242 984 τὴν
3265 913 3375 966 τῶν
3395 911 3651 983 οὐρανῶν
3687 909 3839 979 βασι·

2256 996 2407 1050 λείαν
2430 998 2750 1070 ἐπιτηδείως
2787 999 3001 1070 ἔχωσιν
3025 1017 3041 1035 ⁸
3072 1004 3143 1058 El
3172 1002 3282 1073 γὰρ
3308 1003 3489 1072 χωρίς
3524 1001 3701 1059 ἐστιν
3736 1013 3837 1064 φηο

2260 1084 2343 1139 civ
2369 1086 2398 1137 ὁ
2424 1085 2565 1151 Θεῖος
2608 1088 2949 1155 ’Δπόστολος,
2976 1090 3249 1157 παιδείας
3269 1086 3343 1160 ἧς
3375 1089 3629 1160 μέτοχοι
3668 1090 3839 1155 πῖθ’

2257 1191 2401 1237 ram.
2427 1178 2671 1245 πάντες,
2711 1179 2825 1248 ἄρα
2860 1182 3025 1238 νόθοι
3057 1182 3201 1236 ἐστέ
3231 1182 3331 1236 και
3366 1184 3480 1250 οὐχ
3510 1180 3636 1235 vlo!
3658 1197 3673 1210 -
3700 1178 3839 1231 ὥστε

2260 1271 2354 1321 xa‘t
2383 1270 2431 1322 οἱ
2472 1271 2768 1340 πειρασμοὶ
2795 1271 2893 1324 καὶ
2924 1272 2982 1326 αἱ
3025 1272 3233 1341 θλίψεις
3276 1273 3418 1326 κατά
3440 1272 3503 1325 τὸ
3558 1271 3841 1335 λυσιτελὲς

2261 1361 2558 1429 ἐπάγονται
2628 1362 2707 1433 τῷ
2777 1361 3070 1434 ἀνθρώπῳ,
3121 1363 3497 1436 δοκιμωτέραν
3546 1362 3699 1416 οὕτω
3753 1364 3843 1416 καὶ

2264 1450 2625 1521 στερροτέραν
2655 1451 3021 1521 ἐργαζόμεναι
3047 1450 3145 1520 τὴν
3172 1450 3378 1520 ψυχήν·
3415 1450 3512 1503 καὶ
3553 1451 3724 1517 εῖπερ
3767 1451 3845 1510 εἰς

2261 1539 2415 1603 τέλος
2458 1539 2719 1609 ὑπομένοι
2772 1540 2891 1610 μετ’
2918 1540 3132 1603 ἐλπίδος
3172 1540 3271 1609 τῆς
3299 1539 3435 1609 προς
3470 1539 3568 1591 τὸν
3608 1537 3845 1607 Κύριον,

2261 1632 2539 1703 ἀμήχανον
2562 1631 2849 1702 ἀποτυχεῖν
2867 1631 3037 1704 αὐτὴν
3058 1633 3156 1702 τῆς
3184 1632 3511 1700 ἐπαγγελίας
3540 1630 3640 1684 τοῦ
3674 1630 3847 1682 Πνεῦ-

2266 1738 2453 1794 ματος,
2472 1720 2683 1793 καὶτῆς
2714 1721 3143 1793 ἀπολυτρώσεως
3172 1720 3284 1776 τῶν
3313 1721 3513 1787 κακίας
3544 1721 3770 1776 παθῶν.

2342 1896 2446 1954 ΙΕ’.
2474 1898 2686 1969 Ὠσπερ
2752 1896 2977 1963 πολλαῖς
3045 1894 3296 1969 βασάνοις
3337 1900 3746 1971 διωμιληκὸτες
3798 1901 3846 1953 οι

2269 1989 2563 2061 μάρτυρες,
2614 1989 2709 2045 καὶ
2765 1988 2994 2045 θανάτου
3050 1993 3212 2063 μέχρι
3269 1992 3339 2047 τὰ
3376 1993 3476 2063 τῆς
3538 1993 3847 2063 καρτερίας

2267 2080 2690 2148 ἐπιδειξάμενοι,
2728 2082 3013 2150 στεφάνων
3054 2082 3197 2136 οὕτω
3235 2083 3337 2153 τῆς
3361 2083 3515 2154 δόξης
3546 2086 3845 2151 γεγόνασιν

2267 2172 2438 2235 ἄξιοιο
2477 2172 2569 2223 καὶ
2602 2173 2712 2242 ὅσῳ
2748 2173 2957 2226 πλείοσι
3000 2175 3094 2226 καὶ
3140 2174 3540 2243 χαλεπωτέροις
3574 2177 3695 2237 τοῖς
3729 2178 3844 2229 tato

2270 2264 2457 2326 πόνοις
2491 2263 2818 2335 ἐχρήσαντο,
2849 2265 3067 2319 πλείονα
3110 2266 3206 2318 καὶ
3235 2266 3337 2336 τὴν
3382 2266 3542 2330 δόξαν
3593 2266 3694 2320 καὶ
3753 2268 3845 2335 τὴν

2269 2353 2406 2423 πρὸς
2434 2354 2566 2409 Θεὸν
2590 2355 2889 2423 ἐκτήσαντο
2923 2355 3237 2427 παρρησίαν
3257 2372 3271 2386 ο
3312 2356 3404 2410 τὸν
3434 2355 3605 2409 αὐτὸν
3630 2356 3699 2426 δὴ
3725 2358 3848 2426 τρό-

2270 2462 2371 2499 πον
2402 2447 2496 2500 καὶ
2539 2444 2708 2515 ψυχαὶ
2756 2444 3033 2519 διαφόροις
3077 2447 3469 2516 παραδοθεῖσαι
3505 2446 3845 2516 “byssina

2267 2538 2346 2608 τῷ
2390 2538 2698 2609 φαινομένῳ
2742 2539 2860 2600 ταῖς
2903 2537 2964 2603 ἐξ
3008 2538 3311 2610 ἀνθρώπιον
3350 2540 3846 2610 ἐπερχομέναις,ἦ

2270 2627 2346 2699 τῷ
2378 2629 2648 2700 νοουμένῳ
2684 2629 2959 2701 λογισμοῖς
3009 2630 3228 2693 ἀτόποις
3265 2630 3669 2699 ἐγγινομένας,
3701 2629 3738 2697 ἦ
3766 2629 3849 2681 νό-

2273 2740 2387 2786 σοις
2434 2726 2773 2793 σωματικαῖς
2822 2723 3302 2795 ἀποτικτομέναις,
3359 2726 3409 2777 εἰ
3462 2724 3633 2794 μέχρι
3663 2722 3849 2785 τέλους

2270 2816 2369 2886 τὴν
2408 2814 2683 2887 ὑπομονὴν
2715 2816 3053 2884 διενέγκωσι,
3082 2815 3193 2873 τῶν
3220 2816 3403 2869 αὐτῶν
3432 2818 3548 2879 τοῖς
3611 2816 3847 2885 μάρτυσι

2275 2909 2576 2979 στεφάνων,
2614 2908 2711 2963 καὶ
2737 2908 2837 2978 τῆς
2884 2908 3055 2978 αὐτῆς
3086 2906 3462 2974 ἐπι-τεύξονται
3496 2909 3846 2979 παρρησίας·

2272 3003 2396 3056 ἐπεὶ
2423 3003 2520 3056 καὶ
2555 3002 2616 3057 τὸ
2647 3002 2945 3074 μαρτύριον
2995 3002 3104 3056 τῶν
3166 3001 3417 3071 θλίψεων,
3475 3003 3623 3072 ὅπερ
3656 3003 3849 3055 ἐκεῖνοι

602 3080 747 3149 apud
794 3083 965 3139 Deum
1011 3098 1418 3157 consequentur
1460 3092 1799 3162 libertatem;
1834 3096 2172 3166 quandoqui-

2280 3092 2347 3146 δι’
2375 3091 2697 3164 ἀνθρώπων,
2728 3087 2871 3148 οὗτοι
2921 3092 3010 3151 διὰ
3051 3091 3160 3147 τῶν
3203 3093 3472 3162 πονηρίας
3516 3092 3851 3159 πνευμάτων

602 3172 725 3226 dem
777 3175 1097 3245 martyrium
1147 3177 1536 3247 atﬂictionum,
1590 3185 1734 3253 quod
1786 3196 2055 3257 martyres
2104 3188 2172 3243 ab

2277 3185 2506 3249 ἐκείνοις
2565 3185 2978 3256 ἐνεργησάντων
3025 3182 3508 3255 ὑπομεμενηκότες
3561 3184 3697 3243 εἰσὶ,
3762 3184 3850 3233 καὶ

602 3260 921 3318 hominibus
949 3273 1080 3320 sunt
1101 3267 1270 3336 passi,
1303 3269 1357 3323 hi
1384 3270 1454 3324 ab
1481 3271 1936 3340 impressionibus
1957 3277 2176 3334 acerbis

603 3350 928 3409 infestorum
988 3354 1123 3424 ipsis
1181 3357 1543 3428 malignorum
1587 3361 1879 3431 spirituum
1932 3365 2176 3433 pertule-

604 3453 769 3509 runt;
814 3458 878 3499 ac
922 3453 1129 3514 quanto
1175 3447 1363 3517 plures
1412 3449 1470 3504 bi
1521 3465 1742 3521 quoque
1785 3454 2176 3524 gravioresque

603 3534 945 3593 adversantis
976 3536 1213 3596 inaultus
1236 3539 1440 3595 diaboli
1484 3544 1728 3612 perpessi
1771 3544 1998 3610 fuerint,
2026 3554 2176 3601 tanto

603 3628 1055 3691 abundantiorem
1098 3632 1348 3702 gloriam,
1390 3649 1500 3689 non
1549 3634 1606 3690 in
1649 3636 1894 3692 futurum
1935 3636 2109 3691 solum
2144 3651 2176 3691 a

604 3718 718 3773 Deo
751 3720 1047 3790 recipient;
1078 3723 1172 3779 sed
1204 3735 1262 3780 et
1284 3725 1375 3781 hic
1398 3740 1620 3801 quoque
1653 3727 1899 3787 uberiori
1926 3726 2176 3783 beabun-

606 3819 696 3865 tur
730 3811 968 3880 Spiritus
994 3817 1386 3875 consolatione.

674 3902 812 3958 XVI.
849 3904 1301 3977 Quandoquidem
1349 3910 1406 3965 in
1450 3911 1702 3969 confesso
1744 3921 1850 3979 est,
1886 3923 2093 3971 arctam
2121 3925 2179 3970 et

605 4004 891 4063 angustam
920 4012 1040 4055 esse
1068 3999 1211 4054 viam
1242 4016 1365 4070 quae
1407 4002 1561 4059 ducit
1601 4004 1670 4059 ad
1698 4004 1899 4071 vitam;
1944 4006 2177 4075 ideoque

607 4102 812 4163 paucos
837 4104 980 4153 esse,
1004 4092 1097 4160 qui
1132 4107 1229 4162 per
1250 4108 1371 4148 eam
1411 4102 1695 4151 transeunt
1727 4112 1742 4149 :
1772 4096 1954 4152 omnis
1975 4097 2177 4155 diaboli
2206 4096 2210 4101 ’

607 4179 838 4239 tentatio
870 4189 1092 4249 prepler
1120 4182 1281 4238 nobis
1315 4185 1607 4252 repositam
1638 4185 1693 4240 in
1724 4187 1879 4243 caelis
1909 4203 2061 4257 spem
2092 4205 2180 4244 ro-

606 4269 767 4324 buste
796 4284 861 4325 ac
890 4280 1207 4328 constanter
1234 4274 1555 4330 sustinenda
1578 4285 1694 4343 est;
1723 4268 2179 4349 quantuscunque

607 4360 757 4415 enim
795 4359 1012 4417 tandem
1058 4361 1441 4421 tribulationes
1475 4364 1885 4433 pertulerimus,
1931 4368 2063 4436 quid
2097 4368 2181 4425 hae

610 4450 1040 4519 comparandum
1086 4452 1308 4516 habent,
1359 4463 1453 4509 aut
1485 4470 1609 4515 cum
1655 4454 1841 4512 futura
1883 4458 2178 4526 repromis-

611 4539 803 4606 sione;
836 4550 932 4594 aut
964 4558 1087 4596 cum
1119 4544 1230 4613 jam
1278 4543 1409 4598 hinc
1456 4544 1575 4604 dari
1618 4546 1778 4603 solita
1807 4548 2183 4607 consolatione

611 4630 744 4688 boni
777 4630 1048 4702 Spiritus;
1079 4643 1177 4692 aut
1204 4650 1327 4694 cum
1372 4636 1700 4694 liberatione
1731 4654 1761 4693 a
1790 4640 2024 4710 caligine
2052 4655 2183 4710 pra-

610 4734 803 4774 varum
850 4721 1306 4790 inclinationum;
1350 4734 1444 4781 aut
1474 4739 1599 4781 cum
1645 4728 1995 4789 multitudine
2028 4728 2185 4784 debi-

611 4818 814 4873 torum.
854 4811 974 4873 Non
1006 4813 1155 4877 enim
1185 4825 1308 4875 sunt
1337 4816 1459 4885 (ait)
1486 4818 1757 4888 condignas
1787 4822 2056 4891 passiones
2084 4825 2185 4877 Itu—

602 4902 696 4979 jus
730 4904 979 4973 tempatis
1010 4904 1081 4967 ad
1108 4904 1348 4976 futuram
1383 4906 1610 4978 gloriam
1638 4926 1755 4979 qua:
1786 4904 2104 4971 revelabitur
2130 4914 2185 4966 in

612 4995 758 5054 nobis
786 4996 855 5051 ".
886 4994 1081 5059 Omnia
1109 5012 1260 5067 ergo.
1300 5007 1355 5052 ut
1401 4999 1608 5057 dictum
1640 5011 1746 5067 est,
1779 5002 1925 5058 ferre
1965 5003 2184 5061 fortiter

611 5085 901 5151 debemus.
932 5097 1153 5160 propter
1185 5090 1507 5158 Dominum;
1556 5091 1636 5153 uti
1683 5094 1937 5164 generosi
1981 5094 2185 5151 milites

612 5192 683 5232 ne
710 5179 847 5235 mori
882 5180 1105 5250 quidem
1144 5197 1243 5252 pro
1268 5192 1459 5241 nostro
1494 5183 1818 5254 imperatore
1845 5186 2181 5243 dubitantes.

612 5269 726 5326 Cur
764 5271 936 5338 enim,
970 5274 1192 5343 quando
1230 5275 1436 5334 mundo
1461 5283 1516 5335 et
1546 5277 1899 5337 saecularibus
1936 5278 2189 5341 attende-

614 5362 810 5420 bamus
842 5365 1030 5431 rebus,
1061 5368 1341 5424 molestias
1369 5384 1482 5435 eas,
1514 5370 1571 5425 in
1604 5386 1741 5441 quas
1773 5379 1965 5442 postea
1992 5372 2187 5433 incidi-

616 5470 761 5521 mus,
782 5471 893 5512 non
913 5459 1366 5528 experiebantur;
1397 5461 1496 5517 sed
1522 5479 1669 5520 nunc
1697 5480 1823 5520 cum
1850 5464 2186 5521 accessimus

610 5546 685 5607 ad
734 5546 1085 5617 serviendum
1134 5550 1283 5618 Deo,
1313 5552 1644 5624 multiplices
1689 5555 1812 5613 illas
1856 5556 2185 5617 tentationes

693 5726 737 5759 ”
764 5727 927 5784 llebr.
962 5746 1059 5795 xu,
1081 5732 1131 5788 8.
1209 5734 1253 5765 "
1284 5734 1440 5792 Rom.
1463 5750 1586 5805 'vm,
1627 5739 1703 5792 13.

2274 3278 2383 3349 ὅσῳ
2442 3277 2660 3341 πλείους
2712 3278 2806 3331 καὶ
2857 3271 3003 3332 οὗτοι
3063 3277 3159 3329 τοῦ
3204 3276 3587 3344 ἀντικειμένου
3647 3273 3849 3341 θλίψεις

2274 3371 2612 3439 ὑπήνεγκαν,
2636 3368 2873 3439 τοσούτῳ
2903 3370 3000 3424 καὶ
3027 3368 3247 3422 πλείονα
3269 3367 3369 3439 τὴν
3409 3368 3572 3432 δόξαν
3625 3367 3730 3419 οὐκ
3776 3366 3849 3427 εἰς

2273 3461 2335 3515 τὸ
2371 3461 2563 3531 μέλλον
2594 3461 2750 3529 μόνον
2773 3461 2838 3514 ἐκ
2858 3459 2992 3513 Θεοῦ
3022 3459 3338 3532 κομιοῦνται
3365 3477 3381 3494 ο
3408 3459 3548 3512 ἀλλὰ
3569 3458 3849 3512 κάνταῦθα

2279 3553 2379 3622 τῆς
2404 3551 2499 3605 τοῦ
2534 3550 2743 3623 ἀγαθοῦ
2774 3550 3091 3621 Πνεύματος
3131 3550 3529 3623 ἀξιωθήσονται
3559 3550 3850 3620 παρακλή-

2282 3659 2441 3708 σεως.

2350 3901 2471 3968 ις’.
2519 3897 2926 3969 Ἐπεὶὶτοιαύτη
2977 3898 3323 3967 ὡμολόγηται
3346 3898 3381 3967 ἡ
3406 3896 3549 3967 πρὸς
3575 3897 3684 3967 τὴν
3715 3894 3853 3964 ζωὴν

2277 3994 2523 4065 φέρουσα
2555 3992 2713 4063 στενή
2742 4008 2799 4044 τε
2826 3990 2921 4044 καὶ
2947 3990 3299 4060 τεθλιμμένη,
3332 3990 3429 4041 καὶ
3456 3988 3550 4041 διὰ
3576 3988 3738 4041 τοῦτο
3767 3990 3853 4040 καὶ

2278 4088 2491 4156 ὀλίγους
2528 4085 2640 4155 ἔχει
2695 4085 2819 4148 τοὺς
2877 4083 3078 4153 ταύτην
3110 4082 3514 4152 διερχομένους,
3550 4082 3736 4133 πᾶσαν
3768 4078 3851 4131 τοῦ

2279 4176 2519 4248 πονηροῦ
2549 4179 2743 4247 πεῖραν
2792 4174 2881 4229 διὰ
2923 4175 3019 4245 τὴν
3050 4175 3107 4226 ἐν
3154 4172 3426 4243 οὐρανίοις
3450 4173 3850 4242 ἀποκειμένην,

2281 4267 2470 4320 ἐλπίδα
2515 4265 2757 4337 στερρῶς
2799 4262 3193 4333 ὑπομενετέον*
3226 4263 3354 4326 ὅσας
3385 4260 3497 4333 γὰρ
3533 4262 3601 4315 ἂν
3639 4264 3735 4314 κ.ιί
3760 4262 3851 4312 ~32:-

2282 4360 2600 4429 ενέγκαιμεν
2642 4356 2868 4428 θλίψεις,
2900 4357 2952 4410 τί
2981 4354 3228 4421 ἀντάξιον
3257 4355 3291 4427 ἢ
3319 4356 3455 4426 πρὸς
3507 4355 3609 4426 τὴν
3638 4356 3849 4425 μέλλω,

2210 4463 2255 4524 ο
2283 4471 2381 4508 σαν
2416 4452 2766 4520 ἐπαγγελίαν,
2798 4449 2830 4521 ἢ
2877 4448 3010 4521 πρὸς
3055 4450 3154 4519 τὴν
3193 4447 3444 4501 ἐντεῦθεν
3495 4448 3851 4516 ἐγγινομένην

2279 4549 2398 4609 ταῖς
2423 4546 2623 4615 ψυχαῖς
2652 4543 2758 4599 ὑπὸ
2785 4543 2879 4597 τοῦ
2907 4541 3111 4610 ἀγαθοῦ
3137 4540 3455 4609 Πνεύματος
3483 4540 3848 4611 παράκλησιν,

2281 4638 2316 4708 ἢ
2352 4635 2488 4705 πρὸς
2520 4635 2619 4705 τὴν
2675 4633 3053 4704 ἀπολύτρωσιν
3080 4632 3176 4685 τοῦ
3228 4631 3452 4693 σκότους
3500 4630 3618 4684 τῶν
3678 4630 3850 4685 παθῶν

2280 4731 2379 4799 τῆς
2412 4728 2631 4791 κακίας,
2664 4726 2698 4796 ἦ
2726 4725 2863 4796 πρὸς
2912 4725 2973 4777 τὸ
3001 4722 3111 4777 τῶν
3140 4722 3315 4794 χρεῶν
3344 4723 3554 4792 πλῆθος
3584 4723 3699 4777 τῶν
3733 4724 3854 4791 ἡμε-

2280 4820 2454 4889 τέρων
2500 4816 2804 4889 ἁμαρτιῶν,
2850 4815 3189 4886 είσοίσομενς
3243 4817 3328 4869 Οὐ
3359 4816 3471 4885 γάρ
3511 4814 3679 4880 ἄξια,
3710 4816 3850 4883 φησὶ,

2290 4912 2364 4967 τὰ
2390 4910 2709 4978 παθήματα
2743 4906 2849 4973 τοῦ
2875 4905 2992 4961 νῦν
3016 4904 3224 4974 καιροῦ
3268 4904 3421 4973 πρὸς
3450 4904 3571 4972 τὴν
3592 4905 3849 4974 μέλλου-

2287 5017 2411 5059 σαν
2444 5001 2634 5067 δόξαν
2661 4996 3165 5067 ἀποκαλυφθῆναι
3179 5000 3267 5065 εις
3294 4995 3475 5066 ἡμᾶς.
3509 4998 3702 5051 Πάντα
3732 4998 3849 5067 γὰρ,

2288 5094 2365 5159 ώς
2405 5093 2643 5163 εἴρηται,
2693 5089 3059 5160 ineptam-rios
3094 5088 3185 5143 διά
3226 5089 3320 5142 τὸν
3374 5089 3585 5161 Κύριον
3637 5090 3738 5153 δεῖ,
3772 5086 3851 5143 οἷα

2290 5185 2573 5254 γενναίους
2615 5181 2954 5253 στρατιώτας
2982 5180 3075 5239 τοῦ
3108 5180 3372 5251 βασιλέως
3397 5182 3562 5251 ἡμῶν
3586 5183 3852 5252 ὑπεραπο-

2290 5276 2643 5347 θνήσκοντας.
2671 5272 2769 5326 Διά
2794 5272 2847 5324 τί
2875 5272 3004 5341 γὰρ,
3038 5272 3127 5324 ὅτε
3151 5268 3227 5338 τῷ
3250 5270 3446 5341 κόσμῳ
3470 5272 3567 5328 καὶ
3592 5272 3707 5335 τοῖς
3735 5271 3852 5340 βιω-

2288 5370 2461 5431 τικοῖς
2512 5366 2878 5436 προσείχομεν
2931 5363 3278 5434 πράγμασιν,
3326 5362 3389 5415 οὺ
3457 5362 3725 5433 λυπηῳῇ
3750 5380 3850 5415 τοι·

2288 5461 2469 5524 οὑτοις
2497 5461 2932 5531 περιεπίπτομεν
2957 5498 2973 5525 ,
3002 5458 3140 5511 ἀλλά
3186 5457 3281 5512 νῦν
3312 5458 3439 5519 ἐπεὶ
3480 5456 3848 5529 προσήλδομιν

2288 5553 2572 5615 δουλεῦσαι
2624 5553 2765 5624 Θεῷ,
2805 5556 2932 5617 τοὺς
2972 5551 3342 5620 πολυτρόπους
3392 5551 3622 5616 τούτους
3672 5565 3849 5621 τετιμ-
