4044 6520
183 348 296 415 94⁸]

1216 362 1447 423 LIBER
1485 362 1583 424 DE
1624 359 2050 424 LIBERTATE
2088 360 2393 423 MENTIS.

3344 358 3453 423 950

198 472 373 541 σμοῦς
419 468 802 545 ύπομένομενς
850 477 1014 550 Ὀρᾷς
1068 477 1150 531 δτι
1193 477 1281 532 διὰ
1314 477 1406 531 τὸν
1452 475 1687 547 Χριστὸν
1719 476 1777 528 αἱ

1888 476 2151 545 patimur?
2176 475 2330 530 vides
2376 480 2602 544 propter
2628 470 2907 528 Christum
2950 469 3050 526 has
3094 469 3152 526 in
3200 486 3302 526 nos
3348 472 3455 527 im-

197 569 432 639 θλίψεις,
456 568 780 638 φθονοῦντος
813 570 947 641 ⁴ἡμῖν
975 568 1069 622 τοῦ
1108 568 1483 637 ἀντικειμένου
1538 568 1640 637 τῆς
1669 567 1780 621 τῶν

196 660 578 732 ἐλπιζομένων
632 660 1060 721 ἀνταποδόσεως,
1102 658 1372 728 χαύνωσίν
1399 676 1459 711 τε
1490 659 1583 717 καὶ
1608 656 1779 729 ρᾳθυ-

201 752 339 819 μίαν
388 752 638 805 ἐνθέσθαι
690 753 813 813 ταῖς
858 749 1159 821 ἡμετέραις
1206 747 1529 819 βουλομένου
1557 748 1778 818 ψυχαῖς,

208 847 300 898 ἵνα
353 844 429 915 μὴ
481 844 789 915 εὐαρέστως
846 842 1111 914 ζήσαντες
1165 840 1373 895 τούτων
1435 840 1777 911 ἀξιωθῶμεν.

200 938 383 989 Πᾶσαι
416 937 471 987 αῖ
510 935 633 989 καθ’
662 936 819 1005 ἡμῶν
876 934 1084 988 ἐκείνου
1144 933 1382 1005 μηχαναὶ
1434 932 1648 985 λύονται
1711 933 1778 1001 τῇ

193 1024 301 1079 τοῦ
358 1025 595 1096 Χριστοῦ
652 1026 968 1095 συμμαχίᾳ·
1027 1025 1119 1077 καὶ
1197 1024 1290 1076 τὸν
1359 1021 1779 1093 ύπερασπιστὴν

195 1116 368 1187 ἡμῶν
398 1118 495 1171 καὶ
520 1117 835 1185 ύπέρμαχον
864 1116 1092 1178 ἐκεῖνον,
1123 1111 1539 1182 ἐνθυμηθῶμεν,
1570 1112 1652 1164 ὃτι
1684 1108 1779 1163 καὶ

205 1209 377 1270 αὐτὸς
427 1208 519 1261 τὸν
571 1206 743 1260 αίῶνα
794 1206 983 1258 τοῦτον
1012 1204 1157 1257 οὕτω
1186 1204 1492 1266 διώδευσεν,
1520 1198 1779 1263 ὀνειδιζό-

203 1315 393 1367 μενος,
427 1298 775 1366 διωκόμενος,
810 1297 1242 1366 ὲμπαιζόμενος,
1275 1295 1428 1359 τέλος
1465 1294 1561 1348 καὶ
1597 1293 1779 1364 ἀτίμῳ

203 1391 423 1460 Θανάτῳ
447 1389 536 1442 διὰ
565 1388 795 1459 σταυροῦ
826 1387 1214 1458 τελειούμενος.

282 1567 380 1623 lZ'.
419 1568 590 1642 Εῐπερ
627 1567 949 1639 βουλοίμεθα
1008 1567 1187 1638 θλίψιν
1234 1568 1453 1623 ἃπασαν
1507 1569 1601 1622 καὶ
1654 1569 1780 1633 τοὺς

206 1664 555 1731 πειρασμοὺς
594 1661 886 1730 ὑπομένειν
922 1660 1135 1731 ῥᾳδίως,
1157 1662 1185 1714 ὁ
1214 1660 1301 1713 διὰ
1351 1661 1583 1732 Χριστὸν
1615 1660 1781 1714 θάνα-

207 1768 307 1815 τος
351 1752 685 1823 ἐπιθυμητὸς
736 1753 867 1821 ἡμῖν
913 1750 1070 1816 ἔστω,
1105 1752 1197 1803 καὶ
1228 1752 1330 1821 πρὸ
1360 1751 1625 1821 ὀμμάτων
1665 1752 1780 1805 διαο

216 1845 442 1907 παντός.
494 1842 745 1897 Τοιοῦτον
772 1842 881 1910 γάρ
910 1844 1039 1912 ἡμῖν
1069 1843 1160 1894 καὶ
1182 1843 1483 1913 ἐπίταγμα,
1503 1843 1596 1896 τὸν
1614 1861 1777 1897 σταυ-

210 1937 310 2006 ρον
339 1935 589 2005 αἴροντας
618 1934 767 2003 αὐτῷ
798 1933 1112 1987 ἀκολουθεῖν
1132 1950 1146 1963 ·
1192 1935 1331 2004 ὅπερ
1378 1936 1545 1999 ἐστὶν,
1590 1936 1781 2005 εὐτρε-

206 2030 338 2092 πεῖς
361 2024 499 2082 εἶναι
543 2027 637 2079 καὶ
671 2027 917 2095 ἑτοίμους
946 2026 1083 2096 πρὸς
1116 2025 1180 2078 τὸ
1217 2026 1525 2081 ἀποθανεῖν.
1563 2028 1661 2079 ’Ἂν
1688 2025 1779 2079 οῦ-

204 2135 293 2170 τω
328 2116 764 2189 δια[τε]θειμένοι
796 2110 966 2185 ὦμεν.
996 2118 1198 2182 πᾶσαν,
1233 2116 1308 2179 ὡς
1338 2118 1577 2191 εῖρηται,
1604 2118 1781 2188 θλίψιν

207 2209 391 2279 ἀφανῆ
426 2225 484 2261 τε
506 2209 598 2261 καὶ
620 2208 784 2278 δήλην
806 2209 948 2263 κατὰ
973 2210 1107 2262 πολὺ
1134 2208 1195 2262 τὸ
1217 2211 1345 2282 ῥᾷον
1380 2210 1777 2281 ὑπομενοῦμεν.

224 2299 292 2352 '0
332 2299 439 2368 γὰρ
480 2298 574 2351 καὶ
626 2300 918 2352 ἀποθανεῖν
962 2300 1103 2369 ὑπὲρ
1133 2299 1369 2369 Χριστοῦ
1398 2301 1464 2354 δι’
1488 2301 1782 2373 ἐπιθυμίας

208 2390 374 2460 ἔχων,
405 2391 565 2460 σχολῇ
593 2391 642 2458 γ’
673 2392 739 2444 ἂν
773 2390 905 2458 πρὸς
934 2392 1001 2444 τὰ
1035 2392 1267 2444 ἐπίπονα
1298 2393 1392 2447 καὶ
1430 2394 1649 2467 λυπηρά
1691 2395 1783 2448 δυ-

209 2482 492 2551 σχερᾶναι.
542 2483 696 2551 Παρὰ
745 2482 902 2534 τοῦτο
945 2482 1051 2550 γὰρ
1105 2483 1199 2536 καὶ
1248 2483 1466 2561 βαρείας
1499 2481 1636 2539 εἶναι
1684 2487 1783 2549 τὰς

206 2573 422 2642 θλίψεις
460 2574 761 2645 ἡγούμεθα,
794 2575 944 2645 παρά
975 2576 1034 2626 τὸ
1091 2575 1164 2646 μὴ
1221 2576 1311 2629 τὸν
1366 2577 1504 2647 ὑπὲρ
1549 2577 1783 2647 Χριστὸν

208 2664 444 2716 θάνατον
499 2663 835 2734 καταθύμιον
893 2663 1058 2733 ἔχειν,
1094 2665 1229 2735 μηδὲ
1284 2666 1515 2719 πάντοτε
1560 2664 1783 2737 Χριστῷ

206 2754 316 2823 τὴν
358 2754 597 2808 διάνοιαν
632 2756 892 2826 ἀναρτᾷν.
934 2755 991 2809 Ὀ
1032 2757 1088 2809 δὲ
1144 2758 1349 2809 ἐκεῖνον
1378 2757 1783 2827 κληρονομῆσαι

210 2846 525 2914 ἐπιθυμῶν,
561 2846 651 2899 καὶ
688 2847 755 2899 τὰ
785 2846 951 2900 αὑτοῦ
981 2847 1125 2919 πάθη
1163 2846 1382 2918 ζηλοῦν,
1412 2849 1614 2918 ὁμοίως
1664 2851 1780 2903 ἐπι·

209 2937 479 3005 θυμείτω.
507 2937 666 2990 Ὥστε
709 2938 758 2989 oi
806 2938 895 2990 τὸν
929 2938 1133 3011 Κύριον
1183 2941 1403 3011 ἀγαπᾷν
1447 2940 1696 3009 λέγοντες
1724 2942 1783 2994 ὲν

206 3027 391 3099 τούτῳ
420 3030 643 3100 φανεροὶ
690 3030 950 3097 γίνονται,
986 3031 1044 3083 ὲν
1072 3030 1152 3102 τῷ
1200 3034 1379 3085 πᾶσαν
1424 3031 1600 3101 θλίψιν
1627 3036 1785 3105 ἐπερ-

1878 570 2023 644 _mitti
2056 569 2377 623 alllictinnes
2399 567 2466 623 ab
2489 567 2803 621 adversario
2828 564 3107 620 invidente
3136 567 3295 622 nobis
3330 581 3458 637 spe-

1881 671 2027 718 ratas
2066 662 2478 725 retributiones,
2512 662 2941 731 languoremque
2974 673 3037 713 ac
3071 658 3336 713 desidiam
3370 658 3455 713 in-

1877 756 2047 827 jicere
2078 754 2367 810 animabus
2406 753 2612 807 nostris
2639 751 2916 819 studente,
2949 766 3020 806 ne
3053 751 3118 804 ad
3150 750 3245 804 Dei
3284 750 3452 805 bene-

1880 845 2139 916 placitum
2168 844 2279 898 vita
2325 849 2619 907 transacta,
2670 839 2954 911 promissis
3002 838 3243 909 prmmiis
3282 838 3452 894 done-

1880 953 2024 992 mur.
2052 936 2252 991 Omnes
2290 935 2408 1005 ejus
2436 943 2625 989 contra
2661 948 2762 986 nos
2807 932 2973 988 irrita
3016 931 3154 985 fiunt
3185 932 3453 986 machina:

1879 1028 2040 1083 nobis
2069 1042 2191 1081 cum
2223 1024 2443 1093 Christo
2468 1023 2854 1094 pugnantibus.
2889 1023 2987 1077 llic
3020 1023 3167 1076 enim
3201 1039 3449 1093 magnus,

1880 1119 1971 1174 hic
1998 1117 2235 1172 invictus
2275 1115 2435 1169 nobis
2464 1123 2739 1183 protector
2769 1124 2823 1167 et
2851 1122 3223 1184 propugnator
3257 1123 3451 1182 prtPSln

1878 1218 1983 1266 est.
2039 1207 2377 1276 Reputemus
2428 1204 2647 1267 animo,
2696 1204 2873 1271 ipsum
2930 1218 3180 1271 quoque,
3233 1204 3450 1271 quandn

1879 1296 2232 1371 pertransivit
2280 1296 2384 1350 hoc
2428 1294 2726 1357 saeculum,
2773 1293 3085 1362 Opprobriis
3129 1303 3446 1347 oneratum.

1883 1390 2279 1459 impugnatum,
2320 1385 2563 1447 irrisum,
2601 1382 2840 1451 denique
2874 1382 3235 1453 ignominiosa
3278 1392 3450 1435 morte

1879 1497 1979 1553 per
2004 1494 2221 1535 crucem
2256 1484 2689 1533 consummatum
2715 1490 2855 1529 esse.

1950 1571 2113 1626 XVII.
2145 1568 2203 1625 Si
2234 1567 2571 1623 voluerimus
2604 1581 2820 1619 omnem
2867 1563 3211 1619 alllictionem
3246 1573 3302 1620 et
3336 1575 3454 1619 ten-

1881 1662 2115 1717 tationes
2156 1661 2427 1716 sustinere
2474 1658 2652 1723 facile,
2699 1672 2846 1711 mors
2897 1667 3123 1726 prepter
3170 1656 3452 1711 Christum

1882 1762 2102 1823 optetur
2136 1767 2167 1805 a
2203 1751 2383 1815 nobis,
2410 1757 2465 1804 ct
2494 1749 2540 1804 is
2567 1764 2764 1818 scopus
2789 1749 2899 1801 voti
2933 1748 3105 1801 nostri
3134 1749 3455 1802 obversetur

1880 1853 2147 1916 perpetuo
2177 1842 2378 1897 mentis
2418 1850 2616 1895 nostra:
2645 1840 2837 1894 oculis.
2868 1839 2927 1893 ld
2960 1839 3161 1909 quippe
3191 1847 3273 1892 est
3298 1837 3457 1893 nobis

1880 1942 2236 2003 prteceptum,
2273 1940 2333 1985 ut
2365 1932 2620 1985 tollamus
2646 1945 2863 1985 crucem
2904 1939 3144 1984 nostram
3177 1939 3231 1984 et
3256 1946 3455 1999 sequa-

1882 2038 2007 2077 mur
2038 2022 2249 2092 ipsum;
2296 2021 2440 2089 quod
2488 2020 2779 2091 significat,
2813 2030 3031 2090 paratos
3063 2037 3163 2076 nos
3198 2036 3316 2075 esse
3363 2022 3459 2075 de-

1882 2113 2013 2168 bere
2057 2113 2129 2168 ad
2177 2111 2541 2166 moriendum.
2590 2110 2647 2165 Si
2693 2111 2774 2165 sic
2826 2111 3005 2165 affecti
3058 2112 3457 2181 praeparatique

1882 2208 2065 2262 animo
2099 2207 2384 2272 fuerimus,
2419 2221 2657 2269 omnem,
2706 2215 2767 2259 ut
2808 2204 3012 2259 dictum
3055 2214 3160 2269 est,
3213 2204 3460 2260 alllictio-

1881 2312 2006 2355 uem
2040 2301 2311 2353 internam
2336 2307 2391 2353 et
2421 2307 2769 2368 apparentem
2817 2296 3079 2351 facilitate
3118 2295 3458 2366 perferemus

1882 2408 2097 2462 magna.
2126 2390 2260 2444 Mori
2288 2390 2433 2444 enim
2466 2389 2652 2457 utique
2683 2402 2781 2457 pro
2809 2386 3028 2441 Christo
3062 2389 3309 2457 cupiens,
3338 2404 3460 2457 qua:

1884 2483 2106 2537 tandem
2133 2496 2273 2552 :egre
2302 2479 2447 2535 ferre
2474 2479 2700 2533 adversa
2730 2480 2814 2533 vel
2858 2480 3083 2533 molesta
3124 2478 3359 2548 poterit?
3388 2478 3459 2532 ob

1882 2574 1987 2628 hoc
2023 2573 2200 2642 ipsum
2244 2571 2391 2626 enim
2436 2586 2633 2640 graves
2664 2586 2785 2625 esse
2828 2578 3085 2639 putamus
3115 2569 3457 2632 alllictiones,

1883 2664 2009 2733 quia
2042 2662 2200 2716 nobis
2246 2676 2357 2714 non
2403 2660 2581 2729 placet
2624 2675 2724 2729 pro
2750 2658 2970 2714 Christo
3013 2659 3171 2720 mori,
3204 2674 3307 2712 nec
3335 2672 3461 2726 spes

1884 2771 1947 2810 ac
1997 2756 2237 2808 rationes
2282 2761 2496 2807 nostras
2542 2768 2609 2807 ex
2652 2767 2719 2806 eo
2762 2752 2962 2805 ducere
3011 2765 3324 2818 suspensas.
3354 2748 3461 2815 Qui

1882 2861 2016 2900 vero
2041 2845 2319 2900 Christum
2346 2843 2650 2913 possidere,
2680 2850 2734 2896 et
2762 2851 2869 2895 tam
2899 2840 3135 2910 Opimam
3168 2838 3461 2894 haeredita-

1887 2946 1993 2993 tem
2030 2935 2308 2992 desiderat
2340 2948 2587 2997 cernere,
2620 2934 2740 3003 ejus
2768 2947 2988 3002 quoque
3024 2930 3221 2985 imitari
3252 2930 3461 3000 passio-

1884 3043 1984 3082 nes
2041 3027 2294 3082 similiter
2343 3025 2716 3094 eoncupiseat.
2766 3024 2947 3090 Quare
3005 3022 3100 3091 qui
3151 3037 3210 3076 se
3270 3020 3464 3075 dicunt

207 3118 453 3188 χομένην
486 3120 548 3172 ού
584 3120 844 3187 γενναίως
869 3122 1050 3191 μόνον,
1084 3121 1223 3176 ἀλλά
1253 3123 1348 3177 καὶ
1375 3124 1673 3197 προθύμως
1696 3125 1784 3180 διά

1888 3133 2068 3173 amare
2097 3117 2411 3180 Dominum,
2443 3115 2498 3169 in
2528 3129 2595 3169 eo
2632 3113 3109 3176 demonstrabuut.
3144 3128 3212 3166 an
3246 3127 3376 3166 vere
3408 3111 3461 3165 id

207 3207 316 3279 τὴν
336 3210 415 3273 είς
441 3209 601 3264 αὑτὸν
631 3210 817 3282 φέρειν
835 3212 1048 3267 ἐλπίδα.

289 3468 399 3523 IH'.
428 3466 547 3539 Χρὴ
585 3466 849 3541 πρότερον
871 3465 969 3523 τὸν
987 3464 1300 3539 τῷΧριστῷ
1326 3465 1784 3540 προσεληλυθότα,

212 3566 319 3616 καὶ
350 3563 487 3629 πρὸς
539 3562 659 3631 βίαν
712 3563 848 3632 πρὸς
896 3561 958 3614 τὸ
1007 3561 1210 3629 ἀγαθὸν
1237 3560 1418 3615 ἕλκειν
1450 3561 1663 3625 ἑαυτὸν,
1690 3563 1788 3615 οὐκ

214 3652 510 3722 δθελούσης
557 3652 713 3723 ἡμῶν
734 3654 832 3723 τῆς
885 3653 1141 3723 καρδίας’
1165 3653 1427 3713 Βιάζὲται
1454 3653 1583 3723 γὰρ,
1623 3654 1788 3725 φησὶν

211 3749 246 3800 ὀ
274 3746 509 3817 ἀψευδὴς
538 3745 761 3815 Κύριος,
814 3746 852 3813 ἡ
880 3746 1169 3809 ,Βασιλεία
1198 3746 1318 3798 τῶν
1350 3744 1641 3811 οὐρανῶν,
1688 3744 1787 3798 καὶ

209 3837 473 3904 ,ϐιασταὶ
521 3836 891 3903 ἁρπάζουσιν
940 3835 1170 3903 αὐτήν
1205 3837 1567 3904 ἀγωνίζεσθαι
1626 3837 1790 3891 πάλιν

216 3930 388 3985 αὐτὸν
417 3928 678 3983 εἰσελθεῖν
724 3928 813 3982 διά
856 3931 957 3996 τῆς
989 3928 1183 3997 στενῆς
1211 3927 1405 3997 θύρας.
1437 3929 1557 3998 Χρὴ
1583 3928 1787 3992 τοίνυν,

215 4023 300 4085 ὡς
330 4021 561 4092 εἴρηται,
619 4022 713 4075 καὶ
750 4020 890 4074 κατὰ
922 4020 984 4072 τὸ
1042 4018 1343 4091 ἀϐούλητον
1399 4021 1623 4082 ἑαυτοὺς
1657 4021 1788 4091 πρὸς

213 4114 323 4184 τὴν
348 4112 550 4182 ἀρετὴν
583 4110 869 4175 συνωθεῖν,
894 4111 1029 4178 πρὸς
1058 4110 1277 4179 ἀγάπην
1306 4110 1381 4180 μὴ
1415 4110 1633 4179 ἔχοντας
1661 4112 1794 4177 ἀγά-

216 4220 354 4275 πην,
384 4204 520 4273 πρὸς
555 4203 842 4274 πραότητα
882 4202 1086 4272 ταύτης
1118 4202 1278 4264 ὄντας
1321 4203 1380 4254 ὲν
1406 4203 1629 4274 ἀπορίᾳ,
1659 4202 1795 4272 πρὸς

216 4294 288 4348 τὸ
316 4294 601 4365 συμπαθὲς
639 4295 732 4347 καὶ
775 4293 1160 4363 φιλάνθρωπόν
1207 4292 1308 4362 τὴν
1361 4294 1590 4366 καρδίαν
1624 4294 1791 4364 ἔχειν,

218 4386 365 4456 πρὸς
393 4386 453 4438 τὸ
505 4383 795 4455 ἀνέχεσθαι
849 4385 1071 4454 ἀτιμίας
1124 4385 1218 4439 καὶ
1266 4386 1646 4454 παροράσεως,
1700 4385 1796 4439 καὶ

1883 3209 2175 3272 alllrment,
2213 3208 2259 3262 si
2293 3221 2511 3261 omnem
2547 3205 2680 3274 ipsis
2709 3203 3184 3274 supervenientem
3209 3201 3460 3256 alllictio-

1882 3316 2008 3355 nem
2059 3314 2169 3353 non
2224 3312 2486 3369 generose
2532 3295 2726 3360 modo,
2778 3294 2873 3350 sed
2921 3293 3159 3349 libenter
3209 3293 3374 3347 etiam
3408 3299 3466 3347 et

1883 3399 2152 3453 amanter,
2186 3388 2258 3442 ob
2289 3402 2443 3457 spem
2477 3386 2533 3440 in
2572 3386 2692 3454 ipso
2723 3385 2978 3454 positam,
3024 3383 3324 3453 perferant.

1956 3480 2145 3539 XVIII.
2182 3480 2342 3544 Eum,
2383 3479 2480 3550 qui
2527 3477 2595 3533 ad
2641 3476 2920 3534 Christum
2968 3475 3221 3535 accessit.
3247 3479 3468 3544 oportet

1884 3583 2013 3629 ante
2055 3572 2260 3637 omnia,
2306 3572 2471 3625 etiam
2515 3585 2616 3640 per
2644 3569 2752 3623 vim
2798 3568 2866 3622 ad
2910 3568 3115 3622 bonum
3161 3567 3378 3620 trahere
3408 3581 3467 3620 se

1887 3665 2088 3733 ipsum,
2118 3660 2371 3730 quamvis
2404 3660 2712 3713 reluctante
2743 3664 2935 3711 nostro
2961 3654 3151 3711 corde.
3184 3654 3297 3708 Vim
3326 3656 3467 3708 enim

1888 3756 2091 3826 patitur
2116 3753 2275 3822 215
2303 3752 2401 3822 (ait
2430 3750 2651 3805 mentiri
2683 3749 2903 3804 nescius
2927 3746 3217 3816 Dominus)
3245 3762 3468 3817 regnum

1887 3844 2159 3907 calorum,
2196 3852 2245 3895 et
2285 3840 2499 3895 violenti
2536 3842 2754 3910 rapiunt
2796 3838 2933 3893 illud
2963 3838 3033 3891 ".
3071 3838 3221 3907 Opus
3248 3851 3469 3906 quoque

1888 3945 1975 3991 est
2000 3934 2254 3990 eumdem
2282 3932 2620 3987 contendere
2653 3932 2856 3987 intrare
2890 3946 2990 4000 per
3022 3936 3306 3998 angustam
3341 3941 3471 3997 por-

1891 4035 2023 4081 tam.
2055 4024 2282 4095 Oportet
2319 4024 2503 4094 igitur,
2535 4030 2597 4077 ut
2627 4022 2836 4076 dictum
2871 4028 2977 4083 est,
3022 4019 3170 4090 ipsos
3200 4018 3283 4072 vel
3328 4016 3471 4071 invi-

1895 4123 1979 4170 tos
2027 4116 2247 4185 adigere
2297 4129 2355 4168 se
2407 4113 2475 4168 ad
2523 4112 2821 4177 virtutem;
2873 4110 2940 4165 ad
2985 4108 3331 4170 eharitatem,
3373 4106 3473 4176 qui

1893 4206 2159 4261 charitate
2192 4212 2410 4269 carent;
2459 4204 2525 4257 ad
2572 4201 3073 4265 mansuetudinem,
3103 4199 3198 4269 qui
3231 4199 3332 4251 hac
3381 4198 3465 4250 in-

1894 4298 2118 4367 digent;
2170 4296 2237 4350 ad
2285 4295 2596 4350 habendum
2637 4310 2732 4349 cor
2786 4293 3087 4347 humanum
3131 4300 3187 4346 et
3231 4288 3473 4344 miseriis

1895 4388 2090 4445 alienis
2143 4388 2511 4456 compatiens,
2569 4386 2700 4456 quin
2760 4385 2927 4440 etiam
2984 4383 3053 4439 ad
3120 4381 3476 4438 sustinendus

214 4480 338 4542 τοῖς
366 4476 802 4546 ὲξουθενημένοις
825 4477 1181 4546 ἐγκαρτερεῖν
1200 4491 1213 4504 ·
1238 4475 1393 4529 eum
1407 4476 1609 4548 ταύτην
1632 4479 1788 4547 ἐσχη-

1897 4497 2056 4552 aequo
2103 4479 2287 4534 animo
2326 4479 2650 4549 ignominias
2696 4485 2753 4532 et
2798 4477 3117 4546 despectus,
3145 4486 3201 4529 et
3240 4474 3294 4528 in
3340 4487 3473 4543 pace

230 4572 405 4633 κότος
430 4570 529 4641 τὴν
576 4570 693 4635 ιξιν
721 4571 856 4640 πρὸς
886 4568 1069 4640 εὐχὴν,
1099 4570 1265 4639 μήπω
1294 4570 1608 4638 Πνεύματος
1640 4568 1804 4641 εὐχὴν

217 4679 397 4732 κεκτη
405 4664 612 4731 μένους.
640 4665 735 4716 Ἂν
753 4662 924 4725 οὕτως
949 4662 1422 4731 ἀγωνιζομένους-6
1440 4661 1570 4720 Θεὸς
1590 4662 1695 4734 ἴδῃ,
1712 4662 1806 4715 καὶ

216 4754 536 4821 ἀναγκαίως
560 4753 807 4817 ἑαυτοὺς,
841 4752 1307 4824 ἀντιπραττούσης
1322 4751 1508 4823 ὥσπερ
1534 4755 1693 4823 ἡμῶν
1709 4753 1807 4824 τῆς

219 4844 477 4915 καρδίας,
498 4845 631 4915 πρὸς
656 4844 716 4898 τὸ
736 4845 936 4913 ἀγαθὸν
959 4844 1237 4907 ἕλκοντας,
1256 4844 1471 4901 δίδωσιν
1494 4843 1659 4914 εὐχὴν
1676 4844 1807 4915 ἀλη-

220 4937 402 5005 θινὴν,
424 4936 601 4993 δίδωσι
624 4936 906 5006 σπλάγχνα
932 4935 1250 5007 οίκτιρμῶν,
1275 4936 1570 5007 ὑπομονὴν,
1595 4953 1803 5006 μακρο-

218 5025 448 5098 θυμίαν,
506 5028 601 5081 καὶ
660 5026 995 5092 ἁπαξαπλῶς
1047 5028 1244 5098 πληροῖ
1281 5028 1665 5097 πάντωνήμᾶς
1694 5027 1804 5079 τῶν

219 5117 456 5189 καρπῶν
480 5118 574 5170 τοῦ
607 5118 945 5189 Πνεύματος.
960 5120 1021 5171 Ei
1049 5118 1107 5172 δέ
1129 5136 1212 5181 τις
1245 5119 1463 5173 καὶτῶν
1484 5118 1658 5177 ἀλλων
1677 5120 1806 5189 ἀρε-

222 5208 345 5277 τῶν
378 5208 595 5279 ἐπιδεὴς
622 5207 720 5273 ὣν,
750 5208 885 5277 πρὸς
916 5209 1016 5279 μὲν
1061 5208 1224 5278 εὐχὴν
1270 5208 1439 5280 μόνην
1462 5212 1511 5263 εί
1536 5209 1687 5280 τύχοι
1710 5211 1805 5265 καὶ

226 5299 625 5369 παραϐιάζοιτο
643 5300 856 5367 ἑαυτὸν,
882 5298 1022 5355 ὥστε
1041 5302 1189 5370 σχεῖν
1207 5299 1370 5369 εὐχῆς
1386 5299 1652 5370 χάρισμα,
1669 5300 1804 5371 πρὸς

221 5391 286 5446 δέ
319 5406 385 5459 γε
428 5391 733 5462 πραότητα,
760 5392 899 5462 πρὸς
927 5389 1421 5461 ταπεινοφροσύνην
1447 5408 1505 5443 τε
1546 5392 1640 5444 καὶ
1666 5392 1803 5459 ἀγάο

221 5502 367 5555 πην,
413 5485 507 5539 καὶ
555 5487 665 5539 πᾶν
707 5484 769 5538 τὸ
813 5483 1032 5553 εὐγενὲς
1081 5482 1248 5553 φῦλον
1273 5481 1379 5536 τῶν
1408 5483 1637 5553 ἀρετῶν.
1678 5485 1799 5536 Ἔτι

218 5580 322 5633 καὶ
350 5578 486 5650 πρὸς
518 5578 581 5632 τὸ
607 5578 823 5649 βέϐαιον
845 5573 989 5637 εἶναι
1016 5578 1115 5650 τὴν
1141 5576 1323 5633 πίστιν
1350 5576 1445 5631 καὶ
1471 5575 1570 5647 τὴν
1602 5575 1797 5635 πεποί-

300 5758 347 5791 ⁸⁶
391 5756 578 5813 Matth.
623 5774 695 5824 χι,
731 5760 813 5813 l2.

1902 4571 2209 4629 durandum
2244 4570 2411 4625 etiam
2443 4585 2569 4624 cum
2601 4569 2980 4638 vilipenditur.
3012 4568 3162 4634 Quos
3202 4566 3285 4621 sic
3316 4564 3471 4619 labo-

1900 4668 2048 4722 riose
2092 4673 2370 4721 certantes
2429 4665 2574 4720 Deus
2616 4663 2851 4728 viderit,
2904 4663 3365 4733 subjugantesque
3416 4669 3475 4713 ut

1901 4760 2072 4813 multa
2105 4757 2461 4812 rebellantem
2488 4755 2762 4809 inutiliter
2786 4763 3061 4819 naturam,
3087 4765 3141 4807 et
3164 4753 3479 4822 frangentes

1902 4850 2304 4904 contumaciam
2350 4848 2534 4903 cordis
2587 4848 2729 4902 trahi
2778 4847 2847 4902 ad
2896 4848 3101 4902 bonum
3148 4846 3473 4908 recusantis,

1899 4955 1995 4995 eos
2029 4940 2130 4994 etsi
2160 4939 2405 4995 nondum
2455 4940 2692 4994 orationi
2725 4939 3102 5003 assueverint;
3136 4946 3192 4991 et
3230 4935 3474 4989 nondum

1899 5030 2158 5101 precandi
2192 5030 2396 5084 donum
2434 5029 2670 5099 Spiritus
2712 5029 2894 5098 adepti
2941 5026 3177 5092 fuerint;
3232 5026 3339 5080 illis
3385 5025 3478 5079 dat

1902 5125 2208 5179 orationem
2231 5139 2439 5188 veram,
2464 5124 2557 5177 dat
2583 5125 2793 5178 viscera
2821 5122 3229 5187 misericordia,
3261 5120 3445 5191 patien
3462 5151 3477 5160 -

1901 5216 2054 5280 tiam,
2102 5215 2592 5285 longanimitatem,
2632 5223 2710 5281 et,
2740 5223 2800 5268 ut
2839 5214 3007 5270 semel
3058 5214 3255 5277 dicam,
3306 5213 3479 5281 replet

1908 5319 2009 5358 nos
2033 5304 2290 5358 omnibus
2323 5303 2594 5357 fructibus
2639 5304 2895 5373 Spiritus.
2940 5302 2995 5358 Si
3026 5317 3158 5357 vero
3187 5302 3312 5371 quis
3342 5302 3476 5356 alia-

1909 5412 2029 5449 rum
2061 5396 2283 5465 quidem
2315 5410 2482 5465 egens
2509 5396 2773 5449 virtutum
2818 5396 2924 5461 sit;
2962 5395 3027 5449 ad
3062 5393 3364 5449 orationem
3398 5402 3478 5447 ta-

1907 5502 2031 5540 men
2061 5487 2229 5539 solam
2272 5486 2448 5556 ipsum
2478 5487 2777 5556 contingat,
2798 5485 2851 5539 vi
2880 5487 3045 5540 etiam
3075 5485 3181 5540 sibi
3211 5484 3353 5539 facta
3390 5483 3477 5537 in-

1902 5578 2159 5634 cumbere
2183 5594 2196 5644 ;
2232 5578 2304 5633 ita
2332 5586 2392 5632 ut
2418 5578 2620 5633 donum
2652 5576 2919 5633 orationis
2940 5576 3163 5649 aliquod
3191 5582 3484 5632 assecutus
