4044 6568
615 337 716 407 951

1845 340 1903 401 S-
1946 340 2269 404 MACARII
2308 341 2633 404 BGYPTII

3740 345 3815 407 σε

619 455 726 521 sit;
758 452 825 511 ad
872 453 1170 524 parandam
1202 462 1389 510 autem
1430 454 1936 519 mansuetudinem,
1969 456 2197 510 humili-

2314 458 2459 530 iqow
2511 459 2592 521 είς
2635 457 2729 512 τὸν
2778 454 3037 529 Χριστὸν,
3074 454 3356 526 ὀλιγώρως
3399 452 3515 524 ἔχει
3559 452 3644 506 καὶ
3672 454 3817 525 ἁμερί-

622 554 809 605 tatem.
850 546 1196 612 charitatem,
1243 557 1300 602 et
1338 555 1506 602 totam
1552 546 1820 600 illustrem
1858 546 2005 600 illam
2040 547 2200 602 fami-

622 635 753 692 liam
776 636 1075 703 virtutum;
1100 647 1476 707 praetereaque
1505 637 1573 692 ad
1602 637 1812 691 firmam
1846 638 2201 697 obtinendam

626 730 789 785 fidem
843 730 1210 800 fiduciamque
1260 730 1315 785 in
1356 730 1659 795 Christum,
1706 731 1969 786 remissus
2015 731 2086 786 sit
2135 746 2200 787 ac

623 823 937 892 negligens;
983 821 1075 876 tali
1126 822 1426 891 aliquando
1475 820 1639 875 datur
1667 820 1843 876 oratio
1872 821 1965 875 illa
2013 823 2201 893 gratia:

624 929 692 969 ex
728 921 882 982 parte
932 913 989 967 in
1036 912 1236 979 gaudio
1275 920 1331 968 et
1369 913 1577 981 quiete,
1604 913 1760 983 juxta
1799 913 1946 968 illius
1984 913 2202 970 deside-

627 1004 768 1058 rium
795 1020 825 1057 a
847 1004 992 1057 bono
1027 1002 1273 1072 Spiritu;
1302 1005 1398 1058 sed
1429 1004 1661 1059 aliorum
1692 1004 1837 1059 idem
1866 1020 2063 1075 expers
2088 1021 2202 1061 ma-

627 1103 720 1150 net
746 1094 992 1149 omnium
1020 1094 1328 1162 bonorum;
1360 1112 1427 1151 eo
1451 1097 1597 1166 quod
1639 1098 1706 1152 ad
1754 1113 1946 1153 eorum
1979 1114 2200 1168 quoque

626 1186 1042 1256 acquisitionem
1088 1188 1199 1241 vim
1254 1188 1359 1242 sibi
1409 1203 1519 1242 non
1572 1188 1789 1255 inferat,
1840 1189 2044 1245 dictum
2094 1198 2197 1255 est,

626 1292 729 1331 nec
754 1292 785 1331 a
811 1276 1034 1333 Christo
1065 1294 1131 1334 ea
1155 1279 1413 1348 postulet.
1446 1280 1671 1349 Oportet
1698 1281 1844 1334 enim
1878 1295 1988 1337 non
2024 1281 2200 1335 solum

627 1368 695 1423 ad
726 1368 987 1439 praedicta
1018 1385 1215 1441 urgere
1261 1386 1320 1425 se
1358 1371 1536 1441 ipsum
1567 1372 1732 1426 etiam
1772 1373 2043 1440 invitum;
2074 1384 2131 1430 et
2168 1390 2201 1429 a

626 1459 741 1515 Deo
773 1460 965 1515 eadem
1000 1476 1068 1516 eo
1108 1477 1303 1531 usque,
1335 1463 1515 1532 quoad
1556 1479 1934 1533 assequamur,
1980 1475 2197 1536 petere;

630 1550 725 1604 sed
775 1558 833 1605 et
878 1550 1185 1620 dijudicare
1237 1567 1346 1607 non
1392 1553 1548 1607 utilia
1601 1562 1696 1609 aut
1752 1569 1979 1624 prorsus
2025 1556 2201 1612 otiosa

629 1640 828 1705 verba;
874 1634 1134 1697 meditari
1154 1652 1336 1697 autem
1371 1659 1588 1714 semper
1614 1660 1710 1699 ore
1738 1654 1795 1701 et
1823 1649 1988 1702 corde
2017 1648 2202 1705 divina

631 1733 891 1798 oracula;
922 1748 1024 1788 nec
1056 1748 1223 1803 porro
1262 1734 1447 1799 irasci,
1502 1743 1558 1791 et
1590 1737 1828 1792 clamore
1872 1739 1971 1793 uti.
2021 1737 2200 1794 Omnis

2302 567 2481 621 μνως·
2513 549 2593 621 τῷ
2629 550 2859 620 τοιούτῳ
2887 549 3061 603 ὲνίοτε
3112 547 3213 619 μὲν
3261 546 3395 616 εὐχὴ
3425 545 3624 599 δίδοται
3650 548 3817 616 χάριτος

2304 642 2371 695 ἐκ
2407 641 2611 713 μέρους
2649 643 2707 695 ὲν
2735 641 3047 713 εὐφροσύνῃ
3080 640 3175 693 καὶ
3223 636 3552 700 ἀναπαύσει,
3579 637 3685 689 κατ’
3716 639 3819 691 ὲκεί-

2299 750 2392 787 νου
2444 734 2670 805 ζήτησιν
2706 733 2860 803 παρὰ
2892 732 2986 786 τοῦ
3022 731 3231 800 ἀγαθοῦ
3282 729 3600 799 Πνεύματος
3622 744 3635 758 ο
3664 728 3821 797 ἕρημκ

2298 828 2356 882 δὲ
2384 826 2495 881 τῶν
2524 826 2699 881 ἄλλων
2731 826 2951 879 πάντων
2983 824 3137 895 μένει
3171 821 3379 884 καλῶν,
3408 820 3490 890 τῷ
3523 820 3596 889 μὴ
3620 819 3734 886 πρὸς

2300 917 2529 970 ἐκείνων
2549 918 2742 986 κτῆσιν
2763 913 3169 969 ἀποσιάσασθαι
3190 912 3404 976 ἑαυτὸν,
3430 909 3619 978 ὥσπερ
3642 908 3820 977 simul,

2306 1009 2443 1081 μηδὲ
2470 1007 2735 1078 δεηθῆναι
2770 1006 3028 1077 Χριστόν.
3060 1005 3183 1076 Χρὴ
3214 1002 3322 1071 γὰρ
3357 1001 3434 1073 μὴ
3466 1000 3599 1070 πρὸς
3626 1002 3687 1053 τά
3714 1004 3821 1070 εἰρε-

2305 1098 2443 1171 μένα
2479 1098 2638 1169 μόνον
2683 1097 2875 1151 ἑαυτὸν
2914 1095 3010 1148 καὶ⁵
3038 1095 3244 1148 ἄκοντα
3284 1090 3569 1156 συνωθεῖν,
3605 1090 3691 1142 καὶ
3718 1096 3824 1160 περι

2302 1191 2439 1245 Θεοῦ
2485 1192 2657 1244 αἰτεῖν
2701 1191 2797 1244 τοῦ
2838 1190 3047 1255 λαϐεῖν,
3097 1187 3234 1242 ἀλλὰ
3284 1184 3542 1254 καὶπρὸς
3588 1184 3646 1236 τὸ
3685 1184 3739 1236 τὰ
3775 1185 3825 1254 μὴ

2301 1284 2549 1354 χρήσιμα
2562 1282 2669 1335 τῶν
2691 1280 2952 1352 ῥημάτων
2978 1280 3074 1332 καὶ
3102 1278 3240 1342 ὅλως
3269 1275 3438 1347 ἀργὰ,
3477 1274 3613 1345 μηδὲ
3639 1273 3826 1342 γλώττης

2303 1374 2428 1437 ἄξια
2455 1373 2662 1444 κρίνειν
2682 1390 2696 1405 ο
2724 1370 3047 1442 διαμελετᾷν
3075 1369 3132 1425 δὲ
3153 1367 3242 1421 ἀεὶ
3263 1367 3358 1421 καὶ
3382 1366 3613 1434 στόματι
3633 1364 3712 1415 καὶ
3733 1379 3829 1432 χαρ-

2303 1465 2393 1535 δίᾳ
2416 1464 2484 1518 τὰ
2511 1464 2607 1516 τοῦ
2639 1462 2776 1515 Θεοῦ
2824 1460 2983 1529 λόγια
3003 1476 3017 1490 ο
3053 1458 3135 1512 ἑτι
3180 1457 3318 1527 πρὸς
3364 1455 3426 1507 τὸ
3484 1453 3559 1524 μὴ
3588 1452 3828 1521 θυμοῦσθαι

2307 1555 2442 1627 μηδὲ
2496 1556 2708 1625 κραυγῇ
2761 1551 3026 1624 χρῆσθαι·
3062 1547 3236 1604 Πᾶσα
3281 1547 3413 1618 γὰρ,
3477 1545 3644 1614 φησι,
3674 1548 3829 1611 πικρία

2303 1647 2402 1705 καὶ
2432 1646 2577 1717 ὀργὴ
2616 1647 2715 1700 καί
2756 1643 2988 1713 κραυγὴ
3030 1641 3267 1710 ἀρθήτω
3293 1639 3395 1708 ἀφ’
3424 1636 3612 1707 ὑμῶν.
3651 1636 3767 1705 Πρὸς
3789 1636 3831 1689 τδ

2308 1738 2383 1808 μὴ
2433 1737 2755 1791 καταλαλεῖν
2805 1751 2973 1800 τινος,
3025 1734 3101 1804 μὴ
3141 1731 3372 1801 κρίνειν,
3432 1728 3511 1799 μὴ
3546 1727 3831 1795 φυσιούσθιι,

631 1823 792 1889 enim,
843 1823 943 1887 ait,
997 1826 1299 1880 amaritudo
1331 1837 1379 1882 et
1422 1830 1527 1893 ira,
1577 1838 1626 1881 et
1672 1828 1874 1883 clamor
1920 1830 2140 1885 tollatur
2168 1850 2201 1886 a

2314 1831 2375 1885 ἶν’
2404 1829 2576 1893 οὕτως
2614 1826 2737 1883 ἰδὼν
2763 1830 2792 1881 ό
2821 1826 3022 1897 Κύριος
3056 1824 3269 1890 ἑαυτὸν¹
3289 1822 3364 1887 ὡς
3392 1824 3627 1891 εἴρηται,
3653 1819 3833 1888 ἄρχοντα

628 1910 770 1964 vobis
811 1912 878 1965 ⁸⁷.
926 1911 1189 1968 Similiter
1223 1916 1362 1971 vitet
1408 1932 1753 1971 murmurare
1796 1918 1863 1972 de
1902 1934 2201 1989 quoquam,

632 2000 767 2055 vitet
789 2002 1037 2074 judicare
1073 2011 1299 2071 temere,
1331 2007 1468 2061 vitet
1516 2007 1694 2061 inflari
1727 2007 2082 2078 despiciendo
2108 2026 2203 2064 su-

631 2090 802 2159 perbe
842 2091 1001 2146 alios.
1076 2090 1166 2147 Sic
1208 2094 1353 2150 enim
1398 2110 1456 2149 se
1507 2111 1703 2165 gerens
1729 2107 2118 2167 consequetur,
2144 2108 2206 2155 ut

631 2181 896 2237 Dominus
926 2183 1105 2254 ipsum
1144 2186 1248 2241 sibi
1291 2188 1494 2243 acriter
1536 2189 1898 2259 imperantem
1944 2207 2201 2258 cernens,

631 2286 697 2327 ac
724 2274 1029 2330 trahentem
1052 2292 1111 2331 se
1141 2277 1207 2331 ad
1234 2278 1438 2333 bonum
1469 2281 1641 2334 multo
1671 2281 1818 2345 nisu,
1850 2282 2013 2353 vique
2042 2282 2203 2337 adbi-

631 2364 768 2431 bita,
808 2367 1011 2422 tribuat
1056 2369 1131 2424 illi
1180 2372 1404 2426 omnino
1435 2372 1663 2443 gratiam
1691 2373 1850 2429 facile
1883 2390 1947 2429 ac
1980 2374 2100 2429 sine
2130 2376 2207 2430 la-

2311 1924 2406 1978 καὶ
2436 1922 2571 1994 πρὸς
2600 1921 2723 1991 βίαν
2753 1919 3100 1979 συνέλκοντα,
3131 1917 3398 1987 παράσχῃ
3425 1915 3643 1975 πάντως
3663 1912 3716 1964 τὸ
3735 1913 3833 1963 ἀτο-

2311 2014 2433 2084 νητὶ
2475 2013 2571 2066 καὶ
2607 2011 2806 2081 ῥᾳδίως
2838 2012 3012 2062 ποιεῖν
3057 2007 3094 2062 ὃ.
3120 2008 3389 2079 πρότερον
3412 2004 3540 2059 οὐδὲ
3585 2002 3710 2073 μετὰ
3730 2001 3832 2071 βω.

2310 2104 2400 2159 διὰ
2425 2105 2525 2173 τὴν
2559 2102 2805 2158 σύνοικον
2837 2099 3124 2172 πονηρίαν,
3155 2100 3402 2168 ἐνεργεῖν
3442 2095 3604 2163 ἐνῆν
3635 2092 3717 2146 καὶ
3750 2092 3833 2143 τότε

2310 2193 2520 2263 γίνεται
2554 2190 2703 2262 αὐτῷ
2732 2192 2912 2245 πάντα
2945 2189 3121 2243 ταῦτα
3150 2188 3222 2241 τὰ
3248 2188 3348 2258 τῆς
3380 2185 3587 2256 ἀρετῆς
3612 2182 3835 2251 sitm-.856-

2316 2300 2461 2354 ματα
2515 2282 2705 2352 ὥσπερ
2757 2280 2957 2351 φύσις’
3004 2280 3129 2333 ἐπεὶ
3175 2278 3273 2332 καὶ
3312 2280 3375 2331 τὸ
3417 2278 3605 2331 λοιπὸν
3631 2279 3657 2329 ό
3685 2275 3835 2342 Κύριος

2314 2374 2455 2430 κατὰ
2486 2374 2586 2443 τὴν
2618 2372 2954 2442 ἐπαγγελίαν
2985 2371 3155 2425 ἐλθὼν
3181 2371 3278 2425 καὶ
3308 2370 3603 2438 γενόμενος
3631 2368 3683 2422 ὲν
3712 2365 3836 2435 αὐτῷ,

632 2461 768 2518 bore
824 2465 1041 2535 agendi,
1096 2482 1219 2536 quae
1269 2468 1425 2541 prius
1475 2468 1564 2523 vix
1625 2479 1824 2525 conatu
1878 2471 2097 2537 anhelo,
2144 2486 2209 2525 ac

2314 2467 2474 2530 αὐτὸς
2509 2467 2709 2537 ὁμοίως
2756 2467 2815 2519 ὲν
2856 2463 2936 2535 τῷ
2993 2465 3204 2535 Κυρίῳ,
3232 2461 3395 2524 αὐτὸς
3428 2465 3489 2515 ὲν
3519 2461 3697 2528 ἐκείνῳ
3739 2474 3837 2527 μετα

631 2566 844 2607 summa
883 2556 1257 2621 contentione,
1288 2566 1511 2627 propter
1551 2559 1913 2615 reluctantem
1960 2560 2200 2615 innatam

2315 2558 2515 2626 πολλῆς
2549 2556 2837 2619 εὐπετείας
2865 2555 2962 2619 τὰς
2992 2556 3215 2619 ἐντολὰς
3247 2556 3540 2625 ἐκπληροῖ.

631 2646 1063 2715 corruptionem,
1096 2658 1310 2718 poterat
1341 2651 1601 2720 exsequi;
1626 2658 1681 2706 et
1719 2659 1850 2705 tunc
1894 2650 2202 2706 redduntur
2242 2650 2343 2720 ipsi
2380 2658 2578 2704 cuncta
2626 2648 2740 2703 haec
2770 2647 2948 2702 oliicia
2980 2646 3223 2707 virtutis,
3254 2646 3414 2715 quasi
3460 2660 3549 2707 ea,
3612 2657 3720 2712 qua
3770 2657 3839 2693 na-

632 2738 883 2793 turaliter
958 2749 1235 2811 operatur,
1308 2742 1567 2811 quoniam
1611 2742 1679 2796 de
1725 2751 1926 2798 caetero
1964 2743 2227 2797 Dominus
2252 2781 2267 2806 ,
2302 2742 2455 2812 juxta
2484 2739 2932 2809 promissionem,
2959 2738 3239 2809 ingressus
3261 2738 3319 2791 in
3341 2737 3528 2806 ipsum
3548 2743 3649 2798 est,
3668 2744 3717 2789 et
3733 2734 3840 2787 ineo

633 2830 856 2899 residet,
897 2833 977 2889 uti
1019 2835 1263 2890 vicissim
1298 2844 1355 2891 et
1394 2836 1510 2905 ipse
1554 2836 1609 2889 in
1646 2836 1910 2902 Domino;
1955 2834 2101 2889 unde
2156 2834 2210 2888 in
2251 2834 2370 2904 ipso
2429 2833 2697 2889 Dominus
2737 2829 2932 2886 intime
3002 2829 3279 2895 habitans,
3311 2845 3410 2883 sua
3453 2829 3572 2898 ipse
3608 2828 3731 2881 intra
3752 2843 3839 2881 eum

633 2935 689 2979 et
720 2940 815 2993 per
842 2940 967 2979 eum
999 2927 1255 2982 mandata
1287 2930 1457 2983 multa
1494 2928 1752 2984 facilitate
1784 2929 1994 2997 implet.

703 3014 846 3073 XIX.
883 3016 986 3083 Qui
1019 3018 1087 3076 ad
1119 3019 1427 3074 orationem
1462 3021 1729 3075 duntaxat
1767 3021 1819 3075 vi
1862 3036 1922 3076 se
1965 3021 2213 3076 adhibita

2409 3015 2514 3068 ῙΘό
2566 3014 2622 3067 ’0
2651 3015 2730 3075 εἰς
2761 3011 2926 3083 εὐχὴν
2945 3011 3382 3080 ἀποϐιασάμενος
3414 3010 3625 3075 ἑαυτὸν,
3657 3009 3722 3073 ὡς
3744 3011 3843 3063 61t-

636 3101 803 3179 cOgit,
834 3109 912 3164 uti
943 3109 1099 3179 prius
1135 3111 1398 3181 exposui;
1432 3120 1697 3183 praeterea
1731 3127 1862 3167 vero
1887 3113 1953 3167 ad
1990 3113 2215 3167 humili-

2321 3124 2418 3175 γος
2452 3106 2666 3176 φθάσας
2703 3104 2967 3175 ἐδήλωσε,
3004 3104 3140 3176 πρὸς
3182 3102 3359 3157 ταῦτα
3391 3104 3453 3157 δὲ
3496 3104 3630 3174 πρὸς
3656 3120 3841 3155 ταπεινο-

639 3212 833 3265 tatem,
860 3201 928 3256 ad
954 3180 1303 3267 charitatem,
1333 3204 1398 3260 ad
1431 3180 1931 3270 mansuetudinem,
1960 3206 2215 3261 aliarum-

2321 3198 2618 3269 φροσύνην,
2669 3199 2804 3268 πρὸς
2860 3197 3107 3268 ἀγάπην,
3162 3196 3299 3267 πρὸς
3342 3197 3630 3267 πραότητα
3673 3198 3843 3249 καὶτὸν

639 3306 749 3359 que
778 3291 1045 3347 virtutum
1063 3291 1326 3356 ordinem
1362 3294 1419 3349 in
1449 3309 1509 3349 se
1538 3295 1932 3350 accersendum
1963 3313 2071 3349 non
2104 3296 2218 3349 ela-

643 3382 825 3446 borat,
854 3397 957 3438 nec
985 3398 1044 3441 se
1095 3385 1149 3438 in
1185 3386 1238 3439 id
1268 3387 1527 3441 violentia
1572 3387 1776 3458 adigit;
1807 3389 1873 3443 ad
1908 3388 2056 3443 hunc
2100 3399 2219 3443 tan-

644 3472 930 3528 tummodo
990 3475 1273 3544 profectus
1324 3478 1618 3535 terminum
1666 3487 1846 3549 potest
1888 3480 2218 3549 pertingere,

647 3574 708 3619 ut
752 3565 1029 3622 interdum
1075 3567 1127 3626 ei
1181 3570 1428 3638 poscenti
1477 3570 1665 3629 divina
1706 3571 1882 3641 gratia
1933 3571 2246 3639 adveniat;

644 3654 902 3722 quoniam
935 3670 1035 3725 pro
1066 3655 1251 3711 innata
1284 3655 1391 3711 sibi
1437 3656 1683 3712 bonitate
1729 3657 1871 3717 Deus
1909 3658 2224 3727 petentibus

646 3754 895 3804 amanter
924 3745 1107 3801 innuit
1143 3762 1263 3817 quae
1288 3748 1497 3803 volunt.
1525 3747 1662 3803 Cum
1693 3756 1875 3802 autem
1920 3749 1966 3803 is
1999 3764 2109 3803 non
2139 3764 2223 3803 as-

647 3836 940 3895 suefecerit
959 3837 1226 3906 seipsum,
1262 3854 1366 3895 nec
1394 3855 1493 3895 usu
1523 3840 1711 3894 tritum
1730 3841 2084 3897 exercitando
2103 3856 2225 3897 sese

648 3928 839 3985 fecerit
877 3930 932 3984 in
956 3931 1190 3997 caeteris,
1231 3947 1367 4001 quas
1411 3934 1855 4000 memoravimus,
1900 3934 2222 4000 virtutibus,

647 4028 745 4076 aut
771 4021 979 4075 excidit
1003 4022 1178 4091 gratia
1204 4037 1366 4090 quam
1397 4036 1715 4093 acceperat;
1746 4034 1803 4078 et
1828 4025 2004 4079 elatus
2044 4025 2099 4078 in
2129 4040 2224 4078 su-

648 4108 892 4179 perbiam
936 4110 1186 4166 labitur:
1227 4120 1324 4166 aut
1368 4112 1422 4165 in
1462 4113 1578 4178 illo,
1625 4130 1788 4183 quem
1819 4114 1999 4184 attigit
2032 4116 2223 4184 gradu,

648 4214 756 4256 non
778 4202 1013 4271 prolicit,
1042 4218 1145 4257 nec
1164 4204 1383 4258 crescit.
1408 4204 1541 4259 Fere
1564 4206 1708 4259 enim
1742 4206 1901 4261 sedes
1923 4223 1985 4262 ac
2010 4208 2227 4276 requies

644 4306 733 4353 est
765 4297 893 4352 boni
922 4297 1160 4366 Spiritus
1182 4298 1484 4361 humilitas,
1509 4300 1858 4371 charitasque
1882 4317 1945 4357 ac
1975 4318 2229 4357 mansue-

650 4390 806 4456 tudo,
846 4397 904 4445 et
949 4404 1071 4459 qum
1112 4400 1422 4460 sequuntur
1463 4402 1647 4447 sancta
1690 4392 1895 4448 Christi
1948 4394 2223 4451 mandata.

646 4482 753 4548 Qui
795 4497 926 4551 ergo
970 4482 1209 4536 voluerit
1257 4482 1451 4536 barum
1497 4483 1784 4551 complexu
1840 4498 2221 4554 concursuque

648 4573 858 4643 pariter
880 4572 1126 4626 omnium
1158 4588 1256 4643 per
1293 4571 1576 4627 assiduum
1610 4581 1961 4642 augmentum
1998 4576 2065 4630 ad
2101 4592 2222 4645 per—

648 4663 944 4718 fectionem
974 4664 1191 4719 tandem
1223 4664 1553 4734 pertingere,
1593 4664 1831 4734 primum
1862 4667 2085 4736 quidem
2110 4668 2221 4723 vim

650 4754 853 4811 inferat
891 4754 1016 4818 sibi,
1063 4765 1126 4809 ut
1163 4755 1370 4809 dictum
1409 4763 1515 4820 est,
1557 4763 1612 4810 et
1653 4759 2050 4812 contumaciter
2082 4760 2225 4813 relu-

648 4853 804 4899 ctans
833 4859 931 4899 cor
972 4859 1132 4899 suum
1167 4845 1346 4900 docile
1395 4854 1449 4900 et
1498 4847 1829 4916 morigerum
1874 4848 1986 4901 Deo
2011 4848 2225 4903 efﬁcere

649 4936 814 5005 216
839 4935 1078 4990 studeat.
1110 4936 1323 4991 Etenim
1359 4937 1452 5005 qui
1495 4937 1576 4993 sic
1615 4938 1720 4993 sibi
1749 4938 1859 4992 vim
1894 4939 2047 5008 prius
2080 4939 2226 4995 intu-

648 5025 895 5089 lerit;et
925 5026 1195 5096 quidquid
1233 5034 1318 5081 est
1361 5027 1417 5080 in
1450 5028 1631 5081 anima
1678 5028 1910 5093 rebelle,
1943 5037 2116 5083 totum
2150 5030 2227 5097 id,

648 5114 803 5169 velut
845 5114 1140 5169 cicuratam
1196 5114 1432 5170 belluam
1456 5158 1470 5181 ,
1502 5116 1717 5184 patiens
1747 5118 1860 5186 jam
1906 5116 2143 5187 imperii,
2176 5128 2233 5173 et

652 5205 917 5260 obediens
946 5207 1015 5260 ad
1051 5216 1246 5261 nutum
1279 5216 1445 5262 recta:
1478 5207 1697 5273 rationi,
1728 5223 1794 5262 ac
1832 5218 2037 5267 sanctae
2065 5210 2231 5265 disci-

653 5296 838 5366 plinae,
880 5296 1209 5363 reddiderit;
1242 5298 1449 5367 quique
1491 5310 1615 5352 cum
1660 5298 1799 5353 adeo
1838 5298 1950 5368 jam
1990 5300 2129 5355 bene
2170 5316 2230 5355 se

654 5386 892 5442 habente
920 5386 1124 5451 anima,
1158 5388 1400 5456 petierit,
1430 5398 1486 5443 et
1516 5391 1684 5444 Deum
1710 5392 1970 5457 oraverit,
2005 5401 2063 5445 ut
2096 5409 2228 5462 pro-

654 5483 874 5530 moveat
903 5476 1051 5545 quod
1098 5477 1286 5547 cmpit,
1326 5479 1601 5533 obtinebit
1642 5481 1920 5537 cumulate
1961 5493 2227 5551 quantum

658 5565 933 5637 postulat;
980 5564 1377 5638 benignissimo
1420 5568 1651 5625 Domino
1693 5569 1841 5640 large
1884 5570 1963 5626 illi
2003 5586 2229 5631 conces-

734 5744 777 5781 ⁸⁷
804 5748 1008 5818 Ephcs.
1044 5768 1116 5818 ιν,
1149 5754 1237 5809 3i.

2319 3293 2427 3345 τῶν
2458 3292 2631 3346 ἄλλων
2672 3291 2883 3361 ἀρετῶν
2911 3288 3154 3357 όρμαθὸν
3192 3288 3267 3360 μὴ
3299 3289 3553 3341 ἐκπονῶν
3580 3287 3749 3341 ἑαυτὸν
3772 3304 3844 3357 μηο

2320 3384 2375 3436 δὲ
2410 3383 2750 3452 βιαζόμενος,
2785 3381 3011 3451 τοιούτῳ
3048 3381 3247 3450 πέρατι
3286 3382 3538 3451 καταντᾷ
3562 3395 3576 3408 ⁶
3608 3380 3754 3431 ἐνίοτε
3770 3384 3844 3447 γὶρ

2322 3473 2471 3540 αύτῷ
2524 3472 2765 3542 δεομένῳ
2813 3472 2909 3524 καὶ
2960 3470 3079 3523 θεία
3124 3470 3287 3541 χάρις
3317 3470 3616 3538 ὲπιφοιτᾷο
3644 3469 3749 3519 ἐπεὶ
3780 3468 3845 3517 καὶ

2320 3564 2523 3632 ἀγαθὸς
2559 3562 2635 3617 ὢν
2668 3566 2697 3617 ό
2738 3563 2867 3625 Θεὸς
2898 3563 3083 3633 ὀρέγει
3110 3564 3233 3625 τοῖς
3273 3560 3497 3615 αἰτοῦσι
3531 3559 3845 3629 φιλανθρωπό-

2321 3669 2479 3726 τερον
2520 3655 2591 3708 τὰ
2633 3656 2931 3725 αἰτήματα.
2964 3655 3055 3725 Μὴ
3100 3652 3389 3715 συνεθίσας
3415 3651 3476 3704 δὲ
3527 3652 3719 3713 ἑαυτὸν,
3750 3648 3846 3717 μηδὲ

2323 3746 2546 3818 ὲντριὸἧ
2592 3746 2688 3800 καὶ
2737 3745 3192 3816 γεγυμνασμένον
3249 3744 3390 3814 πρὸς
3431 3742 3536 3805 τὰς
3589 3741 3775 3811 ἀρετὰς,
3803 3740 3845 3799 3;

2325 3838 2558 3909 ἔφημεν,
2609 3839 2983 3908 καταστήσας,
3044 3836 3076 3906 ἢ
3121 3835 3381 3888 ἐκπίπτει
3440 3835 3541 3903 τῆς
3598 3834 3782 3902 χάριτος
3801 3825 3846 3898 ἧς

2326 3931 2510 3993 ἔλαϐε,
2556 3929 2653 3983 καὶ
2680 3929 3131 3999 ὑψηλοφρονήσας
3159 3927 3372 3989 πίπτει,
3400 3926 3436 3995 ἤ
3472 3927 3533 3979 ὲν
3565 3926 3691 3993 αὐτῇ
3720 3921 3845 3989 τιὴ

2324 4023 2424 4076 οὐκ
2455 4022 2777 4084 ἐπιδίδωσιν,
2808 4021 2930 4073 οὐδὲ
2974 4018 3147 4084 αὖξει.
3186 4019 3275 4080 Ὠς
3306 4022 3422 4088 γὰρ
3458 4018 3643 4087 φάναι,
3672 4015 3723 4068 τό
3751 4030 3845 4066 κατ·

2324 4112 2640 4184 οικητήριόν
2681 4129 2743 4165 τε
2787 4113 2881 4164 καὶ
2926 4111 3234 4172 ἀνάπαυσις
3262 4110 3358 4162 τοῦ
3404 4107 3613 4176 ἀγαθοῦ
3653 4104 3846 4173 [Ινεύμα-

2324 4225 2436 4272 τος,
2461 4208 2495 4276 ή
2525 4203 2993 4273 ταπεινοφροσύνη
3024 4204 3193 4265 ἐστὶν,
3227 4204 3260 4272 ή
3290 4202 3491 4267 ἀγάπη
3524 4217 3581 4250 τε
3613 4197 3699 4251 καὶ
3723 4194 3845 4263 29w}-

2325 4317 2444 4368 της,
2492 4298 2586 4350 καὶ
2628 4295 2935 4358 ἀκολούθως
2965 4295 3019 4347 αί
3070 4295 3226 4361 ἅγιαι
3268 4290 3361 4345 τοῦ
3408 4288 3643 4362 Χριστοῦ
3672 4284 3843 4341 imm.

2337 4390 2397 4443 Ὀ
2426 4389 2606 4443 τοίνυν
2637 4386 2963 4457 βουλόμενος
2991 4386 3080 4439 διὰ
3119 4384 3309 4438 πασῶν
3343 4383 3562 4437 τούτων
3606 4382 3677 4443 εἰς
3728 4377 3847 4443 3557,-

2329 4496 2436 4540 σιν,
2470 4478 2565 4530 καὶ
2595 4477 2875 4530 τελείωσιν
2921 4475 3230 4546 προελθεῖν,
3266 4474 3365 4543 τὴν
3418 4475 3522 4543 μὲν
3554 4471 3748 4547 πρώτην
3766 4468 3847 4537 βας

2328 4567 2504 4630 ζὲσθω
2545 4567 2758 4630 ἑαυτὴν,
2810 4566 2999 4636 ὥσπερ
3053 4566 3292 4634 είρηται,
3344 4566 3446 4617 καὶ
3507 4559 3845 4633 φιλονεικοῦπδ

2328 4658 2522 4713 ἑαυτοῦ
2546 4660 2647 4730 τὴν
2671 4656 2898 4729 καρδίαν
2929 4659 3023 4711 καὶ
3053 4658 3453 4728 ἀντερίζουσαν
3488 4654 3758 4723 ὲνδοτικήν,
3781 4651 3844 4700 καὶ

2332 4751 2613 4822 πειθήνιον
2637 4750 2714 4820 τῷ
2747 4750 2867 4821 Θεῷ
2900 4752 3077 4805 ποιεῖν
3110 4749 3485 4813 σπουδαζέτω.
3522 4750 3566 4801 Τ
3568 4748 3611 4819 ᾦ
3638 4749 3729 4815 γὰρ
3749 4743 3846 4795 οὕτω

2333 4842 2649 4913 βιασαμένῳ
2695 4841 2985 4912 πρότερον,
3031 4842 3126 4896 καὶ
3163 4841 3224 4894 τὸ
3256 4842 3565 4894 ἀντιτεῖνον
3608 4839 3695 4906 τῆς
3718 4834 3847 4903 φακῆς

2331 4933 2454 4987 ὅλον
2486 4933 2653 4985 οἱονεὶ
2674 4932 2958 5003 χειρόηθες
2986 4934 3395 5003 καταστήσαντι
3426 4933 3542 4985 ἔθει
3569 4931 3642 4999 τῷ
3662 4925 3845 5000 χρηστῷ.

2334 5026 2606 5095 κατήκοον
2660 5024 2855 5092 ἐκείνῳ
2882 5024 3257 5093 ποιησαμένῳ,
3286 5026 3381 5078 καὶ
3414 5023 3541 5095 μεθ’
3573 5023 3726 5081 οὕτως
3746 5016 3847 5086 ἐκαὶ·

2336 5137 2436 5189 σης
2466 5119 2647 5189 ψυχῆς
2688 5118 2925 5173 αἰτοῦντι
2966 5119 3062 5172 καὶ
3110 5118 3372 5187 δεομένῳ,
3407 5117 3567 5183 αὔξει
3598 5118 3685 5169 καὶ
3717 5112 3848 5165 θάλλει

2335 5209 2391 5262 ὲν
2449 5209 2598 5279 αύτῷ
2645 5211 2707 5263 τὸ
2751 5208 2904 5262 δοθὲν
2952 5209 3057 5262 ὑπὸ
3098 5207 3193 5261 τοῦ
3246 5208 3567 5276 Πνεύματος
3611 5209 3698 5274 τῆς
3732 5200 3848 5267 εὐχῆς

2334 5302 2580 5371 χάρισμα
2612 5302 2691 5371 τῷ
2730 5301 2936 5371 μετρίῳ
2966 5300 3060 5353 τοῦ
3105 5302 3457 5371 φρονήματος
3494 5294 3849 5359 ὲπαναπαώμε·

2332 5409 2449 5445 νονο
2483 5393 2513 5445 δ
2533 5394 2671 5463 πρὸς
2701 5396 2765 5462 τῇ
2801 5394 3010 5462 ἀγάπῃ,
3042 5393 3134 5444 καὶ
3171 5395 3237 5461 τῇ
3283 5394 3607 5461 ἀγαπητικῇ
3635 5386 3841 5455 πραότητι

2332 5487 2635 5555 ἐπεζήτησε
2660 5503 2672 5518 '
2709 5487 2801 5538 καὶ
2831 5487 2951 5539 τότε
2983 5485 3266 5556 χαρίζεται
3286 5483 3439 5552 αύτῷ
3464 5482 3635 5535 ταῦτα
3655 5480 3706 5531 τὸ
3726 5471 3849 5528 [lycio

2337 5593 2433 5645 ιια,
2487 5579 2582 5630 καὶ
2643 5576 2883 5631 διδάσκει
2932 5575 3437 5647 ταπεινοφροσύνην
3484 5590 3546 5626 τε
3594 5568 3746 5639 ἀληθῆ
3786 5559 3850 5614 κεῖ
