  <div class='ocr_page' id='page_1' title='image "/cluster/home/n/w/nwhite01/storage/ocr_20150623/34/hvd.32044019207760/488.png"; bbox 0 0 4044 6520; ppageno 0'>
   <div class='ocr_carea' id='block_1_1' title="bbox 178 322 1783 405">
    <p class='ocr_par' dir='ltr' id='par_1_1' title="bbox 178 334 1783 405">
     <span class='ocr_line' id='line_1_1' title="bbox 178 334 1783 405; baseline -0.007 0"><span class='ocrx_word' id='word_1_1' title='bbox 178 342 289 405; x_wconf 80' lang='grc'><strong>953</strong></span> <span class='ocrx_word' id='word_1_2' title='bbox 1216 337 1446 398; x_wconf 81' lang='lat' dir='ltr'><strong>LIBER</strong></span> <span class='ocrx_word' id='word_1_3' title='bbox 1484 335 1584 397; x_wconf 90' lang='lat' dir='ltr'>DE</span> <span class='ocrx_word' id='word_1_4' title='bbox 1618 334 1783 395; x_wconf 80' lang='lat' dir='ltr'><strong>LIBE</strong></span> 
     </span>
    </p>
   </div>
   <div class='ocr_carea' id='block_1_2' title="bbox 1880 322 3431 405">
    <p class='ocr_par' dir='ltr' id='par_1_2' title="bbox 1880 322 3431 394">
     <span class='ocr_line' id='line_1_2' title="bbox 1880 322 3431 394; baseline -0.003 0"><span class='ocrx_word' id='word_1_5' title='bbox 1880 332 2045 394; x_wconf 69' lang='lat' dir='ltr'><strong>PATE</strong></span> <span class='ocrx_word' id='word_1_6' title='bbox 2071 331 2376 393; x_wconf 86' lang='lat' dir='ltr'><strong>MENTIS.</strong></span> <span class='ocrx_word' id='word_1_7' title='bbox 3325 322 3431 390; x_wconf 62' lang='grc'><strong>954</strong></span> 
     </span>
    </p>
   </div>
   <div class='ocr_carea' id='block_1_3' title="bbox 175 436 1783 525">
    <p class='ocr_par' dir='ltr' id='par_1_3' title="bbox 175 447 1783 525">
     <span class='ocr_line' id='line_1_3' title="bbox 175 447 1783 525; baseline -0.007 -15"><span class='ocrx_word' id='word_1_8' title='bbox 175 455 404 525; x_wconf 77' lang='grc' dir='ltr'><strong>ἀγάπην</strong></span> <span class='ocrx_word' id='word_1_9' title='bbox 434 452 639 525; x_wconf 77' lang='grc' dir='ltr'>ἀψευδῆ</span> <span class='ocrx_word' id='word_1_10' title='bbox 668 451 765 505; x_wconf 80' lang='grc' dir='ltr'>καὶ</span> <span class='ocrx_word' id='word_1_11' title='bbox 792 450 1096 523; x_wconf 79' lang='grc' dir='ltr'><strong>πραότητα,</strong></span> <span class='ocrx_word' id='word_1_12' title='bbox 1124 449 1160 505; x_wconf 75' lang='grc' dir='ltr'>ἃ</span> <span class='ocrx_word' id='word_1_13' title='bbox 1185 450 1279 505; x_wconf 80' lang='grc' dir='ltr'>καὶ</span> <span class='ocrx_word' id='word_1_14' title='bbox 1310 447 1748 523; x_wconf 77' lang='grc' dir='ltr'>προῦιασάμενος</span> <span class='ocrx_word' id='word_1_15' title='bbox 1776 497 1783 509; x_wconf 76' lang='grc'><strong>,</strong></span> 
     </span>
    </p>
   </div>
   <div class='ocr_carea' id='block_1_4' title="bbox 1880 436 3433 525">
    <p class='ocr_par' dir='ltr' id='par_1_4' title="bbox 1880 436 3433 509">
     <span class='ocr_line' id='line_1_4' title="bbox 1880 436 3433 509; baseline -0.005 -9"><span class='ocrx_word' id='word_1_16' title='bbox 1880 460 2005 508; x_wconf 87' lang='lat' dir='ltr'><strong>uro,</strong></span> <span class='ocrx_word' id='word_1_17' title='bbox 2032 453 2098 500; x_wconf 91' lang='lat' dir='ltr'><strong>ut</strong></span> <span class='ocrx_word' id='word_1_18' title='bbox 2125 452 2342 499; x_wconf 81' lang='lat' dir='ltr'><strong>crescat</strong></span> <span class='ocrx_word' id='word_1_19' title='bbox 2366 450 2424 498; x_wconf 90' lang='lat' dir='ltr'><strong>et</strong></span> <span class='ocrx_word' id='word_1_20' title='bbox 2449 440 2646 496; x_wconf 79' lang='lat' dir='ltr'><strong>ﬂoreat</strong></span> <span class='ocrx_word' id='word_1_21' title='bbox 2692 437 2971 495; x_wconf 77' lang='lat' dir='ltr'><strong>indultum</strong></span> <span class='ocrx_word' id='word_1_22' title='bbox 3013 438 3117 509; x_wconf 85' lang='lat' dir='ltr'><strong>ipsi</strong></span> <span class='ocrx_word' id='word_1_23' title='bbox 3158 453 3188 493; x_wconf 90' lang='lat' dir='ltr'><strong>a</strong></span> <span class='ocrx_word' id='word_1_24' title='bbox 3222 436 3433 508; x_wconf 89' lang='lat' dir='ltr'><strong>Spiritu</strong></span> 
     </span>
    </p>
   </div>
   <div class='ocr_carea' id='block_1_5' title="bbox 176 528 1783 615">
    <p class='ocr_par' dir='ltr' id='par_1_5' title="bbox 176 536 1755 615">
     <span class='ocr_line' id='line_1_5' title="bbox 176 536 1755 615; baseline -0.006 -15"><span class='ocrx_word' id='word_1_25' title='bbox 176 546 505 615; x_wconf 74' lang='grc' dir='ltr'>ἐπεζήτησε.</span> <span class='ocrx_word' id='word_1_26' title='bbox 538 542 723 606; x_wconf 77' lang='grc' dir='ltr'>Οὕτως</span> <span class='ocrx_word' id='word_1_27' title='bbox 754 538 847 595; x_wconf 80' lang='grc' dir='ltr'><strong>οὖν</strong></span> <span class='ocrx_word' id='word_1_28' title='bbox 874 540 1117 612; x_wconf 76' lang='grc' dir='ltr'>αὒξήσας</span> <span class='ocrx_word' id='word_1_29' title='bbox 1138 540 1234 594; x_wconf 81' lang='grc' dir='ltr'><strong>καὶ</strong></span> <span class='ocrx_word' id='word_1_30' title='bbox 1279 539 1586 601; x_wconf 77' lang='grc' dir='ltr'><strong>τελειωθεὶς</strong></span> <span class='ocrx_word' id='word_1_31' title='bbox 1611 536 1755 591; x_wconf 83' lang='grc' dir='ltr'>κατὰ</span> 
     </span>
    </p>
   </div>
   <div class='ocr_carea' id='block_1_6' title="bbox 1880 528 3435 615">
    <p class='ocr_par' dir='ltr' id='par_1_6' title="bbox 1880 528 3435 602">
     <span class='ocr_line' id='line_1_6' title="bbox 1880 528 3435 602; baseline -0.005 -11"><span class='ocrx_word' id='word_1_32' title='bbox 1880 534 2131 591; x_wconf 67' lang='lat' dir='ltr'><strong>nationis</strong></span> <span class='ocrx_word' id='word_1_33' title='bbox 2151 534 2387 597; x_wconf 85' lang='lat' dir='ltr'><strong>donum;</strong></span> <span class='ocrx_word' id='word_1_34' title='bbox 2408 531 2557 602; x_wconf 89' lang='lat' dir='ltr'><strong>quod</strong></span> <span class='ocrx_word' id='word_1_35' title='bbox 2590 531 2648 586; x_wconf 93' lang='lat' dir='ltr'><strong>in</strong></span> <span class='ocrx_word' id='word_1_36' title='bbox 2679 530 2748 586; x_wconf 90' lang='lat' dir='ltr'><strong>de</strong></span> <span class='ocrx_word' id='word_1_37' title='bbox 2772 546 2831 587; x_wconf 90' lang='lat' dir='ltr'><strong>se</strong></span> <span class='ocrx_word' id='word_1_38' title='bbox 2856 528 3068 585; x_wconf 89' lang='lat' dir='ltr'><strong>modice</strong></span> <span class='ocrx_word' id='word_1_39' title='bbox 3091 529 3435 601; x_wconf 79' lang='lat' dir='ltr'><strong>sapientibus</strong></span> 
     </span>
    </p>
   </div>
   <div class='ocr_carea' id='block_1_7' title="bbox 176 620 1783 706">
    <p class='ocr_par' dir='ltr' id='par_1_7' title="bbox 176 629 1756 706">
     <span class='ocr_line' id='line_1_7' title="bbox 176 629 1756 706; baseline -0.006 -16"><span class='ocrx_word' id='word_1_40' title='bbox 176 636 388 706; x_wconf 80' lang='grc' dir='ltr'><strong>Κύριον</strong></span> <span class='ocrx_word' id='word_1_41' title='bbox 442 637 543 705; x_wconf 83' lang='grc' dir='ltr'><strong>τῆς</strong></span> <span class='ocrx_word' id='word_1_42' title='bbox 605 633 884 704; x_wconf 78' lang='grc' dir='ltr'><strong>βασιλείας</strong></span> <span class='ocrx_word' id='word_1_43' title='bbox 918 632 1067 697; x_wconf 80' lang='grc' dir='ltr'>ἄξιος</span> <span class='ocrx_word' id='word_1_44' title='bbox 1112 631 1514 686; x_wconf 82' lang='grc' dir='ltr'><strong>ἀποδείκνυται.</strong></span> <span class='ocrx_word' id='word_1_45' title='bbox 1559 629 1617 682; x_wconf 77' lang='lat'><strong>&#39;0</strong></span> <span class='ocrx_word' id='word_1_46' title='bbox 1644 629 1756 699; x_wconf 76' lang='grc' dir='ltr'>γὰρ</span> 
     </span>
    </p>
   </div>
   <div class='ocr_carea' id='block_1_8' title="bbox 1880 620 3435 706">
    <p class='ocr_par' dir='ltr' id='par_1_8' title="bbox 1887 620 3435 696">
     <span class='ocr_line' id='line_1_8' title="bbox 1887 620 3435 696; baseline -0.005 -15"><span class='ocrx_word' id='word_1_47' title='bbox 1887 627 2100 682; x_wconf 87' lang='lat' dir='ltr'><strong>ibenter</strong></span> <span class='ocrx_word' id='word_1_48' title='bbox 2115 636 2171 681; x_wconf 91' lang='lat' dir='ltr'><strong>et</strong></span> <span class='ocrx_word' id='word_1_49' title='bbox 2186 636 2573 696; x_wconf 85' lang='lat' dir='ltr'><strong>permanenter</strong></span> <span class='ocrx_word' id='word_1_50' title='bbox 2591 624 2909 693; x_wconf 86' lang='lat' dir='ltr'><strong>acquiescit.</strong></span> <span class='ocrx_word' id='word_1_51' title='bbox 2930 620 3043 676; x_wconf 84' lang='lat' dir='ltr'><strong>Hoc</strong></span> <span class='ocrx_word' id='word_1_52' title='bbox 3059 620 3206 675; x_wconf 90' lang='lat' dir='ltr'><strong>enim</strong></span> <span class='ocrx_word' id='word_1_53' title='bbox 3231 621 3435 690; x_wconf 84' lang='lat' dir='ltr'><strong>ipsum,</strong></span> 
     </span>
    </p>
   </div>
   <div class='ocr_carea' id='block_1_9' title="bbox 176 706 1783 789">
    <p class='ocr_par' dir='ltr' id='par_1_9' title="bbox 176 706 1759 789">
     <span class='ocr_line' id='line_1_9' title="bbox 176 706 1759 789; baseline -0.004 -14"><span class='ocrx_word' id='word_1_54' title='bbox 176 722 434 785; x_wconf 82' lang='grc' dir='ltr'>ταπεινὸς</span> <span class='ocrx_word' id='word_1_55' title='bbox 475 721 729 775; x_wconf 76' lang='grc' dir='ltr'>οὐδέποτε</span> <span class='ocrx_word' id='word_1_56' title='bbox 762 720 983 773; x_wconf 88' lang='grc' dir='ltr'>πίπτει·</span> <span class='ocrx_word' id='word_1_57' title='bbox 1020 717 1123 771; x_wconf 77' lang='grc' dir='ltr'><strong>ποῦ</strong></span> <span class='ocrx_word' id='word_1_58' title='bbox 1146 717 1254 789; x_wconf 80' lang='grc' dir='ltr'><strong>γὰρ</strong></span> <span class='ocrx_word' id='word_1_59' title='bbox 1288 706 1398 770; x_wconf 70' lang='grc' dir='ltr'>’καὶ</span> <span class='ocrx_word' id='word_1_60' title='bbox 1442 717 1692 770; x_wconf 85' lang='grc' dir='ltr'>πεσεῖται</span> <span class='ocrx_word' id='word_1_61' title='bbox 1731 717 1759 769; x_wconf 93' lang='grc' dir='ltr'><strong>ό</strong></span> 
     </span>
    </p>
   </div>
   <div class='ocr_carea' id='block_1_10' title="bbox 1880 706 3437 789">
    <p class='ocr_par' dir='ltr' id='par_1_10' title="bbox 1880 711 3437 783">
     <span class='ocr_line' id='line_1_10' title="bbox 1880 711 3437 783; baseline -0.004 -11"><span class='ocrx_word' id='word_1_62' title='bbox 1880 732 1989 772; x_wconf 87' lang='lat' dir='ltr'><strong>:um</strong></span> <span class='ocrx_word' id='word_1_63' title='bbox 2015 716 2283 772; x_wconf 88' lang='lat' dir='ltr'><strong>charitate</strong></span> <span class='ocrx_word' id='word_1_64' title='bbox 2308 724 2366 769; x_wconf 93' lang='lat' dir='ltr'><strong>et</strong></span> <span class='ocrx_word' id='word_1_65' title='bbox 2397 713 2681 769; x_wconf 86' lang='lat' dir='ltr'><strong>charitatis</strong></span> <span class='ocrx_word' id='word_1_66' title='bbox 2710 713 2864 783; x_wconf 83' lang='lat' dir='ltr'><strong>prole</strong></span> <span class='ocrx_word' id='word_1_67' title='bbox 2895 711 3315 767; x_wconf 85' lang='lat' dir='ltr'><strong>mansuetudine</strong></span> <span class='ocrx_word' id='word_1_68' title='bbox 3342 725 3437 766; x_wconf 79' lang='lat' dir='ltr'><strong>ex-</strong></span> 
     </span>
    </p>
   </div>
   <div class='ocr_carea' id='block_1_11' title="bbox 178 801 1783 879">
    <p class='ocr_par' dir='ltr' id='par_1_11' title="bbox 178 805 1759 879">
     <span class='ocr_line' id='line_1_11' title="bbox 178 805 1759 879; baseline -0.005 -13"><span class='ocrx_word' id='word_1_69' title='bbox 178 814 442 869; x_wconf 78' lang='grc' dir='ltr'>ὑποκάτω</span> <span class='ocrx_word' id='word_1_70' title='bbox 479 812 694 866; x_wconf 81' lang='grc' dir='ltr'>πάντων</span> <span class='ocrx_word' id='word_1_71' title='bbox 719 810 779 864; x_wconf 86' lang='grc' dir='ltr'><strong>τό</strong></span> <span class='ocrx_word' id='word_1_72' title='bbox 815 828 879 879; x_wconf 89' lang='grc' dir='ltr'><strong>γε</strong></span> <span class='ocrx_word' id='word_1_73' title='bbox 933 809 1125 862; x_wconf 83' lang='grc' dir='ltr'>ἐαυτοῦ</span> <span class='ocrx_word' id='word_1_74' title='bbox 1149 808 1258 873; x_wconf 66' lang='lat' dir='ltr'><strong>div;</strong></span> <span class='ocrx_word' id='word_1_75' title='bbox 1288 805 1427 861; x_wconf 84' lang='grc' dir='ltr'>ὥστε</span> <span class='ocrx_word' id='word_1_76' title='bbox 1459 806 1668 877; x_wconf 81' lang='grc' dir='ltr'><strong>μεγάλη</strong></span> <span class='ocrx_word' id='word_1_77' title='bbox 1696 823 1759 872; x_wconf 82' lang='grc' dir='ltr'><strong>γε</strong></span> 
     </span>
    </p>
   </div>
   <div class='ocr_carea' id='block_1_12' title="bbox 1880 801 3438 879">
    <p class='ocr_par' dir='ltr' id='par_1_12' title="bbox 1880 801 3438 877">
     <span class='ocr_line' id='line_1_12' title="bbox 1880 801 3438 877; baseline -0.004 -16"><span class='ocrx_word' id='word_1_78' title='bbox 1880 807 2123 877; x_wconf 65' lang='lat' dir='ltr'><strong>petierat.</strong></span> <span class='ocrx_word' id='word_1_79' title='bbox 2155 806 2223 861; x_wconf 88' lang='lat' dir='ltr'><strong>Et</strong></span> <span class='ocrx_word' id='word_1_80' title='bbox 2266 814 2398 860; x_wconf 91' lang='lat' dir='ltr'><strong>tunc</strong></span> <span class='ocrx_word' id='word_1_81' title='bbox 2434 804 2770 875; x_wconf 80' lang='lat' dir='ltr'><strong>gratiﬁcatur</strong></span> <span class='ocrx_word' id='word_1_82' title='bbox 2814 803 2931 857; x_wconf 81' lang='lat' dir='ltr'><strong>haec</strong></span> <span class='ocrx_word' id='word_1_83' title='bbox 2973 802 3051 857; x_wconf 82' lang='lat' dir='ltr'><strong>illi</strong></span> <span class='ocrx_word' id='word_1_84' title='bbox 3095 801 3350 870; x_wconf 86' lang='lat' dir='ltr'><strong>Spiritus.</strong></span> <span class='ocrx_word' id='word_1_85' title='bbox 3380 807 3438 855; x_wconf 85' lang='lat' dir='ltr'><strong>et</strong></span> 
     </span>
    </p>
   </div>
   <div class='ocr_carea' id='block_1_13' title="bbox 177 893 1783 972">
    <p class='ocr_par' dir='ltr' id='par_1_13' title="bbox 177 898 1763 972">
     <span class='ocr_line' id='line_1_13' title="bbox 177 898 1763 972; baseline -0.008 -14"><span class='ocrx_word' id='word_1_86' title='bbox 177 903 496 958; x_wconf 78' lang='grc' dir='ltr'>τούναντίον</span> <span class='ocrx_word' id='word_1_87' title='bbox 546 901 754 972; x_wconf 74' lang='grc' dir='ltr'>ὔψωσις</span> <span class='ocrx_word' id='word_1_88' title='bbox 783 901 879 954; x_wconf 73' lang='grc' dir='ltr'><strong>καὶ</strong></span> <span class='ocrx_word' id='word_1_89' title='bbox 906 899 1146 969; x_wconf 83' lang='grc' dir='ltr'>ἀσφαλὲς</span> <span class='ocrx_word' id='word_1_90' title='bbox 1196 898 1415 969; x_wconf 84' lang='grc' dir='ltr'>ἀξίωμα</span> <span class='ocrx_word' id='word_1_91' title='bbox 1443 898 1479 969; x_wconf 80' lang='grc' dir='ltr'><strong>ή</strong></span> <span class='ocrx_word' id='word_1_92' title='bbox 1506 910 1763 951; x_wconf 88' lang='grc' dir='ltr'>ταπεινο-</span> 
     </span>
    </p>
   </div>
   <div class='ocr_carea' id='block_1_14' title="bbox 1880 893 3434 972">
    <p class='ocr_par' dir='ltr' id='par_1_14' title="bbox 1880 893 3434 961">
     <span class='ocr_line' id='line_1_14' title="bbox 1880 893 3434 961; baseline -0.005 -8"><span class='ocrx_word' id='word_1_93' title='bbox 1880 898 2027 953; x_wconf 80' lang='lat' dir='ltr'><strong>locet</strong></span> <span class='ocrx_word' id='word_1_94' title='bbox 2068 912 2194 951; x_wconf 91' lang='lat' dir='ltr'><strong>eum</strong></span> <span class='ocrx_word' id='word_1_95' title='bbox 2225 911 2409 951; x_wconf 86' lang='lat' dir='ltr'><strong>veram</strong></span> <span class='ocrx_word' id='word_1_96' title='bbox 2437 895 2825 959; x_wconf 89' lang='lat' dir='ltr'><strong>humilitatem,</strong></span> <span class='ocrx_word' id='word_1_97' title='bbox 2860 893 3293 961; x_wconf 88' lang='lat' dir='ltr'><strong>charitatemque</strong></span> <span class='ocrx_word' id='word_1_98' title='bbox 3324 906 3434 945; x_wconf 87' lang='lat' dir='ltr'><strong>non</strong></span> 
     </span>
    </p>
   </div>
   <div class='ocr_carea' id='block_1_15' title="bbox 181 982 3438 1068">
    <p class='ocr_par' dir='ltr' id='par_1_15' title="bbox 181 982 3438 1068">
     <span class='ocr_line' id='line_1_15' title="bbox 181 982 3438 1068; baseline -0.004 -17"><span class='ocrx_word' id='word_1_99' title='bbox 181 996 451 1068; x_wconf 84' lang='grc' dir='ltr'>φροσύνη.</span> <span class='ocrx_word' id='word_1_100' title='bbox 1870 986 2073 1053; x_wconf 83' lang='lat' dir='ltr'><strong>ﬁctam,</strong></span> <span class='ocrx_word' id='word_1_101' title='bbox 2105 1003 2243 1058; x_wconf 90' lang='lat' dir='ltr'><strong>quas</strong></span> <span class='ocrx_word' id='word_1_102' title='bbox 2267 987 2357 1042; x_wconf 91' lang='lat' dir='ltr'><strong>illa</strong></span> <span class='ocrx_word' id='word_1_103' title='bbox 2386 986 2491 1041; x_wconf 90' lang='lat' dir='ltr'><strong>sibi</strong></span> <span class='ocrx_word' id='word_1_104' title='bbox 2518 987 2572 1040; x_wconf 89' lang='lat' dir='ltr'><strong>vi</strong></span> <span class='ocrx_word' id='word_1_105' title='bbox 2608 986 2879 1055; x_wconf 89' lang='lat' dir='ltr'><strong>poposcit.</strong></span> <span class='ocrx_word' id='word_1_106' title='bbox 2914 984 3005 1039; x_wconf 87' lang='lat' dir='ltr'><strong>Sic</strong></span> <span class='ocrx_word' id='word_1_107' title='bbox 3042 985 3209 1054; x_wconf 78' lang='lat' dir='ltr'><strong>igitur</strong></span> <span class='ocrx_word' id='word_1_108' title='bbox 3236 982 3304 1038; x_wconf 91' lang='lat' dir='ltr'><strong>de</strong></span> <span class='ocrx_word' id='word_1_109' title='bbox 3332 997 3438 1038; x_wconf 67' lang='lat' dir='ltr'><strong>ca:—</strong></span> 
     </span>
    </p>
   </div>
   <div class='ocr_carea' id='block_1_16' title="bbox 180 1075 3436 1160">
    <p class='ocr_par' dir='ltr' id='par_1_16' title="bbox 180 1075 3436 1160">
     <span class='ocr_line' id='line_1_16' title="bbox 180 1075 3436 1160; baseline -0.005 -16"><span class='ocrx_word' id='word_1_110' title='bbox 180 1096 305 1145; x_wconf 78' lang='lat' dir='ltr'><strong>tcro</strong></span> <span class='ocrx_word' id='word_1_111' title='bbox 332 1089 622 1160; x_wconf 80' lang='lat' dir='ltr'><strong>proﬁciens</strong></span> <span class='ocrx_word' id='word_1_112' title='bbox 641 1095 697 1142; x_wconf 91' lang='lat' dir='ltr'><strong>et</strong></span> <span class='ocrx_word' id='word_1_113' title='bbox 728 1085 1003 1155; x_wconf 82' lang='lat' dir='ltr'><strong>perfectus</strong></span> <span class='ocrx_word' id='word_1_114' title='bbox 1023 1084 1078 1139; x_wconf 91' lang='lat' dir='ltr'><strong>in</strong></span> <span class='ocrx_word' id='word_1_115' title='bbox 1105 1083 1338 1140; x_wconf 89' lang='lat' dir='ltr'><strong>Domino</strong></span> <span class='ocrx_word' id='word_1_116' title='bbox 1366 1097 1534 1154; x_wconf 85' lang='lat' dir='ltr'><strong>regno</strong></span> <span class='ocrx_word' id='word_1_117' title='bbox 1590 1080 1789 1152; x_wconf 89' lang='lat' dir='ltr'><strong>dignus</strong></span> <span class='ocrx_word' id='word_1_118' title='bbox 1826 1079 2155 1135; x_wconf 88' lang='lat' dir='ltr'><strong>declaratur.</strong></span> <span class='ocrx_word' id='word_1_119' title='bbox 2181 1079 2414 1133; x_wconf 82' lang='lat' dir='ltr'><strong>Humilis</strong></span> <span class='ocrx_word' id='word_1_120' title='bbox 2443 1078 2645 1148; x_wconf 89' lang='lat' dir='ltr'><strong>quippe</strong></span> <span class='ocrx_word' id='word_1_121' title='bbox 2665 1093 2945 1146; x_wconf 88' lang='lat' dir='ltr'><strong>nunquam</strong></span> <span class='ocrx_word' id='word_1_122' title='bbox 2963 1076 3108 1132; x_wconf 88' lang='lat' dir='ltr'><strong>cadit</strong></span> <span class='ocrx_word' id='word_1_123' title='bbox 3126 1093 3140 1139; x_wconf 89' lang='lat'><strong>;</strong></span> <span class='ocrx_word' id='word_1_124' title='bbox 3158 1091 3268 1145; x_wconf 90' lang='lat' dir='ltr'><strong>quo</strong></span> <span class='ocrx_word' id='word_1_125' title='bbox 3289 1075 3436 1129; x_wconf 85' lang='lat' dir='ltr'><strong>enim</strong></span> 
     </span>
    </p>
   </div>
   <div class='ocr_carea' id='block_1_17' title="bbox 181 1166 3435 1250">
    <p class='ocr_par' dir='ltr' id='par_1_17' title="bbox 181 1166 3435 1250">
     <span class='ocr_line' id='line_1_17' title="bbox 181 1166 3435 1250; baseline -0.007 -11"><span class='ocrx_word' id='word_1_126' title='bbox 181 1183 428 1245; x_wconf 88' lang='lat' dir='ltr'><strong>caderet,</strong></span> <span class='ocrx_word' id='word_1_127' title='bbox 461 1180 577 1250; x_wconf 90' lang='lat' dir='ltr'><strong>qui,</strong></span> <span class='ocrx_word' id='word_1_128' title='bbox 602 1190 867 1249; x_wconf 90' lang='lat' dir='ltr'><strong>quantum</strong></span> <span class='ocrx_word' id='word_1_129' title='bbox 896 1178 953 1233; x_wconf 91' lang='lat' dir='ltr'><strong>in</strong></span> <span class='ocrx_word' id='word_1_130' title='bbox 984 1178 1104 1247; x_wconf 91' lang='lat' dir='ltr'><strong>ipso</strong></span> <span class='ocrx_word' id='word_1_131' title='bbox 1127 1186 1230 1244; x_wconf 89' lang='lat' dir='ltr'><strong>est,</strong></span> <span class='ocrx_word' id='word_1_132' title='bbox 1262 1176 1373 1231; x_wconf 91' lang='lat' dir='ltr'><strong>imo</strong></span> <span class='ocrx_word' id='word_1_133' title='bbox 1402 1190 1618 1245; x_wconf 82' lang='lat' dir='ltr'><strong>semper</strong></span> <span class='ocrx_word' id='word_1_134' title='bbox 1677 1174 1798 1228; x_wconf 92' lang='lat' dir='ltr'><strong>loco</strong></span> <span class='ocrx_word' id='word_1_135' title='bbox 1836 1171 1940 1228; x_wconf 85' lang='lat' dir='ltr'><strong>sub</strong></span> <span class='ocrx_word' id='word_1_136' title='bbox 1971 1172 2139 1226; x_wconf 88' lang='lat' dir='ltr'><strong>rebus</strong></span> <span class='ocrx_word' id='word_1_137' title='bbox 2186 1170 2444 1224; x_wconf 87' lang='lat' dir='ltr'><strong>omnibus</strong></span> <span class='ocrx_word' id='word_1_138' title='bbox 2483 1168 2663 1239; x_wconf 82' lang='lat' dir='ltr'><strong>jacet?</strong></span> <span class='ocrx_word' id='word_1_139' title='bbox 2739 1183 2909 1238; x_wconf 87' lang='lat' dir='ltr'><strong>quare</strong></span> <span class='ocrx_word' id='word_1_140' title='bbox 2955 1184 3151 1238; x_wconf 88' lang='lat' dir='ltr'><strong>magna</strong></span> <span class='ocrx_word' id='word_1_141' title='bbox 3182 1166 3435 1239; x_wconf 71' lang='lat' dir='ltr'><strong>quaedam</strong></span> 
     </span>
    </p>
   </div>
   <div class='ocr_carea' id='block_1_18' title="bbox 184 1262 2448 1345">
    <p class='ocr_par' dir='ltr' id='par_1_18' title="bbox 184 1262 2448 1345">
     <span class='ocr_line' id='line_1_18' title="bbox 184 1262 2448 1345; baseline -0.006 -15"><span class='ocrx_word' id='word_1_142' title='bbox 184 1273 447 1345; x_wconf 83' lang='lat' dir='ltr'><strong>superbia</strong></span> <span class='ocrx_word' id='word_1_143' title='bbox 480 1270 790 1335; x_wconf 86' lang='lat' dir='ltr'><strong>humilitas;</strong></span> <span class='ocrx_word' id='word_1_144' title='bbox 832 1284 1026 1339; x_wconf 88' lang='lat' dir='ltr'><strong>magna</strong></span> <span class='ocrx_word' id='word_1_145' title='bbox 1054 1278 1245 1324; x_wconf 89' lang='lat' dir='ltr'><strong>contra</strong></span> <span class='ocrx_word' id='word_1_146' title='bbox 1275 1268 1557 1323; x_wconf 86' lang='lat' dir='ltr'><strong>humilitas</strong></span> <span class='ocrx_word' id='word_1_147' title='bbox 1578 1264 1836 1321; x_wconf 86' lang='lat' dir='ltr'><strong>exaltatio</strong></span> <span class='ocrx_word' id='word_1_148' title='bbox 1867 1272 1924 1319; x_wconf 91' lang='lat' dir='ltr'><strong>et</strong></span> <span class='ocrx_word' id='word_1_149' title='bbox 1963 1279 2157 1319; x_wconf 90' lang='lat' dir='ltr'><strong>secura</strong></span> <span class='ocrx_word' id='word_1_150' title='bbox 2188 1262 2448 1333; x_wconf 78' lang='lat' dir='ltr'><strong>dignitas.</strong></span> 
     </span>
    </p>
   </div>
   <div class='ocr_carea' id='block_1_19' title="bbox 267 1351 1783 1434">
    <p class='ocr_par' dir='ltr' id='par_1_19' title="bbox 267 1357 1761 1434">
     <span class='ocr_line' id='line_1_19' title="bbox 267 1357 1761 1434; baseline -0.007 -13"><span class='ocrx_word' id='word_1_151' title='bbox 267 1370 350 1421; x_wconf 76' lang='lat' dir='ltr'><strong>K&#39;.</strong></span> <span class='ocrx_word' id='word_1_152' title='bbox 382 1367 444 1419; x_wconf 84' lang='grc' dir='ltr'><strong>υί</strong></span> <span class='ocrx_word' id='word_1_153' title='bbox 470 1363 606 1434; x_wconf 79' lang='grc' dir='ltr'>πρὸς</span> <span class='ocrx_word' id='word_1_154' title='bbox 630 1362 888 1431; x_wconf 83' lang='grc' dir='ltr'>ἀλήθειαν</span> <span class='ocrx_word' id='word_1_155' title='bbox 925 1362 1018 1417; x_wconf 74' lang='grc' dir='ltr'><strong>τὸν</strong></span> <span class='ocrx_word' id='word_1_156' title='bbox 1048 1362 1180 1415; x_wconf 83' lang='grc' dir='ltr'>Θεὸν</span> <span class='ocrx_word' id='word_1_157' title='bbox 1207 1362 1613 1430; x_wconf 83' lang='grc' dir='ltr'>ἀγαπήσαντες,</span> <span class='ocrx_word' id='word_1_158' title='bbox 1636 1357 1761 1412; x_wconf 76' lang='grc' dir='ltr'>οὔτε</span> 
     </span>
    </p>
   </div>
   <div class='ocr_carea' id='block_1_20' title="bbox 1880 1351 3439 1434">
    <p class='ocr_par' dir='ltr' id='par_1_20' title="bbox 1934 1351 3439 1423">
     <span class='ocr_line' id='line_1_20' title="bbox 1934 1351 3439 1423; baseline -0.004 -12"><span class='ocrx_word' id='word_1_159' title='bbox 1934 1356 2052 1412; x_wconf 78' lang='lat' dir='ltr'><strong>XX.</strong></span> <span class='ocrx_word' id='word_1_160' title='bbox 2087 1356 2190 1423; x_wconf 86' lang='lat' dir='ltr'><strong>Qui</strong></span> <span class='ocrx_word' id='word_1_161' title='bbox 2224 1356 2397 1411; x_wconf 88' lang='lat' dir='ltr'><strong>Deum</strong></span> <span class='ocrx_word' id='word_1_162' title='bbox 2428 1370 2559 1411; x_wconf 83' lang='lat' dir='ltr'><strong>vere</strong></span> <span class='ocrx_word' id='word_1_163' title='bbox 2598 1362 2940 1416; x_wconf 87' lang='lat' dir='ltr'><strong>amaverunt,</strong></span> <span class='ocrx_word' id='word_1_164' title='bbox 2976 1367 3153 1423; x_wconf 89' lang='lat' dir='ltr'><strong>neque</strong></span> <span class='ocrx_word' id='word_1_165' title='bbox 3187 1351 3258 1406; x_wconf 93' lang='lat' dir='ltr'><strong>oh</strong></span> <span class='ocrx_word' id='word_1_166' title='bbox 3286 1367 3439 1422; x_wconf 87' lang='lat' dir='ltr'><strong>spem</strong></span> 
     </span>
    </p>
   </div>
   <div class='ocr_carea' id='block_1_21' title="bbox 183 1443 1783 1529">
    <p class='ocr_par' dir='ltr' id='par_1_21' title="bbox 183 1449 1763 1529">
     <span class='ocr_line' id='line_1_21' title="bbox 183 1449 1763 1529; baseline -0.007 -15"><span class='ocrx_word' id='word_1_167' title='bbox 183 1461 277 1514; x_wconf 69' lang='grc' dir='ltr'><strong>διὰ</strong></span> <span class='ocrx_word' id='word_1_168' title='bbox 306 1458 401 1529; x_wconf 83' lang='grc' dir='ltr'>τὴν</span> <span class='ocrx_word' id='word_1_169' title='bbox 431 1456 706 1528; x_wconf 79' lang='grc' dir='ltr'>βασιλείαν</span> <span class='ocrx_word' id='word_1_170' title='bbox 725 1454 1159 1524; x_wconf 81' lang='grc' dir='ltr'>αὑτῷδουλεῦειν</span> <span class='ocrx_word' id='word_1_171' title='bbox 1186 1454 1563 1525; x_wconf 85' lang='grc' dir='ltr'>προείρηνται,</span> <span class='ocrx_word' id='word_1_172' title='bbox 1589 1449 1763 1504; x_wconf 85' lang='grc' dir='ltr'>καθά-</span> 
     </span>
    </p>
   </div>
   <div class='ocr_carea' id='block_1_22' title="bbox 1880 1443 3442 1529">
    <p class='ocr_par' dir='ltr' id='par_1_22' title="bbox 1880 1443 3442 1517">
     <span class='ocr_line' id='line_1_22' title="bbox 1880 1443 3442 1517; baseline -0.003 -17"><span class='ocrx_word' id='word_1_173' title='bbox 1880 1446 2017 1517; x_wconf 77' lang='lat' dir='ltr'><strong>regni</strong></span> <span class='ocrx_word' id='word_1_174' title='bbox 2063 1446 2349 1516; x_wconf 86' lang='lat' dir='ltr'><strong>elegerunt</strong></span> <span class='ocrx_word' id='word_1_175' title='bbox 2392 1444 2443 1500; x_wconf 90' lang='lat' dir='ltr'><strong>ei</strong></span> <span class='ocrx_word' id='word_1_176' title='bbox 2483 1444 2689 1500; x_wconf 85' lang='lat' dir='ltr'><strong>servire</strong></span> <span class='ocrx_word' id='word_1_177' title='bbox 2720 1462 2733 1498; x_wconf 86' lang='lat'><strong>:</strong></span> <span class='ocrx_word' id='word_1_178' title='bbox 2760 1444 2917 1513; x_wconf 88' lang='lat' dir='ltr'><strong>quasi</strong></span> <span class='ocrx_word' id='word_1_179' title='bbox 2967 1452 3319 1507; x_wconf 85' lang='lat' dir='ltr'><strong>mercatores,</strong></span> <span class='ocrx_word' id='word_1_180' title='bbox 3359 1443 3442 1496; x_wconf 88' lang='lat' dir='ltr'><strong>lu-</strong></span> 
     </span>
    </p>
   </div>
   <div class='ocr_carea' id='block_1_23' title="bbox 185 1533 1783 1622">
    <p class='ocr_par' dir='ltr' id='par_1_23' title="bbox 185 1540 1766 1622">
     <span class='ocr_line' id='line_1_23' title="bbox 185 1540 1766 1622; baseline -0.006 -18"><span class='ocrx_word' id='word_1_181' title='bbox 185 1569 300 1622; x_wconf 87' lang='grc' dir='ltr'><strong>περ</strong></span> <span class='ocrx_word' id='word_1_182' title='bbox 356 1546 625 1619; x_wconf 78' lang='grc' dir='ltr'><strong>ἐμπορίας</strong></span> <span class='ocrx_word' id='word_1_183' title='bbox 676 1545 834 1619; x_wconf 75' lang='grc' dir='ltr'>χάριν</span> <span class='ocrx_word' id='word_1_184' title='bbox 891 1546 985 1600; x_wconf 79' lang='grc' dir='ltr'><strong>καὶ</strong></span> <span class='ocrx_word' id='word_1_185' title='bbox 1040 1544 1265 1615; x_wconf 83' lang='grc' dir='ltr'><strong>κέρδους</strong></span> <span class='ocrx_word' id='word_1_186' title='bbox 1299 1559 1312 1573; x_wconf 90' lang='grc'><strong>·</strong></span> <span class='ocrx_word' id='word_1_187' title='bbox 1346 1541 1470 1596; x_wconf 77' lang='grc' dir='ltr'>οὕτε</span> <span class='ocrx_word' id='word_1_188' title='bbox 1527 1542 1636 1613; x_wconf 82' lang='grc' dir='ltr'>μὴν</span> <span class='ocrx_word' id='word_1_189' title='bbox 1676 1540 1766 1595; x_wconf 86' lang='grc' dir='ltr'><strong>διά</strong></span> 
     </span>
    </p>
   </div>
   <div class='ocr_carea' id='block_1_24' title="bbox 1880 1533 3440 1622">
    <p class='ocr_par' dir='ltr' id='par_1_24' title="bbox 1880 1533 3440 1606">
     <span class='ocr_line' id='line_1_24' title="bbox 1880 1533 3440 1606; baseline -0.003 -15"><span class='ocrx_word' id='word_1_190' title='bbox 1880 1552 2061 1602; x_wconf 80' lang='lat' dir='ltr'><strong>:rum;</strong></span> <span class='ocrx_word' id='word_1_191' title='bbox 2103 1544 2198 1591; x_wconf 92' lang='lat' dir='ltr'><strong>aut</strong></span> <span class='ocrx_word' id='word_1_192' title='bbox 2225 1534 2483 1606; x_wconf 86' lang='lat' dir='ltr'><strong>operarii,</strong></span> <span class='ocrx_word' id='word_1_193' title='bbox 2513 1534 2820 1590; x_wconf 88' lang='lat' dir='ltr'><strong>mercedem</strong></span> <span class='ocrx_word' id='word_1_194' title='bbox 2850 1542 3162 1602; x_wconf 88' lang='lat' dir='ltr'><strong>captantes;</strong></span> <span class='ocrx_word' id='word_1_195' title='bbox 3198 1533 3295 1587; x_wconf 91' lang='lat' dir='ltr'><strong>sed</strong></span> <span class='ocrx_word' id='word_1_196' title='bbox 3339 1548 3440 1587; x_wconf 91' lang='lat' dir='ltr'><strong>ne-</strong></span> 
     </span>
    </p>
   </div>
   <div class='ocr_carea' id='block_1_25' title="bbox 184 1620 1783 1711">
    <p class='ocr_par' dir='ltr' id='par_1_25' title="bbox 184 1620 1764 1711">
     <span class='ocr_line' id='line_1_25' title="bbox 184 1620 1764 1711; baseline -0.008 -16"><span class='ocrx_word' id='word_1_197' title='bbox 184 1620 292 1711; x_wconf 79' lang='grc' dir='ltr'><strong>τὴν</strong></span> <span class='ocrx_word' id='word_1_198' title='bbox 332 1636 701 1708; x_wconf 79' lang='grc' dir='ltr'><strong>ἀποκειμένην</strong></span> <span class='ocrx_word' id='word_1_199' title='bbox 726 1637 837 1698; x_wconf 88' lang='grc' dir='ltr'>τοῖς</span> <span class='ocrx_word' id='word_1_200' title='bbox 870 1633 1212 1705; x_wconf 85' lang='grc' dir='ltr'>ἁμαρτωλοῖς</span> <span class='ocrx_word' id='word_1_201' title='bbox 1241 1633 1462 1686; x_wconf 82' lang='grc' dir='ltr'>κόλασιν</span> <span class='ocrx_word' id='word_1_202' title='bbox 1484 1648 1498 1661; x_wconf 92' lang='grc'><strong>·</strong></span> <span class='ocrx_word' id='word_1_203' title='bbox 1526 1630 1640 1685; x_wconf 86' lang='grc' dir='ltr'>ἀλλ’</span> <span class='ocrx_word' id='word_1_204' title='bbox 1667 1629 1764 1684; x_wconf 77' lang='grc' dir='ltr'><strong>ἅτε</strong></span> 
     </span>
    </p>
   </div>
   <div class='ocr_carea' id='block_1_26' title="bbox 1880 1620 3444 1711">
    <p class='ocr_par' dir='ltr' id='par_1_26' title="bbox 1880 1620 3444 1695">
     <span class='ocr_line' id='line_1_26' title="bbox 1880 1620 3444 1695; baseline -0.003 -17"><span class='ocrx_word' id='word_1_205' title='bbox 1880 1639 1975 1695; x_wconf 70' lang='lat' dir='ltr'><strong>que</strong></span> <span class='ocrx_word' id='word_1_206' title='bbox 1987 1624 2057 1679; x_wconf 92' lang='lat' dir='ltr'><strong>ob</strong></span> <span class='ocrx_word' id='word_1_207' title='bbox 2074 1633 2280 1678; x_wconf 90' lang='lat' dir='ltr'><strong>metum</strong></span> <span class='ocrx_word' id='word_1_208' title='bbox 2298 1631 2613 1694; x_wconf 61' lang='lat' dir='ltr'><strong>pragparata:</strong></span> <span class='ocrx_word' id='word_1_209' title='bbox 2627 1620 3008 1693; x_wconf 89' lang='lat' dir='ltr'><strong>peccatoribus</strong></span> <span class='ocrx_word' id='word_1_210' title='bbox 3024 1635 3226 1691; x_wconf 70' lang='lat' dir='ltr'><strong>preme;</strong></span> <span class='ocrx_word' id='word_1_211' title='bbox 3251 1634 3444 1675; x_wconf 91' lang='lat' dir='ltr'><strong>verum</strong></span> 
     </span>
    </p>
   </div>
   <div class='ocr_carea' id='block_1_27' title="bbox 185 1710 1783 1801">
    <p class='ocr_par' dir='ltr' id='par_1_27' title="bbox 185 1710 1760 1801">
     <span class='ocr_line' id='line_1_27' title="bbox 185 1710 1760 1801; baseline -0.008 -16"><span class='ocrx_word' id='word_1_212' title='bbox 357 1729 515 1801; x_wconf 88' lang='grc' dir='ltr'>μόνον</span> <span class='ocrx_word' id='word_1_213' title='bbox 548 1728 710 1781; x_wconf 82' lang='grc' dir='ltr'>αὐτὸν</span> <span class='ocrx_word' id='word_1_214' title='bbox 741 1728 835 1780; x_wconf 58' lang='grc' dir='ltr'><strong>καὶ⁵</strong></span> <span class='ocrx_word' id='word_1_215' title='bbox 861 1724 1190 1796; x_wconf 78' lang='grc' dir='ltr'>δημιουργὸν</span> <span class='ocrx_word' id='word_1_216' title='bbox 1240 1722 1367 1777; x_wconf 73' lang='grc' dir='ltr'>ἴδιον</span> <span class='ocrx_word' id='word_1_217' title='bbox 1392 1722 1760 1794; x_wconf 77' lang='grc' dir='ltr'>ἠγαπηκότες,</span> 
     </span>
    </p>
   </div>
   <div class='ocr_carea' id='block_1_28' title="bbox 1880 1710 3445 1801">
    <p class='ocr_par' dir='ltr' id='par_1_28' title="bbox 1880 1710 3445 1781">
     <span class='ocr_line' id='line_1_28' title="bbox 1880 1710 3445 1781; baseline -0.002 -13"><span class='ocrx_word' id='word_1_218' title='bbox 1880 1715 1928 1769; x_wconf 81' lang='lat' dir='ltr'><strong>in</strong></span> <span class='ocrx_word' id='word_1_219' title='bbox 1968 1714 2119 1769; x_wconf 92' lang='lat' dir='ltr'><strong>illum</strong></span> <span class='ocrx_word' id='word_1_220' title='bbox 2163 1714 2243 1768; x_wconf 91' lang='lat' dir='ltr'><strong>uti</strong></span> <span class='ocrx_word' id='word_1_221' title='bbox 2292 1715 2463 1768; x_wconf 89' lang='lat' dir='ltr'><strong>Deum</strong></span> <span class='ocrx_word' id='word_1_222' title='bbox 2512 1714 2689 1769; x_wconf 89' lang='lat' dir='ltr'><strong>solum</strong></span> <span class='ocrx_word' id='word_1_223' title='bbox 2739 1722 2795 1767; x_wconf 89' lang='lat' dir='ltr'><strong>et</strong></span> <span class='ocrx_word' id='word_1_224' title='bbox 2827 1720 3133 1767; x_wconf 87' lang='lat' dir='ltr'><strong>creatorem</strong></span> <span class='ocrx_word' id='word_1_225' title='bbox 3161 1710 3445 1781; x_wconf 86' lang='lat' dir='ltr'><strong>proprium</strong></span> 
     </span>
    </p>
   </div>
   <div class='ocr_carea' id='block_1_29' title="bbox 186 1801 1783 1889">
    <p class='ocr_par' dir='ltr' id='par_1_29' title="bbox 186 1811 1764 1889">
     <span class='ocr_line' id='line_1_29' title="bbox 186 1811 1764 1889; baseline -0.008 -12"><span class='ocrx_word' id='word_1_226' title='bbox 186 1824 291 1877; x_wconf 68' lang='grc' dir='ltr'><strong>καὶ</strong></span> <span class='ocrx_word' id='word_1_227' title='bbox 318 1818 608 1889; x_wconf 79' lang='grc' dir='ltr'>ἀκολουθίᾳ</span> <span class='ocrx_word' id='word_1_228' title='bbox 657 1818 864 1884; x_wconf 79' lang='grc' dir='ltr'>τάξεως</span> <span class='ocrx_word' id='word_1_229' title='bbox 901 1815 1235 1885; x_wconf 87' lang='grc' dir='ltr'>ἐπιγνόντες,</span> <span class='ocrx_word' id='word_1_230' title='bbox 1275 1814 1355 1867; x_wconf 80' lang='grc' dir='ltr'>ὅτι</span> <span class='ocrx_word' id='word_1_231' title='bbox 1383 1813 1630 1886; x_wconf 83' lang='grc' dir='ltr'>Δεσπότῃ</span> <span class='ocrx_word' id='word_1_232' title='bbox 1671 1811 1764 1865; x_wconf 77' lang='grc' dir='ltr'><strong>καὶ</strong></span> 
     </span>
    </p>
   </div>
   <div class='ocr_carea' id='block_1_30' title="bbox 1880 1801 3443 1889">
    <p class='ocr_par' dir='ltr' id='par_1_30' title="bbox 1880 1801 3443 1867">
     <span class='ocr_line' id='line_1_30' title="bbox 1880 1801 3443 1867; baseline -0.001 -7"><span class='ocrx_word' id='word_1_233' title='bbox 1880 1804 2069 1860; x_wconf 75' lang='lat' dir='ltr'><strong>aﬁ‘ectu</strong></span> <span class='ocrx_word' id='word_1_234' title='bbox 2116 1803 2392 1867; x_wconf 90' lang='lat' dir='ltr'><strong>inclinati,</strong></span> <span class='ocrx_word' id='word_1_235' title='bbox 2437 1820 2505 1859; x_wconf 87' lang='lat' dir='ltr'><strong>ex</strong></span> <span class='ocrx_word' id='word_1_236' title='bbox 2559 1812 2709 1860; x_wconf 89' lang='lat' dir='ltr'><strong>recte</strong></span> <span class='ocrx_word' id='word_1_237' title='bbox 2753 1803 3010 1859; x_wconf 90' lang='lat' dir='ltr'><strong>conclusa</strong></span> <span class='ocrx_word' id='word_1_238' title='bbox 3054 1801 3182 1857; x_wconf 89' lang='lat' dir='ltr'><strong>inde</strong></span> <span class='ocrx_word' id='word_1_239' title='bbox 3232 1802 3443 1858; x_wconf 89' lang='lat' dir='ltr'><strong>ratione</strong></span> 
     </span>
    </p>
   </div>
   <div class='ocr_carea' id='block_1_31' title="bbox 193 1892 1783 1982">
    <p class='ocr_par' dir='ltr' id='par_1_31' title="bbox 193 1902 1765 1982">
     <span class='ocr_line' id='line_1_31' title="bbox 193 1902 1765 1982; baseline -0.008 -15"><span class='ocrx_word' id='word_1_240' title='bbox 193 1915 407 1982; x_wconf 69' lang='grc' dir='ltr'>κτίστῃ</span> <span class='ocrx_word' id='word_1_241' title='bbox 435 1909 654 1972; x_wconf 76' lang='grc' dir='ltr'>δούλους</span> <span class='ocrx_word' id='word_1_242' title='bbox 682 1909 996 1979; x_wconf 78' lang='grc' dir='ltr'>εὐαρεστεῖν</span> <span class='ocrx_word' id='word_1_243' title='bbox 1022 1905 1369 1976; x_wconf 84' lang='grc' dir='ltr'>ὀφειλόμενον</span> <span class='ocrx_word' id='word_1_244' title='bbox 1387 1924 1400 1938; x_wconf 80' lang='grc' dir='ltr'><strong>ο</strong></span> <span class='ocrx_word' id='word_1_245' title='bbox 1424 1905 1474 1959; x_wconf 85' lang='grc' dir='ltr'>οἳ</span> <span class='ocrx_word' id='word_1_246' title='bbox 1510 1904 1607 1957; x_wconf 77' lang='grc' dir='ltr'>καὶ</span> <span class='ocrx_word' id='word_1_247' title='bbox 1635 1902 1765 1957; x_wconf 89' lang='grc' dir='ltr'>πολ-</span> 
     </span>
    </p>
   </div>
   <div class='ocr_carea' id='block_1_32' title="bbox 1880 1892 3445 1982">
    <p class='ocr_par' dir='ltr' id='par_1_32' title="bbox 1880 1892 3445 1967">
     <span class='ocr_line' id='line_1_32' title="bbox 1880 1892 3445 1967; baseline -0.003 -16"><span class='ocrx_word' id='word_1_248' title='bbox 1880 1906 2275 1967; x_wconf 83' lang='lat' dir='ltr'><strong>consequenter</strong></span> <span class='ocrx_word' id='word_1_249' title='bbox 2300 1903 2681 1967; x_wconf 79' lang='lat' dir='ltr'><strong>agnoscentes,</strong></span> <span class='ocrx_word' id='word_1_250' title='bbox 2704 1909 2920 1964; x_wconf 72' lang='lat' dir='ltr'><strong>aequum</strong></span> <span class='ocrx_word' id='word_1_251' title='bbox 2949 1908 3013 1948; x_wconf 90' lang='lat' dir='ltr'><strong>ac</strong></span> <span class='ocrx_word' id='word_1_252' title='bbox 3032 1893 3176 1963; x_wconf 89' lang='lat' dir='ltr'><strong>juste</strong></span> <span class='ocrx_word' id='word_1_253' title='bbox 3199 1892 3445 1948; x_wconf 90' lang='lat' dir='ltr'><strong>debitum</strong></span> 
     </span>
    </p>
   </div>
   <div class='ocr_carea' id='block_1_33' title="bbox 186 1967 1783 2074">
    <p class='ocr_par' dir='ltr' id='par_1_33' title="bbox 186 1996 1763 2074">
     <span class='ocr_line' id='line_1_33' title="bbox 186 1996 1763 2074; baseline -0.004 -18"><span class='ocrx_word' id='word_1_254' title='bbox 186 2005 258 2074; x_wconf 80' lang='grc' dir='ltr'>λῇ</span> <span class='ocrx_word' id='word_1_255' title='bbox 309 2006 376 2073; x_wconf 80' lang='grc' dir='ltr'>τῇ</span> <span class='ocrx_word' id='word_1_256' title='bbox 436 1998 651 2053; x_wconf 79' lang='grc' dir='ltr'>συνέσει</span> <span class='ocrx_word' id='word_1_257' title='bbox 720 1997 858 2069; x_wconf 80' lang='grc' dir='ltr'>πρὸς</span> <span class='ocrx_word' id='word_1_258' title='bbox 906 1997 975 2052; x_wconf 83' lang='grc' dir='ltr'>τὰ</span> <span class='ocrx_word' id='word_1_259' title='bbox 1020 1998 1447 2069; x_wconf 83' lang='grc' dir='ltr'>παραπίπτοντα</span> <span class='ocrx_word' id='word_1_260' title='bbox 1503 1996 1763 2067; x_wconf 84' lang='grc' dir='ltr'>χρῶνται.</span> 
     </span>
    </p>
   </div>
   <div class='ocr_carea' id='block_1_34' title="bbox 1880 1967 3448 2074">
    <p class='ocr_par' dir='ltr' id='par_1_34' title="bbox 1880 1982 3448 2053">
     <span class='ocr_line' id='line_1_34' title="bbox 1880 1982 3448 2053; baseline -0.002 -11"><span class='ocrx_word' id='word_1_261' title='bbox 1880 2002 2011 2052; x_wconf 73' lang='lat' dir='ltr'><strong>esse,</strong></span> <span class='ocrx_word' id='word_1_262' title='bbox 2036 1994 2097 2041; x_wconf 89' lang='lat' dir='ltr'><strong>ut</strong></span> <span class='ocrx_word' id='word_1_263' title='bbox 2124 1996 2393 2041; x_wconf 81' lang='lat' dir='ltr'><strong>creaturae</strong></span> <span class='ocrx_word' id='word_1_264' title='bbox 2421 1985 2717 2050; x_wconf 84' lang='lat' dir='ltr'><strong>conditori,</strong></span> <span class='ocrx_word' id='word_1_265' title='bbox 2753 1984 2903 2039; x_wconf 90' lang='lat' dir='ltr'><strong>servi</strong></span> <span class='ocrx_word' id='word_1_266' title='bbox 2935 1982 3186 2047; x_wconf 90' lang='lat' dir='ltr'><strong>Domino,</strong></span> <span class='ocrx_word' id='word_1_267' title='bbox 3220 1992 3448 2053; x_wconf 87' lang='lat' dir='ltr'><strong>propter</strong></span> 
     </span>
    </p>
   </div>
   <div class='ocr_carea' id='block_1_35' title="bbox 189 2086 1770 2161">
    <p class='ocr_par' dir='ltr' id='par_1_35' title="bbox 189 2086 1770 2161">
     <span class='ocr_line' id='line_1_35' title="bbox 189 2086 1770 2161; baseline -0.006 -12"><span class='ocrx_word' id='word_1_268' title='bbox 189 2094 376 2150; x_wconf 85' lang='grc' dir='ltr'>Πολλά</span> <span class='ocrx_word' id='word_1_269' title='bbox 408 2091 516 2161; x_wconf 71' lang='grc' dir='ltr'>γὰρ</span> <span class='ocrx_word' id='word_1_270' title='bbox 546 2089 617 2144; x_wconf 79' lang='grc' dir='ltr'>τὰ</span> <span class='ocrx_word' id='word_1_271' title='bbox 651 2090 883 2160; x_wconf 83' lang='grc' dir='ltr'>ἐμπόδια</span> <span class='ocrx_word' id='word_1_272' title='bbox 923 2089 1025 2159; x_wconf 79' lang='grc' dir='ltr'>τῆς</span> <span class='ocrx_word' id='word_1_273' title='bbox 1069 2089 1207 2161; x_wconf 82' lang='grc' dir='ltr'>πρὸς</span> <span class='ocrx_word' id='word_1_274' title='bbox 1236 2088 1370 2141; x_wconf 81' lang='grc' dir='ltr'>Θεὸν</span> <span class='ocrx_word' id='word_1_275' title='bbox 1399 2086 1657 2157; x_wconf 83' lang='grc' dir='ltr'>τυγχάνει</span> <span class='ocrx_word' id='word_1_276' title='bbox 1684 2086 1770 2139; x_wconf 87' lang='grc' dir='ltr'>εὑ-</span> 
     </span>
    </p>
   </div>
   <div class='ocr_carea' id='block_1_36' title="bbox 189 2176 1768 2254">
    <p class='ocr_par' dir='ltr' id='par_1_36' title="bbox 189 2176 1768 2254">
     <span class='ocr_line' id='line_1_36' title="bbox 189 2176 1768 2254; baseline -0.004 -18"><span class='ocrx_word' id='word_1_277' title='bbox 189 2183 576 2254; x_wconf 84' lang='grc' dir='ltr'>αρεστήσεως·</span> <span class='ocrx_word' id='word_1_278' title='bbox 620 2180 744 2233; x_wconf 75' lang='grc' dir='ltr'>ἐπεὶ</span> <span class='ocrx_word' id='word_1_279' title='bbox 802 2178 935 2251; x_wconf 87' lang='grc' dir='ltr'><strong>μηδέ</strong></span> <span class='ocrx_word' id='word_1_280' title='bbox 987 2179 1150 2233; x_wconf 87' lang='grc' dir='ltr'>πενία</span> <span class='ocrx_word' id='word_1_281' title='bbox 1204 2179 1364 2248; x_wconf 90' lang='grc' dir='ltr'>μόνον</span> <span class='ocrx_word' id='word_1_282' title='bbox 1423 2178 1517 2230; x_wconf 79' lang='grc' dir='ltr'><strong>καὶ</strong></span> <span class='ocrx_word' id='word_1_283' title='bbox 1561 2176 1768 2242; x_wconf 79' lang='grc' dir='ltr'>ἀδοξία,</span> 
     </span>
    </p>
   </div>
   <div class='ocr_carea' id='block_1_37' title="bbox 190 2267 1773 2342">
    <p class='ocr_par' dir='ltr' id='par_1_37' title="bbox 190 2267 1773 2342">
     <span class='ocr_line' id='line_1_37' title="bbox 190 2267 1773 2342; baseline -0.003 -16"><span class='ocrx_word' id='word_1_284' title='bbox 190 2274 335 2327; x_wconf 83' lang='grc' dir='ltr'><strong>ἁλλά</strong></span> <span class='ocrx_word' id='word_1_285' title='bbox 360 2275 453 2328; x_wconf 74' lang='grc' dir='ltr'><strong>καὶ</strong></span> <span class='ocrx_word' id='word_1_286' title='bbox 487 2273 715 2336; x_wconf 82' lang='grc' dir='ltr'>πλοῦτος</span> <span class='ocrx_word' id='word_1_287' title='bbox 759 2273 854 2325; x_wconf 70' lang='grc' dir='ltr'><strong>καὶ</strong></span> <span class='ocrx_word' id='word_1_288' title='bbox 882 2270 1015 2342; x_wconf 85' lang='grc' dir='ltr'>τιμὴ</span> <span class='ocrx_word' id='word_1_289' title='bbox 1060 2270 1263 2341; x_wconf 87' lang='grc' dir='ltr'>ὁμοίως</span> <span class='ocrx_word' id='word_1_290' title='bbox 1292 2270 1592 2340; x_wconf 79' lang='grc' dir='ltr'>πειρασμοὶ</span> <span class='ocrx_word' id='word_1_291' title='bbox 1636 2267 1773 2322; x_wconf 91' lang='grc' dir='ltr'>καθ-</span> 
     </span>
    </p>
   </div>
   <div class='ocr_carea' id='block_1_38' title="bbox 193 2358 1775 2435">
    <p class='ocr_par' dir='ltr' id='par_1_38' title="bbox 193 2358 1775 2435">
     <span class='ocr_line' id='line_1_38' title="bbox 193 2358 1775 2435; baseline -0.004 -17"><span class='ocrx_word' id='word_1_292' title='bbox 193 2365 212 2418; x_wconf 85' lang='grc' dir='ltr'><strong>ί</strong></span> <span class='ocrx_word' id='word_1_293' title='bbox 224 2382 443 2418; x_wconf 72' lang='grc' dir='ltr'>πανται</span> <span class='ocrx_word' id='word_1_294' title='bbox 471 2366 538 2435; x_wconf 76' lang='grc' dir='ltr'>τῇ</span> <span class='ocrx_word' id='word_1_295' title='bbox 560 2364 706 2434; x_wconf 70' lang='grc' dir='ltr'>ψυχῇ</span> <span class='ocrx_word' id='word_1_296' title='bbox 731 2378 746 2395; x_wconf 89' lang='grc'><strong>·</strong></span> <span class='ocrx_word' id='word_1_297' title='bbox 785 2363 844 2415; x_wconf 92' lang='grc' dir='ltr'><strong>ἐν</strong></span> <span class='ocrx_word' id='word_1_298' title='bbox 887 2361 1040 2432; x_wconf 82' lang='grc' dir='ltr'>μέρει</span> <span class='ocrx_word' id='word_1_299' title='bbox 1067 2361 1123 2415; x_wconf 80' lang='grc' dir='ltr'><strong>δέ</strong></span> <span class='ocrx_word' id='word_1_300' title='bbox 1154 2378 1272 2424; x_wconf 89' lang='grc' dir='ltr'><strong>πως</strong></span> <span class='ocrx_word' id='word_1_301' title='bbox 1300 2359 1398 2413; x_wconf 68' lang='grc' dir='ltr'><strong>κα)⁸</strong></span> <span class='ocrx_word' id='word_1_302' title='bbox 1422 2361 1457 2431; x_wconf 81' lang='grc' dir='ltr'>ὴ</span> <span class='ocrx_word' id='word_1_303' title='bbox 1489 2358 1775 2429; x_wconf 79' lang='grc' dir='ltr'>παράκλη-</span> 
     </span>
    </p>
   </div>
   <div class='ocr_carea' id='block_1_39' title="bbox 191 2451 1776 2526">
    <p class='ocr_par' dir='ltr' id='par_1_39' title="bbox 191 2451 1776 2526">
     <span class='ocr_line' id='line_1_39' title="bbox 191 2451 1776 2526; baseline -0.004 -17"><span class='ocrx_word' id='word_1_304' title='bbox 191 2473 285 2519; x_wconf 82' lang='grc' dir='ltr'><strong>σις</strong></span> <span class='ocrx_word' id='word_1_305' title='bbox 308 2455 441 2526; x_wconf 80' lang='grc' dir='ltr'>αὑτὴ</span> <span class='ocrx_word' id='word_1_306' title='bbox 470 2456 564 2508; x_wconf 74' lang='grc' dir='ltr'><strong>καὶ</strong></span> <span class='ocrx_word' id='word_1_307' title='bbox 592 2455 626 2525; x_wconf 85' lang='grc' dir='ltr'>ἡ</span> <span class='ocrx_word' id='word_1_308' title='bbox 657 2453 839 2515; x_wconf 76' lang='grc' dir='ltr'>ἄνεσις</span> <span class='ocrx_word' id='word_1_309' title='bbox 870 2453 1054 2522; x_wconf 85' lang='grc' dir='ltr'>ἐκείνη</span> <span class='ocrx_word' id='word_1_310' title='bbox 1079 2453 1113 2522; x_wconf 77' lang='grc' dir='ltr'><strong>ἡ</strong></span> <span class='ocrx_word' id='word_1_311' title='bbox 1145 2452 1250 2505; x_wconf 81' lang='grc' dir='ltr'>ὑπὸ</span> <span class='ocrx_word' id='word_1_312' title='bbox 1281 2451 1384 2521; x_wconf 82' lang='grc' dir='ltr'>τῆς</span> <span class='ocrx_word' id='word_1_313' title='bbox 1435 2452 1659 2522; x_wconf 84' lang='grc' dir='ltr'>χάριτος</span> <span class='ocrx_word' id='word_1_314' title='bbox 1681 2467 1776 2503; x_wconf 81' lang='grc' dir='ltr'>κα-</span> 
     </span>
    </p>
   </div>
   <div class='ocr_carea' id='block_1_40' title="bbox 190 2540 1774 2621">
    <p class='ocr_par' dir='ltr' id='par_1_40' title="bbox 190 2540 1774 2621">
     <span class='ocr_line' id='line_1_40' title="bbox 190 2540 1774 2621; baseline -0.004 -21"><span class='ocrx_word' id='word_1_315' title='bbox 190 2546 624 2616; x_wconf 75' lang='grc' dir='ltr'>ταλαμϐάνουσα</span> <span class='ocrx_word' id='word_1_316' title='bbox 650 2545 750 2616; x_wconf 80' lang='grc' dir='ltr'><strong>τὴν</strong></span> <span class='ocrx_word' id='word_1_317' title='bbox 785 2543 984 2621; x_wconf 77' lang='grc' dir='ltr'>ψυχὴν,</span> <span class='ocrx_word' id='word_1_318' title='bbox 1020 2544 1068 2597; x_wconf 84' lang='grc' dir='ltr'><strong>εί</strong></span> <span class='ocrx_word' id='word_1_319' title='bbox 1094 2543 1171 2616; x_wconf 88' lang='grc' dir='ltr'>μὴ</span> <span class='ocrx_word' id='word_1_320' title='bbox 1225 2541 1483 2612; x_wconf 72' lang='grc' dir='ltr'>αἴσθηται</span> <span class='ocrx_word' id='word_1_321' title='bbox 1512 2540 1717 2612; x_wconf 88' lang='grc' dir='ltr'>ταύτης</span> <span class='ocrx_word' id='word_1_322' title='bbox 1739 2542 1774 2611; x_wconf 85' lang='grc' dir='ltr'><strong>ή</strong></span> 
     </span>
    </p>
   </div>
   <div class='ocr_carea' id='block_1_41' title="bbox 195 2630 1775 2706">
    <p class='ocr_par' dir='ltr' id='par_1_41' title="bbox 195 2630 1775 2706">
     <span class='ocr_line' id='line_1_41' title="bbox 195 2630 1775 2706; baseline -0.006 -13"><span class='ocrx_word' id='word_1_323' title='bbox 195 2638 628 2703; x_wconf 78' lang='grc' dir='ltr'>καταξιωθεῖσα,</span> <span class='ocrx_word' id='word_1_324' title='bbox 680 2636 777 2690; x_wconf 65' lang='grc' dir='ltr'><strong>καῖ⁸</strong></span> <span class='ocrx_word' id='word_1_325' title='bbox 828 2634 1010 2706; x_wconf 88' lang='grc' dir='ltr'>πολλῷ</span> <span class='ocrx_word' id='word_1_326' title='bbox 1054 2635 1134 2705; x_wconf 90' lang='grc' dir='ltr'>τῷ</span> <span class='ocrx_word' id='word_1_327' title='bbox 1192 2633 1398 2705; x_wconf 87' lang='grc' dir='ltr'>μετρίῳ</span> <span class='ocrx_word' id='word_1_328' title='bbox 1441 2633 1536 2686; x_wconf 70' lang='grc' dir='ltr'><strong>καὶ</strong></span> <span class='ocrx_word' id='word_1_329' title='bbox 1566 2630 1775 2703; x_wconf 88' lang='grc' dir='ltr'>συνετῷ</span> 
     </span>
    </p>
   </div>
   <div class='ocr_carea' id='block_1_42' title="bbox 193 2724 1774 2805">
    <p class='ocr_par' dir='ltr' id='par_1_42' title="bbox 193 2724 1774 2805">
     <span class='ocr_line' id='line_1_42' title="bbox 193 2724 1774 2805; baseline -0.007 -16"><span class='ocrx_word' id='word_1_330' title='bbox 193 2734 494 2805; x_wconf 81' lang='grc' dir='ltr'>χρήσηται,</span> <span class='ocrx_word' id='word_1_331' title='bbox 522 2730 658 2784; x_wconf 82' lang='grc' dir='ltr'>πολὺ</span> <span class='ocrx_word' id='word_1_332' title='bbox 683 2730 744 2784; x_wconf 80' lang='grc' dir='ltr'>τὸ</span> <span class='ocrx_word' id='word_1_333' title='bbox 772 2727 994 2782; x_wconf 75' lang='grc' dir='ltr'>εὔκολον</span> <span class='ocrx_word' id='word_1_334' title='bbox 1024 2726 1136 2798; x_wconf 74' lang='grc' dir='ltr'>ἔχει</span> <span class='ocrx_word' id='word_1_335' title='bbox 1156 2726 1293 2796; x_wconf 74' lang='grc' dir='ltr'>πρὸς</span> <span class='ocrx_word' id='word_1_336' title='bbox 1318 2725 1382 2778; x_wconf 82' lang='grc' dir='ltr'><strong>τὸ</strong></span> <span class='ocrx_word' id='word_1_337' title='bbox 1408 2724 1774 2795; x_wconf 77' lang='grc' dir='ltr'>πειρατήριον</span> 
     </span>
    </p>
   </div>
   <div class='ocr_carea' id='block_1_43' title="bbox 196 2815 1778 2895">
    <p class='ocr_par' dir='ltr' id='par_1_43' title="bbox 196 2815 1778 2895">
     <span class='ocr_line' id='line_1_43' title="bbox 196 2815 1778 2895; baseline -0.009 -15"><span class='ocrx_word' id='word_1_338' title='bbox 196 2826 342 2895; x_wconf 76' lang='grc' dir='ltr'>αὐτῇ</span> <span class='ocrx_word' id='word_1_339' title='bbox 392 2823 590 2892; x_wconf 82' lang='grc' dir='ltr'>μᾶλλον</span> <span class='ocrx_word' id='word_1_340' title='bbox 641 2822 736 2876; x_wconf 73' lang='grc' dir='ltr'>καὶ</span> <span class='ocrx_word' id='word_1_341' title='bbox 781 2820 1011 2890; x_wconf 82' lang='grc' dir='ltr'>κώλυμα</span> <span class='ocrx_word' id='word_1_342' title='bbox 1041 2817 1381 2887; x_wconf 83' lang='grc' dir='ltr'>καταστῆναι</span> <span class='ocrx_word' id='word_1_343' title='bbox 1405 2832 1421 2849; x_wconf 77' lang='grc' dir='ltr'><strong>ο</strong></span> <span class='ocrx_word' id='word_1_344' title='bbox 1455 2817 1552 2871; x_wconf 84' lang='grc' dir='ltr'>ἆτε</span> <span class='ocrx_word' id='word_1_345' title='bbox 1576 2815 1778 2880; x_wconf 84' lang='grc' dir='ltr'>κακίας</span> 
     </span>
    </p>
   </div>
   <div class='ocr_carea' id='block_1_44' title="bbox 198 2906 1777 2988">
    <p class='ocr_par' dir='ltr' id='par_1_44' title="bbox 198 2906 1777 2988">
     <span class='ocr_line' id='line_1_44' title="bbox 198 2906 1777 2988; baseline -0.006 -18"><span class='ocrx_word' id='word_1_346' title='bbox 198 2916 471 2988; x_wconf 75' lang='grc' dir='ltr'>προφάσει</span> <span class='ocrx_word' id='word_1_347' title='bbox 496 2913 661 2985; x_wconf 79' lang='grc' dir='ltr'>τῆσδε</span> <span class='ocrx_word' id='word_1_348' title='bbox 697 2913 798 2983; x_wconf 84' lang='grc' dir='ltr'>τῆς</span> <span class='ocrx_word' id='word_1_349' title='bbox 834 2911 1055 2983; x_wconf 86' lang='grc' dir='ltr'>χάριτος</span> <span class='ocrx_word' id='word_1_350' title='bbox 1077 2909 1332 2964; x_wconf 82' lang='grc' dir='ltr'>ὑπολύειν</span> <span class='ocrx_word' id='word_1_351' title='bbox 1382 2907 1520 2981; x_wconf 77' lang='grc' dir='ltr'>αὐτῇ</span> <span class='ocrx_word' id='word_1_352' title='bbox 1554 2906 1645 2962; x_wconf 81' lang='grc' dir='ltr'><strong>τὸν</strong></span> <span class='ocrx_word' id='word_1_353' title='bbox 1685 2906 1777 2962; x_wconf 70' lang='grc' dir='ltr'>τόο</span> 
     </span>
    </p>
   </div>
   <div class='ocr_carea' id='block_1_45' title="bbox 198 2998 1780 3079">
    <p class='ocr_par' dir='ltr' id='par_1_45' title="bbox 198 2998 1780 3079">
     <span class='ocr_line' id='line_1_45' title="bbox 198 2998 1780 3079; baseline -0.007 -16"><span class='ocrx_word' id='word_1_354' title='bbox 198 3026 320 3075; x_wconf 90' lang='grc' dir='ltr'>νον,</span> <span class='ocrx_word' id='word_1_355' title='bbox 349 3005 619 3079; x_wconf 79' lang='grc' dir='ltr'>χαύνωσιν</span> <span class='ocrx_word' id='word_1_356' title='bbox 651 3021 709 3058; x_wconf 91' lang='grc' dir='ltr'><strong>τε</strong></span> <span class='ocrx_word' id='word_1_357' title='bbox 735 3004 830 3058; x_wconf 66' lang='grc' dir='ltr'><strong>κα)⁵</strong></span> <span class='ocrx_word' id='word_1_358' title='bbox 878 3000 1174 3070; x_wconf 84' lang='grc' dir='ltr'>ὀλιγωρίαν</span> <span class='ocrx_word' id='word_1_359' title='bbox 1202 3000 1406 3055; x_wconf 82' lang='grc' dir='ltr'>ἐνιέναι</span> <span class='ocrx_word' id='word_1_360' title='bbox 1447 2998 1780 3071; x_wconf 84' lang='grc' dir='ltr'>μηχανωμέ-</span> 
     </span>
    </p>
   </div>
   <div class='ocr_carea' id='block_1_46' title="bbox 199 3091 1779 3173">
    <p class='ocr_par' dir='ltr' id='par_1_46' title="bbox 199 3091 1779 3173">
     <span class='ocr_line' id='line_1_46' title="bbox 199 3091 1779 3173; baseline -0.009 -15"><span class='ocrx_word' id='word_1_361' title='bbox 199 3121 328 3173; x_wconf 85' lang='grc' dir='ltr'>νης.</span> <span class='ocrx_word' id='word_1_362' title='bbox 375 3101 467 3155; x_wconf 87' lang='grc' dir='ltr'>Διδ</span> <span class='ocrx_word' id='word_1_363' title='bbox 517 3098 613 3154; x_wconf 60' lang='grc' dir='ltr'><strong>καὶ⁵</strong></span> <span class='ocrx_word' id='word_1_364' title='bbox 670 3098 808 3168; x_wconf 80' lang='grc' dir='ltr'>αὐτὴ</span> <span class='ocrx_word' id='word_1_365' title='bbox 864 3098 899 3169; x_wconf 76' lang='grc' dir='ltr'>ἡ</span> <span class='ocrx_word' id='word_1_366' title='bbox 938 3096 1099 3169; x_wconf 86' lang='grc' dir='ltr'>χάρις</span> <span class='ocrx_word' id='word_1_367' title='bbox 1127 3093 1394 3158; x_wconf 78' lang='grc' dir='ltr'>εὐλαὸοὖς</span> <span class='ocrx_word' id='word_1_368' title='bbox 1433 3093 1604 3146; x_wconf 89' lang='grc' dir='ltr'>δεῖται</span> <span class='ocrx_word' id='word_1_369' title='bbox 1639 3091 1779 3163; x_wconf 78' lang='grc' dir='ltr'>πρὸς</span> 
     </span>
    </p>
   </div>
   <div class='ocr_carea' id='block_1_47' title="bbox 204 3184 1781 3269">
    <p class='ocr_par' dir='ltr' id='par_1_47' title="bbox 204 3184 1781 3269">
     <span class='ocr_line' id='line_1_47' title="bbox 204 3184 1781 3269; baseline -0.01 -18"><span class='ocrx_word' id='word_1_370' title='bbox 204 3194 512 3269; x_wconf 78' lang='grc' dir='ltr'>μετάληψιν</span> <span class='ocrx_word' id='word_1_371' title='bbox 559 3193 652 3247; x_wconf 72' lang='grc' dir='ltr'>καὶ</span> <span class='ocrx_word' id='word_1_372' title='bbox 684 3190 973 3245; x_wconf 78' lang='grc' dir='ltr'>εὐσυνέτου</span> <span class='ocrx_word' id='word_1_373' title='bbox 1011 3187 1221 3260; x_wconf 82' lang='grc' dir='ltr'>ψυχῆς·</span> <span class='ocrx_word' id='word_1_374' title='bbox 1245 3186 1386 3241; x_wconf 82' lang='grc' dir='ltr'>ὥστε</span> <span class='ocrx_word' id='word_1_375' title='bbox 1433 3186 1528 3239; x_wconf 79' lang='grc' dir='ltr'>καὶ</span> <span class='ocrx_word' id='word_1_376' title='bbox 1551 3184 1781 3256; x_wconf 81' lang='grc' dir='ltr'>τιμῆσαι</span> 
     </span>
    </p>
   </div>
   <div class='ocr_carea' id='block_1_48' title="bbox 198 3277 1781 3358">
    <p class='ocr_par' dir='ltr' id='par_1_48' title="bbox 198 3277 1781 3358">
     <span class='ocr_line' id='line_1_48' title="bbox 198 3277 1781 3358; baseline -0.009 -15"><span class='ocrx_word' id='word_1_377' title='bbox 198 3288 434 3358; x_wconf 81' lang='grc' dir='ltr'>ταύτην,</span> <span class='ocrx_word' id='word_1_378' title='bbox 463 3285 555 3340; x_wconf 75' lang='grc' dir='ltr'>καὶ</span> <span class='ocrx_word' id='word_1_379' title='bbox 575 3283 759 3350; x_wconf 80' lang='grc' dir='ltr'>ἀξίους</span> <span class='ocrx_word' id='word_1_380' title='bbox 783 3282 913 3347; x_wconf 78' lang='grc' dir='ltr'>τοὺς</span> <span class='ocrx_word' id='word_1_381' title='bbox 940 3281 1182 3351; x_wconf 82' lang='grc' dir='ltr'>καρποὺς</span> <span class='ocrx_word' id='word_1_382' title='bbox 1229 3278 1624 3343; x_wconf 78' lang='grc' dir='ltr'>ἐπιδείξασθαι.</span> <span class='ocrx_word' id='word_1_383' title='bbox 1650 3277 1781 3330; x_wconf 64' lang='lat' dir='ltr'><strong>litv-</strong></span> 
     </span>
    </p>
   </div>
   <div class='ocr_carea' id='block_1_49' title="bbox 201 3366 1781 3442">
    <p class='ocr_par' dir='ltr' id='par_1_49' title="bbox 201 3366 1781 3442">
     <span class='ocr_line' id='line_1_49' title="bbox 201 3366 1781 3442; baseline -0.008 -8"><span class='ocrx_word' id='word_1_384' title='bbox 201 3379 418 3434; x_wconf 84' lang='grc' dir='ltr'>δυνεύει</span> <span class='ocrx_word' id='word_1_385' title='bbox 460 3377 640 3431; x_wconf 85' lang='grc' dir='ltr'>τοίνυν</span> <span class='ocrx_word' id='word_1_386' title='bbox 678 3376 741 3429; x_wconf 83' lang='grc' dir='ltr'><strong>οὑ</strong></span> <span class='ocrx_word' id='word_1_387' title='bbox 774 3374 875 3438; x_wconf 83' lang='grc' dir='ltr'><strong>τὰς</strong></span> <span class='ocrx_word' id='word_1_388' title='bbox 903 3372 1111 3442; x_wconf 80' lang='grc' dir='ltr'>θλίψεις</span> <span class='ocrx_word' id='word_1_389' title='bbox 1144 3370 1325 3442; x_wconf 86' lang='grc' dir='ltr'>μόνον,</span> <span class='ocrx_word' id='word_1_390' title='bbox 1369 3368 1508 3423; x_wconf 87' lang='grc' dir='ltr'><strong>ἀλλά</strong></span> <span class='ocrx_word' id='word_1_391' title='bbox 1547 3366 1643 3422; x_wconf 72' lang='grc' dir='ltr'>καὶ</span> <span class='ocrx_word' id='word_1_392' title='bbox 1679 3366 1781 3431; x_wconf 85' lang='grc' dir='ltr'>τὰς</span> 
     </span>
    </p>
   </div>
   <div class='ocr_carea' id='block_1_50' title="bbox 203 3458 1784 3539">
    <p class='ocr_par' dir='ltr' id='par_1_50' title="bbox 203 3458 1784 3539">
     <span class='ocr_line' id='line_1_50' title="bbox 203 3458 1784 3539; baseline -0.008 -12"><span class='ocrx_word' id='word_1_393' title='bbox 203 3472 428 3534; x_wconf 82' lang='grc' dir='ltr'>ἀνέσεις</span> <span class='ocrx_word' id='word_1_394' title='bbox 472 3468 828 3539; x_wconf 81' lang='grc' dir='ltr'>πειρατήριον</span> <span class='ocrx_word' id='word_1_395' title='bbox 877 3464 1216 3536; x_wconf 83' lang='grc' dir='ltr'>γίνεσθαιτῇ</span> <span class='ocrx_word' id='word_1_396' title='bbox 1245 3461 1392 3533; x_wconf 77' lang='grc' dir='ltr'>ψυχῇ</span> <span class='ocrx_word' id='word_1_397' title='bbox 1424 3476 1438 3492; x_wconf 74' lang='grc' dir='ltr'><strong>ο</strong></span> <span class='ocrx_word' id='word_1_398' title='bbox 1472 3459 1564 3514; x_wconf 80' lang='grc' dir='ltr'><strong>καὶ</strong></span> <span class='ocrx_word' id='word_1_399' title='bbox 1588 3458 1655 3514; x_wconf 88' lang='grc' dir='ltr'>δι’</span> <span class='ocrx_word' id='word_1_400' title='bbox 1678 3462 1784 3529; x_wconf 86' lang='grc' dir='ltr'>ἀμ·-</span> 
     </span>
    </p>
   </div>
   <div class='ocr_carea' id='block_1_51' title="bbox 206 3552 1782 3632">
    <p class='ocr_par' dir='ltr' id='par_1_51' title="bbox 206 3552 1782 3632">
     <span class='ocr_line' id='line_1_51' title="bbox 206 3552 1782 3632; baseline -0.008 -16"><span class='ocrx_word' id='word_1_401' title='bbox 206 3561 462 3632; x_wconf 83' lang='grc' dir='ltr'>φοτέρων</span> <span class='ocrx_word' id='word_1_402' title='bbox 514 3561 624 3632; x_wconf 89' lang='grc' dir='ltr'><strong>γάρ</strong></span> <span class='ocrx_word' id='word_1_403' title='bbox 655 3560 714 3613; x_wconf 79' lang='lat' dir='ltr'><strong>al</strong></span> <span class='ocrx_word' id='word_1_404' title='bbox 747 3558 914 3629; x_wconf 69' lang='grc' dir='ltr'>ψυχαὶ</span> <span class='ocrx_word' id='word_1_405' title='bbox 946 3556 1023 3625; x_wconf 81' lang='grc' dir='ltr'>τῷ</span> <span class='ocrx_word' id='word_1_406' title='bbox 1076 3554 1325 3610; x_wconf 82' lang='grc' dir='ltr'>κτίσαντι</span> <span class='ocrx_word' id='word_1_407' title='bbox 1372 3552 1782 3622; x_wconf 75' lang='grc' dir='ltr'>δοκιμάζονται,</span> 
     </span>
    </p>
   </div>
   <div class='ocr_carea' id='block_1_52' title="bbox 207 3641 1785 3723">
    <p class='ocr_par' dir='ltr' id='par_1_52' title="bbox 207 3641 1785 3723">
     <span class='ocr_line' id='line_1_52' title="bbox 207 3641 1785 3723; baseline -0.008 -15"><span class='ocrx_word' id='word_1_408' title='bbox 207 3654 301 3708; x_wconf 77' lang='grc' dir='ltr'>ἵνα</span> <span class='ocrx_word' id='word_1_409' title='bbox 327 3652 475 3723; x_wconf 75' lang='grc' dir='ltr'>δῆλοι</span> <span class='ocrx_word' id='word_1_410' title='bbox 506 3652 690 3721; x_wconf 82' lang='grc' dir='ltr'>σαφῶς</span> <span class='ocrx_word' id='word_1_411' title='bbox 718 3650 981 3720; x_wconf 85' lang='grc' dir='ltr'>γένωνται</span> <span class='ocrx_word' id='word_1_412' title='bbox 1006 3648 1149 3711; x_wconf 84' lang='grc' dir='ltr'>τίνες</span> <span class='ocrx_word' id='word_1_413' title='bbox 1177 3648 1227 3701; x_wconf 76' lang='lat' dir='ltr'><strong>oi</strong></span> <span class='ocrx_word' id='word_1_414' title='bbox 1254 3646 1330 3717; x_wconf 72' lang='grc' dir='ltr'>μὴ</span> <span class='ocrx_word' id='word_1_415' title='bbox 1359 3645 1585 3716; x_wconf 83' lang='grc' dir='ltr'>κέρδους</span> <span class='ocrx_word' id='word_1_416' title='bbox 1604 3641 1785 3697; x_wconf 77' lang='grc' dir='ltr'>αἰτίαν</span> 
     </span>
    </p>
   </div>
   <div class='ocr_carea' id='block_1_53' title="bbox 206 3734 1787 3818">
    <p class='ocr_par' dir='ltr' id='par_1_53' title="bbox 206 3734 1787 3818">
     <span class='ocr_line' id='line_1_53' title="bbox 206 3734 1787 3818; baseline -0.008 -18"><span class='ocrx_word' id='word_1_417' title='bbox 206 3748 432 3818; x_wconf 76' lang='grc' dir='ltr'>θέμενοι</span> <span class='ocrx_word' id='word_1_418' title='bbox 473 3743 566 3817; x_wconf 59' lang='grc' dir='ltr'><strong>τήν</strong></span> <span class='ocrx_word' id='word_1_419' title='bbox 604 3744 740 3816; x_wconf 82' lang='grc' dir='ltr'>πρὸς</span> <span class='ocrx_word' id='word_1_420' title='bbox 779 3743 987 3797; x_wconf 84' lang='grc' dir='ltr'>ἐκεῖνον</span> <span class='ocrx_word' id='word_1_421' title='bbox 1010 3738 1230 3810; x_wconf 83' lang='grc' dir='ltr'>ἀγάπην</span> <span class='ocrx_word' id='word_1_422' title='bbox 1255 3754 1268 3769; x_wconf 88' lang='grc'><strong>·</strong></span> <span class='ocrx_word' id='word_1_423' title='bbox 1294 3737 1408 3793; x_wconf 79' lang='grc' dir='ltr'>ἀλλ’</span> <span class='ocrx_word' id='word_1_424' title='bbox 1430 3736 1593 3791; x_wconf 69' lang='grc' dir='ltr'>αὐτὸν</span> <span class='ocrx_word' id='word_1_425' title='bbox 1623 3734 1787 3801; x_wconf 88' lang='grc' dir='ltr'>μόνον</span> 
     </span>
    </p>
   </div>
   <div class='ocr_carea' id='block_1_54' title="bbox 203 3825 1785 3908">
    <p class='ocr_par' dir='ltr' id='par_1_54' title="bbox 203 3825 1785 3908">
     <span class='ocr_line' id='line_1_54' title="bbox 203 3825 1785 3908; baseline -0.007 -14"><span class='ocrx_word' id='word_1_426' title='bbox 203 3841 309 3894; x_wconf 68' lang='grc' dir='ltr'>τὶιν</span> <span class='ocrx_word' id='word_1_427' title='bbox 352 3837 556 3908; x_wconf 83' lang='grc' dir='ltr'>πολλῆς</span> <span class='ocrx_word' id='word_1_428' title='bbox 589 3836 667 3907; x_wconf 87' lang='grc' dir='ltr'>τῷ</span> <span class='ocrx_word' id='word_1_429' title='bbox 712 3835 828 3889; x_wconf 75' lang='grc' dir='ltr'>ὄντι</span> <span class='ocrx_word' id='word_1_430' title='bbox 872 3834 969 3890; x_wconf 77' lang='grc' dir='ltr'>καὶ</span> <span class='ocrx_word' id='word_1_431' title='bbox 1027 3831 1209 3903; x_wconf 87' lang='grc' dir='ltr'>φιλίας</span> <span class='ocrx_word' id='word_1_432' title='bbox 1272 3829 1369 3883; x_wconf 80' lang='grc' dir='ltr'><strong>καὶ</strong></span> <span class='ocrx_word' id='word_1_433' title='bbox 1395 3830 1563 3899; x_wconf 79' lang='grc' dir='ltr'>τιμῆς</span> <span class='ocrx_word' id='word_1_434' title='bbox 1612 3825 1785 3891; x_wconf 79' lang='grc' dir='ltr'>ἀξιον.</span> 
     </span>
    </p>
   </div>
   <div class='ocr_carea' id='block_1_55' title="bbox 208 3917 1787 4001">
    <p class='ocr_par' dir='ltr' id='par_1_55' title="bbox 208 3917 1787 4001">
     <span class='ocr_line' id='line_1_55' title="bbox 208 3917 1787 4001; baseline -0.009 -17"><span class='ocrx_word' id='word_1_435' title='bbox 208 3933 427 4001; x_wconf 79' lang='grc' dir='ltr'>Ὥσπερ</span> <span class='ocrx_word' id='word_1_436' title='bbox 451 3929 509 3983; x_wconf 81' lang='grc' dir='ltr'><strong>δέ</strong></span> <span class='ocrx_word' id='word_1_437' title='bbox 542 3928 621 3998; x_wconf 84' lang='grc' dir='ltr'>τῷ</span> <span class='ocrx_word' id='word_1_438' title='bbox 652 3927 868 3998; x_wconf 85' lang='grc' dir='ltr'>ἀμελεῖ,</span> <span class='ocrx_word' id='word_1_439' title='bbox 898 3925 996 3979; x_wconf 74' lang='grc' dir='ltr'>καὶ</span> <span class='ocrx_word' id='word_1_440' title='bbox 1034 3923 1163 3995; x_wconf 73' lang='grc' dir='ltr'>περὶ</span> <span class='ocrx_word' id='word_1_441' title='bbox 1210 3921 1310 3993; x_wconf 81' lang='grc' dir='ltr'><strong>τὴν</strong></span> <span class='ocrx_word' id='word_1_442' title='bbox 1361 3919 1546 3973; x_wconf 87' lang='grc' dir='ltr'>πίστιν</span> <span class='ocrx_word' id='word_1_443' title='bbox 1598 3917 1787 3983; x_wconf 87' lang='grc' dir='ltr'>ἐνδεεῖ,</span> 
     </span>
    </p>
   </div>
   <div class='ocr_carea' id='block_1_56' title="bbox 207 4006 1792 4093">
    <p class='ocr_par' dir='ltr' id='par_1_56' title="bbox 207 4006 1792 4093">
     <span class='ocr_line' id='line_1_56' title="bbox 207 4006 1792 4093; baseline -0.011 -15"><span class='ocrx_word' id='word_1_444' title='bbox 207 4028 313 4078; x_wconf 79' lang='grc' dir='ltr'>καὶ</span> <span class='ocrx_word' id='word_1_445' title='bbox 348 4023 427 4093; x_wconf 82' lang='grc' dir='ltr'>τῷ</span> <span class='ocrx_word' id='word_1_446' title='bbox 475 4021 787 4091; x_wconf 84' lang='grc' dir='ltr'>φρονήματι</span> <span class='ocrx_word' id='word_1_447' title='bbox 838 4016 1180 4087; x_wconf 79' lang='grc' dir='ltr'>νηπιάξοντι,</span> <span class='ocrx_word' id='word_1_448' title='bbox 1226 4012 1484 4084; x_wconf 88' lang='grc' dir='ltr'>ἐμπόδιον</span> <span class='ocrx_word' id='word_1_449' title='bbox 1523 4007 1661 4081; x_wconf 76' lang='grc' dir='ltr'>πρὸς</span> <span class='ocrx_word' id='word_1_450' title='bbox 1692 4006 1792 4079; x_wconf 81' lang='grc' dir='ltr'><strong>τὴν</strong></span> 
     </span>
    </p>
   </div>
   <div class='ocr_carea' id='block_1_57' title="bbox 207 4097 1793 4182">
    <p class='ocr_par' dir='ltr' id='par_1_57' title="bbox 207 4097 1793 4182">
     <span class='ocr_line' id='line_1_57' title="bbox 207 4097 1793 4182; baseline -0.011 -12"><span class='ocrx_word' id='word_1_451' title='bbox 207 4114 445 4170; x_wconf 80' lang='grc' dir='ltr'>αἰωνίαν</span> <span class='ocrx_word' id='word_1_452' title='bbox 495 4112 639 4182; x_wconf 77' lang='grc' dir='ltr'>ζωὴν</span> <span class='ocrx_word' id='word_1_453' title='bbox 681 4108 856 4166; x_wconf 78' lang='grc' dir='ltr'>ταῦτα</span> <span class='ocrx_word' id='word_1_454' title='bbox 908 4108 1149 4176; x_wconf 87' lang='grc' dir='ltr'>γίνεται·</span> <span class='ocrx_word' id='word_1_455' title='bbox 1185 4106 1306 4175; x_wconf 79' lang='grc' dir='ltr'>ήτοι</span> <span class='ocrx_word' id='word_1_456' title='bbox 1345 4103 1413 4157; x_wconf 79' lang='grc' dir='ltr'>τὰ</span> <span class='ocrx_word' id='word_1_457' title='bbox 1445 4099 1666 4172; x_wconf 72' lang='grc' dir='ltr'>λυπηρὰ</span> <span class='ocrx_word' id='word_1_458' title='bbox 1697 4097 1793 4153; x_wconf 80' lang='grc' dir='ltr'><strong>καὶ</strong></span> 
     </span>
    </p>
   </div>
   <div class='ocr_carea' id='block_1_58' title="bbox 208 4192 1791 4273">
    <p class='ocr_par' dir='ltr' id='par_1_58' title="bbox 208 4192 1791 4273">
     <span class='ocr_line' id='line_1_58' title="bbox 208 4192 1791 4273; baseline -0.014 -9"><span class='ocrx_word' id='word_1_459' title='bbox 208 4209 475 4273; x_wconf 83' lang='grc' dir='ltr'>ἐπίπονα,</span> <span class='ocrx_word' id='word_1_460' title='bbox 532 4206 700 4271; x_wconf 85' lang='grc' dir='ltr'>νόσοι,</span> <span class='ocrx_word' id='word_1_461' title='bbox 765 4201 970 4268; x_wconf 87' lang='grc' dir='ltr'>πενίαι,</span> <span class='ocrx_word' id='word_1_462' title='bbox 1026 4199 1124 4253; x_wconf 74' lang='grc' dir='ltr'>καὶ</span> <span class='ocrx_word' id='word_1_463' title='bbox 1203 4194 1445 4261; x_wconf 80' lang='grc' dir='ltr'>ἀδοξίαι·</span> <span class='ocrx_word' id='word_1_464' title='bbox 1509 4192 1791 4256; x_wconf 85' lang='grc' dir='ltr'>τάναντία,</span> 
     </span>
    </p>
   </div>
   <div class='ocr_carea' id='block_1_59' title="bbox 210 4282 1792 4363">
    <p class='ocr_par' dir='ltr' id='par_1_59' title="bbox 210 4282 1792 4363">
     <span class='ocr_line' id='line_1_59' title="bbox 210 4282 1792 4363; baseline -0.014 -8"><span class='ocrx_word' id='word_1_465' title='bbox 210 4300 476 4362; x_wconf 82' lang='grc' dir='ltr'>πλοῦτος,</span> <span class='ocrx_word' id='word_1_466' title='bbox 527 4296 675 4363; x_wconf 79' lang='grc' dir='ltr'>δόξα,</span> <span class='ocrx_word' id='word_1_467' title='bbox 715 4294 813 4349; x_wconf 71' lang='grc' dir='ltr'>καὶ</span> <span class='ocrx_word' id='word_1_468' title='bbox 866 4293 916 4347; x_wconf 79' lang='grc' dir='ltr'><strong>οἱ</strong></span> <span class='ocrx_word' id='word_1_469' title='bbox 954 4290 1015 4357; x_wconf 79' lang='grc' dir='ltr'><strong>ἐξ</strong></span> <span class='ocrx_word' id='word_1_470' title='bbox 1064 4288 1368 4361; x_wconf 82' lang='grc' dir='ltr'>ἀνθρώπων</span> <span class='ocrx_word' id='word_1_471' title='bbox 1429 4282 1792 4357; x_wconf 73' lang='grc' dir='ltr'>μακαρισμοὶ,</span> 
     </span>
    </p>
   </div>
   <div class='ocr_carea' id='block_1_60' title="bbox 209 4368 1794 4460">
    <p class='ocr_par' dir='ltr' id='par_1_60' title="bbox 209 4368 1794 4460">
     <span class='ocr_line' id='line_1_60' title="bbox 209 4368 1794 4460; baseline -0.013 -16"><span class='ocrx_word' id='word_1_472' title='bbox 209 4390 359 4460; x_wconf 79' lang='grc' dir='ltr'>πρὸς</span> <span class='ocrx_word' id='word_1_473' title='bbox 402 4388 459 4442; x_wconf 81' lang='grc' dir='ltr'>δὲ</span> <span class='ocrx_word' id='word_1_474' title='bbox 514 4387 610 4442; x_wconf 78' lang='grc' dir='ltr'>καὶ</span> <span class='ocrx_word' id='word_1_475' title='bbox 658 4388 685 4440; x_wconf 84' lang='grc' dir='ltr'><strong>ό</strong></span> <span class='ocrx_word' id='word_1_476' title='bbox 724 4386 782 4439; x_wconf 89' lang='grc' dir='ltr'><strong>ἐν</strong></span> <span class='ocrx_word' id='word_1_477' title='bbox 825 4381 902 4455; x_wconf 83' lang='grc' dir='ltr'>τῷ</span> <span class='ocrx_word' id='word_1_478' title='bbox 932 4382 1127 4453; x_wconf 85' lang='grc' dir='ltr'>ἀφανεῖ</span> <span class='ocrx_word' id='word_1_479' title='bbox 1153 4378 1401 4450; x_wconf 87' lang='grc' dir='ltr'>πλήττων</span> <span class='ocrx_word' id='word_1_480' title='bbox 1428 4375 1523 4430; x_wconf 84' lang='grc' dir='ltr'>τοῦ</span> <span class='ocrx_word' id='word_1_481' title='bbox 1556 4368 1794 4445; x_wconf 73' lang='grc' dir='ltr'>πονηροῦ</span> 
     </span>
    </p>
   </div>
   <div class='ocr_carea' id='block_1_61' title="bbox 212 4461 1797 4551">
    <p class='ocr_par' dir='ltr' id='par_1_61' title="bbox 212 4461 1797 4551">
     <span class='ocr_line' id='line_1_61' title="bbox 212 4461 1797 4551; baseline -0.013 -15"><span class='ocrx_word' id='word_1_482' title='bbox 212 4484 461 4551; x_wconf 77' lang='grc' dir='ltr'>πόλεμος</span> <span class='ocrx_word' id='word_1_483' title='bbox 486 4497 502 4512; x_wconf 75' lang='grc' dir='ltr'><strong>ο</strong></span> <span class='ocrx_word' id='word_1_484' title='bbox 537 4478 680 4533; x_wconf 73' lang='grc' dir='ltr'>οὕτω</span> <span class='ocrx_word' id='word_1_485' title='bbox 711 4477 875 4533; x_wconf 83' lang='grc' dir='ltr'>πάλιν</span> <span class='ocrx_word' id='word_1_486' title='bbox 908 4471 1283 4544; x_wconf 83' lang='grc' dir='ltr'>ἀντιστρέφων</span> <span class='ocrx_word' id='word_1_487' title='bbox 1309 4469 1585 4540; x_wconf 80' lang='grc' dir='ltr'>εὑρήσεις,</span> <span class='ocrx_word' id='word_1_488' title='bbox 1609 4466 1693 4520; x_wconf 83' lang='grc' dir='ltr'>ὅτι</span> <span class='ocrx_word' id='word_1_489' title='bbox 1719 4461 1797 4534; x_wconf 82' lang='grc' dir='ltr'>τῷ</span> 
     </span>
    </p>
   </div>
   <div class='ocr_carea' id='block_1_62' title="bbox 212 4556 1797 4643">
    <p class='ocr_par' dir='ltr' id='par_1_62' title="bbox 212 4556 1797 4643">
     <span class='ocr_line' id='line_1_62' title="bbox 212 4556 1797 4643; baseline -0.013 -15"><span class='ocrx_word' id='word_1_490' title='bbox 212 4572 401 4643; x_wconf 83' lang='grc' dir='ltr'>πιστῷ</span> <span class='ocrx_word' id='word_1_491' title='bbox 449 4571 545 4625; x_wconf 79' lang='grc' dir='ltr'><strong>καὶ</strong></span> <span class='ocrx_word' id='word_1_492' title='bbox 591 4569 800 4639; x_wconf 85' lang='grc' dir='ltr'>συνετῷ</span> <span class='ocrx_word' id='word_1_493' title='bbox 849 4567 944 4621; x_wconf 76' lang='grc' dir='ltr'>καὶ</span> <span class='ocrx_word' id='word_1_494' title='bbox 993 4563 1229 4634; x_wconf 86' lang='grc' dir='ltr'>γενναίῳ</span> <span class='ocrx_word' id='word_1_495' title='bbox 1290 4559 1527 4629; x_wconf 80' lang='grc' dir='ltr'>συνεργὰ</span> <span class='ocrx_word' id='word_1_496' title='bbox 1589 4556 1797 4628; x_wconf 83' lang='grc' dir='ltr'>μᾶλλον</span> 
     </span>
    </p>
   </div>
   <div class='ocr_carea' id='block_1_63' title="bbox 1870 2075 3437 2152">
    <p class='ocr_par' dir='ltr' id='par_1_63' title="bbox 1870 2075 3437 2152">
     <span class='ocr_line' id='line_1_63' title="bbox 1870 2075 3437 2152; baseline -0.003 -19"><span class='ocrx_word' id='word_1_497' title='bbox 1870 2081 2046 2151; x_wconf 89' lang='lat' dir='ltr'><strong>ipsam</strong></span> <span class='ocrx_word' id='word_1_498' title='bbox 2078 2081 2198 2152; x_wconf 89' lang='lat' dir='ltr'><strong>ejus</strong></span> <span class='ocrx_word' id='word_1_499' title='bbox 2222 2078 2623 2144; x_wconf 83' lang='lat' dir='ltr'><strong>excellentiam,</strong></span> <span class='ocrx_word' id='word_1_500' title='bbox 2653 2078 2871 2147; x_wconf 87' lang='lat' dir='ltr'><strong>placere</strong></span> <span class='ocrx_word' id='word_1_501' title='bbox 2903 2091 2967 2131; x_wconf 92' lang='lat' dir='ltr'><strong>ac</strong></span> <span class='ocrx_word' id='word_1_502' title='bbox 3003 2075 3295 2147; x_wconf 88' lang='lat' dir='ltr'><strong>gratiﬁcari</strong></span> <span class='ocrx_word' id='word_1_503' title='bbox 3333 2088 3437 2130; x_wconf 84' lang='lat' dir='ltr'><strong>stu-</strong></span> 
     </span>
    </p>
   </div>
   <div class='ocr_carea' id='block_1_64' title="bbox 1872 2166 3447 2241">
    <p class='ocr_par' dir='ltr' id='par_1_64' title="bbox 1872 2166 3447 2241">
     <span class='ocr_line' id='line_1_64' title="bbox 1872 2166 3447 2241; baseline -0.005 -13"><span class='ocrx_word' id='word_1_504' title='bbox 1872 2172 2070 2240; x_wconf 84' lang='lat' dir='ltr'><strong>deant;</strong></span> <span class='ocrx_word' id='word_1_505' title='bbox 2100 2172 2205 2227; x_wconf 91' lang='lat' dir='ltr'><strong>hoc</strong></span> <span class='ocrx_word' id='word_1_506' title='bbox 2232 2180 2402 2241; x_wconf 91' lang='lat' dir='ltr'><strong>agunt</strong></span> <span class='ocrx_word' id='word_1_507' title='bbox 2432 2178 2487 2225; x_wconf 90' lang='lat' dir='ltr'><strong>et</strong></span> <span class='ocrx_word' id='word_1_508' title='bbox 2525 2177 2794 2225; x_wconf 89' lang='lat' dir='ltr'><strong>conantur</strong></span> <span class='ocrx_word' id='word_1_509' title='bbox 2818 2167 3033 2222; x_wconf 90' lang='lat' dir='ltr'><strong>sincero</strong></span> <span class='ocrx_word' id='word_1_510' title='bbox 3058 2166 3160 2236; x_wconf 61' lang='lat' dir='ltr'><strong>piae</strong></span> <span class='ocrx_word' id='word_1_511' title='bbox 3190 2167 3447 2221; x_wconf 89' lang='lat' dir='ltr'><strong>volunta-</strong></span> 
     </span>
    </p>
   </div>
   <div class='ocr_carea' id='block_1_65' title="bbox 1875 2256 3449 2331">
    <p class='ocr_par' dir='ltr' id='par_1_65' title="bbox 1875 2256 3449 2331">
     <span class='ocr_line' id='line_1_65' title="bbox 1875 2256 3449 2331; baseline -0.005 -13"><span class='ocrx_word' id='word_1_512' title='bbox 1875 2263 1947 2319; x_wconf 87' lang='lat' dir='ltr'><strong>tis</strong></span> <span class='ocrx_word' id='word_1_513' title='bbox 1977 2264 2141 2317; x_wconf 89' lang='lat' dir='ltr'><strong>nisu:</strong></span> <span class='ocrx_word' id='word_1_514' title='bbox 2175 2262 2264 2318; x_wconf 91' lang='lat' dir='ltr'><strong>cui</strong></span> <span class='ocrx_word' id='word_1_515' title='bbox 2303 2271 2359 2316; x_wconf 89' lang='lat' dir='ltr'><strong>et</strong></span> <span class='ocrx_word' id='word_1_516' title='bbox 2388 2275 2573 2331; x_wconf 86' lang='lat' dir='ltr'><strong>parem</strong></span> <span class='ocrx_word' id='word_1_517' title='bbox 2604 2258 2805 2314; x_wconf 83' lang='lat' dir='ltr'><strong>mentis</strong></span> <span class='ocrx_word' id='word_1_518' title='bbox 2845 2256 3207 2312; x_wconf 87' lang='lat' dir='ltr'><strong>attentionem</strong></span> <span class='ocrx_word' id='word_1_519' title='bbox 3249 2257 3449 2311; x_wconf 87' lang='lat' dir='ltr'><strong>merito</strong></span> 
     </span>
    </p>
   </div>
   <div class='ocr_carea' id='block_1_66' title="bbox 1874 2345 3451 2425">
    <p class='ocr_par' dir='ltr' id='par_1_66' title="bbox 1874 2345 3451 2425">
     <span class='ocr_line' id='line_1_66' title="bbox 1874 2345 3451 2425; baseline -0.006 -16"><span class='ocrx_word' id='word_1_520' title='bbox 1874 2354 2195 2425; x_wconf 89' lang='lat' dir='ltr'><strong>adjungunt.</strong></span> <span class='ocrx_word' id='word_1_521' title='bbox 2230 2351 2445 2406; x_wconf 84' lang='lat' dir='ltr'><strong>Etenim</strong></span> <span class='ocrx_word' id='word_1_522' title='bbox 2488 2350 2621 2420; x_wconf 86' lang='lat' dir='ltr'><strong>ipsis</strong></span> <span class='ocrx_word' id='word_1_523' title='bbox 2654 2347 2824 2403; x_wconf 88' lang='lat' dir='ltr'><strong>multa</strong></span> <span class='ocrx_word' id='word_1_524' title='bbox 2857 2354 2942 2402; x_wconf 90' lang='lat' dir='ltr'><strong>est</strong></span> <span class='ocrx_word' id='word_1_525' title='bbox 2984 2345 3294 2400; x_wconf 85' lang='lat' dir='ltr'><strong>necessaria</strong></span> <span class='ocrx_word' id='word_1_526' title='bbox 3319 2360 3451 2413; x_wconf 81' lang='lat' dir='ltr'><strong>pru-</strong></span> 
     </span>
    </p>
   </div>
   <div class='ocr_carea' id='block_1_67' title="bbox 1874 2439 3450 2517">
    <p class='ocr_par' dir='ltr' id='par_1_67' title="bbox 1874 2439 3450 2517">
     <span class='ocr_line' id='line_1_67' title="bbox 1874 2439 3450 2517; baseline -0.007 -13"><span class='ocrx_word' id='word_1_527' title='bbox 1874 2448 2080 2514; x_wconf 89' lang='lat' dir='ltr'><strong>dentia,</strong></span> <span class='ocrx_word' id='word_1_528' title='bbox 2111 2447 2158 2502; x_wconf 92' lang='lat' dir='ltr'><strong>si</strong></span> <span class='ocrx_word' id='word_1_529' title='bbox 2199 2458 2506 2517; x_wconf 71' lang='lat' dir='ltr'><strong>praecavere</strong></span> <span class='ocrx_word' id='word_1_530' title='bbox 2545 2442 2735 2506; x_wconf 87' lang='lat' dir='ltr'><strong>velint,</strong></span> <span class='ocrx_word' id='word_1_531' title='bbox 2773 2456 2842 2496; x_wconf 90' lang='lat' dir='ltr'><strong>ne</strong></span> <span class='ocrx_word' id='word_1_532' title='bbox 2870 2439 3191 2509; x_wconf 88' lang='lat' dir='ltr'><strong>quotidiana</strong></span> <span class='ocrx_word' id='word_1_533' title='bbox 3217 2454 3337 2509; x_wconf 65' lang='lat' dir='ltr'><strong>qua:</strong></span> <span class='ocrx_word' id='word_1_534' title='bbox 3362 2454 3450 2493; x_wconf 87' lang='lat' dir='ltr'><strong>ac-</strong></span> 
     </span>
    </p>
   </div>
   <div class='ocr_carea' id='block_1_68' title="bbox 1874 2542 3451 2622">
    <p class='ocr_par' dir='ltr' id='par_1_68' title="bbox 1874 2542 3451 2622">
     <span class='ocr_line' id='line_1_68' title="bbox 1874 2542 3451 2622; baseline -0.008 -14"><span class='ocrx_word' id='word_1_535' title='bbox 1874 2551 2088 2619; x_wconf 90' lang='lat' dir='ltr'><strong>cidunt,</strong></span> <span class='ocrx_word' id='word_1_536' title='bbox 2134 2549 2526 2622; x_wconf 88' lang='lat' dir='ltr'><strong>impedimenta</strong></span> <span class='ocrx_word' id='word_1_537' title='bbox 2568 2546 2701 2617; x_wconf 87' lang='lat' dir='ltr'><strong>ipsis</strong></span> <span class='ocrx_word' id='word_1_538' title='bbox 2742 2544 2852 2600; x_wconf 86' lang='lat' dir='ltr'><strong>sint</strong></span> <span class='ocrx_word' id='word_1_539' title='bbox 2894 2542 3144 2613; x_wconf 85' lang='lat' dir='ltr'><strong>placendi</strong></span> <span class='ocrx_word' id='word_1_540' title='bbox 3187 2543 3302 2597; x_wconf 90' lang='lat' dir='ltr'><strong>Deo</strong></span> <span class='ocrx_word' id='word_1_541' title='bbox 3348 2542 3451 2596; x_wconf 87' lang='lat' dir='ltr'><strong>ista</strong></span> 
     </span>
    </p>
   </div>
   <div class='ocr_carea' id='block_1_69' title="bbox 1876 2634 3451 2712">
    <p class='ocr_par' dir='ltr' id='par_1_69' title="bbox 1876 2634 3451 2712">
     <span class='ocr_line' id='line_1_69' title="bbox 1876 2634 3451 2712; baseline -0.008 -12"><span class='ocrx_word' id='word_1_542' title='bbox 1876 2641 2203 2700; x_wconf 88' lang='lat' dir='ltr'><strong>intentionis</strong></span> <span class='ocrx_word' id='word_1_543' title='bbox 2245 2642 2519 2712; x_wconf 89' lang='lat' dir='ltr'><strong>puritate;</strong></span> <span class='ocrx_word' id='word_1_544' title='bbox 2552 2638 2823 2709; x_wconf 88' lang='lat' dir='ltr'><strong>siquidem</strong></span> <span class='ocrx_word' id='word_1_545' title='bbox 2872 2651 2979 2690; x_wconf 69' lang='lat' dir='ltr'><strong>nos</strong></span> <span class='ocrx_word' id='word_1_546' title='bbox 3029 2642 3243 2705; x_wconf 86' lang='lat' dir='ltr'><strong>egestas</strong></span> <span class='ocrx_word' id='word_1_547' title='bbox 3274 2634 3451 2689; x_wconf 87' lang='lat' dir='ltr'><strong>solum</strong></span> 
     </span>
    </p>
   </div>
   <div class='ocr_carea' id='block_1_70' title="bbox 1876 2723 3450 2807">
    <p class='ocr_par' dir='ltr' id='par_1_70' title="bbox 1876 2723 3450 2807">
     <span class='ocr_line' id='line_1_70' title="bbox 1876 2723 3450 2807; baseline -0.01 -16"><span class='ocrx_word' id='word_1_548' title='bbox 1876 2744 1934 2791; x_wconf 93' lang='lat' dir='ltr'><strong>et</strong></span> <span class='ocrx_word' id='word_1_549' title='bbox 1961 2734 2279 2807; x_wconf 86' lang='lat' dir='ltr'><strong>ignominia,</strong></span> <span class='ocrx_word' id='word_1_550' title='bbox 2308 2731 2405 2788; x_wconf 89' lang='lat' dir='ltr'><strong>sed</strong></span> <span class='ocrx_word' id='word_1_551' title='bbox 2434 2741 2494 2787; x_wconf 92' lang='lat' dir='ltr'><strong>et</strong></span> <span class='ocrx_word' id='word_1_552' title='bbox 2522 2742 2656 2801; x_wconf 91' lang='lat' dir='ltr'><strong>opes</strong></span> <span class='ocrx_word' id='word_1_553' title='bbox 2684 2737 2741 2784; x_wconf 90' lang='lat' dir='ltr'><strong>et</strong></span> <span class='ocrx_word' id='word_1_554' title='bbox 2769 2728 2946 2783; x_wconf 91' lang='lat' dir='ltr'><strong>honor</strong></span> <span class='ocrx_word' id='word_1_555' title='bbox 2973 2725 3308 2781; x_wconf 87' lang='lat' dir='ltr'><strong>tentationes</strong></span> <span class='ocrx_word' id='word_1_556' title='bbox 3335 2723 3450 2777; x_wconf 50' lang='lat' dir='ltr'><strong>ani.</strong></span> 
     </span>
    </p>
   </div>
   <div class='ocr_carea' id='block_1_71' title="bbox 1876 2815 3454 2895">
    <p class='ocr_par' dir='ltr' id='par_1_71' title="bbox 1876 2815 3454 2895">
     <span class='ocr_line' id='line_1_71' title="bbox 1876 2815 3454 2895; baseline -0.01 -12"><span class='ocrx_word' id='word_1_557' title='bbox 1876 2842 1982 2883; x_wconf 70' lang='lat' dir='ltr'><strong>ma:</strong></span> <span class='ocrx_word' id='word_1_558' title='bbox 2003 2826 2172 2892; x_wconf 90' lang='lat' dir='ltr'><strong>ﬁunt;</strong></span> <span class='ocrx_word' id='word_1_559' title='bbox 2201 2824 2334 2895; x_wconf 91' lang='lat' dir='ltr'><strong>quin</strong></span> <span class='ocrx_word' id='word_1_560' title='bbox 2359 2831 2415 2878; x_wconf 92' lang='lat' dir='ltr'><strong>et</strong></span> <span class='ocrx_word' id='word_1_561' title='bbox 2439 2838 2508 2878; x_wconf 82' lang='lat' dir='ltr'><strong>ex</strong></span> <span class='ocrx_word' id='word_1_562' title='bbox 2533 2830 2706 2891; x_wconf 87' lang='lat' dir='ltr'><strong>parte,</strong></span> <span class='ocrx_word' id='word_1_563' title='bbox 2736 2820 2854 2890; x_wconf 90' lang='lat' dir='ltr'><strong>ipsa</strong></span> <span class='ocrx_word' id='word_1_564' title='bbox 2877 2817 3197 2879; x_wconf 84' lang='lat' dir='ltr'><strong>consolatio.</strong></span> <span class='ocrx_word' id='word_1_565' title='bbox 3226 2816 3340 2884; x_wconf 90' lang='lat' dir='ltr'><strong>ipsa</strong></span> <span class='ocrx_word' id='word_1_566' title='bbox 3364 2815 3454 2868; x_wconf 88' lang='lat' dir='ltr'><strong>illa</strong></span> 
     </span>
    </p>
   </div>
   <div class='ocr_carea' id='block_1_72' title="bbox 1878 2909 3456 2991">
    <p class='ocr_par' dir='ltr' id='par_1_72' title="bbox 1878 2909 3456 2991">
     <span class='ocr_line' id='line_1_72' title="bbox 1878 2909 3456 2991; baseline -0.011 -13"><span class='ocrx_word' id='word_1_567' title='bbox 1878 2920 2037 2978; x_wconf 84' lang='lat' dir='ltr'><strong>beata</strong></span> <span class='ocrx_word' id='word_1_568' title='bbox 2060 2918 2219 2991; x_wconf 91' lang='lat' dir='ltr'><strong>quies</strong></span> <span class='ocrx_word' id='word_1_569' title='bbox 2236 2933 2304 2974; x_wconf 82' lang='lat' dir='ltr'><strong>ex</strong></span> <span class='ocrx_word' id='word_1_570' title='bbox 2331 2914 2692 2972; x_wconf 90' lang='lat' dir='ltr'><strong>inhabitantis</strong></span> <span class='ocrx_word' id='word_1_571' title='bbox 2713 2913 2860 2967; x_wconf 90' lang='lat' dir='ltr'><strong>dono</strong></span> <span class='ocrx_word' id='word_1_572' title='bbox 2878 2910 3066 2983; x_wconf 84' lang='lat' dir='ltr'><strong>gratiae</strong></span> <span class='ocrx_word' id='word_1_573' title='bbox 3088 2909 3456 2977; x_wconf 86' lang='lat' dir='ltr'><strong>complectens</strong></span> 
     </span>
    </p>
   </div>
   <div class='ocr_carea' id='block_1_73' title="bbox 1879 3000 3455 3080">
    <p class='ocr_par' dir='ltr' id='par_1_73' title="bbox 1879 3000 3455 3080">
     <span class='ocr_line' id='line_1_73' title="bbox 1879 3000 3455 3080; baseline -0.012 -9"><span class='ocrx_word' id='word_1_574' title='bbox 1879 3011 2266 3080; x_wconf 87' lang='lat' dir='ltr'><strong>animam;nisi</strong></span> <span class='ocrx_word' id='word_1_575' title='bbox 2296 3025 2354 3066; x_wconf 87' lang='lat' dir='ltr'><strong>se</strong></span> <span class='ocrx_word' id='word_1_576' title='bbox 2380 3009 2472 3065; x_wconf 87' lang='lat' dir='ltr'><strong>illa</strong></span> <span class='ocrx_word' id='word_1_577' title='bbox 2494 3015 2708 3063; x_wconf 89' lang='lat' dir='ltr'><strong>tantum</strong></span> <span class='ocrx_word' id='word_1_578' title='bbox 2730 3005 2882 3068; x_wconf 87' lang='lat' dir='ltr'><strong>honi,</strong></span> <span class='ocrx_word' id='word_1_579' title='bbox 2901 3018 3051 3059; x_wconf 89' lang='lat' dir='ltr'><strong>mera</strong></span> <span class='ocrx_word' id='word_1_580' title='bbox 3081 3002 3176 3056; x_wconf 89' lang='lat' dir='ltr'><strong>Dei</strong></span> <span class='ocrx_word' id='word_1_581' title='bbox 3210 3000 3455 3055; x_wconf 87' lang='lat' dir='ltr'><strong>liberali-</strong></span> 
     </span>
    </p>
   </div>
   <div class='ocr_carea' id='block_1_74' title="bbox 1879 3088 3457 3169">
    <p class='ocr_par' dir='ltr' id='par_1_74' title="bbox 1879 3088 3457 3169">
     <span class='ocr_line' id='line_1_74' title="bbox 1879 3088 3457 3169; baseline -0.014 -7"><span class='ocrx_word' id='word_1_582' title='bbox 1879 3114 2015 3169; x_wconf 87' lang='lat' dir='ltr'><strong>tate,</strong></span> <span class='ocrx_word' id='word_1_583' title='bbox 2032 3104 2186 3159; x_wconf 91' lang='lat' dir='ltr'><strong>nullo</strong></span> <span class='ocrx_word' id='word_1_584' title='bbox 2205 3117 2306 3159; x_wconf 90' lang='lat' dir='ltr'><strong>suo</strong></span> <span class='ocrx_word' id='word_1_585' title='bbox 2332 3108 2546 3156; x_wconf 85' lang='lat' dir='ltr'><strong>nactam</strong></span> <span class='ocrx_word' id='word_1_586' title='bbox 2562 3095 2781 3159; x_wconf 90' lang='lat' dir='ltr'><strong>merito,</strong></span> <span class='ocrx_word' id='word_1_587' title='bbox 2797 3093 2992 3148; x_wconf 87' lang='lat' dir='ltr'><strong>intime</strong></span> <span class='ocrx_word' id='word_1_588' title='bbox 3010 3092 3231 3152; x_wconf 82' lang='lat' dir='ltr'><strong>sentiat,</strong></span> <span class='ocrx_word' id='word_1_589' title='bbox 3249 3097 3305 3143; x_wconf 88' lang='lat' dir='ltr'><strong>et</strong></span> <span class='ocrx_word' id='word_1_590' title='bbox 3318 3088 3457 3142; x_wconf 87' lang='lat' dir='ltr'><strong>mul-</strong></span> 
     </span>
    </p>
   </div>
   <div class='ocr_carea' id='block_1_75' title="bbox 1882 3178 3455 3263">
    <p class='ocr_par' dir='ltr' id='par_1_75' title="bbox 1882 3178 3455 3263">
     <span class='ocr_line' id='line_1_75' title="bbox 1882 3178 3455 3263; baseline -0.015 -11"><span class='ocrx_word' id='word_1_591' title='bbox 1882 3204 1992 3252; x_wconf 91' lang='lat' dir='ltr'><strong>tam</strong></span> <span class='ocrx_word' id='word_1_592' title='bbox 2013 3195 2241 3263; x_wconf 88' lang='lat' dir='ltr'><strong>insuper</strong></span> <span class='ocrx_word' id='word_1_593' title='bbox 2263 3189 2543 3251; x_wconf 87' lang='lat' dir='ltr'><strong>adhibeat,</strong></span> <span class='ocrx_word' id='word_1_594' title='bbox 2561 3200 2688 3241; x_wconf 88' lang='lat' dir='ltr'><strong>cum</strong></span> <span class='ocrx_word' id='word_1_595' title='bbox 2718 3181 2933 3237; x_wconf 87' lang='lat' dir='ltr'><strong>modica</strong></span> <span class='ocrx_word' id='word_1_596' title='bbox 2960 3178 3044 3235; x_wconf 92' lang='lat' dir='ltr'><strong>sui</strong></span> <span class='ocrx_word' id='word_1_597' title='bbox 3071 3178 3455 3241; x_wconf 63' lang='lat' dir='ltr'><strong>aestimatione,</strong></span> 
     </span>
    </p>
   </div>
   <div class='ocr_carea' id='block_1_76' title="bbox 1805 3266 3461 3365">
    <p class='ocr_par' dir='ltr' id='par_1_76' title="bbox 1805 3266 3461 3365">
     <span class='ocr_line' id='line_1_76' title="bbox 1805 3266 3461 3365; baseline -0.014 -22"><span class='ocrx_word' id='word_1_598' title='bbox 1805 3305 1850 3365; x_wconf 73' lang='grc' dir='ltr'>α</span> <span class='ocrx_word' id='word_1_599' title='bbox 1882 3281 2454 3354; x_wconf 88' lang='lat' dir='ltr'><strong>circumspectioncm.</strong></span> <span class='ocrx_word' id='word_1_600' title='bbox 2506 3276 2643 3332; x_wconf 87' lang='lat' dir='ltr'><strong>Nam</strong></span> <span class='ocrx_word' id='word_1_601' title='bbox 2685 3272 2804 3329; x_wconf 88' lang='lat' dir='ltr'><strong>sine</strong></span> <span class='ocrx_word' id='word_1_602' title='bbox 2852 3269 2970 3335; x_wconf 85' lang='lat' dir='ltr'><strong>his,</strong></span> <span class='ocrx_word' id='word_1_603' title='bbox 3019 3268 3296 3324; x_wconf 80' lang='lat' dir='ltr'><strong>excellens</strong></span> <span class='ocrx_word' id='word_1_604' title='bbox 3343 3266 3461 3320; x_wconf 71' lang='lat' dir='ltr'><strong>haec</strong></span> 
     </span>
    </p>
   </div>
   <div class='ocr_carea' id='block_1_77' title="bbox 1881 3358 3460 3451">
    <p class='ocr_par' dir='ltr' id='par_1_77' title="bbox 1881 3358 3460 3451">
     <span class='ocr_line' id='line_1_77' title="bbox 1881 3358 3460 3451; baseline -0.015 -18"><span class='ocrx_word' id='word_1_605' title='bbox 1881 3376 2074 3451; x_wconf 87' lang='lat' dir='ltr'><strong>gratia,</strong></span> <span class='ocrx_word' id='word_1_606' title='bbox 2097 3372 2257 3430; x_wconf 87' lang='lat' dir='ltr'><strong>valde</strong></span> <span class='ocrx_word' id='word_1_607' title='bbox 2296 3384 2533 3442; x_wconf 88' lang='lat' dir='ltr'><strong>pronum</strong></span> <span class='ocrx_word' id='word_1_608' title='bbox 2562 3380 2749 3424; x_wconf 86' lang='lat' dir='ltr'><strong>secum</strong></span> <span class='ocrx_word' id='word_1_609' title='bbox 2778 3361 2939 3419; x_wconf 81' lang='lat' dir='ltr'><strong>aﬁ&#39;ert</strong></span> <span class='ocrx_word' id='word_1_610' title='bbox 2968 3358 3277 3431; x_wconf 91' lang='lat' dir='ltr'><strong>periculum</strong></span> <span class='ocrx_word' id='word_1_611' title='bbox 3317 3373 3460 3427; x_wconf 76' lang='lat' dir='ltr'><strong>pra:-</strong></span> 
     </span>
    </p>
   </div>
   <div class='ocr_carea' id='block_1_78' title="bbox 1881 3449 3463 3536">
    <p class='ocr_par' dir='ltr' id='par_1_78' title="bbox 1881 3449 3463 3536">
     <span class='ocr_line' id='line_1_78' title="bbox 1881 3449 3463 3536; baseline -0.015 -11"><span class='ocrx_word' id='word_1_612' title='bbox 1881 3449 2049 3526; x_wconf 80' lang='lat' dir='ltr'><strong>hendi</strong></span> <span class='ocrx_word' id='word_1_613' title='bbox 2076 3466 2151 3531; x_wconf 90' lang='lat' dir='ltr'><strong>ei,</strong></span> <span class='ocrx_word' id='word_1_614' title='bbox 2179 3479 2342 3536; x_wconf 88' lang='lat' dir='ltr'><strong>quam</strong></span> <span class='ocrx_word' id='word_1_615' title='bbox 2384 3468 2565 3525; x_wconf 90' lang='lat' dir='ltr'><strong>ornat,</strong></span> <span class='ocrx_word' id='word_1_616' title='bbox 2592 3459 2789 3514; x_wconf 65' lang='lat' dir='ltr'><strong>animae</strong></span> <span class='ocrx_word' id='word_1_617' title='bbox 2826 3451 3173 3510; x_wconf 88' lang='lat' dir='ltr'><strong>occasionem</strong></span> <span class='ocrx_word' id='word_1_618' title='bbox 3198 3449 3463 3506; x_wconf 79' lang='lat' dir='ltr'><strong>tentatio-</strong></span> 
     </span>
    </p>
   </div>
   <div class='ocr_carea' id='block_1_79' title="bbox 1882 3540 3465 3629">
    <p class='ocr_par' dir='ltr' id='par_1_79' title="bbox 1882 3540 3465 3629">
     <span class='ocr_line' id='line_1_79' title="bbox 1882 3540 3465 3629; baseline -0.015 -12"><span class='ocrx_word' id='word_1_619' title='bbox 1882 3561 1993 3625; x_wconf 84' lang='lat' dir='ltr'><strong>nis,</strong></span> <span class='ocrx_word' id='word_1_620' title='bbox 2013 3568 2070 3615; x_wconf 93' lang='lat' dir='ltr'><strong>et</strong></span> <span class='ocrx_word' id='word_1_621' title='bbox 2089 3552 2385 3629; x_wconf 87' lang='lat' dir='ltr'><strong>objiciendi</strong></span> <span class='ocrx_word' id='word_1_622' title='bbox 2408 3548 2682 3623; x_wconf 83' lang='lat' dir='ltr'><strong>profectui</strong></span> <span class='ocrx_word' id='word_1_623' title='bbox 2724 3547 2845 3618; x_wconf 87' lang='lat' dir='ltr'><strong>ejus</strong></span> <span class='ocrx_word' id='word_1_624' title='bbox 2867 3542 3238 3600; x_wconf 86' lang='lat' dir='ltr'><strong>obstaculum.</strong></span> <span class='ocrx_word' id='word_1_625' title='bbox 3264 3540 3465 3609; x_wconf 87' lang='lat' dir='ltr'><strong>Utpote</strong></span> 
     </span>
    </p>
   </div>
   <div class='ocr_carea' id='block_1_80' title="bbox 1886 3633 3465 3707">
    <p class='ocr_par' dir='ltr' id='par_1_80' title="bbox 1886 3633 3465 3707">
     <span class='ocr_line' id='line_1_80' title="bbox 1886 3633 3465 3707; baseline -0.015 0"><span class='ocrx_word' id='word_1_626' title='bbox 1886 3650 2207 3707; x_wconf 89' lang='lat' dir='ltr'><strong>insidiatorc</strong></span> <span class='ocrx_word' id='word_1_627' title='bbox 2234 3645 2379 3701; x_wconf 88' lang='lat' dir='ltr'><strong>malo</strong></span> <span class='ocrx_word' id='word_1_628' title='bbox 2419 3642 2688 3701; x_wconf 68' lang='lat' dir='ltr'><strong>daemone.</strong></span> <span class='ocrx_word' id='word_1_629' title='bbox 2727 3636 2917 3694; x_wconf 89' lang='lat' dir='ltr'><strong>conari</strong></span> <span class='ocrx_word' id='word_1_630' title='bbox 2945 3634 3108 3690; x_wconf 89' lang='lat' dir='ltr'><strong>solito</strong></span> <span class='ocrx_word' id='word_1_631' title='bbox 3138 3633 3323 3703; x_wconf 82' lang='lat' dir='ltr'><strong>hujus,</strong></span> <span class='ocrx_word' id='word_1_632' title='bbox 3356 3644 3465 3701; x_wconf 89' lang='lat' dir='ltr'><strong>qua</strong></span> 
     </span>
    </p>
   </div>
   <div class='ocr_carea' id='block_1_81' title="bbox 1886 3722 3468 3803">
    <p class='ocr_par' dir='ltr' id='par_1_81' title="bbox 1886 3722 3468 3803">
     <span class='ocr_line' id='line_1_81' title="bbox 1886 3722 3468 3803; baseline -0.015 -6"><span class='ocrx_word' id='word_1_633' title='bbox 1886 3741 2039 3797; x_wconf 90' lang='lat' dir='ltr'><strong>videt</strong></span> <span class='ocrx_word' id='word_1_634' title='bbox 2068 3738 2175 3794; x_wconf 79' lang='lat' dir='ltr'><strong>frui</strong></span> <span class='ocrx_word' id='word_1_635' title='bbox 2208 3737 2472 3798; x_wconf 88' lang='lat' dir='ltr'><strong>animam,</strong></span> <span class='ocrx_word' id='word_1_636' title='bbox 2502 3737 2768 3803; x_wconf 68' lang='lat' dir='ltr'><strong>praetextu</strong></span> <span class='ocrx_word' id='word_1_637' title='bbox 2801 3734 2859 3782; x_wconf 89' lang='lat' dir='ltr'><strong>et</strong></span> <span class='ocrx_word' id='word_1_638' title='bbox 2901 3722 3101 3779; x_wconf 89' lang='lat' dir='ltr'><strong>ﬁducia</strong></span> <span class='ocrx_word' id='word_1_639' title='bbox 3142 3722 3312 3776; x_wconf 80' lang='lat' dir='ltr'><strong>nimia</strong></span> <span class='ocrx_word' id='word_1_640' title='bbox 3344 3736 3468 3791; x_wconf 82' lang='lat' dir='ltr'><strong>gra-</strong></span> 
     </span>
    </p>
   </div>
   <div class='ocr_carea' id='block_1_82' title="bbox 1889 3810 3468 3896">
    <p class='ocr_par' dir='ltr' id='par_1_82' title="bbox 1889 3810 3468 3896">
     <span class='ocr_line' id='line_1_82' title="bbox 1889 3810 3468 3896; baseline -0.015 -9"><span class='ocrx_word' id='word_1_641' title='bbox 1889 3832 2000 3896; x_wconf 73' lang='lat' dir='ltr'><strong>tiae,</strong></span> <span class='ocrx_word' id='word_1_642' title='bbox 2028 3828 2232 3886; x_wconf 88' lang='lat' dir='ltr'><strong>sensim</strong></span> <span class='ocrx_word' id='word_1_643' title='bbox 2263 3826 2513 3882; x_wconf 83' lang='lat' dir='ltr'><strong>relaxare</strong></span> <span class='ocrx_word' id='word_1_644' title='bbox 2555 3816 2964 3876; x_wconf 89' lang='lat' dir='ltr'><strong>contentionem</strong></span> <span class='ocrx_word' id='word_1_645' title='bbox 3000 3814 3058 3868; x_wconf 92' lang='lat' dir='ltr'><strong>in</strong></span> <span class='ocrx_word' id='word_1_646' title='bbox 3088 3810 3349 3867; x_wconf 86' lang='lat' dir='ltr'><strong>ulteriora</strong></span> <span class='ocrx_word' id='word_1_647' title='bbox 3384 3810 3468 3864; x_wconf 85' lang='lat' dir='ltr'><strong>ni—</strong></span> 
     </span>
    </p>
   </div>
   <div class='ocr_carea' id='block_1_83' title="bbox 1889 3900 3469 3988">
    <p class='ocr_par' dir='ltr' id='par_1_83' title="bbox 1889 3900 3469 3988">
     <span class='ocr_line' id='line_1_83' title="bbox 1889 3900 3469 3988; baseline -0.014 -11"><span class='ocrx_word' id='word_1_648' title='bbox 1889 3920 2064 3981; x_wconf 86' lang='lat' dir='ltr'><strong>teudi.</strong></span> <span class='ocrx_word' id='word_1_649' title='bbox 2098 3919 2531 3988; x_wconf 89' lang='lat' dir='ltr'><strong>languoremque</strong></span> <span class='ocrx_word' id='word_1_650' title='bbox 2570 3918 2628 3966; x_wconf 91' lang='lat' dir='ltr'><strong>et</strong></span> <span class='ocrx_word' id='word_1_651' title='bbox 2662 3907 2972 3978; x_wconf 89' lang='lat' dir='ltr'><strong>neglectum</strong></span> <span class='ocrx_word' id='word_1_652' title='bbox 3007 3904 3253 3975; x_wconf 89' lang='lat' dir='ltr'><strong>injicere.</strong></span> <span class='ocrx_word' id='word_1_653' title='bbox 3287 3900 3469 3971; x_wconf 82' lang='lat' dir='ltr'><strong>Atque</strong></span> 
     </span>
    </p>
   </div>
   <div class='ocr_carea' id='block_1_84' title="bbox 1890 3992 3467 4079">
    <p class='ocr_par' dir='ltr' id='par_1_84' title="bbox 1890 3992 3467 4079">
     <span class='ocr_line' id='line_1_84' title="bbox 1890 3992 3467 4079; baseline -0.015 -13"><span class='ocrx_word' id='word_1_654' title='bbox 1890 4010 2028 4066; x_wconf 92' lang='lat' dir='ltr'><strong>adeo</strong></span> <span class='ocrx_word' id='word_1_655' title='bbox 2058 4009 2174 4079; x_wconf 89' lang='lat' dir='ltr'><strong>ipsa</strong></span> <span class='ocrx_word' id='word_1_656' title='bbox 2199 4004 2397 4076; x_wconf 89' lang='lat' dir='ltr'><strong>gratia,</strong></span> <span class='ocrx_word' id='word_1_657' title='bbox 2429 4010 2491 4057; x_wconf 90' lang='lat' dir='ltr'><strong>ut</strong></span> <span class='ocrx_word' id='word_1_658' title='bbox 2519 4014 2713 4056; x_wconf 87' lang='lat' dir='ltr'><strong>secure</strong></span> <span class='ocrx_word' id='word_1_659' title='bbox 2738 3996 3071 4066; x_wconf 84' lang='lat' dir='ltr'><strong>innoxieque</strong></span> <span class='ocrx_word' id='word_1_660' title='bbox 3099 3992 3467 4063; x_wconf 82' lang='lat' dir='ltr'><strong>possideatur,</strong></span> 
     </span>
    </p>
   </div>
   <div class='ocr_carea' id='block_1_85' title="bbox 1892 4088 3472 4172">
    <p class='ocr_par' dir='ltr' id='par_1_85' title="bbox 1892 4088 3472 4172">
     <span class='ocr_line' id='line_1_85' title="bbox 1892 4088 3472 4172; baseline -0.014 -15"><span class='ocrx_word' id='word_1_661' title='bbox 1892 4101 2061 4172; x_wconf 82' lang='lat' dir='ltr'><strong>exigit</strong></span> <span class='ocrx_word' id='word_1_662' title='bbox 2094 4103 2150 4154; x_wconf 90' lang='lat' dir='ltr'><strong>in</strong></span> <span class='ocrx_word' id='word_1_663' title='bbox 2196 4099 2293 4153; x_wconf 93' lang='lat' dir='ltr'><strong>illo</strong></span> <span class='ocrx_word' id='word_1_664' title='bbox 2321 4095 2417 4167; x_wconf 90' lang='lat' dir='ltr'><strong>qui</strong></span> <span class='ocrx_word' id='word_1_665' title='bbox 2446 4108 2567 4150; x_wconf 91' lang='lat' dir='ltr'><strong>eam</strong></span> <span class='ocrx_word' id='word_1_666' title='bbox 2610 4088 2866 4162; x_wconf 86' lang='lat' dir='ltr'><strong>percipit,</strong></span> <span class='ocrx_word' id='word_1_667' title='bbox 2902 4093 3246 4143; x_wconf 86' lang='lat' dir='ltr'><strong>reverentcm</strong></span> <span class='ocrx_word' id='word_1_668' title='bbox 3278 4097 3472 4153; x_wconf 86' lang='lat' dir='ltr'><strong>quam-</strong></span> 
     </span>
    </p>
   </div>
   <div class='ocr_carea' id='block_1_86' title="bbox 1893 4174 3473 4259">
    <p class='ocr_par' dir='ltr' id='par_1_86' title="bbox 1893 4174 3473 4259">
     <span class='ocr_line' id='line_1_86' title="bbox 1893 4174 3473 4259; baseline -0.013 -11"><span class='ocrx_word' id='word_1_669' title='bbox 1893 4194 2019 4250; x_wconf 87' lang='lat' dir='ltr'><strong>dam</strong></span> <span class='ocrx_word' id='word_1_670' title='bbox 2043 4186 2489 4259; x_wconf 87' lang='lat' dir='ltr'><strong>trepidationem,</strong></span> <span class='ocrx_word' id='word_1_671' title='bbox 2512 4197 2620 4254; x_wconf 89' lang='lat' dir='ltr'><strong>qua</strong></span> <span class='ocrx_word' id='word_1_672' title='bbox 2642 4181 2700 4236; x_wconf 91' lang='lat' dir='ltr'><strong>in</strong></span> <span class='ocrx_word' id='word_1_673' title='bbox 2719 4178 2963 4250; x_wconf 81' lang='lat' dir='ltr'><strong>vigiliam</strong></span> <span class='ocrx_word' id='word_1_674' title='bbox 2987 4184 3216 4232; x_wconf 89' lang='lat' dir='ltr'><strong>acuatur</strong></span> <span class='ocrx_word' id='word_1_675' title='bbox 3234 4174 3473 4230; x_wconf 87' lang='lat' dir='ltr'><strong>circum-</strong></span> 
     </span>
    </p>
   </div>
   <div class='ocr_carea' id='block_1_87' title="bbox 1894 4267 3471 4354">
    <p class='ocr_par' dir='ltr' id='par_1_87' title="bbox 1894 4267 3471 4354">
     <span class='ocr_line' id='line_1_87' title="bbox 1894 4267 3471 4354; baseline -0.015 -14"><span class='ocrx_word' id='word_1_676' title='bbox 1894 4278 2177 4354; x_wconf 90' lang='lat' dir='ltr'><strong>spectandi</strong></span> <span class='ocrx_word' id='word_1_677' title='bbox 2206 4292 2270 4333; x_wconf 90' lang='lat' dir='ltr'><strong>ac</strong></span> <span class='ocrx_word' id='word_1_678' title='bbox 2305 4271 2631 4345; x_wconf 90' lang='lat' dir='ltr'><strong>disponendi</strong></span> <span class='ocrx_word' id='word_1_679' title='bbox 2663 4267 3018 4341; x_wconf 88' lang='lat' dir='ltr'><strong>providenter</strong></span> <span class='ocrx_word' id='word_1_680' title='bbox 3049 4269 3276 4327; x_wconf 88' lang='lat' dir='ltr'><strong>cuncta;</strong></span> <span class='ocrx_word' id='word_1_681' title='bbox 3320 4269 3382 4315; x_wconf 91' lang='lat' dir='ltr'><strong>ut</strong></span> <span class='ocrx_word' id='word_1_682' title='bbox 3412 4276 3471 4317; x_wconf 91' lang='lat' dir='ltr'><strong>e.</strong></span> 
     </span>
    </p>
   </div>
   <div class='ocr_carea' id='block_1_88' title="bbox 1896 4352 3473 4436">
    <p class='ocr_par' dir='ltr' id='par_1_88' title="bbox 1896 4352 3473 4436">
     <span class='ocr_line' id='line_1_88' title="bbox 1896 4352 3473 4436; baseline -0.014 -6"><span class='ocrx_word' id='word_1_683' title='bbox 1896 4352 2101 4432; x_wconf 80' lang='lat' dir='ltr'><strong>donum</strong></span> <span class='ocrx_word' id='word_1_684' title='bbox 2126 4379 2341 4425; x_wconf 89' lang='lat' dir='ltr'><strong>tantum</strong></span> <span class='ocrx_word' id='word_1_685' title='bbox 2370 4363 2562 4436; x_wconf 88' lang='lat' dir='ltr'><strong>quanti</strong></span> <span class='ocrx_word' id='word_1_686' title='bbox 2589 4361 2734 4417; x_wconf 87' lang='lat' dir='ltr'><strong>valet</strong></span> <span class='ocrx_word' id='word_1_687' title='bbox 2758 4358 3021 4423; x_wconf 67' lang='lat' dir='ltr'><strong>aestimet;</strong></span> <span class='ocrx_word' id='word_1_688' title='bbox 3048 4363 3105 4411; x_wconf 91' lang='lat' dir='ltr'><strong>et</strong></span> <span class='ocrx_word' id='word_1_689' title='bbox 3128 4353 3325 4425; x_wconf 90' lang='lat' dir='ltr'><strong>dignos</strong></span> <span class='ocrx_word' id='word_1_690' title='bbox 3352 4352 3473 4420; x_wconf 87' lang='lat' dir='ltr'><strong>ejus</strong></span> 
     </span>
    </p>
   </div>
   <div class='ocr_carea' id='block_1_89' title="bbox 1896 4440 3473 4528">
    <p class='ocr_par' dir='ltr' id='par_1_89' title="bbox 1896 4440 3473 4528">
     <span class='ocr_line' id='line_1_89' title="bbox 1896 4440 3473 4528; baseline -0.017 -8"><span class='ocrx_word' id='word_1_691' title='bbox 1896 4464 2109 4521; x_wconf 80' lang='lat' dir='ltr'><strong>fructus</strong></span> <span class='ocrx_word' id='word_1_692' title='bbox 2151 4462 2548 4528; x_wconf 82' lang='lat' dir='ltr'><strong>repraesentare</strong></span> <span class='ocrx_word' id='word_1_693' title='bbox 2591 4448 2830 4507; x_wconf 89' lang='lat' dir='ltr'><strong>studeat.</strong></span> <span class='ocrx_word' id='word_1_694' title='bbox 2853 4446 3047 4519; x_wconf 86' lang='lat' dir='ltr'><strong>Igitur,</strong></span> <span class='ocrx_word' id='word_1_695' title='bbox 3075 4458 3187 4499; x_wconf 89' lang='lat' dir='ltr'><strong>non</strong></span> <span class='ocrx_word' id='word_1_696' title='bbox 3234 4441 3305 4496; x_wconf 91' lang='lat' dir='ltr'><strong>ab</strong></span> <span class='ocrx_word' id='word_1_697' title='bbox 3334 4440 3473 4495; x_wconf 81' lang='lat' dir='ltr'><strong>aﬁli-</strong></span> 
     </span>
    </p>
   </div>
   <div class='ocr_carea' id='block_1_90' title="bbox 1898 4531 3477 4617">
    <p class='ocr_par' dir='ltr' id='par_1_90' title="bbox 1898 4531 3477 4617">
     <span class='ocr_line' id='line_1_90' title="bbox 1898 4531 3477 4617; baseline -0.02 -2"><span class='ocrx_word' id='word_1_698' title='bbox 1898 4556 2178 4617; x_wconf 88' lang='lat' dir='ltr'><strong>ctionibus</strong></span> <span class='ocrx_word' id='word_1_699' title='bbox 2204 4551 2405 4614; x_wconf 90' lang='lat' dir='ltr'><strong>solum,</strong></span> <span class='ocrx_word' id='word_1_700' title='bbox 2438 4545 2535 4603; x_wconf 89' lang='lat' dir='ltr'><strong>sed</strong></span> <span class='ocrx_word' id='word_1_701' title='bbox 2556 4554 2614 4600; x_wconf 91' lang='lat' dir='ltr'><strong>et</strong></span> <span class='ocrx_word' id='word_1_702' title='bbox 2633 4559 2665 4599; x_wconf 93' lang='lat' dir='ltr'><strong>a</strong></span> <span class='ocrx_word' id='word_1_703' title='bbox 2692 4536 3165 4598; x_wconf 90' lang='lat' dir='ltr'><strong>consolationibus</strong></span> <span class='ocrx_word' id='word_1_704' title='bbox 3195 4531 3477 4605; x_wconf 85' lang='lat' dir='ltr'><strong>periclita-</strong></span> 
     </span>
    </p>
   </div>
   <div class='ocr_carea' id='block_1_91' title="bbox 215 4621 1783 4737">
    <p class='ocr_par' dir='ltr' id='par_1_91' title="bbox 215 4621 1783 4737">
     <span class='ocr_line' id='line_1_91' title="bbox 215 4621 1783 4737; baseline -0.013 -18"><span class='ocrx_word' id='word_1_705' title='bbox 215 4621 650 4737; x_wconf 31' lang='grc' dir='ltr'>πρδςττήνντοθ-</span> <span class='ocrx_word' id='word_1_706' title='bbox 670 4621 805 4713; x_wconf 46' lang='grc' dir='ltr'>Θεοί)</span> <span class='ocrx_word' id='word_1_707' title='bbox 837 4621 1159 4712; x_wconf 67' lang='grc' dir='ltr'>καθίσταται</span> <span class='ocrx_word' id='word_1_708' title='bbox 1186 4621 1497 4723; x_wconf 30' lang='grc' dir='ltr'>βασιλείαννσ</span> <span class='ocrx_word' id='word_1_709' title='bbox 1536 4621 1663 4714; x_wconf 71' lang='grc' dir='ltr'>Τοῖς</span> <span class='ocrx_word' id='word_1_710' title='bbox 1688 4647 1783 4717; x_wconf 61' lang='grc' dir='ltr'><strong>γὰρ</strong></span> 
     </span>
    </p>
   </div>
   <div class='ocr_carea' id='block_1_92' title="bbox 1880 4621 3478 4737">
    <p class='ocr_par' dir='ltr' id='par_1_92' title="bbox 1903 4621 3478 4737">
     <span class='ocr_line' id='line_1_92' title="bbox 1903 4621 3478 4709; baseline -0.021 -2"><span class='ocrx_word' id='word_1_711' title='bbox 1903 4663 1993 4709; x_wconf 82' lang='grc' dir='ltr'>ιιιι·</span> <span class='ocrx_word' id='word_1_712' title='bbox 2018 4647 2200 4703; x_wconf 88' lang='lat' dir='ltr'><strong>anima</strong></span> <span class='ocrx_word' id='word_1_713' title='bbox 2234 4640 2458 4699; x_wconf 89' lang='lat' dir='ltr'><strong>tentari.</strong></span> <span class='ocrx_word' id='word_1_714' title='bbox 2493 4638 2562 4693; x_wconf 90' lang='lat' dir='ltr'><strong>Et</strong></span> <span class='ocrx_word' id='word_1_715' title='bbox 2589 4651 2688 4707; x_wconf 88' lang='lat' dir='ltr'><strong>per</strong></span> <span class='ocrx_word' id='word_1_716' title='bbox 2709 4633 2902 4689; x_wconf 88' lang='lat' dir='ltr'><strong>ambas</strong></span> <span class='ocrx_word' id='word_1_717' title='bbox 2934 4631 3068 4685; x_wconf 87' lang='lat' dir='ltr'><strong>istas</strong></span> <span class='ocrx_word' id='word_1_718' title='bbox 3095 4641 3184 4681; x_wconf 90' lang='lat' dir='ltr'><strong>res</strong></span> <span class='ocrx_word' id='word_1_719' title='bbox 3214 4639 3246 4678; x_wconf 89' lang='lat' dir='ltr'><strong>a</strong></span> <span class='ocrx_word' id='word_1_720' title='bbox 3279 4621 3478 4679; x_wconf 82' lang='lat' dir='ltr'><strong>condi-</strong></span> 
     </span>
     <span class='ocr_line' id='line_1_93' title="bbox 2378 4713 3449 4737; baseline -0.02 7"><span class='ocrx_word' id='word_1_721' title='bbox 2378 4732 2393 4737; x_wconf 90' lang='lat'><strong>-</strong></span> <span class='ocrx_word' id='word_1_722' title='bbox 2691 4734 2698 4737; x_wconf 87' lang='lat'>_</span> <span class='ocrx_word' id='word_1_723' title='bbox 2733 4723 2785 4737; x_wconf 88' lang='lat'><strong>..</strong></span> <span class='ocrx_word' id='word_1_724' title='bbox 2957 4713 3320 4737; x_wconf 41' lang='grc' dir='ltr'><strong>,Ἠὼ-,μη</strong></span> <span class='ocrx_word' id='word_1_725' title='bbox 3365 4726 3449 4737; x_wconf 57' lang='grc' dir='ltr'><strong>,Μ</strong></span> 
     </span>
    </p>
   </div>
   <div class='ocr_carea' id='block_1_93' title="bbox 215 4738 1799 4823">
    <p class='ocr_par' dir='ltr' id='par_1_93' title="bbox 215 4738 1799 4823">
     <span class='ocr_line' id='line_1_94' title="bbox 215 4738 1799 4823; baseline -0.014 -11"><span class='ocrx_word' id='word_1_726' title='bbox 215 4758 337 4813; x_wconf 77' lang='grc' dir='ltr'><strong>τὸν</strong></span> <span class='ocrx_word' id='word_1_727' title='bbox 387 4754 535 4810; x_wconf 74' lang='grc' dir='ltr'><strong>Θεὸν</strong></span> <span class='ocrx_word' id='word_1_728' title='bbox 589 4748 903 4823; x_wconf 65' lang='grc' dir='ltr'>ἀγαπῶσι,</span> <span class='ocrx_word' id='word_1_729' title='bbox 929 4747 1073 4802; x_wconf 84' lang='grc' dir='ltr'>κατὰ</span> <span class='ocrx_word' id='word_1_730' title='bbox 1122 4747 1216 4799; x_wconf 72' lang='grc' dir='ltr'>τὸν</span> <span class='ocrx_word' id='word_1_731' title='bbox 1263 4744 1404 4797; x_wconf 86' lang='grc' dir='ltr'>θεῖον</span> <span class='ocrx_word' id='word_1_732' title='bbox 1459 4738 1799 4802; x_wconf 69' lang='grc' dir='ltr'>Ἀστύπυλόν,</span> 
     </span>
    </p>
   </div>
   <div class='ocr_carea' id='block_1_94' title="bbox 1904 4713 3454 4806">
    <p class='ocr_par' dir='ltr' id='par_1_94' title="bbox 1904 4713 3454 4806">
     <span class='ocr_line' id='line_1_95' title="bbox 1904 4713 3454 4806; baseline -0.023 -7"><span class='ocrx_word' id='word_1_733' title='bbox 1904 4756 2024 4799; x_wconf 91' lang='lat' dir='ltr'><strong>tore</strong></span> <span class='ocrx_word' id='word_1_734' title='bbox 2045 4739 2242 4794; x_wconf 60' lang='lat' dir='ltr'><strong>anima;</strong></span> <span class='ocrx_word' id='word_1_735' title='bbox 2276 4732 2612 4806; x_wconf 85' lang='lat' dir='ltr'><strong>probantur;</strong></span> <span class='ocrx_word' id='word_1_736' title='bbox 2644 4734 2707 4781; x_wconf 94' lang='lat' dir='ltr'><strong>ut</strong></span> <span class='ocrx_word' id='word_1_737' title='bbox 2733 4723 2820 4778; x_wconf 88' lang='lat' dir='ltr'><strong>his</strong></span> <span class='ocrx_word' id='word_1_738' title='bbox 2849 4713 3323 4790; x_wconf 79' lang='lat' dir='ltr'><strong>explorationibus</strong></span> <span class='ocrx_word' id='word_1_739' title='bbox 3365 4726 3454 4806; x_wconf 82' lang='lat' dir='ltr'><strong>ma</strong></span> 
     </span>
    </p>
   </div>
   <div class='ocr_carea' id='block_1_95' title="bbox 218 4799 1783 4917">
    <p class='ocr_par' dir='ltr' id='par_1_95' title="bbox 218 4799 1783 4917">
     <span class='ocr_line' id='line_1_96' title="bbox 218 4799 1783 4917; baseline -0.014 -10"><span class='ocrx_word' id='word_1_740' title='bbox 218 4852 427 4907; x_wconf 78' lang='grc' dir='ltr'>πάντα</span> <span class='ocrx_word' id='word_1_741' title='bbox 458 4799 746 4917; x_wconf 53' lang='grc' dir='ltr'>συνεργεῖ</span> <span class='ocrx_word' id='word_1_742' title='bbox 766 4847 853 4911; x_wconf 81' lang='grc' dir='ltr'><strong>είς</strong></span> <span class='ocrx_word' id='word_1_743' title='bbox 872 4799 948 4897; x_wconf 47' lang='grc' dir='ltr'>’τό</span> <span class='ocrx_word' id='word_1_744' title='bbox 976 4842 1219 4911; x_wconf 77' lang='grc' dir='ltr'>ἀγαθόν.</span> <span class='ocrx_word' id='word_1_745' title='bbox 1258 4839 1544 4892; x_wconf 86' lang='grc' dir='ltr'>Δείκνυται</span> <span class='ocrx_word' id='word_1_746' title='bbox 1577 4834 1669 4889; x_wconf 71' lang='grc' dir='ltr'><strong>οὖν</strong></span> <span class='ocrx_word' id='word_1_747' title='bbox 1716 4835 1783 4887; x_wconf 78' lang='grc' dir='ltr'>ὲνι</span> 
     </span>
    </p>
   </div>
   <div class='ocr_carea' id='block_1_96' title="bbox 1880 4799 3481 4917">
    <p class='ocr_par' dir='ltr' id='par_1_96' title="bbox 1904 4799 3481 4917">
     <span class='ocr_line' id='line_1_97' title="bbox 1904 4799 3481 4898; baseline -0.025 -7"><span class='ocrx_word' id='word_1_748' title='bbox 1904 4832 2105 4890; x_wconf 82' lang='lat' dir='ltr'><strong>nifesto</strong></span> <span class='ocrx_word' id='word_1_749' title='bbox 2134 4799 2390 4898; x_wconf 74' lang='lat' dir='ltr'><strong>appareat</strong></span> <span class='ocrx_word' id='word_1_750' title='bbox 2412 4820 2603 4892; x_wconf 87' lang='lat' dir='ltr'><strong>quales</strong></span> <span class='ocrx_word' id='word_1_751' title='bbox 2632 4814 2780 4871; x_wconf 82' lang='lat' dir='ltr'><strong>sint?</strong></span> <span class='ocrx_word' id='word_1_752' title='bbox 2805 4806 3157 4866; x_wconf 60' lang='lat' dir='ltr'><strong>mercenaria:</strong></span> <span class='ocrx_word' id='word_1_753' title='bbox 3187 4818 3256 4858; x_wconf 84' lang='lat' dir='ltr'><strong>ne</strong></span> <span class='ocrx_word' id='word_1_754' title='bbox 3279 4799 3481 4856; x_wconf 84' lang='lat' dir='ltr'><strong>nundi-</strong></span> 
     </span>
     <span class='ocr_line' id='line_1_98' title="bbox 2314 4897 3451 4917; baseline -0.023 9"><span class='ocrx_word' id='word_1_755' title='bbox 2314 4915 2321 4917; x_wconf 74' lang='grc'>.</span> <span class='ocrx_word' id='word_1_756' title='bbox 2414 4914 2423 4917; x_wconf 88' lang='grc'><strong><em>-</em></strong></span> <span class='ocrx_word' id='word_1_757' title='bbox 2661 4914 2670 4917; x_wconf 85' lang='grc'><strong>-</strong></span> <span class='ocrx_word' id='word_1_758' title='bbox 2843 4901 2855 4913; x_wconf 93' lang='grc'><strong>.</strong></span> <span class='ocrx_word' id='word_1_759' title='bbox 2904 4913 3045 4917; x_wconf 22' lang='grc' dir='ltr'><strong>ί</strong></span> <span class='ocrx_word' id='word_1_760' title='bbox 3089 4897 3258 4917; x_wconf 41' lang='lat' dir='ltr'><strong>“mm</strong></span> <span class='ocrx_word' id='word_1_761' title='bbox 3296 4905 3451 4917; x_wconf 54' lang='lat' dir='ltr'><strong>“mm</strong></span> 
     </span>
    </p>
   </div>
   <div class='ocr_carea' id='block_1_97' title="bbox 217 4897 1783 5008">
    <p class='ocr_par' dir='ltr' id='par_1_97' title="bbox 217 4897 1781 5008">
     <span class='ocr_line' id='line_1_99' title="bbox 217 4897 1781 5008; baseline -0.012 -9"><span class='ocrx_word' id='word_1_762' title='bbox 217 4944 442 5008; x_wconf 78' lang='grc' dir='ltr'>τεῦθεν,</span> <span class='ocrx_word' id='word_1_763' title='bbox 480 4897 672 4996; x_wconf 36' lang='grc' dir='ltr'>ὅτιν’ζά</span> <span class='ocrx_word' id='word_1_764' title='bbox 691 4897 867 5008; x_wconf 40' lang='lat' dir='ltr'><strong>Evcl?)</strong></span> <span class='ocrx_word' id='word_1_765' title='bbox 918 4897 1110 5005; x_wconf 75' lang='grc' dir='ltr'>κόσμῳ</span> <span class='ocrx_word' id='word_1_766' title='bbox 1163 4933 1343 4986; x_wconf 84' lang='grc' dir='ltr'>πάντα</span> <span class='ocrx_word' id='word_1_767' title='bbox 1378 4930 1634 5002; x_wconf 79' lang='grc' dir='ltr'>ἐμπόδιον</span> <span class='ocrx_word' id='word_1_768' title='bbox 1664 4924 1781 4981; x_wconf 68' lang='lat' dir='ltr'><strong>slva</strong></span> 
     </span>
    </p>
   </div>
   <div class='ocr_carea' id='block_1_98' title="bbox 1880 4897 3484 5008">
    <p class='ocr_par' dir='ltr' id='par_1_98' title="bbox 1906 4897 3484 5008">
     <span class='ocr_line' id='line_1_100' title="bbox 1906 4897 3484 5008; baseline -0.025 -28"><span class='ocrx_word' id='word_1_769' title='bbox 1906 4921 2149 4980; x_wconf 89' lang='lat' dir='ltr'><strong>natrices</strong></span> <span class='ocrx_word' id='word_1_770' title='bbox 2170 4897 2479 4974; x_wconf 82' lang='lat' dir='ltr'><strong>charitatis,</strong></span> <span class='ocrx_word' id='word_1_771' title='bbox 2504 4914 2746 4979; x_wconf 68' lang='lat' dir='ltr'><strong>quaestus</strong></span> <span class='ocrx_word' id='word_1_772' title='bbox 2773 4901 2860 4958; x_wconf 89' lang='lat' dir='ltr'><strong>sui</strong></span> <span class='ocrx_word' id='word_1_773' title='bbox 2890 4913 3053 4955; x_wconf 88' lang='lat' dir='ltr'><strong>causa</strong></span> <span class='ocrx_word' id='word_1_774' title='bbox 3089 4897 3261 4951; x_wconf 90' lang='lat' dir='ltr'><strong>Deum</strong></span> <span class='ocrx_word' id='word_1_775' title='bbox 3294 4905 3484 5008; x_wconf 64' lang='lat' dir='ltr'><strong>aman:</strong></span> 
     </span>
     <span class='ocr_line' id='line_1_101' title="bbox 2695 4985 3460 5008; baseline -0.021 16"><span class='ocrx_word' id='word_1_776' title='bbox 2695 4995 2708 5008; x_wconf 87' lang='grc'>·</span> <span class='ocrx_word' id='word_1_777' title='bbox 2840 5007 2866 5008; x_wconf 47' lang='grc' dir='ltr'><strong>π</strong></span> <span class='ocrx_word' id='word_1_778' title='bbox 2914 5004 3023 5008; x_wconf 54' lang='grc' dir='ltr'><strong>-μμ</strong></span> <span class='ocrx_word' id='word_1_779' title='bbox 3062 4985 3311 5008; x_wconf 52' lang='lat' dir='ltr'><strong>mn---“</strong></span> <span class='ocrx_word' id='word_1_780' title='bbox 3336 4995 3460 5008; x_wconf 67' lang='lat' dir='ltr'><strong>mm.</strong></span> 
     </span>
    </p>
   </div>
   <div class='ocr_carea' id='block_1_99' title="bbox 218 4978 1783 5106">
    <p class='ocr_par' dir='ltr' id='par_1_99' title="bbox 218 4978 1783 5106">
     <span class='ocr_line' id='line_1_102' title="bbox 218 4978 1764 5008; baseline -0.014 -9"><span class='ocrx_word' id='word_1_781' title='bbox 218 4978 442 5008; x_wconf 63' lang='lat' dir='ltr'><strong>&#39;eauvsv,</strong></span> <span class='ocrx_word' id='word_1_782' title='bbox 480 4978 565 4996; x_wconf 68' lang='grc' dir='ltr'><strong>νη</strong></span> <span class='ocrx_word' id='word_1_783' title='bbox 608 4978 666 4994; x_wconf 72' lang='grc' dir='ltr'><strong>υ...</strong></span> <span class='ocrx_word' id='word_1_784' title='bbox 699 4978 755 4992; x_wconf 67' lang='grc' dir='ltr'><strong>..υ</strong></span> <span class='ocrx_word' id='word_1_785' title='bbox 798 4978 866 5008; x_wconf 61' lang='grc' dir='ltr'><strong>με,</strong></span> <span class='ocrx_word' id='word_1_786' title='bbox 920 4978 1108 5005; x_wconf 64' lang='grc' dir='ltr'><strong>..-η-τ</strong></span> <span class='ocrx_word' id='word_1_787' title='bbox 1170 4978 1342 4986; x_wconf 48' lang='grc' dir='ltr'><strong>.-νην</strong></span> <span class='ocrx_word' id='word_1_788' title='bbox 1380 4978 1625 5002; x_wconf 40' lang='lat' dir='ltr'><strong>Tn---“</strong></span> 
     </span>
     <span class='ocr_line' id='line_1_103' title="bbox 218 5018 1783 5106; baseline -0.015 -17"><span class='ocrx_word' id='word_1_789' title='bbox 218 5034 561 5106; x_wconf 75' lang='grc' dir='ltr'>νομιζόμενα</span> <span class='ocrx_word' id='word_1_790' title='bbox 593 5029 914 5102; x_wconf 77' lang='grc' dir='ltr'>διαρρήξας,</span> <span class='ocrx_word' id='word_1_791' title='bbox 942 5027 1034 5080; x_wconf 77' lang='grc' dir='ltr'>καὶ</span> <span class='ocrx_word' id='word_1_792' title='bbox 1061 5024 1313 5093; x_wconf 87' lang='grc' dir='ltr'>νικήσας,</span> <span class='ocrx_word' id='word_1_793' title='bbox 1361 5023 1458 5075; x_wconf 78' lang='grc' dir='ltr'><strong>καὶ</strong></span> <span class='ocrx_word' id='word_1_794' title='bbox 1508 5018 1751 5090; x_wconf 79' lang='grc' dir='ltr'>ὑπερὸἁς</span> <span class='ocrx_word' id='word_1_795' title='bbox 1777 5036 1783 5066; x_wconf 66' lang='grc' dir='ltr'><strong>ε</strong></span> 
     </span>
    </p>
   </div>
   <div class='ocr_carea' id='block_1_100' title="bbox 1880 4978 3483 5106">
    <p class='ocr_par' dir='ltr' id='par_1_100' title="bbox 1910 4978 3483 5106">
     <span class='ocr_line' id='line_1_104' title="bbox 1910 4978 3483 5079; baseline -0.024 -10"><span class='ocrx_word' id='word_1_796' title='bbox 1910 5021 2025 5079; x_wconf 87' lang='lat' dir='ltr'><strong>tes;</strong></span> <span class='ocrx_word' id='word_1_797' title='bbox 2048 5027 2119 5065; x_wconf 88' lang='lat' dir='ltr'><strong>an</strong></span> <span class='ocrx_word' id='word_1_798' title='bbox 2143 5008 2321 5063; x_wconf 85' lang='lat' dir='ltr'><strong>solum</strong></span> <span class='ocrx_word' id='word_1_799' title='bbox 2350 5010 2574 5074; x_wconf 88' lang='lat' dir='ltr'><strong>propter</strong></span> <span class='ocrx_word' id='word_1_800' title='bbox 2602 5010 2661 5052; x_wconf 90' lang='lat' dir='ltr'><strong>se</strong></span> <span class='ocrx_word' id='word_1_801' title='bbox 2695 4995 2875 5065; x_wconf 89' lang='lat' dir='ltr'><strong>ipsum</strong></span> <span class='ocrx_word' id='word_1_802' title='bbox 2903 5004 3029 5045; x_wconf 92' lang='lat' dir='ltr'><strong>eum</strong></span> <span class='ocrx_word' id='word_1_803' title='bbox 3057 4985 3314 5055; x_wconf 81' lang='lat' dir='ltr'><strong>diligant;</strong></span> <span class='ocrx_word' id='word_1_804' title='bbox 3334 4978 3483 5050; x_wconf 89' lang='lat' dir='ltr'><strong>quod</strong></span> 
     </span>
     <span class='ocr_line' id='line_1_105' title="bbox 1936 5078 3483 5106; baseline -0.021 23"><span class='ocrx_word' id='word_1_805' title='bbox 1936 5104 1963 5106; x_wconf 56' lang='grc' dir='ltr'><strong>π</strong></span> <span class='ocrx_word' id='word_1_806' title='bbox 2276 5103 2283 5106; x_wconf 53' lang='grc' dir='ltr'>λ</span> <span class='ocrx_word' id='word_1_807' title='bbox 2320 5096 2332 5106; x_wconf 88' lang='grc'><strong>·</strong></span> <span class='ocrx_word' id='word_1_808' title='bbox 2520 5094 2707 5106; x_wconf 47' lang='grc' dir='ltr'><strong>αρε-ψ-</strong></span> <span class='ocrx_word' id='word_1_809' title='bbox 2736 5080 2954 5106; x_wconf 54' lang='grc' dir='ltr'><strong>---κ-ι..</strong></span> <span class='ocrx_word' id='word_1_810' title='bbox 3008 5078 3143 5106; x_wconf 67' lang='grc' dir='ltr'>..ειη</span> <span class='ocrx_word' id='word_1_811' title='bbox 3174 5078 3483 5106; x_wconf 65' lang='grc' dir='ltr'><strong>..οοηοηίηηι</strong></span> 
     </span>
    </p>
   </div>
   <div class='ocr_carea' id='block_1_101' title="bbox 221 5078 1783 5197">
    <p class='ocr_par' dir='ltr' id='par_1_101' title="bbox 221 5078 1783 5197">
     <span class='ocr_line' id='line_1_106' title="bbox 221 5078 1783 5197; baseline -0.012 -14"><span class='ocrx_word' id='word_1_812' title='bbox 221 5078 463 5197; x_wconf 44' lang='lat' dir='ltr'><strong>digii};</strong></span> <span class='ocrx_word' id='word_1_813' title='bbox 482 5078 1064 5195; x_wconf 25' lang='lat' dir='ltr'><strong>(ptléﬂeorgvioianﬁaiou</strong></span> <span class='ocrx_word' id='word_1_814' title='bbox 1112 5078 1311 5187; x_wconf 39' lang='grc' dir='ltr'>μόνου,</span> <span class='ocrx_word' id='word_1_815' title='bbox 1332 5078 1651 5183; x_wconf 74' lang='grc' dir='ltr'>περιέχεται</span> <span class='ocrx_word' id='word_1_816' title='bbox 1687 5078 1780 5180; x_wconf 83' lang='grc' dir='ltr'><strong>φίλ</strong></span> 
     </span>
    </p>
   </div>
   <div class='ocr_carea' id='block_1_102' title="bbox 1880 5078 3485 5197">
    <p class='ocr_par' dir='ltr' id='par_1_102' title="bbox 1911 5078 3485 5197">
     <span class='ocr_line' id='line_1_107' title="bbox 1911 5078 3485 5197; baseline -0.025 -37"><span class='ocrx_word' id='word_1_817' title='bbox 1911 5078 2089 5167; x_wconf 88' lang='lat' dir='ltr'><strong>illum,</strong></span> <span class='ocrx_word' id='word_1_818' title='bbox 2118 5108 2180 5153; x_wconf 92' lang='lat' dir='ltr'><strong>ut</strong></span> <span class='ocrx_word' id='word_1_819' title='bbox 2207 5103 2292 5153; x_wconf 89' lang='lat' dir='ltr'><strong>est</strong></span> <span class='ocrx_word' id='word_1_820' title='bbox 2317 5096 2376 5149; x_wconf 90' lang='lat' dir='ltr'><strong>in</strong></span> <span class='ocrx_word' id='word_1_821' title='bbox 2398 5106 2497 5146; x_wconf 89' lang='lat' dir='ltr'><strong>sua</strong></span> <span class='ocrx_word' id='word_1_822' title='bbox 2519 5094 2716 5143; x_wconf 89' lang='lat' dir='ltr'><strong>natura</strong></span> <span class='ocrx_word' id='word_1_823' title='bbox 2736 5080 2980 5154; x_wconf 87' lang='lat' dir='ltr'><strong>propria,</strong></span> <span class='ocrx_word' id='word_1_824' title='bbox 3007 5078 3147 5132; x_wconf 88' lang='lat' dir='ltr'><strong>citra</strong></span> <span class='ocrx_word' id='word_1_825' title='bbox 3174 5078 3485 5197; x_wconf 67' lang='lat' dir='ltr'><strong>respectum</strong></span> 
     </span>
     <span class='ocr_line' id='line_1_108' title="bbox 2305 5159 3485 5197; baseline -0.021 25"><span class='ocrx_word' id='word_1_826' title='bbox 2305 5185 2316 5196; x_wconf 74' lang='grc' dir='ltr'><strong><em>ο</em></strong></span> <span class='ocrx_word' id='word_1_827' title='bbox 2379 5182 2413 5197; x_wconf 78' lang='grc' dir='ltr'><strong>ν</strong></span> <span class='ocrx_word' id='word_1_828' title='bbox 2641 5188 2821 5197; x_wconf 40' lang='lat' dir='ltr'><strong>«an</strong></span> <span class='ocrx_word' id='word_1_829' title='bbox 2853 5171 3173 5197; x_wconf 65' lang='grc' dir='ltr'><strong>ιιη-η-ηηιη</strong></span> <span class='ocrx_word' id='word_1_830' title='bbox 3214 5163 3348 5197; x_wconf 65' lang='grc' dir='ltr'><strong>ρης...</strong></span> <span class='ocrx_word' id='word_1_831' title='bbox 3416 5159 3436 5197; x_wconf 89' lang='grc' dir='ltr'><strong>ι</strong></span> <span class='ocrx_word' id='word_1_832' title='bbox 3469 5165 3485 5197; x_wconf 79' lang='lat' dir='ltr'><strong>r</strong></span> 
     </span>
    </p>
   </div>
   <div class='ocr_carea' id='block_1_103' title="bbox 221 5157 1783 5292">
    <p class='ocr_par' dir='ltr' id='par_1_103' title="bbox 221 5157 1783 5292">
     <span class='ocr_line' id='line_1_109' title="bbox 221 5157 1780 5197; baseline -0.013 -14"><span class='ocrx_word' id='word_1_833' title='bbox 221 5157 444 5197; x_wconf 52' lang='grc' dir='ltr'>αιεῖιυωε</span> <span class='ocrx_word' id='word_1_834' title='bbox 482 5157 727 5195; x_wconf 63' lang='grc' dir='ltr'><strong>γυλυνςνι,</strong></span> <span class='ocrx_word' id='word_1_835' title='bbox 786 5157 869 5175; x_wconf 75' lang='grc' dir='ltr'><strong>υνυ</strong></span> <span class='ocrx_word' id='word_1_836' title='bbox 921 5157 1062 5172; x_wconf 54' lang='lat' dir='ltr'><strong>vum.</strong></span> <span class='ocrx_word' id='word_1_837' title='bbox 1112 5157 1278 5187; x_wconf 55' lang='grc' dir='ltr'><strong>νυνι-σν</strong></span> <span class='ocrx_word' id='word_1_838' title='bbox 1340 5157 1650 5183; x_wconf 57' lang='grc' dir='ltr'><strong>..-ν-..Α-..η</strong></span> <span class='ocrx_word' id='word_1_839' title='bbox 1691 5157 1780 5180; x_wconf 70' lang='grc' dir='ltr'><strong>τ--.</strong></span> 
     </span>
     <span class='ocr_line' id='line_1_110' title="bbox 221 5201 1783 5292; baseline -0.013 -16"><span class='ocrx_word' id='word_1_840' title='bbox 221 5237 397 5292; x_wconf 87' lang='grc' dir='ltr'>τρου·</span> <span class='ocrx_word' id='word_1_841' title='bbox 445 5216 694 5285; x_wconf 80' lang='grc' dir='ltr'>Σχοινία</span> <span class='ocrx_word' id='word_1_842' title='bbox 744 5213 853 5283; x_wconf 82' lang='grc' dir='ltr'>γὰρ</span> <span class='ocrx_word' id='word_1_843' title='bbox 904 5205 1268 5280; x_wconf 79' lang='grc' dir='ltr'>ἁμαρτωλῶν</span> <span class='ocrx_word' id='word_1_844' title='bbox 1313 5201 1783 5274; x_wconf 75' lang='grc' dir='ltr'>περιεπλάκησὰπ</span> 
     </span>
    </p>
   </div>
   <div class='ocr_carea' id='block_1_104' title="bbox 1880 5157 3491 5292">
    <p class='ocr_par' dir='ltr' id='par_1_104' title="bbox 1915 5157 3491 5292">
     <span class='ocr_line' id='line_1_111' title="bbox 1915 5157 3491 5256; baseline -0.026 -4"><span class='ocrx_word' id='word_1_845' title='bbox 1915 5197 1983 5253; x_wconf 91' lang='lat' dir='ltr'><strong>ad</strong></span> <span class='ocrx_word' id='word_1_846' title='bbox 2017 5208 2137 5256; x_wconf 90' lang='lat' dir='ltr'><strong>nos,</strong></span> <span class='ocrx_word' id='word_1_847' title='bbox 2172 5185 2321 5244; x_wconf 90' lang='lat' dir='ltr'><strong>omni</strong></span> <span class='ocrx_word' id='word_1_848' title='bbox 2362 5182 2587 5252; x_wconf 88' lang='lat' dir='ltr'><strong>dignum</strong></span> <span class='ocrx_word' id='word_1_849' title='bbox 2638 5188 2823 5231; x_wconf 88' lang='lat' dir='ltr'><strong>amore</strong></span> <span class='ocrx_word' id='word_1_850' title='bbox 2853 5171 3173 5236; x_wconf 83' lang='lat' dir='ltr'><strong>honoreque</strong></span> <span class='ocrx_word' id='word_1_851' title='bbox 3214 5163 3373 5219; x_wconf 85' lang='lat' dir='ltr'><strong>sciat.</strong></span> <span class='ocrx_word' id='word_1_852' title='bbox 3416 5157 3491 5215; x_wconf 85' lang='lat' dir='ltr'><strong>Ut</strong></span> 
     </span>
     <span class='ocr_line' id='line_1_112' title="bbox 2242 5256 3491 5292; baseline -0.009 9"><span class='ocrx_word' id='word_1_853' title='bbox 2242 5278 2274 5292; x_wconf 84' lang='lat'><strong>--</strong></span> <span class='ocrx_word' id='word_1_854' title='bbox 2328 5270 2427 5292; x_wconf 34' lang='lat' dir='ltr'><strong>MA:</strong></span> <span class='ocrx_word' id='word_1_855' title='bbox 2484 5266 2755 5292; x_wconf 62' lang='grc' dir='ltr'><strong>...ηλιιηηιι</strong></span> <span class='ocrx_word' id='word_1_856' title='bbox 2790 5258 3012 5292; x_wconf 57' lang='lat' dir='ltr'><strong>Lahm&quot;:</strong></span> <span class='ocrx_word' id='word_1_857' title='bbox 3049 5256 3208 5292; x_wconf 64' lang='lat' dir='ltr'><strong>(Nam</strong></span> <span class='ocrx_word' id='word_1_858' title='bbox 3263 5260 3319 5292; x_wconf 74' lang='grc' dir='ltr'><strong>οι</strong></span> <span class='ocrx_word' id='word_1_859' title='bbox 3357 5262 3491 5292; x_wconf 71' lang='lat' dir='ltr'><strong>nne-</strong></span> 
     </span>
    </p>
   </div>
   <div class='ocr_carea' id='block_1_105' title="bbox 224 5256 1783 5386">
    <p class='ocr_par' dir='ltr' id='par_1_105' title="bbox 224 5256 1783 5386">
     <span class='ocr_line' id='line_1_113' title="bbox 224 5256 1783 5386; baseline -0.013 -18"><span class='ocrx_word' id='word_1_860' title='bbox 224 5256 353 5386; x_wconf 45' lang='lat' dir='ltr'><strong>“Et,</strong></span> <span class='ocrx_word' id='word_1_861' title='bbox 380 5314 409 5366; x_wconf 82' lang='grc' dir='ltr'><strong>ό</strong></span> <span class='ocrx_word' id='word_1_862' title='bbox 438 5256 578 5373; x_wconf 60' lang='grc' dir='ltr'>θεῖός</span> <span class='ocrx_word' id='word_1_863' title='bbox 632 5256 769 5377; x_wconf 71' lang='grc' dir='ltr'>φησί</span> <span class='ocrx_word' id='word_1_864' title='bbox 824 5256 1141 5376; x_wconf 53' lang='grc' dir='ltr'>Βῳφήζης,</span> <span class='ocrx_word' id='word_1_865' title='bbox 1172 5298 1270 5352; x_wconf 82' lang='grc' dir='ltr'>καὶ</span> <span class='ocrx_word' id='word_1_866' title='bbox 1299 5256 1414 5352; x_wconf 66' lang='grc' dir='ltr'><em>τοῦ</em></span> <span class='ocrx_word' id='word_1_867' title='bbox 1452 5296 1639 5365; x_wconf 74' lang='grc' dir='ltr'>γόμου</span> <span class='ocrx_word' id='word_1_868' title='bbox 1668 5256 1783 5349; x_wconf 39' lang='grc' dir='ltr'>’σοι</span> 
     </span>
    </p>
   </div>
   <div class='ocr_carea' id='block_1_106' title="bbox 1880 5256 3492 5386">
    <p class='ocr_par' dir='ltr' id='par_1_106' title="bbox 1920 5256 3492 5386">
     <span class='ocr_line' id='line_1_114' title="bbox 1920 5256 3492 5349; baseline -0.026 -7"><span class='ocrx_word' id='word_1_869' title='bbox 1920 5294 2105 5343; x_wconf 90' lang='lat' dir='ltr'><strong>autem</strong></span> <span class='ocrx_word' id='word_1_870' title='bbox 2135 5270 2454 5349; x_wconf 87' lang='lat' dir='ltr'><strong>negligenti,</strong></span> <span class='ocrx_word' id='word_1_871' title='bbox 2484 5266 2757 5323; x_wconf 86' lang='lat' dir='ltr'><strong>modicam</strong></span> <span class='ocrx_word' id='word_1_872' title='bbox 2790 5258 3016 5315; x_wconf 86' lang='lat' dir='ltr'><strong>habenti</strong></span> <span class='ocrx_word' id='word_1_873' title='bbox 3048 5256 3233 5318; x_wconf 85' lang='lat' dir='ltr'><strong>ﬁdem,</strong></span> <span class='ocrx_word' id='word_1_874' title='bbox 3263 5260 3320 5307; x_wconf 91' lang='lat' dir='ltr'><strong>et</strong></span> <span class='ocrx_word' id='word_1_875' title='bbox 3357 5262 3492 5319; x_wconf 82' lang='lat' dir='ltr'><strong>pue-</strong></span> 
     </span>
     <span class='ocr_line' id='line_1_115' title="bbox 1958 5338 3492 5386; baseline -0.001 0"><span class='ocrx_word' id='word_1_876' title='bbox 2170 5371 2205 5386; x_wconf 83' lang='lat'><strong>..</strong></span> <span class='ocrx_word' id='word_1_877' title='bbox 2280 5383 2294 5386; x_wconf 89' lang='lat'>_</span> <span class='ocrx_word' id='word_1_878' title='bbox 2336 5358 2565 5386; x_wconf 74' lang='lat'><strong>_-_:.....:</strong></span> <span class='ocrx_word' id='word_1_879' title='bbox 2642 5352 3037 5386; x_wconf 67' lang='lat' dir='ltr'><strong>:mnmltmnnm</strong></span> <span class='ocrx_word' id='word_1_880' title='bbox 3082 5347 3197 5386; x_wconf 70' lang='lat' dir='ltr'><strong>hmo</strong></span> <span class='ocrx_word' id='word_1_881' title='bbox 3249 5351 3379 5386; x_wconf 68' lang='lat' dir='ltr'><strong>sunt</strong></span> <span class='ocrx_word' id='word_1_882' title='bbox 3426 5338 3492 5386; x_wconf 72' lang='lat' dir='ltr'><strong>ad</strong></span> 
     </span>
    </p>
   </div>
   <div class='ocr_carea' id='block_1_107' title="bbox 223 5338 1783 5471">
    <p class='ocr_par' dir='ltr' id='par_1_107' title="bbox 223 5338 1783 5471">
     <span class='ocr_line' id='line_1_116' title="bbox 224 5338 1783 5386; baseline -0.015 -17"><span class='ocrx_word' id='word_1_883' title='bbox 224 5338 409 5386; x_wconf 77' lang='grc' dir='ltr'>μυι,ο</span> <span class='ocrx_word' id='word_1_884' title='bbox 438 5338 575 5373; x_wconf 70' lang='lat' dir='ltr'><strong>vum,</strong></span> <span class='ocrx_word' id='word_1_885' title='bbox 632 5338 766 5377; x_wconf 66' lang='grc' dir='ltr'>ψιινι</span> <span class='ocrx_word' id='word_1_886' title='bbox 828 5338 1141 5376; x_wconf 44' lang='lat' dir='ltr'><strong>army-iul”</strong></span> <span class='ocrx_word' id='word_1_887' title='bbox 1172 5338 1270 5352; x_wconf 74' lang='grc' dir='ltr'><strong>συν-ν</strong></span> <span class='ocrx_word' id='word_1_888' title='bbox 1303 5338 1401 5352; x_wconf 72' lang='grc' dir='ltr'><strong>νυν</strong></span> <span class='ocrx_word' id='word_1_889' title='bbox 1455 5338 1635 5365; x_wconf 61' lang='grc' dir='ltr'>ννννν</span> <span class='ocrx_word' id='word_1_890' title='bbox 1696 5338 1783 5349; x_wconf 72' lang='grc'><strong>..-,</strong></span> 
     </span>
     <span class='ocr_line' id='line_1_117' title="bbox 223 5402 1637 5471; baseline -0.018 -7"><span class='ocrx_word' id='word_1_891' title='bbox 223 5410 347 5464; x_wconf 80' lang='grc' dir='ltr'>οὐκ</span> <span class='ocrx_word' id='word_1_892' title='bbox 368 5402 766 5471; x_wconf 75' lang='grc' dir='ltr'>ἐπελαθόμην.</span> <span class='ocrx_word' id='word_1_893' title='bbox 1631 5407 1637 5413; x_wconf 88' lang='grc'><strong>·</strong></span> 
     </span>
    </p>
   </div>
   <div class='ocr_carea' id='block_1_108' title="bbox 1880 5338 3494 5471">
    <p class='ocr_par' dir='ltr' id='par_1_108' title="bbox 1922 5338 3494 5471">
     <span class='ocr_line' id='line_1_118' title="bbox 1922 5338 3494 5471; baseline -0.027 -37"><span class='ocrx_word' id='word_1_894' title='bbox 1922 5338 2102 5433; x_wconf 63' lang='lat' dir='ltr'><strong>riliter</strong></span> <span class='ocrx_word' id='word_1_895' title='bbox 2120 5338 2314 5428; x_wconf 63' lang='lat' dir='ltr'><strong>adhuc</strong></span> <span class='ocrx_word' id='word_1_896' title='bbox 2333 5358 2567 5434; x_wconf 89' lang='lat' dir='ltr'><strong>sapienti</strong></span> <span class='ocrx_word' id='word_1_897' title='bbox 2591 5399 2606 5424; x_wconf 93' lang='lat'><strong>,</strong></span> <span class='ocrx_word' id='word_1_898' title='bbox 2641 5352 3037 5426; x_wconf 78' lang='lat' dir='ltr'><strong>impedimento</strong></span> <span class='ocrx_word' id='word_1_899' title='bbox 3082 5347 3199 5401; x_wconf 79' lang='lat' dir='ltr'><strong>haec</strong></span> <span class='ocrx_word' id='word_1_900' title='bbox 3249 5351 3379 5397; x_wconf 89' lang='lat' dir='ltr'><strong>sunt</strong></span> <span class='ocrx_word' id='word_1_901' title='bbox 3410 5338 3494 5471; x_wconf 65' lang='lat' dir='ltr'><strong>lari</strong></span> 
     </span>
     <span class='ocr_line' id='line_1_119' title="bbox 2326 5442 3494 5471; baseline -0.027 18"><span class='ocrx_word' id='word_1_902' title='bbox 2326 5460 2342 5471; x_wconf 90' lang='grc'><strong>·</strong></span> <span class='ocrx_word' id='word_1_903' title='bbox 2369 5460 2380 5471; x_wconf 92' lang='grc'><strong>·</strong></span> <span class='ocrx_word' id='word_1_904' title='bbox 2590 5452 2697 5471; x_wconf 50' lang='grc' dir='ltr'><strong>ηεμ</strong></span> <span class='ocrx_word' id='word_1_905' title='bbox 2777 5442 3124 5471; x_wconf 64' lang='grc' dir='ltr'><strong>ει--η-νιιηιη..</strong></span> <span class='ocrx_word' id='word_1_906' title='bbox 3185 5449 3347 5471; x_wconf 71' lang='grc' dir='ltr'>ηηοηη</span> <span class='ocrx_word' id='word_1_907' title='bbox 3431 5445 3494 5471; x_wconf 68' lang='grc' dir='ltr'>η,</span> 
     </span>
    </p>
   </div>
   <div class='ocr_carea' id='block_1_109' title="bbox 224 5430 3498 5558">
    <p class='ocr_par' dir='ltr' id='par_1_109' title="bbox 224 5430 3498 5558">
     <span class='ocr_line' id='line_1_120' title="bbox 224 5430 3461 5471; baseline -0.003 -9"><span class='ocrx_word' id='word_1_908' title='bbox 224 5430 347 5464; x_wconf 71' lang='grc' dir='ltr'><strong>ουκ</strong></span> <span class='ocrx_word' id='word_1_909' title='bbox 368 5430 766 5471; x_wconf 67' lang='grc' dir='ltr'><strong>επιενιαυυμηιι</strong></span> <span class='ocrx_word' id='word_1_910' title='bbox 1926 5430 1989 5433; x_wconf 55' lang='lat'><strong>_—&#39;</strong></span> <span class='ocrx_word' id='word_1_911' title='bbox 2396 5430 2415 5434; x_wconf 65' lang='lat'><strong>—</strong></span> <span class='ocrx_word' id='word_1_912' title='bbox 2778 5447 2790 5459; x_wconf 84' lang='grc'><em>,</em></span> <span class='ocrx_word' id='word_1_913' title='bbox 2969 5442 2979 5453; x_wconf 70' lang='grc' dir='ltr'>α</span> <span class='ocrx_word' id='word_1_914' title='bbox 3029 5442 3040 5453; x_wconf 77' lang='grc' dir='ltr'><strong>ο</strong></span> <span class='ocrx_word' id='word_1_915' title='bbox 3452 5430 3461 5440; x_wconf 85' lang='grc'>⁹</span> 
     </span>
     <span class='ocr_line' id='line_1_121' title="bbox 224 5430 3498 5558; baseline -0.013 -2"><span class='ocrx_word' id='word_1_916' title='bbox 224 5512 495 5558; x_wconf 65' lang='lat' dir='ltr'><strong>aeternam</strong></span> <span class='ocrx_word' id='word_1_917' title='bbox 561 5496 728 5549; x_wconf 89' lang='lat' dir='ltr'><strong>vitam</strong></span> <span class='ocrx_word' id='word_1_918' title='bbox 764 5510 777 5546; x_wconf 89' lang='lat'><strong>:</strong></span> <span class='ocrx_word' id='word_1_919' title='bbox 813 5489 1072 5545; x_wconf 89' lang='lat' dir='ltr'><strong>videlicet</strong></span> <span class='ocrx_word' id='word_1_920' title='bbox 1125 5495 1237 5541; x_wconf 91' lang='lat' dir='ltr'><strong>tam</strong></span> <span class='ocrx_word' id='word_1_921' title='bbox 1285 5482 1497 5539; x_wconf 79' lang='lat' dir='ltr'><strong>acerbae</strong></span> <span class='ocrx_word' id='word_1_922' title='bbox 1522 5496 1587 5536; x_wconf 92' lang='lat' dir='ltr'><strong>ac</strong></span> <span class='ocrx_word' id='word_1_923' title='bbox 1632 5477 1921 5535; x_wconf 70' lang='lat' dir='ltr'><strong>laboriosa:</strong></span> <span class='ocrx_word' id='word_1_924' title='bbox 1950 5486 2060 5535; x_wconf 85' lang='lat' dir='ltr'><strong>res,</strong></span> <span class='ocrx_word' id='word_1_925' title='bbox 2094 5476 2155 5522; x_wconf 77' lang='lat' dir='ltr'><strong>ut</strong></span> <span class='ocrx_word' id='word_1_926' title='bbox 2202 5460 2406 5525; x_wconf 68' lang='lat' dir='ltr'><strong>morbi.</strong></span> <span class='ocrx_word' id='word_1_927' title='bbox 2457 5452 2723 5527; x_wconf 64' lang='grc' dir='ltr'><strong>Ρθηιπῖὲθν</strong></span> <span class='ocrx_word' id='word_1_928' title='bbox 2777 5430 3498 5558; x_wconf 46' lang='grc' dir='ltr'><strong>ιῧηοξηιηιωῖιὲυδὲωξξξ</strong></span> 
     </span>
    </p>
   </div>
   <div class='ocr_carea' id='block_1_110' title="bbox 160 5526 3498 5658">
    <p class='ocr_par' dir='ltr' id='par_1_110' title="bbox 160 5526 3498 5658">
     <span class='ocr_line' id='line_1_122' title="bbox 224 5526 2915 5558; baseline -0.016 -2"><span class='ocrx_word' id='word_1_929' title='bbox 224 5526 495 5558; x_wconf 62' lang='lat' dir='ltr'><strong>aeternam</strong></span> <span class='ocrx_word' id='word_1_930' title='bbox 567 5526 728 5549; x_wconf 74' lang='lat' dir='ltr'><strong>vudlll</strong></span> <span class='ocrx_word' id='word_1_931' title='bbox 765 5534 777 5546; x_wconf 76' lang='grc' dir='ltr'><strong><em>ο</em></strong></span> <span class='ocrx_word' id='word_1_932' title='bbox 821 5526 1072 5545; x_wconf 60' lang='lat' dir='ltr'><strong>Vinus-vv.</strong></span> <span class='ocrx_word' id='word_1_933' title='bbox 1128 5526 1237 5541; x_wconf 71' lang='grc' dir='ltr'><strong>νει-ιι</strong></span> <span class='ocrx_word' id='word_1_934' title='bbox 1285 5526 1497 5539; x_wconf 67' lang='lat' dir='ltr'><strong>uw.-w</strong></span> <span class='ocrx_word' id='word_1_935' title='bbox 1522 5526 1587 5536; x_wconf 73' lang='grc' dir='ltr'><strong>...ν</strong></span> <span class='ocrx_word' id='word_1_936' title='bbox 1632 5526 1919 5535; x_wconf 69' lang='lat'><strong>-.._-__-_--</strong></span> <span class='ocrx_word' id='word_1_937' title='bbox 2046 5526 2059 5535; x_wconf 81' lang='grc'><strong>,</strong></span> <span class='ocrx_word' id='word_1_938' title='bbox 2460 5526 2475 5527; x_wconf 29' lang='lat'><em>7</em></span> <span class='ocrx_word' id='word_1_939' title='bbox 2904 5536 2915 5548; x_wconf 57' lang='lat'><em>.</em></span> 
     </span>
     <span class='ocr_line' id='line_1_123' title="bbox 160 5526 3498 5658; baseline -0.022 -4"><span class='ocrx_word' id='word_1_940' title='bbox 160 5620 181 5629; x_wconf 61' lang='grc' dir='ltr'><strong><em>ί</em></strong></span> <span class='ocrx_word' id='word_1_941' title='bbox 226 5594 552 5658; x_wconf 66' lang='lat' dir='ltr'><strong>contrariae,</strong></span> <span class='ocrx_word' id='word_1_942' title='bbox 583 5590 811 5654; x_wconf 72' lang='lat' dir='ltr'><strong>divitize,</strong></span> <span class='ocrx_word' id='word_1_943' title='bbox 854 5583 1047 5657; x_wconf 85' lang='lat' dir='ltr'><strong>gloria,</strong></span> <span class='ocrx_word' id='word_1_944' title='bbox 1089 5577 1285 5636; x_wconf 89' lang='lat' dir='ltr'><strong>laudes</strong></span> <span class='ocrx_word' id='word_1_945' title='bbox 1352 5583 1410 5631; x_wconf 92' lang='lat' dir='ltr'><strong>ct</strong></span> <span class='ocrx_word' id='word_1_946' title='bbox 1466 5573 1767 5643; x_wconf 84' lang='lat' dir='ltr'><strong>applausus</strong></span> <span class='ocrx_word' id='word_1_947' title='bbox 1828 5564 2150 5625; x_wconf 86' lang='lat' dir='ltr'><strong>hominum;</strong></span> <span class='ocrx_word' id='word_1_948' title='bbox 2194 5562 2573 5658; x_wconf 67' lang='lat' dir='ltr'><strong>prmlereaque</strong></span> <span class='ocrx_word' id='word_1_949' title='bbox 2617 5553 2866 5616; x_wconf 90' lang='lat' dir='ltr'><strong>pungcns</strong></span> <span class='ocrx_word' id='word_1_950' title='bbox 2903 5552 2959 5590; x_wconf 76' lang='lat' dir='ltr'><strong>in</strong></span> <span class='ocrx_word' id='word_1_951' title='bbox 3013 5529 3244 5658; x_wconf 42' lang='lat' dir='ltr'><strong>occulam.</strong></span> <span class='ocrx_word' id='word_1_952' title='bbox 3284 5526 3498 5658; x_wconf 47' lang='lat' dir='ltr'><strong>inriti:</strong></span> 
     </span>
    </p>
   </div>
   <div class='ocr_carea' id='block_1_111' title="bbox 112 5613 3498 5736">
    <p class='ocr_par' dir='ltr' id='par_1_111' title="bbox 112 5613 3498 5736">
     <span class='ocr_line' id='line_1_124' title="bbox 160 5613 3418 5658; baseline -0 -14"><span class='ocrx_word' id='word_1_953' title='bbox 160 5620 181 5629; x_wconf 87' lang='lat'><strong><em>’</em></strong></span> <span class='ocrx_word' id='word_1_954' title='bbox 226 5613 552 5658; x_wconf 57' lang='grc' dir='ltr'>θοῇσιν-ιω,</span> <span class='ocrx_word' id='word_1_955' title='bbox 583 5613 811 5654; x_wconf 64' lang='grc' dir='ltr'><strong>υΙΥιιΙὶυ,</strong></span> <span class='ocrx_word' id='word_1_956' title='bbox 854 5613 1047 5657; x_wconf 53' lang='lat' dir='ltr'><strong>suniat</strong></span> <span class='ocrx_word' id='word_1_957' title='bbox 1091 5613 1285 5636; x_wconf 59' lang='grc' dir='ltr'><strong>ιαυυυδ</strong></span> <span class='ocrx_word' id='word_1_958' title='bbox 1352 5613 1410 5631; x_wconf 71' lang='grc' dir='ltr'><strong>ν’</strong></span> <span class='ocrx_word' id='word_1_959' title='bbox 1466 5613 1760 5643; x_wconf 68' lang='grc' dir='ltr'><strong>¹¹¹¹Ι¹Ί¹⁸“³““’“¹”</strong></span> <span class='ocrx_word' id='word_1_960' title='bbox 1828 5613 2105 5621; x_wconf 42' lang='grc'><strong>””“”””””⁷</strong></span> <span class='ocrx_word' id='word_1_961' title='bbox 2138 5613 2150 5625; x_wconf 92' lang='lat'><strong><em>&#39;</em></strong></span> <span class='ocrx_word' id='word_1_962' title='bbox 2194 5613 2215 5627; x_wconf 80' lang='grc'><strong><em>⁵</em></strong></span> <span class='ocrx_word' id='word_1_963' title='bbox 2483 5613 2500 5619; x_wconf 92' lang='grc'><strong><em>“</em></strong></span> <span class='ocrx_word' id='word_1_964' title='bbox 2618 5613 2631 5616; x_wconf 54' lang='grc'><strong><em>⁷</em></strong></span> <span class='ocrx_word' id='word_1_965' title='bbox 3108 5624 3120 5635; x_wconf 86' lang='grc'><strong>·</strong></span> <span class='ocrx_word' id='word_1_966' title='bbox 3408 5615 3418 5625; x_wconf 85' lang='grc'><em>”</em></span> 
     </span>
     <span class='ocr_line' id='line_1_125' title="bbox 112 5613 3498 5736; baseline -0.012 1"><span class='ocrx_word' id='word_1_967' title='bbox 112 5675 125 5683; x_wconf 78' lang='grc'><strong>’</strong></span> <span class='ocrx_word' id='word_1_968' title='bbox 230 5683 608 5736; x_wconf 74' lang='grc' dir='ltr'>ἱιιιηυεῃιιιὶο.</span> <span class='ocrx_word' id='word_1_969' title='bbox 662 5680 742 5735; x_wconf 89' lang='lat' dir='ltr'><strong>sic</strong></span> <span class='ocrx_word' id='word_1_970' title='bbox 794 5689 1017 5736; x_wconf 89' lang='lat' dir='ltr'><strong>rursus,</strong></span> <span class='ocrx_word' id='word_1_971' title='bbox 1076 5671 1235 5726; x_wconf 90' lang='lat' dir='ltr'><strong>aliter</strong></span> <span class='ocrx_word' id='word_1_972' title='bbox 1291 5664 1609 5736; x_wconf 89' lang='lat' dir='ltr'><strong>dispositos,</strong></span> <span class='ocrx_word' id='word_1_973' title='bbox 1671 5662 1729 5716; x_wconf 90' lang='lat' dir='ltr'><strong>in</strong></span> <span class='ocrx_word' id='word_1_974' title='bbox 1792 5658 1919 5713; x_wconf 91' lang='lat' dir='ltr'><strong>loco</strong></span> <span class='ocrx_word' id='word_1_975' title='bbox 1967 5640 2613 5736; x_wconf 45' lang='lat' dir='ltr'><strong>memoratorumumodo,</strong></span> <span class='ocrx_word' id='word_1_976' title='bbox 2646 5647 2883 5736; x_wconf 80' lang='lat' dir='ltr'><strong>ponens,</strong></span> <span class='ocrx_word' id='word_1_977' title='bbox 2942 5613 3498 5736; x_wconf 41' lang='lat' dir='ltr'><strong>rclpetleiinfi’lr‘j‘f:</strong></span> 
     </span>
    </p>
   </div>
  </div>
