4044 6522
178 305 283 367 957

1203 303 1429 362 LIBER
1472 301 1566 360 DE
1604 297 2024 360 LIBERTATE
2062 296 2365 361 MENTIS.

3323 304 3426 371 9538

175 416 456 487 γνώσεως
499 413 608 482 τῆς
634 413 818 483 δόξης
849 413 957 471 τοῦ
987 414 1266 483 Χριστοῦ.
1307 415 1416 465 Καὶ
1448 412 1508 465 τό
1532 431 1545 447 ι
1579 412 1754 464 (Iubet-

1865 409 1992 473 facie
2017 408 2212 465 Christi
2231 410 2430 466 Jesu“.
2461 409 2530 467 Ει
2572 410 2746 469 illud:
2779 412 3036 470 "lumina
3066 414 3243 469 oculos
3267 429 3428 471 meos;

174 524 297 562 σον
342 505 483 571 τοὺς
525 506 869 575 ὀφθαλμούς
895 523 1035 575 μου,
1077 504 1309 573 μήποτε
1359 503 1617 559 ὐπνώσω
1664 503 1750 568 εἰς

176 601 478 654 θάνατον·
513 597 791 649 τουτέστιν
821 612 836 629 ο
885 596 973 649 ἵνα
1016 595 1089 666 μὴ
1136 594 1370 666 λυομένη
1410 595 1509 663 τῆς
1551 593 1750 663 σαρκὸς

178 693 217 763 ἡ
268 692 433 761 dum,
474 689 844 759 ἁποσκοτῆται
882 688 960 759 τῷ
1000 689 1096 742 τοῦ
1144 689 1372 743 θανάτου
1417 686 1515 754 τῆς
1554 686 1751 747 κακίας

176 783 534 852 καλύμματιο
578 782 717 852 πρὸς
760 781 817 834 δὲ
863 781 958 834 καὶ
999 781 1097 834 τό’
1152 777 1584 846 Ἀποκάλυψον
1610 776 1751 841 τοὺς

179 874 527 943 ὀφθαλμούς
549 890 667 942 μου
690 872 800 937 ἔτι,
839 872 938 926 καὶ
971 873 1324 939 κατανοήσω
1354 874 1426 925 τὰ
1452 868 1750 938 θαυμάσια

176 965 250 1018 ἐκ
278 965 381 1018 τοῦ
419 966 605 1033 νόμου
648 979 765 1017 σου
787 979 801 993 ·
836 964 943 1016 Καὶ
975 963 1036 1017 τό
1062 979 1077 994 θ
1131 962 1598 1026 Ἐξαπόστειλον
1625 958 1752 1029 φῶς

178 1073 300 1110 σου
327 1055 421 1107 καὶ
450 1054 565 1122 τὴν
591 1053 880 1121 ἀλήθειάν
906 1069 1022 1107 σου
1053 1069 1067 1081 ·
1098 1052 1251 1107 αὐτά
1277 1069 1353 1122 με
1378 1052 1751 1120 ὁδηγήσουσι

179 1149 281 1202 καὶ
320 1148 577 1211 ἄξουσιν
607 1149 693 1212 εὶς
725 1146 862 1214 ὄρος
897 1145 1069 1215 ἅγιόν
1092 1160 1231 1210 σου,
1262 1144 1362 1197 καὶ
1397 1145 1483 1208 είς
1506 1143 1577 1196 τὰ
1608 1157 1753 1207 σκη-

177 1234 419 1302 νώματά
450 1251 568 1288 σου
598 1249 613 1264 ·
659 1232 793 1286 ἀλλὰ
828 1232 934 1303 μὴν
971 1233 1065 1286 καὶ
1106 1232 1200 1285 ’τό⁸
1251 1229 1613 1300 Ἐσημειώθη
1658 1229 1749 1298 ἐφ’

178 1323 340 1392 ἡμᾶς
373 1323 440 1376 τὸ
472 1324 598 1392 φῶς
624 1322 732 1376 τοῦ
774 1321 1097 1391 προσώπου
1135 1338 1272 1385 σου,
1322 1323 1417 1374 καὶ
1457 1322 1523 1373 τὰ
1567 1318 1747 1384 λοιπὰ,

175 1417 281 1487 τὴν
309 1415 475 1483 αὐτὴν
508 1412 823 1467 ἀκολουθίαν
865 1412 956 1466 τοῦ
988 1411 1191 1466 σκοποῦ
1226 1412 1571 1482 παρίστησιν.

251 1506 379 1563 ΚΓ.
404 1506 515 1559 Καὶ
560 1504 639 1575 τῷ
685 1503 938 1574 μακαρίῳ
962 1503 1018 1555 δὲ
1045 1502 1239 1574 Παύλῳ
1266 1503 1398 1574 φησὶ
1427 1503 1494 1555 τὸ
1527 1500 1750 1569 ἐλλάμ-

176 1600 312 1665 ψαν
351 1597 408 1650 ἐν
446 1598 512 1664 τῇ
560 1594 664 1663 ὀδῷ
691 1592 838 1661 φῶς,
883 1594 949 1646 δι’
982 1586 1042 1647 οὗ
1072 1594 1166 1647 καὶ
1207 1594 1285 1657 είς
1315 1593 1495 1661 τρίτον
1524 1590 1750 1661 οὐρανὸν

176 1683 369 1757 ἦρται,
418 1687 513 1739 καὶ
544 1685 841 1756 μυστήριον
886 1684 1167 1753 ἀλαλήτων
1204 1684 1471 1753 ἀκουστὴς
1517 1682 1748 1751 γίνεται,

177 1778 245 1832 οὐ
288 1776 571 1847 νοημάτων
604 1792 689 1838 τις
724 1776 819 1828 καὶ
867 1773 1119 1843 γνώσεως
1153 1774 1431 1844 φωτισμὸς
1475 1769 1563 1844 ἦν,
1617 1772 1752 1826 ἀλλά

178 1869 466 1939 δυνάμεως
491 1866 582 1920 τοῦ
607 1865 816 1935 ἀγαθοῦ
858 1866 1176 1937 Πνεύματος
1215 1866 1339 1920 καθ’
1370 1866 1665 1920 ὑπόστασιν
1695 1864 1754 1917 ἐν

178 1963 252 2031 τῇ
281 1959 422 2031 ψυχῇ
449 1957 732 2028 ἐλλαμψις,
761 1952 823 2011 οὗ
854 1958 953 2028 τὴν
979 1958 1282 2028 ὑπερϐολὴν
1314 1957 1413 2026 τῆς
1437 1954 1755 2025 λαμπρότη-

178 2066 278 2112 τος
309 2049 357 2101 οἱ
397 2048 493 2117 τῆς
523 2047 724 2117 σαρκὸς
749 2045 1015 2117 ὀφθαλμοὶ
1047 2046 1123 2116 μὴ
1158 2045 1525 2113 διενεγκόντες
1556 2045 1758 2097 ἀπετυ-

180 2137 501 2208 φλώθησαν,
543 2137 611 2189 δι’
660 2130 721 2190 οὗ
754 2137 907 2190 πᾶσά
936 2152 997 2189 τε
1041 2135 1243 2203 γνῶσις
1289 2135 1753 2196 ἀποκαλύπτεται.

179 2232 284 2282 καὶ
314 2228 446 2297 πρὸς
476 2225 733 2297 ἀλήθειαν
763 2225 895 2290 Θεὸς
923 2228 990 2297 τῇ
1024 2224 1151 2296 ἀξίᾳ
1175 2225 1267 2279 καὶ
1294 2224 1591 2297 φιλουμένῃ
1610 2224 1753 2296 ψυχῇ

179 2317 533 2390 γνωρίζεται.

257 2411 383 2464 KA'.
408 2410 564 2463 Πᾶσα
608 2407 753 2479 ψυχὴ
783 2406 872 2462 διὰ
914 2406 1149 2477 σπουδῆς
1183 2406 1277 2463 καὶ
1314 2406 1552 2471 πίστεως
1576 2407 1757 2461 τέλεον

182 2499 512 2553 ἐνδύσασθαι
552 2501 645 2554 τὸν
690 2499 923 2570 Χριστὸν
967 2498 1215 2552 ἐντεῦθεν
1261 2498 1403 2567 κατᾲ
1425 2499 1653 2571 δύναμιν
1695 2516 1756 2553 τε

184 2595 285 2646 καὶ
316 2592 689 2664 πληροφορίαν
719 2592 942 2663 χάριτος
972 2590 1393 2657 καταξιωθεϊσα,
1420 2592 1515 2645 καὶ
1543 2590 1622 2661 τῷ
1661 2592 1757 2644 ὲπ-

180 2686 424 2757 ουρανίῳ
453 2685 550 2755 τῆς
580 2685 856 2756 ἀφθάρτου
894 2684 1101 2748 εἰκόνος
1143 2685 1285 2754 φωτὶ
1335 2682 1616 2747 ὲνωθείσα,
1665 2680 1760 2736 καὶ

184 2774 288 2826 νῦν
336 2773 434 2843 μὲν
479 2773 791 2844 μυστηρίων
829 2773 1092 2844 οὐρανίων
1137 2773 1336 2841 γνῶσιν
1372 2774 1428 2824 tv
1467 2772 1761 2826 ὑποστάσει

188 2866 407 2934 μυεῖται
437 2866 652 2919 πάντων
681 2879 696 2894 ·
730 2867 787 2920 ἐν
810 2864 867 2918 δέ
908 2882 972 2934 γε
997 2869 1063 2937 τῇ
1117 2866 1329 2937 μεγάλῃ
1373 2864 1471 2935 τῆς
1524 2865 1761 2918 ἀναστά-

188 2972 333 3017 σεως
380 2956 563 3027 ἡμέρᾳ
594 2962 659 3026 τῇ
699 2957 836 3027 αὐτῇ
883 2956 1193 3028 ἐπουρανίῳ
1238 2955 1339 3025 τῆς
1381 2954 1538 3025 δόξης
1591 2953 1761 3007 εἰκόνι

187 3050 287 3100 καὶ
308 3046 367 3099 τὺ
399 3046 558 3116 σῶμα
578 3045 779 3116 ταύτης
808 3046 1142 3113 ὲνδοξασθὲν.
1175 3047 1268 3101 καὶ
1293 3046 1397 3098 ὑπὸ
1426 3042 1760 3114 Πνεύματος,
1788 3064 1832 3125 c

187 3136 337 3189 κατὰ
384 3136 443 3190 τὸ
491 3137 877 3207 γεγραμμένον
929 3139 1008 3200 είς
1046 3137 1305 3206 οὐρανοὺς
1348 3134 1616 3206 ἀρπαγὲν,
1671 3135 1763 3187 καὶ

189 3228 521 3298 σύμμορφον
570 3227 824 3295 γενέσθαι
860 3226 937 3296 τῷ
979 3226 1193 3297 σώματι
1243 3228 1345 3296 τῆς
1390 3224 1549 3295 δόξης
1597 3223 1762 3278 αὑτοῦ

188 3320 532 3386 καταξιωθὲν
571 3320 666 3373 καὶ
699 3320 796 3389 τὴν
831 3318 1109 3389 βασιλείαν
1154 3319 1369 3373 αἰώνιόν
1402 3334 1465 3372 τε
1493 3318 1587 3372 καὶ
1616 3318 1767 3373 ἀδιά-

186 3411 350 3482 δοχον
370 3410 461 3464 καί
487 3409 568 3483 τῷ
598 3410 821 3483 Χριστῷ
846 3410 1149 3483 σύγκληρον
1177 3410 1309 3478 ἔξει.

264 3588 398 3645 KE’.
439 3588 663 3643 Ὀπόσον
699 3605 782 3651 τις
823 3587 927 3660 ἰδίᾳ
957 3588 1157 3659 σπουδῇ
1183 3587 1276 3642 καὶ
1305 3587 1483 3641 πίστει
1515 3584 1767 3655 Πνεύμα-

188 3700 290 3746 τος
320 3681 475 3748 ἁγίου
524 3680 681 3750 δόξης
725 3679 1119 3749 κεκοινώνηκεν
1165 3677 1440 3748 οὐρανίου,
1489 3676 1670 3748 ἔργοις
1706 3693 1768 3729 τε

190 3769 424 3838 ἀγαθοῖς
474 3768 571 3839 τὴν
629 3765 805 3837 ψυχὴν
852 3766 1175 3836 διεκόσμησε
1198 3805 1213 3831 ,
1262 3765 1510 3818 τοσοῦτον
1558 3762 1769 3833 ἐκείνης

193 3858 304 3927 τῆς
336 3856 546 3927 ἡμέρας
570 3854 718 3918 ἄξιον
749 3852 916 3907 αὑτοῦ
950 3855 1236 3923 γενήσεται
1264 3851 1437 3908 καὶτὸ
1464 3851 1622 3922 σῶμα
1646 3867 1770 3905 συν⁸

188 3947 542 4016 δοξασθῆναι.
610 3948 675 3998 "0
724 3945 831 4017 γάρ
874 3961 959 4008 τις
1007 3943 1155 3997 ἔνδον
1200 3941 1607 4014 ἀπεθησαύρισε
1651 3940 1767 4008 νῦν,

190 4037 362 4090 τοῦτο
386 4036 628 4107 πρόεισιν
659 4034 763 4101 ἔξω
794 4039 918 4090 τότε
938 4053 952 4068 ο
982 4035 1233 4107 καθάπερ
1264 4037 1292 4088 ὁ
1322 4036 1453 4088 είσω
1471 4035 1578 4087 τῶν
1601 4032 1771 4097 ξύλων

194 4134 257 4183 ὲν
310 4130 533 4199 χειμῶνι
585 4130 816 4201 καρπὸς,
870 4128 976 4192 ἔξω
1032 4129 1175 4181 κατὰ
1227 4128 1320 4181 τὸν
1369 4127 1530 4199 ἔαρος
1580 4125 1770 4197 καιρὸν

191 4222 414 4290 γίνεται
440 4237 455 4252 ο
484 4220 672 4291 ὥσπερ
704 4220 767 4290 δὴ
793 4219 889 4274 καὶ
914 4221 1180 4289 πρότερον
1215 4216 1480 4288 ἐδηλώθη.
1521 4218 1642 4272 Τῶν
1672 4218 1771 4288 μὲν
1804 4254 1807 4259 -

191 4311 295 4368 οὖν
330 4313 505 4381 ἁγίων
533 4314 565 4383 ἡ
599 4313 837 4382 θεοειδὴς
865 4310 959 4366 τοῦ
989 4310 1305 4381 Πνεύματος
1348 4310 1513 4365 είκὼν
1543 4309 1652 4364 ἀπὸ
1674 4306 1770 4362 τοῦ

1855 517 1921 554 ue
1943 518 2181 572 unquam
2204 503 2531 558 obdormiam
2566 506 2621 559 in
2642 513 2810 560 morte
2829 506 2895 559 ⁸⁸.
2926 505 3042 560 Hoc
3062 515 3167 569 est,
3210 520 3281 559 ne
3303 521 3430 560 cum

1850 596 2099 651 solvetur
2128 610 2293 651 carne
2326 597 2526 664 anima,
2560 598 2962 655 obtenebretur
2987 598 3187 653 mortis
3210 600 3431 653 malitia:

1850 689 1993 741 velo.
2024 687 2163 743 Illud
2208 695 2469 757 praeterea
2497 706 2509 742 :
2541 684 2735 745 Revela
2767 690 2943 745 oculos
2970 706 3134 755 meos,
3160 698 3211 744 et
3254 692 3400 743 consi

1850 779 2043 833 derabo
2096 779 2367 835 mirabilia
2417 781 2480 833 de
2527 780 2638 850 lege
2700 788 2791 834 tua
2842 781 2913 837 “.
2966 780 3109 835 Illud
3165 797 3425 851 quoque”

1850 870 2049 926 Emitte
2076 871 2241 926 lucem
2269 882 2418 925 luam
2441 881 2489 926 et
2508 874 2783 927 ueritatem
2807 881 2955 925 tuam
2972 885 2994 928 :
3014 872 3129 943 ipsa
3152 890 3233 927 me
3264 874 3428 926 dedu-

1850 970 1965 1015 cent
2000 970 2050 1015 et
2081 964 2342 1016 adducent
2368 965 2423 1017 in
2460 973 2688 1018 montem
2716 975 2960 1019 sanctum
3005 973 3155 1020 tuum
3179 974 3226 1017 et
3255 966 3309 1017 in
3341 973 3426 1015 la-

1853 1053 2139 1108 bernacula
2170 1065 2263 1109 tua
2302 1056 2369 1108 ⁶⁶¹.
2416 1055 2523 1109 Sed
2556 1064 2610 1109 et
2653 1056 2786 1110 illud
2815 1058 3017 1112 etiam:
3052 1055 3328 1127 Signatum
3358 1065 3429 1108 est

1859 1158 2017 1214 super
2042 1160 2133 1198 nos
2170 1144 2346 1198 lumen
2370 1144 2544 1198 uultus
2569 1146 2664 1212 tui,
2693 1145 2913 1200 Domine
2930 1149 2995 1201 ⁸⁸.
3033 1148 3101 1202 Ει
3133 1149 3342 1215 reliqua
3378 1147 3427 1197 in

1851 1248 2015 1288 unam
2048 1235 2409 1305 eamdemque
2433 1250 2599 1305 quam
2653 1237 2927 1321 proposui.
2948 1237 3278 1293 sententiam
3302 1250 3428 1289 con-

1849 1326 2082 1397 spirant.

1930 1502 2096 1573 218
2122 1502 2313 1557 XXIII.
2370 1502 2465 1557 Illa
2495 1500 2628 1557 item
2655 1517 2778 1573 qum
2814 1503 2975 1558 beato
3008 1503 3178 1558 Paulo
3212 1504 3433 1557 circum-

1857 1592 2063 1663 fulsiue
2091 1594 2182 1648 lux
2202 1596 2247 1626 ”
2274 1593 2478 1649 dicitur
2507 1593 2562 1647 in
2590 1594 2699 1659 via,
2723 1611 2821 1664 per
2850 1610 3012 1664 quam
3039 1605 3093 1649 et
3119 1594 3174 1649 in
3208 1593 3430 1649 tertium

1853 1684 2062 1738 caelum
2089 1685 2338 1739 elevatus
2363 1692 2450 1739 est
2480 1685 2548 1749 ⁷⁸,
2578 1691 2633 1738 et
2654 1686 3041 1755 mysteriorum
3070 1685 3432 1741 ineﬂ‘abilium

1853 1774 2075 1828 auditor
2098 1774 2292 1838 factus,
2324 1789 2433 1829 non
2486 1776 2943 1831 intellectualium
2976 1793 3238 1833 sensuum
3264 1786 3320 1832 et
3345 1792 3437 1831 co-

1854 1864 2117 1933 gnitionis
2137 1864 2471 1919 illuminatio
2486 1877 2635 1931 erat;
2665 1867 2759 1921 sed
2784 1868 3005 1922 virtutis
3029 1868 3160 1923 boni
3195 1868 3435 1938 Spiritus

1858 1952 1916 2008 in
1969 1954 2280 2009 substantia
2335 1955 2392 2008 in
2460 1956 2642 2010 anima
2698 1958 2836 2012 facta
2898 1959 3221 2014 irradiatio:
3277 1959 3436 2027 cujus

1851 2058 2139 2099 excessum
2172 2044 2483 2112 splendoris
2522 2060 2634 2099 non
2665 2047 2904 2101 ferentes
2926 2048 3110 2102 carnis
3138 2048 3301 2113 oculi,
3333 2063 3433 2102 ex-

1853 2135 2039 2190 carcati
2076 2143 2235 2201 sunt;
2270 2150 2369 2204 per
2399 2151 2561 2204 quam
2596 2138 2852 2192 etomnis
2873 2138 3104 2193 scientia
3137 2140 3433 2202 reveletur,

1852 2235 1911 2281 et
1947 2226 2014 2281 ad
2044 2227 2332 2281 veritatem
2357 2227 2505 2281 Deus
2538 2226 2717 2299 dignae
2742 2236 2799 2283 et
2824 2237 3018 2283 amatae
3048 2230 3247 2284 animm
3277 2230 3437 2284 inno-

1856 2318 2036 2373 tescit.

1923 2407 2114 2464 XXIV.
2155 2406 2348 2465 Omnis
2372 2408 2577 2475 anima,
2600 2425 2721 2479 qua:
2745 2425 2848 2480 per
2890 2411 3137 2466 studium
3169 2420 3226 2465 et
3272 2410 3432 2465 ﬁdem

1854 2498 2157 2569 perfectam
2212 2498 2269 2552 in
2310 2499 2514 2553 virtute
2545 2508 2601 2554 et
2654 2500 2816 2569 plena
2861 2501 3194 2556 certitudine
3221 2503 3434 2572 gratiae,

1861 2592 2027 2663 digna
2058 2591 2201 2646 facta
2252 2601 2337 2646 est
2365 2608 2488 2661 quae
2510 2591 2796 2646 Christum
2855 2590 3113 2649 indueret
3136 2597 3249 2665 jam
3287 2595 3437 2661 hinc,

1857 2690 1915 2738 et
1942 2681 2320 2751 supercmlesti
2351 2680 2791 2751 incorruptibilis
2834 2682 3090 2753 imaginis
3114 2684 3221 2738 luci
3247 2685 3439 2740 unire-

1860 2776 1983 2835 tur;
2016 2783 2081 2823 ea
2127 2783 2277 2823 nunc
2301 2768 2526 2837 quidem
2562 2770 2877 2839 cognitione
2900 2772 3207 2826 caelestium
3233 2783 3439 2842 myste-

1860 2856 2071 2911 riorum
2106 2856 2162 2909 in
2184 2855 2513 2918 substantia.
2573 2865 2631 2910 et
2680 2865 2846 2924 prout
2892 2867 3041 2919 sunt,
3090 2858 3439 2927 impertitur;

1863 2946 1923 3000 in
1976 2962 2171 3017 magna
2209 2961 2341 3001 vero
2400 2946 2826 3002 resurrectionis
2859 2946 2970 3013 die,
2995 2949 3189 3004 eadem
3220 2950 3311 3004 illa
3343 2965 3437 3004 suo

1864 3037 2204 3107 peremiestis
2230 3036 2498 3091 claritatis
2528 3037 2764 3106 imagine
2792 3053 2996 3107 corpus
3019 3054 3239 3108 quoque
3266 3040 3443 3108 ipsius

1870 3126 2257 3197 gloriﬁcatum,
2288 3135 2343 3181 et
2375 3142 2406 3181 a
2446 3125 2674 3195 Spiritu,
2711 3128 2851 3181 sicut
2883 3128 3146 3197 scriptum
3175 3138 3259 3183 est
3292 3130 3357 3195 "‘,
3384 3129 3441 3183 in

1874 3220 2049 3276 cmlos
2082 3228 2337 3288 raptum:
2366 3226 2422 3273 et
2475 3228 2627 3273 tanta
2654 3220 2969 3290 dignatione
2995 3221 3346 3284 honoratum,
3381 3232 3443 3278 ut

1873 3310 2250 3379 conﬁguretur
2271 3309 2490 3379 corpori
2527 3310 2797 3365 claritatis
2826 3313 2968 3381 ejus,
3001 3328 3228 3382 regnum
3280 3326 3441 3368 teter-

1871 3415 2003 3453 num
2033 3398 2415 3454 vicissitudine
2472 3400 2887 3455 successionum
2954 3417 3172 3468 carens,
3222 3402 3445 3459 Christo

1871 3486 1976 3559 ipsi
2006 3490 2212 3559 collega
2238 3496 2294 3543 et
2315 3503 2543 3543 consors
2570 3489 2797 3544 habebit
2822 3491 2888 3544 τ’.

1945 3579 2110 3635 XXV.
2145 3578 2421 3646 Quantum
2457 3579 2583 3649 quis
2645 3581 2868 3651 proprio
2917 3582 3103 3637 studio
3150 3590 3205 3636 et
3234 3582 3339 3637 ﬁde
3375 3582 3443 3638 de

1876 3670 2092 3727 caelesti
2162 3670 2411 3725 claritate
2473 3670 2713 3740 Spiritus
2779 3672 2952 3726 sancti
3009 3674 3441 3741 participaverit,

1873 3761 2221 3831 animamque
2244 3760 2409 3816 bonis
2435 3761 2700 3830 operibus
2721 3762 3030 3823 ornaverit;
3057 3770 3206 3816 tanto
3224 3762 3445 3832 dignius

1875 3852 2079 3910 efﬁciet
2132 3868 2334 3923 corpus
2386 3868 2546 3907 suum
2596 3853 3030 3923 gloriﬁeutione,
3097 3869 3217 3922 qum
3258 3853 3335 3907 illi
3387 3852 3443 3905 in

1874 3946 2024 4002 illam
2062 3946 2490 4003 resurrectionis
2538 3946 2682 4001 diem
2719 3955 3059 4001 reservatur.
3099 3945 3255 4012 Quod
3295 3946 3443 4000 enim

1874 4039 2110 4109 quisque
2172 4038 2322 4093 intus
2367 4051 2517 4092 nunc
2554 4038 2823 4101 condidit,
2854 4046 2984 4092 tunc
3025 4037 3267 4107 prodibit
3294 4046 3445 4091 exte-

1875 4128 2026 4194 rius;
2050 4128 2511 4198 quemadmodum
2554 4143 2676 4197 quae
2714 4143 2812 4198 per
2845 4127 3080 4182 hiemem
3121 4127 3175 4181 in
3206 4128 3326 4182 sinu
3353 4144 3443 4181 ar-

1875 4218 2075 4274 borum
2103 4220 2236 4275 latet
2277 4220 2363 4274 vis
2394 4220 2715 4289 generativa
2755 4218 3054 4283 fructuum,
3094 4234 3262 4273 verna
3305 4228 3443 4271 tem-

1875 4311 2029 4382 perie
2058 4325 2116 4366 se
2154 4309 2301 4365 foras
2351 4309 2586 4375 exserit;
2646 4318 2707 4365 ut
2735 4317 2791 4364 et
2816 4309 3250 4363 demonstratum
3285 4323 3447 4375 supe-

193 4405 299 4457 νῦν
330 4404 475 4457 ἔνδον
507 4402 695 4474 ὥσπερ
726 4401 1117 4467 ὲντυπωθεῖσα,
1150 4403 1245 4457 καὶ
1274 4402 1334 4455 τὸ
1358 4401 1517 4473 σῶμα
1546 4401 1764 4465 θεοειδὲς

1879 4401 1997 4456 rius
2018 4408 2122 4456 est.
2174 4399 2444 4469 Impressa
2479 4415 2612 4469 ergo
2658 4399 2944 4453 mentibus
2982 4409 3294 4453 sanetorum
3325 4398 3445 4451 dci-

194 4495 312 4557 εξω
365 4497 456 4546 καὶ
512 4493 759 4563 οὐράνιον
798 4493 1207 4562 ἀπεργάσεται·
1257 4492 1366 4545 τῶν
1418 4490 1659 4563 βεϐήλων
1718 4492 1774 4546 δὲ

193 4586 300 4638 καὶ
342 4581 678 4652 ἁμαρτωλῶν
723 4580 784 4634 τὸ
836 4580 929 4635 τοῦ
987 4580 1252 4651 κοσμικοῦ
1311 4581 1625 4652 Πνεύματος
1676 4578 1777 4633 κά-

193 4677 397 4745 λυμμα
458 4674 749 4745 περιϐαλὸν
803 4675 901 4745 τὴν
932 4673 1133 4745 ψυχὴν,
1182 4674 1277 4727 καὶ
1313 4676 1378 4745 τῇ
1434 4674 1541 4727 τῶν
1592 4672 1778 4727 παθῶν

196 4768 473 4839 εἰδεχθείᾳ
492 4769 790 4834 σκοτεινὸν,
814 4767 867 4820 οῐ
882 4785 993 4836 μοι,
1012 4767 1102 4820 τὸν
1119 4765 1241 4820 νοῦν
1264 4767 1356 4819 καὶ
1378 4765 1665 4836 ἀσχήμονα
1682 4780 1781 4818 κα-

195 4857 505 4925 ταστῆσαν,
542 4857 817 4911 σκοτεινὸν
863 4858 984 4927 ἁμα
1024 4858 1118 4909 καὶ
1143 4855 1206 4909 τὸ
1235 4855 1414 4923 σῶμα,
1460 4854 1557 4910 καὶ
1588 4851 1781 4924 αίσχύ-

195 4967 305 5022 νης
336 4949 554 5021 ἔμπλεω
592 4950 771 5022 πάσης
801 4949 998 5015 ἔξωθεν
1028 4948 1385 5016 ἀποδείξεται.

279 5212 429 5280 KG’.
461 5213 671 5281 Ὠσπερ
700 5210 843 5265 κατὰ
870 5211 969 5282 τὴν
993 5212 1306 5284 παράϐασιν
1341 5211 1436 5267 τοῦ
1478 5211 1650 5284 Ἀδὰμ
1681 5210 1781 5267 θά-

200 5308 374 5359 νατον
406 5301 566 5355 αὑτοῦ
593 5302 1122 5375 καταψηφισαμένης
1148 5301 1248 5373 τῆς
1280 5303 1376 5357 τοῦ
1411 5302 1546 5357 Θεοῦ
1574 5303 1778 5374 ἀγαθός

198 5412 399 5466 τητος,
432 5392 591 5448 τοῦτο
625 5393 840 5465 πρῶτον
880 5394 979 5465 μὲν
1015 5394 1223 5466 ὑπέστη
1265 5395 1409 5449 κατὰ
1438 5395 1639 5469 ψυχὴν,
1671 5397 1781 5450 τῶν

202 5488 416 5559 νοερῶν
438 5486 615 5559 αὐτῆς
642 5486 1011 5559 αἰσθητηρίων
1032 5488 1100 5558 τῇ
1135 5488 1387 5559 στερήσει
1420 5485 1518 5558 τῆς
1546 5490 1783 5560 ἐπουρα-

283 5642 333 5674 ⁶⁸
355 5642 398 5697 II
441 5641 569 5698 Cor.
600 5660 673 5704 tv,
704 5643 755 5700 6.

205 5714 262 5751 "
296 5713 342 5769 Il
374 5714 503 5769 Cor.
525 5729 621 5779 xu,
649 5714 699 5769 2.

867 5643 911 5676 "
936 5642 1078 5698 Psal.
1104 5658 1212 5709 xit,
1242 5645 1296 5698 4.

812 5714 854 5746 τ’
884 5712 1123 5770 l'l‘hess.
1153 5728 1227 5783 γι,
1259 5713 1342 5770 l6.

1390 5643 1435 5676 ⁸ο
1458 5643 1963 5785 ’ξρϐὲῇξέἔηῖἷιίὲι
2036 5647 2079 5679 ⁸⁷
2095 5646 2239 5704 Psal.
2261 5661 2384 5713 itm,
2406 5644 2461 5701 5.

1751 5754 1764 5771 .
1854 5753 1871 5785 ,
1972 5751 1989 5772 ο

1751 5754 1764 5771 ο
1793 5751 1871 5786 Ill,
1905 5751 1989 5772 ΠΙ.

1872 4492 2065 4548 formis
2118 4492 2294 4561 imago
2329 4490 2589 4561 Spiritus,
2620 4506 2741 4560 quae
2775 4490 2830 4544 in
2863 4491 3081 4545 occulto
3117 4505 3264 4543 nunc
3293 4490 3444 4545 latet.

1873 4599 2073 4653 corpus
2126 4598 2346 4653 quoque
2391 4583 2577 4637 divina
2641 4582 2824 4652 specie
2878 4582 3090 4646 induet,
3140 4583 3408 4636 et'ctelcs:

1873 4672 2107 4738 clliciet;
2152 4671 2509 4741 profanorum
2559 4687 2693 4726 vero
2738 4687 2803 4726 ac
2858 4672 3240 4735 scelestorum,
3300 4675 3443 4738 quod

1875 4779 2025 4819 nunc
2085 4762 2349 4818 mundani
2398 4762 2624 4833 spiritus
2677 4763 2924 4816 velamen
2979 4761 3445 4819 circumimolvit.

1880 4852 2159 4909 deformes
2192 4852 2541 4922 stigmatibus
2582 4851 2897 4910 criminum,
2949 4862 3291 4920 mentesque,
3339 4851 3445 4902 heu

1883 4945 2003 4999 mel
2059 4944 2329 5013 ipsorum,
2359 4942 2680 4998 tenebrosus
2720 4950 2776 4996 et
2808 4941 2981 4996 fmdas
3038 4942 3251 5003 reddit,
3319 4951 3448 4994 tunc

1881 5035 2047 5090 etiam
2078 5049 2311 5104 corpora
2340 5034 2644 5095 maculosa,
2688 5034 2743 5088 in
2770 5049 3047 5087 summum
3076 5034 3249 5103 palam
3283 5033 3449 5086 dede

1884 5139 1984 5179 eus
2014 5125 2261 5178 omnium
2303 5123 2479 5178 oculis
2502 5123 2781 5178 ostendet.

1955 5215 2145 5271 XXVI.
2174 5214 2643 5281 Quemadmodum
2660 5222 2783 5284 post
2806 5212 3290 5285 transgressionem
3309 5214 3453 5268 Ada-

1886 5309 1983 5373 mi,
2011 5308 2119 5363 lata
2163 5307 2219 5362 in
2258 5321 2386 5360 eum
2415 5306 2686 5361 sententia
2722 5305 2916 5360 mortis
2943 5306 3094 5375 justo
3131 5305 3228 5359 Dei
3258 5305 3451 5373 Optimi

1882 5399 2113 5472 judicio,
2147 5398 2386 5468 primum
2443 5397 2786 5453 exsecutioni
2816 5397 3072 5452 mandata
3119 5405 3203 5451 est
3244 5397 3299 5450 in
3332 5397 3457 5467 ejus

1887 5490 2092 5557 anima,
2113 5505 2245 5545 vere
2269 5504 2365 5560 per
2392 5476 2677 5560 peccatum
2707 5489 2820 5560 jam
2855 5496 2970 5543 tum
3009 5487 3453 5554 mortua,,intel-

2565 5647 2608 5679 ⁸⁸
2632 5648 2774 5703 Psal.
2807 5664 2879 5712 tv,
2902 5647 2948 5700 7.
3065 5649 3107 5680 ω
3137 5648 3237 5703 Act
3287 5663 3365 5711 ut,
3387 5646 3450 5702 '3.
