4044 6566
598 309 703 373 959
1839 309 1901 371 S.
1928 308 2245 369 MACARII

2284 310 2617 374 )EGYPTII
3753 316 3856 380 9εο

601 420 933 477 lectualibus
961 420 1081 492 ejus
1108 420 1383 481 sensibus.
1403 436 1502 491 per
1526 419 1890 491 privationem
1925 419 2167 474 caelestis

2290 422 2381 476 ιίου
2444 425 2543 477 καὶ
2608 424 2990 496 πνευματικῆς
3039 421 3399 489 ἀπολαύσεως
3459 424 3860 479 ἀπεσϐηκότῶν

596 523 657 568 et
693 514 998 584 spiritualis
1035 515 1245 584 gratiae,
1293 512 1600 574 exstinctis.
1630 522 1682 566 et
1725 512 1791 565 ad
1826 521 2165 565 mortuorum

603 604 1021 658 similitudinem
1076 604 1351 659 redactis:
1385 604 1661 673 posterius
1696 617 1824 655 vero
1855 601 1923 655 ad
1968 614 2169 670 corpus

603 713 823 767 quoque
851 713 999 751 mors
1028 699 1302 767 pervenit,
1334 696 1567 765 expletis
1594 695 1860 751 trahendo
1880 694 2168 748 mortalem

601 788 766 840 vitam
791 788 948 842 annis
976 788 1196 859 triginta
1250 803 1417 856 supra
1458 794 1795 854 nongentos:
1821 784 1901 840 sic
1928 794 1984 839 et
2024 798 2171 839 nunc

600 892 701 944 per
729 892 948 931 crucem
999 887 1055 931 et
1105 887 1335 931 mortem
1377 877 1674 931 Salvatoris
1718 876 1957 929 humano
1984 874 2171 946 generi

604 967 989 1020 reconciliatus
1020 966 1180 1027 Deus,
1225 968 1465 1021 restituit
1512 981 1640 1020 vere
1690 967 2007 1021 credentem
2050 965 2172 1019 ani-

603 1072 744 1108 mam
801 1057 981 1110 adhuc
1024 1057 1175 1111 carni
1212 1057 1522 1111 devinctam
1568 1058 1621 1111 in
1665 1058 1984 1111 fruitionem
2016 1057 2175 1126 spiri-

606 1147 833 1199 tualium
861 1147 1129 1200 luminum
1166 1158 1222 1202 et
1251 1150 1661 1219 mysteriorum,
1686 1156 1742 1201 ct
1778 1148 2175 1203 intellectuales

601 1241 721 1305 ejus
772 1253 969 1292 sensus
1013 1238 1197 1292 divina
1266 1240 1386 1293 luce
1434 1239 1624 1308 gratiae
1656 1240 1909 1294 oculatus
1958 1238 2173 1305 reddit;

603 1331 841 1399 denique
895 1330 1072 1398 ipsum
1126 1331 1291 1384 etiam
1336 1346 1538 1401 corpus
1573 1332 1867 1385 immortali
1905 1340 1961 1386 et
1994 1332 2178 1387 incor-

606 1419 854 1487 ruptibili
881 1420 1293 1475 circumvestiet
1324 1420 1600 1474 claritate.

677 1508 890 1563 XXVII.
923 1508 1027 1574 Qui
1056 1524 1113 1563 se
1143 1508 1210 1562 ab
1238 1510 1343 1563 hoc
1368 1509 1571 1563 mundo
1596 1510 1785 1577 procul
1814 1517 2022 1573 tenent,
2056 1524 2181 1563 san-

606 1608 695 1654 cte
744 1610 800 1653 et
860 1615 928 1655 ex
975 1600 1244 1653 virtutum
1297 1599 1636 1669 praescriptis
1664 1598 1956 1666 viventes;
2001 1600 2181 1654 adhuc

610 1699 790 1744 tamen
842 1691 1158 1743 velamento
1190 1689 1672 1758 perturbationum
1702 1689 2046 1755 inumbrati;
2092 1689 2179 1743 cui

610 1779 867 1842 miseriae,
902 1788 1129 1847 propter
1147 1779 1579 1833 inobedientiam
1612 1780 1934 1849 prot0plasti
1959 1780 2181 1833 obnoxii
2214 1768 2255 1823 Β

608 1888 801 1927 omnes
847 1887 1071 1934 sumus,
1133 1870 1357 1935 carnali,
1400 1870 1643 1940 inquam,
1700 1871 1936 1937 subjecti
1970 1870 2179 1936 sensui,

609 1981 772 2035 quem
797 1964 1092 2034 Apostolus
1134 1974 1356 2017 mortem
1398 1964 1595 2018 merito
1647 1963 1980 2032 appellat”;
2013 1963 2070 2017 hi
2111 1963 2185 2017 si-

544 2124 552 2129 _
610 2055 771 2115 miles
818 2063 947 2109 sunt
1004 2054 1325 2109 hominibus
1376 2062 1543 2107 noctu
1605 2052 1707 2107 iter
1750 2052 2061 2121 agentibus,
2113 2051 2184 2105 ad

610 2152 788 2206 lucem
821 2162 1119 2214 astrorum,
1163 2166 1286 2219 quae
1326 2160 1455 2204 sunt
1484 2149 1579 2203 Dei
1610 2156 1901 2217 praecepta.
1929 2147 2183 2213 Quandiu

611 2244 757 2297 enirn
809 2244 1050 2297 nondum
1113 2243 1356 2312 perfecte
1418 2241 1635 2295 liberati
1669 2240 1976 2295 atenebris
2034 2249 2183 2305 sunt,

614 2336 763 2389 clare
784 2335 966 2388 omnia
998 2334 1312 2403 perspicere
1339 2348 1449 2386 non
1476 2342 1723 2399 possunt.
1745 2331 1958 2397 Quibus
1978 2341 2037 2387 et
2058 2348 2188 2387 con-

613 2431 784 2488 venit.
827 2431 1015 2484 labore
1076 2446 1141 2484 ac
1187 2429 1314 2494 ﬁde,
1365 2428 1556 2482 virtuti
1619 2428 1977 2494 attendendo,
2030 2443 2187 2484 orare

614 2520 894 2574 Christum
930 2520 1093 2589 219
1127 2521 1297 2574 solem
1332 2520 1576 2590 iustitiae.
1618 2527 1679 2573 ut
1722 2520 1997 2574 illuminet
2020 2519 2188 2574 corda

617 2609 899 2678 ipsorum,
948 2626 1059 2679 quo
1121 2609 1333 2679 possint
1388 2618 1578 2663 exacte
1618 2609 1905 2678 pervidere
1967 2619 2188 2672 cuncta.

616 2710 674 2754 et
726 2701 1098 2769 Spiritualium
1126 2700 1428 2756 bestiarum
1454 2700 1731 2754 incursum
1764 2699 1819 2753 in
1847 2714 1948 2754 nos
1974 2700 2187 2754 varium

616 2799 785 2861 atque
832 2790 1234 2860 multiplicem;
1269 2799 1325 2844 et
1360 2789 1801 2859 incorruptibilis
1850 2790 2041 2845 mundi
2072 2792 2193 2861 pul-

614 2852 961 2936 ebrit‘udines
992 2896 1222 2936 arcanas
1257 2881 1553 2936 iueﬂ‘abilis
1592 2890 1648 2936 et
1697 2882 1918 2937 decoris
1945 2890 2002 2937 et
2030 2852 2192 2938 volu-

618 2973 801 3041 ptatis,
835 2988 945 3041 quo
990 2973 1198 3027 scilicet
1216 2972 1380 3026 modo
1405 2972 1564 3028 valde
1582 2974 1858 3043 provectis
1881 2973 1938 3028 in
1962 2974 2191 3037 virtute,

617 3070 675 3116 et
718 3078 951 3131 quorum
1002 3063 1261 3117 cordibus
1316 3064 1501 3117 lumen
1572 3063 1947 3120 intellectuale
2004 3067 2187 3121 radios
2219 3102 2262 3162 ο

617 3154 865 3217 immisit,
890 3154 1019 3208 talia
1071 3154 1252 3208 omnia
1305 3155 1593 3209 manifesta
1643 3164 1697 3210 et
1731 3156 1892 3224 plane
1949 3157 2192 3225 perfecta

618 3254 767 3299 sunt.
814 3243 1182 3313 Pertectorum
1221 3243 1368 3297 enim
1414 3252 1511 3309 est,
1540 3252 1600 3297 ut
1641 3244 1833 3298 beatus
1863 3245 1939 3298 ait
1966 3245 2190 3313 Paulus,

618 3333 818 3388 solidus
845 3334 1009 3395 cibus,
1030 3349 1209 3386 eorum
1230 3348 1433 3403 nempe,
1463 3335 1552 3403 qui
1582 3334 1726 3386 bonis
1749 3333 2005 3387 habilibus
2040 3350 2192 3387 exer-

618 3429 803 3480 citatos
834 3425 1023 3478 habent
1043 3440 1249 3489 sensus,
1277 3424 1346 3477 ad
1366 3425 1731 3478 discretionem
1758 3424 1879 3476 boni
1895 3433 1943 3477 et
1966 3424 2097 3478 mali
2123 3424 2189 3478 τι.

622 3514 730 3571 Sed
764 3524 818 3570 et
844 3515 1064 3569 divinus
1089 3515 1284 3570 Petrus
1311 3515 1389 3570 ait
1415 3532 1428 3569 :
1450 3515 1518 3569 Et
1541 3530 1629 3569 vos
1649 3516 1895 3569 habentes
1922 3517 2193 3587 propheti-

620 3625 739 3662 cum
770 3624 1086 3673 sermonem,
1118 3609 1203 3661 cui
1227 3607 1531 3678 benefacitio
1581 3608 1931 3672 attendentes,
1960 3609 2091 3661 sicut
2115 3607 2196 3661 lu-

622 3714 794 3752 cernae
837 3697 1029 3750 lucenti
1055 3698 1109 3750 in
1138 3698 1424 3767 ratiginoso
1454 3695 1587 3762 loco,
1627 3697 1786 3749 donec
1816 3698 1922 3750 die:
1942 3696 2195 3751 elucescat

621 3799 672 3842 et
701 3789 884 3858 lucifer
908 3790 1116 3842 oriatur
1134 3789 1190 3841 in
1210 3788 1447 3842 cordibus
1477 3789 1661 3842 uestris
1675 3788 1745 3840 ⁷⁸.
1770 3787 1977 3857 Vulgus
2009 3798 2194 3841 autem

622 3876 759 3930 nihil
804 3877 961 3945 plane
992 3874 1179 3929 dillert
1205 3874 1275 3928 ab
1322 3875 1456 3941 illis,
1503 3876 1598 3944 qui
1636 3890 1733 3944 per
1774 3883 2011 3937 noctem,
2044 3874 2195 3929 omni

623 3976 898 4022 carentem
962 3967 1194 4032 lumine,
1225 3966 1544 4031 ambulant,
1605 3981 1706 4021 nec
1751 3966 1978 4020 minimo
2009 3966 2193 4035 splen-

623 4058 761 4113 dore
808 4058 1108 4123 fruuntur;
1163 4058 1218 4113 id
1259 4058 1406 4128 quod
1433 4066 1520 4114 est
1559 4057 1799 4112 Verbum
1827 4057 1946 4122 Dei,
1987 4058 2196 4115 animas

621 4164 812 4204 eorum
867 4147 1183 4203 illuminare
1215 4149 1442 4213 valens;
1486 4156 1545 4202 ut
1592 4148 1712 4202 fere
1766 4162 1875 4201 non
1901 4147 2197 4203 dissimiles

623 4237 783 4292 caecis
808 4238 940 4293 sint.
972 4238 1295 4308 Huiusmodi
1345 4239 1597 4294 homines
1649 4250 1779 4294 sunt
1818 4239 2196 4294 materialihus

624 4328 889 4398 implicati
933 4329 1102 4393 curis,
1132 4337 1188 4383 et
1215 4329 1559 4384 saecularium
1586 4330 1822 4384 nexibus
1850 4330 2196 4400 negotiorum

2269 515 2441 585 αὐτῷ,
2471 517 2566 569 καὶ
2598 517 2809 585 νεκρῶν
2838 516 3025 589 ὥσπερ
3060 517 3445 587 γεγενημένων
3468 534 3485 548 ·
3537 516 3777 585 ὕστερον
3809 519 3863 571 ἃ

2269 604 2362 656 καὶ
2407 605 2437 656 ὁ
2472 604 2567 657 τοῦ
2610 604 2864 674 σώματος
2900 604 3127 667 Θάνατος
3169 604 3310 675 μετά
3337 620 3401 672 γε
3427 603 3740 673 τριάκοντα
3772 603 3861 672 ἔτη

2271 696 2405 764 πρὸς
2456 698 2567 760 τοῖς
2631 696 2994 760 ὲννεακοσίόις
3054 697 3343 764 ἐπεγένετο
3370 711 3388 728 ⁸
3436 694 3588 748 οὕτω
3638 694 3741 746 νῦν
3782 695 3863 747 διὰ

2273 787 2506 856 σταυροῦ
2537 788 2630 840 καὶ
2656 788 2889 842 θανάτου
2928 787 3021 841 τοῦ
3071 789 3320 857 Σωτῆρος
3360 790 3428 858 τῇ
3471 786 3863 855 avocent-ﬁre:

2272 881 2636 949 καταλλαγεὶς
2668 883 2696 934 ὁ
2726 881 2879 943 Θεὸς,
2911 881 3318 949 ἀποκαθίστησι
3355 880 3455 950 τὴν
3480 879 3863 931 πιστεύσασα-ε

2272 973 2329 1026 ὲν
2378 972 2608 1043 ἀληθείᾳ
2639 972 2817 1043 ψυχὴν
2849 973 2930 1025 ἔτι
2976 974 3034 1025 ὲν
3080 974 3245 1042 σαρκὶ
3293 969 3459 1026 οὖσαν
3496 973 3583 1034 εἰς
3620 970 3733 1039 τὴν
3763 970 3863 1021 τᾶν

2272 1064 2540 1134 οὐρανίων
2581 1062 2775 1131 φώτων
2819 1068 2911 1117 καὶ
2942 1066 3257 1135 μυστηρίων
3297 1066 3634 1127 ἀπόλαυσιν,
3670 1064 3776 1115 καὶ
3806 1064 3867 1116 τὰ

2274 1157 2437 1228 νοερὰ
2487 1159 2657 1228 αὐτῆς
2698 1159 3030 1230 αἰσθητήρια
3068 1160 3147 1230 τῷ
3187 1160 3318 1231 θείῳ
3370 1160 3541 1213 πάλιν
3577 1157 3737 1227 φωτὶ
3777 1159 3866 1225 τῆς

2275 1249 2496 1319 χάριτος
2519 1251 2790 1319 ὀμματοῖο
2828 1249 3055 1322 ὕστερον
3099 1251 3157 1305 δὲ
3189 1251 3284 1304 καὶ
3327 1251 3476 1319 αύτῷ
3518 1250 3603 1320 τῷ
3654 1247 3868 1318 σώματι

2275 1341 2543 1396 ἀθάνατόν
2576 1359 2633 1395 τε
2655 1344 2750 1396 καὶ
2784 1342 3061 1415 ἄφθαρτον
3088 1342 3371 1413 περιϐαλεῖ
3391 1341 3580 1405 δόξαν.

2352 1519 2480 1573 KZ'.
2512 1517 2575 1571 Οἱ
2603 1516 2696 1570 τοῦ
2739 1516 2947 1587 κόσμου
2968 1515 3121 1569 τοῦδε
3174 1514 3387 1586 μακρὰν
3410 1511 3737 1586 γενόμενος,
3788 1516 3875 1566 καὶ

2282 1607 2497 1675 σεμνῶς
2540 1606 2638 1676 μὲν
2664 1605 2760 1657 καὶ
2791 1602 3098 1673 φιλαρέτως
3146 1602 3557 1671 πολιτευόμενοι
3590 1618 3607 1632 ο
3675 1601 3768 1653 ἔτι
3825 1600 3875 1654 ἃ

2281 1692 2600 1764 καλύμματι
2634 1693 2743 1746 τῶν
2768 1693 2956 1746 παθῶν
2990 1692 3357 1761 ὑποκείμενοι,
3388 1692 3466 1755 ὼς
3489 1690 3587 1745 διὰ
3630 1691 3748 1758 τῆς
3786 1689 3876 1743 τοῦ

2284 1783 2706 1853 πρωτοπλάστου
2736 1782 3022 1853 παρακοῆς
3057 1781 3230 1851 ἔνοχοι
3256 1782 3610 1851 κατέστημεν
3640 1781 3875 1844 πάντες,

2281 1876 2341 1927 τὸ
2388 1873 2651 1943 σαρκικόν
2696 1889 2839 1942 φημι
2887 1871 3168 1941 φρόνημα,
3220 1871 3250 1923 ὃ
3287 1871 3380 1924 καὶ
3429 1870 3512 1940 τῷ
3555 1870 3879 1940 ’Δτεοστῦῳ

2283 1965 2537 2030 θάνατος
2574 1964 2789 2026 οἰκείως
2834 1962 3035 2035 ἐκλήθη
3064 1979 3079 1992 ·
3115 1956 3263 2015 οὗτοι
3307 1962 3704 2034 παραπλήσιοί
3750 1965 3879 2015 sitm

2283 2056 2591 2126 ἀνθρώποις
2650 2054 2846 2118 νυκτὸς
2905 2055 3004 2124 μὲν
3067 2053 3403 2124 βαδίζουσιν,
3486 2054 3603 2108 ὑπὸ
3662 2054 3731 2107 δὲ
3781 2054 3879 2105 οὖν

2283 2148 2521 2217 ἄστρων,
2552 2147 2696 2216 ἀπερ
2722 2146 2861 2198 εἰσὶν
2889 2146 2944 2198 αἱ
2975 2144 3070 2197 τοῦ
3098 2143 3235 2197 Θεοῦ
3260 2144 3490 2209 ἐντολαὶ,
3516 2145 3879 2211 καταυγιζο-

2288 2238 2489 2307 μένοις.
2536 2236 2701 2289 υΰπω
2735 2236 2844 2306 γὰρ
2892 2236 2973 2299 είς
3016 2235 3171 2299 τέλος
3212 2234 3309 2288 τοῦ
3354 2236 3590 2298 σκότους
3638 2235 3865 2289 ﬁnali:

2284 2331 2448 2397 γεῖσι,
2480 2328 2665 2392 καλῶς
2694 2329 2913 2383 ἅπαντα
2954 2328 3314 2383 κατοπτεύειν
3358 2328 3549 2391 αὐτοῖς
3589 2326 3879 2382 ἀδύνατον.

2287 2417 2380 2486 Οἷς
2406 2422 2499 2476 καὶ
2531 2423 2809 2493 προσῆκόν
2851 2423 2990 2487 ἐστι,
3034 2421 3184 2493 πόνῳ
3216 2421 3310 2475 καὶ
3349 2421 3532 2473 πίστει
3568 2419 3756 2489 πολλῇ
3791 2419 3882 2487 τῆς

2286 2515 2488 2585 ἀρετῆς
2520 2514 2979 2584 ἐπιμελουμένοις
3025 2513 3285 2584 δεηθῆναι
3316 2511 3557 2583 Χριστὸν
3597 2510 3701 2565 τὸν
3736 2510 3883 2579 ῆλεον

2286 2604 2631 2676 δικαιοσύνης
2676 2603 2981 2675 ἐπιλάμψαι
3016 2606 3137 2667 ταῖς
3177 2603 3428 2673 καρδίαις
3473 2602 3687 2667 αὐτῶν,
3746 2602 3882 2655 ὥστε

2290 2694 2592 2767 δυνηθῆναι
2615 2695 2793 2749 πάντα
2823 2696 2960 2765 πρὸς
2987 2694 3273 2766 ἀκρίϐειαν
3296 2695 3520 2760 ἐπιδεῖν,
3551 2695 3661 2764 τὴν
3690 2710 3756 2747 τε
3782 2693 3884 2746 τῶν

2290 2786 2495 2859 νοητῶν
2546 2787 2754 2859 θηρίων
2803 2787 2926 2841 καθ’
2982 2786 3140 2858 ἡμῶν
3186 2785 3429 2839 ἐπίθεσιν
3461 2786 3739 2853 ποικίλην
3795 2792 3883 2839 καὶ

2290 2880 2640 2952 παντοδαπὴν
2658 2879 2848 2947 οὖσαν,
2872 2879 2968 2934 καὶ
2994 2878 3064 2933 τὰ
3094 2878 3190 2932 τοῦ
3216 2878 3498 2947 ἀφθάρτου
3540 2877 3763 2947 κόσμου
3796 2880 3883 2948 ερ-

2294 2972 2433 3039 ρητα
2478 2969 2577 3040 τὴν
2611 2968 2773 3039 ὄψιν,
2826 2968 2924 3024 καὶ
2970 2970 3072 3040 τὴν
3115 2968 3307 3039 ἡδονὴν
3358 2967 3659 3038 ἀπόρρητα
3690 2967 3881 3035 κάλλη,

2293 3063 2352 3116 ὃν
2384 3078 2449 3132 γε
2475 3063 2540 3134 δὴ
2567 3062 2770 3133 τρόπον
2812 3061 3037 3125 καὶτοῖς
3062 3061 3257 3132 ἄκροις
3285 3061 3384 3131 τὴν
3411 3061 3649 3131 ἀρετὴν,
3686 3062 3788 3113 καὶ
3816 3052 3883 3114 ὧν

2295 3153 2555 3225 ἐνεργοῦν
2580 3154 2639 3206 ἐν
2677 3155 2798 3216 ταῖς
2827 3152 3077 3225 καρδίαις
3099 3152 3285 3223 νοερὸν
3310 3152 3427 3220 φῶς
3454 3150 3737 3222 ἔλαμψεν,
3766 3151 3883 3203 ἐπί-

2295 3245 2430 3315 δηλα
2459 3244 2635 3300 ταῦτα
2680 3246 2776 3299 καὶ
2819 3244 3104 3313 καταφανῆ
3152 3244 3358 3312 γίνεται
3390 3257 3405 3275 ο
3463 3244 3727 3298 Τελείων
3759 3243 3883 3311 γὰρ,

2300 3337 2377 3400 ὡς
2398 3337 2428 3391 ό
2467 3336 2735 3407 μακάριός
2769 3352 2904 3406 φησι
2932 3332 3165 3401 Παῦλος,
3195 3333 3235 3402 ἠ
3262 3332 3481 3401 στερεὰ
3508 3333 3736 3401 τροφὴ,
3770 3332 3884 3384 τῶν

2295 3428 2393 3483 διὰ
2421 3428 2536 3495 τὴν
2557 3426 2688 3491 ἕξιν
2713 3426 2787 3480 τὰ
2812 3422 3168 3492 αἰσθητήρια
3196 3421 3720 3492 γεγυμνασμένων
3740 3422 3875 3487 πρὸ(

2294 3521 2412 3588 τὴν
2460 3518 2569 3575 τοῦ
2610 3517 2802 3573 καλοῦ
2846 3516 2946 3570 καὶ
2993 3514 3184 3570 κακοῦ
3225 3512 3532 3581 διάκρισιν
3554 3529 3572 3543 ο
3623 3512 3767 3565 ἀλλά
3799 3516 3880 3563 καὶ

2295 3614 2494 3674 δηθεϊος
2520 3610 2727 3682 Πέτρος
2752 3609 2916 3680 φησίν
2941 3624 2956 3640 ο
2988 3606 3097 3662 Καὶ
3122 3604 3292 3674 ὑμεῖς
3321 3606 3578 3673 ἔχοντες
3606 3604 3727 3655 τὸν
3751 3616 3884 3669 1pc-

2296 3703 2552 3773 φητικὸν
2589 3702 2794 3770 λόγον,
2837 3692 2885 3768 ᾧ
2932 3696 3135 3763 καλῶς
3185 3694 3403 3749 ποιεῖτε
3446 3692 3881 3762 προσέχοντες,

2296 3800 2377 3864 ὡς
2410 3797 2618 3865 λύχνῳ
2646 3795 2923 3865 φαίνοντι
2951 3790 3022 3845 ἐν
3065 3788 3351 3859 αὐχμηρῷ
3398 3790 3586 3850 τόπῳ,
3648 3785 3765 3851 ἕως
3815 3778 3880 3836 οὗ

2296 3889 2486 3959 ἡμέρα
2518 3886 2816 3957 διαυγάσῃ
2842 3884 2937 3939 καὶ
2968 3883 3287 3953 φωσφόρος
3307 3880 3600 3945 ἀνατείλῃ
3644 3879 3718 3931 ἐν
3761 3876 3883 3940 ταῖς

2298 3981 2569 4049 καρδίαις
2616 3977 2804 4048 ὑμῶν.
2850 3977 2915 4031 Οἱ
2953 3975 3007 4030 δὲ
3057 3973 3263 4038 πολλοὶ,
3309 3970 3464 4024 οὐδὲν
3508 3968 3884 4039 διενηνόχασιν

2297 4073 2523 4127 ἐκείνων
2575 4071 2684 4125 τῶν
2722 4072 2781 4123 ὲν
2822 4068 2979 4124 νυκτὶ
3027 4066 3205 4136 φωτὸς
3251 4062 3604 4118 παντάπασιν
3660 4061 3877 4130 ἀπόρων

2297 4162 2762 4236 περιπατούντων,
2786 4162 2882 4215 καὶ
2919 4160 3052 4231 μηδὲ
3086 4158 3343 4230 βραχείας
3373 4154 3769 4236 ἀπολαυόντων
3796 4152 3882 4204 αὑ-

2300 4234 2427 4324 ﬁt.
2462 4255 2600 4326 ὅπερ
2637 4252 2753 4306 ἐστὶ
2785 4251 2929 4313 θεῖος
2957 4250 3117 4317 λόγος
3158 4249 3278 4311 ταῖς
3309 4246 3512 4316 ψυχαῖς
3559 4234 3747 4296 dirqu
3778 4244 3883 4294 ἑπι-

2302 4348 2546 4418 λάμπειν
2592 4345 2912 4415 δυνάμενος,
2951 4341 3028 4403 ὡς
3070 4337 3255 4409 σχεδὸν
3304 4335 3379 4406 μὴ
3416 4334 3716 4402 ἀνομοίους
3750 4327 3879 4384 εἶναι

623 4416 818 4481 vincti,
852 4426 909 4471 et
962 4432 1143 4486 neque
1186 4416 1372 4472 divino
1407 4418 1603 4471 timore
1645 4416 1868 4476 ﬁrmati.
1895 4433 1996 4471 nec
2026 4418 2192 4473 ullum

2303 4416 2547 4506 τυιρλοῖς.
2576 4428 2737 4489 Οὗτοί
2774 4436 2881 4486 εἱσι
2910 4431 2960 4484 οἱ
2981 4430 3103 4492 ταῖς
3136 4427 3348 4488 ὑλικαϊς
3376 4424 3437 4478 τὸ
3472 4424 3596 4497 ὅλον
3621 4422 3880 4493 περιπλο-

625 4518 885 4565 curantes
915 4526 1180 4565 exercere
1218 4510 1598 4565 beneficentia:
1631 4520 1727 4565 aut
1758 4510 1982 4565 virtutis
2013 4513 2199 4583 cujus-

614 4601 749 4653 'dam
775 4614 936 4668 opus.
971 4599 1189 4654 Etenim
1248 4606 1518 4669 quotquot
1562 4600 1878 4654 smcularcm
1924 4610 2201 4671 utcunque

631 4691 894 4761 degentes
918 4690 1107 4755 vitam,
1134 4700 1338 4754 tamen,
1369 4690 1447 4743 uti
1483 4688 1691 4743 dictum
1737 4698 1843 4744 est.
1873 4705 1903 4743 a
1931 4690 2203 4746 mandatis

627 4784 854 4849 sanctis,
921 4784 1133 4839 veluta
1190 4783 1519 4853 quibusdam
1569 4783 1953 4838 illuminantur
2003 4786 2198 4851 stellis,

624 4877 751 4932 ﬁdei
783 4887 839 4932 et
870 4878 963 4932 Dei
1003 4877 1186 4931 timori
1241 4876 1625 4943 attendentes;
1655 4876 1711 4930 lii
1748 4892 1877 4931 sane
1908 4893 2015 4932 non
2038 4894 2200 4948 pror-

623 4983 719 5023 sus
747 4968 1134 5038 comprehensi
1186 4976 1316 5022 sunt
1354 4966 1618 5033 tenebris,
1667 4966 1811 5021 unde
1836 4975 1893 5023 et
1926 4982 2079 5036 spem
2112 4982 2197 5023 sa-

622 5057 754 5113 lutis
784 5058 988 5113 habere
1024 5066 1277 5128 possunt.

694 5262 934 5318 XXVIII.
973 5263 1041 5319 Ut
1073 5264 1306 5318 multum
1355 5263 1500 5319 inter
1537 5279 1595 5319 se
1647 5262 1967 5319 differentes
1998 5264 2097 5321 vize
2131 5279 2195 5321 ac

624 5356 872 5411 rationes
895 5362 1044 5416 sunt,
1076 5356 1279 5424 quibus
1305 5355 1375 5409 ab
1407 5355 1727 5410 hominibus
1752 5355 2087 5425 colliguntur
2115 5356 2198 5410 di-

622 5447 807 5510 vitiae;
835 5444 1026 5513 utique
1065 5458 1188 5498 cum
1218 5444 1309 5498 alii
1339 5460 1405 5498 ex
1444 5443 1825 5500 functionibus
1848 5445 2195 5515 publicorum

622 5537 1060 5607 magistratuum;
1086 5536 1177 5590 alii
1200 5552 1264 5590 ex
1290 5535 1771 5590 mercimoniorum
1802 5534 2197 5605 negotiatione,

692 5708 739 5739 ⁴¹³
763 5705 915 5765 Rom,
953 5725 1049 5775 vu,
1071 5710 1162 5767 24.
1238 5711 1283 5749 "'
1304 5709 1468 5765 llebr.
1489 5728 1541 5777 ν,
1572 5711 1655 5766 li.
1755 5712 1798 5745 ⁷⁸
1828 5710 1871 5765 ll
1901 5710 2044 5768 l‘etr.
2084 5727 2122 5780 I,
2151 5710 2235 5765 l9.

2301 4532 2424 4592 καῖς
2462 4526 2560 4581 καὶ
2588 4528 2700 4588 τοῖς
2743 4524 3015 4595 βιωτικοῖς
3048 4520 3266 4589 ἀμμασι
3306 4515 3752 4584 καταδεδεμένοι,
3795 4514 3877 4563 καὶ

2304 4623 2440 4692 μήτε
2492 4619 2621 4689 θείῳ
2671 4616 2821 4686 φόϐῳ
2868 4608 3342 4680 διακρατούμενοι,
3397 4609 3539 4676 μήτε
3581 4605 3739 4668 τινας
3779 4603 3877 4655 τῶν

2298 4708 2673 4780 ἀγαθοεργιῶν
2702 4704 3113 4777 μετερχόμενοι.
3142 4702 3251 4754 Καὶ
3281 4698 3391 4769 γὰρ
3426 4698 3546 4749 ὅσοι
3576 4696 3694 4747 τῶν
3717 4695 3877 4763 ptum-

2299 4802 2413 4857 κῶν
2439 4800 2668 4872 ἀνδρῶν,
2710 4797 2901 4866 ὥσπερ
2947 4794 3222 4856 λέλεκται,
3268 4790 3375 4843 ὑπὸ
3413 4787 3654 4842 ἐντολῶν
3696 4786 3873 4853 ἀγίων,

2298 4894 2373 4957 ὼς
2397 4891 2502 4946 ὑπὸ
2522 4884 2738 4959 ἄστρων
2760 4887 2921 4942 τινῶν
2954 4883 3359 4954 διαυγάξονται,
3393 4881 3577 4935 πίστει
3603 4880 3703 4932 καὶ
3738 4878 3874 4946 τόξῳ

2302 4985 2381 5055 τῷ
2417 4983 2510 5037 τοῦ
2553 4981 2687 5035 Θεοῦ
2724 4980 3081 5050 προσέχοντες
3110 4992 3125 5008 ·
3155 4970 3304 5029 οὗτοι
3361 4973 3483 5044 οὐχὶ
3531 4968 3875 5035 καθάπαξ

2304 5078 2488 5132 σκότει
2536 5073 3035 5146 περιλαμϐάνονται
3060 5085 3076 5102 °
3117 5069 3252 5140 παρ’
3284 5066 3314 5121 δ
3351 5066 3448 5119 καὶ
3483 5064 3682 5118 ἐλπίδα
3722 5077 3875 5129 σωτη-

2299 5170 2421 5240 ρίας
2445 5168 2591 5238 ἔχειν
2621 5165 2899 5219 δύνανται.

2366 5260 2501 5314 κη’.
2536 5256 2743 5326 Ὥσπερ
2771 5257 2835 5308 ὲκ
2866 5253 3135 5323 διαφόρων
3167 5247 3433 5320 ἀφορμῶν
3460 5263 3521 5299 τε
3566 5244 3665 5299 καὶ
3702 5246 3872 5309 ἐπιτη-

2297 5350 2586 5421 δευμάτων
2612 5349 2641 5402 ὁ
2669 5349 2726 5400 ἐν
2757 5346 2835 5417 τῷ
2864 5344 3057 5415 κόσμῳ
3086 5343 3199 5404 τοῖς
3224 5338 3541 5409 ἀνθρώποις
3571 5336 3870 5402 συλλέγεται

2301 5442 2534 5505 πλοῦτος
2562 5457 2577 5473 °
2610 5441 2638 5494 ὁ
2668 5440 2771 5511 μὲν
2804 5437 2864 5502 ἐξ
2894 5432 3230 5509 ἁρχοντικῶν
3280 5432 3637 5501 ἀξιωμάτων,
3679 5429 3709 5481 6
3752 5422 3869 5489 est:

2301 5534 2597 5607 ἐμπορίας,
2626 5534 2655 5586 ὁ
2689 5532 2745 5586 δὲ
2777 5533 2840 5585 ὲκ
2884 5525 3207 5600 φιλοπονίας
3230 5524 3432 5596 δήπου,
3465 5523 3563 5576 καὶ
3594 5515 3866 5591 γεωργίιςε
