4044 6576
241 344 348 411 961

1420 348 1516 407 DE
1557 349 1983 417 LIBERTATE
2024 339 2330 421 MENTIS.

3316 355 3502 418 ’962

237 459 341 511 καὶ
368 453 527 519 ἄλλος
556 453 730 518 άλλως
751 471 763 485 ο
799 455 898 525 τὴν
929 455 1099 527 αὑτὴν
1129 456 1242 510 οἴου
1269 473 1359 528 μοι
1391 460 1485 512 καὶ⁹
1515 463 1627 524 τοῖς
1654 478 1809 514 πνευ-

1923 465 2015 519 alii
2047 481 2113 520 ex
2152 464 2400 536 diligenti
2431 463 2621 518 labore
2649 471 2704 517 et
2737 462 3068 534 agricultura
3103 479 3214 517 rem
3257 463 3499 526 faciant;

239 552 495 620 ματικοῖς
544 543 684 602 εἴναι
727 548 990 616 διάταξιν.
1026 551 1089 602 Οί
1143 550 1242 619 μὲν
1288 551 1397 622 γὰρ
1429 553 1496 606 ἐκ
1543 553 1813 625 διαφόρων

234 642 618 713 χαρισμάτων,
653 640 730 704 ὡς
755 641 815 693 τὸ
844 638 938 694 τοῦ
978 641 1300 694 Ἀποστόλου
1324 643 1505 713 δηλοῖ·
1539 645 1820 713 Ἔχοντες

232 733 311 788 δὲ
349 734 687 802 χαρίσματα
713 732 863 786 κατὰ
891 732 1006 798 τὴν
1041 732 1221 801 χάριν
1254 733 1361 786 τοῦ
1395 734 1543 788 Θεοῦ
1575 734 1692 800 τὴν
1718 735 1818 789 δο-

234 825 455 881 θεῖσαν
478 825 625 894 ἡμῖν
653 824 925 894 διάφορα.
959 825 1020 878 Οἱ
1043 825 1099 878 δὲ
1121 827 1184 878 ὲκ
1206 825 1480 897 διαφόρων
1509 843 1568 880 τε
1598 827 1820 880 δικαιω-

237 915 430 984 μάτων
472 915 564 968 ml.
594 914 806 984 ἀρετῶν
837 914 924 967 διὰ
955 914 1116 984 μόνον
1178 915 1311 968 Θεὸν
1349 916 1676 986 γενομένων,
1727 919 1820 971 τὸν

232 1008 562 1078 ἐπουράνιον
610 1007 926 1077 ἀθροίζουσι
1004 1007 1265 1061 πλοῦτονο
1330 1009 1471 1081 πλὴν
1545 1009 1660 1062 ἀλλ’
1717 1012 1818 1064 οὑκ

231 1100 425 1168 ἄδηλοι
467 1100 562 1153 καὶ
599 1100 650 1152 οἱ
695 1100 787 1153 τὸν
822 1099 1024 1168 χρυσὸν
1053 1099 1437 1171 ἀνορύττοντες
1462 1117 1473 1131 ·
1503 1103 1552 1154 οἱ
1581 1101 1670 1156 διὰ
1709 1119 1819 1172 μα·-

236 1191 548 1261 κροθυμίας
573 1190 667 1244 καὶ
695 1191 972 1260 ὑπομονῆς
1000 1191 1198 1262 δηλαδὴ
1225 1193 1528 1265 τρέχοντες,
1556 1194 1651 1248 καὶ
1679 1195 1820 1247 κατά

239 1281 412 1351 μέρος
442 1279 708 1334 πλουτοῦν
739 1279 878 1344 τέως
903 1284 1001 1351 τῆς
1027 1281 1239 1350 ἀγαθῆς
1273 1282 1486 1345 ἐλπίδος
1517 1283 1821 1354 ὑπερηδού.

232 1385 370 1440 σης”
400 1371 501 1423 οὑκ
523 1369 708 1439 ἄδηλοι
735 1369 792 1422 δὲ
824 1370 919 1423 καὶ
945 1372 992 1424 οἱ
1023 1370 1334 1440 καθαπερεὶ⁸
1363 1371 1589 1442 μίσθιοι,
1621 1372 1819 1442 βλάκες

230 1462 392 1526 ὄντες
437 1464 532 1516 καὶ
564 1462 819 1533 νωχελεῖς
840 1479 854 1494 ο
895 1464 946 1516 οἱ
985 1462 1189 1527 εὐθέως
1225 1463 1285 1516 τὸ
1318 1464 1594 1534 ἐμπίπτον
1628 1464 1819 1536 ὥσπερ

226 1553 529 1620 ἐσθίοντες,
581 1555 676 1608 καὶ
720 1555 794 1624 μὴ
853 1554 973 1623 μεθ’
1017 1554 1300 1626 ὑπομονῆς
1347 1555 1414 1610 τά
1449 1557 1590 1626 μετά
1630 1559 1820 1628 χεῖρας

225 1644 506 1709 ἀνύοντες,
544 1645 631 1698 ἀεὶ
662 1646 856 1715 γυμνοί
903 1664 962 1699 τε
1008 1648 1105 1701 καὶ
1149 1647 1379 1717 πένητες
1415 1649 1816 1719 περιέρχονται.

222 1736 348 1791 Καὶ
381 1736 492 1806 γὰρ
534 1731 678 1791 οὗτοι
732 1737 865 1807 πρὸς
907 1738 1006 1807 μὲν
1046 1739 1106 1791 τὸ
1147 1739 1334 1792 λαϐεῖν
1358 1739 1456 1810 τὴν
1488 1741 1644 1810 χάριν
1678 1741 1820 1793 ἑτοί-

1927 556 2018 610 alii
2051 555 2308 611 aliunde:
2341 570 2529 626 parem
2566 554 2701 609 mihi
2741 563 2794 609 tu
2815 569 3031 624 quoque
3053 563 3183 625 puta
3212 555 3499 611 observari

1926 658 2082 712 posse
2110 643 2167 698 in
2202 644 2369 698 rebus
2398 642 2779 714 spiritualibus
2825 642 3096 696 rationem
3140 650 3196 696 et
3248 642 3497 698 modum.

1924 734 2003 788 Ex
2031 735 2117 788 his
2148 734 2316 804 aliqui
2348 734 2758 804 locupletantur
2785 748 2884 787 usu
2924 731 3298 802 exercitioque
3322 733 3505 787 chari-

1923 834 2158 881 smatum
2215 825 2517 888 variorum,
2567 831 2628 878 ut
2672 823 2942 894 significat
2977 824 3273 894 Apostolus
3317 823 3505 879 verbis

1923 917 2068 971 illis:
2106 916 2368 970 Habentes
2403 916 2714 970 donationes
2745 915 3033 970 secundum
3079 917 3334 986 gratiam,
3385 933 3502 987 qure

1921 1006 2050 1061 data
2077 1015 2152 1061 est
2203 1008 2368 1071 nobis,
2398 1006 2694 1077 differentes
2717 1006 2783 1060 ’⁸.
2821 1005 2928 1062 Alii
2965 1007 3257 1077 multiplici
3291 1009 3504 1063 exorci-

1923 1099 2128 1153 tatione
2149 1098 2532 1169 religiosorum
2557 1099 2695 1153 varii
2717 1099 2939 1168 generis
2958 1114 3208 1168 operum,
3236 1102 3500 1170 praxique

1920 1189 2187 1244 virtutum
2215 1204 2280 1245 ac
2308 1189 2756 1260 frequentatione
2790 1191 3155 1246 laudabilium
3203 1193 3257 1246 in
3281 1193 3500 1248 diversa

1921 1281 2104 1350 specie
2135 1279 2462 1343 ofﬁciorum,
2515 1279 2612 1334 Dei
2671 1295 2834 1335 causa
2870 1281 3035 1336 unius
3061 1282 3360 1348 obitorum,
3392 1298 3502 1339 cm-

1919 1371 2086 1427 lestes
2116 1371 2324 1442 ingenti
2354 1371 2511 1441 copia
2544 1381 2850 1442 congerunt
2885 1387 3036 1442 opes.
3078 1373 3157 1426 Ne
3198 1373 3235 1427 ii
3278 1374 3500 1444 quidem

1923 1464 1978 1519 in
2011 1465 2115 1521 hac
2143 1472 2297 1535 parte
2350 1479 2460 1518 non
2515 1463 2764 1535 insignes
2791 1471 2940 1528 sunt,
2978 1465 3072 1534 qui
3117 1480 3313 1519 aurum
3362 1467 3505 1522 info-

1921 1554 2120 1621 diunt;
2151 1554 2570 1626 longanimitate
2611 1554 2868 1610 videlicet
2898 1562 2953 1608 et
2983 1553 3247 1624 patientia
3273 1571 3503 1611 curren-

1921 1657 2004 1700 tes
2037 1645 2091 1699 in
2123 1644 2356 1715 singulis
2385 1645 2524 1699 lucri
2549 1644 2837 1715 particulis
2866 1644 3174 1714 captandis,
3208 1659 3275 1698 ex
3300 1645 3506 1714 quibus

1925 1735 2105 1807 magni
2149 1736 2279 1790 olim
2323 1735 2597 1790 conflandi
2649 1735 2854 1790 cumuli
2917 1751 3012 1805 spe
3082 1735 3300 1790 interim
3360 1736 3502 1790 bona

228 1845 356 1896 μως
398 1805 540 1898 ἄγαν
580 1830 675 1882 καὶ
724 1805 942 1902 θερμῶς
991 1829 1226 1901 ἔχοντες,
1280 1805 1675 1902 εὐμετάέλητοι
1723 1833 1809 1886 καῖ

1923 1805 2186 1900 gaudent.
2234 1828 2421 1899 Neque
2467 1829 2640 1883 latent
2689 1830 2943 1883 nonnulli
2982 1829 3138 1900 quasi
3174 1829 3502 1884 mercenarii

223 1919 354 1990 ἅμα
399 1921 493 1974 τοῦ
534 1921 776 1991 ἅψασθαι
830 1923 1236 1994 κορεννύμενοι,
1292 1923 1547 1994 ἁψίκοροι
1593 1924 1649 1977 δὲ
1686 1942 1816 1996 ναρο

221 2011 427 2074 κώδεις
473 2016 602 2083 περὶ
630 2013 690 2067 τὸ
728 2016 910 2066 πονεῖν
939 2014 1358 2084 γνωριζόμενοι,
1391 2017 1486 2068 καὶ
1521 2010 1588 2087 ἧς
1621 2014 1812 2085 ἔτυχον

219 2101 553 2167 ἀξιωθέντες
603 2105 826 2172 χάριτος
879 2106 1260 2174 ἀφαιροῦνται.
1310 2107 1582 2177 Ἀείςποτε
1612 2106 1718 2178 γὰρ
1777 2110 1808 2178 ὴ

219 2192 452 2258 νωθεία,
497 2197 592 2248 καὶ
643 2196 903 2266 ἀμϐλεία,
959 2197 1052 2251 καὶ
1093 2197 1416 2269 ἡμελημένη
1467 2198 1806 2270 προαίρεσις,

219 2285 561 2356 ἀσύμφωνος
597 2289 656 2340 ὲν
706 2287 910 2360 χάριτι,
943 2287 1150 2359 ἔρημος
1183 2289 1240 2344 δὲ
1286 2290 1508 2358 ἀγαθῶν
1540 2290 1810 2361 πράξεων.

231 2378 523 2450 Ἀδόκιμος
573 2378 630 2432 δὲ
678 2381 827 2452 ποιρά
877 2381 996 2450 Θεῷ
1030 2382 1124 2436 καὶ
1155 2382 1340 2447 ἄδοξος
1385 2384 1477 2436 καὶ
1513 2383 1605 2436 νῦν
1652 2382 1818 2452 ἔγνω-

218 2487 375 2532 σται,
408 2473 500 2524 καὶ
526 2472 585 2525 ὲν
612 2470 805 2542 ἐκείνῳ
837 2491 914 2543 τῳ
949 2477 1101 2527 αἰωνι
1128 2473 1509 2546 εὑρεθήσεται.

1924 1920 2118 1974 molles
2147 1918 2311 1973 iidem
2353 1919 2667 1988 ignavique,
2699 1920 2792 1988 qui
2823 1920 3007 1974 statim
3044 1919 3212 1973 veluti
3239 1919 3504 1974 devorant

1923 2009 2295 2080 quodcunque
2356 2007 2562 2061 bonum
2617 2009 2753 2078 ipsis
2800 2010 2854 2064 in
2907 2024 3102 2064 manus
3132 2009 3348 2074 incidit,
3374 2025 3499 2064 cum

1921 2104 2092 2158 multa
2118 2101 2316 2156 exinde
2347 2101 2621 2178 deberent
2661 2101 2715 2156 in
2755 2116 2914 2157 usum
2944 2103 3189 2158 secuturi
3219 2103 3501 2174 temporis.

1917 2194 2106 2248 solerti
2138 2209 2264 2249 cum
2309 2192 2574 2263 patientia
2627 2194 2956 2250 tractatione
2997 2202 3319 2260 maturare;
3375 2196 3504 2249 hinc

1925 2290 2014 2354 sit,
2046 2301 2106 2344 ut
2131 2289 2262 2344 nudi
2297 2305 2515 2360 semper
2543 2301 2880 2361 egentesque
2903 2291 3264 2346 circumeant.
3286 2291 3500 2345 Etenim

1928 2381 2064 2436 tales
2107 2381 2174 2435 ad
2210 2380 2535 2451 capiendam
2574 2381 2798 2451 quidem
2825 2381 3054 2452 gratiam
3115 2386 3291 2454 parati
3321 2393 3376 2436 et
3413 2399 3503 2436 ar.-

1928 2474 2124 2529 denter
2162 2484 2292 2529 sunt
2319 2473 2547 2543 cupidi;
2591 2490 2717 2529 mox
2756 2486 2939 2530 tamen
2993 2475 3153 2531 facile
3183 2475 3501 2545 mutabiles,

217 2574 283 2620 et
312 2581 341 2620 a
363 2568 540 2637 primo
570 2570 752 2624 statim
777 2578 992 2640 gustatu
1022 2570 1217 2635 saturi,
1249 2571 1599 2642 pigritiaaque
1624 2572 1915 2643 comperti,
1951 2586 2015 2626 ac
2062 2571 2202 2642 fugat
2249 2570 2475 2636 laboris,
2500 2569 2596 2640 qui
2632 2568 2870 2624 debebat
2894 2566 3167 2634 adhiberi,
3196 2567 3504 2623 exercendo

219 2657 377 2724 quod
403 2668 737 2729 acceperunt
770 2660 939 2720 dono.
975 2676 1042 2717 eo
1081 2662 1282 2717 merito
1320 2663 1632 2733 privantnr,
1660 2663 1840 2719 ablata
1873 2662 2026 2734 ipsis,
2053 2678 2161 2733 qua
2186 2661 2405 2717 fuerant
2431 2660 2599 2724 beati,
2639 2663 2834 2732 gratia.
2875 2660 3167 2730 Nunquam
3208 2659 3358 2713 enim
3391 2673 3503 2711 non

219 2749 502 2814 socordia,
530 2751 842 2816 oscitantia,
875 2751 1048 2807 hebes
1081 2753 1311 2808 tarditas
1340 2755 1537 2825 supine
1563 2771 1758 2811 secura
1781 2754 2081 2826 propositi;
2106 2754 2339 2810 dissonae
2369 2770 2460 2809 res
2488 2763 2544 2809 et
2567 2754 3007 2809 inconsentanea:
3037 2753 3227 2824 gratiae
3255 2751 3500 2806 fuerunt.

217 2837 409 2904 Quare
433 2840 528 2910 qui
563 2849 737 2896 scatet
774 2841 923 2898 hisce
951 2842 1122 2908 vitiis,
1154 2859 1353 2914 expers
1381 2859 1610 2915 operum
1651 2846 1946 2909 bonorum,
1989 2846 2133 2915 apud
2168 2845 2338 2900 Deum
2381 2846 2651 2914 reprobus
2677 2854 2731 2900 et
2770 2845 3054 2916 inglorius,
3088 2845 3165 2900 uti
3216 2845 3328 2916 jam
3356 2862 3503 2902 nunc

219 2931 564 3002 agnoscitur,
604 2935 684 2986 sic
703 2942 758 2987 et
789 2933 845 2987 in
870 2934 1054 2989 futuro
1093 2936 1295 2990 saeculo
1347 2939 1672 3008 reperietur.

302 3027 402 3080 18'.
458 3027 774 3096 Παραὸάντι
835 3029 911 3098 τῷ
967 3031 1243 3103 ἀνθρώπῳ
1294 3034 1394 3105 τὴν
1441 3034 1660 3106 ἐντολὴν
1721 3034 1809 3088 τοῦ

1993 3035 2183 3091 XXIX.
2213 3036 2583 3109 Transgresso
2614 3035 2710 3091 Dei
2741 3034 3063 3089 mandatum
3095 3033 3332 3099 homini,
3358 3043 3415 3090 et
3435 3048 3500 3089 ex

218 3118 390 3182 Θεοῦ,
419 3121 511 3172 καὶ
548 3121 649 3190 τῆς
685 3123 782 3174 τοῦ
813 3123 1145 3195 παραδείσου
1179 3126 1456 3194 διαγωγῆς
1505 3127 1809 3191 ἐκπεσόντι,

1917 3125 2078 3181 beata
2127 3127 2368 3198 paradisi
2435 3127 2648 3199 dejecto
2711 3124 2968 3191 statione,
3019 3123 3234 3180 duabus
3287 3139 3356 3179 ex
3397 3124 3502 3178 hoc

216 3209 375 3266 δυοῖν
419 3210 608 3282 ὥσπερ
647 3211 872 3267 ἁλύσεσι
917 3214 1158 3270 δεδέσθαι
1207 3218 1681 3288 συνηκολούθησε·
1718 3222 1809 3291 μιᾷ

1914 3220 2147 3292 contigit
2177 3221 2340 3292 quasi
2373 3221 2583 3275 catenis
2619 3217 2800 3290 ligari.
2826 3217 2983 3272 Prior
3012 3223 3117 3280 est,
3169 3232 3277 3286 qua
3311 3217 3503 3272 devin-

221 3305 332 3373 μὲν
369 3303 476 3357 τῶν
530 3303 804 3374 βιωτικῶν
855 3310 1220 3378 πραγμάτιον,
1255 3311 1348 3364 καὶ
1374 3312 1664 3383 σαρκικῶν
1687 3313 1809 3384 ἠδο-

1914 3314 2056 3368 citur
2079 3328 2224 3368 nexu
2259 3312 2509 3368 sensibili
2543 3327 2668 3365 eum
2699 3309 2934 3380 negotiis
2960 3309 3342 3372 saecularibus,
3374 3324 3498 3363 car-

217 3395 358 3462 νῶν,
397 3395 648 3461 πλούτου,
673 3396 852 3468 δόξης,
881 3399 1081 3466 φιλίας,
1112 3402 1392 3470 γυναικὸς,
1421 3403 1650 3467 τέκνων,
1671 3421 1802 3472 συγ-

1914 3405 2127 3462 nalibus
2174 3406 2575 3476 voluptatibus,
2613 3403 2844 3468 divitiis,
2876 3402 3285 3458 existimatione
3311 3441 3325 3465 ,
3359 3403 3499 3456 ami-

217 3487 466 3554 γενείας,
501 3488 781 3558 πατρίδος,
830 3493 1150 3562 κτημάτων,
1195 3494 1289 3547 καὶ
1333 3495 1521 3559 ἁπλῶς
1585 3495 1804 3550 πάντων

212 3579 334 3632 τῶν
365 3581 725 3650 φαινομένων,
771 3582 864 3652 ἀφ’
909 3576 984 3638 ὧν
1018 3586 1044 3636 ὁ
1071 3585 1166 3638 τοῦ
1210 3587 1344 3640 Θεοῦ
1372 3586 1529 3652 λόγος
1575 3591 1695 3642 κατ’
1725 3591 1805 3642 ol-

214 3671 382 3724 κείαν
417 3674 563 3742 ἡμᾶς
592 3675 913 3746 προαίρεσιν
942 3677 1274 3732 ἀπολύεσθαι
1325 3680 1558 3735 κελεύει.
1613 3681 1804 3754 Ἑτέρα

211 3765 280 3818 δὲ
311 3764 514 3836 ἀδήλῳ,
542 3766 635 3819 καὶ¹
667 3767 775 3838 γὰρ
801 3768 1008 3822 διέδεταί
1028 3787 1134 3823 τινι
1161 3771 1348 3843 δεσμῷ
1377 3773 1581 3826 σκόπου
1606 3775 1637 3844 ἡ
1659 3774 1802 3844 ψυχὴ

215 3858 362 3928 πρὸς
405 3857 513 3910 τῶν
561 3859 657 3930 τῆς
704 3861 972 3932 πονηρίας
1036 3865 1362 3934 πνευμάτων
1415 3866 1616 3932 αὐτῶν,
1674 3868 1804 3937 παρ’

211 3947 244 4001 δ
296 3949 429 4019 μηδὲ
477 3950 700 4004 δυνατὸν
761 3954 897 4024 αὑτῇ
951 3954 1081 4026 μήτ’
1121 3957 1402 4026 ἀγαπῆσαι
1455 3959 1608 4021 Θεὸν,
1667 3961 1802 4029 μήτε

210 4043 512 4096 πιστεῦσαι
575 4045 714 4114 μήτε
755 4051 1028 4118 προσευχῇ
1065 4051 1368 4120 χρήσασθαι
1412 4051 1664 4124 καθάπερ
1691 4051 1802 4122 ἔχει

211 4133 544 4204 θελήματος.
606 4137 828 4190 Πάντων
892 4140 1070 4210 γὰρὴ
1123 4142 1433 4212 ἐναντιότης
1477 4144 1533 4195 ἐν
1581 4161 1640 4195 τε
1691 4146 1802 4205 τοῖς

213 4230 475 4298 φανεροῖς
513 4228 572 4280 ἔν
623 4245 682 4281 τε
712 4232 825 4292 τοῖς
876 4231 1108 4301 ἀδήλοις,
1149 4233 1257 4286 ἀπὸ
1293 4235 1391 4304 τῆς
1441 4235 1803 4306 παραϐάσεως

211 4319 317 4371 τοῦ
391 4323 605 4390 πρώτου
689 4324 977 4395 ἀνθρώπου
1044 4328 1250 4391 πάντας
1332 4329 1480 4400 ἡμᾶς
1561 4330 1793 4398 μέτεισι.

228 4409 482 4463 Ἐπειδὰν
509 4412 604 4465 οὖν
627 4430 708 4476 τις
744 4414 984 4486 ὑπήκοον
1007 4415 1100 4479 οὓς
1128 4417 1206 4486 τῷ
1236 4418 1382 4489 λόγῳ
1411 4418 1505 4473 τοῦ
1541 4418 1676 4473 Θεοῦ
1705 4437 1803 4473 πα-

216 4501 578 4570 ρασχόμενος,
611 4504 820 4576 ἀποστῇ
855 4507 953 4577 μὲν
983 4508 1091 4560 τῶν
1134 4509 1404 4579 βιωτικῶν
1435 4512 1798 4582 πραγμάτων,

211 4593 550 4660 ἀποτάξεται
579 4597 636 4649 δὲ
663 4598 863 4662 πάσαις
901 4603 1019 4664 ταῖς
1056 4605 1351 4672 σαρκικαῖς
1400 4604 1616 4674 ἡδοναῖς
1637 4623 1650 4636 ο
1680 4608 1801 4658 τότε

209 4687 282 4755 δὴ
329 4688 408 4758 τῷ
458 4688 578 4760 Θεῷ
627 4693 1030 4762 προσεδρεύων,
1082 4698 1176 4750 καὶ
1215 4697 1357 4751 κατά
1407 4698 1601 4770 σχολὴν
1652 4699 1802 4770 αὑτῷ

1915 3498 2066 3560 citia,
2104 3513 2298 3558 uxore.
2358 3497 2570 3561 liberis,
2631 3495 2957 3567 cognatione
2984 3536 2997 3559 ,
3044 3494 3247 3564 patria,
3279 3509 3499 3564 posses-

1908 3592 2182 3654 sionibus,
2213 3600 2268 3648 et
2314 3599 2373 3645 ut
2418 3606 2530 3644 uno
2556 3598 2756 3644 cuncta
2784 3587 3120 3658 complectar
3155 3587 3348 3653 verbo,
3371 3603 3500 3642 cum

1906 3681 2168 3737 omnibus
2213 3697 2335 3752 quae
2391 3679 2554 3750 220
2604 3679 2699 3734 hic
2746 3687 3089 3744 cernuntur;
3119 3692 3148 3731 a
3176 3677 3380 3747 quibus
3401 3678 3497 3733 Dei

1907 3793 2091 3834 sermo
2135 3792 2236 3832 nos
2279 3777 2434 3847 juxta
2497 3776 2776 3845 prepriam
2827 3773 3228 3844 professionem
3275 3773 3498 3844 abjungi

1905 3871 2176 3943 praecipit.
2210 3872 2394 3926 Altera
2445 3879 2528 3925 est
2554 3879 2746 3925 catena
2805 3870 2858 3923 in
2899 3883 3103 3922 arcano
3160 3868 3493 3938 astringens.

1910 3961 2127 4016 Etenim
2155 3959 2380 4014 vinculo
2409 3958 2647 4028 quodam
2681 3957 3031 4013 tenebrarum
3060 3956 3244 4011 anima
3292 3957 3498 4026 ligatur

1907 4053 1976 4106 ab
2006 4050 2140 4121 ipsis
2162 4049 2452 4120 spiritibus
2480 4047 2774 4118 nequitiae;
2806 4062 2916 4117 Quo
2957 4045 3016 4099 fit
3038 4087 3051 4110 ,
3096 4055 3155 4100 ut
3187 4062 3292 4100 non
3323 4047 3498 4116 possit

1907 4157 2088 4212 neque
2119 4156 2305 4196 amare
2339 4141 2534 4202 Deum,
2578 4153 2680 4193 nec
2705 4138 2953 4198 credere,
2980 4152 3081 4191 nec
3107 4136 3358 4191 oratione
3391 4139 3494 4199 uti,

1905 4229 2368 4301 quemadmodum
2390 4227 2580 4283 vellet.
2599 4226 2834 4281 Omnino
2858 4225 3004 4279 enim
3031 4224 3168 4292 haec,
3197 4240 3361 4294 quam
3397 4240 3494 4281 ex-

1903 4319 2170 4390 perimur,
2187 4317 2596 4373 adversantium
2621 4313 2915 4385 oppositio,
2937 4323 3046 4370 tam
3072 4315 3124 4369 in
3147 4315 3322 4384 palam
3337 4328 3475 4384 appa

1904 4413 2175 4479 rentibus,
2195 4428 2358 4482 quam
2388 4411 2442 4465 in
2468 4411 2618 4466 intus
2642 4408 2936 4472 abstrusis,
2963 4424 3028 4462 ex
3057 4407 3493 4479 transgressione

1904 4505 2069 4575 primi
2118 4503 2360 4560 hominis
2394 4504 2450 4558 in
2495 4516 2597 4556 nos
2629 4515 2823 4556 omnes
2859 4499 3100 4554 transiit.
3125 4499 3357 4565 Quando
3389 4497 3496 4568 igi-

1905 4609 1997 4656 tur
2046 4599 2170 4670 quis
2215 4597 2567 4653 obedientem
2620 4609 2813 4649 aurem
2861 4593 3030 4647 verbo
3076 4592 3174 4647 Dei
3219 4592 3491 4662 praebens,

1905 4689 2221 4762 abjunxerit
2268 4687 2492 4758 quidem
2528 4700 2586 4740 se
2635 4700 2665 4738 a
2710 4683 3070 4740 szeculari‘bus
3097 4682 3365 4752 negotiis,
3401 4697 3490 4734 re-

213 4782 634 4852 συγγινόμενος,
685 4783 914 4854 δύναμιν
975 4787 1247 4857 λαμϐάνει
1299 4790 1434 4861 πρὸς
1466 4791 1526 4842 τὸ
1577 4791 1801 4861 μαθεῖν·

1914 4783 2253 4839 nuntiaverit
2296 4789 2479 4836 autem
2531 4777 2747 4832 cunctis
2807 4774 3125 4830 carnalibus
3190 4775 3493 4844 voluptati-

209 4872 304 4924 δτι
337 4874 643 4944 κέκρυπταί
695 4879 882 4938 τιςκὲν
933 4878 1146 4942 ἀδύτοις
1201 4881 1428 4952 καρδίας
1459 4882 1593 4952 άλλη
1633 4883 1801 4953 πάλη,

212 4963 319 5018 καὶ
363 4965 519 5028 ἄλλος
561 4967 841 5037 λογισμῶν
877 4969 1112 5040 πόλεμος
1133 4987 1148 5002 ο
1177 4973 1274 5024 καὶ
1295 4971 1438 5025 οὕτω
1468 4973 1806 5043 παραμένων

207 5057 315 5109 καὶ
341 5056 452 5108 τῶν
484 5057 578 5110 τοῦ
612 5058 852 5129 Χριστοῦ
903 5060 1157 5130 δεόμενος
1210 5063 1530 5134 οἰκτιρμῶν,
1570 5065 1834 5129 πίστεως,

205 5147 369 5216 αὑτῷ
399 5150 600 5220 πολλῆς
641 5151 778 5220 μετά
824 5169 887 5219 γε
928 5152 1025 5205 τοῦ
1077 5155 1372 5224 ὑπομένειν
1401 5157 1799 5226 σννεπομένηςο

205 5242 277 5294 οὐ
316 5241 423 5312 μὴν
451 5242 586 5296 ἀλλά
615 5245 710 5297 καὶ
739 5244 838 5314 τῆς
884 5246 978 5298 τοῦ
1011 5246 1146 5299 Θεοῦ
1185 5248 1356 5318 ῥοπῆς
1386 5249 1815 5318 συνεφαπτομέ-έ*

208 5351 336 5405 νης,
368 5335 591 5390 δύναται
620 5338 728 5391 τῶν
753 5338 903 5391 ἔνδον
950 5339 1328 5411 ἀπαλλαγῆναι
1369 5341 1585 5411 δεσμῶν
1617 5357 1676 5392 τε
1707 5341 1800 5392 καὶ

205 5427 490 5499 φραγμῶν
523 5431 771 5495 ἐκείνων,
828 5432 925 5484 καὶ
960 5431 1054 5484 τοῦ
1081 5432 1307 5496 σκότους
1339 5433 1444 5486 τῶν
1467 5432 1795 5502 πνευμάτων

201 5521 314 5589 τῆς
359 5523 646 5594 πονηρίας,
683 5523 828 5595 ἆπερ
868 5527 1003 5578 εἰσὶν
1027 5526 1085 5578 αἱ
1114 5525 1222 5579 τῶν
1255 5526 1656 5598 κεκρυμμένων
1686 5545 1792 5580 πα-

203 5613 326 5667 θῶν
360 5614 636 5685 ἐνέργειαι
658 5631 672 5645 '
700 5616 889 5670 τοῦτον
929 5618 986 5671 δὲ
1011 5618 1100 5672 τὸν
1134 5619 1370 5690 πόλεμον
1393 5619 1480 5673 διὰ
1513 5621 1610 5692 μὲν
1636 5621 1794 5692 χάρι-

282 5794 330 5825 τθ
363 5793 522 5846 Rom.
553 5809 650 5855 xu,
681 5795 733 5848 6.

535 5888 808 5982 Pauor“
841 5886 956 5944 (in.
999 5885 1114 5946 XX
1131 5885 1287 5947 XIV.

1907 4878 2043 4941 bus;
2081 4886 2212 4929 tunc
2246 4874 2334 4927 ille
2370 4872 2483 4925 Deo
2509 4868 2817 4928 adluerens,
2854 4876 2910 4922 et
2942 4882 3039 4937 per
3060 4866 3232 4920 otium
3274 4881 3398 4920 cum
3422 4883 3490 4921 eo

1905 4983 2258 5030 conversaris,
2288 4967 2549 5020 virtutem
2584 4961 2786 5030 accipit
2816 4960 2882 5014 ad
2913 4958 3236 5014 discendum
3261 4999 3275 5022 ,
3319 4960 3490 5013 latere

1906 5065 1959 5118 in
1987 5065 2168 5134 adytis
2191 5060 2374 5116 cordis
2400 5059 2560 5114 aliam
2593 5058 2820 5120 luctam,
2843 5065 2898 5111 et
2920 5055 3070 5109 aliud
3093 5055 3489 5125 cogitationum

1906 5157 2148 5220 bellum;
2179 5163 2236 5209 et
2278 5153 2359 5208 sic
2389 5167 2742 5222 permanens,
2776 5165 2842 5205 ac
2869 5148 3074 5204 Christi
3104 5147 3490 5202 miserationes

1908 5248 2232 5318 implorans.
2260 5245 2365 5298 fide
2394 5244 2573 5313 ipsum
2597 5241 2789 5304 multa,
2819 5247 3110 5310 postquam
3135 5239 3516 5298 sustinuerit;

1907 5347 2194 5410 Sequente,
2227 5337 2361 5406 quin
2397 5343 2453 5388 et
2486 5333 2583 5388 Dei
2627 5319 2867 5400 impulsu
2909 5336 3262 5400 cooperante,
3308 5339 3489 5398 potest

1907 5429 2266 5526 interiqribus
2308 5425 2530 5482 liberari
2553 5423 2786 5478 vinculis
2806 5464 2819 5486 ,
2848 5429 2904 5476 et
2940 5421 3177 5476 maceria
3210 5421 3299 5475 illa
3329 5429 3485 5476 tene-

1906 5512 2152 5586 brarum,
2188 5535 2351 5592 quam
2385 5516 2766 5572 obmoliuntur
2803 5513 2906 5584 ipsi
2945 5513 3174 5584 spiritus
3199 5512 3481 5583 nequitize,

1907 5617 2000 5686 qui
2031 5622 2160 5670 sunt
2186 5611 2401 5668 occulte
2434 5607 2821 5663 rebellantium
2852 5605 2908 5660 in
2949 5605 3108 5659 nobis
3137 5604 3484 5675 appetituum

3049 5881 3123 5942 31
