4044 6524
239 263 244 273 ι

1342 349 1439 409 DE
1472 343 1896 410 LIBERTATE
1935 343 2243 407 MENTIS.

3324 342 3431 408 966

185 458 375 512 νέσθαι
412 458 508 528 τῆς
556 454 832 528 βασιλείας
852 471 865 485 ³
893 457 1018 526 ὅρον
1048 454 1106 510 δὲ
1133 453 1334 526 ταύτης
1359 452 1499 511 εἶναι
1529 456 1628 528 τὴν
1652 455 1758 509 τῶν

1893 464 2009 520 τευ,
2043 471 2109 510 ac
2138 452 2436 508 terminum
2469 451 2588 522 ejus
2608 449 2726 506 fore
2766 453 3295 509 consummationem
3350 454 3436 508 ul-

191 549 536 622 φαινομένων
584 549 790 603 τούτων
818 549 913 602 καὶ
945 547 1038 602 τοῦ
1068 549 1274 618 κόσμου
1311 548 1510 613 παντὸς
1539 548 1768 603 ἀλλοίω-

191 643 278 697 σίν
324 660 382 695 τε
427 642 520 696 καὶ
573 639 950 711 μεταποίησιν.
984 641 1050 693 Τί
1096 639 1189 694 οὖν
1217 657 1232 706 ;
1263 639 1528 710 αἱρέσεώς
1560 656 1645 692 σοι
1675 639 1764 692 δο-

189 735 400 804 θείσης,
442 732 686 805 ἡμειψας
729 733 900 802 αὐτὴν
943 732 1043 803 τῆς
1095 732 1353 803 ἀληθινῆς
1387 733 1481 787 καὶ
1515 732 1765 803 βεϐαίας,

189 826 288 884 καὶ
320 824 471 877 οὐδὲν
498 822 729 885 οὐδόλως
751 822 981 893 ἐχούσης
1010 823 1304 893 παροδικδν
1336 824 1430 876 καὶ
1457 823 1718 892 λυόμενον
1742 837 1758 886 ;

189 916 307 968 οὐκ
351 913 417 968 ἂν
447 914 622 982 ἔγωγε
652 913 840 984 φαίην,
873 915 924 968 si
954 930 1036 968 σοι
1062 915 1122 968 τὸ
1155 914 1340 985 κρίνον
1373 912 1505 984 εἶχε,
1543 913 1639 966 καὶ
1667 930 1770 966 κα-

188 1007 302 1069 λῶς
333 1005 600 1058 ἐσκέπτου
633 1006 762 1075 περὶ
789 1005 896 1058 τῶν
927 1005 1036 1058 σῶν
1059 1022 1072 1035 ·
1113 1008 1173 1059 Τί
1206 1006 1315 1074 γὰρ
1353 1004 1581 1073 κέρδος,
1614 1005 1767 1073 φησὶ,

189 1098 276 1164 τῷ
303 1095 610 1165 ἀνθρώπῳ,
639 1099 694 1150 εἰ
732 1095 840 1150 τὸν
877 1097 1110 1165 κόσμον
1155 1094 1303 1148 dior
1330 1093 1653 1162 κερδήσας,
1681 1090 1774 1158 ζη-

183 1191 380 1262 μιωθῇ
418 1191 535 1256 τὴν
572 1189 783 1259 ψυχὴν
814 1188 1025 1252 αὐτοῦ,
1057 1184 1124 1261 ἧς
1157 1188 1264 1241 οὐδ’
1310 1183 1447 1240 εἶναί
1495 1203 1548 1240 τι
1577 1185 1774 1240 ἀντάλ-

129 1270 134 1274 ’
187 1287 380 1356 λαγμα
410 1283 844 1355 μεμαθήκαμεν;
879 1283 1000 1334 ἐπεὶ
1035 1283 1128 1334 καὶ
1175 1281 1374 1343 παντὸς
1419 1277 1514 1332 τοῦ
1564 1278 1772 1351 κόσμου

192 1379 294 1432 καὶ
340 1377 438 1446 τῆς
483 1375 623 1429 κατὰ
683 1375 886 1444 κόσμον
935 1372 1215 1441 βασιλείας
1272 1371 1408 1443 αὑτὴ
1465 1373 1598 1442 μόνη
1652 1367 1774 1424 καθ’

193 1468 398 1538 ἑαυτὴν
437 1470 469 1537 ἡ
513 1467 659 1537 ψυχὴ
706 1466 1008 1537 τιμιωτέρα
1058 1464 1262 1535 πολλῷ,
1298 1467 1457 1536 μήτοι
1504 1481 1568 1532 γε
1603 1465 1637 1534 ἡ
1667 1462 1778 1516 τῶν

1870 543 2061 596 timam
2120 540 2324 604 saeculi,
2361 550 2417 594 et
2469 552 2653 594 rerum
2706 538 2871 594 modo
2926 542 3308 609 apparentium
3342 554 3438 602 cx-

1869 641 2171 703 spectatam
2204 632 2499 703 aliquando
2530 632 2912 688 mutationem.
2936 631 3078 698 Quid
3106 634 3278 702 ergo?
3307 649 3441 688 num

1871 721 2130 791 opinione
2159 721 2258 776 tibi
2296 720 2420 775 data
2485 719 2744 790 eligendi,
2773 727 2956 774 utrum
2997 719 3188 773 malles
3224 735 3294 773 ex
3321 718 3443 772 istis

1871 813 2091 868 duobus
2119 811 2323 883 regnis,
2357 820 2696 881 praeoptares
2727 810 2831 866 hoc
2855 818 3135 864 terrenum
3171 809 3224 862 in
3251 809 3444 863 mundi

1874 900 1980 956 ﬁne
2049 903 2398 966 desiturum,
2450 901 2752 972 praaferens
2801 899 2855 954 id
2903 901 2982 955 illi
3020 899 3230 955 caelesti
3263 899 3444 959 alteri.

1873 1007 2026 1055 vero,
2053 992 2230 1048 solido
2278 1001 2336 1047 et
2373 991 2716 1061 permanenti
2748 992 2957 1062 regno?
3007 990 3162 1045 llaud
3192 990 3446 1060 equidem

1874 1084 2224 1148 crediderim,
2254 1084 2301 1139 si
2341 1083 2531 1153 utique
2561 1084 2761 1153 sapias,
2794 1090 2850 1138 et
2882 1098 3039 1152 aequo
3063 1092 3327 1150 rectoque
3355 1081 3446 1150 ju-

1876 1175 2023 1229 dicio
2052 1174 2120 1228 de
2145 1190 2206 1229 re
2234 1182 2328 1229 tua
2352 1181 2502 1229 tanta
2522 1183 2752 1229 statuas.
2771 1172 2909 1238 Quid
2925 1174 3064 1226 enim
3091 1173 3190 1237 (ait.
3212 1171 3446 1238 Veritas)
3531 1227 3535 1230 ,

1878 1267 2091 1336 prodest
2138 1268 2360 1330 homini,
2421 1267 2469 1321 si
2532 1267 2786 1320 mundum
2840 1267 3136 1320 universum
3203 1265 3450 1322 lucresur,

1892 1359 2087 1411 anima:
2146 1365 2323 1410 autem
2408 1371 2518 1411 sua:
2564 1356 2934 1409 detrimentum
2983 1356 3221 1425 patiatur
3245 1353 3308 1406 ⁷⁷.
3347 1355 3452 1407 Pro

1882 1462 1990 1518 qua
2025 1447 2165 1502 nihil
2201 1463 2300 1517 par
2333 1447 2388 1502 in
2427 1446 2910 1502 commutationem
2961 1446 3080 1500 dari
3116 1458 3275 1514 posse
3306 1441 3453 1497 didi-

191 1537 441 1631 οὑρανῶν
491 1558 764 1629 βασιλεία·
819 1557 1151 1626 τιμιωτέραν
1193 1557 1251 1610 δὲ
1306 1557 1448 1610 κατὰ
1475 1555 1635 1609 τοῦτο
1679 1553 1779 1626 τὴν

1893 1542 2078 1606 cimus,
2110 1538 2555 1610 quandoquidem
2590 1545 2646 1592 et
2671 1537 2878 1592 mundo
2909 1537 3028 1607 ipso
3063 1545 3198 1601 toto,
3229 1542 3284 1589 et
3315 1549 3455 1603 qua-

191 1623 375 1720 ψυχὴν
405 1623 564 1712 εἶναι,
597 1649 800 1719 φαμὲν,
833 1623 953 1701 καθ’
983 1645 1012 1701 ὃ
1045 1623 1120 1717 μὴ
1172 1649 1262 1700 ἐπ’
1302 1647 1454 1701 οὐδὲν
1501 1648 1630 1702 ἄλλο
1670 1623 1780 1699 τῶν

1893 1632 2143 1700 licunque
2178 1631 2460 1684 mundano
2487 1643 2676 1699 regno,
2717 1627 2831 1684 sola
2857 1643 2955 1697 per
2989 1641 3048 1682 se
3081 1625 3249 1695 ipsam
3273 1623 3460 1679 anima

192 1712 370 1795 όντων
422 1712 730 1811 ηὐδόκῆσεν
855 1740 987 1802 Θεὸς
1023 1712 1119 1792 του
1148 1738 1462 1809 Πνεύματος
1499 1740 1598 1808 τῆς
1645 1737 1782 1800 ἰδίας

1893 1721 2179 1792 pretiosior
2223 1720 2397 1773 multo
2421 1729 2534 1784 est;
2566 1717 2768 1772 nedum
2801 1725 2861 1770 ut
2891 1715 3195 1785 comparari
3243 1729 3366 1769 cum
3392 1712 3458 1767 iis

195 1832 415 1902 φύσεως
459 1831 652 1885 ἕνωσιν
703 1831 894 1884 θέσθαι
922 1832 1016 1884 καὶ
1048 1830 1366 1884 κοινωνίανο
1407 1832 1508 1884 οὐκ
1544 1828 1778 1900 οὐρανῷ,

1893 1815 2058 1885 possit
2107 1813 2371 1868 cmlorum
2413 1825 2663 1881 regnum.
2699 1809 2828 1864 Inde
2858 1817 3040 1863 autem
3074 1806 3459 1878 pretiosiorem

192 1897 301 1992 οὐχ
330 1921 484 1992 ἡλίῳ,
519 1921 618 1974 οὑκ
654 1920 907 1991 ἄστροις,
941 1921 1003 1974 οὐ
1040 1919 1297 1991 θαλάττῃ,
1326 1920 1387 1973 οὐ
1430 1923 1522 1991 γῇ,
1551 1897 1648 1991 οὐχ
1676 1920 1786 1973 ἐτέ-

1893 1905 2104 1961 cunctis
2143 1904 2380 1958 dicimus
2424 1901 2687 1963 animam,
2714 1899 2861 1969 quod
2903 1900 3074 1953 solam
3130 1897 3276 1951 illam
3315 1897 3460 1950 inter

325 1985 446 2066 τινὶ⁷
465 1985 640 2066 κτίσει
681 1985 790 2065 τῶν
822 2011 1135 2083 ὁρωμένων,
1168 1985 1360 2084 ὅτι-μὴ
1406 1985 1787 2083 τῶάνθρὼπῳ

1893 2009 2079 2050 omnes
2106 1993 2397 2048 inferiores
2431 2000 2712 2048 creaturas
2743 1990 2958 2059 dignam
2993 1989 3135 2042 Deus
3170 1985 3456 2058 judicavit,

204 2075 391 2176 μόνῳο
425 2099 471 2173 ᾧ
518 2106 615 2158 καὶ
660 2103 771 2158 τῶν
829 2075 1144 2174 κτισμάτων
1193 2075 1360 2164 αὐτὸς
1397 2075 1650 2173 ἠγάπησε
1679 2075 1787 2176 τῶν

1893 2088 1979 2142 cui
2005 2101 2166 2141 suum
2197 2084 2436 2155 propriae
2465 2089 2673 2136 naturae
2713 2080 2978 2150 Spiritum
3011 2078 3202 2131 intime
3245 2075 3462 2137 unitum

195 2167 454 2250 ἐικεέωνξ
487 2196 551 2249 Et
593 2193 686 2248 οὖν
714 2194 781 2248 τὰ
814 2167 1025 2266 μεγάλοι
1047 2195 1206 2249 ταυτὶ
1234 2195 1330 2248 τοῦ
1358 2167 1588 2266 κόσμου,
1619 2173 1787 2247 πλοῡᾲ
1888 2179 2112 2249 ρεηὶιιιέ
2138 2178 2353 2232 ἱηάετει
2379 2183 2438 2230 et
2469 2173 2943 2266 communicaret;
2975 2169 3122 2240 quod
3157 2181 3267 2223 non
3299 2167 3462 2266 coelo.

195 2287 297 2340 τόν
345 2305 486 2358 φημι
529 2287 741 2340 τοσόνδε
784 2287 876 2340 καὶ
921 2286 1198 2356 βασιλείαν
1241 2287 1341 2356 τῆς
1412 2287 1516 2355 γῆς
1570 2284 1789 2354 ἁπάσης

199 2377 298 2449 ὑφ’
329 2381 409 2433 ἐνὶ
447 2380 593 2450 μόνῳ
622 2379 904 2450 κειμένην,
935 2380 1035 2433 οὐκ
1065 2379 1132 2433 ἂν
1161 2379 1339 2451 ὀρθῶς
1379 2379 1666 2449 κρίναντες
1690 2377 1790 2446 τῆς

197 2471 425 2524 αἰωνίου
451 2470 761 2542 ὴλλάξαμεν
795 2471 1092 2541 βασιλείας,
1114 2473 1167 2524 τί
1199 2469 1462 2532 παθόντες
1493 2470 1542 2522 οἱ
1571 2468 1790 2532 πλείους

200 2562 426 2630 φαύλων
471 2562 641 2632 αὐτὴν
678 2563 774 2615 καὶ
797 2562 906 2615 τῶν
936 2561 1207 2630 τυχόντων
1233 2560 1504 2631 τιμῶνται
1531 2561 1794 2630 πραγμά-

201 2647 490 2706 των-οἷον
542 2652 841 2722 ἐπιθυμίας
894 2651 1060 2715 τινὸς,
1112 2638 1272 2724 δόξης
1321 2652 1531 2724 ὀλίγης,
1569 2651 1794 2721 κέρδους

205 2744 456 2816 μετρίου,
487 2744 579 2796 καὶ
603 2742 714 2796 τῶν
737 2743 1032 2807 τοιούτωνς
1064 2744 1202 2815 ὅπερ
1226 2744 1335 2814 γάρ
1363 2761 1444 2806 τις
1475 2743 1568 2797 τοῦ
1600 2741 1794 2804 αἰῶνος

202 2835 401 2888 τούτου
431 2834 593 2904 φιλεῖ,
625 2836 720 2888 καὶ
812 2835 1048 2899 δέδεται,
1073 2836 1250 2889 ἐκεῖνο
1295 2837 1514 2898 πάντως
1551 2833 1647 2887 καὶ
1696 2833 1796 2900 τῆς

202 2925 320 2980 τῶν
349 2926 598 2998 οὐρανῶν
626 2927 942 2980 ἀλλάττεται
979 2925 1254 2996 βασιλείας
1281 2942 1294 2956 ⁸
1323 2926 1417 2980 xa‘t
1449 2926 1510 2978 τὸ
1542 2924 1794 2995 χαλεπώ-

201 3029 395 3080 τατον,
427 3018 508 3070 ὃτι
546 3018 641 3070 καὶ
678 3017 812 3071 Θεὸν
864 3019 1079 3088 ἡγεῖται
1109 3017 1298 3070 τοῦτο·
1343 3016 1525 3079 καθώς
1568 3033 1671 3070 που
1710 3017 1798 3070 λέ-

203 3110 421 3176 λεκται,
455 3112 537 3166 ὅτι
570 3104 617 3181 ᾧ
647 3128 736 3180 τις
772 3109 1039 3181 ἥττηται,
1064 3112 1252 3177 τούτῳ
1290 3111 1386 3164 καὶ
1410 3110 1790 3165 δεδούλωται.

204 3203 337 3274 Χρὴ
372 3204 463 3258 οὖν
514 3204 633 3258 ὅλον
670 3206 776 3276 ὅλῳ
823 3205 890 3257 δι’
917 3205 1042 3258 ὅλου
1095 3201 1173 3275 τῷ
1225 3201 1344 3272 Θεῷ
1397 3203 1789 3274 προσδραμεῖν,

207 3297 519 3366 ἀναρτῆσαί
563 3314 622 3348 τε
665 3297 858 3350 ἑαυτὸν
892 3297 986 3350 καὶ
1015 3296 1337 3367 σταυρῶσαι
1361 3294 1504 3366 ψυχῇ
1553 3297 1649 3349 καὶ
1685 3295 1792 3348 σώ-

210 3401 354 3456 ματι
387 3386 475 3440 διὰ
520 3388 710 3440 πασῶν
761 3387 1126 3460 πορευόμενον
1178 3387 1287 3440 τῶν
1345 3368 1574 3441 ἐντολῶν
1629 3386 1793 3440 αὑτοῦ

205 3476 328 3530 τῶν
363 3478 430 3546 ἀγ
439 3477 550 3534 ίων.

1889 2285 1999 2324 nou
2031 2269 2154 2334 soli,
2178 2283 2287 2322 non
2315 2266 2498 2330 astris,
2531 2279 2642 2318 non
2665 2259 2824 2325 ma'r‘i,
2850 2276 2960 2314 non
2987 2268 3145 2314 terra:
3165 2257 3463 2320 concessit;

1895 2376 2009 2415 non
2035 2361 2128 2415 alii
2178 2360 2418 2428 denique
2457 2356 2758 2411 visibilium
2784 2361 3050 2408 creatura:
3096 2350 3194 2404 ulli
3242 2359 3468 2420 praeter-

1892 2468 2057 2524 quam
2091 2451 2187 2504 uni
2235 2449 2445 2503 homini
2474 2465 2488 2514 ;
2514 2460 2679 2517 quem
2709 2445 2830 2501 vice
2858 2442 3104 2499 omnium
3134 2456 3165 2495 a
3195 2457 3251 2497 se
3274 2440 3468 2496 condi-

1894 2551 2076 2599 torum
2134 2541 2188 2595 in
2241 2552 2454 2610 partem
2503 2539 2660 2610 quasi
2705 2535 2988 2608 propriam
3043 2533 3149 2589 sibi
3201 2531 3466 2602 seposuit,

1894 2636 2106 2704 sibique
2132 2624 2418 2704 applicuit,
2451 2646 2517 2686 eo
2563 2637 2874 2685 contentus.
2936 2627 2994 2683 Si
3038 2641 3170 2696 ergo
3213 2625 3330 2679 haec
3348 2639 3470 2693 quae

1897 2726 2119 2782 maximi
2170 2725 2308 2779 ﬁunt
2352 2723 2407 2777 in
2437 2720 2664 2786 mundo,
2706 2719 2932 2781 divitiae,
2983 2717 3127 2780 dico,
3156 2717 3376 2786 amplae,
3414 2723 3471 2770 et

1898 2832 2057 2875 terra:
2109 2819 2278 2872 totius
2326 2813 2615 2885 imperium
2664 2811 2719 2866 in
2767 2805 3079 2865 monarchae
3107 2808 3271 2863 unius
3308 2809 3473 2876 pleno

1871 2909 2125 2988 arbitrio
2155 2908 2396 2978 positum
2446 2901 2892 2973 haudquaquam,
2941 2909 3090 2955 recte
3135 2893 3468 2970 judicantcs,

1895 3019 2021 3061 cum
2051 3011 2258 3057 aeterno
2301 3004 2762 3054 commutaremus
2795 3007 2994 3063 regno;
3026 3006 3149 3061 quae
3193 2989 3472 3045 dementia

1899 3098 2263 3169 plurimorum
2315 3100 2422 3151 est.
2479 3103 2619 3158 quos
2664 3084 2909 3155 quotidie
2966 3083 3220 3137 videmus
3274 3080 3474 3136 vilibus

1823 3155 1864 3212 ε
1901 3155 2037 3247 illud
2099 3196 2154 3244 et
2222 3155 2536 3243 mediocris,
2595 3179 2760 3232 etiam
2820 3174 3032 3244 vulgari
3089 3172 3471 3239 testima-tione,

1900 3280 2062 3354 pretii
2119 3277 2284 3332 rebus
2328 3272 2679 3345 posthabere,
2709 3278 2860 3340 puta,
2895 3267 3186 3337 cupiditati
3211 3267 3470 3336 cuipiam,

1900 3375 2110 3445 exiguae
2132 3368 2300 3432 laudi,
2319 3366 2477 3421 lucro
2507 3380 2616 3419 non
2639 3368 2854 3433 magno,
2875 3371 2930 3416 et
2954 3361 3271 3417 similibus?
3291 3360 3476 3414 Enim-

1901 3482 2032 3524 vero
2064 3462 2210 3534 quod
2230 3459 2352 3530 quis
2375 3460 2428 3512 in
2452 3459 2559 3511 hoc
2585 3455 2789 3509 mundo
2815 3453 3014 3525 diligit,
3048 3453 3251 3521 cuique
3278 3451 3473 3523 deﬁgi-

209 3579 331 3635 tur,
361 3570 415 3624 id
449 3569 697 3635 omnino,
720 3579 989 3642 quantum
1017 3571 1071 3626 in
1103 3572 1222 3641 ipso
1256 3576 1360 3634 est,
1383 3584 1508 3624 cum
1535 3567 1791 3624 cmlorum

1893 3577 2008 3635 ;gno
2054 3560 2388 3612 commutat;
2451 3548 2607 3617 quin,
2656 3544 2802 3615 quod
2834 3545 2994 3612 ionge
3036 3552 3122 3598 est
3155 3542 3472 3612 capitalius‘

208 3677 276 3722 et
300 3667 356 3722 id
376 3667 547 3722 Deum
576 3683 734 3722 suum
758 3667 905 3721 facit.
945 3665 1100 3721 Sicut
1124 3635 1330 3722 alicubi
1365 3664 1632 3735 scriptum
1700 3671 1785 3718 est

1893 3657 1914 3711 ι
1980 3667 2082 3723 quo
2111 3647 2224 3718 quis
2248 3646 2414 3699 victus
2436 3648 2532 3704 est,
2562 3639 2606 3692 ei
2633 3636 3046 3706 mancipatur".
3066 3635 3292 3705 Oportet
3312 3635 3479 3705 igitur

207 3767 396 3816 totum
425 3777 490 3816 cx
521 3770 636 3814 toto
665 3761 940 3815 hominem
971 3760 1038 3814 ad
1062 3759 1234 3815 Deum
1271 3766 1444 3814 totum
1477 3758 1790 3829 confugere,
1868 3751 2022 3807 illum
2079 3738 2356 3810 amplecti,
2414 3751 2480 3829 ex
2529 3747 2594 3787 eo
2640 3732 2902 3829 pendere,
2982 3728 3085 3800 ipsi
3134 3729 3373 3783 animam
3423 3737 3480 3783 et

207 3869 443 3926 corpus,
479 3855 632 3924 quasi
687 3853 856 3908 clavis
903 3854 1049 3908 cruci
1097 3851 1390 3923 contigere,
1445 3851 1791 3906 incedentem
1831 3858 1930 3916 per
1957 3836 2141 3892 omnia
2174 3839 2360 3926 sancta
2387 3827 2508 3926 ejus
2532 3823 2808 3926 mandata.

292 3945 416 4002 Al".
453 3940 573 4000 Εἶεν
592 3963 606 3978 ο
633 3947 740 4017 ἄρα
771 3945 826 4000 δέ
864 3964 944 3999 σοι
990 3945 1085 4000 καὶ
1107 3946 1312 3999 δίκαίον
1333 3941 1471 4000 εἶναι
1501 3944 1665 4009 δοκεῖ,
1698 3943 1798 4010 τὴν

218 4040 326 4109 μὲν
358 4036 602 4108 φθαρτὴν
635 4037 804 4108 αὐτὴν
857 4038 1035 4104 δόξαν,
1070 4038 1165 4090 καὶ
1193 4038 1291 4107 τὴν
1340 4037 1615 4107 ἐφήμερον
1644 4035 1799 4104 βασι-

214 4131 397 4193 λείαν,
431 4130 524 4183 καὶ
567 4129 705 4183 ἄλλα
736 4130 834 4182 ὃσα
861 4128 1088 4183 τοιαῦτα
1118 4129 1228 4182 τῶν
1253 4127 1576 4199 ἐπικαίρων,
1623 4125 1801 4177 πόνων

215 4219 323 4271 καὶ
360 4218 597 4287 ἱδρώτων
644 4218 875 4284 πολλῶν,
903 4220 1018 4279 τοῖς
1048 4218 1397 4289 ὀρεγομένοις
1439 4216 1620 4270 αὐτῶν
1650 4232 1805 4287 περι-

219 4310 512 4380 γίνεσθαι·
546 4311 605 4364 τὸ
653 4309 711 4364 δὲ
759 4313 854 4364 σὺν
901 4309 1122 4382 Χριστῷ
1152 4310 1432 4381 ἀπέραντα
1475 4308 1802 4381 βασιλεύειν,

219 4401 326 4455 καὶ
346 4401 408 4454 et
434 4401 543 4453 τῶν
572 4401 954 4471 ἀνεκλαλήτων
986 4401 1210 4454 ἐκείνων
1260 4401 1540 4470 ἐπιτυχεῖν
1561 4396 1805 4466 ἀγαθῶν,

1976 3925 2214 3984 ΧΧΧΠΙ.
2241 3925 2366 3978 ι-ιίυο
2405 3921 2517 3974 sint
2555 3920 2648 3974 ita.
2683 3918 2951 3972 Cmterum
3000 3914 3147 3970 idem
3180 3915 3482 3984 utiqueju-

1905 4031 2050 4078 stum
2104 4014 2428 4076 arbitraris,
2482 4010 2897 4080 corruptibilcm
2936 4009 3092 4062 istam
3129 4007 3382 4078 gloriam,
3429 4016 3486 4062 et

1907 4113 2216 4168 desiturum
2266 4119 2519 4177 regnum,
2588 4101 2824 4171 aliaque,
2862 4107 3136 4169 quotquot
3181 4103 3311 4152 sunt
3366 4097 3486 4167 ejus

1908 4201 2126 4276 generis
2181 4197 2514 4253 cadurarum
2573 4207 2781 4255 rerum,
2819 4191 2910 4244 illa
2962 4188 3488 4260 concupiscentibus

1905 4294 2226 4362 contingere
2266 4287 2456 4343 multis
2507 4294 2689 4354 empta
2715 4283 3000 4337 laboribus
3041 4289 3097 4337 et
3150 4279 3483 4345 sudoribus;

1907 4400 2199 4457 aequumne
2224 4390 2409 4436 tamen
2440 4392 2655 4444 censes,
2673 4383 2940 4431 aeternum
2965 4374 3306 4429 consortium
3330 4372 3487 4442 regni

217 4492 390 4546 τοῦτο
442 4493 500 4548 δὲ
550 4492 719 4556 οὕτως
769 4494 864 4546 καὶ
901 4493 1084 4565 ῥᾴδιον
1137 4489 1296 4559 εἰναι,
1326 4493 1401 4555 ὡς
1432 4492 1610 4545 πόνων
1651 4489 1791 4553 ἐκτὸς

1913 4475 2139 4539 Christi,
2169 4480 2227 4529 et
2259 4469 2710 4526 inenarrabilium
2753 4468 2970 4523 illorum
3005 4466 3355 4536 adeptionem
3388 4461 3490 4518 bo-

222 4587 330 4641 καὶ
357 4586 622 4657 καμάτων
651 4585 1051 4657 κατορθοῦσθαι
1075 4585 1154 4657 τῷ
1179 4585 1488 4657 βουλομένῳ
1512 4603 1527 4651 ;

307 4849 431 4908 AA'.
457 4851 553 4916 Τίς
574 4853 608 4921 ἠ
641 4849 925 4919 οἰκονομία
967 4847 1066 4919 τῆς
1095 4847 1192 4902 τοῦ
1217 4845 1456 4920 Χριστοῦ
1492 4846 1811 4919 παρουσίας,

224 4947 265 5018 ἢ
303 4945 388 5009 τίς
410 4944 570 5016 ήμῶν
602 4943 820 5013 φύσεως
859 4941 995 5013 πρὸς
1024 4941 1222 5014 ἑαυτὴν
1253 4942 1515 5006 ἐπάνοδος
1547 4941 1642 4994 καὶ
1676 4941 1817 4994 ἁπο-

1910 4582 2132 4632 norum,
2169 4565 2338 4639 gratis
2368 4560 2627 4633 quiddam
2657 4576 2779 4616 esse
2806 4559 3086 4630 parabile;
3118 4572 3182 4613 ac
3226 4556 3488 4611 facilitate

1913 4678 2148 4727 summa,
2166 4659 2310 4716 citra
2335 4656 2585 4712 laborem
2615 4656 3094 4709 contentionemve
3119 4649 3284 4704 ullam
3313 4646 3490 4703 cuivis

1913 4755 2120 4814 volenti
2146 4752 2404 4811 evenire?

1986 4848 2226 4906 XXXIV.
2259 4844 2416 4913 Quod
2439 4841 2732 4898 consilium
2771 4851 2960 4908 quaeve
2996 4834 3140 4889 ratio
3175 4840 3263 4888 est
3289 4831 3494 4886 adven-

1918 4953 2009 4999 tus
2047 4939 2254 4998 Christi
2290 4953 2303 4989 :
2338 4934 2532 5007 quisve
2583 4940 2795 4985 naturae
2847 4937 3050 4982 nostra:
3097 4923 3162 4979 ad
3219 4937 3281 4978 se
3317 4923 3494 4992 ipsam

225 5010 922 5101 κατάστασις;”Δπέδωκε
964 5035 1073 5106 γὰρ
1107 5010 1520 5107 τῇνάνθρωπίνῃ
1569 5032 1730 5103 φύσει
1755 5050 1791 5085 τι

1919 5033 2150 5095 reditus,
2188 5038 2246 5084 et
2295 5025 2352 5081 in
2387 5026 2665 5094 integrum
2693 5017 3010 5074 restitutio?
3049 5011 3312 5070 Reddidit
3343 5010 3494 5067 enim

225 5129 334 5186 τοῦ
364 5128 792 5202 πρωτοπλάστου
834 5129 1006 5199 Ἀδὰμ
1033 5103 1270 5199 ἀξίωμα,
1305 5103 1445 5199 πρὸς
1556 5127 1652 5180 καὶ
1680 5126 1791 5194 κληι

1918 5125 2170 5183 Christus
2193 5122 2452 5174 humanae
2481 5123 2692 5170 natura:
2723 5112 2959 5167 ablatam
2999 5108 3103 5178 ipsi
3133 5107 3289 5178 prius
3316 5103 3497 5174 digni-

233 5222 498 5294 ρονομίαν
538 5221 686 5295 αὐτῷ
721 5222 1003 5293 οὐρανίαν,
1039 5220 1084 5273 ὣ
1128 5219 1280 5284 θείας
1319 5220 1412 5272 καὶ
1449 5219 1692 5289 μεγάλης
1742 5216 1819 5287 τῷ

229 5319 355 5373 δντι
403 5318 620 5388 χάριτος
667 5315 761 5370 τοῦ
816 5315 1020 5384 ἀγαθοῦ
1077 5315 1415 5385 Πνεόματος,
1472 5313 1814 5384 ἐδωρήσατο·

233 5411 530 5478 ἐξαγαγών
563 5427 622 5462 τε
647 5409 815 5479 αὐτὴν
843 5411 907 5462 ἐκ
938 5410 1037 5477 τῆς
1070 5407 1317 5477 φυλακῆς
1344 5406 1437 5458 τοῦ
1468 5406 1716 5467 σκότους,
1751 5403 1816 5457 δι’

234 5498 312 5572 ἧς
344 5501 572 5562 ἐλθόντι,
613 5502 705 5554 καὶ
748 5503 803 5554 ὲν
912 5499 1206 5570 κρούσαντι
1235 5498 1459 5552 δυνατὸν
1490 5499 1640 5560 ἐντδς
1671 5497 1824 5564 γενέ-

243 5594 375 5648 σθαι
403 5593 497 5662 τῆς
532 5593 807 5662 βασιλείας
835 5611 848 5625 ο
876 5591 1124 5656 Αἰτεῖτε,
1168 5591 1309 5669 γάρ-
1333 5607 1487 5662 φησι,
1519 5588 1616 5642 κίιί
1650 5585 1824 5655 600:}-

582 5713 590 5738 ί

323 5776 366 5807 ⁷⁷
397 5774 586 5830 Matth.
635 5774 862 5842 “1,26.
939 5772 983 5806 τε
1008 5773 1052 5829 ll
1091 5773 1238 5828 Pctr.
1277 5789 1334 5838 Il,
1373 5772 1454 5828 19.

1923 5225 2089 5272 tatem
2119 5210 2308 5267 Adami
2338 5205 2699 5278 protoplasti;
2733 5213 3111 5273 praetereaque
3130 5196 3357 5252 donavit
3384 5195 3498 5247 bte-

1921 5307 2211 5362 rcditatem
2242 5301 2342 5371 ipsi
2370 5300 2650 5353 cmlcstcm
2673 5313 2685 5348 :
2707 5309 2882 5347 overe
2913 5291 3153 5346 divinam
3168 5295 3222 5342 et
3243 5297 3494 5356 magnam

1924 5396 2054 5452 boni
2091 5392 2329 5463 Spiritus
2352 5388 2616 5460 gratiam!
2649 5386 2901 5439 Educcns
2933 5395 3065 5435 vero
3090 5380 3258 5448 ipsam
3281 5389 3346 5429 ex
3379 5389 3497 5428 car-

1923 5505 2050 5544 cere
2093 5485 2440 5540 tenebrarum
2483 5481 2624 5533 viam
2659 5478 2820 5533 etiam
2851 5476 2975 5528 vitae
2998 5484 3053 5527 et
3081 5473 3302 5542 ianuam
3343 5482 3497 5520 mon-

1928 5584 2142 5646 stravit,
2175 5596 2271 5649 per
2321 5591 2486 5647 quam
2540 5589 2664 5629 cum
2711 5569 2930 5634 transit,
2972 5576 3026 5624 ct
3055 5567 3121 5621 ad
3156 5579 3320 5635 quam
3373 5574 3496 5616 cum
