  <div class='ocr_page' id='page_1' title='image "/cluster/home/n/w/nwhite01/storage/ocr_20150623/34/hvd.32044019207760/495.png"; bbox 0 0 4044 6540; ppageno 0'>
   <div class='ocr_carea' id='block_1_1' title="bbox 578 327 682 393">
    <p class='ocr_par' dir='ltr' id='par_1_1' title="bbox 578 327 682 393">
     <span class='ocr_line' id='line_1_1' title="bbox 578 327 682 393; baseline -0.019 0"><span class='ocrx_word' id='word_1_1' title='bbox 578 327 682 393; x_wconf 87' lang='lat'><strong>967</strong></span> 
     </span>
    </p>
   </div>
   <div class='ocr_carea' id='block_1_2' title="bbox 1812 317 2587 380">
    <p class='ocr_par' dir='ltr' id='par_1_2' title="bbox 1812 317 2587 380">
     <span class='ocr_line' id='line_1_2' title="bbox 1812 317 2587 380; baseline 0.001 -2"><span class='ocrx_word' id='word_1_2' title='bbox 1812 318 1872 379; x_wconf 91' lang='lat' dir='ltr'><strong>S.</strong></span> <span class='ocrx_word' id='word_1_3' title='bbox 1895 317 2218 378; x_wconf 81' lang='lat' dir='ltr'><strong>MACARII</strong></span> <span class='ocrx_word' id='word_1_4' title='bbox 2262 319 2587 380; x_wconf 57' lang='lat' dir='ltr'><strong>IEGYPTII</strong></span> 
     </span>
    </p>
   </div>
   <div class='ocr_carea' id='block_1_3' title="bbox 3753 324 3856 387">
    <p class='ocr_par' dir='ltr' id='par_1_3' title="bbox 3753 324 3856 387">
     <span class='ocr_line' id='line_1_3' title="bbox 3753 324 3856 387; baseline 0 0"><span class='ocrx_word' id='word_1_5' title='bbox 3753 324 3856 387; x_wconf 70' lang='grc' dir='ltr'><strong>ραι</strong></span> 
     </span>
    </p>
   </div>
   <div class='ocr_carea' id='block_1_4' title="bbox 574 429 2193 512">
    <p class='ocr_par' dir='ltr' id='par_1_4' title="bbox 574 429 2193 512">
     <span class='ocr_line' id='line_1_4' title="bbox 574 429 2193 512; baseline -0.009 -16"><span class='ocrx_word' id='word_1_6' title='bbox 574 443 775 512; x_wconf 90' lang='lat' dir='ltr'><strong>pulsat,</strong></span> <span class='ocrx_word' id='word_1_7' title='bbox 809 446 990 509; x_wconf 87' lang='lat' dir='ltr'><strong>potest</strong></span> <span class='ocrx_word' id='word_1_8' title='bbox 1020 439 1072 492; x_wconf 92' lang='lat' dir='ltr'><strong>in</strong></span> <span class='ocrx_word' id='word_1_9' title='bbox 1105 437 1371 492; x_wconf 89' lang='lat' dir='ltr'><strong>interiora</strong></span> <span class='ocrx_word' id='word_1_10' title='bbox 1402 433 1554 505; x_wconf 81' lang='lat' dir='ltr'><strong>regni</strong></span> <span class='ocrx_word' id='word_1_11' title='bbox 1595 440 1884 502; x_wconf 88' lang='lat' dir='ltr'><strong>penetrare</strong></span> <span class='ocrx_word' id='word_1_12' title='bbox 1941 448 1954 482; x_wconf 88' lang='lat'><strong>:</strong></span> <span class='ocrx_word' id='word_1_13' title='bbox 1985 429 2154 483; x_wconf 82' lang='lat' dir='ltr'><strong>Petite</strong></span> <span class='ocrx_word' id='word_1_14' title='bbox 2189 483 2193 493; x_wconf 41' lang='grc' dir='ltr'>η</span> 
     </span>
    </p>
   </div>
   <div class='ocr_carea' id='block_1_5' title="bbox 2272 429 3856 512">
    <p class='ocr_par' dir='ltr' id='par_1_5' title="bbox 2272 432 3856 506">
     <span class='ocr_line' id='line_1_5' title="bbox 2272 432 3856 506; baseline 0.002 -21"><span class='ocrx_word' id='word_1_15' title='bbox 2272 446 2429 486; x_wconf 52' lang='lat' dir='ltr'><strong>verat</strong></span> <span class='ocrx_word' id='word_1_16' title='bbox 2459 432 2603 502; x_wconf 77' lang='grc' dir='ltr'><strong>ὑμῖν</strong></span> <span class='ocrx_word' id='word_1_17' title='bbox 2621 448 2633 461; x_wconf 74' lang='grc' dir='ltr'><strong>σ</strong></span> <span class='ocrx_word' id='word_1_18' title='bbox 2659 434 2923 500; x_wconf 77' lang='grc' dir='ltr'><strong>κρούετε,</strong></span> <span class='ocrx_word' id='word_1_19' title='bbox 2940 434 3040 488; x_wconf 78' lang='grc' dir='ltr'><strong>καὶ</strong></span> <span class='ocrx_word' id='word_1_20' title='bbox 3069 434 3480 504; x_wconf 71' lang='grc' dir='ltr'><strong>ἀνοιγήσεται.</strong></span> <span class='ocrx_word' id='word_1_21' title='bbox 3517 436 3619 489; x_wconf 78' lang='grc' dir='ltr'><strong>Διά</strong></span> <span class='ocrx_word' id='word_1_22' title='bbox 3648 437 3856 506; x_wconf 46' lang='lat' dir='ltr'><strong>eadm;</strong></span> 
     </span>
    </p>
   </div>
   <div class='ocr_carea' id='block_1_6' title="bbox 573 524 2160 599">
    <p class='ocr_par' dir='ltr' id='par_1_6' title="bbox 573 524 2160 599">
     <span class='ocr_line' id='line_1_6' title="bbox 573 524 2160 599; baseline -0.009 -11"><span class='ocrx_word' id='word_1_23' title='bbox 573 533 747 599; x_wconf 87' lang='lat' dir='ltr'><strong>enim,</strong></span> <span class='ocrx_word' id='word_1_24' title='bbox 781 533 878 596; x_wconf 89' lang='lat' dir='ltr'><strong>ait,</strong></span> <span class='ocrx_word' id='word_1_25' title='bbox 909 540 957 586; x_wconf 86' lang='lat' dir='ltr'><strong>et</strong></span> <span class='ocrx_word' id='word_1_26' title='bbox 998 532 1210 585; x_wconf 84' lang='lat' dir='ltr'><strong>dabitur</strong></span> <span class='ocrx_word' id='word_1_27' title='bbox 1238 530 1414 592; x_wconf 71' lang='lat' dir='ltr'><strong>vobis;</strong></span> <span class='ocrx_word' id='word_1_28' title='bbox 1443 527 1650 598; x_wconf 75' lang='lat' dir='ltr'><strong>pulsate</strong></span> <span class='ocrx_word' id='word_1_29' title='bbox 1695 534 1743 577; x_wconf 82' lang='lat' dir='ltr'><strong>et</strong></span> <span class='ocrx_word' id='word_1_30' title='bbox 1771 524 2040 593; x_wconf 76' lang='lat' dir='ltr'><strong>aperietur</strong></span> <span class='ocrx_word' id='word_1_31' title='bbox 2069 539 2160 574; x_wconf 81' lang='lat' dir='ltr'><strong>vo-</strong></span> 
     </span>
    </p>
   </div>
   <div class='ocr_carea' id='block_1_7' title="bbox 576 613 2154 694">
    <p class='ocr_par' dir='ltr' id='par_1_7' title="bbox 576 613 2154 694">
     <span class='ocr_line' id='line_1_7' title="bbox 576 613 2154 694; baseline -0.011 -14"><span class='ocrx_word' id='word_1_32' title='bbox 576 628 656 682; x_wconf 76' lang='lat' dir='ltr'><strong>bis</strong></span> <span class='ocrx_word' id='word_1_33' title='bbox 675 627 744 678; x_wconf 84' lang='lat'><strong>&quot;.</strong></span> <span class='ocrx_word' id='word_1_34' title='bbox 771 625 874 679; x_wconf 91' lang='lat' dir='ltr'><strong>Per</strong></span> <span class='ocrx_word' id='word_1_35' title='bbox 908 623 1054 678; x_wconf 85' lang='lat' dir='ltr'><strong>illam</strong></span> <span class='ocrx_word' id='word_1_36' title='bbox 1084 632 1302 694; x_wconf 90' lang='lat' dir='ltr'><strong>portam</strong></span> <span class='ocrx_word' id='word_1_37' title='bbox 1329 619 1537 675; x_wconf 87' lang='lat' dir='ltr'><strong>nemini</strong></span> <span class='ocrx_word' id='word_1_38' title='bbox 1576 631 1793 680; x_wconf 90' lang='lat' dir='ltr'><strong>eorum,</strong></span> <span class='ocrx_word' id='word_1_39' title='bbox 1820 614 1916 684; x_wconf 89' lang='lat' dir='ltr'><strong>qui</strong></span> <span class='ocrx_word' id='word_1_40' title='bbox 1941 613 2154 677; x_wconf 87' lang='lat' dir='ltr'><strong>volunt,</strong></span> 
     </span>
    </p>
   </div>
   <div class='ocr_carea' id='block_1_8' title="bbox 577 705 2159 787">
    <p class='ocr_par' dir='ltr' id='par_1_8' title="bbox 577 705 2159 787">
     <span class='ocr_line' id='line_1_8' title="bbox 577 705 2159 787; baseline -0.009 -15"><span class='ocrx_word' id='word_1_41' title='bbox 577 715 918 787; x_wconf 87' lang='lat' dir='ltr'><strong>impossibile</strong></span> <span class='ocrx_word' id='word_1_42' title='bbox 937 723 1042 780; x_wconf 88' lang='lat' dir='ltr'><strong>est,</strong></span> <span class='ocrx_word' id='word_1_43' title='bbox 1075 729 1188 769; x_wconf 67' lang='lat' dir='ltr'><strong>suae</strong></span> <span class='ocrx_word' id='word_1_44' title='bbox 1212 712 1384 782; x_wconf 86' lang='lat' dir='ltr'><strong>ipsius</strong></span> <span class='ocrx_word' id='word_1_45' title='bbox 1413 709 1610 764; x_wconf 63' lang='lat' dir='ltr'><strong>animae</strong></span> <span class='ocrx_word' id='word_1_46' title='bbox 1654 707 1907 762; x_wconf 90' lang='lat' dir='ltr'><strong>invenire</strong></span> <span class='ocrx_word' id='word_1_47' title='bbox 1928 705 2159 760; x_wconf 86' lang='lat' dir='ltr'><strong>Iiberta-</strong></span> 
     </span>
    </p>
   </div>
   <div class='ocr_carea' id='block_1_9' title="bbox 579 799 2161 879">
    <p class='ocr_par' dir='ltr' id='par_1_9' title="bbox 579 799 2161 879">
     <span class='ocr_line' id='line_1_9' title="bbox 579 799 2161 879; baseline -0.008 -15"><span class='ocrx_word' id='word_1_48' title='bbox 579 819 710 871; x_wconf 88' lang='lat' dir='ltr'><strong>tem.</strong></span> <span class='ocrx_word' id='word_1_49' title='bbox 741 809 902 879; x_wconf 92' lang='lat'><strong>222</strong></span> <span class='ocrx_word' id='word_1_50' title='bbox 934 823 1037 863; x_wconf 90' lang='lat' dir='ltr'><strong>nec</strong></span> <span class='ocrx_word' id='word_1_51' title='bbox 1068 821 1187 862; x_wconf 89' lang='lat' dir='ltr'><strong>eam</strong></span> <span class='ocrx_word' id='word_1_52' title='bbox 1209 803 1601 859; x_wconf 83' lang='lat' dir='ltr'><strong>convenientes</strong></span> <span class='ocrx_word' id='word_1_53' title='bbox 1630 801 1734 870; x_wconf 88' lang='lat' dir='ltr'><strong>ipsi</strong></span> <span class='ocrx_word' id='word_1_54' title='bbox 1767 799 2016 868; x_wconf 87' lang='lat' dir='ltr'><strong>recipere</strong></span> <span class='ocrx_word' id='word_1_55' title='bbox 2064 812 2161 852; x_wconf 90' lang='lat' dir='ltr'><strong>co-</strong></span> 
     </span>
    </p>
   </div>
   <div class='ocr_carea' id='block_1_10' title="bbox 579 887 2164 970">
    <p class='ocr_par' dir='ltr' id='par_1_10' title="bbox 579 887 2164 970">
     <span class='ocr_line' id='line_1_10' title="bbox 579 887 2164 970; baseline -0.008 -18"><span class='ocrx_word' id='word_1_56' title='bbox 579 899 895 970; x_wconf 86' lang='lat' dir='ltr'><strong>gitationes,</strong></span> <span class='ocrx_word' id='word_1_57' title='bbox 920 907 975 951; x_wconf 91' lang='lat' dir='ltr'><strong>et</strong></span> <span class='ocrx_word' id='word_1_58' title='bbox 1011 911 1136 950; x_wconf 91' lang='lat' dir='ltr'><strong>cum</strong></span> <span class='ocrx_word' id='word_1_59' title='bbox 1160 894 1442 948; x_wconf 74' lang='lat' dir='ltr'><strong>Christum</strong></span> <span class='ocrx_word' id='word_1_60' title='bbox 1490 906 1677 946; x_wconf 85' lang='lat' dir='ltr'><strong>secum</strong></span> <span class='ocrx_word' id='word_1_61' title='bbox 1715 887 1966 960; x_wconf 89' lang='lat' dir='ltr'><strong>possidet</strong></span> <span class='ocrx_word' id='word_1_62' title='bbox 2003 887 2164 941; x_wconf 86' lang='lat' dir='ltr'><strong>habi-</strong></span> 
     </span>
    </p>
   </div>
   <div class='ocr_carea' id='block_1_11' title="bbox 581 972 2162 1053">
    <p class='ocr_par' dir='ltr' id='par_1_11' title="bbox 581 972 2162 1053">
     <span class='ocr_line' id='line_1_11' title="bbox 581 972 2162 1053; baseline -0.009 -13"><span class='ocrx_word' id='word_1_63' title='bbox 581 994 810 1050; x_wconf 90' lang='lat' dir='ltr'><strong>tantem,</strong></span> <span class='ocrx_word' id='word_1_64' title='bbox 855 983 1185 1053; x_wconf 75' lang='lat' dir='ltr'><strong>locupletem</strong></span> <span class='ocrx_word' id='word_1_65' title='bbox 1233 996 1376 1044; x_wconf 91' lang='lat' dir='ltr'><strong>esse,</strong></span> <span class='ocrx_word' id='word_1_66' title='bbox 1409 995 1586 1049; x_wconf 91' lang='lat' dir='ltr'><strong>eoque</strong></span> <span class='ocrx_word' id='word_1_67' title='bbox 1609 979 1782 1032; x_wconf 91' lang='lat' dir='ltr'><strong>veluti</strong></span> <span class='ocrx_word' id='word_1_68' title='bbox 1811 991 2013 1047; x_wconf 89' lang='lat' dir='ltr'><strong>sponso</strong></span> <span class='ocrx_word' id='word_1_69' title='bbox 2052 972 2162 1028; x_wconf 91' lang='lat' dir='ltr'><strong>frui</strong></span> 
     </span>
    </p>
   </div>
   <div class='ocr_carea' id='block_1_12' title="bbox 580 1066 2165 1149">
    <p class='ocr_par' dir='ltr' id='par_1_12' title="bbox 580 1066 2165 1149">
     <span class='ocr_line' id='line_1_12' title="bbox 580 1066 2165 1149; baseline -0.008 -17"><span class='ocrx_word' id='word_1_70' title='bbox 580 1093 680 1149; x_wconf 86' lang='lat' dir='ltr'><strong>per</strong></span> <span class='ocrx_word' id='word_1_71' title='bbox 699 1074 1261 1132; x_wconf 85' lang='lat' dir='ltr'><strong>communicationem</strong></span> <span class='ocrx_word' id='word_1_72' title='bbox 1294 1073 1426 1127; x_wconf 88' lang='lat' dir='ltr'><strong>boni</strong></span> <span class='ocrx_word' id='word_1_73' title='bbox 1450 1072 1712 1142; x_wconf 88' lang='lat' dir='ltr'><strong>Spiritus.</strong></span> <span class='ocrx_word' id='word_1_74' title='bbox 1738 1069 1874 1124; x_wconf 83' lang='lat' dir='ltr'><strong>Vide</strong></span> <span class='ocrx_word' id='word_1_75' title='bbox 1913 1066 2165 1122; x_wconf 69' lang='lat' dir='ltr'><strong>ineffabi-</strong></span> 
     </span>
    </p>
   </div>
   <div class='ocr_carea' id='block_1_13' title="bbox 579 1157 2162 1224">
    <p class='ocr_par' dir='ltr' id='par_1_13' title="bbox 579 1157 2162 1224">
     <span class='ocr_line' id='line_1_13' title="bbox 579 1157 2162 1224; baseline -0.008 -1"><span class='ocrx_word' id='word_1_76' title='bbox 579 1171 687 1224; x_wconf 88' lang='lat' dir='ltr'><strong>lem</strong></span> <span class='ocrx_word' id='word_1_77' title='bbox 726 1166 1052 1222; x_wconf 88' lang='lat' dir='ltr'><strong>charitatem</strong></span> <span class='ocrx_word' id='word_1_78' title='bbox 1090 1163 1310 1218; x_wconf 90' lang='lat' dir='ltr'><strong>Domini</strong></span> <span class='ocrx_word' id='word_1_79' title='bbox 1353 1163 1616 1218; x_wconf 88' lang='lat' dir='ltr'><strong>adversus</strong></span> <span class='ocrx_word' id='word_1_80' title='bbox 1639 1161 1942 1223; x_wconf 87' lang='lat' dir='ltr'><strong>hominem,</strong></span> <span class='ocrx_word' id='word_1_81' title='bbox 1976 1157 2042 1211; x_wconf 89' lang='lat' dir='ltr'><strong>ad</strong></span> <span class='ocrx_word' id='word_1_82' title='bbox 2079 1157 2162 1211; x_wconf 91' lang='lat' dir='ltr'><strong>sui</strong></span> 
     </span>
    </p>
   </div>
   <div class='ocr_carea' id='block_1_14' title="bbox 580 1256 1412 1330">
    <p class='ocr_par' dir='ltr' id='par_1_14' title="bbox 580 1256 1412 1330">
     <span class='ocr_line' id='line_1_14' title="bbox 580 1256 1412 1330; baseline -0.007 -15"><span class='ocrx_word' id='word_1_83' title='bbox 580 1260 756 1330; x_wconf 91' lang='lat' dir='ltr'><strong>ipsius</strong></span> <span class='ocrx_word' id='word_1_84' title='bbox 781 1259 1074 1330; x_wconf 83' lang='lat' dir='ltr'><strong>imaginem</strong></span> <span class='ocrx_word' id='word_1_85' title='bbox 1101 1256 1412 1312; x_wconf 89' lang='lat' dir='ltr'><strong>conditum.</strong></span> 
     </span>
    </p>
   </div>
   <div class='ocr_carea' id='block_1_15' title="bbox 649 1395 1134 1459">
    <p class='ocr_par' dir='ltr' id='par_1_15' title="bbox 649 1395 1134 1459">
     <span class='ocr_line' id='line_1_15' title="bbox 649 1395 1134 1459; baseline -0.01 -6"><span class='ocrx_word' id='word_1_86' title='bbox 649 1397 695 1431; x_wconf 80' lang='lat'><strong>&quot;</strong></span> <span class='ocrx_word' id='word_1_87' title='bbox 719 1396 911 1452; x_wconf 77' lang='lat' dir='ltr'><strong>Matth.</strong></span> <span class='ocrx_word' id='word_1_88' title='bbox 943 1411 1037 1459; x_wconf 89' lang='lat' dir='ltr'><strong>vn,</strong></span> <span class='ocrx_word' id='word_1_89' title='bbox 1079 1395 1134 1449; x_wconf 89' lang='lat'><strong>7.</strong></span> 
     </span>
    </p>
   </div>
   <div class='ocr_carea' id='block_1_16' title="bbox 582 1595 974 1616">
    <p class='ocr_par' dir='ltr' id='par_1_16' title="bbox 582 1595 974 1616">
     <span class='ocr_line' id='line_1_16' title="bbox 582 1595 974 1616; baseline -0.003 -1"><span class='ocrx_word' id='word_1_90' title='bbox 582 1595 974 1616; x_wconf 39' lang='grc' dir='ltr'><em>ψ</em></span> 
     </span>
    </p>
   </div>
   <div class='ocr_carea' id='block_1_17' title="bbox 2258 521 3852 596">
    <p class='ocr_par' dir='ltr' id='par_1_17' title="bbox 2258 521 3852 596">
     <span class='ocr_line' id='line_1_17' title="bbox 2258 521 3852 596; baseline 0.004 -20"><span class='ocrx_word' id='word_1_91' title='bbox 2258 524 2354 592; x_wconf 84' lang='grc' dir='ltr'><strong>τῆς</strong></span> <span class='ocrx_word' id='word_1_92' title='bbox 2389 521 2558 591; x_wconf 83' lang='grc' dir='ltr'><strong>Θύρας</strong></span> <span class='ocrx_word' id='word_1_93' title='bbox 2591 522 2767 576; x_wconf 79' lang='grc' dir='ltr'>οὐδενὶ</span> <span class='ocrx_word' id='word_1_94' title='bbox 2803 524 2912 578; x_wconf 84' lang='grc' dir='ltr'><strong>τῶν</strong></span> <span class='ocrx_word' id='word_1_95' title='bbox 2942 525 3283 596; x_wconf 76' lang='grc' dir='ltr'><strong>βουλομένων</strong></span> <span class='ocrx_word' id='word_1_96' title='bbox 3335 525 3547 596; x_wconf 74' lang='grc' dir='ltr'>ἄπορον</span> <span class='ocrx_word' id='word_1_97' title='bbox 3567 526 3681 596; x_wconf 61' lang='grc' dir='ltr'>τὴν</span> <span class='ocrx_word' id='word_1_98' title='bbox 3699 529 3852 582; x_wconf 69' lang='grc' dir='ltr'><strong>ἀλευ-</strong></span> 
     </span>
    </p>
   </div>
   <div class='ocr_carea' id='block_1_18' title="bbox 2260 613 3856 688">
    <p class='ocr_par' dir='ltr' id='par_1_18' title="bbox 2260 613 3856 688">
     <span class='ocr_line' id='line_1_18' title="bbox 2260 613 3856 688; baseline -0.002 -18"><span class='ocrx_word' id='word_1_99' title='bbox 2260 617 2444 688; x_wconf 77' lang='grc' dir='ltr'>θερίαν</span> <span class='ocrx_word' id='word_1_100' title='bbox 2473 615 2571 686; x_wconf 83' lang='grc' dir='ltr'><strong>τὴν</strong></span> <span class='ocrx_word' id='word_1_101' title='bbox 2602 613 2798 671; x_wconf 78' lang='grc' dir='ltr'><strong>ἑαυτοῦ</strong></span> <span class='ocrx_word' id='word_1_102' title='bbox 2842 614 3024 684; x_wconf 80' lang='grc' dir='ltr'>ψυχῆς</span> <span class='ocrx_word' id='word_1_103' title='bbox 3070 617 3346 684; x_wconf 77' lang='grc' dir='ltr'><strong>ὲφευρεῖν,</strong></span> <span class='ocrx_word' id='word_1_104' title='bbox 3380 616 3602 685; x_wconf 79' lang='grc' dir='ltr'>ἐκείνην</span> <span class='ocrx_word' id='word_1_105' title='bbox 3629 631 3698 667; x_wconf 81' lang='grc' dir='ltr'><strong>τε</strong></span> <span class='ocrx_word' id='word_1_106' title='bbox 3731 619 3856 680; x_wconf 68' lang='grc' dir='ltr'><strong>τοὺς</strong></span> 
     </span>
    </p>
   </div>
   <div class='ocr_carea' id='block_1_19' title="bbox 2261 703 3858 774">
    <p class='ocr_par' dir='ltr' id='par_1_19' title="bbox 2261 703 3858 774">
     <span class='ocr_line' id='line_1_19' title="bbox 2261 703 3858 774; baseline 0.002 -18"><span class='ocrx_word' id='word_1_107' title='bbox 2261 703 2423 767; x_wconf 73' lang='grc' dir='ltr'><strong>ἰδίους</strong></span> <span class='ocrx_word' id='word_1_108' title='bbox 2447 704 2742 758; x_wconf 78' lang='grc' dir='ltr'>ἀπολαϐεῖν</span> <span class='ocrx_word' id='word_1_109' title='bbox 2779 703 3094 772; x_wconf 82' lang='grc' dir='ltr'><strong>λογισμοὺς,</strong></span> <span class='ocrx_word' id='word_1_110' title='bbox 3136 705 3230 756; x_wconf 82' lang='grc' dir='ltr'>καὶ</span> <span class='ocrx_word' id='word_1_111' title='bbox 3282 705 3588 774; x_wconf 79' lang='grc' dir='ltr'><strong>πλουτῆσαι</strong></span> <span class='ocrx_word' id='word_1_112' title='bbox 3618 706 3858 774; x_wconf 65' lang='grc' dir='ltr'><strong>Χριστὸς</strong></span> 
     </span>
    </p>
   </div>
   <div class='ocr_carea' id='block_1_20' title="bbox 2262 795 3856 867">
    <p class='ocr_par' dir='ltr' id='par_1_20' title="bbox 2262 795 3856 867">
     <span class='ocr_line' id='line_1_20' title="bbox 2262 795 3856 867; baseline -0.001 -19"><span class='ocrx_word' id='word_1_113' title='bbox 2262 795 2530 862; x_wconf 82' lang='grc' dir='ltr'><strong>σύνοικον,</strong></span> <span class='ocrx_word' id='word_1_114' title='bbox 2566 798 2662 850; x_wconf 77' lang='grc' dir='ltr'><strong>καὶ</strong></span> <span class='ocrx_word' id='word_1_115' title='bbox 2709 795 2786 858; x_wconf 86' lang='grc' dir='ltr'><strong>ὡς</strong></span> <span class='ocrx_word' id='word_1_116' title='bbox 2835 795 3054 867; x_wconf 80' lang='grc' dir='ltr'><strong>νυμφίῳ</strong></span> <span class='ocrx_word' id='word_1_117' title='bbox 3082 795 3234 866; x_wconf 77' lang='grc' dir='ltr'><strong>αὑτῷ</strong></span> <span class='ocrx_word' id='word_1_118' title='bbox 3261 798 3403 850; x_wconf 78' lang='grc' dir='ltr'><strong>κατὰ</strong></span> <span class='ocrx_word' id='word_1_119' title='bbox 3429 798 3531 865; x_wconf 78' lang='grc' dir='ltr'><strong>τὴν</strong></span> <span class='ocrx_word' id='word_1_120' title='bbox 3563 797 3856 849; x_wconf 65' lang='grc' dir='ltr'>κοινωνξιν</span> 
     </span>
    </p>
   </div>
   <div class='ocr_carea' id='block_1_21' title="bbox 2261 885 3856 958">
    <p class='ocr_par' dir='ltr' id='par_1_21' title="bbox 2261 885 3856 958">
     <span class='ocr_line' id='line_1_21' title="bbox 2261 885 3856 958; baseline -0.001 -20"><span class='ocrx_word' id='word_1_121' title='bbox 2261 885 2356 938; x_wconf 83' lang='grc' dir='ltr'><strong>τοῦ</strong></span> <span class='ocrx_word' id='word_1_122' title='bbox 2414 886 2619 955; x_wconf 82' lang='grc' dir='ltr'><strong>ἀγαθοῦ</strong></span> <span class='ocrx_word' id='word_1_123' title='bbox 2686 885 3002 958; x_wconf 79' lang='grc' dir='ltr'><strong>Πνεύματος</strong></span> <span class='ocrx_word' id='word_1_124' title='bbox 3069 885 3398 956; x_wconf 78' lang='grc' dir='ltr'><strong>χρήσασθαι.</strong></span> <span class='ocrx_word' id='word_1_125' title='bbox 3459 887 3568 940; x_wconf 82' lang='grc' dir='ltr'><strong>Ἴδε</strong></span> <span class='ocrx_word' id='word_1_126' title='bbox 3633 885 3856 954; x_wconf 70' lang='grc' dir='ltr'><strong>ἀγάπην</strong></span> 
     </span>
    </p>
   </div>
   <div class='ocr_carea' id='block_1_22' title="bbox 2262 977 3858 1051">
    <p class='ocr_par' dir='ltr' id='par_1_22' title="bbox 2262 977 3858 1051">
     <span class='ocr_line' id='line_1_22' title="bbox 2262 977 3858 1051; baseline -0.002 -19"><span class='ocrx_word' id='word_1_127' title='bbox 2262 977 2503 1051; x_wconf 74' lang='grc' dir='ltr'>ἇρρητον</span> <span class='ocrx_word' id='word_1_128' title='bbox 2538 980 2810 1032; x_wconf 75' lang='grc' dir='ltr'><strong>Δεσπότου</strong></span> <span class='ocrx_word' id='word_1_129' title='bbox 2872 980 3010 1049; x_wconf 77' lang='grc' dir='ltr'>πρὸς</span> <span class='ocrx_word' id='word_1_130' title='bbox 3058 979 3151 1032; x_wconf 77' lang='grc' dir='ltr'><strong>τὸν</strong></span> <span class='ocrx_word' id='word_1_131' title='bbox 3189 978 3281 1030; x_wconf 82' lang='grc' dir='ltr'><strong>ὑπ’</strong></span> <span class='ocrx_word' id='word_1_132' title='bbox 3329 978 3499 1032; x_wconf 80' lang='grc' dir='ltr'>αὐτοῦ</span> <span class='ocrx_word' id='word_1_133' title='bbox 3560 978 3858 1047; x_wconf 74' lang='grc' dir='ltr'>γενόμενον</span> 
     </span>
    </p>
   </div>
   <div class='ocr_carea' id='block_1_23' title="bbox 2263 1070 3418 1143">
    <p class='ocr_par' dir='ltr' id='par_1_23' title="bbox 2263 1070 3418 1143">
     <span class='ocr_line' id='line_1_23' title="bbox 2263 1070 3418 1143; baseline 0.001 -19"><span class='ocrx_word' id='word_1_134' title='bbox 2263 1072 2403 1125; x_wconf 78' lang='grc' dir='ltr'><strong>κατὰ</strong></span> <span class='ocrx_word' id='word_1_135' title='bbox 2425 1072 2524 1142; x_wconf 79' lang='grc' dir='ltr'><strong>τὴν</strong></span> <span class='ocrx_word' id='word_1_136' title='bbox 2544 1070 2728 1125; x_wconf 81' lang='grc' dir='ltr'><strong>εἰκόνα</strong></span> <span class='ocrx_word' id='word_1_137' title='bbox 2759 1070 2858 1143; x_wconf 80' lang='grc' dir='ltr'><strong>τὴν</strong></span> <span class='ocrx_word' id='word_1_138' title='bbox 2888 1070 3080 1124; x_wconf 73' lang='grc' dir='ltr'><strong>ἑαυτοῦ</strong></span> <span class='ocrx_word' id='word_1_139' title='bbox 3112 1070 3418 1140; x_wconf 77' lang='grc' dir='ltr'>ἄνθρωπον.</span> 
     </span>
    </p>
   </div>
   <div class='ocr_carea' id='block_1_24' title="bbox 1021 1577 3843 1614">
    <p class='ocr_par' dir='ltr' id='par_1_24' title="bbox 1021 1577 3843 1614">
     <span class='ocr_line' id='line_1_24' title="bbox 1021 1577 3843 1614; baseline -0.002 -11"><span class='ocrx_word' id='word_1_140' title='bbox 1021 1577 3843 1614; x_wconf 68' lang='lat'><strong>______________________________._______._._____</strong></span> 
     </span>
    </p>
   </div>
   <div class='ocr_carea' id='block_1_25' title="bbox 1381 1751 3036 1843">
    <p class='ocr_par' dir='ltr' id='par_1_25' title="bbox 1381 1751 3036 1843">
     <span class='ocr_line' id='line_1_25' title="bbox 1381 1751 3036 1843; baseline -0.002 0"><span class='ocrx_word' id='word_1_141' title='bbox 1381 1755 1474 1843; x_wconf 91' lang='lat' dir='ltr'><strong>S.</strong></span> <span class='ocrx_word' id='word_1_142' title='bbox 1594 1754 2088 1843; x_wconf 79' lang='lat' dir='ltr'><strong>MACARII</strong></span> <span class='ocrx_word' id='word_1_143' title='bbox 2198 1751 3036 1842; x_wconf 81' lang='lat' dir='ltr'><strong>ALEXANDRINI</strong></span> 
     </span>
    </p>
   </div>
   <div class='ocr_carea' id='block_1_26' title="bbox 1885 1960 2521 2007">
    <p class='ocr_par' dir='ltr' id='par_1_26' title="bbox 1885 1960 2521 2007">
     <span class='ocr_line' id='line_1_26' title="bbox 1885 1960 2521 2007; baseline -0.003 0"><span class='ocrx_word' id='word_1_144' title='bbox 1885 1961 2143 2007; x_wconf 81' lang='lat' dir='ltr'><strong>ABBATIS</strong></span> <span class='ocrx_word' id='word_1_145' title='bbox 2175 1960 2521 2006; x_wconf 77' lang='lat' dir='ltr'><strong>NITRIENSIS</strong></span> 
     </span>
    </p>
   </div>
   <div class='ocr_carea' id='block_1_27' title="bbox 1197 2109 3213 2263">
    <p class='ocr_par' dir='ltr' id='par_1_27' title="bbox 1197 2109 3213 2263">
     <span class='ocr_line' id='line_1_27' title="bbox 1197 2109 3213 2263; baseline 0.001 -4"><span class='ocrx_word' id='word_1_146' title='bbox 1197 2130 1842 2263; x_wconf 80' lang='lat' dir='ltr'><strong>REGULA</strong></span> <span class='ocrx_word' id='word_1_147' title='bbox 1923 2132 2129 2256; x_wconf 87' lang='lat' dir='ltr'><strong>AD</strong></span> <span class='ocrx_word' id='word_1_148' title='bbox 2245 2109 3213 2262; x_wconf 75' lang='lat' dir='ltr'><strong>MONACHOS‘”</strong></span> 
     </span>
    </p>
   </div>
   <div class='ocr_carea' id='block_1_28' title="bbox 646 2503 3857 2578">
    <p class='ocr_par' dir='ltr' id='par_1_28' title="bbox 646 2503 3857 2578">
     <span class='ocr_line' id='line_1_28' title="bbox 646 2503 3857 2578; baseline -0.002 -11"><span class='ocrx_word' id='word_1_149' title='bbox 646 2513 689 2568; x_wconf 95' lang='lat' dir='ltr'><strong>I.</strong></span> <span class='ocrx_word' id='word_1_150' title='bbox 732 2511 934 2566; x_wconf 83' lang='lat' dir='ltr'><strong>Milites</strong></span> <span class='ocrx_word' id='word_1_151' title='bbox 977 2522 1109 2578; x_wconf 85' lang='lat' dir='ltr'><strong>ergo</strong></span> <span class='ocrx_word' id='word_1_152' title='bbox 1157 2505 1362 2560; x_wconf 86' lang='lat' dir='ltr'><strong>Christi</strong></span> <span class='ocrx_word' id='word_1_153' title='bbox 1413 2505 1492 2560; x_wconf 91' lang='lat' dir='ltr'><strong>sic</strong></span> <span class='ocrx_word' id='word_1_154' title='bbox 1544 2503 1724 2558; x_wconf 84' lang='lat' dir='ltr'><strong>taliter</strong></span> <span class='ocrx_word' id='word_1_155' title='bbox 1768 2518 1898 2559; x_wconf 91' lang='lat' dir='ltr'><strong>suos</strong></span> <span class='ocrx_word' id='word_1_156' title='bbox 1950 2504 2158 2561; x_wconf 82' lang='lat' dir='ltr'><strong>debent</strong></span> <span class='ocrx_word' id='word_1_157' title='bbox 2196 2515 2235 2569; x_wconf 75' lang='grc' dir='ltr'><strong>Β</strong></span> <span class='ocrx_word' id='word_1_158' title='bbox 2335 2505 2471 2560; x_wconf 77' lang='lat' dir='ltr'><strong>VIII.</strong></span> <span class='ocrx_word' id='word_1_159' title='bbox 2513 2505 2628 2559; x_wconf 77' lang='lat' dir='ltr'><strong>Non</strong></span> <span class='ocrx_word' id='word_1_160' title='bbox 2699 2505 2871 2558; x_wconf 77' lang='lat' dir='ltr'><strong>oderis</strong></span> <span class='ocrx_word' id='word_1_161' title='bbox 2920 2504 3239 2559; x_wconf 81' lang='lat' dir='ltr'><strong>laboriosam</strong></span> <span class='ocrx_word' id='word_1_162' title='bbox 3289 2524 3513 2576; x_wconf 87' lang='lat' dir='ltr'><strong>operam</strong></span> <span class='ocrx_word' id='word_1_163' title='bbox 3567 2508 3588 2538; x_wconf 91' lang='grc'>³</span> <span class='ocrx_word' id='word_1_164' title='bbox 3632 2526 3651 2563; x_wconf 87' lang='grc'><em>;</em></span> <span class='ocrx_word' id='word_1_165' title='bbox 3685 2511 3857 2564; x_wconf 83' lang='lat' dir='ltr'><strong>otium</strong></span> 
     </span>
    </p>
   </div>
   <div class='ocr_carea' id='block_1_29' title="bbox 576 2596 2162 2673">
    <p class='ocr_par' dir='ltr' id='par_1_29' title="bbox 576 2596 2162 2673">
     <span class='ocr_line' id='line_1_29' title="bbox 576 2596 2162 2673; baseline -0.006 -12"><span class='ocrx_word' id='word_1_166' title='bbox 576 2615 912 2673; x_wconf 87' lang='lat' dir='ltr'><strong>componere</strong></span> <span class='ocrx_word' id='word_1_167' title='bbox 960 2613 1201 2669; x_wconf 80' lang='lat' dir='ltr'><strong>gressus,</strong></span> <span class='ocrx_word' id='word_1_168' title='bbox 1243 2598 1566 2652; x_wconf 89' lang='lat' dir='ltr'><strong>charitatem</strong></span> <span class='ocrx_word' id='word_1_169' title='bbox 1620 2597 1672 2649; x_wconf 92' lang='lat' dir='ltr'><strong>in</strong></span> <span class='ocrx_word' id='word_1_170' title='bbox 1715 2610 1773 2649; x_wconf 89' lang='lat' dir='ltr'><strong>se</strong></span> <span class='ocrx_word' id='word_1_171' title='bbox 1823 2596 2162 2664; x_wconf 85' lang='lat' dir='ltr'><strong>perfectissi-</strong></span> 
     </span>
    </p>
   </div>
   <div class='ocr_carea' id='block_1_30' title="bbox 576 2687 2161 2759">
    <p class='ocr_par' dir='ltr' id='par_1_30' title="bbox 576 2687 2161 2759">
     <span class='ocr_line' id='line_1_30' title="bbox 576 2687 2161 2759; baseline -0.004 -11"><span class='ocrx_word' id='word_1_172' title='bbox 576 2709 719 2750; x_wconf 90' lang='lat' dir='ltr'><strong>mam</strong></span> <span class='ocrx_word' id='word_1_173' title='bbox 763 2691 1158 2748; x_wconf 83' lang='lat' dir='ltr'><strong>continentes:</strong></span> <span class='ocrx_word' id='word_1_174' title='bbox 1208 2689 1376 2743; x_wconf 90' lang='lat' dir='ltr'><strong>Deum</strong></span> <span class='ocrx_word' id='word_1_175' title='bbox 1427 2703 1490 2742; x_wconf 76' lang='lat' dir='ltr'><strong>ea:</strong></span> <span class='ocrx_word' id='word_1_176' title='bbox 1543 2695 1654 2740; x_wconf 84' lang='lat' dir='ltr'><strong>tota</strong></span> <span class='ocrx_word' id='word_1_177' title='bbox 1691 2687 1878 2740; x_wconf 85' lang='lat' dir='ltr'><strong>anima</strong></span> <span class='ocrx_word' id='word_1_178' title='bbox 1923 2687 2161 2759; x_wconf 80' lang='lat' dir='ltr'><strong>diligere,</strong></span> 
     </span>
    </p>
   </div>
   <div class='ocr_carea' id='block_1_31' title="bbox 576 2781 1915 2847">
    <p class='ocr_par' dir='ltr' id='par_1_31' title="bbox 576 2781 1915 2847">
     <span class='ocr_line' id='line_1_31' title="bbox 576 2781 1915 2847; baseline -0.005 -7"><span class='ocrx_word' id='word_1_179' title='bbox 576 2799 626 2840; x_wconf 86' lang='lat' dir='ltr'><strong>et</strong></span> <span class='ocrx_word' id='word_1_180' title='bbox 669 2802 734 2840; x_wconf 77' lang='lat' dir='ltr'><strong>ea:</strong></span> <span class='ocrx_word' id='word_1_181' title='bbox 781 2794 887 2840; x_wconf 83' lang='lat' dir='ltr'><strong>toto</strong></span> <span class='ocrx_word' id='word_1_182' title='bbox 932 2784 1109 2847; x_wconf 86' lang='lat' dir='ltr'><strong>corde,</strong></span> <span class='ocrx_word' id='word_1_183' title='bbox 1163 2791 1212 2836; x_wconf 83' lang='lat' dir='ltr'><strong>et</strong></span> <span class='ocrx_word' id='word_1_184' title='bbox 1255 2797 1318 2834; x_wconf 80' lang='lat' dir='ltr'><strong>ea:</strong></span> <span class='ocrx_word' id='word_1_185' title='bbox 1359 2788 1468 2834; x_wconf 87' lang='lat' dir='ltr'><strong>tota</strong></span> <span class='ocrx_word' id='word_1_186' title='bbox 1509 2781 1700 2833; x_wconf 81' lang='lat' dir='ltr'><strong>virtute</strong></span> <span class='ocrx_word' id='word_1_187' title='bbox 1739 2797 1837 2834; x_wconf 85' lang='lat' dir='ltr'><strong>sua</strong></span> <span class='ocrx_word' id='word_1_188' title='bbox 1877 2782 1915 2833; x_wconf 88' lang='grc'><strong>¹.</strong></span> 
     </span>
    </p>
   </div>
   <div class='ocr_carea' id='block_1_32' title="bbox 647 2870 2165 2941">
    <p class='ocr_par' dir='ltr' id='par_1_32' title="bbox 647 2870 2165 2941">
     <span class='ocr_line' id='line_1_32' title="bbox 647 2870 2165 2941; baseline -0.003 -10"><span class='ocrx_word' id='word_1_189' title='bbox 647 2877 713 2931; x_wconf 93' lang='lat' dir='ltr'><strong>II.</strong></span> <span class='ocrx_word' id='word_1_190' title='bbox 755 2877 995 2931; x_wconf 87' lang='lat' dir='ltr'><strong>Invicem</strong></span> <span class='ocrx_word' id='word_1_191' title='bbox 1057 2874 1203 2928; x_wconf 90' lang='lat' dir='ltr'><strong>inter</strong></span> <span class='ocrx_word' id='word_1_192' title='bbox 1253 2886 1310 2926; x_wconf 88' lang='lat' dir='ltr'><strong>se</strong></span> <span class='ocrx_word' id='word_1_193' title='bbox 1363 2870 1821 2941; x_wconf 83' lang='lat' dir='ltr'><strong>perfectissimam</strong></span> <span class='ocrx_word' id='word_1_194' title='bbox 1889 2879 2165 2928; x_wconf 90' lang='lat' dir='ltr'><strong>sectantes</strong></span> 
     </span>
    </p>
   </div>
   <div class='ocr_carea' id='block_1_33' title="bbox 575 2962 2162 3036">
    <p class='ocr_par' dir='ltr' id='par_1_33' title="bbox 575 2962 2162 3036">
     <span class='ocr_line' id='line_1_33' title="bbox 575 2962 2162 3036; baseline -0.004 -13"><span class='ocrx_word' id='word_1_195' title='bbox 575 2967 968 3030; x_wconf 88' lang='lat' dir='ltr'><strong>obedientiam,</strong></span> <span class='ocrx_word' id='word_1_196' title='bbox 1022 2964 1261 3036; x_wconf 83' lang='lat' dir='ltr'><strong>pacifici,</strong></span> <span class='ocrx_word' id='word_1_197' title='bbox 1326 2962 1508 3027; x_wconf 87' lang='lat' dir='ltr'><strong>mites,</strong></span> <span class='ocrx_word' id='word_1_198' title='bbox 1574 2962 1865 3028; x_wconf 87' lang='lat' dir='ltr'><strong>moderati,</strong></span> <span class='ocrx_word' id='word_1_199' title='bbox 1914 2979 2025 3018; x_wconf 93' lang='lat' dir='ltr'><strong>non</strong></span> <span class='ocrx_word' id='word_1_200' title='bbox 2071 2980 2162 3018; x_wconf 84' lang='lat' dir='ltr'><strong>su-</strong></span> 
     </span>
    </p>
   </div>
   <div class='ocr_carea' id='block_1_34' title="bbox 574 3056 2164 3132">
    <p class='ocr_par' dir='ltr' id='par_1_34' title="bbox 574 3056 2164 3132">
     <span class='ocr_line' id='line_1_34' title="bbox 574 3056 2164 3132; baseline -0.004 -16"><span class='ocrx_word' id='word_1_201' title='bbox 574 3061 758 3132; x_wconf 87' lang='lat' dir='ltr'><strong>perbi,</strong></span> <span class='ocrx_word' id='word_1_202' title='bbox 790 3076 900 3114; x_wconf 91' lang='lat' dir='ltr'><strong>non</strong></span> <span class='ocrx_word' id='word_1_203' title='bbox 947 3057 1224 3128; x_wconf 87' lang='lat' dir='ltr'><strong>injuriosi,</strong></span> <span class='ocrx_word' id='word_1_204' title='bbox 1273 3071 1386 3109; x_wconf 91' lang='lat' dir='ltr'><strong>non</strong></span> <span class='ocrx_word' id='word_1_205' title='bbox 1430 3069 1782 3117; x_wconf 90' lang='lat' dir='ltr'><strong>susurrones.</strong></span> <span class='ocrx_word' id='word_1_206' title='bbox 1828 3070 1939 3110; x_wconf 92' lang='lat' dir='ltr'><strong>non</strong></span> <span class='ocrx_word' id='word_1_207' title='bbox 1972 3056 2164 3110; x_wconf 87' lang='lat' dir='ltr'><strong>irriso—</strong></span> 
     </span>
    </p>
   </div>
   <div class='ocr_carea' id='block_1_35' title="bbox 576 3148 2166 3216">
    <p class='ocr_par' dir='ltr' id='par_1_35' title="bbox 576 3148 2166 3216">
     <span class='ocr_line' id='line_1_35' title="bbox 576 3148 2166 3216; baseline -0.003 -8"><span class='ocrx_word' id='word_1_208' title='bbox 576 3168 695 3215; x_wconf 82' lang='lat' dir='ltr'><strong>res,</strong></span> <span class='ocrx_word' id='word_1_209' title='bbox 749 3167 857 3205; x_wconf 90' lang='lat' dir='ltr'><strong>non</strong></span> <span class='ocrx_word' id='word_1_210' title='bbox 901 3149 1156 3205; x_wconf 83' lang='lat' dir='ltr'><strong>verbosi.</strong></span> <span class='ocrx_word' id='word_1_211' title='bbox 1208 3163 1318 3201; x_wconf 82' lang='lat' dir='ltr'><strong>non</strong></span> <span class='ocrx_word' id='word_1_212' title='bbox 1367 3148 1827 3216; x_wconf 68' lang='lat' dir='ltr'><strong>praesumptuosi,</strong></span> <span class='ocrx_word' id='word_1_213' title='bbox 1891 3164 2004 3203; x_wconf 92' lang='lat' dir='ltr'><strong>non</strong></span> <span class='ocrx_word' id='word_1_214' title='bbox 2058 3150 2166 3204; x_wconf 88' lang='lat' dir='ltr'><strong>sibi</strong></span> 
     </span>
    </p>
   </div>
   <div class='ocr_carea' id='block_1_36' title="bbox 577 3235 2165 3312">
    <p class='ocr_par' dir='ltr' id='par_1_36' title="bbox 577 3235 2165 3312">
     <span class='ocr_line' id='line_1_36' title="bbox 577 3235 2165 3312; baseline -0.003 -16"><span class='ocrx_word' id='word_1_215' title='bbox 577 3243 882 3312; x_wconf 88' lang='lat' dir='ltr'><strong>placentes,</strong></span> <span class='ocrx_word' id='word_1_216' title='bbox 925 3239 1021 3293; x_wconf 91' lang='lat' dir='ltr'><strong>sed</strong></span> <span class='ocrx_word' id='word_1_217' title='bbox 1046 3239 1158 3292; x_wconf 91' lang='lat' dir='ltr'><strong>Deo</strong></span> <span class='ocrx_word' id='word_1_218' title='bbox 1182 3236 1271 3290; x_wconf 92' lang='lat' dir='ltr'><strong>cui</strong></span> <span class='ocrx_word' id='word_1_219' title='bbox 1311 3235 1555 3289; x_wconf 88' lang='lat' dir='ltr'><strong>militant</strong></span> <span class='ocrx_word' id='word_1_220' title='bbox 1601 3235 1825 3290; x_wconf 87' lang='lat' dir='ltr'><strong>Christo</strong></span> <span class='ocrx_word' id='word_1_221' title='bbox 1855 3254 1867 3290; x_wconf 94' lang='lat'>:</span> <span class='ocrx_word' id='word_1_222' title='bbox 1907 3252 2016 3291; x_wconf 90' lang='lat' dir='ltr'><strong>non</strong></span> <span class='ocrx_word' id='word_1_223' title='bbox 2049 3238 2165 3291; x_wconf 88' lang='lat' dir='ltr'><strong>hla-</strong></span> 
     </span>
    </p>
   </div>
   <div class='ocr_carea' id='block_1_37' title="bbox 580 3328 2167 3407">
    <p class='ocr_par' dir='ltr' id='par_1_37' title="bbox 580 3328 2167 3407">
     <span class='ocr_line' id='line_1_37' title="bbox 580 3328 2167 3407; baseline -0.004 -17"><span class='ocrx_word' id='word_1_224' title='bbox 580 3335 885 3407; x_wconf 88' lang='lat' dir='ltr'><strong>sphemiam</strong></span> <span class='ocrx_word' id='word_1_225' title='bbox 913 3341 1206 3394; x_wconf 81' lang='lat' dir='ltr'><strong>sectantes,</strong></span> <span class='ocrx_word' id='word_1_226' title='bbox 1233 3343 1337 3384; x_wconf 90' lang='lat' dir='ltr'><strong>nec</strong></span> <span class='ocrx_word' id='word_1_227' title='bbox 1359 3328 1610 3383; x_wconf 87' lang='lat' dir='ltr'><strong>dicentes</strong></span> <span class='ocrx_word' id='word_1_228' title='bbox 1643 3328 1943 3397; x_wconf 87' lang='lat' dir='ltr'><strong>quidquam</strong></span> <span class='ocrx_word' id='word_1_229' title='bbox 1972 3337 2167 3399; x_wconf 64' lang='lat' dir='ltr'><strong>printer</strong></span> 
     </span>
    </p>
   </div>
   <div class='ocr_carea' id='block_1_38' title="bbox 579 3418 2164 3497">
    <p class='ocr_par' dir='ltr' id='par_1_38' title="bbox 579 3418 2164 3497">
     <span class='ocr_line' id='line_1_38' title="bbox 579 3418 2164 3497; baseline -0.003 -17"><span class='ocrx_word' id='word_1_230' title='bbox 579 3425 726 3497; x_wconf 90' lang='lat' dir='ltr'><strong>quod</strong></span> <span class='ocrx_word' id='word_1_231' title='bbox 774 3426 980 3479; x_wconf 85' lang='lat' dir='ltr'><strong>bonum</strong></span> <span class='ocrx_word' id='word_1_232' title='bbox 1034 3431 1118 3477; x_wconf 89' lang='lat' dir='ltr'><strong>est</strong></span> <span class='ocrx_word' id='word_1_233' title='bbox 1159 3438 1173 3475; x_wconf 92' lang='lat'><strong>:</strong></span> <span class='ocrx_word' id='word_1_234' title='bbox 1217 3420 1284 3474; x_wconf 92' lang='lat' dir='ltr'><strong>ad</strong></span> <span class='ocrx_word' id='word_1_235' title='bbox 1336 3418 1668 3488; x_wconf 91' lang='lat' dir='ltr'><strong>obsequium</strong></span> <span class='ocrx_word' id='word_1_236' title='bbox 1715 3435 1824 3472; x_wconf 90' lang='lat' dir='ltr'><strong>non</strong></span> <span class='ocrx_word' id='word_1_237' title='bbox 1880 3421 2042 3490; x_wconf 81' lang='lat' dir='ltr'><strong>pigri,</strong></span> <span class='ocrx_word' id='word_1_238' title='bbox 2099 3421 2164 3475; x_wconf 91' lang='lat' dir='ltr'><strong>ad</strong></span> 
     </span>
    </p>
   </div>
   <div class='ocr_carea' id='block_1_39' title="bbox 579 3509 2167 3584">
    <p class='ocr_par' dir='ltr' id='par_1_39' title="bbox 579 3509 2167 3584">
     <span class='ocr_line' id='line_1_39' title="bbox 579 3509 2167 3584; baseline -0.004 -14"><span class='ocrx_word' id='word_1_239' title='bbox 579 3517 884 3570; x_wconf 90' lang='lat' dir='ltr'><strong>orationem</strong></span> <span class='ocrx_word' id='word_1_240' title='bbox 932 3511 1128 3584; x_wconf 84' lang='lat' dir='ltr'><strong>parati,</strong></span> <span class='ocrx_word' id='word_1_241' title='bbox 1166 3511 1220 3564; x_wconf 93' lang='lat' dir='ltr'><strong>in</strong></span> <span class='ocrx_word' id='word_1_242' title='bbox 1262 3509 1582 3564; x_wconf 84' lang='lat' dir='ltr'><strong>humilitate</strong></span> <span class='ocrx_word' id='word_1_243' title='bbox 1632 3509 1886 3578; x_wconf 82' lang='lat' dir='ltr'><strong>perfecti,</strong></span> <span class='ocrx_word' id='word_1_244' title='bbox 1938 3511 1990 3564; x_wconf 91' lang='lat' dir='ltr'><strong>in</strong></span> <span class='ocrx_word' id='word_1_245' title='bbox 2035 3511 2167 3565; x_wconf 82' lang='lat' dir='ltr'><strong>obe-</strong></span> 
     </span>
    </p>
   </div>
   <div class='ocr_carea' id='block_1_40' title="bbox 580 3600 2162 3676">
    <p class='ocr_par' dir='ltr' id='par_1_40' title="bbox 580 3600 2162 3676">
     <span class='ocr_line' id='line_1_40' title="bbox 580 3600 2162 3676; baseline -0.004 -14"><span class='ocrx_word' id='word_1_246' title='bbox 580 3607 790 3662; x_wconf 89' lang='lat' dir='ltr'><strong>dientia</strong></span> <span class='ocrx_word' id='word_1_247' title='bbox 840 3603 1144 3676; x_wconf 71' lang='lat' dir='ltr'><strong>praecincti,</strong></span> <span class='ocrx_word' id='word_1_248' title='bbox 1184 3603 1238 3657; x_wconf 91' lang='lat' dir='ltr'><strong>in</strong></span> <span class='ocrx_word' id='word_1_249' title='bbox 1275 3600 1476 3671; x_wconf 82' lang='lat' dir='ltr'><strong>vigiliis</strong></span> <span class='ocrx_word' id='word_1_250' title='bbox 1528 3601 1816 3666; x_wconf 85' lang='lat' dir='ltr'><strong>instantes,</strong></span> <span class='ocrx_word' id='word_1_251' title='bbox 1856 3601 1908 3655; x_wconf 89' lang='lat' dir='ltr'><strong>in</strong></span> <span class='ocrx_word' id='word_1_252' title='bbox 1950 3603 2162 3672; x_wconf 85' lang='lat' dir='ltr'><strong>jejunio</strong></span> 
     </span>
    </p>
   </div>
   <div class='ocr_carea' id='block_1_41' title="bbox 579 3701 806 3755">
    <p class='ocr_par' dir='ltr' id='par_1_41' title="bbox 579 3701 806 3755">
     <span class='ocr_line' id='line_1_41' title="bbox 579 3701 806 3755; baseline -0.004 0"><span class='ocrx_word' id='word_1_253' title='bbox 579 3701 806 3755; x_wconf 83' lang='lat' dir='ltr'><strong>hilares.</strong></span> 
     </span>
    </p>
   </div>
   <div class='ocr_carea' id='block_1_42' title="bbox 650 3786 2163 3860">
    <p class='ocr_par' dir='ltr' id='par_1_42' title="bbox 650 3786 2163 3860">
     <span class='ocr_line' id='line_1_42' title="bbox 650 3786 2163 3860; baseline -0.003 -13"><span class='ocrx_word' id='word_1_254' title='bbox 650 3792 740 3848; x_wconf 91' lang='lat' dir='ltr'><strong>Ill.</strong></span> <span class='ocrx_word' id='word_1_255' title='bbox 792 3791 988 3846; x_wconf 87' lang='lat' dir='ltr'><strong>Nullus</strong></span> <span class='ocrx_word' id='word_1_256' title='bbox 1056 3804 1114 3842; x_wconf 92' lang='lat' dir='ltr'><strong>se</strong></span> <span class='ocrx_word' id='word_1_257' title='bbox 1170 3788 1278 3842; x_wconf 91' lang='lat' dir='ltr'><strong>alio</strong></span> <span class='ocrx_word' id='word_1_258' title='bbox 1327 3788 1620 3860; x_wconf 89' lang='lat' dir='ltr'><strong>justiorem</strong></span> <span class='ocrx_word' id='word_1_259' title='bbox 1672 3786 2022 3854; x_wconf 88' lang='lat' dir='ltr'><strong>arbitretur;</strong></span> <span class='ocrx_word' id='word_1_260' title='bbox 2070 3789 2163 3843; x_wconf 91' lang='lat' dir='ltr'><strong>sed</strong></span> 
     </span>
    </p>
   </div>
   <div class='ocr_carea' id='block_1_43' title="bbox 2266 2597 3858 2670">
    <p class='ocr_par' dir='ltr' id='par_1_43' title="bbox 2266 2597 3858 2670">
     <span class='ocr_line' id='line_1_43' title="bbox 2266 2597 3858 2670; baseline 0.002 -18"><span class='ocrx_word' id='word_1_261' title='bbox 2266 2614 2483 2670; x_wconf 83' lang='lat' dir='ltr'><strong>quoque</strong></span> <span class='ocrx_word' id='word_1_262' title='bbox 2539 2614 2606 2650; x_wconf 90' lang='lat' dir='ltr'><strong>ne</strong></span> <span class='ocrx_word' id='word_1_263' title='bbox 2658 2605 2902 2651; x_wconf 84' lang='lat' dir='ltr'><strong>sectatus</strong></span> <span class='ocrx_word' id='word_1_264' title='bbox 2949 2597 3143 2652; x_wconf 90' lang='lat' dir='ltr'><strong>fueris.</strong></span> <span class='ocrx_word' id='word_1_265' title='bbox 3194 2598 3252 2652; x_wconf 91' lang='lat' dir='ltr'><strong>In</strong></span> <span class='ocrx_word' id='word_1_266' title='bbox 3295 2600 3506 2669; x_wconf 83' lang='lat' dir='ltr'><strong>vigiliis</strong></span> <span class='ocrx_word' id='word_1_267' title='bbox 3545 2601 3858 2665; x_wconf 83' lang='lat' dir='ltr'><strong>confectus,</strong></span> 
     </span>
    </p>
   </div>
   <div class='ocr_carea' id='block_1_44' title="bbox 2266 2686 3860 2759">
    <p class='ocr_par' dir='ltr' id='par_1_44' title="bbox 2266 2686 3860 2759">
     <span class='ocr_line' id='line_1_44' title="bbox 2266 2686 3860 2759; baseline 0.001 -16"><span class='ocrx_word' id='word_1_268' title='bbox 2266 2689 2319 2744; x_wconf 90' lang='lat' dir='ltr'><strong>in</strong></span> <span class='ocrx_word' id='word_1_269' title='bbox 2363 2703 2529 2758; x_wconf 91' lang='lat' dir='ltr'><strong>opere</strong></span> <span class='ocrx_word' id='word_1_270' title='bbox 2558 2689 2707 2758; x_wconf 89' lang='lat' dir='ltr'><strong>justo</strong></span> <span class='ocrx_word' id='word_1_271' title='bbox 2741 2686 2990 2750; x_wconf 73' lang='lat' dir='ltr'><strong>affectus,</strong></span> <span class='ocrx_word' id='word_1_272' title='bbox 3022 2689 3314 2742; x_wconf 87' lang='lat' dir='ltr'><strong>ambulans</strong></span> <span class='ocrx_word' id='word_1_273' title='bbox 3355 2690 3517 2759; x_wconf 89' lang='lat' dir='ltr'><strong>quasi</strong></span> <span class='ocrx_word' id='word_1_274' title='bbox 3552 2691 3860 2745; x_wconf 80' lang='lat' dir='ltr'><strong>dormitans</strong></span> 
     </span>
    </p>
   </div>
   <div class='ocr_carea' id='block_1_45' title="bbox 2265 2779 3856 2846">
    <p class='ocr_par' dir='ltr' id='par_1_45' title="bbox 2265 2779 3856 2846">
     <span class='ocr_line' id='line_1_45' title="bbox 2265 2779 3856 2846; baseline 0.001 -12"><span class='ocrx_word' id='word_1_275' title='bbox 2265 2781 2444 2835; x_wconf 89' lang='lat' dir='ltr'><strong>lassus</strong></span> <span class='ocrx_word' id='word_1_276' title='bbox 2464 2779 2529 2833; x_wconf 91' lang='lat' dir='ltr'><strong>ad</strong></span> <span class='ocrx_word' id='word_1_277' title='bbox 2561 2789 2794 2834; x_wconf 86' lang='lat' dir='ltr'><strong>stratum</strong></span> <span class='ocrx_word' id='word_1_278' title='bbox 2837 2788 2991 2833; x_wconf 91' lang='lat' dir='ltr'><strong>tuum</strong></span> <span class='ocrx_word' id='word_1_279' title='bbox 3023 2779 3233 2846; x_wconf 82' lang='lat' dir='ltr'><strong>venias,</strong></span> <span class='ocrx_word' id='word_1_280' title='bbox 3263 2790 3319 2834; x_wconf 88' lang='lat' dir='ltr'><strong>et</strong></span> <span class='ocrx_word' id='word_1_281' title='bbox 3353 2797 3482 2834; x_wconf 90' lang='lat' dir='ltr'><strong>cum</strong></span> <span class='ocrx_word' id='word_1_282' title='bbox 3516 2781 3750 2836; x_wconf 83' lang='lat' dir='ltr'><strong>Christo</strong></span> <span class='ocrx_word' id='word_1_283' title='bbox 3775 2801 3856 2836; x_wconf 80' lang='lat' dir='ltr'><strong>re-</strong></span> 
     </span>
    </p>
   </div>
   <div class='ocr_carea' id='block_1_46' title="bbox 2265 2871 3402 2944">
    <p class='ocr_par' dir='ltr' id='par_1_46' title="bbox 2265 2871 3402 2944">
     <span class='ocr_line' id='line_1_46' title="bbox 2265 2871 3402 2944; baseline -0.003 -17"><span class='ocrx_word' id='word_1_284' title='bbox 2265 2874 2552 2944; x_wconf 86' lang='lat' dir='ltr'><strong>quiescere</strong></span> <span class='ocrx_word' id='word_1_285' title='bbox 2592 2881 2645 2926; x_wconf 92' lang='lat' dir='ltr'><strong>te</strong></span> <span class='ocrx_word' id='word_1_286' title='bbox 2689 2871 2900 2926; x_wconf 88' lang='lat' dir='ltr'><strong>eredas.</strong></span> <span class='ocrx_word' id='word_1_287' title='bbox 3399 2939 3402 2942; x_wconf 22' lang='grc' dir='ltr'><strong><em>ι</em></strong></span> 
     </span>
    </p>
   </div>
   <div class='ocr_carea' id='block_1_47' title="bbox 2337 2964 3856 3035">
    <p class='ocr_par' dir='ltr' id='par_1_47' title="bbox 2337 2964 3856 3035">
     <span class='ocr_line' id='line_1_47' title="bbox 2337 2964 3856 3035; baseline -0.002 -13"><span class='ocrx_word' id='word_1_288' title='bbox 2337 2967 2438 3022; x_wconf 85' lang='grc' dir='ltr'><strong>ΙΧ.</strong></span> <span class='ocrx_word' id='word_1_289' title='bbox 2481 2965 2827 3035; x_wconf 88' lang='lat' dir='ltr'><strong>Cursumque</strong></span> <span class='ocrx_word' id='word_1_290' title='bbox 2867 2964 3186 3018; x_wconf 86' lang='lat' dir='ltr'><strong>monasterii</strong></span> <span class='ocrx_word' id='word_1_291' title='bbox 3219 2981 3386 3034; x_wconf 91' lang='lat' dir='ltr'><strong>super</strong></span> <span class='ocrx_word' id='word_1_292' title='bbox 3427 2966 3620 3020; x_wconf 86' lang='lat' dir='ltr'><strong>omnia</strong></span> <span class='ocrx_word' id='word_1_293' title='bbox 3649 2967 3856 3035; x_wconf 75' lang='lat' dir='ltr'><strong>diligas.</strong></span> 
     </span>
    </p>
   </div>
   <div class='ocr_carea' id='block_1_48' title="bbox 2267 3059 3859 3130">
    <p class='ocr_par' dir='ltr' id='par_1_48' title="bbox 2267 3059 3859 3130">
     <span class='ocr_line' id='line_1_48' title="bbox 2267 3059 3859 3130; baseline -0.002 -13"><span class='ocrx_word' id='word_1_294' title='bbox 2267 3063 2369 3130; x_wconf 86' lang='lat' dir='ltr'><strong>Qui</strong></span> <span class='ocrx_word' id='word_1_295' title='bbox 2392 3078 2522 3116; x_wconf 88' lang='lat' dir='ltr'><strong>vero</strong></span> <span class='ocrx_word' id='word_1_296' title='bbox 2546 3061 2750 3130; x_wconf 63' lang='lat' dir='ltr'><strong>saepius</strong></span> <span class='ocrx_word' id='word_1_297' title='bbox 2779 3077 2940 3115; x_wconf 90' lang='lat' dir='ltr'><strong>orare</strong></span> <span class='ocrx_word' id='word_1_298' title='bbox 2967 3059 3229 3126; x_wconf 90' lang='lat' dir='ltr'><strong>voluerit,</strong></span> <span class='ocrx_word' id='word_1_299' title='bbox 3255 3060 3585 3114; x_wconf 85' lang='lat' dir='ltr'><strong>uberiorem</strong></span> <span class='ocrx_word' id='word_1_300' title='bbox 3622 3063 3859 3114; x_wconf 76' lang='lat' dir='ltr'><strong>inveniet</strong></span> 
     </span>
    </p>
   </div>
   <div class='ocr_carea' id='block_1_49' title="bbox 2266 3156 2960 3212">
    <p class='ocr_par' dir='ltr' id='par_1_49' title="bbox 2266 3156 2960 3212">
     <span class='ocr_line' id='line_1_49' title="bbox 2266 3156 2960 3212; baseline -0.003 0"><span class='ocrx_word' id='word_1_301' title='bbox 2266 3157 2697 3212; x_wconf 90' lang='lat' dir='ltr'><strong>misericordiam</strong></span> <span class='ocrx_word' id='word_1_302' title='bbox 2733 3156 2960 3210; x_wconf 87' lang='lat' dir='ltr'><strong>Christi.</strong></span> 
     </span>
    </p>
   </div>
   <div class='ocr_carea' id='block_1_50' title="bbox 2336 3247 3855 3316">
    <p class='ocr_par' dir='ltr' id='par_1_50' title="bbox 2336 3247 3855 3316">
     <span class='ocr_line' id='line_1_50' title="bbox 2336 3247 3855 3316; baseline -0.001 -13"><span class='ocrx_word' id='word_1_303' title='bbox 2336 3249 2404 3303; x_wconf 75' lang='grc' dir='ltr'><strong>Χ.</strong></span> <span class='ocrx_word' id='word_1_304' title='bbox 2446 3248 2820 3316; x_wconf 84' lang='lat' dir='ltr'><strong>Matutinoque</strong></span> <span class='ocrx_word' id='word_1_305' title='bbox 2852 3248 3000 3302; x_wconf 88' lang='lat' dir='ltr'><strong>dicto</strong></span> <span class='ocrx_word' id='word_1_306' title='bbox 3033 3248 3105 3302; x_wconf 75' lang='lat' dir='ltr'><strong>ita</strong></span> <span class='ocrx_word' id='word_1_307' title='bbox 3141 3247 3571 3302; x_wconf 85' lang='lat' dir='ltr'><strong>meditationem</strong></span> <span class='ocrx_word' id='word_1_308' title='bbox 3624 3248 3855 3303; x_wconf 79' lang='lat' dir='ltr'><strong>habeant</strong></span> 
     </span>
    </p>
   </div>
   <div class='ocr_carea' id='block_1_51' title="bbox 2267 3338 3852 3407">
    <p class='ocr_par' dir='ltr' id='par_1_51' title="bbox 2267 3338 3852 3407">
     <span class='ocr_line' id='line_1_51' title="bbox 2267 3338 3852 3407; baseline -0.003 -12"><span class='ocrx_word' id='word_1_309' title='bbox 2267 3341 2466 3395; x_wconf 79' lang='lat' dir='ltr'><strong>fratres</strong></span> <span class='ocrx_word' id='word_1_310' title='bbox 2501 3354 2673 3407; x_wconf 87' lang='lat' dir='ltr'><strong>usque</strong></span> <span class='ocrx_word' id='word_1_311' title='bbox 2715 3339 2780 3392; x_wconf 90' lang='lat' dir='ltr'><strong>ad</strong></span> <span class='ocrx_word' id='word_1_312' title='bbox 2817 3338 3009 3392; x_wconf 89' lang='lat' dir='ltr'><strong>horam</strong></span> <span class='ocrx_word' id='word_1_313' title='bbox 3037 3339 3336 3393; x_wconf 87' lang='lat' dir='ltr'><strong>secundam</strong></span> <span class='ocrx_word' id='word_1_314' title='bbox 3373 3356 3386 3392; x_wconf 92' lang='lat'>:</span> <span class='ocrx_word' id='word_1_315' title='bbox 3419 3339 3464 3391; x_wconf 91' lang='lat' dir='ltr'><strong>si</strong></span> <span class='ocrx_word' id='word_1_316' title='bbox 3504 3349 3694 3392; x_wconf 84' lang='lat' dir='ltr'><strong>tamen</strong></span> <span class='ocrx_word' id='word_1_317' title='bbox 3719 3340 3852 3392; x_wconf 79' lang='lat' dir='ltr'><strong>nulla</strong></span> 
     </span>
    </p>
   </div>
   <div class='ocr_carea' id='block_1_52' title="bbox 2268 3429 3851 3498">
    <p class='ocr_par' dir='ltr' id='par_1_52' title="bbox 2268 3429 3851 3498">
     <span class='ocr_line' id='line_1_52' title="bbox 2268 3429 3851 3498; baseline -0.003 -11"><span class='ocrx_word' id='word_1_318' title='bbox 2268 3447 2430 3486; x_wconf 86' lang='lat' dir='ltr'><strong>causa</strong></span> <span class='ocrx_word' id='word_1_319' title='bbox 2470 3429 2764 3490; x_wconf 84' lang='lat' dir='ltr'><strong>exstiterit.</strong></span> <span class='ocrx_word' id='word_1_320' title='bbox 2796 3445 2901 3498; x_wconf 91' lang='lat' dir='ltr'><strong>qua</strong></span> <span class='ocrx_word' id='word_1_321' title='bbox 2932 3445 3158 3484; x_wconf 84' lang='lat' dir='ltr'><strong>necesse</strong></span> <span class='ocrx_word' id='word_1_322' title='bbox 3197 3430 3267 3483; x_wconf 89' lang='lat' dir='ltr'><strong>sit</strong></span> <span class='ocrx_word' id='word_1_323' title='bbox 3291 3431 3462 3484; x_wconf 90' lang='lat' dir='ltr'><strong>etiam</strong></span> <span class='ocrx_word' id='word_1_324' title='bbox 3493 3434 3851 3498; x_wconf 67' lang='lat' dir='ltr'><strong>prmtermissa</strong></span> 
     </span>
    </p>
   </div>
   <div class='ocr_carea' id='block_1_53' title="bbox 2268 3521 3502 3592">
    <p class='ocr_par' dir='ltr' id='par_1_53' title="bbox 2268 3521 3502 3592">
     <span class='ocr_line' id='line_1_53' title="bbox 2268 3521 3502 3592; baseline -0.001 -15"><span class='ocrx_word' id='word_1_325' title='bbox 2268 3522 2626 3577; x_wconf 86' lang='lat' dir='ltr'><strong>meditatione</strong></span> <span class='ocrx_word' id='word_1_326' title='bbox 2659 3522 2866 3592; x_wconf 85' lang='lat' dir='ltr'><strong>aliquid</strong></span> <span class='ocrx_word' id='word_1_327' title='bbox 2918 3522 3034 3576; x_wconf 86' lang='lat' dir='ltr'><strong>fieri</strong></span> <span class='ocrx_word' id='word_1_328' title='bbox 3087 3521 3140 3576; x_wconf 93' lang='lat' dir='ltr'><strong>in</strong></span> <span class='ocrx_word' id='word_1_329' title='bbox 3178 3538 3502 3578; x_wconf 91' lang='lat' dir='ltr'><strong>commune.</strong></span> 
     </span>
    </p>
   </div>
   <div class='ocr_carea' id='block_1_54' title="bbox 2337 3613 3850 3685">
    <p class='ocr_par' dir='ltr' id='par_1_54' title="bbox 2337 3613 3850 3685">
     <span class='ocr_line' id='line_1_54' title="bbox 2337 3613 3850 3685; baseline 0.001 -17"><span class='ocrx_word' id='word_1_330' title='bbox 2337 3613 2429 3668; x_wconf 78' lang='lat' dir='ltr'><strong>XI.</strong></span> <span class='ocrx_word' id='word_1_331' title='bbox 2473 3614 2604 3668; x_wconf 89' lang='lat' dir='ltr'><strong>Post</strong></span> <span class='ocrx_word' id='word_1_332' title='bbox 2632 3614 2824 3668; x_wconf 89' lang='lat' dir='ltr'><strong>horam</strong></span> <span class='ocrx_word' id='word_1_333' title='bbox 2855 3629 2992 3668; x_wconf 87' lang='lat' dir='ltr'><strong>vero</strong></span> <span class='ocrx_word' id='word_1_334' title='bbox 3035 3614 3333 3668; x_wconf 89' lang='lat' dir='ltr'><strong>secundam</strong></span> <span class='ocrx_word' id='word_1_335' title='bbox 3377 3615 3766 3685; x_wconf 80' lang='lat' dir='ltr'><strong>unusquisque</strong></span> <span class='ocrx_word' id='word_1_336' title='bbox 3794 3616 3850 3669; x_wconf 80' lang='lat' dir='ltr'><strong>ad</strong></span> 
     </span>
    </p>
   </div>
   <div class='ocr_carea' id='block_1_55' title="bbox 2269 3704 3848 3774">
    <p class='ocr_par' dir='ltr' id='par_1_55' title="bbox 2269 3704 3848 3774">
     <span class='ocr_line' id='line_1_55' title="bbox 2269 3704 3848 3774; baseline 0.003 -20"><span class='ocrx_word' id='word_1_337' title='bbox 2269 3718 2411 3773; x_wconf 90' lang='lat' dir='ltr'><strong>opus</strong></span> <span class='ocrx_word' id='word_1_338' title='bbox 2454 3719 2615 3758; x_wconf 92' lang='lat' dir='ltr'><strong>suum</strong></span> <span class='ocrx_word' id='word_1_339' title='bbox 2664 3712 2888 3773; x_wconf 89' lang='lat' dir='ltr'><strong>paratus</strong></span> <span class='ocrx_word' id='word_1_340' title='bbox 2935 3704 3008 3758; x_wconf 90' lang='lat' dir='ltr'><strong>sit</strong></span> <span class='ocrx_word' id='word_1_341' title='bbox 3057 3721 3231 3774; x_wconf 91' lang='lat' dir='ltr'><strong>usque</strong></span> <span class='ocrx_word' id='word_1_342' title='bbox 3279 3705 3346 3758; x_wconf 90' lang='lat' dir='ltr'><strong>ad</strong></span> <span class='ocrx_word' id='word_1_343' title='bbox 3400 3705 3600 3758; x_wconf 88' lang='lat' dir='ltr'><strong>horam</strong></span> <span class='ocrx_word' id='word_1_344' title='bbox 3639 3721 3848 3766; x_wconf 84' lang='lat' dir='ltr'><strong>nonam.</strong></span> 
     </span>
    </p>
   </div>
   <div class='ocr_carea' id='block_1_56' title="bbox 2271 3795 3851 3866">
    <p class='ocr_par' dir='ltr' id='par_1_56' title="bbox 2271 3795 3851 3866">
     <span class='ocr_line' id='line_1_56' title="bbox 2271 3795 3851 3866; baseline -0.001 -18"><span class='ocrx_word' id='word_1_345' title='bbox 2271 3803 2330 3848; x_wconf 90' lang='lat' dir='ltr'><strong>ut</strong></span> <span class='ocrx_word' id='word_1_346' title='bbox 2377 3795 2644 3866; x_wconf 87' lang='lat' dir='ltr'><strong>quidquid</strong></span> <span class='ocrx_word' id='word_1_347' title='bbox 2687 3795 2994 3866; x_wconf 86' lang='lat' dir='ltr'><strong>injunctum</strong></span> <span class='ocrx_word' id='word_1_348' title='bbox 3042 3795 3231 3859; x_wconf 79' lang='lat' dir='ltr'><strong>fuerit,</strong></span> <span class='ocrx_word' id='word_1_349' title='bbox 3275 3798 3388 3849; x_wconf 73' lang='lat' dir='ltr'><strong>sine</strong></span> <span class='ocrx_word' id='word_1_350' title='bbox 3438 3801 3851 3848; x_wconf 69' lang='lat' dir='ltr'><strong>murmuratione</strong></span> 
     </span>
    </p>
   </div>
   <div class='ocr_carea' id='block_1_57' title="bbox 581 3876 3572 3960">
    <p class='ocr_par' dir='ltr' id='par_1_57' title="bbox 581 3876 3572 3960">
     <span class='ocr_line' id='line_1_57' title="bbox 581 3876 3572 3960; baseline -0.003 -20"><span class='ocrx_word' id='word_1_351' title='bbox 581 3885 963 3954; x_wconf 86' lang='lat' dir='ltr'><strong>unusquisque</strong></span> <span class='ocrx_word' id='word_1_352' title='bbox 1011 3881 1268 3936; x_wconf 89' lang='lat' dir='ltr'><strong>omnibus</strong></span> <span class='ocrx_word' id='word_1_353' title='bbox 1328 3895 1386 3934; x_wconf 88' lang='lat' dir='ltr'><strong>se</strong></span> <span class='ocrx_word' id='word_1_354' title='bbox 1437 3879 1754 3934; x_wconf 77' lang='lat' dir='ltr'><strong>inferiorem</strong></span> <span class='ocrx_word' id='word_1_355' title='bbox 1807 3890 2158 3936; x_wconf 90' lang='lat' dir='ltr'><strong>contemnat:</strong></span> <span class='ocrx_word' id='word_1_356' title='bbox 2191 3876 2233 3933; x_wconf 89' lang='lat' dir='ltr'><strong>C</strong></span> <span class='ocrx_word' id='word_1_357' title='bbox 2268 3888 2509 3960; x_wconf 67' lang='lat' dir='ltr'><strong>perﬁciar</strong></span> <span class='ocrx_word' id='word_1_358' title='bbox 2541 3889 2581 3951; x_wconf 74' lang='grc' dir='ltr'>ι,</span> <span class='ocrx_word' id='word_1_359' title='bbox 2616 3888 2760 3942; x_wconf 65' lang='lat' dir='ltr'><strong>sicut</strong></span> <span class='ocrx_word' id='word_1_360' title='bbox 2797 3888 2934 3943; x_wconf 58' lang='lat' dir='ltr'><strong>dicit</strong></span> <span class='ocrx_word' id='word_1_361' title='bbox 2981 3896 3204 3942; x_wconf 60' lang='lat' dir='ltr'><strong>sanctus</strong></span> <span class='ocrx_word' id='word_1_362' title='bbox 3251 3889 3572 3956; x_wconf 66' lang='grc' dir='ltr'><strong>Αροειοιιιε,</strong></span> 
     </span>
    </p>
   </div>
   <div class='ocr_carea' id='block_1_58' title="bbox 579 3970 2162 4046">
    <p class='ocr_par' dir='ltr' id='par_1_58' title="bbox 579 3970 2162 4046">
     <span class='ocr_line' id='line_1_58' title="bbox 579 3970 2162 4046; baseline -0.002 -18"><span class='ocrx_word' id='word_1_363' title='bbox 579 3975 719 4042; x_wconf 80' lang='lat' dir='ltr'><strong>Quia</strong></span> <span class='ocrx_word' id='word_1_364' title='bbox 752 3975 920 4046; x_wconf 80' lang='lat' dir='ltr'><strong>quise</strong></span> <span class='ocrx_word' id='word_1_365' title='bbox 947 3971 1170 4036; x_wconf 78' lang='lat' dir='ltr'><strong>exultat,</strong></span> <span class='ocrx_word' id='word_1_366' title='bbox 1198 3970 1596 4034; x_wconf 79' lang='lat' dir='ltr'><strong>humiliabitur;</strong></span> <span class='ocrx_word' id='word_1_367' title='bbox 1621 3979 1669 4024; x_wconf 85' lang='lat' dir='ltr'><strong>et</strong></span> <span class='ocrx_word' id='word_1_368' title='bbox 1700 3973 1788 4042; x_wconf 88' lang='lat' dir='ltr'><strong>qui</strong></span> <span class='ocrx_word' id='word_1_369' title='bbox 1821 3989 1878 4025; x_wconf 80' lang='lat' dir='ltr'><strong>se</strong></span> <span class='ocrx_word' id='word_1_370' title='bbox 1899 3972 2162 4040; x_wconf 83' lang='lat' dir='ltr'><strong>lmmiliat,</strong></span> 
     </span>
    </p>
   </div>
   <div class='ocr_carea' id='block_1_59' title="bbox 557 4066 989 4138">
    <p class='ocr_par' dir='ltr' id='par_1_59' title="bbox 557 4066 989 4138">
     <span class='ocr_line' id='line_1_59' title="bbox 557 4066 989 4138; baseline -0.005 -19"><span class='ocrx_word' id='word_1_371' title='bbox 557 4066 906 4138; x_wconf 56' lang='lat' dir='ltr'><strong>,e-xaltabitur</strong></span> <span class='ocrx_word' id='word_1_372' title='bbox 949 4066 989 4118; x_wconf 81' lang='grc'><strong>¹.</strong></span> 
     </span>
    </p>
   </div>
   <div class='ocr_carea' id='block_1_60' title="bbox 647 4153 2161 4227">
    <p class='ocr_par' dir='ltr' id='par_1_60' title="bbox 647 4153 2161 4227">
     <span class='ocr_line' id='line_1_60' title="bbox 647 4153 2161 4227; baseline -0.003 -13"><span class='ocrx_word' id='word_1_373' title='bbox 647 4160 741 4214; x_wconf 73' lang='grc' dir='ltr'><strong>ιν.</strong></span> <span class='ocrx_word' id='word_1_374' title='bbox 789 4159 1133 4227; x_wconf 66' lang='lat' dir='ltr'><strong>Praeceptum</strong></span> <span class='ocrx_word' id='word_1_375' title='bbox 1187 4156 1424 4211; x_wconf 81' lang='lat' dir='ltr'><strong>senioris</strong></span> <span class='ocrx_word' id='word_1_376' title='bbox 1480 4162 1540 4208; x_wconf 94' lang='lat' dir='ltr'><strong>ut</strong></span> <span class='ocrx_word' id='word_1_377' title='bbox 1583 4155 1816 4208; x_wconf 88' lang='lat' dir='ltr'><strong>salutem</strong></span> <span class='ocrx_word' id='word_1_378' title='bbox 1853 4153 2161 4225; x_wconf 89' lang='lat' dir='ltr'><strong>suscipias:</strong></span> 
     </span>
    </p>
   </div>
   <div class='ocr_carea' id='block_1_61' title="bbox 581 4244 2167 4315">
    <p class='ocr_par' dir='ltr' id='par_1_61' title="bbox 581 4244 2167 4315">
     <span class='ocr_line' id='line_1_61' title="bbox 581 4244 2167 4315; baseline -0.003 -11"><span class='ocrx_word' id='word_1_379' title='bbox 581 4265 691 4304; x_wconf 89' lang='lat' dir='ltr'><strong>non</strong></span> <span class='ocrx_word' id='word_1_380' title='bbox 727 4248 1127 4303; x_wconf 89' lang='lat' dir='ltr'><strong>murmurando</strong></span> <span class='ocrx_word' id='word_1_381' title='bbox 1163 4246 1326 4300; x_wconf 89' lang='lat' dir='ltr'><strong>ullam</strong></span> <span class='ocrx_word' id='word_1_382' title='bbox 1367 4260 1588 4315; x_wconf 86' lang='lat' dir='ltr'><strong>operam</strong></span> <span class='ocrx_word' id='word_1_383' title='bbox 1628 4244 1795 4300; x_wconf 88' lang='lat' dir='ltr'><strong>facias</strong></span> <span class='ocrx_word' id='word_1_384' title='bbox 1832 4261 1845 4298; x_wconf 90' lang='lat'><strong>:</strong></span> <span class='ocrx_word' id='word_1_385' title='bbox 1894 4261 2004 4299; x_wconf 93' lang='lat' dir='ltr'><strong>non</strong></span> <span class='ocrx_word' id='word_1_386' title='bbox 2053 4262 2167 4300; x_wconf 88' lang='lat' dir='ltr'><strong>res-</strong></span> 
     </span>
    </p>
   </div>
   <div class='ocr_carea' id='block_1_62' title="bbox 580 4342 1825 4412">
    <p class='ocr_par' dir='ltr' id='par_1_62' title="bbox 580 4342 1825 4412">
     <span class='ocr_line' id='line_1_62' title="bbox 580 4342 1825 4412; baseline -0.004 -17"><span class='ocrx_word' id='word_1_387' title='bbox 580 4342 905 4412; x_wconf 85' lang='lat' dir='ltr'><strong>ponsionem</strong></span> <span class='ocrx_word' id='word_1_388' title='bbox 945 4349 1140 4393; x_wconf 90' lang='lat' dir='ltr'><strong>contra</strong></span> <span class='ocrx_word' id='word_1_389' title='bbox 1189 4345 1526 4408; x_wconf 61' lang='lat' dir='ltr'><strong>praeceptum</strong></span> <span class='ocrx_word' id='word_1_390' title='bbox 1569 4353 1825 4407; x_wconf 88' lang='lat' dir='ltr'><strong>usurpes.</strong></span> 
     </span>
    </p>
   </div>
   <div class='ocr_carea' id='block_1_63' title="bbox 655 4427 2166 4499">
    <p class='ocr_par' dir='ltr' id='par_1_63' title="bbox 655 4427 2166 4499">
     <span class='ocr_line' id='line_1_63' title="bbox 655 4427 2166 4499; baseline -0.005 -11"><span class='ocrx_word' id='word_1_391' title='bbox 655 4433 718 4487; x_wconf 85' lang='lat' dir='ltr'><strong>V.</strong></span> <span class='ocrx_word' id='word_1_392' title='bbox 759 4433 878 4488; x_wconf 85' lang='lat' dir='ltr'><strong>Non</strong></span> <span class='ocrx_word' id='word_1_393' title='bbox 925 4441 975 4486; x_wconf 91' lang='lat' dir='ltr'><strong>te</strong></span> <span class='ocrx_word' id='word_1_394' title='bbox 1004 4431 1256 4495; x_wconf 81' lang='lat' dir='ltr'><strong>extollas,</strong></span> <span class='ocrx_word' id='word_1_395' title='bbox 1291 4436 1386 4482; x_wconf 89' lang='lat' dir='ltr'><strong>aut</strong></span> <span class='ocrx_word' id='word_1_396' title='bbox 1412 4427 1734 4499; x_wconf 84' lang='lat' dir='ltr'><strong>magniﬁces</strong></span> <span class='ocrx_word' id='word_1_397' title='bbox 1785 4429 2025 4496; x_wconf 89' lang='lat' dir='ltr'><strong>aliquam</strong></span> <span class='ocrx_word' id='word_1_398' title='bbox 2061 4427 2166 4481; x_wconf 89' lang='lat' dir='ltr'><strong>uti-</strong></span> 
     </span>
    </p>
   </div>
   <div class='ocr_carea' id='block_1_64' title="bbox 584 4519 2164 4595">
    <p class='ocr_par' dir='ltr' id='par_1_64' title="bbox 584 4519 2164 4595">
     <span class='ocr_line' id='line_1_64' title="bbox 584 4519 2164 4595; baseline -0.005 -14"><span class='ocrx_word' id='word_1_399' title='bbox 584 4527 692 4581; x_wconf 90' lang='lat' dir='ltr'><strong>lem</strong></span> <span class='ocrx_word' id='word_1_400' title='bbox 747 4540 968 4595; x_wconf 89' lang='lat' dir='ltr'><strong>operam</strong></span> <span class='ocrx_word' id='word_1_401' title='bbox 1007 4523 1205 4578; x_wconf 87' lang='lat' dir='ltr'><strong>fecisse</strong></span> <span class='ocrx_word' id='word_1_402' title='bbox 1256 4537 1413 4576; x_wconf 90' lang='lat' dir='ltr'><strong>:non</strong></span> <span class='ocrx_word' id='word_1_403' title='bbox 1460 4521 1515 4574; x_wconf 92' lang='lat' dir='ltr'><strong>in</strong></span> <span class='ocrx_word' id='word_1_404' title='bbox 1566 4521 1905 4590; x_wconf 86' lang='lat' dir='ltr'><strong>acquirendo</strong></span> <span class='ocrx_word' id='word_1_405' title='bbox 1957 4519 2164 4590; x_wconf 87' lang='lat' dir='ltr'><strong>aliquid</strong></span> 
     </span>
    </p>
   </div>
   <div class='ocr_carea' id='block_1_65' title="bbox 578 4613 2045 4688">
    <p class='ocr_par' dir='ltr' id='par_1_65' title="bbox 578 4613 2045 4688">
     <span class='ocr_line' id='line_1_65' title="bbox 578 4613 2045 4688; baseline -0.005 -15"><span class='ocrx_word' id='word_1_406' title='bbox 578 4619 724 4673; x_wconf 87' lang='lat' dir='ltr'><strong>.lucri</strong></span> <span class='ocrx_word' id='word_1_407' title='bbox 765 4616 1134 4688; x_wconf 84' lang='lat' dir='ltr'><strong>congaudeas.</strong></span> <span class='ocrx_word' id='word_1_408' title='bbox 1185 4624 1280 4668; x_wconf 90' lang='lat' dir='ltr'><strong>aut</strong></span> <span class='ocrx_word' id='word_1_409' title='bbox 1326 4614 1380 4667; x_wconf 90' lang='lat' dir='ltr'><strong>in</strong></span> <span class='ocrx_word' id='word_1_410' title='bbox 1425 4613 1626 4667; x_wconf 89' lang='lat' dir='ltr'><strong>damno</strong></span> <span class='ocrx_word' id='word_1_411' title='bbox 1679 4613 2045 4668; x_wconf 83' lang='lat' dir='ltr'><strong>contristeris.</strong></span> 
     </span>
    </p>
   </div>
   <div class='ocr_carea' id='block_1_66' title="bbox 655 4704 2164 4771">
    <p class='ocr_par' dir='ltr' id='par_1_66' title="bbox 655 4704 2164 4771">
     <span class='ocr_line' id='line_1_66' title="bbox 655 4704 2164 4771; baseline -0.005 -7"><span class='ocrx_word' id='word_1_412' title='bbox 655 4710 743 4764; x_wconf 76' lang='lat' dir='ltr'><strong>Vl.</strong></span> <span class='ocrx_word' id='word_1_413' title='bbox 781 4709 900 4763; x_wconf 88' lang='lat' dir='ltr'><strong>Non</strong></span> <span class='ocrx_word' id='word_1_414' title='bbox 948 4718 1000 4763; x_wconf 93' lang='lat' dir='ltr'><strong>te</strong></span> <span class='ocrx_word' id='word_1_415' title='bbox 1056 4706 1400 4761; x_wconf 82' lang='lat' dir='ltr'><strong>familiaritas</strong></span> <span class='ocrx_word' id='word_1_416' title='bbox 1448 4706 1556 4759; x_wconf 90' lang='lat' dir='ltr'><strong>ulla</strong></span> <span class='ocrx_word' id='word_1_417' title='bbox 1614 4704 1893 4760; x_wconf 63' lang='lat' dir='ltr'><strong>saecularis</strong></span> <span class='ocrx_word' id='word_1_418' title='bbox 1946 4705 2164 4771; x_wconf 88' lang='lat' dir='ltr'><strong>trahat;</strong></span> 
     </span>
    </p>
   </div>
   <div class='ocr_carea' id='block_1_67' title="bbox 581 4797 2165 4858">
    <p class='ocr_par' dir='ltr' id='par_1_67' title="bbox 581 4797 2165 4858">
     <span class='ocr_line' id='line_1_67' title="bbox 581 4797 2165 4858; baseline -0.004 0"><span class='ocrx_word' id='word_1_419' title='bbox 581 4802 680 4858; x_wconf 88' lang='lat' dir='ltr'><strong>sed</strong></span> <span class='ocrx_word' id='word_1_420' title='bbox 728 4810 839 4856; x_wconf 89' lang='lat' dir='ltr'><strong>tota</strong></span> <span class='ocrx_word' id='word_1_421' title='bbox 890 4800 1182 4855; x_wconf 88' lang='lat' dir='ltr'><strong>delectatio</strong></span> <span class='ocrx_word' id='word_1_422' title='bbox 1223 4807 1314 4852; x_wconf 88' lang='lat' dir='ltr'><strong>tua</strong></span> <span class='ocrx_word' id='word_1_423' title='bbox 1345 4799 1398 4852; x_wconf 91' lang='lat' dir='ltr'><strong>in</strong></span> <span class='ocrx_word' id='word_1_424' title='bbox 1433 4798 1630 4852; x_wconf 87' lang='lat' dir='ltr'><strong>cellula</strong></span> <span class='ocrx_word' id='word_1_425' title='bbox 1665 4797 2005 4853; x_wconf 90' lang='lat' dir='ltr'><strong>demoretur.</strong></span> <span class='ocrx_word' id='word_1_426' title='bbox 2041 4797 2165 4852; x_wconf 87' lang='lat' dir='ltr'><strong>Cel-</strong></span> 
     </span>
    </p>
   </div>
   <div class='ocr_carea' id='block_1_68' title="bbox 573 4891 2168 4965">
    <p class='ocr_par' dir='ltr' id='par_1_68' title="bbox 573 4891 2168 4965">
     <span class='ocr_line' id='line_1_68' title="bbox 573 4891 2168 4965; baseline -0.003 -15"><span class='ocrx_word' id='word_1_427' title='bbox 573 4896 691 4951; x_wconf 85' lang='lat' dir='ltr'><strong>Jam</strong></span> <span class='ocrx_word' id='word_1_428' title='bbox 730 4903 791 4949; x_wconf 91' lang='lat' dir='ltr'><strong>ut</strong></span> <span class='ocrx_word' id='word_1_429' title='bbox 824 4893 1144 4965; x_wconf 87' lang='lat' dir='ltr'><strong>paradisum</strong></span> <span class='ocrx_word' id='word_1_430' title='bbox 1173 4893 1409 4958; x_wconf 85' lang='lat' dir='ltr'><strong>habeas;</strong></span> <span class='ocrx_word' id='word_1_431' title='bbox 1452 4893 1651 4946; x_wconf 85' lang='lat' dir='ltr'><strong>fratres</strong></span> <span class='ocrx_word' id='word_1_432' title='bbox 1685 4902 1811 4946; x_wconf 92' lang='lat' dir='ltr'><strong>tuos</strong></span> <span class='ocrx_word' id='word_1_433' title='bbox 1852 4891 2168 4961; x_wconf 90' lang='lat' dir='ltr'><strong>spirituales</strong></span> 
     </span>
    </p>
   </div>
   <div class='ocr_carea' id='block_1_69' title="bbox 585 4982 1776 5052">
    <p class='ocr_par' dir='ltr' id='par_1_69' title="bbox 585 4982 1776 5052">
     <span class='ocr_line' id='line_1_69' title="bbox 585 4982 1776 5052; baseline -0.003 -12"><span class='ocrx_word' id='word_1_434' title='bbox 585 4995 646 5040; x_wconf 90' lang='lat' dir='ltr'><strong>ut</strong></span> <span class='ocrx_word' id='word_1_435' title='bbox 683 4995 920 5041; x_wconf 62' lang='lat' dir='ltr'><strong>mternos</strong></span> <span class='ocrx_word' id='word_1_436' title='bbox 962 4982 1207 5038; x_wconf 84' lang='lat' dir='ltr'><strong>confidas</strong></span> <span class='ocrx_word' id='word_1_437' title='bbox 1252 4982 1454 5036; x_wconf 91' lang='lat' dir='ltr'><strong>habere</strong></span> <span class='ocrx_word' id='word_1_438' title='bbox 1501 4991 1776 5052; x_wconf 81' lang='lat' dir='ltr'><strong>parentes.</strong></span> 
     </span>
    </p>
   </div>
   <div class='ocr_carea' id='block_1_70' title="bbox 656 5073 2164 5146">
    <p class='ocr_par' dir='ltr' id='par_1_70' title="bbox 656 5073 2164 5146">
     <span class='ocr_line' id='line_1_70' title="bbox 656 5073 2164 5146; baseline -0.003 -13"><span class='ocrx_word' id='word_1_439' title='bbox 656 5077 766 5133; x_wconf 85' lang='lat' dir='ltr'><strong>VI-I.</strong></span> <span class='ocrx_word' id='word_1_440' title='bbox 809 5075 1169 5146; x_wconf 62' lang='lat' dir='ltr'><strong>Prin-positum</strong></span> <span class='ocrx_word' id='word_1_441' title='bbox 1197 5074 1517 5128; x_wconf 89' lang='lat' dir='ltr'><strong>monasterii</strong></span> <span class='ocrx_word' id='word_1_442' title='bbox 1554 5073 1748 5127; x_wconf 86' lang='lat' dir='ltr'><strong>timeas</strong></span> <span class='ocrx_word' id='word_1_443' title='bbox 1769 5083 1827 5128; x_wconf 91' lang='lat' dir='ltr'><strong>ut</strong></span> <span class='ocrx_word' id='word_1_444' title='bbox 1857 5073 2164 5138; x_wconf 89' lang='lat' dir='ltr'><strong>dominum,</strong></span> 
     </span>
    </p>
   </div>
   <div class='ocr_carea' id='block_1_71' title="bbox 583 5165 2167 5240">
    <p class='ocr_par' dir='ltr' id='par_1_71' title="bbox 583 5165 2167 5240">
     <span class='ocr_line' id='line_1_71' title="bbox 583 5165 2167 5240; baseline -0.005 -16"><span class='ocrx_word' id='word_1_445' title='bbox 583 5170 778 5240; x_wconf 80' lang='lat' dir='ltr'><strong>diligas</strong></span> <span class='ocrx_word' id='word_1_446' title='bbox 812 5177 874 5223; x_wconf 93' lang='lat' dir='ltr'><strong>ut</strong></span> <span class='ocrx_word' id='word_1_447' title='bbox 901 5176 1208 5238; x_wconf 87' lang='lat' dir='ltr'><strong>parentem.</strong></span> <span class='ocrx_word' id='word_1_448' title='bbox 1247 5165 1515 5219; x_wconf 85' lang='lat' dir='ltr'><strong>Similiter</strong></span> <span class='ocrx_word' id='word_1_449' title='bbox 1539 5180 1760 5234; x_wconf 89' lang='lat' dir='ltr'><strong>quoque</strong></span> <span class='ocrx_word' id='word_1_450' title='bbox 1786 5180 1976 5218; x_wconf 87' lang='lat' dir='ltr'><strong>omnes</strong></span> <span class='ocrx_word' id='word_1_451' title='bbox 2006 5180 2167 5234; x_wconf 90' lang='lat' dir='ltr'><strong>opor-</strong></span> 
     </span>
    </p>
   </div>
   <div class='ocr_carea' id='block_1_72' title="bbox 583 5256 2168 5330">
    <p class='ocr_par' dir='ltr' id='par_1_72' title="bbox 583 5256 2168 5330">
     <span class='ocr_line' id='line_1_72' title="bbox 583 5256 2168 5330; baseline -0.004 -15"><span class='ocrx_word' id='word_1_452' title='bbox 583 5269 663 5315; x_wconf 84' lang='lat' dir='ltr'><strong>tet</strong></span> <span class='ocrx_word' id='word_1_453' title='bbox 690 5260 919 5330; x_wconf 82' lang='lat' dir='ltr'><strong>diligere</strong></span> <span class='ocrx_word' id='word_1_454' title='bbox 966 5259 1186 5320; x_wconf 84' lang='lat' dir='ltr'><strong>fratres,</strong></span> <span class='ocrx_word' id='word_1_455' title='bbox 1233 5273 1358 5311; x_wconf 93' lang='lat' dir='ltr'><strong>cum</strong></span> <span class='ocrx_word' id='word_1_456' title='bbox 1391 5258 1595 5326; x_wconf 77' lang='lat' dir='ltr'><strong>quibus</strong></span> <span class='ocrx_word' id='word_1_457' title='bbox 1637 5257 1804 5310; x_wconf 88' lang='lat' dir='ltr'><strong>etiam</strong></span> <span class='ocrx_word' id='word_1_458' title='bbox 1851 5265 1901 5310; x_wconf 89' lang='lat' dir='ltr'><strong>te</strong></span> <span class='ocrx_word' id='word_1_459' title='bbox 1929 5256 2168 5330; x_wconf 84' lang='lat' dir='ltr'><strong>confidis</strong></span> 
     </span>
    </p>
   </div>
   <div class='ocr_carea' id='block_1_73' title="bbox 579 5349 1313 5422">
    <p class='ocr_par' dir='ltr' id='par_1_73' title="bbox 579 5349 1313 5422">
     <span class='ocr_line' id='line_1_73' title="bbox 579 5349 1313 5422; baseline -0.008 -16"><span class='ocrx_word' id='word_1_460' title='bbox 579 5354 772 5408; x_wconf 80' lang='lat' dir='ltr'><strong>videre</strong></span> <span class='ocrx_word' id='word_1_461' title='bbox 813 5351 1041 5422; x_wconf 78' lang='lat' dir='ltr'><strong>gloriam</strong></span> <span class='ocrx_word' id='word_1_462' title='bbox 1082 5349 1313 5404; x_wconf 85' lang='lat' dir='ltr'><strong>Christi.</strong></span> 
     </span>
    </p>
   </div>
   <div class='ocr_carea' id='block_1_74' title="bbox 665 5485 1755 5553">
    <p class='ocr_par' dir='ltr' id='par_1_74' title="bbox 665 5485 1755 5553">
     <span class='ocr_line' id='line_1_74' title="bbox 665 5485 1755 5553; baseline -0.005 -10"><span class='ocrx_word' id='word_1_463' title='bbox 665 5492 684 5520; x_wconf 81' lang='grc'>¹</span> <span class='ocrx_word' id='word_1_464' title='bbox 715 5487 885 5543; x_wconf 85' lang='lat' dir='ltr'><strong>Marc.</strong></span> <span class='ocrx_word' id='word_1_465' title='bbox 934 5504 1031 5553; x_wconf 81' lang='lat' dir='ltr'><strong>xu,</strong></span> <span class='ocrx_word' id='word_1_466' title='bbox 1083 5486 1174 5542; x_wconf 79' lang='grc'><strong>50.</strong></span> <span class='ocrx_word' id='word_1_467' title='bbox 1245 5487 1270 5516; x_wconf 77' lang='grc'><em>³</em></span> <span class='ocrx_word' id='word_1_468' title='bbox 1313 5485 1450 5539; x_wconf 90' lang='lat' dir='ltr'><strong>Luc.</strong></span> <span class='ocrx_word' id='word_1_469' title='bbox 1499 5502 1610 5550; x_wconf 68' lang='lat' dir='ltr'><strong>xw,</strong></span> <span class='ocrx_word' id='word_1_470' title='bbox 1672 5486 1755 5538; x_wconf 81' lang='lat' dir='ltr'><strong>i-I.</strong></span> 
     </span>
    </p>
   </div>
   <div class='ocr_carea' id='block_1_75' title="bbox 656 5623 2166 5699">
    <p class='ocr_par' dir='ltr' id='par_1_75' title="bbox 656 5623 2166 5699">
     <span class='ocr_line' id='line_1_75' title="bbox 656 5623 2166 5699; baseline -0.004 -15"><span class='ocrx_word' id='word_1_471' title='bbox 656 5626 733 5699; x_wconf 85' lang='lat' dir='ltr'><strong>(l)</strong></span> <span class='ocrx_word' id='word_1_472' title='bbox 767 5629 900 5684; x_wconf 83' lang='lat' dir='ltr'><strong>Post</strong></span> <span class='ocrx_word' id='word_1_473' title='bbox 949 5629 1094 5683; x_wconf 91' lang='lat' dir='ltr'><strong>hanc</strong></span> <span class='ocrx_word' id='word_1_474' title='bbox 1130 5625 1546 5699; x_wconf 82' lang='lat' dir='ltr'><strong>inscriptionem</strong></span> <span class='ocrx_word' id='word_1_475' title='bbox 1591 5625 1846 5699; x_wconf 77' lang='lat' dir='ltr'><strong>sequitur</strong></span> <span class='ocrx_word' id='word_1_476' title='bbox 1873 5623 2056 5699; x_wconf 82' lang='lat' dir='ltr'><strong>altera</strong></span> <span class='ocrx_word' id='word_1_477' title='bbox 2088 5625 2166 5699; x_wconf 87' lang='lat' dir='ltr'><strong>_in</strong></span> 
     </span>
    </p>
   </div>
   <div class='ocr_carea' id='block_1_76' title="bbox 587 5694 2168 5760">
    <p class='ocr_par' dir='ltr' id='par_1_76' title="bbox 587 5694 2168 5760">
     <span class='ocr_line' id='line_1_76' title="bbox 587 5694 2168 5760; baseline -0.002 -8"><span class='ocrx_word' id='word_1_478' title='bbox 587 5694 736 5754; x_wconf 83' lang='lat' dir='ltr'><strong>edito</strong></span> <span class='ocrx_word' id='word_1_479' title='bbox 787 5699 1162 5759; x_wconf 88' lang='lat' dir='ltr'><strong>llolsteniano,</strong></span> <span class='ocrx_word' id='word_1_480' title='bbox 1192 5712 1264 5750; x_wconf 82' lang='lat' dir='ltr'><strong>ex</strong></span> <span class='ocrx_word' id='word_1_481' title='bbox 1303 5711 1404 5749; x_wconf 90' lang='lat' dir='ltr'><strong>ms.</strong></span> <span class='ocrx_word' id='word_1_482' title='bbox 1423 5695 1646 5756; x_wconf 81' lang='lat' dir='ltr'><strong>codice.</strong></span> <span class='ocrx_word' id='word_1_483' title='bbox 1695 5704 1756 5748; x_wconf 92' lang='lat' dir='ltr'><strong>ut</strong></span> <span class='ocrx_word' id='word_1_484' title='bbox 1797 5694 2036 5760; x_wconf 91' lang='lat' dir='ltr'><strong>videtur,</strong></span> <span class='ocrx_word' id='word_1_485' title='bbox 2069 5696 2168 5749; x_wconf 85' lang='lat' dir='ltr'><strong>de-</strong></span> 
     </span>
    </p>
   </div>
   <div class='ocr_carea' id='block_1_77' title="bbox 591 5765 2168 5840">
    <p class='ocr_par' dir='ltr' id='par_1_77' title="bbox 591 5765 2168 5840">
     <span class='ocr_line' id='line_1_77' title="bbox 591 5765 2168 5840; baseline -0.002 -17"><span class='ocrx_word' id='word_1_486' title='bbox 591 5779 828 5840; x_wconf 78' lang='lat' dir='ltr'><strong>sumpta,</strong></span> <span class='ocrx_word' id='word_1_487' title='bbox 875 5786 994 5840; x_wconf 71' lang='lat' dir='ltr'><strong>qua:</strong></span> <span class='ocrx_word' id='word_1_488' title='bbox 1031 5769 1113 5823; x_wconf 91' lang='lat' dir='ltr'><strong>sic</strong></span> <span class='ocrx_word' id='word_1_489' title='bbox 1151 5783 1210 5824; x_wconf 86' lang='lat' dir='ltr'><strong>sc</strong></span> <span class='ocrx_word' id='word_1_490' title='bbox 1261 5766 1426 5821; x_wconf 87' lang='lat' dir='ltr'><strong>habet</strong></span> <span class='ocrx_word' id='word_1_491' title='bbox 1461 5765 1694 5836; x_wconf 85' lang='lat' dir='ltr'><strong>:Incipit</strong></span> <span class='ocrx_word' id='word_1_492' title='bbox 1722 5765 1909 5836; x_wconf 82' lang='lat' dir='ltr'><strong>regula</strong></span> <span class='ocrx_word' id='word_1_493' title='bbox 1963 5765 2018 5820; x_wconf 91' lang='lat' dir='ltr'><strong>S.</strong></span> <span class='ocrx_word' id='word_1_494' title='bbox 2054 5765 2168 5820; x_wconf 77' lang='lat' dir='ltr'><strong>Ma-</strong></span> 
     </span>
    </p>
   </div>
   <div class='ocr_carea' id='block_1_78' title="bbox 1833 5486 2384 5556">
    <p class='ocr_par' dir='ltr' id='par_1_78' title="bbox 1833 5486 2384 5556">
     <span class='ocr_line' id='line_1_78' title="bbox 1833 5486 2384 5556; baseline 0.005 -17"><span class='ocrx_word' id='word_1_495' title='bbox 1833 5487 1852 5515; x_wconf 83' lang='grc'><em>³</em></span> <span class='ocrx_word' id='word_1_496' title='bbox 1897 5486 2067 5541; x_wconf 86' lang='lat' dir='ltr'><strong>Eccli.</strong></span> <span class='ocrx_word' id='word_1_497' title='bbox 2121 5504 2192 5542; x_wconf 81' lang='lat' dir='ltr'><strong>VII</strong></span> <span class='ocrx_word' id='word_1_498' title='bbox 2236 5529 2252 5556; x_wconf 87' lang='lat'><strong>,</strong></span> <span class='ocrx_word' id='word_1_499' title='bbox 2299 5488 2384 5543; x_wconf 72' lang='grc'><strong>16.</strong></span> 
     </span>
    </p>
   </div>
   <div class='ocr_carea' id='block_1_79' title="bbox 2337 3979 3849 4050">
    <p class='ocr_par' dir='ltr' id='par_1_79' title="bbox 2337 3979 3849 4050">
     <span class='ocr_line' id='line_1_79' title="bbox 2337 3979 3849 4050; baseline 0 -18"><span class='ocrx_word' id='word_1_500' title='bbox 2337 3979 2457 4032; x_wconf 80' lang='lat' dir='ltr'><strong>XII.</strong></span> <span class='ocrx_word' id='word_1_501' title='bbox 2497 3979 2555 4034; x_wconf 88' lang='lat' dir='ltr'><strong>Si</strong></span> <span class='ocrx_word' id='word_1_502' title='bbox 2607 3979 2731 4050; x_wconf 86' lang='lat' dir='ltr'><strong>quis</strong></span> <span class='ocrx_word' id='word_1_503' title='bbox 2771 3988 2955 4033; x_wconf 88' lang='lat' dir='ltr'><strong>autem</strong></span> <span class='ocrx_word' id='word_1_504' title='bbox 3007 3981 3459 4042; x_wconf 81' lang='lat' dir='ltr'><strong>murmuraverit,</strong></span> <span class='ocrx_word' id='word_1_505' title='bbox 3496 3981 3584 4033; x_wconf 86' lang='lat' dir='ltr'><strong>vel</strong></span> <span class='ocrx_word' id='word_1_506' title='bbox 3635 3993 3849 4034; x_wconf 75' lang='lat' dir='ltr'><strong>conten-</strong></span> 
     </span>
    </p>
   </div>
   <div class='ocr_carea' id='block_1_80' title="bbox 2269 4070 3846 4140">
    <p class='ocr_par' dir='ltr' id='par_1_80' title="bbox 2269 4070 3846 4140">
     <span class='ocr_line' id='line_1_80' title="bbox 2269 4070 3846 4140; baseline -0.002 -16"><span class='ocrx_word' id='word_1_507' title='bbox 2269 4070 2442 4124; x_wconf 91' lang='lat' dir='ltr'><strong>tiosus</strong></span> <span class='ocrx_word' id='word_1_508' title='bbox 2473 4071 2769 4134; x_wconf 81' lang='lat' dir='ltr'><strong>exstiterit,</strong></span> <span class='ocrx_word' id='word_1_509' title='bbox 2802 4079 2897 4124; x_wconf 91' lang='lat' dir='ltr'><strong>aut</strong></span> <span class='ocrx_word' id='word_1_510' title='bbox 2928 4070 3175 4126; x_wconf 85' lang='lat' dir='ltr'><strong>referens</strong></span> <span class='ocrx_word' id='word_1_511' title='bbox 3206 4072 3258 4123; x_wconf 91' lang='lat' dir='ltr'><strong>in</strong></span> <span class='ocrx_word' id='word_1_512' title='bbox 3299 4072 3488 4140; x_wconf 89' lang='lat' dir='ltr'><strong>aliquo</strong></span> <span class='ocrx_word' id='word_1_513' title='bbox 3522 4072 3846 4125; x_wconf 83' lang='lat' dir='ltr'><strong>contrariam</strong></span> 
     </span>
    </p>
   </div>
   <div class='ocr_carea' id='block_1_81' title="bbox 2265 4163 3845 4234">
    <p class='ocr_par' dir='ltr' id='par_1_81' title="bbox 2265 4163 3845 4234">
     <span class='ocr_line' id='line_1_81' title="bbox 2265 4163 3845 4234; baseline -0.001 -19"><span class='ocrx_word' id='word_1_514' title='bbox 2265 4163 2604 4218; x_wconf 85' lang='lat' dir='ltr'><strong>voluntatem</strong></span> <span class='ocrx_word' id='word_1_515' title='bbox 2649 4165 2966 4234; x_wconf 62' lang='lat' dir='ltr'><strong>prwceptis;</strong></span> <span class='ocrx_word' id='word_1_516' title='bbox 3004 4163 3166 4233; x_wconf 84' lang='lat' dir='ltr'><strong>digne</strong></span> <span class='ocrx_word' id='word_1_517' title='bbox 3201 4176 3496 4232; x_wconf 88' lang='lat' dir='ltr'><strong>correptus</strong></span> <span class='ocrx_word' id='word_1_518' title='bbox 3549 4164 3845 4217; x_wconf 83' lang='lat' dir='ltr'><strong>secundum</strong></span> 
     </span>
    </p>
   </div>
   <div class='ocr_carea' id='block_1_82' title="bbox 2267 4253 3846 4324">
    <p class='ocr_par' dir='ltr' id='par_1_82' title="bbox 2267 4253 3846 4324">
     <span class='ocr_line' id='line_1_82' title="bbox 2267 4253 3846 4324; baseline -0.002 -16"><span class='ocrx_word' id='word_1_519' title='bbox 2267 4254 2558 4308; x_wconf 90' lang='lat' dir='ltr'><strong>arbitrium</strong></span> <span class='ocrx_word' id='word_1_520' title='bbox 2583 4253 2816 4310; x_wconf 87' lang='lat' dir='ltr'><strong>senioris</strong></span> <span class='ocrx_word' id='word_1_521' title='bbox 2839 4256 2920 4309; x_wconf 91' lang='lat' dir='ltr'><strong>vel</strong></span> <span class='ocrx_word' id='word_1_522' title='bbox 2949 4255 3170 4308; x_wconf 91' lang='lat' dir='ltr'><strong>modum</strong></span> <span class='ocrx_word' id='word_1_523' title='bbox 3196 4254 3392 4324; x_wconf 74' lang='lat' dir='ltr'><strong>culpm,</strong></span> <span class='ocrx_word' id='word_1_524' title='bbox 3443 4253 3638 4308; x_wconf 89' lang='lat' dir='ltr'><strong>tandiu</strong></span> <span class='ocrx_word' id='word_1_525' title='bbox 3688 4254 3846 4306; x_wconf 64' lang='lat' dir='ltr'><strong>obstio</strong></span> 
     </span>
    </p>
   </div>
   <div class='ocr_carea' id='block_1_83' title="bbox 2267 4346 3843 4417">
    <p class='ocr_par' dir='ltr' id='par_1_83' title="bbox 2267 4346 3843 4417">
     <span class='ocr_line' id='line_1_83' title="bbox 2267 4346 3843 4417; baseline -0.002 -17"><span class='ocrx_word' id='word_1_526' title='bbox 2267 4358 2413 4410; x_wconf 90' lang='lat' dir='ltr'><strong>neat,</strong></span> <span class='ocrx_word' id='word_1_527' title='bbox 2465 4347 2709 4416; x_wconf 88' lang='lat' dir='ltr'><strong>quandiu</strong></span> <span class='ocrx_word' id='word_1_528' title='bbox 2750 4348 2830 4402; x_wconf 87' lang='lat' dir='ltr'><strong>vel</strong></span> <span class='ocrx_word' id='word_1_529' title='bbox 2874 4347 3047 4417; x_wconf 69' lang='lat' dir='ltr'><strong>culpm</strong></span> <span class='ocrx_word' id='word_1_530' title='bbox 3081 4346 3317 4416; x_wconf 90' lang='lat' dir='ltr'><strong>qualitas</strong></span> <span class='ocrx_word' id='word_1_531' title='bbox 3380 4348 3721 4417; x_wconf 82' lang='lat' dir='ltr'><strong>poposcerit,</strong></span> <span class='ocrx_word' id='word_1_532' title='bbox 3769 4347 3843 4399; x_wconf 79' lang='lat' dir='ltr'><strong>vel</strong></span> 
     </span>
    </p>
   </div>
   <div class='ocr_carea' id='block_1_84' title="bbox 2267 4440 3845 4508">
    <p class='ocr_par' dir='ltr' id='par_1_84' title="bbox 2267 4440 3845 4508">
     <span class='ocr_line' id='line_1_84' title="bbox 2267 4440 3845 4508; baseline -0.001 -15"><span class='ocrx_word' id='word_1_533' title='bbox 2267 4453 2327 4493; x_wconf 84' lang='lat' dir='ltr'><strong>se</strong></span> <span class='ocrx_word' id='word_1_534' title='bbox 2367 4440 2686 4508; x_wconf 72' lang='lat' dir='ltr'><strong>pmnitendo</strong></span> <span class='ocrx_word' id='word_1_535' title='bbox 2740 4440 3136 4505; x_wconf 87' lang='lat' dir='ltr'><strong>humiliaverit,</strong></span> <span class='ocrx_word' id='word_1_536' title='bbox 3197 4440 3282 4493; x_wconf 82' lang='lat' dir='ltr'><strong>vel</strong></span> <span class='ocrx_word' id='word_1_537' title='bbox 3329 4440 3845 4502; x_wconf 80' lang='lat' dir='ltr'><strong>einendaverit;ita</strong></span> 
     </span>
    </p>
   </div>
   <div class='ocr_carea' id='block_1_85' title="bbox 2270 4533 3618 4603">
    <p class='ocr_par' dir='ltr' id='par_1_85' title="bbox 2270 4533 3618 4603">
     <span class='ocr_line' id='line_1_85' title="bbox 2270 4533 3618 4603; baseline 0.001 -18"><span class='ocrx_word' id='word_1_538' title='bbox 2270 4542 2330 4586; x_wconf 89' lang='lat' dir='ltr'><strong>ut</strong></span> <span class='ocrx_word' id='word_1_539' title='bbox 2367 4541 2657 4602; x_wconf 89' lang='lat' dir='ltr'><strong>correptus</strong></span> <span class='ocrx_word' id='word_1_540' title='bbox 2689 4549 2798 4588; x_wconf 90' lang='lat' dir='ltr'><strong>non</strong></span> <span class='ocrx_word' id='word_1_541' title='bbox 2845 4533 3047 4589; x_wconf 89' lang='lat' dir='ltr'><strong>audeat</strong></span> <span class='ocrx_word' id='word_1_542' title='bbox 3078 4549 3308 4603; x_wconf 89' lang='lat' dir='ltr'><strong>usquam</strong></span> <span class='ocrx_word' id='word_1_543' title='bbox 3341 4534 3618 4588; x_wconf 89' lang='lat' dir='ltr'><strong>recidere.</strong></span> 
     </span>
    </p>
   </div>
   <div class='ocr_carea' id='block_1_86' title="bbox 2337 4620 3840 4692">
    <p class='ocr_par' dir='ltr' id='par_1_86' title="bbox 2337 4620 3840 4692">
     <span class='ocr_line' id='line_1_86' title="bbox 2337 4620 3840 4692; baseline -0.001 -17"><span class='ocrx_word' id='word_1_544' title='bbox 2337 4621 2476 4676; x_wconf 75' lang='lat' dir='ltr'><strong>XIII.</strong></span> <span class='ocrx_word' id='word_1_545' title='bbox 2519 4620 2574 4676; x_wconf 92' lang='lat' dir='ltr'><strong>Si</strong></span> <span class='ocrx_word' id='word_1_546' title='bbox 2599 4623 2723 4692; x_wconf 90' lang='lat' dir='ltr'><strong>quis</strong></span> <span class='ocrx_word' id='word_1_547' title='bbox 2752 4622 2944 4682; x_wconf 87' lang='lat' dir='ltr'><strong>frater.</strong></span> <span class='ocrx_word' id='word_1_548' title='bbox 2973 4623 3058 4676; x_wconf 88' lang='lat' dir='ltr'><strong>vel</strong></span> <span class='ocrx_word' id='word_1_549' title='bbox 3089 4623 3181 4692; x_wconf 89' lang='lat' dir='ltr'><strong>qui</strong></span> <span class='ocrx_word' id='word_1_550' title='bbox 3213 4623 3266 4675; x_wconf 91' lang='lat' dir='ltr'><strong>in</strong></span> <span class='ocrx_word' id='word_1_551' title='bbox 3311 4622 3559 4676; x_wconf 91' lang='lat' dir='ltr'><strong>oratorio</strong></span> <span class='ocrx_word' id='word_1_552' title='bbox 3591 4632 3743 4684; x_wconf 84' lang='lat' dir='ltr'><strong>sunt,</strong></span> <span class='ocrx_word' id='word_1_553' title='bbox 3767 4623 3840 4674; x_wconf 80' lang='lat' dir='ltr'><strong>vel</strong></span> 
     </span>
    </p>
   </div>
   <div class='ocr_carea' id='block_1_87' title="bbox 2268 4713 3843 4784">
    <p class='ocr_par' dir='ltr' id='par_1_87' title="bbox 2268 4713 3843 4784">
     <span class='ocr_line' id='line_1_87' title="bbox 2268 4713 3843 4784; baseline -0.001 -18"><span class='ocrx_word' id='word_1_554' title='bbox 2268 4713 2362 4783; x_wconf 91' lang='lat' dir='ltr'><strong>qui</strong></span> <span class='ocrx_word' id='word_1_555' title='bbox 2403 4729 2500 4784; x_wconf 85' lang='lat' dir='ltr'><strong>per</strong></span> <span class='ocrx_word' id='word_1_556' title='bbox 2531 4715 2757 4768; x_wconf 88' lang='lat' dir='ltr'><strong>cellulas</strong></span> <span class='ocrx_word' id='word_1_557' title='bbox 2792 4714 3138 4777; x_wconf 90' lang='lat' dir='ltr'><strong>consistunt,</strong></span> <span class='ocrx_word' id='word_1_558' title='bbox 3173 4713 3497 4783; x_wconf 90' lang='lat' dir='ltr'><strong>quicunque</strong></span> <span class='ocrx_word' id='word_1_559' title='bbox 3526 4716 3650 4784; x_wconf 85' lang='lat' dir='ltr'><strong>ejus</strong></span> <span class='ocrx_word' id='word_1_560' title='bbox 3681 4716 3843 4767; x_wconf 75' lang='lat' dir='ltr'><strong>errori</strong></span> 
     </span>
    </p>
   </div>
   <div class='ocr_carea' id='block_1_88' title="bbox 2269 4804 3134 4874">
    <p class='ocr_par' dir='ltr' id='par_1_88' title="bbox 2269 4804 3134 4874">
     <span class='ocr_line' id='line_1_88' title="bbox 2269 4804 3134 4874; baseline 0 -16"><span class='ocrx_word' id='word_1_561' title='bbox 2269 4805 2631 4868; x_wconf 84' lang='lat' dir='ltr'><strong>consenserit,</strong></span> <span class='ocrx_word' id='word_1_562' title='bbox 2677 4804 2968 4874; x_wconf 88' lang='lat' dir='ltr'><strong>culpabilis</strong></span> <span class='ocrx_word' id='word_1_563' title='bbox 3004 4805 3134 4858; x_wconf 90' lang='lat' dir='ltr'><strong>erit.</strong></span> 
     </span>
    </p>
   </div>
   <div class='ocr_carea' id='block_1_89' title="bbox 2339 4897 3840 4965">
    <p class='ocr_par' dir='ltr' id='par_1_89' title="bbox 2339 4897 3840 4965">
     <span class='ocr_line' id='line_1_89' title="bbox 2339 4897 3840 4965; baseline -0.001 -15"><span class='ocrx_word' id='word_1_564' title='bbox 2339 4897 2477 4952; x_wconf 73' lang='lat' dir='ltr'><strong>XIV.</strong></span> <span class='ocrx_word' id='word_1_565' title='bbox 2518 4898 2598 4951; x_wconf 83' lang='lat' dir='ltr'><strong>Ad</strong></span> <span class='ocrx_word' id='word_1_566' title='bbox 2645 4898 2838 4951; x_wconf 88' lang='lat' dir='ltr'><strong>horam</strong></span> <span class='ocrx_word' id='word_1_567' title='bbox 2893 4912 3024 4950; x_wconf 88' lang='lat' dir='ltr'><strong>vero</strong></span> <span class='ocrx_word' id='word_1_568' title='bbox 3059 4897 3328 4951; x_wconf 87' lang='lat' dir='ltr'><strong>orationis</strong></span> <span class='ocrx_word' id='word_1_569' title='bbox 3369 4897 3501 4951; x_wconf 89' lang='lat' dir='ltr'><strong>dato</strong></span> <span class='ocrx_word' id='word_1_570' title='bbox 3545 4898 3704 4965; x_wconf 71' lang='lat' dir='ltr'><strong>signo</strong></span> <span class='ocrx_word' id='word_1_571' title='bbox 3745 4914 3840 4950; x_wconf 79' lang='lat' dir='ltr'><strong>non</strong></span> 
     </span>
    </p>
   </div>
   <div class='ocr_carea' id='block_1_90' title="bbox 2269 4987 3842 5058">
    <p class='ocr_par' dir='ltr' id='par_1_90' title="bbox 2269 4987 3842 5058">
     <span class='ocr_line' id='line_1_90' title="bbox 2269 4987 3842 5058; baseline -0.004 -17"><span class='ocrx_word' id='word_1_572' title='bbox 2269 4987 2452 5042; x_wconf 88' lang='lat' dir='ltr'><strong>statim</strong></span> <span class='ocrx_word' id='word_1_573' title='bbox 2490 4988 2858 5057; x_wconf 68' lang='lat' dir='ltr'><strong>praetermisso</strong></span> <span class='ocrx_word' id='word_1_574' title='bbox 2891 4987 3038 5040; x_wconf 89' lang='lat' dir='ltr'><strong>omni</strong></span> <span class='ocrx_word' id='word_1_575' title='bbox 3071 5001 3236 5055; x_wconf 82' lang='lat' dir='ltr'><strong>opere</strong></span> <span class='ocrx_word' id='word_1_576' title='bbox 3259 4987 3410 5055; x_wconf 84' lang='lat' dir='ltr'><strong>quod</strong></span> <span class='ocrx_word' id='word_1_577' title='bbox 3454 4987 3586 5058; x_wconf 87' lang='lat' dir='ltr'><strong>agit,</strong></span> <span class='ocrx_word' id='word_1_578' title='bbox 3636 4999 3842 5057; x_wconf 69' lang='lat' dir='ltr'><strong>paratus</strong></span> 
     </span>
    </p>
   </div>
   <div class='ocr_carea' id='block_1_91' title="bbox 2271 5079 3838 5149">
    <p class='ocr_par' dir='ltr' id='par_1_91' title="bbox 2271 5079 3838 5149">
     <span class='ocr_line' id='line_1_91' title="bbox 2271 5079 3838 5149; baseline -0.003 -14"><span class='ocrx_word' id='word_1_579' title='bbox 2271 5080 2460 5144; x_wconf 87' lang='lat' dir='ltr'><strong>fuerit,</strong></span> <span class='ocrx_word' id='word_1_580' title='bbox 2495 5081 2640 5134; x_wconf 92' lang='lat' dir='ltr'><strong>foras</strong></span> <span class='ocrx_word' id='word_1_581' title='bbox 2673 5079 3023 5142; x_wconf 75' lang='lat' dir='ltr'><strong>excludatur,</strong></span> <span class='ocrx_word' id='word_1_582' title='bbox 3058 5089 3119 5134; x_wconf 90' lang='lat' dir='ltr'><strong>ut</strong></span> <span class='ocrx_word' id='word_1_583' title='bbox 3167 5081 3493 5144; x_wconf 81' lang='lat' dir='ltr'><strong>erubescat;</strong></span> <span class='ocrx_word' id='word_1_584' title='bbox 3542 5081 3672 5149; x_wconf 87' lang='lat' dir='ltr'><strong>quia</strong></span> <span class='ocrx_word' id='word_1_585' title='bbox 3719 5081 3838 5132; x_wconf 81' lang='lat' dir='ltr'><strong>nihil</strong></span> 
     </span>
    </p>
   </div>
   <div class='ocr_carea' id='block_1_92' title="bbox 2275 5173 3109 5241">
    <p class='ocr_par' dir='ltr' id='par_1_92' title="bbox 2275 5173 3109 5241">
     <span class='ocr_line' id='line_1_92' title="bbox 2275 5173 3109 5241; baseline -0.002 -17"><span class='ocrx_word' id='word_1_586' title='bbox 2275 5173 2514 5225; x_wconf 89' lang='lat' dir='ltr'><strong>orationi</strong></span> <span class='ocrx_word' id='word_1_587' title='bbox 2544 5174 2976 5241; x_wconf 73' lang='lat' dir='ltr'><strong>prmponcndum</strong></span> <span class='ocrx_word' id='word_1_588' title='bbox 3001 5182 3109 5225; x_wconf 86' lang='lat' dir='ltr'><strong>est.</strong></span> 
     </span>
    </p>
   </div>
   <div class='ocr_carea' id='block_1_93' title="bbox 2341 5261 3838 5342">
    <p class='ocr_par' dir='ltr' id='par_1_93' title="bbox 2341 5261 3838 5342">
     <span class='ocr_line' id='line_1_93' title="bbox 2341 5261 3838 5342; baseline -0.003 -26"><span class='ocrx_word' id='word_1_589' title='bbox 2341 5262 2456 5316; x_wconf 77' lang='lat' dir='ltr'><strong>XV.</strong></span> <span class='ocrx_word' id='word_1_590' title='bbox 2499 5261 2732 5331; x_wconf 79' lang='lat' dir='ltr'><strong>Operam</strong></span> <span class='ocrx_word' id='word_1_591' title='bbox 2780 5263 2890 5316; x_wconf 90' lang='lat' dir='ltr'><strong>Deo</strong></span> <span class='ocrx_word' id='word_1_592' title='bbox 2922 5262 3131 5316; x_wconf 84' lang='lat' dir='ltr'><strong>dabunt</strong></span> <span class='ocrx_word' id='word_1_593' title='bbox 3157 5262 3354 5342; x_wconf 71' lang='lat' dir='ltr'><strong>singuli</strong></span> <span class='ocrx_word' id='word_1_594' title='bbox 3387 5261 3589 5317; x_wconf 85' lang='lat' dir='ltr'><strong>fratres</strong></span> <span class='ocrx_word' id='word_1_595' title='bbox 3611 5272 3838 5332; x_wconf 75' lang='lat' dir='ltr'><strong>tempore</strong></span> 
     </span>
    </p>
   </div>
   <div class='ocr_carea' id='block_1_94' title="bbox 2277 5354 3838 5425">
    <p class='ocr_par' dir='ltr' id='par_1_94' title="bbox 2277 5354 3838 5425">
     <span class='ocr_line' id='line_1_94' title="bbox 2277 5354 3838 5425; baseline -0.001 -17"><span class='ocrx_word' id='word_1_596' title='bbox 2277 5370 2386 5424; x_wconf 92' lang='lat' dir='ltr'><strong>quo</strong></span> <span class='ocrx_word' id='word_1_597' title='bbox 2430 5355 2605 5408; x_wconf 65' lang='lat' dir='ltr'><strong>Missae</strong></span> <span class='ocrx_word' id='word_1_598' title='bbox 2651 5356 2703 5406; x_wconf 89' lang='lat' dir='ltr'><strong>in</strong></span> <span class='ocrx_word' id='word_1_599' title='bbox 2747 5355 2948 5425; x_wconf 78' lang='lat' dir='ltr'><strong>vigiliis</strong></span> <span class='ocrx_word' id='word_1_600' title='bbox 2999 5354 3358 5410; x_wconf 85' lang='lat' dir='ltr'><strong>observandis</strong></span> <span class='ocrx_word' id='word_1_601' title='bbox 3423 5354 3582 5420; x_wconf 69' lang='lat' dir='ltr'><strong>fiunt,</strong></span> <span class='ocrx_word' id='word_1_602' title='bbox 3638 5356 3838 5425; x_wconf 88' lang='lat' dir='ltr'><strong>quando</strong></span> 
     </span>
    </p>
   </div>
   <div class='ocr_carea' id='block_1_95' title="bbox 2465 5489 3011 5560">
    <p class='ocr_par' dir='ltr' id='par_1_95' title="bbox 2465 5489 3011 5560">
     <span class='ocr_line' id='line_1_95' title="bbox 2465 5489 3011 5560; baseline 0 -16"><span class='ocrx_word' id='word_1_603' title='bbox 2465 5489 2486 5522; x_wconf 71' lang='grc'><strong>⁸</strong></span> <span class='ocrx_word' id='word_1_604' title='bbox 2523 5490 2761 5560; x_wconf 87' lang='lat' dir='ltr'><strong>Philipp.</strong></span> <span class='ocrx_word' id='word_1_605' title='bbox 2813 5507 2870 5557; x_wconf 91' lang='grc' dir='ltr'>ιι,</span> <span class='ocrx_word' id='word_1_606' title='bbox 2927 5491 3011 5544; x_wconf 77' lang='grc'><strong>14.</strong></span> 
     </span>
    </p>
   </div>
   <div class='ocr_carea' id='block_1_96' title="bbox 2276 5627 3841 5700">
    <p class='ocr_par' dir='ltr' id='par_1_96' title="bbox 2276 5627 3841 5700">
     <span class='ocr_line' id='line_1_96' title="bbox 2276 5627 3841 5700; baseline 0 -20"><span class='ocrx_word' id='word_1_607' title='bbox 2276 5629 2429 5690; x_wconf 81' lang='lat' dir='ltr'><strong>curii,</strong></span> <span class='ocrx_word' id='word_1_608' title='bbox 2460 5629 2550 5699; x_wconf 86' lang='lat' dir='ltr'><strong>qui</strong></span> <span class='ocrx_word' id='word_1_609' title='bbox 2581 5630 2762 5683; x_wconf 86' lang='lat' dir='ltr'><strong>habuit</strong></span> <span class='ocrx_word' id='word_1_610' title='bbox 2791 5629 2886 5684; x_wconf 82' lang='lat' dir='ltr'><strong>sub</strong></span> <span class='ocrx_word' id='word_1_611' title='bbox 2935 5629 3268 5684; x_wconf 82' lang='lat' dir='ltr'><strong>ordinatione</strong></span> <span class='ocrx_word' id='word_1_612' title='bbox 3296 5647 3396 5683; x_wconf 75' lang='lat' dir='ltr'><strong>sua</strong></span> <span class='ocrx_word' id='word_1_613' title='bbox 3438 5632 3666 5700; x_wconf 75' lang='lat' dir='ltr'><strong>quinque</strong></span> <span class='ocrx_word' id='word_1_614' title='bbox 3693 5627 3841 5682; x_wconf 67' lang='lat' dir='ltr'><strong>millia</strong></span> 
     </span>
    </p>
   </div>
   <div class='ocr_carea' id='block_1_97' title="bbox 2279 5702 2686 5754">
    <p class='ocr_par' dir='ltr' id='par_1_97' title="bbox 2279 5702 2686 5754">
     <span class='ocr_line' id='line_1_97' title="bbox 2279 5702 2686 5754; baseline 0.002 -2"><span class='ocrx_word' id='word_1_615' title='bbox 2279 5702 2686 5754; x_wconf 77' lang='lat' dir='ltr'><strong>monachorum.</strong></span> 
     </span>
    </p>
   </div>
  </div>
