4044 6516
170 448 283 511 969

1338 437 1650 500 REGULA
1682 433 1755 493 Al

1855 428 2261 498 [0NACHOS.‘
3332 443 3435 504 970

170 572 369 613 omnes
401 556 775 622 conveniunt,
809 571 879 611 ne
924 554 1203 611 deﬁciant.
1250 552 1579 623 Quicunque
1617 565 1743 621 gra-
1771 551 1821 608 Δ
1850 548 2133 618 fratribus,
2196 551 2349 607 velut
2408 552 2595 623 regula
2663 551 2930 607 continet.
2996 552 3099 619 Qui
3150 567 3438 625 susceptus

170 655 337 701 vatur
365 661 581 711 somno,
614 653 773 699 exeat
803 644 951 699 foras
989 662 1003 699 :
1039 659 1151 699 non
1178 657 1235 697 se
1266 640 1467 695 fabulis
1499 649 1752 709 occupet,

171 738 273 793 sed
300 738 484 792 statim
514 736 703 791 redeat
731 737 800 791 ad
832 752 993 806 opus,
1015 751 1126 806 quo
1161 734 1506 789 convenitur.
1538 734 1596 787 In
1627 748 1759 787 con-

170 826 491 896 gregatione
514 832 695 879 autem
725 824 840 894 ipsa
872 824 965 878 ubi
996 824 1216 893 legitur,
1248 837 1411 876 aures
1440 836 1658 890 semper
1687 821 1757 875 ad

173 917 497 986 Scripturas
540 917 798 981 habeant,
824 926 879 970 et
911 916 1191 970 silentium
1221 915 1537 969 observent.

247 1009 386 1064 XVI.
429 1008 543 1062 I'loc
575 1009 738 1063 etiam
770 1007 1166 1062 attendendum
1200 1006 1325 1068 fuit.
1373 1013 1434 1059 ut
1468 1000 1636 1060 fr'ater
1662 1006 1757 1075 qui

170 1118 277 1171 pro
320 1102 566 1171 qualibet
595 1101 754 1171 culpa
788 1100 1037 1171 arguitur
1065 1100 1151 1154 vel
1178 1101 1514 1170 increpatur.
1543 1101 1758 1169 patien-

174 1192 309 1246 tiam
355 1191 573 1255 habeat,
604 1200 661 1246 et
699 1206 810 1245 non
848 1189 1179 1260 respondeat
1211 1191 1461 1259 arguenti
1508 1205 1600 1255 se,
1658 1189 1756 1245 sed

171 1281 430 1336 humiliet
491 1298 549 1337 se
608 1282 663 1335 in
713 1282 1009 1346 omnibus,
1062 1281 1366 1336 secundum
1420 1290 1755 1350 prmceptum

169 1374 391 1429 Domini
422 1374 659 1429 dicentis
694 1391 706 1426 :
740 1372 877 1439 Quia
906 1373 1040 1427 Deus
1067 1374 1349 1428 humilibus
1383 1375 1477 1427 dat
1501 1376 1752 1443 gratiam,

166 1468 409 1533 superbis
436 1475 614 1519 autem
641 1465 831 1519 resistit
859 1466 903 1522 ³.
938 1465 1006 1519 Ει
1043 1485 1055 1519 ;
1090 1464 1190 1530 Qui
1217 1481 1272 1519 se
1308 1464 1572 1529 humiliat,
1601 1466 1757 1519 exal-

168 1541 375 1613 tabitur
415 1559 454 1612 ⁸.

237 1651 400 1706 XVII.
435 1650 537 1716 Qui
558 1665 690 1704 vero
707 1649 910 1719 saepius
927 1648 1246 1717 corripitur,
1271 1658 1328 1703 et
1345 1663 1457 1702 non
1486 1663 1545 1703 se
1569 1663 1757 1702 emen-

166 1745 409 1808 daverit,
456 1742 789 1797 novissimus
826 1742 881 1795 in
924 1740 1121 1795 ordine
1155 1750 1299 1795 stare
1339 1740 1619 1809 jubeatur.
1650 1738 1755 1804 Qui

165 1834 218 1889 si
262 1851 361 1890 nec
408 1836 487 1889 sic
515 1833 739 1903 quidem
771 1848 829 1887 se
862 1832 1259 1895 emendaverit,
1312 1840 1610 1885 extraneus
1659 1831 1758 1884 ha-

1856 640 2044 708 fuerit,
2076 659 2186 697 non
2219 644 2395 697 solum
2427 643 2495 698 de
2534 643 2845 698 substantia
2878 658 3043 713 quam
3092 646 3299 711 intulit,
3340 649 3438 706 sed

1856 734 2021 789 etiam
2050 750 2153 790 nec
2198 734 2268 789 de
2306 750 2365 789 se
2393 734 2512 804 ipso
2547 734 2617 789 ab
2662 734 2754 788 illa
2784 734 3058 805 judicabit
3100 735 3259 790 hora.
3302 737 3438 791 Nam

1857 826 1901 882 si
1935 827 2140 896 aliquid
2189 826 2345 896 prius
2381 828 2629 896 erogavit
2668 827 3025 896 pauperibus,
3063 838 3158 882 aut
3208 829 3439 883 veniens

1857 920 1915 974 in
1937 921 2186 975 cellulam
2209 919 2414 989 aliquid
2450 919 2637 974 intulit
2665 920 2957 991 fratribus,
2984 920 3090 989 ipsi
3120 928 3303 975 tamen
3328 937 3437 975 non

1856 1020 1938 1065 est
1968 1011 2201 1075 licitum,
2242 1021 2304 1065 ut
2341 1011 2545 1080 aliquid
2579 1012 2779 1067 habeat
2809 1012 2864 1065 in
2897 1028 2994 1067 sua
3036 1021 3330 1081 potestate.

1929 1100 2093 1156 XXV.
2136 1103 2202 1155 Et
2235 1102 2280 1156 si
2307 1117 2373 1155 ex
2408 1102 2659 1171 qualibet
2689 1118 2853 1157 causa
2894 1103 3135 1157 scandali
3164 1110 3287 1171 post
3327 1112 3438 1157 ter—

1858 1190 1995 1245 tium
2042 1190 2187 1244 diem
2227 1190 2355 1245 inde
2386 1192 2539 1245 exire
2567 1191 2825 1254 voluerit,
2859 1192 2998 1244 nihil
3041 1192 3263 1259 penitus
3290 1192 3437 1245 acci-

1856 1280 1992 1349 piat.
2040 1279 2144 1335 nisi
2184 1280 2239 1333 in
2277 1290 2429 1334 veste
2469 1295 2576 1348 qua
2620 1280 2792 1333 venit.
2822 1280 2977 1345 Quod
3009 1282 3053 1336 si
3096 1297 3227 1336 casu
3262 1292 3440 1336 trans-

1858 1371 2005 1440 ierit,
2051 1372 2235 1428 nullus
2277 1373 2577 1428 haeredium
2610 1375 2685 1441 (2)
2710 1376 2830 1445 ejus
2857 1375 3012 1429 adire
3036 1375 3255 1429 debeat.
3280 1375 3437 1442 Quod

1856 1464 1903 1519 si
1954 1465 2254 1534 impulsare
2297 1466 2372 1536 (5)
2418 1467 2688 1531 voluerit,
2753 1468 2939 1536 regula
2987 1468 3037 1521 ei
3097 1468 3331 1537 legatur,
3384 1478 3441 1521 et

1856 1553 2227 1609 confundatur
2254 1556 2509 1624 turpiter,
2538 1565 2595 1610 et
2625 1556 2874 1611 discedat
2900 1556 3164 1612 confusus
3188 1575 3200 1610 :
3226 1557 3356 1627 quia
3382 1566 3440 1611 et

1857 1643 1936 1697 illi
1974 1660 2003 1698 a
2036 1659 2145 1712 quo
2184 1645 2408 1713 repetit,
2459 1645 2640 1700 fuerat
2692 1647 2942 1701 recitata.

1929 1731 2119 1787 XXVI.
2160 1734 2303 1803 Ergo
2345 1750 2414 1789 ex
2459 1735 2707 1805 qualibet
2745 1752 2906 1791 causa
2948 1737 3074 1806 quis
3127 1737 3441 1806 peccaverit

1858 1823 2047 1889 frater,
2077 1826 2146 1879 ab
2177 1827 2429 1881 oratione
2453 1828 2847 1897 suspendatur,
2873 1829 3174 1899 etjejuniis
3207 1829 3439 1884 distrin-

164 1927 390 1991 beatur,
426 1894 568 1982 sicut
589 1926 857 1980 Dominus
894 1924 1031 1979 dixit
1070 1942 1082 1978 :
1118 1923 1197 1979 Sit
1240 1894 1330 1979 tibi
1358 1924 1490 1978 sicut
1521 1925 1754 1978 ethnicus
1789 1894 1829 1948 Β
1859 1925 2039 1985 gatur-
2065 1915 2220 1981 Quod
2256 1917 2298 1970 si
2331 1933 2516 1971 coram
2544 1894 2802 1973 omnibus
2836 1894 3100 1973 fratribus
3131 1929 3441 1990 prostratus

167 2028 227 2073 et
254 2020 575 2088 lpublicanus
610 2021 655 2073 ".

248 2107 433 2164 XVIII.
472 2110 553 2163 Ad
583 2114 837 2165 ’mensam
876 2120 1059 2163 autem
1103 2109 1416 2179 specialiter
1455 2108 1640 2163 nullus
1678 2108 1756 2163 lo-

165 2211 398 2269 quatur,
434 2202 537 2255 nisi
569 2202 663 2271 qui
694 2210 893 2271 praeest
918 2201 1002 2255 vel
1039 2201 1134 2270 qui
1168 2202 1539 2269 interrogatus
1570 2200 1753 2253 fuerit.

249 2294 391 2348 XIX.
446 2295 641 2350 Nullus
689 2310 747 2349 se
781 2294 835 2347 in
890 2310 987 2348 sua
1038 2294 1236 2363 peritia
1293 2309 1472 2362 neque
1509 2294 1564 2346 in
1625 2308 1757 2348 voce

166 2387 399 2451 exaltet,
430 2388 523 2441 sed
564 2403 665 2457 per
696 2387 1063 2441 humilitatem
1109 2395 1165 2440 et
1198 2385 1570 2439 obedientiam
1604 2384 1758 2439 laete-

172 2487 270 2532 tur
319 2478 372 2531 iu
425 2478 678 2533 Domino.

251 2570 368 2624 XX.
410 2569 839 2640 Hospitalitatem
885 2579 1145 2624 sectantes
1190 2585 1288 2639 per
1311 2569 1496 2623 omnia
1530 2571 1571 2631 ",
1605 2577 1661 2623 et
1690 2583 1758 2623 ne

166 2670 394 2716 avertas
436 2661 678 2724 oculum,
724 2667 821 2713 aut
873 2660 1089 2714 inanem
1137 2658 1381 2713 dimittas
1418 2673 1757 2728 pauperem;

168 2770 246 2809 ne
292 2754 429 2808 forte
470 2755 733 2808 Dominus
768 2753 823 2806 in
855 2752 1069 2821 hospite
1113 2762 1208 2807 aut
1244 2753 1300 2806 in
1330 2765 1571 2821 paupere
1604 2750 1671 2804 ad
1709 2758 1759 2803 te

166 2848 380 2909 veniat,
422 2857 477 2901 et
513 2847 695 2901 videat
722 2856 773 2900 te
820 2846 1161 2900 haesitantem
1196 2863 1208 2897 :
1252 2852 1306 2898 et
1346 2842 1754 2908 contemnaris;

170 2939 273 2995 sed
325 2941 583 2994 omnibus
612 2939 847 2994 hilarem
898 2948 951 2993 te
988 2937 1239 3000 ostende,
1279 2945 1336 2991 et
1368 2935 1605 2989 ﬁdeliter
1637 2950 1756 3003 age.

246 3030 389 3084 XXI.
426 3030 626 3085 Passus
663 3030 917 3101 injuriam
944 3042 1142 3083 taceas.
1169 3027 1427 3097 lnjuriam
1451 3025 1627 3079 facere
1649 3041 1758 3079 non

167 3136 359 3182 nosse,
401 3119 597 3175 factam
646 3136 810 3189 posse
843 3120 1097 3172 tolerare.
1132 3118 1252 3172 Non
1285 3127 1337 3170 te
1380 3116 1560 3170 inania
1591 3115 1760 3170 sedu-

1858 2006 2073 2060 veniam
2114 2008 2502 2075 postulaverit,
2539 2008 2849 2063 dimittatur
2876 2009 2975 2063 illi.

1928 2098 2141 2152 XXVII.
2186 2099 2321 2155 Nam
2351 2100 2395 2154 si
2448 2100 2503 2153 in
2541 2116 2639 2155 sua
2670 2102 2908 2157 voluerit
2946 2119 3301 2172 perseverare
3340 2120 3442 2159 ne-

1856 2190 2030 2259 quitia
2065 2197 2121 2244 et
2154 2192 2433 2260 superbia,
2482 2199 2537 2247 et
2565 2192 2713 2247 dicat
2746 2211 2759 2245 :
2800 2192 2901 2247 llic
2943 2210 3045 2263 ego
3094 2194 3297 2250 durare
3327 2210 3438 2248 non

1856 2297 2104 2351 possum,
2138 2285 2232 2339 scd
2286 2285 2552 2354 accipiam
2594 2286 2835 2339 casulam
2872 2303 3070 2352 meam,
3102 2295 3157 2342 et
3198 2302 3317 2342 eam
3344 2287 3440 2342 ubi

1856 2374 2094 2429 voluerit
2133 2376 2397 2431 Dominus
2431 2397 2441 2431 :
2482 2378 2735 2447 quisquis
2766 2378 2835 2433 de
2878 2378 3142 2434 fratribus
3171 2396 3297 2434 eum
3330 2380 3439 2434 hoc

1856 2463 2060 2519 dixisse
2094 2467 2248 2535 prius
2280 2467 2540 2529 audierit,
2599 2468 2801 2523 referat
2844 2470 3159 2538 praeposito,
3207 2479 3264 2525 et
3297 2485 3438 2539 pra}-

1857 2556 2069 2624 positus
2122 2557 2328 2611 abbati.
2386 2559 2571 2615 Abbas
2618 2576 2805 2615 coram
2859 2561 3117 2616 omnibus
3170 2560 3439 2615 fratribus

1858 2650 2117 2716 resideat,
2141 2661 2193 2706 et
2218 2668 2342 2705 eum
2366 2654 2852 2725 exhiberijubeat,
2875 2656 3115 2727 etvirgis
3142 2664 3436 2725 purgetur:

1857 2751 1913 2797 et
1954 2744 2131 2796 oratio
2187 2744 2297 2806 fiat,
2328 2757 2383 2799 et
2421 2745 2502 2799 sic
2528 2745 2594 2799 ad
2632 2747 3078 2802 communionem
3117 2748 3436 2818 recipiatur.

1857 2834 1928 2888 Ut
1961 2834 2006 2888 si
2048 2835 2173 2904 quis
2224 2850 2355 2890 sane
2404 2852 2515 2891 non
2560 2837 2888 2893 emendatur
2934 2837 3212 2905 doctrina,
3269 2839 3441 2910 virgis

1858 2936 2146 2996 purgetur.

1932 3019 2168 3075 XXVIII.
2207 3020 2363 3087 Quod
2395 3023 2438 3076 si
2475 3038 2605 3077 casu
2642 3024 2767 3092 quis
2801 3022 2971 3078 frater
2998 3023 3066 3079 de
3102 3024 3439 3079 monasterio

1857 3109 2007 3164 exire
2057 3110 2320 3174 voluerit,
2354 3111 2493 3165 nihil
2537 3113 2768 3181 penitus
2807 3114 3065 3183 accipiat,
3111 3114 3217 3168 nisi
3251 3114 3307 3167 in
3340 3130 3439 3169 no-

166 3220 303 3267 cant
332 3212 580 3276 consilia,
625 3211 720 3266 sed
773 3211 944 3281 magis
990 3220 1039 3265 te
1088 3209 1401 3277 specialiter
1444 3208 1498 3261 in
1535 3207 1753 3262 Christo
1780 3233 1821 3290 ς
1860 3203 2129 3257 latissimo
2177 3202 2252 3273 (4)
2304 3204 2654 3268 νϐεῑὶιηοιιιο,
2698 3214 2755 3258 εἰ
2800 3215 2953 3259 εΧιηι
2993 3207 3438 3261 communionem

167 3303 460 3359 conﬁrma.
494 3303 613 3357 Non
646 3303 745 3356 tibi
788 3303 1024 3357 aastimes
1071 3301 1212 3356 ullos
1257 3300 1623 3371 proximiores
1656 3315 1752 3369 pa-

167 3402 386 3456 rentes,
443 3409 605 3461 quam
640 3393 733 3463 qui
771 3401 952 3447 tecum
989 3399 1116 3446 sunt
1141 3391 1193 3445 in
1227 3391 1424 3446 cellula
1464 3390 1681 3443 fratres.

240 3484 410 3538 XXII.
451 3483 504 3537 Si
543 3483 611 3537 ad
656 3484 965 3538 necessaria
998 3481 1332 3552 requirenda
1363 3497 1393 3535 e
1418 3481 1755 3535 monasterio

167 3577 293 3631 bini
324 3578 680 3646 egrediantur
711 3576 796 3629 vel
820 3576 959 3629 terni
987 3574 1202 3639 fratres,
1230 3574 1366 3627 tales
1397 3572 1529 3627 ﬁant
1555 3573 1756 3641 quibus

164 3667 442 3732 creditur,
473 3668 584 3736 {qui
619 3668 873 3721 timorem
914 3668 1009 3721 Dei
1048 3667 1103 3719 in
1149 3681 1207 3721 se
1241 3666 1446 3719 habere
1476 3665 1752 3729 videntur,

165 3776 283 3815 non
320 3761 411 3830 qui
451 3761 839 3814 verbositatem
883 3768 977 3813 aut
1016 3760 1196 3829 gulam
1236 3766 1542 3813 sectantur.
1567 3763 1756 3810 ’τ-εθίκξη

244 3850 437 3905 XXIII.
478 3851 623 3921 Ergo
652 3852 697 3905 si
734 3850 859 3920 quis
896 3849 965 3905 de
1003 3849 1204 3904 saeculo
1251 3847 1319 3903 ad
1362 3847 1757 3902 monasterium

164 3944 420 3999 converti
451 3943 709 4009 voluerit,
745 3943 935 4013 regula
979 3942 1028 3995 ei
1063 3939 1369 3995 introeunti
1413 3939 1645 4008 legatur,
1702 3945 1759 3992 et

166 4051 369 4091 omnes
407 4045 561 4090 actus
588 4034 908 4090 monasterii
945 4032 1022 4087 illi
1045 4031 1326 4102 patefiant.
1357 4030 1462 4097 Qui
1491 4030 1537 4087 si
1572 4029 1757 4083 omnia

167 4137 300 4198 apte
345 4128 692 4194 sustinuerit,
739 4126 818 4182 sic
850 4127 1012 4196 digne
1045 4140 1075 4179 a
1114 4124 1382 4178 fratribus
1417 4122 1753 4195 suscipiatur

166 4220 225 4274 in
258 4219 617 4273 monasterio.

243 4310 435 4366 XXIV.
477 4310 610 4365 Nam
635 4310 683 4365 si
710 4310 950 4379 aliquam
984 4309 1040 4363 in
1069 4309 1265 4364 cellula
1284 4307 1519 4362 voluerit
1548 4304 1751 4361 inferre

1857 3292 2093 3349 infidelis
2131 3294 2396 3350 discedat.
2427 3297 2562 3351 Nam
2599 3296 2774 3365 quieti
2805 3305 2862 3351 et
2912 3297 3126 3366 pacifici
3159 3300 3439 3353 excelsum

1852 3386 2122 3455 diripiunt
2164 3404 2393 3459 regnum
2417 3389 2461 3453 ’,
2489 3396 2545 3444 et
2573 3389 2673 3444 ﬁlii
2720 3399 3113 3473 computantur
3144 3390 3436 3451 Altissimi.

1852 3486 1907 3531 et
1948 3478 2215 3548 pretiosas
2248 3480 2670 3550 splendidasque
2702 3481 2974 3551 accipient
3012 3496 3287 3546 coronas;
3338 3481 3437 3536 ﬁlii

1852 3578 2035 3623 autem
2076 3570 2441 3626 tenebrarum
2497 3573 2553 3626 in
2591 3573 2866 3628 exteriora
2921 3572 3084 3628 ibunt
3138 3580 3436 3628 tormenta.

1854 3660 2025 3732 Super
2057 3679 2213 3732 quem
2255 3665 2599 3735 requiescam,
2656 3667 2781 3719 dicit
2830 3666 3107 3730 Dominus,
3149 3666 3253 3719 nisi
3280 3682 3437 3736 super

1855 3753 2127 3817 humilem,
2152 3766 2200 3807 et
2223 3756 2482 3825 quietum,
2503 3767 2552 3811 et
2580 3766 2883 3812 trementem
2907 3774 3171 3812 sermones
3192 3774 3331 3811 meos
3349 3759 3391 3789 ¹⁰
3413 3758 3437 3810 2

1924 3846 2116 3900 XXIX.
2154 3846 2361 3914 Quarta
2410 3857 2466 3902 et
2512 3859 2663 3904 sexta
2711 3849 2852 3904 feria
2880 3850 2971 3918 qui
3006 3848 3326 3918 infrangunt
3355 3851 3437 3920 je-

1850 3938 2092 4009 junium,
2128 3939 2283 3994 Iuda:
2310 3940 2651 3995 aestimantur
2694 3939 2992 4011 participes
3027 3940 3123 4009 qui
3152 3938 3434 3995 Christum

1859 4029 2109 4085 tradidit.

1926 4122 2095 4178 XXX.
2136 4124 2273 4178 Illud
2325 4125 2492 4179 etiam
2552 4124 2945 4180 attendendum
2997 4125 3122 4189 fuit,
3169 4134 3231 4179 ut
3284 4125 3431 4179 intra

1857 4215 2253 4270 monasterium
2289 4215 2585 4270 artiﬁcium
2630 4232 2739 4271 non
2771 4216 2936 4272 faciat
2970 4217 3137 4280 ullus,
3178 4216 3287 4272 nisi
3343 4216 3436 4272 ille

1858 4308 2016 4377 cujus
2047 4306 2181 4361 fides
2213 4308 2442 4377 probata
2493 4307 2683 4371 fuerit,
2718 4308 2809 4378 qui
2838 4308 2903 4363 ad
2937 4308 3226 4362 utilitatem
3255 4317 3311 4363 ct
3334 4324 3436 4363 nc-

166 4402 560 4467 substantiam,
609 4402 664 4456 in
715 4417 904 4457 mensa
973 4408 1212 4471 ponatur
1258 4415 1444 4454 coram
1494 4398 1751 4455 omnibus
1778 4400 2171 4477 Deessitatem
2218 4401 2539 4456 monasterii
2583 4401 2748 4456 faciat
2787 4401 2936 4473 quod
2988 4402 3192 4472 poterit
3231 4400 3434 4457 facere.

240 4572 403 4647 'Jac.
436 4577 524 4637 1v,
553 4571 604 4626 6.
683 4575 703 4605 '
738 4572 931 4629 Matth.
970 4588 1124 4640 xstn,
1160 4576 1246 4631 η.
1320 4575 1342 4608 ⁷
1386 4576 1579 4636 Matth.
1630 4596 1787 4645 xvm,
1834 4579 1924 4634 f7.
1998 4582 2019 4611 "
2058 4581 2215 4635 Rom.
2256 4598 2325 4635 ιιι
2354 4623 2367 4643 ,
2426 4581 2509 4636 I5.
2585 4583 2607 4613 ⁹
2652 4581 2844 4636 Matth.
2895 4598 2946 4647 ν,
3024 4581 3078 4646 4,
3110 4581 3167 4637 9.

164 4658 279 4709 Lvt,
316 4642 371 4696 2.

242 4828 349 4899 ,(⁸2)
390 4827 708 4883 Ηωνεάὶαηι.
736 4827 880 4884 Idem
911 4842 974 4883 ac

165 4897 228 4953 in
274 4897 520 4960 'Clossar,
557 4916 609 4953 v.
656 4900 976 4954 eredinm.

246 4970 327 5038 (3)
362 4969 683 5040 Impulsare.
717 4971 986 5024 Excitare.
1016 4968 1181 5040 Apud
1221 4970 1544 5025 Marculfum
1589 4970 1688 5025 lib.
1719 4988 1753 5025 ιι

163 5038 352 5093 Form.
387 5038 474 5104 52,
507 5058 574 5094 ex
602 5041 833 5110 epistola
857 5039 1079 5110 Henrici
1116 5039 1177 5106 V,
1207 5040 1423 5095 abbatis
1472 5041 1757 5095 Fuldcnsis

164 5110 240 5164 ad
274 5110 411 5166 alios
440 5109 667 5166 abbates
687 5110 913 5166 Ordinis
946 5109 1006 5165 S.
1038 5110 1321 5167 Benedicti
1354 5112 1612 5166 :Abbates
1636 5112 1756 5181 qui-

1016 4829 1295 4899 praedium.
1330 4830 1467 4885 Vide
1492 4830 1755 4901 Cangium

3247 4581 3290 4613 ¹⁰
3326 4580 3433 4635 Isa.

1855 4832 1979 4885 dam
1999 4833 2196 4884 ordinis
2227 4841 2393 4884 nostri
2429 4847 2635 4885 nos.....
2667 4832 3028 4902 multipliciter
3049 4832 3431 4903 impulsarunt.

1857 4911 2183 4984 quatenus...
2216 4918 2483 4984 assumere
2509 4918 2837 4984 furaremus,
2867 4912 2976 4956 etc.
3013 4903 3136 4958 Vid.
3166 4902 3433 4974 Cangium

1858 4970 1914 5026 in
1951 4972 2187 5027 Clossar.
2232 4989 2286 5025 v.
2340 4970 2657 5039 Impulsam.

1937 5043 2011 5111 (4)
2041 5042 2383 5096 Notatissimo
2409 5051 2536 5095 vest.
2568 5042 2701 5096 Vide
2726 5041 2866 5095 infra
2899 5058 3019 5111 quae
3045 5044 3431 5103 adnotavimus

1862 5112 1931 5167 ad
1974 5127 2094 5182 cap.
2142 5112 2230 5176 10,
2269 5112 2470 5183 regulae
2509 5127 2568 5166 Ill
2618 5112 2840 5167 Patrum
2889 5114 2957 5168 ad
2984 5115 3302 5171 monachos.

253 5448 477 5509 Sancti
505 5447 762 5532 llacarii
790 5446 1335 5532 ApOphthegmata
1367 5493 1397 5532 ,_
1441 5468 1682 5511 necnon
1728 5462 2027 5532 excerpta
2058 5453 2221 5513 varia
2246 5469 2285 5532 _e_
2329 5460 2542 5532 sancto
2589 5452 2897 5532 Macario,
2939 5468 3279 5532 sermonem
3344 5455 3424 5515 de

164 5527 449 5587 Exeessu
492 5528 996 5611 _Jgst_01_'t_tr_n,etc.
1030 5534 1133 5611 Δε]⁸
1165 5527 1471 5611 Epistolas
1508 5547 1640 5611 quae
1681 5527 2027 5608 sequuntur
2055 5535 2123 5592 in
2187 5529 2456 5590 editione
2489 5529 2935 5604 Gallandiana,
2961 5530 3099 5609 jam
3142 5531 3424 5593 dedimus

163 5623 369 5685 supra
408 5604 525 5665 col.
553 5605 835 5681 235.265,
869 5604 1159 5683 385-392,
1196 5604 1476 5670 406-447.
