4044 6512
591 400 689 467 9Ή

1887 523 3692 548 mm

1504 370 1643 463 iss.
1683 399 2203 462 MACARIORUM
2242 398 2338 458 ET
2380 363 2841 460 PAPHNUTII.

3759 394 3857 456 972

1310 698 1430 811 s.
1503 695 2388 845 SERAPIONIS,
2465 692 3116 838 MAGARII,

1102 942 1773 1040 PAPHNUTII
1850 940 2002 1032 ET
2068 936 2662 1031 ALTERIUS
2731 933 3222 1027 MACARII
3265 914 3350 986 (ί)

1247 1162 1894 1296 REGULA
1972 1160 2178 1288 AD
2257 1154 3165 1288 MONACHOS.

1207 1559 1430 1617 CAPUT
1466 1559 1505 1614 l.

1221 1652 1499 1723 Prw/alio.

667 1744 1018 1818 223-243
1071 1743 1402 1798 Sedentibus
1437 1745 1510 1814 (2)
1548 1745 1707 1800 nobis
1735 1745 1790 1799 in
1831 1760 2002 1799 unum
2049 1758 2179 1798 con-

596 1831 721 1888 silio
752 1827 1136 1891 saluberrimo,
1184 1844 1308 1882 cum
1349 1844 1513 1898 prece
1571 1829 1862 1883 Dominum
1915 1837 2164 1882 nostrum

599 1926 934 1994 rogavimus,
955 1929 1014 1974 ut
1048 1920 1207 1974 nobis
1224 1919 1584 1975 distribueret
1613 1919 1879 1990 Spiritum
1905 1929 2175 1983 sanctum,

500 2043 503 2045 -
600 2015 696 2085 qui
732 2029 833 2068 nos
878 2013 1198 2078 instrueret,
1231 2013 1470 2082 qualiter
1523 2012 1754 2068 fratrum
1800 2013 2178 2068 conversatio-

599 2120 721 2159 nem
747 2104 830 2159 vel
868 2104 1109 2175 regulam
1136 2104 1260 2158 vita:
1291 2103 1546 2158 ordinare
1571 2103 1864 2172 possimus.

1218 2217 1445 2274 CAPUT
1490 2218 1555 2272 li.

845 2312 922 2366 De
945 2314 1116 2383 prima
1142 2313 1513 2383 conjugatione
1529 2313 1928 2368 caenobitarum.

1169 2382 1427 2453 Serapion
1461 2385 1618 2438 dixit.

671 2473 939 2541 Quoniam
977 2475 1332 2529 misericordia
1368 2475 1584 2530 Domini
1621 2475 1778 2546 plena
1813 2484 1889 2529 est
1917 2475 2095 2529 terra‘
2126 2482 2182 2531 et

601 2566 902 2619 multorum
936 2565 1009 2635 (3)
1044 2566 1260 2636 agmina
1295 2565 1362 2620 ad
1396 2566 1522 2621 vitae
1541 2565 1815 2636 fastigium
1849 2565 2099 2630 tendunt,
2127 2576 2182 2621 et

603 2658 732 2726 quia
757 2658 927 2712 eremi
951 2659 1180 2712 vastitas
1205 2667 1261 2712 et
1285 2658 1631 2712 diversorum
1658 2656 2034 2712 monstrorum
2065 2665 2179 2712 ter-

603 2758 697 2796 ror
724 2743 1042 2813 singillatim
1069 2744 1317 2799 habitare
1341 2744 1538 2800 fratres
1567 2761 1678 2799 non
1697 2744 2001 2814 permittit:
2035 2747 2179 2815 opti~

602 2851 752 2890 mum
807 2836 1029 2890 videtur
1084 2836 1324 2908 Spiritus
1379 2837 1551 2892 sancti
1593 2839 1882 2908 praeceptis
1931 2839 2174 2894 obedire.

604 2928 720 2983 Nec
747 2927 826 2997 (4)
856 2937 1044 2982 nostra
1079 2929 1302 2998 propria
1331 2930 1498 2984 verba
1535 2941 1766 2998 possunt
1812 2931 1970 2985 ﬁrma
1990 2946 2181 3001 perse-

603 3034 817 3082 verare,
844 3019 950 3074 nisi
985 3018 1214 3074 firmitas
1234 3019 1643 3090 Scripturarum
1693 3038 1723 3075 e
1743 3021 2047 3076 centesimo
2090 3020 2186 3074 tri-

604 3110 810 3166 cesimo
857 3111 1101 3166 secundo
1139 3111 1352 3181 psalmo
1390 3120 1638 3166 nostrum
1686 3111 1937 3167 ordinem
1983 3111 2184 3174 ﬁrmet,

606 3218 717 3272 quo
741 3202 918 3258 dicit:
963 3207 1096 3256 Ecce
1133 3221 1296 3274 quam
1346 3205 1539 3258 bonum
1575 3213 1625 3257 et
1666 3222 1831 3276 quam
1863 3206 2182 3276 iucundum,

608 3295 848 3348 habitare
884 3295 1074 3364 fratres
1103 3295 1158 3348 in
1181 3312 1345 3348 unum
1369 3298 1410 3346 ³.
1437 3296 1505 3349 Ει
1548 3295 1746 3349 iterum
1772 3312 1785 3346 :
1813 3295 1917 3361 Qui
1944 3297 2187 3350 habitare

609 3388 736 3457 facit
765 3388 1046 3440 unanimes
1069 3388 1123 3440 in
1151 3387 1371 3454 domo';
1403 3387 1616 3441 ﬁrmam
1636 3391 1748 3458 iam
1776 3404 1926 3442 nunc
1943 3388 2186 3458 regulam

607 3476 830 3547 pietatis
863 3493 962 3548 per
1005 3479 1243 3549 Spiritus
1296 3478 1468 3534 sancti
1515 3479 1889 3535 ostensionem
1924 3479 2189 3535 fratribus

609 3568 870 3624 ordinare
887 3610 901 3633 ,
930 3584 1350 3640 prosequamur.

1221 3663 1444 3718 CAPUT
1481 3664 1569 3730 ill,

783 3755 932 3809 Idem
957 3757 1086 3827 ipse,
1117 3757 1193 3810 De
1219 3757 1574 3895 unrctnimitate
1607 3763 1657 3808 et
1677 3755 2014 3824 jucunditate

1310 3836 1536 3880 ratrum.

1310 3836 1536 3880 rutrum.

681 3921 948 3975 Volumus
995 3936 1127 3990 ergo
1173 3920 1375 3975 fratres
1419 3919 1706 3976 unanimes
1746 3921 1801 3974 in
1844 3921 2008 3974 domo
2066 3933 2189 3972 eum

605 4011 951 4081 iucunditate
981 4012 1231 4066 habitare
1264 4030 1276 4066 :
1308 4011 1403 4066 sed
1426 4011 1663 4081 qualiter
1705 4012 2040 4066 unanimitas
2076 4011 2192 4080 ipsa

609 4103 698 4157 vel
723 4103 1038 4174 iucunditas
1066 4113 1218 4160 recto
1239 4103 1433 4163 ordine
1463 4113 1734 4172 teneatur,
1763 4105 1877 4160 Deo
1899 4104 2190 4176 adiuvante

611 4193 953 4250 mandamus.

1218 4288 1442 4347 CAPUT
1481 4290 1567 4346 IV.

721 4371 822 4437 Qui
847 4389 1032 4444 supra,
1060 4374 1136 4428 De
1173 4377 1379 4442 abbate,
1409 4377 1748 4501 ethuomodo
1770 4378 1815 4430 ei
1849 4376 2093 4430 obediant

1273 4465 1461 4501 monac
1479 4467 1533 4501 η.

1273 4465 1533 4502 ηιοηαεηι.

694 4532 953 4590 Volumus
1001 4551 1133 4606 ergo
1184 4554 1355 4593 unum
1399 4556 1637 4610 praeesse
1703 4540 1975 4596 seniorem
2029 4555 2197 4610 super

615 4641 809 4681 omnes
858 4625 1076 4692 fratres,
1119 4645 1222 4684 nec
1277 4631 1344 4685 ab
1383 4632 1503 4702 eius
1545 4632 1779 4686 consilio
1827 4633 1914 4687 vel
1963 4632 2195 4702 imperio

614 4727 943 4784 quemquam
993 4716 1275 4771 sinistrum
1309 4719 1605 4775 declinare.
1650 4721 1744 4777 sed
1779 4722 1921 4777 sicut
1957 4722 2188 4792 imperio

612 4803 832 4859 Domini
870 4822 994 4869 cum
1018 4809 1168 4862 omni
1222 4809 1410 4865 laetitia
1463 4812 1729 4878 obedire;
1769 4813 1987 4868 dicente
2045 4816 2190 4883 Apo-

613 4895 757 4950 stolo
783 4897 850 4951 ad
893 4897 1149 4954 Hebraeos
1183 4918 1195 4952 :
1234 4900 1446 4956 Obedite
1485 4905 1780 4975 prwpositis
1819 4906 2023 4970 vestris,
2061 4905 2186 4975 quia

611 4987 712 5056 ipsi
757 4988 981 5060 vigilant
1021 5008 1116 5060 pro
1169 4993 1307 5046 vobis
1325 4995 1366 5046 ⁸.
1402 4995 1469 5049 Et
1521 4996 1788 5051 Dominus
1827 4996 1965 5050 dixit
1999 5014 2011 5050 :
2053 4994 2188 5050 Nolo

610 5080 957 5148 sacriﬁcium,
1011 5083 1100 5136 sed
1139 5084 1542 5141 obedientiam".
1594 5088 2070 5144 Considerandum
2105 5095 2190 5142 est

684 5217 863 5270 ‘Psal.
895 5234 1058 5283 xxx",
1097 5220 1149 5272 5.

1223 5222 1242 5250 ²
1285 5221 1423 5274 Psal.
1459 5239 1655 5286 cxxxu,
1690 5225 1738 5276 1.
1819 5225 1840 5256 ³
1869 5223 2012 5277 Psal.
2050 5237 2188 5276 van

2203 1555 2254 1613 A
2282 1568 2504 1624 quoque
2525 1553 2593 1606 ab
2624 1552 2712 1605 his
2744 1549 2838 1619 qui
2862 1563 2920 1602 se
2949 1549 3041 1602 tali
3064 1560 3232 1617 opere
3260 1543 3554 1598 unanimes
3600 1555 3728 1596 esse
3771 1556 3868 1596 en-

2282 1643 2463 1713 piunt,
2487 1642 2617 1712 quia
2640 1655 2739 1711 per
2770 1637 3143 1693 obedientiam
3185 1633 3465 1690 Abraham
3485 1631 3700 1702 plac-uit
3737 1631 3868 1694 Deo,

2282 1743 2332 1789 et
2372 1735 2573 1788 amicus
2599 1733 2694 1786 Dei
2726 1729 3030 1803 appellatus
3070 1736 3143 1783 est
3165 1729 3208 1780 ‘.
3226 1726 3334 1782 Per
3354 1724 3739 1780 obedientiam
3772 1723 3870 1792 ipsi

2282 1826 2514 1896 apostoli
2565 1831 2890 1878 meruerunt
2928 1831 3094 1876 testes
3138 1818 3375 1874 Domino
3420 1818 3480 1871 in
3529 1815 3795 1870 tribubus
3820 1823 3872 1867 et

2282 1917 2499 1988 populis
2531 1931 2672 1971 esse.
2701 1915 2823 1985 ipse
2870 1929 3094 1984 quoque
3118 1911 3386 1966 Dominus
3435 1918 3639 1964 noster
3681 1907 3750 1961 de
3781 1922 3870 1960 sn-

2281 2010 2470 2081 pernis
2496 2008 2565 2063 ad
2596 2006 2860 2061 inferiora
2887 2003 3232 2060 descendens
3261 2002 3338 2055 ait
3364 2020 3376 2054 :
3407 2000 3527 2056 Non
3555 2001 3682 2054 veni
3706 1999 3870 2066 faccre

2284 2103 2606 2157 voluntatem
2634 2117 2829 2165 meam,
2856 2098 2946 2152 sed
2985 2097 3098 2166 ejus
3123 2096 3213 2165 qui
3258 2109 3340 2148 me
3383 2093 3589 2147 misit'.
3628 2089 3728 2146 Bis
3748 2104 3872 2157 ergo

2282 2194 2448 2249 tantis
2470 2191 2770 2246 virtutibus
2793 2188 3007 2242 firmata
3047 2183 3363 2241 obedientia
3395 2196 3742 2252 magnopere
3767 2193 3874 2232 ma-

2281 2298 2500 2354 gnoque
2529 2281 2714 2337 studio
2735 2285 3010 2334 teneatur.

2906 2366 3133 2422 CAPUT
3173 2364 3239 2418 ν.

2281 2465 2550 2521 Macarius
2579 2465 2749 2518 dixit:
2779 2459 3021 2526 Qualiter
3049 2455 3329 2527 spirituale
3360 2455 3681 2509 exercitium
3711 2452 3778 2506 ab
3805 2454 3876 2507 Eu

2618 2535 2708 2605 qui
2745 2539 2978 2602 praesunt
3002 2527 3252 2582 Patribus
3289 2536 3556 2579 teneatur.

2353 2626 2624 2694 Quoniam
2651 2625 2884 2679 fratrum
2921 2621 3156 2691 insignia
3181 2618 3476 2680 virtutum,
3500 2615 3876 2670 habitationes

2282 2731 2522 2787 quoque,
2544 2713 2631 2768 vel
2653 2710 2966 2767 obedientia
2987 2706 3243 2777 superius
3267 2704 3586 2772 conscripta
3617 2712 3752 2756 sunt
3771 2703 3862 2767 (Si,

2284 2822 2432 2860 nunc
2462 2802 2701 2874 qualiter
2736 2799 3018 2871 spirituale
3039 2794 3360 2851 exercitium
3384 2793 3455 2846 ab
3483 2792 3574 2846 his
3588 2794 3692 2861 qui
3724 2807 3862 2861 prx-

2207 2889 2255 2947 B
2285 2904 2413 2950 sunt
2444 2893 2702 2950 Patribus
2758 2898 3045 2954 teneatur,
3079 2887 3192 2942 Deo
3219 2887 3449 2956 iuvante
3489 2883 3876 2939 ostendamus.

2287 2984 2538 3047 Debetis,
2572 2983 2666 3053 qui
2703 2981 2956 3055 praeestis
2978 2981 3190 3042 Patres,
3217 2976 3353 3030 tales
3378 2991 3479 3030 vos
3504 2976 3802 3037 exhibere,
3827 2985 3878 3026 ut

2285 3076 2583 3147 Apostolus
2612 3073 2728 3128 ait:
2761 3073 2944 3126 Estote
2993 3072 3166 3140 forma
3212 3067 3544 3121 credentibus
3561 3067 3607 3130 ⁸,
3641 3066 3750 3120 hoc
3781 3077 3876 3128 est,

2289 3182 2352 3226 ut
2382 3186 2481 3240 per
2509 3168 2834 3239 qualitatem
2886 3163 3128 3235 mysticae
3166 3160 3386 3230 pietatis
3433 3167 3492 3212 et
3542 3159 3874 3219 severitatis,

2287 3262 2523 3317 fratrum
2569 3258 2786 3312 animos
2815 3255 2885 3310 ad
2931 3252 3178 3310 coelestia
3229 3250 3297 3304 de
3341 3249 3590 3303 terrenis
3637 3247 3875 3318 θήρης,

2290 3355 2512 3409 dicente
2565 3347 2830 3420 Apostolo
2869 3362 2883 3399 τ
2929 3344 3128 3414 Argue,
3178 3341 3414 3402 obsecra,
3463 3339 3717 3408 increpa,
3771 3354 3875 3390 tua

2290 3444 2434 3499 omni
2482 3439 2738 3513 patientia
2797 3444 2847 3489 et
2889 3435 3136 3489 doctrina
3157 3431 3197 3484 '.
3225 3431 3292 3484 Et
3345 3428 3457 3483 alio
3491 3428 3623 3482 loco
3674 3428 3872 3497 inquit:

2293 3538 2431 3605 Quid
2457 3537 2613 3593 vultis
2638 3536 2661 3589 ?
2682 3537 2737 3588 in
2761 3536 2911 3604 virga
2969 3529 3180 3584 veniam
3225 3527 3294 3580 ad
3328 3542 3450 3590 ros,
3481 3541 3558 3577 an
3589 3525 3648 3577 in
3697 3526 3874 3594 spirit:

2292 3625 2804 3690 mansuetudinis”?
2835 3619 3252 3679 Decernendum
3281 3626 3366 3671 est
3399 3615 3470 3672 ab
3503 3615 3602 3668 illo
3632 3615 3730 3684 qui
3754 3630 3877 3683 prr-

2291 3734 2398 3791 est,
2425 3721 2657 3795 qualiter
2683 3718 2828 3772 circa
2853 3713 3097 3785 singulos
3121 3711 3316 3767 debeat
3344 3707 3575 3778 pietatis
3626 3708 3872 3762 δαείω

2295 3824 2636 3879 monstrare;
2675 3821 2736 3865 et
2770 3807 3008 3880 qualiter
3043 3814 3230 3859 tenere
3269 3800 3471 3856 debeat
3504 3798 3870 3868 disciplinam,

2293 3925 2403 3964 non
2454 3907 2745 3960 immemor
2799 3896 3015 3954 Domini
3066 3890 3443 3949 dicentiszln
3489 3907 3602 3961 qua
3635 3906 3870 3943 mensura

2296 3999 2461 4056 mensi
2488 3995 2712 4066 fueritis,
2749 3990 3054 4046 remetiatur
3075 3987 3214 4040 vobis
3235 3987 3304 4040 ".

2914 4079 3137 4135 CAPUT
3167 4078 3254 4132 Vl.

2367 4183 2518 4238 Idem
2539 4183 2669 4250 ipse,
2702 4178 2764 4232 Ut
2794 4178 2846 4230 in
2882 4173 3121 4250 oratione
3153 4171 3446 4250 astantibus
3480 4168 3670 4222 nullus
3709 4169 3816 4219 sine

2559 4242 2823 4321 praecepto.
2839 4245 3040 4300 abbatis
3068 4242 3331 4312 psalmum
3350 4242 3618 4309 imponat.

2366 4339 2686 4401 Astantibus
2736 4351 2866 4406 ergo
2907 4333 2974 4388 ad
3020 4332 3324 4386 orationem
3361 4329 3556 4384 nullus
3589 4337 3869 4398 praesumat

2294 4437 2414 4494 sine
2460 4437 2735 4504 praicepto
2766 4425 2859 4503 qui
2912 4431 3110 4494 praeest
3155 4421 3368 4484 Patris,
3406 4419 3608 4490 psalmi
3668 4418 3866 4472 laudem

2295 4529 2572 4588 emittere.
2605 4522 2752 4586 Ordo
2784 4520 2885 4578 istc
2926 4523 3204 4580 teneatur,
3238 4523 3300 4568 ut
3330 4513 3521 4568 nullus
3551 4514 3793 4582 priore
3820 4511 3866 4562 in

2261 4602 2632 4676 'monasterio
2662 4613 2730 4667 ad
2764 4608 3020 4666 standum
3046 4607 3130 4661 vel
3150 4604 3498 4677 psallendum
3519 4603 3724 4657 ordine
3748 4616 3868 4670 pr:-

2295 4717 2476 4769 sumat
2509 4703 2839 4778 praecedere,
2883 4699 3102 4753 dicente
3131 4696 3424 4750 Salomone
3458 4711 3471 4746 :
3508 4692 3634 4756 Fili,
3684 4695 3866 4759 prinu-

2297 4813 2408 4858 tum
2433 4798 2796 4868 concupiscere
2827 4791 2936 4845 noti
2953 4791 3018 4855 “,
3040 4816 3109 4828 —
3134 4802 3299 4856 neque
3325 4785 3632 4838 accubueris
3661 4784 3802 4851 prior
3818 4785 3864 4832 ia

2295 4894 2561 4956 convivio;
2589 4905 2651 4943 ne
2673 4885 2746 4957 (6)
2782 4885 2957 4938 veniat
2983 4879 3170 4934 metior
3195 4888 3264 4940 te.
3283 4885 3332 4930 et
3356 4877 3498 4930 dicat
3527 4875 3620 4928 tibi
3647 4891 3661 4926 :
3690 4873 3862 4940 Satyr,

2298 5001 2345 5047 et
2376 4989 2734 5060 confusionem
2766 4979 2990 5054 patiaris
3015 4979 3069 5031 in
3099 4975 3181 5029 die
3213 4974 3308 5028 illa
3335 4974 3399 5026 ’³.
3420 4973 3486 5027 Ει
3507 4972 3708 5027 iterum
3737 4969 3864 5060 diei-

2299 5096 2390 5142 tur
2421 5057 2581 5133 :Noti
2623 5073 2793 5145 altum
2832 5082 3040 5140 sapere,
3071 5065 3158 5120 sed
3189 5063 3396 5118 time".
3432 5061 3589 5129 Quod
3620 5062 3666 5114 si
3701 5057 3863 5112 tarda:

2930 5202 3160 5258 llMatth.
3191 5218 3263 5259 Ix.
3290 5201 3376 5255 15.
3454 5199 3475 5230 ⁸
3515 5197 3632 5254 Jac.
3682 5211 3738 5255 tt,
3773 5194 3863 5248 23.

2287 5261 2297 5272 .
2374 5217 2394 5247 "
2420 5215 2590 5270 liebr.
2626 5227 2736 5272 xm,
2767 5208 2853 5262 1⁸5.

620 5289 639 5309 ’⁷
661 5286 819 5358 Joan.
855 5304 925 5350 IV,
952 5261 1058 5341 58.,
1117 5290 1137 5319 ⁸
1167 5289 1186 5342 Ι
1215 5289 1406 5346 Thess.
1438 5310 1474 5358 ι,
1496 5261 1697 5349 7.⁸⁹ἸΙ
1719 5296 1861 5350 Tim.
1897 5310 1970 5358 ιν,
2001 5293 2055 5346 2.
2135 5292 2174 5322 ¹⁰

2284 5261 2363 5343 or.
2626 5261 3104 5339 ⁷Ἡδίιηιιιλνιιβ.
3185 5269 3419 5326 "Eccli.
3446 5286 3541 5331 vn,
3582 5270 3637 5324 4.
3681 5264 3862 5318 “Luc.

611 5372 702 5411 xw
724 5395 737 5417 ,
763 5355 816 5409 8.
896 5358 939 5389 ¹¹⁸
970 5359 1129 5413 Rom.
1159 5375 1232 5424 xi,
1268 5359 1356 5413 ΞΟ.

685 5517 763 5586 (1)
796 5516 1113 5571 llolslenius
1136 5519 1200 5571 ad
1225 5521 1428 5572 calcem
1462 5517 1590 5571 Cod.
1617 5516 1800 5580 Heaut.
1835 5531 1897 5568 ex
1921 5512 2189 5586 antiquis-
2281 5506 2671 5586 ‘bistribueret.
2710 5500 2958 5586 Rec'li‘us.
2988 5509 3048 5586 ll}
3074 5497 3312 5586 νὶξὶξξξιιζ.

613 5584 755 5640 sitno
785 5588 1085 5653 exemplari
1121 5589 1241 5642 end.
1269 5589 1391 5642 Vat.
1429 5588 1587 5640 35:32.
1628 5587 1837 5654 aliquot
1874 5585 2051 5638 varias
2079 5584 2190 5635 lec-

615 5657 794 5709 tiones
833 5658 1039 5725 profert
1066 5657 1290 5726 huiusce
1311 5656 1523 5726 Regulw
1547 5666 1871 5717 sanctorum,
1890 5665 1997 5707 etc.
2029 5659 2192 5722 prout

615 5734 942 5795 sequuntur.
983 5727 1081 5779 llic
1111 5738 1291 5781 autem
1323 5736 1444 5795 post
1469 5727 1688 5778 nomina
1715 5735 1950 5795 quatuor
1971 5726 2190 5778 Patrum

617 5793 840 5848 additur
867 5797 919 5848 in
953 5797 1171 5850 laudato
1203 5793 1412 5859 codice,
1448 5798 1711 5849 abbatum.

691 5865 765 5935 (‘2)
793 5863 1114 5922 Sedcntibns.
1142 5869 1217 5922 ld.
1251 5869 1372 5923 cod.
1406 5865 1834 5920 residentibuslﬁt
1855 5880 1996 5929 mox,
2027 5874 2078 5915 ut
2099 5880 2191 5916 no-

2370 5579 2444 5640 (5)
2479 5574 2783 5633 Multorum.
2815 5570 2896 5624 Id.
2927 5569 3048 5624 cod.
3079 5568 3232 5640 addit
3271 5567 3568 5619 hominum.

2472 5645 2596 5716 Nec.
2629 5631 2726 5716 liis.
2751 5640 2855 5695 Nec
2877 5651 3074 5716 tamen.
3093 5639 3351 5716 Idemque
3377 5645 3544 5705 caput
3569 5629 3860 5687 secundum

2294 5710 2432 5772 cuin
2455 5714 2618 5768 tertio
2648 5713 2699 5765 in
2735 5728 2905 5765 unum
2937 5710 3236 5779 coniungit.

2365 5788 2440 5853 (5)
2473 5784 2782 5853 Conscripta
2805 5792 2948 5835 sunt.
2982 5775 3078 5837 Ms.
3111 5775 3423 5848 Conscripta
3461 5775 3792 5848 placuerunt.

2366 5858 2440 5929 (εἰ)
2465 5855 2557 5910 Nc.
2580 5854 2676 5908 ills.
2706 5852 2782 5906 Ne
2811 5853 2965 5921 forte.
