4044 6506
157 381 265 446 9Ἱ3

156 585 408 648 differre,
438 592 495 639 et
529 583 829 638 secundum
856 583 977 654 ejus
1015 580 1308 652 imperium
1341 577 1567 634 obedire
1600 590 1735 631 cou-

157 675 314 730 venit
337 675 556 730 fratres.

764 805 989 862 CAPUT
1029 805 1145 861 Vll.

233 937 383 993 Idem
416 940 545 1008 ipse,
564 937 834 1006 Quomodo
868 941 1262 1007 examinentur,
1286 941 1375 1012 qui
1409 956 1472 995 ea:
1494 939 1684 995 swculo

752 1021 1153 1066 convertuntur.

235 1145 484 1213 Qualiter
512 1162 641 1203 vero
666 1149 998 1205 examinatio
1027 1167 1158 1222 erga
1183 1165 1280 1205 eos
1314 1149 1407 1220 qui
1440 1150 1508 1204 de
1548 1151 1748 1205 saeculo

159 1249 568 1296 convertuntur
617 1242 793 1297 teneri
853 1241 1091 1307 debeat,
1152 1243 1516 1298 ostendamus
1563 1243 1744 1298 vobis.

161 1332 530 1403 Amputandte
573 1343 703 1388 sunt
745 1335 926 1403 primo
952 1334 1022 1388 ab
1053 1335 1368 1405 huiusmodi
1416 1334 1621 1388 divitiae
1648 1349 1750 1388 sse-

163 1422 302 1477 culi.
335 1423 404 1478 Et
426 1422 471 1476 si
510 1423 636 1491 quis
672 1437 881 1492 pauper
904 1425 1153 1478 converti
1178 1423 1457 1486 videatur,
1495 1423 1660 1478 habet
1695 1430 1762 1476 et-

165 1514 290 1584 ipse
317 1515 536 1569 divitias
575 1531 712 1585 quas
736 1528 1023 1584 amputare
1064 1517 1283 1581 debeat,
1323 1532 1460 1586 quas
1514 1515 1753 1584 Spiritus

161 1616 391 1662 sanctus
421 1608 666 1663 ostendit
692 1624 788 1678 per
823 1608 1168 1663 Salomonem
1202 1609 1431 1663 dicens:
1472 1608 1594 1664 Odit
1637 1610 1755 1663 ani-

161 1718 258 1755 ma
282 1718 395 1756 mea
429 1717 715 1771 pauperem
737 1701 1021 1769 superbum
1041 1709 1090 1752 et
1112 1701 1324 1754 divitem
1357 1701 1659 1754 mendacem
1687 1701 1750 1754 ".

1327 373 1633 435 REGULA
1664 370 1766 430 AD
1803 365 2231 429 MONACHOS.

157 494 211 551 is
237 492 332 562 qui
382 497 598 562 praeest,
655 497 872 560 oportet
907 489 1149 559 primum
1207 487 1262 542 in
1303 485 1558 541 notitiam
1608 483 1727 553 eius
1757 487 1808 545 Α,

3307 347 3412 411 974

2414 469 2638 528 CAPUT
2695 465 2831 526 VIII.

1840 619 2113 688 Idemque,
2169 612 2410 679 Qualiter
2463 605 2726 680 peregrini
2773 601 2998 672 hospites
3037 594 3420 664 suspiciantur.

1912 730 2279 790 Venientibus
2301 727 2382 782 eis
2417 723 2606 779 nullus
2634 719 2741 775 nisi
2793 731 2960 779 unus,
2997 711 3086 768 cui
3111 723 3244 765 cura
3274 707 3419 760 circa

1843 825 2114 898 hospitale
2187 820 2356 876 fuerit
2421 817 2669 886 iniuncta
2738 816 3017 868 occurrat,
3076 812 3132 858 et
3192 813 3421 898 respon-

1845 890 1966 976 sum
1990 916 2101 987 (ll)
2129 916 2222 970 det
2250 909 2626 980 venientibus.
2659 903 2850 966 Orare,
2880 899 2968 953 vel
2991 909 3180 966 pacem
3222 890 3422 987 offerre

1847 1028 1958 1068 non
1990 983 2153 1064 liceat
2180 1005 2299 1068 ulli,
2331 1001 2439 1058 nisi
2464 1000 2644 1072 primo
2680 994 2934 1049 videatur
2971 988 3040 1044 ab
3072 1003 3138 1042 eo
3163 983 3258 1054 qui
3285 995 3424 1051 prte-

1846 1115 1933 1161 est
1975 1104 2172 1166 Patre;
2208 1107 2264 1153 et
2305 1096 2559 1152 oratione
2588 1087 2748 1144 simul
2773 1096 3013 1152 peracta,
3045 1085 3308 1147 sequatur
3337 1089 3426 1166 ore

1849 1197 1978 1252 dine
2003 1207 2104 1248 suo
2138 1164 2290 1261 pacis
2319 1185 2561 1239 ofhcium
2597 1180 2853 1236 reddere.
2895 1176 3008 1230 Nec
3037 1169 3224 1226 licebit

1848 1286 2008 1343 fratri
2034 1255 2162 1338 cum
2195 1275 2627 1349 superveniente
2661 1265 3024 1325 sermocinari
3051 1280 3065 1328 ;
3093 1277 3203 1314 non
3231 1258 3303 1312 sit
3329 1255 3424 1349 ulli

1851 1393 1986 1436 cura
2022 1347 2426 1441 interrogandi,
2468 1365 2616 1421 unde
2649 1361 2883 1423 venerit,
2908 1355 3042 1427 quid
3069 1351 3307 1412 venerit,
3341 1347 3427 1441 vel

1853 1467 2076 1540 quando
2106 1438 2492 1518 ambulaturus
2523 1458 2616 1520 sit,
2640 1453 2747 1508 nisi
2780 1449 2880 1506 soli
2904 1446 2997 1518 qui
3029 1451 3226 1540 praeest
3246 1438 3418 1540 Patri,

1853 1530 1948 1616 aut
1973 1557 2176 1628 quibus
2199 1556 2314 1625 ipse
2342 1548 2592 1623 iusserit.
2620 1540 2984 1602 Venientibus
3005 1550 3138 1590 vero
3153 1530 3430 1630 fratribus

1855 1650 1922 1704 ad
1953 1620 2144 1702 horam
2198 1620 2543 1706 refec'tionis,
2595 1652 2705 1692 non
2733 1631 2923 1689 licebit
2951 1625 3243 1698 peregrino
3275 1620 3430 1674 fratri

1856 1756 1981 1796 cum
2029 1737 2293 1792 fratribus
2338 1731 2694 1790 manducare,
2740 1723 2844 1779 nisi
2877 1738 3002 1778 cum
3033 1735 3101 1774 eo
3146 1715 3240 1787 qui
3269 1721 3433 1783 prtest

161 1792 240 1900 Et
256 1793 391 1900 Lai-ie
438 1793 560 1892 loco
594 1792 732 1892 dicit
763 1809 774 1844 :
813 1791 1338 1900 Sicutnvalneratum
1379 1792 1659 1900 διξρίζὺαζη
1687 1791 1752 1846 "-
1788 1845 1830 1900 Β
1860 1791 2044 1892 Elim,
2160 1823 2336 1895 possit
2363 1819 2644 1876 aedificari.
2699 1814 2860 1870 Nullo
2881 1809 3072 1866 licebit
3104 1822 3228 1862 eum
3256 1818 3323 1900 eo
3354 1802 3432 1854 lo-

162 1881 344 1936 Debet
376 1896 508 1950 ergo
542 1881 592 1935 is
612 1882 706 1950 qui
734 1889 929 1949 praeest
965 1881 1147 1946 Pater,
1164 1896 1372 1950 magno
1393 1881 1578 1936 studio
1615 1881 1756 1936 hanc

163 1973 412 2042 regulam
446 1979 635 2026 tenere
664 1989 678 2036 ;
715 1980 776 2025 ut
827 1970 872 2025 si
929 1987 1138 2041 pauper
1175 1972 1554 2035 convertitur,
1581 1972 1757 2043 primo

161 2075 411 2134 exponat
438 2065 710 2118 sarcinam
743 2064 1016 2132 superbia:
1041 2081 1052 2116 :
1079 2072 1135 2118 et
1159 2063 1241 2117 sic
1266 2065 1609 2119 examinatus
1638 2081 1760 2120 sus-

163 2155 432 2223 cipiatur.
478 2155 653 2209 Debet
709 2163 835 2209 ante
880 2155 1062 2208 omnia
1111 2155 1396 2209 humiliter
1432 2156 1508 2226 (7)
1558 2155 1755 2222 imbui,

168 2256 240 2300 ut
269 2245 413 2314 quod
456 2261 712 2316 magnum
745 2255 800 2301 et
831 2247 942 2300 Deo
973 2255 1260 2316 acceptum
1290 2247 1624 2303 sacriﬁcium
1653 2258 1756 2316 est,

165 2353 330 2390 suam
353 2336 689 2391 voluntatem
716 2353 824 2390 non
865 2337 1028 2393 faciat
1075 2338 1454 2408 unusquisque
1485 2347 1755 2404 vestrum,

168 2429 410 2493 fratres;
447 2428 541 2482 sed
575 2428 644 2482 ad
692 2445 850 2482 omne
895 2446 1024 2500 opus
1064 2430 1256 2483 bonum
1302 2433 1484 2499 parati
1527 2439 1687 2486 estote
1715 2434 1757 2466 "

166 2515 456 2585 Quidquid
488 2516 774 2579 acciderit,
807 2526 902 2572 aut
924 2519 1135 2588 iustum
1165 2519 1300 2588 quid
1329 2518 1517 2583 fuerit,
1548 2535 1761 2574 memo-

169 2624 272 2663 res
313 2624 430 2665 csse
483 2609 736 2666 debetis:
770 2608 832 2662 In
882 2610 1222 2664 tribulatione
1280 2613 1541 2680 patientes
1579 2610 1665 2678 ¹⁸;
1704 2614 1760 2667 in

169 2702 440 2769 operibus
469 2701 708 2754 honesti.
743 2701 916 2755 Nolite
948 2717 1036 2755 vos
1071 2703 1290 2755 invicem
1328 2703 1396 2755 ad
1428 2705 1762 2758 iracundiam

171 2811 465 2864 provocare
507 2796 570 2847 ιθ.
604 2795 705 2848 Sed
746 2811 953 2862 seraper
983 2794 1118 2848 bona
1167 2795 1442 2848 sectamini
1472 2796 1536 2848 ’°.
1596 2795 1632 2848 li
1667 2797 1761 2863 qui

174 2884 322 2937 tales
355 2893 508 2945 sunt,
545 2879 669 2939 cuin
705 2883 773 2938 de
808 2883 992 2938 saeculi
1029 2883 1196 2952 hujus
1235 2883 1512 2937 illecebris
1540 2882 1761 2938 liberari

171 2975 478 3038 voluerint,
509 2975 903 3046 appropiantes
932 2975 1288 3037 monasterio,
1322 2975 1663 3030 hebdomada
1687 2975 1761 3045 (8)

173 3083 288 3137 pro
337 3067 550 3123 foribus
595 3068 860 3138 iaceant:
894 3068 1034 3122 nulli
1077 3083 1201 3122 eum
1258 3067 1338 3121 eis
1381 3068 1450 3121 de
1501 3067 1765 3122 fratribus

169 3161 484 3230 iungantur
506 3200 520 3223 ,
556 3169 613 3214 et
643 3175 864 3230 semper
893 3159 1034 3213 dura
1071 3167 1128 3213 et
1159 3158 1434 3213 laboriosa
1461 3159 1545 3213 eis
1567 3174 1764 3228 prepo-
1792 3179 1834 3237 ο

174 3261 411 3306 nantur.
446 3251 500 3307 Si
533 3267 664 3305 vero
695 3250 1175 3320 perseveraverint
1201 3250 1506 3319 pulsantes,
1551 3251 1632 3304 eis
1656 3265 1766 3304 non

175 3351 420 3411 negetur
453 3342 776 3412 ingressus;
817 3341 911 3396 sed
954 3342 1000 3396 is
1039 3341 1133 3410 qui
1169 3349 1368 3410 praeest
1392 3341 1552 3394 Pater
1572 3341 1765 3412 huius-

178 3432 620 3488 modi-homines
653 3433 882 3487 introire
910 3433 1229 3502 permittat,
1257 3442 1315 3488 et
1337 3434 1575 3503 qualiter
1601 3435 1766 3488 vitam

177 3524 446 3588 fratrum,
469 3525 551 3579 vel
579 3526 824 3595 regulam
855 3534 1040 3580 tenere
1059 3525 1289 3594 possint,
1318 3527 1593 3581 ostendat.
1612 3527 1769 3593 Quod

179 3619 230 3673 si
271 3617 426 3671 dives
453 3625 558 3680 est,
599 3627 658 3672 et
681 3618 889 3672 habens
917 3618 1120 3671 multas
1151 3618 1376 3672 divitias
1410 3621 1461 3672 in
1485 3621 1687 3674 sceeulo
1713 3631 1770 3676 et

180 3709 441 3765 converti
471 3710 733 3773 voluerit,
770 3711 935 3764 debet
963 3711 1144 3780 primo
1171 3712 1248 3782 (9)
1292 3711 1386 3766 Dei
1431 3713 1768 3767 voluntatem

183 3801 448 3870 implere,
478 3811 534 3856 et
575 3802 838 3870 consequi
882 3812 1216 3870 praeceptum
1251 3802 1382 3856 illud
1412 3804 1768 3873 praecipuum,

183 3895 342 3964 quod
372 3894 703 3949 adolescenti
737 3893 892 3947 diviti
925 3893 1130 3948 dicitur
1160 3911 1172 3946 :
1213 3893 1383 3948 Vende
1411 3897 1591 3949 omnia
1637 3896 1772 3949 bona

184 3997 313 4048 tua,
347 3996 396 4039 et
440 3987 506 4040 da
553 3987 892 4056 pauperibus,
923 3997 973 4040 et
1018 3986 1146 4040 tolle
1179 4003 1384 4040 crucem
1414 3997 1581 4051 tuam,
1622 3998 1669 4041 et
1696 4005 1776 4042 se-

187 4093 363 4148 quere
391 4093 472 4129 me
500 4078 567 4130 ²¹.
602 4075 811 4131 Deinde
841 4076 1200 4130 instruendus
1223 4085 1306 4129 est
1345 4076 1412 4129 ab
1438 4091 1506 4130 eo
1529 4077 1621 4146 qui
1646 4092 1776 4146 pra:-

183 4179 280 4225 est
313 4167 496 4229 Patre,
526 4178 586 4223 ut
604 4168 856 4222 nihilsibi
878 4169 1171 4236 relinquat,
1203 4167 1308 4221 nisi
1334 4183 1552 4222 crucem
1571 4167 1775 4228 Christi

190 4275 368 4330 quam
415 4268 603 4323 tenet,
652 4269 707 4313 et
748 4268 1012 4328 sequatur
1059 4259 1371 4312 Dominum.
1419 4257 1612 4313 Crucis
1645 4274 1778 4313 vero

187 4352 415 4422 fastigia
437 4367 560 4421 qua:
590 4351 831 4406 tenenda
867 4363 1035 4416 sunt;
1069 4351 1250 4420 primo
1278 4349 1428 4403 omni
1462 4351 1778 4407 obedientia

189 4459 312 4498 non
338 4458 491 4498 suam
519 4443 860 4498 voluntatem
897 4442 1096 4502 facere,
1126 4441 1222 4496 sed
1259 4441 1506 4496 alterius.
1548 4442 1704 4508 Quod
1731 4443 1778 4497 si

1858 1917 1984 1987 qui;
2016 1889 2120 1969 nec
2147 1889 2380 1980 alicuius
2403 1908 2515 1976 (1‘2)
2543 1903 2800 1959 audiatur
2823 1913 3026 1960 sermo,
3056 1894 3159 1948 nisi
3187 1889 3431 1987 divinus,

1857 1978 1950 2074 qui
1972 1978 2040 2056 ex
2068 1997 2268 2070 pagina
2293 1978 2634 2066 proferatur,
2664 1998 2721 2042 ct
2739 1989 2858 2058 eius
2885 1985 2978 2055 qui
3000 1988 3210 2074 praeest
3229 1978 3431 2074 Patris,

1856 2063 1944 2145 vel
1979 2063 2183 2158 quibus
2213 2063 2330 2154 ipse
2370 2079 2597 2154 iusserit
2653 2075 2826 2145 loqui,
2873 2080 2934 2127 ut
2966 2067 3174 2138 aliquid
3209 2065 3279 2120 de
3320 2063 3436 2117 Deo

1859 2177 2174 2235 conveniat.

2359 2281 2528 2355 21.4
2555 2277 2780 2336 CAPUT
2821 2274 2912 2330 IX.

2143 2397 2740 2469 Qualiterjejuniorum
2767 2392 2896 2469 ordo
2918 2395 3186 2446 teneatur.

2386 2418 2388 2426 '
2438 2417 2740 2467 CJunwrum
2767 2417 2896 2446 oruu

2386 2417 2717 2539 Ilaphnutius
2757 2463 2918 2516 dixit:

1929 2585 2121 2655 Magna
2153 2589 2211 2639 et
2242 2580 2402 2636 utilia
2455 2578 2524 2634 ad
2582 2576 2780 2631 anima:
2821 2574 3051 2629 salutem
3087 2569 3233 2624 dicta
3285 2574 3438 2628 sunt,

1861 2679 2062 2734 fratres
2093 2695 2107 2731 :
2132 2691 2236 2731 nec
2259 2676 2362 2730 hoc
2385 2670 2679 2727 tacendum
2712 2676 2817 2731 est,
2841 2665 3079 2736 qualiter
3104 2660 3440 2732 ieiuniorum

1862 2769 1999 2824 ordo
2025 2766 2299 2823 tenendus
2325 2765 2414 2818 sit.
2444 2762 2556 2817 Nec
2575 2759 2722 2814 aliud
2755 2759 2886 2812 huic
2918 2753 3159 2809 firmitati
3194 2750 3440 2806 testimo-

1865 2859 2021 2914 nium
2053 2856 2350 2920 convenit,
2382 2851 2686 2908 dulcissimi
2719 2851 2948 2911 fratres,
2981 2846 3084 2899 nisi
3123 2843 3255 2898 illud
3289 2841 3437 2910 quod

1866 2952 2039 3006 dicit:
2096 2947 2288 3002 Petrus
2347 2955 2525 3000 autem
2567 2952 2616 2996 et
2685 2941 2928 2994 Joannes
2970 2935 3324 2990 ascendebant
3383 2933 3440 2985 in

1865 3041 2122 3111 templum
2180 3038 2322 3091 circa
2371 3038 2559 3090 horam
2611 3033 2868 3087 orationis
2917 3029 3205 3083 nonam".
3267 3023 3438 3078 Debet

1865 3149 1996 3203 ergo
2021 3135 2123 3186 iste
2160 3131 2300 3186 ordo
2342 3127 2542 3189 teneri,
2593 3127 2810 3188 fratres,
2869 3133 2935 3179 ut
2989 3123 3142 3176 nullo
3191 3119 3280 3173 die
3334 3116 3439 3170 nisi

1867 3227 2004 3281 hora
2027 3241 2172 3278 nona
2217 3223 2542 3278 reﬁciantur
2590 3218 2864 3272 fratresin
2895 3209 3440 3271 tnonasterio,exce-

1865 3327 1957 3388 pta
1995 3315 2281 3371 Dominica
2321 3313 2413 3368 die
2458 3322 2516 3366 et
2547 3309 3010 3380 Quinquagesima
3065 3305 3436 3358 Pentecostes.

1868 3409 1964 3464 Die
2004 3417 2185 3462 autem
2211 3405 2498 3460 Dotniniea
2534 3403 2674 3457 nihil
2729 3401 2881 3454 aliud
2935 3405 3119 3468 agant,
3170 3392 3277 3448 nisi
3330 3392 3442 3444 Deo

1869 3508 2085 3564 vacent,
2124 3513 2196 3552 ne
2229 3511 2330 3566 pro
2349 3495 2532 3565 aliqua
2574 3495 2871 3548 occasione
2907 3507 2965 3546 se
2997 3490 3172 3544 velint
3191 3495 3286 3540 aut
3301 3483 3443 3538 alios

1868 3604 2154 3648 excusare.
2212 3588 2419 3642 Tamen
2477 3593 2757 3640 contestor
2813 3583 3039 3643 fratres,
3095 3576 3242 3647 quod
3292 3573 3442 3627 nulla

1869 3681 2118 3754 operatio
2147 3680 2202 3734 in
2232 3679 2322 3733 die
2363 3678 2456 3732 illa
2482 3683 2675 3731 sancta
2709 3673 3102 3741 comperiatur,
3160 3669 3265 3722 nisi
3325 3675 3442 3718 tan-

1874 3784 1990 3828 tum
2021 3769 2240 3842 hymnis
2286 3777 2344 3822 et
2374 3767 2622 3837 psalmis,
2675 3773 2732 3820 et
2781 3763 3014 3819 canticis
3062 3756 3445 3830 spiritualibus

1873 3865 1992 3920 dies
2013 3864 2105 3916 illa
2135 3859 2493 3929 transigatur.

2496 3968 2723 4028 CAPUT
2758 3967 2827 4021 Χ.

1981 4072 2129 4125 Idem
2167 4074 2295 4142 ipse,
2339 4069 2582 4134 Qualiter
2620 4064 2815 4133 fratres
2850 4054 3034 4108 debent
3072 4051 3304 4122 operari.

1949 4163 2208 4232 Idemque
2240 4163 2352 4231 (l3)
2387 4158 2757 4230 praecipimus.
2795 4149 3005 4204 Debent
3060 4161 3194 4212 ergo
3250 4143 3449 4196 fratres

1879 4253 2047 4308 istum
2075 4253 2328 4307 ordinem
2363 4262 2576 4307 tenere.
2616 4249 2660 4302 Α
2687 4245 2860 4316 prima
2889 4243 3021 4296 hora
3055 4252 3230 4307 usque
3257 4233 3324 4288 ad
3348 4234 3448 4287 bo-

1881 4362 2002 4400 ram
2035 4345 2256 4400 tertiam
2294 4345 2409 4398 Deo
2425 4347 2624 4396 vacent
2655 4339 2854 4392 fratres
2886 4352 2902 4398 ;
2938 4349 2968 4388 a
2999 4331 3162 4386 tertia
3193 4343 3325 4382 vero
3351 4342 3448 4381 us-

1882 4453 1988 4507 que
2011 4437 2078 4490 ad
2102 4451 2326 4501 nonam,
2371 4430 2640 4504 quidquid
2662 4430 2971 4499 iniunctum
3009 4422 3178 4478 fuerit
3207 4437 3237 4474 a
3264 4421 3447 4480 Patre,

187 4536 439 4590 voluerit
482 4535 820 4590 monasterio
866 4542 1076 4604 partem
1123 4533 1393 4598 conferre,
1425 4533 1642 4588 noverit
1673 4549 1782 4602 quo
1815 4519 1859 4575 θ
1885 4531 2004 4585 sine
2025 4529 2206 4598 aliqua
2225 4526 2662 4584 murmuratione
2682 4521 2904 4576 faciant.
2923 4515 3234 4572 Meminisse
3249 4512 3452 4567 debent

189 4626 398 4681 ordine
431 4626 546 4680 sive
578 4627 716 4695 ipse,
745 4626 861 4681 sive
910 4626 1030 4696 eius
1071 4625 1278 4679 oblatio
1321 4625 1673 4694 suscipiatur.
1708 4625 1774 4680 Et

191 4721 242 4775 si
301 4718 540 4772 voluerit
591 4719 660 4772 de
717 4719 832 4772 suis
875 4717 1051 4773 servis
1107 4734 1290 4772 secum
1349 4718 1404 4772 in
1446 4718 1781 4773 monasterio

192 4810 536 4873 conducere,
575 4811 792 4864 noverit
817 4810 927 4879 (l0)
966 4810 1076 4879 iam
1114 4825 1222 4863 non
1251 4825 1376 4864 eum
1415 4826 1632 4863 servutn
1681 4810 1781 4863 ba-

194 4901 359 4964 bere,
379 4901 473 4955 sed
503 4901 765 4965 fratrem;
793 4909 853 4954 ut
882 4902 937 4955 in
959 4901 1217 4955 omnibus
1242 4901 1516 4970 perfectus
1539 4902 1783 4955 invenia—

197 5000 300 5045 tur
328 4995 492 5046 homo
520 4992 631 5048 ille.

279 5200 325 5232 ¹⁸
353 5200 520 5255 Eccli.
570 5217 715 5265 xxiv,
748 5204 801 5255 4.
882 5204 924 5235 ¹⁶
952 5203 1092 5257 Psal.
1146 5217 1398 5266 Lxxxvnt,
1459 5201 1544 5254 ll.

1624 5201 1664 5231 "'
1710 5199 1753 5253 ll
1783 5199 1926 5252 Tim.
1968 5206 2022 5262 tt,
2058 5197 2148 5251 ‘21.

1881 4622 1936 4676 bi
1969 4621 2170 4692 quibus
2203 4619 2529 4690 iniungitur,
2562 4616 2768 4670 dictum
2803 4609 3050 4681 Apostoli
3088 4605 3314 4661 :Omnia
3335 4618 3452 4673 qua:

1879 4715 2074 4786 facitis,
2101 4714 2214 4766 sine
2252 4711 2669 4766 murmuratione
2710 4706 2867 4775 facite
2896 4705 2964 4755 “.
2997 4701 3214 4754 Timere
3248 4697 3454 4751 debent

1880 4807 2014 4861 illud
2043 4805 2246 4860 dictum
2271 4802 2517 4857 terribile
2551 4797 2762 4852 :Nolite
2802 4807 3159 4859 murmurare,
3182 4791 3314 4844 sicut
3337 4789 3452 4852 (μιξ-

1880 4901 2005 4954 dam
2041 4912 2226 4952 eorum
2287 4896 2771 4951 murmuraverunt,
2825 4897 2874 4940 et
2921 4889 2985 4938 ab
3044 4881 3454 4936 eaterminatore

1880 4992 2147 5063 perierunt
2175 4989 2239 5042 “.
2279 4988 2452 5042 Debet
2483 4984 2662 5057 ietiam
2725 4981 2819 5052 qui
2849 4987 3047 5051 praeest
3098 4977 3280 5040 Pater,
3314 4987 3454 5042 opus
3527 5016 3532 5024 .

2229 5196 2272 5226 ’⁸
2308 5195 2464 5248 Rom.
2527 5205 2621 5254 χιι,
2680 5189 2763 5242 l2.
2845 5187 2887 5217 ¹⁶³
2919 5181 3276 5254 Ephes.vt,4.
3345 5177 3450 5232 “'1

197 5271 591 5336 Thess.v,15.
669 5260 714 5304 ’ί
745 5273 913 5327 Marc.
961 5289 1015 5338 χ,
1045 5273 1134 5326 2!.
1210 5273 1257 5304 ³³
1284 5260 1406 5327 Act.
1443 5287 1519 5337 tu,
1560 5271 1613 5326 l.
1689 5271 1736 5302 ’³

1862 5269 1968 5339 ιιὶρ.
1995 5260 2051 5332 ll,
2087 5267 2176 5320 ll.
2251 5267 2296 5294 "
2330 5263 2497 5318 lCor.
2537 5277 2589 5318 ς.
2623 5260 2706 5313 l0.

279 5470 360 5530 (7)
399 5468 698 5522 llumiliter.
735 5467 832 5520 Ms.
874 5465 1205 5519 flumilitate.
1243 5463 1309 5518 Et
1336 5464 1498 5533 paulo
1525 5469 1654 5533 post
1683 5478 1781 5532 pa.

201 5549 362 5594 ratus
380 5541 446 5592 sit
475 5554 572 5604 pro
605 5538 781 5607 parati
809 5545 992 5607 estote.
1035 5535 1225 5607 liecte.

279 5611 361 5676 (8)
398 5606 755 5662 "ebdomada.
788 5607 885 5660 Ms.
913 5606 1025 5658 hab.
1067 5606 1340 5676 continua.

281 5674 362 5748 (9)
395 5679 596 5733 Primo.
620 5677 803 5734 Addit.
835 5691 938 5730 ms.
972 5683 1095 5729 ante
1123 5675 1323 5730 omnia.
1347 5674 1426 5729 Ex
1457 5689 1602 5739 mox,
1627 5690 1786 5744 quam

206 5759 413 5889 “115(3).
432 5817 664 5875 Noverit.
691 5819 840 5874 idem
874 5817 996 5873 cod.
1032 5817 1231 5871 noverit
1263 5833 1336 5869 se.

1957 5459 2066 5526 (ll)
2107 5457 2175 5511 Et
2205 5473 2339 5525 resp.
2383 5454 2480 5507 Ms.
2500 5462 2568 5526 rut
2599 5467 2736 5526 resp.
2774 5448 2893 5501 Mox
2925 5446 3066 5498 idem
3094 5453 3349 5526 msupost
3373 5459 3455 5500 ve-

1886 5515 2146 5584 nientibus
2175 5515 2349 5586 addit,
2385 5540 2476 5578 nec
2491 5525 2600 5590 ipse
2629 5515 2823 5574 audeat
2848 5533 2975 5590 cum
2999 5515 3341 5590 venientibus.

1961 5601 2070 5668 (l2)
2099 5585 2358 5666 Alicujus.
2381 5585 2566 5648 Addit.
2589 5607 2690 5645 ms.
2727 5590 2818 5644 ibi.
2847 5588 3017 5644 Paulo
3039 5593 3162 5656 post
3187 5585 3452 5648 recitetur,

1886 5673 2008 5726 loco
2035 5670 2356 5737 proferatur.

1961 5730 2069 5809 (liii
2105 5730 2373 5808 Idemque.
2415 5737 2497 5789 An
2525 5730 2806 5804 Itemque?
