4060 6576
565 407 668 469 ς’]ξ.
1563 376 2233 459 .SS.MACAR10RUM
2257 390 2352 450 ET
2380 377 2827 452 PAPHNUTII'.
3721 391 3819 454 9:6

569 518 715 590 quod
761 513 1072 571 faciendum
1105 522 1187 570 est
1225 519 1321 568 unt
1365 513 1674 583 injungere,
1707 519 1766 564 ut
1805 505 1990 564 caeteri
2020 505 2138 574 ejus
2166 506 2214 564 Α
2239 502 2546 557 obtineant.
2578 497 2695 555 Non
2728 501 2918 556 licebit
2943 499 3011 555 de
3041 499 3150 555 alio
3180 508 3543 562 monasterio,
3575 499 3698 555 sine
3729 519 3818 556 ιο·

569 617 847 681 praecepto
865 607 952 662 cui
979 608 1282 678 injunctum
1303 603 1492 666 fuerit,
1521 601 1719 656 fratres
1735 597 1994 655 obediant
2021 597 2139 652 sine
2239 596 2451 652 luntate
2472 595 2593 664 ejus
2618 594 2712 661 qui
2734 601 2933 664 praeest
2959 592 3154 656 Patris,
3182 592 3385 646 fratres
3416 591 3671 662 recipere
3694 594 3822 662 (ΞΞ),

571 702 814 774 querela.

1163 789 1387 846 CAPUT
1428 787 1519 841 XI.

576 887 818 956 Qualiter
842 887 1122 954 inﬁrmitas
1164 882 1244 956 vel
1287 881 1606 951 passibilitas
1655 891 1932 956 corporum
1966 871 2029 926 ab
2084 887 2142 923 eo

850 947 938 1027 qui
977 961 1160 1025 praeest
1193 947 1352 1006 Patre
1395 949 1749 1021 cognoscenda
1781 947 1869 998 sit.

648 1047 876 1117 Siquis‘
905 1062 973 1100 ex
1020 1043 1285 1098 fratribus
1329 1057 1430 1111 pro
1473 1039 1702 1110 jejunio,
1742 1035 1827 1089 vel
1881 1031 2144 1102 operibus

576 1151 836 1192 manuum
882 1150 1125 1196 suarum,
1162 1148 1284 1202 quae
1335 1131 1627 1201 Apostolus
1668 1125 1925 1197 praecepit
1985 1121 2141 1188 (ll):

577 1223 863 1294 Operantes
888 1223 1128 1275 manibus
1172 1222 1380 1285 nostris,
1411 1234 1475 1272 ne
1503 1233 1653 1288 quem
1690 1223 1917 1269 vestrum
1956 1224 2148 1280 grava-

579 1318 850 1381 remus";
881 1316 928 1370 si
956 1317 1002 1370 is
1033 1313 1127 1383 qui
1153 1312 1277 1366 talis
1305 1320 1390 1366 est
1436 1309 1600 1363 fuerit
1627 1305 1944 1360 infirmitate
1969 1300 2150 1354 obses-

581 1425 698 1473 sus,
734 1407 1134 1478 providendum
1175 1413 1261 1459 est
1295 1403 1364 1456 ab
1409 1417 1476 1456 eo
1523 1399 1618 1469 qui
1666 1403 1882 1467 praeest,
1912 1391 2149 1463 qualiter

581 1501 698 1569 ipsa
745 1499 1034 1554 infirmitas
1093 1503 1448 1551 sustentetur.
1495 1490 1650 1556 Quod
1702 1490 1747 1543 si
1789 1485 2040 1540 infirmus
2067 1489 2151 1536 est

583 1591 768 1645 animo
791 1591 899 1659 (15)
937 1587 1248 1660 hujusmodi
1281 1585 1469 1648 frater,
1503 1587 1721 1650 oportet
1748 1592 1873 1632 eum
1900 1576 2152 1643 frequen-

586 1683 696 1737 tius
729 1682 967 1750 operari,
1029 1674 1428 1733 considerando
1472 1672 1793 1742 Apostolum
1817 1670 1882 1733 ",
1919 1666 2152 1736 qualiter

585 1789 785 1844 corpus
831 1789 988 1828 suum
1045 1769 1296 1825 servituti
1347 1765 1565 1835 redigit.
1617 1764 1728 1818 Hoc
1752 1770 1935 1815 autem
1963 1759 2154 1814 obser—

585 1835 822 1920 van-dum
851 1872 956 1927 est,
996 1870 1060 1917 ut
1105 1860 1163 1916 in
1210 1859 1364 1914 nullo
1415 1857 1753 1911 voluntatem
1793 1866 1946 1907 suam
1994 1848 2157 1904 faciat
2184 1835 2231 1894 B

588 1955 698 2012 ille.

1220 2041 1369 2098 CAP.
1411 2039 1527 2098 Xll.

591 2139 838 2205 Qualiter
873 2137 1049 2208 ofﬁciis
1089 2135 1279 2190 mutuis
1317 2149 1373 2187 se
1412 2131 1604 2203 fratres
1642 2131 1967 2202 praeveniunt
2013 2127 2155 2196 (l6).

665 2232 720 2286 Si
751 2228 1096 2299 congregatio
1125 2227 1296 2280 multa
1322 2233 1425 2289 est,
1444 2224 1607 2278 debet
1638 2223 1682 2276 is
1707 2222 1801 2290 qui
1835 2230 2030 2290 praeest
2057 2220 2157 2274 Pa-

595 2335 698 2388 ter,
735 2322 1028 2391 disponere
1058 2315 1516 2375 bebdomadarios
1537 2355 1550 2379 ,
1593 2323 1650 2368 et
1685 2313 1930 2367 ordinem
1961 2310 2122 2365 officii
2143 2350 2158 2375 ,

592 2431 700 2484 quo
733 2414 838 2468 sibi
890 2413 1124 2466 invicem
1168 2407 1466 2465 succedant
1499 2406 1566 2461 ad
1601 2405 2022 2460 ministrantium
2058 2421 2072 2457 :
2107 2411 2163 2457 et

593 2507 892 2561 decernere
914 2504 1078 2559 debet
1105 2503 1194 2557 ille
1223 2502 1356 2572 (17),
1384 2497 1660 2569 quomodo
1682 2498 1879 2553 debeat
1897 2511 2038 2560 esse,
2067 2494 2162 2564 qui

593 2599 874 2654 cellarium
911 2596 1143 2650 fratrum
1195 2593 1494 2648 contineat.
1544 2591 1715 2646 Debet
1761 2589 1884 2643 talis
1927 2596 2166 2642 tantum-

593 2695 758 2749 modo
791 2691 955 2761 eligi,
991 2688 1084 2758 qui
1119 2686 1291 2757 possit
1333 2685 1388 2738 in
1426 2683 1684 2737 omnibus
1712 2681 1850 2752 gula:
1891 2695 2001 2734 suae
2039 2696 2166 2750 sug.

595 2783 934 2858 gestionibus
963 2778 1270 2841 dominari,
1309 2785 1365 2830 et
1409 2773 1724 2844 evangeliea
1753 2770 1944 2826 ordine
1982 2770 2166 2824 fratri-

595 2880 700 2932 bus
734 2875 851 2931 suis
883 2873 1088 2926 victum
1121 2869 1426 2940 gubernare
1463 2884 1476 2918 :
1508 2864 1603 2934 qui
1631 2864 1820 2918 timeat
1846 2862 1999 2917 Juda:
2035 2877 2167 2916 seno

599 2965 825 3022 tentiam
851 3003 864 3026 ,
895 2963 990 3032 qui
1040 2960 1108 3014 ab
1143 2958 1300 3012 initio
1340 2955 1429 3011 fur
1479 2955 1582 3010 fuit
1611 2955 1679 3009 ³⁷.
1726 2953 1959 3010 Studere
2001 2953 2168 3008 debet

597 3057 693 3128 qui
723 3055 850 3109 huic
875 3053 1052 3108 ollicio
1069 3051 1383 3120 deputatur,
1414 3057 1472 3102 ut
1497 3047 1684 3101 audiat
1713 3061 1727 3098 :
1761 3044 1897 3110 Quia
1927 3046 2018 3115 qui
2040 3045 2168 3098 bene

599 3145 1014 3206 ministraverit,
1063 3141 1255 3194 bonum
1299 3138 1528 3208 gradum
1575 3137 1686 3207 (l8)
1729 3136 1952 3206 acquirit
1980 3135 2064 3200 '3;
2113 3143 2169 3190 et

601 3238 795 3293 animae
828 3251 939 3290 sua:
971 3235 1186 3288 lucrum
1232 3229 1380 3284 facit.
1411 3229 1583 3282 Nosse
1611 3227 1815 3281 debent
1849 3225 2016 3279 etiam
2061 3224 2171 3278 fra-

602 3340 739 3392 tres,
771 3327 898 3396 quia
937 3324 1203 3395 quidquid
1255 3324 1311 3377 in
1347 3319 1679 3376 monasterio
1709 3325 2010 3381 tractatur,
2057 3317 2173 3372 sive

603 3418 661 3472 in
681 3416 846 3480 vasis,
877 3414 992 3469 sive
1016 3413 1072 3467 in
1102 3410 1466 3474 ferramentis,
1485 3407 1572 3463 vel
1601 3418 1796 3462 caetera
1815 3406 2019 3470 omnia,
2051 3420 2174 3460 esse

605 3507 965 3564 sanctificata.
1000 3505 1056 3560 Si
1086 3504 1210 3574 quis
1239 3503 1306 3558 de
1341 3501 1606 3556 fratribus
1640 3500 1848 3571 aliquid
1893 3499 2174 3568 negligen-

611 3603 696 3649 ter
724 3594 1076 3658 tractaverit,
1112 3600 1321 3660 partem
1363 3605 1422 3645 se
1446 3589 1648 3644 habere
1676 3588 1891 3644 noverit
1922 3602 2045 3642 cum
2081 3587 2176 3642 illo

605 3701 753 3754 rege,
786 3683 879 3753 qui
914 3683 967 3736 in
996 3682 1144 3737 vasis
1169 3681 1366 3736 domus
1403 3681 1500 3735 Dei
1533 3677 1886 3734 sanctificatis
1907 3693 2032 3734 eum
2059 3677 2176 3733 suis

607 3776 833 3832 bibebat
853 3773 1192 3837 concubinis,
1214 3781 1271 3827 et
1286 3773 1499 3841 qualem
1512 3770 2020 3826 meruitvindictam
2041 3771 2087 3838 (l
2099 3770 2174 3839 9).

609 3865 981 3923 Custodienda
1011 3875 1140 3919 sunt
1157 3863 1258 3917 ista
1279 3869 1568 3931 praecepta,
1595 3868 1652 3916 et
1671 3874 1769 3930 per
1791 3861 2034 3931 singulos
2057 3859 2179 3916 dies

611 3964 669 4016 in
695 3976 857 4016 aures
878 3960 1108 4015 fratrum
1139 3957 1415 4012 recitanda
1433 3964 1656 4020 sunt,ut
1675 3971 1786 4012 non
1809 3956 2180 4011 condemnen-

611 4065 702 4110 tur
729 4055 785 4109 in
820 4052 1061 4123 peccatis
1091 4051 1226 4107 suis.

1229 4140 1379 4197 CAP.
1421 4139 1561 4194 Xlll.

613 4238 854 4305 Qualiter
873 4239 1012 4291 inter
1031 4252 1086 4290 se
1109 4234 1429 4289 monasteria
1459 4249 1638 4303 pacem
1657 4233 1871 4301 ﬁrmam
1893 4232 2179 4286 obtineant.

985 4325 1134 4382 Alius
1175 4325 1282 4394 (20)
1315 4323 1578 4378 Macarius
1617 4325 1748 4378 dixit
1780 4341 1796 4376 :

683 4416 953 4482 Quoniam
987 4415 1194 4468 veritas
1231 4421 1598 4482 protestatur,
1630 4429 1752 4482 qua:
1788 4412 1920 4467 dicit
1950 4431 1962 4466 :
2003 4411 2067 4466 In
2098 4426 2186 4465 ore

2243 682 2340 738 sed
2365 698 2468 737 nec
2490 683 2678 737 videre
2716 689 2958 751 oportet,
2985 681 3203 736 dicente
3230 682 3497 751 Apostolo
3528 701 3540 735 :
3577 682 3715 747 Quia
3741 689 3826 754 qui

2243 775 2474 844 primam
2513 773 2672 840 ﬁdem
2702 775 2912 827 irritam
2945 773 3104 842 fecit,
3147 784 3222 827 est
3251 773 3455 840 inﬁdeli
3497 775 3732 828 deterior
3767 779 3824 830 “.

2243 865 2401 932 Quod
2435 865 2481 920 si
2517 875 2774 934 precatus
2801 865 3062 936 fueritjab
3090 881 3157 919 eo
3183 865 3276 935 qui
3311 877 3514 935 pneest
3543 865 3741 930 Patre,
3775 879 3829 921 ut

2246 960 2300 1013 in
2331 960 2437 1013 alio
2468 958 2799 1013 monasterio
2831 957 3190 1029 ingrediatur,
3219 960 3650 1014 commendetur
3679 959 3746 1012 ab
3767 976 3830 1013 eo

2247 1050 2299 1104 ei
2329 1049 2422 1120 qui
2453 1059 2671 1119 praeest,
2717 1049 2813 1103 ubi
2845 1065 2965 1105 esse
3003 1049 3315 1116 desiderat;
3346 1062 3402 1107 et
3437 1054 3521 1107 sic
3565 1053 3832 1118 suscipia-

2249 1149 2360 1194 tur.
2391 1139 2528 1194 Nam
2561 1139 2682 1194 sine
2710 1140 2998 1196 voluntate
3030 1141 3142 1210 (25)
3179 1143 3272 1210 qui
3305 1158 3545 1211 praeesse
3575 1142 3746 1196 debet
3780 1145 3834 1196 in

2250 1230 2584 1284 monasterio
2617 1230 2817 1294 Patris,
2849 1231 3162 1285 nullatenus
3191 1233 3323 1286 alibi
3372 1233 3685 1302 recipiatur
3727 1233 3836 1284 fra-

2252 1330 2356 1375 ter.
2383 1319 2540 1386 Quod
2570 1321 2616 1375 si
2642 1321 3051 1390 praesumpserit
3078 1323 3204 1375 talia
3231 1321 3433 1386 facere,
3457 1324 3688 1376 noverit
3706 1338 3764 1376 se
3786 1322 3836 1375 in

2251 1413 2460 1484 synodo
2493 1414 2899 1484 episcoporum,
2928 1424 3023 1469 aut
3045 1415 3102 1468 in
3129 1423 3401 1468 conventu
3439 1413 3689 1466 fratrum
3724 1427 3842 1464 suo-

2253 1521 2374 1559 rum
2419 1505 2476 1559 in
2515 1505 2852 1560 audientiam
2891 1507 3081 1560 venire
3115 1522 3129 1558 :
3164 1515 3221 1559 et
3261 1512 3395 1558 tunc
3450 1503 3684 1556 recedet
3722 1512 3842 1556 tan.

2253 1612 2418 1666 quam
2449 1597 2637 1668 junior
2672 1612 2826 1661 suus,
2872 1596 3050 1651 donec
3093 1597 3162 1650 ab
3193 1611 3258 1650 eo
3289 1596 3378 1650 cui
3417 1594 3683 1664 injuriam
3717 1594 3844 1646 fecit

2253 1689 2470 1743 veniam
2503 1697 2686 1757 petat;
2724 1697 2784 1741 ut
2814 1704 2924 1742 non
2971 1703 3069 1757 per
3095 1687 3267 1756 ipsius
3300 1687 3501 1741 vitium
3535 1685 3633 1740 alii
3665 1684 3848 1754 despi-

2256 1781 2474 1835 ciantur
2512 1779 2720 1834 Patres.
2750 1780 2845 1834 llle
2883 1794 3014 1834 vero
3040 1780 3341 1832 monachus
3370 1788 3618 1847 quantos
3649 1776 3848 1830 fratres

2260 1872 2314 1925 in
2346 1871 2454 1925 alio
2481 1870 2818 1925 monasterio
2861 1869 3152 1932 invenerit,
3185 1877 3364 1923 tantos
3390 1885 3452 1924 se
3495 1869 3724 1922 noverit
3755 1869 3851 1920 In-

2259 1963 2394 2017 bere
2420 1961 2651 2032 priores.
2674 1960 2787 2015 Nec
2819 1959 3211 2015 attendendum
3230 1968 3335 2024 est,
3363 1959 3460 2029 qui
3493 1958 3606 2012 fuit
3652 1969 3845 2021 antea;

2261 2054 2355 2110 sed
2386 2054 2732 2122 probandum
2765 2061 2870 2116 est,
2901 2053 3081 2122 qualis
3100 2067 3220 2106 esse
3250 2051 3507 2121 coeperit.
3545 2050 3850 2118 Susceptus

2261 2144 2422 2216 245
2445 2159 2577 2197 vero
2593 2144 2638 2198 si
2669 2143 2874 2197 habere
2904 2142 3126 2196 videtur
3150 2141 3378 2210 aliquid,
3413 2141 3534 2195 sive
3569 2140 3627 2193 in
3660 2139 3848 2201 rebus,

2263 2238 2376 2294 sive
2403 2238 2461 2291 in
2491 2235 2795 2300 codicibus,
2827 2235 2968 2290 ultra
2995 2235 3046 2288 ei
3088 2231 3368 2304 possidere
3395 2248 3509 2286 non
3541 2232 3762 2292 licebit,
3795 2240 3850 2282 ut

2263 2330 2437 2400 possit
2477 2343 2597 2383 esse
2629 2327 2928 2397 perfectus,
2963 2326 3109 2396 quod
3144 2325 3276 2380 alibi
3301 2339 3411 2378 non
3444 2323 3660 2394 potuit.
3695 2323 3848 2376 Reﬁ-

2264 2419 2525 2475 dentibus
2547 2433 2678 2472 vero
2703 2417 2988 2482 fratribus,
3019 2417 3064 2470 si
3096 2416 3263 2470 fuerit
3285 2415 3470 2484 aliqua
3497 2413 3572 2468 de
3601 2413 3850 2481 Scriptu-

2265 2512 2343 2566 ris
2369 2509 2608 2572 collatio,
2633 2519 2691 2564 et
2717 2508 2886 2564 fuerit
2910 2523 2979 2563 ex
3009 2508 3096 2562 bis
3127 2507 3240 2578 (24)
3275 2507 3397 2561 talis
3426 2505 3627 2568 scitus,
3667 2520 3782 2557 non
3800 2503 3850 2558 ei

2266 2603 2454 2660 licebit
2484 2601 2690 2671 aliquid
2727 2602 2937 2664 dicere,
2982 2601 3087 2655 nisi
3125 2609 3465 2670 pmceptum
3504 2598 3563 2652 ei
3607 2598 3784 2652 fuerit
3821 2612 3849 2649 ι

2266 2692 2428 2749 Patre
2467 2692 2598 2764 (25).

2886 2782 3039 2837 CAP.
3078 2781 3218 2837 XIV.

2266 2873 2514 2944 Idemque
2551 2887 2569 2926 :
2609 2870 2853 2938 Qualiter
2896 2871 3071 2927 clerici
3109 2873 3334 2942 hospites
3367 2869 3706 2941 suscipiendi
3741 2879 3857 2922 aut

2843 2966 2899 3018 in
2939 2967 3277 3018 monasterio.

2340 3058 2475 3114 Cum
2526 3056 2676 3112 omni
2725 3057 3033 3112 reverentia
3077 3064 3137 3109 ut
3182 3055 3422 3108 ministri
3466 3052 3708 3106 altaris:
3754 3065 3858 3104 non

2197 3181 2241 3239 α
2271 3151 2460 3206 licebit
2503 3150 2609 3204 nisi
2657 3148 2790 3216 ipsis
2834 3149 3140 3202 orationem
3166 3147 3444 3215 complere
3467 3189 3482 3211 ,
3537 3145 3660 3199 sive
3691 3144 3859 3197 ostia-

2273 3243 2418 3307 rius,
2458 3241 2573 3295 sive
2602 3240 2851 3294 minister
2883 3247 2969 3292 est
3012 3238 3201 3306 templi
3251 3237 3368 3290 Dei.
3396 3235 3559 3300 Quod
3595 3237 3640 3290 si
3676 3237 3858 3304 aliqua

2274 3348 2404 3387 casu
2427 3333 2611 3401 lapsus
2646 3341 2747 3396 est,
2781 3337 2838 3384 et
2863 3330 2920 3383 in
2947 3345 3015 3383 eo
3043 3327 3189 3398 quod
3217 3327 3425 3382 dicitur
3456 3328 3734 3396 probatus
3753 3327 3858 3380 cri-

2275 3424 2445 3490 mine,
2480 3437 2592 3476 non
2635 3421 2798 3476 liceat
2838 3421 2889 3475 ei
2928 3427 3054 3474 ante
3087 3435 3212 3472 eum
3243 3419 3337 3487 qui
3379 3429 3585 3487 praeest
3617 3419 3857 3479 Patrem,

2275 3513 2360 3567 vel
2396 3511 2702 3578 secundum
2752 3511 3050 3580 complere.
3080 3509 3229 3564 Nulli
3268 3508 3628 3578 permittatur
3659 3507 3860 3562 clerico

2277 3607 2333 3660 in
2371 3602 2704 3657 monasterio
2744 3602 2996 3684 babitare
3018 3641 3031 3661 ,
3062 3601 3169 3654 nisi
3203 3600 3253 3654 ei
3282 3598 3674 3653 tantummodo
3701 3614 3858 3666 quem

2276 3696 2462 3765 lapsus
2497 3694 2707 3763 peccati
2733 3693 2798 3748 ad
2832 3692 3201 3745 humilitatem
3239 3689 3509 3754 deduxit,
3533 3698 3592 3742 et
3620 3698 3710 3742 est
3745 3690 3859 3742 sul-

2277 3792 2542 3851 neratus;
2590 3794 2652 3838 ut
2705 3783 2760 3837 in
2805 3780 3142 3836 monasterio
3194 3778 3533 3832 humilitatis
3591 3780 3860 3832 medicina

2278 3884 2522 3931 sanetur.
2545 3875 2669 3930 Haec
2681 3873 2838 3927 vobis
2869 3870 3102 3926 tenenda
3128 3869 3427 3932 sufﬁciant,
3443 3867 3669 3930 fratres,
3691 3881 3860 3922 casto

2280 3968 2477 4024 dienda
2499 3966 2849 4029 conveniant,
2879 3973 2934 4018 et
2958 3963 3114 4018 eritis
3139 3961 3659 4032 irreprehensibiles
3685 3961 3744 4014 in
3770 3976 3859 4028 po-

2281 4060 2413 4129 pulo
2447 4058 2564 4113 Dei.

2914 4145 3064 4201 CAP.
3106 4143 3221 4198 XV.

2459 4238 2702 4306 Qualiter
2739 4237 2910 4308 culpae
2946 4235 3277 4306 singulorum
3315 4235 3688 4288 emendentur.

2353 4333 2466 4389 Nec
2503 4334 2608 4388 hoc
2636 4331 2927 4387 tacendum
2957 4339 3072 4393 est,
3119 4329 3362 4397 qualiter
3391 4329 3573 4397 culpa:
3621 4330 3861 4398 singulo-

2287 4441 2410 4480 rum
2438 4425 2802 4480 emendentur
2837 4438 2974 4492 :pro
3004 4421 3268 4490 qualitate
3299 4421 3478 4488 culpae
3509 4422 3621 4473 erit
3644 4436 3859 4473 excom-

614 4510 838 4560 daorum
875 4505 952 4560 vel
986 4506 1145 4558 trium
1171 4507 1376 4558 testium
1400 4505 1555 4557 stabit
1585 4520 1736 4557 omne
1767 4505 1977 4558 verbum
1999 4505 2064 4570 ”,
2097 4506 2166 4558 fir-

2289 4517 2609 4571 municatio.
2664 4518 2806 4586 Ergo
2851 4515 2954 4569 iste
3012 4511 3151 4566 ordo
3202 4519 3482 4565 teneatur.
3532 4511 3591 4566 Si
3647 4512 3860 4580 quise:

618 4599 815 4655 manda
846 4615 977 4670 ergo
1001 4609 1086 4654 est
1115 4599 1303 4668 regula
1339 4597 1592 4667 pietatis;
1625 4613 1728 4652 nec
1760 4598 1869 4669 (21)
1895 4599 2182 4654 tacendum

614 4703 734 4758 est,
783 4692 1017 4762 qualiter
1067 4691 1211 4745 inter
1259 4705 1317 4744 se
1366 4689 1695 4744 monasteria
1737 4705 1926 4760 pacem
1970 4689 2182 4744 firmam

686 4874 764 4928 "l
806 4872 935 4928 Cor.
993 4885 1066 4938 Iv,
1121 4869 1206 4924 12.

1310 4871 1354 4900 ’⁸
1392 4869 1410 4922 l
1451 4868 1577 4924 Cor.
1635 4885 1720 4934 ix,
1753 4870 1845 4924 9.7.

617 4945 659 4975 ³⁰
693 4942 712 4998 ι
742 4943 944 5010 Tim.v,
985 4939 1072 4993 1:2.

689 5104 799 5176 (14)
821 5103 1098 5176 Praecepit.
1131 5105 1228 5176 Ms.
1261 5103 1515 5173 Prwcepit
1551 5106 1744 5176 dicens.

690 5171 801 5242 (15)
846 5171 1068 5239 ραοά’δί
1092 5175 1334 5243 inﬁrmus
1361 5171 1448 5228 estV
1471 5175 1669 5228 animo.
1700 5175 1798 5228 Ms.
1837 5171 1988 5237 Quod
2020 5174 2065 5226 si
2093 5171 2190 5240 ﬁr-

623 5263 736 5300 mus
773 5253 848 5297 est
881 5261 1120 5314 corpore.

690 5317 800 5379 (l6)
840 5313 1197 5369 Prwbeniant.
1227 5315 1354 5369 Post
1385 5315 1524 5370 hanc
1555 5331 1746 5370 vocem
1775 5314 1928 5370 addit
1958 5328 2061 5367 ms.
2094 5313 2189 5365 iste

620 5386 746 5439 ordo
779 5395 1036 5438 teneatur.

692 5456 802 5524 (l7)
847 5455 914 5507 Et
957 5456 1237 5508 decernere
1267 5456 1412 5508 debet
1451 5455 1560 5508 ille.
1604 5455 1728 5511 llaec
1757 5456 1956 5510 desunt
1996 5453 2052 5506 in
2084 5468 2185 5506 nis.

621 5524 687 5578 lit
710 5525 890 5597 statim
919 5525 1062 5597 idem
1084 5526 1207 5597 cod.
1237 5525 1407 5594 qualis
1440 5527 1605 5580 habet
1635 5541 1734 5595 pro
1764 5524 2040 5597 quomodo.

694 5595 803 5660 (I8)
841 5595 1096 5650 Gradum.
1132 5596 1227 5649 Ms.
1260 5598 1484 5664 gradum
1513 5597 1607 5649 sibi
1637 5613 1750 5653 aca.

694 5665 803 5728 (l9)
845 5665 1053 5719 Meruit.
1093 5666 1190 5720 Ms.
1227 5667 1494 5719 meruerit.

694 5735 805 5803 (20)
845 5734 1011 5788 Alius.
1043 5737 1139 5790 Ms.
1175 5735 1308 5788 Item
1339 5737 1497 5790 alius.

694 5805 804 5874 (21)
843 5803 965 5859 Nec.
1003 5806 1100 5861 Ms.
1129 5806 1233 5860 Nec
1262 5807 1354 5860 hoc
1379 5815 1479 5860 (ac.

1949 4869 1991 4900 "
2028 4869 2183 4924 Joan.
2230 4884 2339 4933 xu,
2402 4868 2453 4923 6.

2290 4601 2555 4655 fratribus
2595 4614 2904 4654 sermonem
2934 4597 3173 4652 otiosum
3203 4596 3482 4660 emiserit,
3521 4612 3594 4650 ne
3641 4610 3771 4648 reus
3800 4594 3862 4647 sit

2290 4691 2528 4756 concilii,
2555 4690 2903 4760 praecipimus
2925 4704 3054 4744 eum
3090 4687 3274 4743 triduo
3307 4705 3341 4743 a
3370 4687 3606 4742 fratrum
3638 4702 3862 4756 congreo

2566 4868 2611 4899 ³⁸
2649 4869 2693 4923 Ι.
2730 4869 2871 4924 Tim.
2928 4885 3006 4935 ιιι,
3037 4868 3120 4921 15.
3229 4870 3274 4900 ’⁸
3312 4866 3507 4922 Matth.
3561 4880 3718 4928 mn,
3787 4864 3860 4918 16-

2362 5104 2472 5176 (22)
2511 5104 2777 5176 Recipere.
2809 5098 2935 5176 Post
2973 5098 3204 5152 verbum
3237 5095 3740 5176 huqu_modi_addit
3765 5110 3858 5176 ins

2289 5183 2338 5227 et
2369 5166 2472 5228 non
2500 5166 2669 5228 solum
2703 5185 2804 5222 non
2833 5171 3056 5238 recipere
3086 5185 3104 5221 :
3135 5185 3258 5238 qua:
3278 5166 3504 5237 quidem
3529 5168 3602 5221 ob
3623 5166 3862 5234 ejusdem

2289 5245 2443 5298 verbi
2470 5240 2866 5327 repetitionem
2912 5239 3140 5294 librario
3178 5239 3521 5301 exciderint,
3559 5248 3622 5290 ut
3653 5253 3717 5290 ex
3742 5251 3867 5288 eon-

2292 5316 2663 5453 ωἲὲἑ)¹ιὲξιῗξί
2693 5382 2806 5453 sine
2845 5379 3114 5432 voluntate
3158 5387 3272 5453 emt.
3317 5379 3444 5453 ξιτεδ
3484 5388 3557 5453 etA
3589 5375 3864 5444 sequentia

2287 5449 2463 5523 usque
2484 5455 2550 5508 ad
2579 5469 2662 5510 ea.
2690 5451 2930 5523 Illeivero
2963 5451 3268 5523 monachus,
3304 5449 3509 5523 desunt
3547 5449 3600 5502 in
3626 5463 3724 5500 ms.

2363 5516 2475 5605 (2i)
2502 5525 2585 5577 La:
2622 5524 2700 5576 liis
2722 5521 2765 5594 ].
2791 5522 2953 5574 Deest
2989 5519 3305 5588 praepositio
3332 5519 3386 5572 in
3430 5535 3538 5572 ms.
3566 5528 3622 5572 et
3648 5516 3864 5586 quide

2581 5660 2792 5734 Patre],
2813 5661 2907 5714 Ms.
2937 5661 2999 5713 ab
3013 5677 3070 5734 eo
3093 5659 3181 5734 qui
3204 5668 3418 5734 γνῶναι.
3442 5660 3550 5734 llic
3575 5672 3699 5712 vero
3724 5654 3866 5733 des-

2293 5726 2379 5790 nit'
2401 5726 2590 5790 codex.
2621 5726 2954 5800 Vatfneque
2990 5731 3093 5786 tria
3106 5726 3311 5785 ultima
3334 5731 3518 5800 capita
3543 5726 3808 5799 agnoscit.
