4060 6522
193 377 300 438 977

191 603 264 643 eo
287 590 569 660 jungatur.
607 587 664 643 Si
695 604 828 643 vero
853 588 1054 658 aliquis
1081 589 1464 660 deprehensus
1507 591 1674 646 fuerit
1718 592 1774 646 in

192 681 334 747 risu,
371 681 452 735 vel
515 682 570 734 in
599 680 925 734 scurrilitate
953 681 1242 746 sermonis,
1271 682 1418 736 sicut
1439 682 1515 736 ait
1542 683 1777 753 Aposto-

194 772 304 837 lus,
337 789 452 843 qua
477 774 547 827 ad
565 789 674 826 rem
697 789 801 827 non
827 775 1051 843 pertinet
1073 773 1140 838 “,
1172 774 1435 844 jubemus
1461 772 1775 843 hujusmodi

201 865 440 918 duarum
481 865 949 920 hebdomadarum
996 865 1174 934 spatio
1220 866 1276 919 in
1307 866 1528 919 nomine
1561 866 1776 920 Domini

195 957 349 1010 omni
400 956 614 1026 ﬂagello
675 956 1002 1010 humilitatis
1048 957 1327 1019 coerceri,
1379 957 1596 1011 dicente
1634 957 1778 1027 Apo-

196 1048 384 1101 stolo:
417 1046 472 1100 Si
513 1049 627 1115 quis
663 1048 830 1117 frater
859 1049 1166 1102 nominatur
1203 1050 1524 1114 iracundus,
1553 1060 1646 1104 aut
1685 1069 1776 1104 su-

194 1137 408 1208 perbus.
432 1149 524 1191 aut
545 1138 850 1206 maledicus,
877 1143 1011 1194 hunc
1047 1151 1223 1195 notate
1248 1143 1314 1194 ³³.
1350 1143 1419 1196 Ει
1453 1161 1465 1196 :
1496 1141 1613 1196 Non
1642 1145 1778 1198 adite

193 1240 258 1283 ut
296 1232 562 1284 inimicum
591 1271 606 1296 ,
641 1233 732 1286 sed
768 1234 1015 1303 corripite
1039 1244 1095 1287 ut
1135 1235 1353 1304 fratrem
1386 1235 1450 1288 ³³.
1494 1237 1561 1290 Et
1590 1237 1644 1290 in
1671 1237 1777 1291 alio

192 1319 323 1375 loco
356 1340 368 1374 :
408 1321 465 1376 Si
506 1324 621 1393 quis
655 1324 821 1392 frater
850 1325 1004 1394 fuerit
1038 1336 1330 1395 prwventus
1373 1329 1428 1381 in
1473 1327 1652 1398 aliquo
1684 1329 1778 1382 de-

195 1411 346 1478 licto,
377 1430 465 1468 vos
486 1417 576 1484 qui
601 1415 870 1485 spiritales
907 1418 1026 1470 estis
1052 1458 1066 1481 ,
1107 1419 1352 1472 instruite
1377 1420 1678 1490 hujusmodi
1711 1423 1776 1487 ³³,

193 1511 260 1558 et
287 1505 545 1574 corripite
571 1506 830 1574 fratrem;
858 1508 930 1561 ita
956 1518 1018 1563 ut
1040 1524 1138 1577 per
1163 1509 1492 1566 humilitatis
1521 1510 1779 1582 frequen-

198 1593 336 1651 tiam
368 1613 476 1653 non
506 1600 797 1670 reprobus,
839 1600 934 1656 sed
964 1601 1229 1672 probatus
1267 1601 1323 1655 in
1355 1606 1777 1675 congregatione

193 1701 544 1759 perseveret.

344 2043 608 2114 "Ephes.
644 2061 698 2112 v,
731 2045 782 2102 4.
883 2049 926 2081 ³⁸
963 2046 981 2102 l
1019 2045 1146 2103 Cor.
1182 2062 1235 2114 v,
1263 2047 1349 2102 11.

1365 378 1673 439 REGULA
1711 378 1818 437 AD
1858 375 2284 439 MON-ACHOS.

191 496 412 568 gatione
443 497 529 551 vel
558 497 833 566 colloquio
870 512 992 553 esse
1025 498 1267 552 alienum
1291 539 1306 563 ,
1348 508 1407 553 ut
1437 501 1623 554 nullus
1648 515 1770 555 cum
1798 500 1853 560 Α

1427 2047 1474 2080 ³³
1510 2048 1557 2105 11
1589 2048 1784 2106 Thess.
1813 2066 1892 2118 ut,
1933 2050 2022 2107 15.
2097 2051 2144 2082 ³⁵
2193 2047 2312 2107 Gal.
2343 2065 2418 2112 vi,
2453 2047 2506 2102 1.

3351 376 3456 439 978

2501 496 2655 552 CAP.
2695 495 2833 552 XVI.

2045 591 2110 647 Ut
2147 592 2260 646 sine
2299 605 2647 661 personarum
2687 586 2982 658 acceptione
3020 585 3301 659 aequaliter

2524 680 2807 744 iudicetur.

1948 774 2064 830 lloc
2113 783 2240 830 ante
2285 773 2470 828 omnia
2506 771 2857 844 praecipimus
2885 768 3041 824 vobis
3074 768 3167 838 qui
3215 767 3345 822 huic
3375 766 3459 820 of-

1878 869 2002 923 ﬁcio
2028 867 2295 938 prmestis,
2324 877 2386 922 ut
2417 882 2667 937 personm
2691 883 2718 919 a
2744 864 2902 918 vobis
2941 877 3052 916 non
3095 860 3455 930 accipiantur,

1877 961 1970 1014 sed
2005 961 2201 1029 arquali
2239 959 2440 1014 aﬂ‘ectu
2488 975 2680 1013 omnes
2727 956 3028 1026 diligantur
3051 994 3066 1021 ,
3103 962 3158 1007 et
3193 969 3291 1023 per
3334 968 3460 1007 cor-

1879 1053 2185 1121 reptionem
2219 1067 2411 1105 omnes
2446 1061 2712 1105 sanentur
2740 1063 2756 1102 :
2791 1049 2919 1119 quia
2960 1047 3247 1120 aequalitas
3281 1045 3461 1114 placet

1874 1141 2018 1210 apud
2040 1141 2230 1196 Deum.
2265 1139 2483 1194 dicente
2514 1140 2789 1209 Propheta
2818 1157 2830 1193 :
2857 1139 2914 1194 Si
2951 1156 3065 1193 vere
3094 1139 3272 1208 utique
3299 1135 3462 1208 246

1864 1232 2135 1303 justitiam
2152 1231 2969 1301 loquimini,justcjudicate,ﬁlii
2987 1232 3257 1283 hominum
3271 1229 3333 1281 ³⁵.
3352 1228 3462 1280 Nec

1874 1325 2042 1378 latere
2082 1338 2180 1378 vos
2223 1322 2501 1386 volumus,
2550 1322 2680 1390 quia
2714 1323 2807 1390 qui
2832 1337 2942 1374 non
2989 1321 3219 1389 corripit
3267 1334 3460 1373 erran-

1875 1429 2027 1483 tem,
2084 1418 2300 1472 noverit
2354 1432 2411 1471 se
2468 1433 2566 1486 pro
2626 1431 2693 1470 eo
2757 1417 3028 1470 rationem
3090 1415 3457 1468 redditurum.

1874 1511 2064 1566 Estote
2086 1509 2276 1564 fideles
2306 1520 2361 1563 et
2387 1508 2516 1562 boni
2543 1506 2802 1562 doctores
2825 1507 2892 1561 ad
2926 1522 3119 1560 omnes
3152 1524 3163 1559 :
3200 1505 3460 1574 corripite

1876 1603 2154 1672 inquietos
2183 1619 2196 1655 :
2231 1601 2493 1670 suscipite
2533 1599 2783 1653 inﬁrmos
2815 1617 2827 1651 :
2863 1599 3136 1668 patientes
3173 1605 3347 1650 estote
3393 1593 3462 1648 ad

1880 1691 2072 1745 omnes
2110 1709 2122 1742 :
2155 1702 2210 1744 et
2237 1699 2472 1759 quantos
2498 1688 2713 1742 fueritis
2747 1689 2964 1750 lucrati,
2999 1701 3097 1755 pro
3124 1685 3290 1739 tantis
3322 1699 3464 1737 mer-

1882 1781 2070 1836 cedem
2101 1779 2383 1849 accipietis
2406 1821 2421 1847 ,
2455 1779 2512 1833 in
2543 1777 2767 1833 nomine
2792 1778 2973 1833 Patris
2996 1787 3052 1832 et
3081 1775 3205 1831 Filii
3234 1781 3291 1830 et
3336 1771 3463 1843 Spi-

1881 1871 2023 1927 ritus
2053 1872 2246 1927 sancti.

2582 2048 2626 2080 ³⁵
2665 2046 2866 2101 Psalm.
2903 2062 3041 2112 Lvn,
3079 2046 3135 2100 2.

1032 2423 1438 2505 REGULA
1513 2426 1753 2505 ALIA
1827 2426 1963 2504 AD
2051 2427 2640 2508 MONACHOS.

795 2776 1180 2836 PRZEFATIO.
1807 2791 1850 2846 Β
1881 2785 2076 2840 Deum.
2105 2785 2166 2840 ln
2185 2790 2458 2840 conventu
2480 2782 2726 2837 omnium
2759 2763 3140 2851 nullusjuhior
3164 2780 3464 2851 quidquam

270 2870 407 2927 Cum
454 2870 820 2926 resideremus
862 2872 920 2926 in
966 2888 1135 2926 unum
1182 2873 1238 2926 in
1282 2874 1505 2929 nomine
1561 2876 1778 2933 Domini

191 2964 378 3018 nostri
412 2964 537 3020 Jesu
564 2962 800 3030 Christi,
832 2965 1135 3019 secundum
1162 2965 1513 3021 traditionem
1552 2969 1776 3026 Patrum

192 3065 514 3111 sanctorum
540 3057 784 3109 virorum
806 3097 821 3121 ,
854 3057 1033 3112 visum
1082 3067 1168 3112 est
1217 3059 1390 3127 nobis
1425 3062 1779 3117 conscribere

188 3148 288 3201 vel
318 3150 559 3218 regulam
593 3149 851 3203 ordinare
878 3190 892 3214 ,
922 3165 1044 3219 qua:
1075 3149 1130 3202 in
1160 3137 1496 3206 monasterio
1528 3162 1782 3208 teneatur

191 3238 268 3292 ad
313 3239 616 3308 profectum
667 3239 939 3306 fratrum;
973 3249 1032 3294 ut
1070 3256 1250 3310 neque
1278 3257 1380 3296 nos
1419 3242 1734 3300 laboremus
1760 3285 1776 3309 ,

191 3346 383 3399 neque
427 3339 653 3385 sanctus
703 3332 1029 3402 prmpositus
1067 3332 1160 3401 qui
1212 3334 1548 3390 constitutus
1593 3345 1679 3390 est
1722 3335 1780 3392 in

192 3423 358 3491 loco;
391 3421 794 3478 dubitationem
835 3421 1075 3491 aliquam
1113 3424 1224 3493 pati
1251 3426 1423 3493 possit
1452 3443 1466 3480 :
1498 3433 1560 3479 ut
1588 3442 1780 3482 omnes

193 3515 502 3578 unanimes,
531 3517 674 3568 sicut
703 3514 967 3584 scriptum
990 3523 1096 3582 est,
1124 3523 1353 3569 etunum
1382 3519 1675 3571 sentientes
1709 3518 1778 3584 ³⁸,

194 3605 438 3659 invicem
466 3606 831 3676 honorantes,
857 3621 921 3660 ea
956 3622 1078 3676 quae
1103 3616 1305 3662 statuta
1336 3617 1464 3663 sunt
1493 3622 1523 3663 a
1544 3609 1782 3666 Domino

188 3695 317 3766 jugi
345 3696 729 3751 observatione
767 3696 1102 3752 custodiant.

195 3807 357 3863 CAP.
402 3807 519 3863 l.—
540 3807 617 3862 De
639 3811 992 3884 unanimitate
1020 3811 1313 3884 citaritatis,
1344 3819 1392 3865 et
1430 3812 1494 3866 de
1518 3813 1782 3884 diligendo

635 3897 696 3933 ac
723 3879 1126 3949 obtemperando
1163 3882 1360 3936 abbati.

276 3973 416 4027 Ante
439 3972 622 4026 omnia
666 3971 935 4028 habentes
979 3973 1340 4039 charitatem,
1393 3975 1782 4040 humilitatem,

196 4067 552 4138 patientiam,
586 4067 1088 4130 mansuetudinem,
1127 4069 1217 4122 vel
1255 4076 1451 4124 caetera
1477 4086 1598 4139 quae
1625 4071 1786 4125 docet

197 4169 429 4215 sanctus
453 4161 748 4229 Apostolus
776 4162 840 4227 '7;
897 4161 973 4214 ita
1017 4171 1079 4215 ut
1111 4176 1274 4215 nemo
1297 4163 1597 4232 quidquam
1620 4178 1784 4218 suum
1809 4128 1853 4190 δ

197 4252 470 4314 vindicet,
503 4251 620 4314 sed,
642 4253 786 4307 sicut
819 4251 1086 4322 scriptum
1116 4260 1200 4307 est
1231 4253 1287 4307 in
1316 4253 1544 4309 Actibus
1572 4263 1791 4324 aposto-

195 4343 411 4407 lorum,
445 4342 686 4398 habeant
715 4343 900 4398 omnia
953 4343 1270 4399 communia
1301 4345 1368 4398 ³⁸.
1408 4345 1502 4400 Ille
1531 4361 1664 4400 vero
1693 4345 1788 4414 qui

195 4434 535 4504 praepositus
558 4443 663 4500 est,
687 4435 780 4489 Dei
800 4435 1070 4506 judicium
1093 4445 1148 4491 et
1173 4437 1578 4492 ordinationem
1603 4453 1790 4492 sacer-

196 4526 353 4580 dotis
380 4525 435 4578 in
459 4527 716 4582 omnibus
743 4527 956 4592 timere,
981 4528 1210 4599 diligere
1238 4539 1294 4584 ct
1325 4530 1595 4586 obaudire
1628 4531 1792 4586 debet

197 4618 514 4672 secundum
558 4619 841 4674 veritatem
877 4638 890 4673 :
923 4622 1052 4690 quia
1101 4623 1143 4675 si
1175 4623 1302 4691 quis
1351 4623 1507 4676 illum
1543 4631 1701 4692 putat
1733 4639 1791 4678 se

195 4727 500 4781 spernere,
536 4711 708 4766 Deum
745 4711 994 4781 spernit,
1043 4711 1188 4766 sicut
1227 4713 1490 4782 scriptum
1528 4721 1613 4768 est
1647 4731 1659 4766 :
1689 4713 1792 4778 Qui

195 4820 294 4858 vos
319 4803 491 4865 audit,
524 4818 606 4856 me
629 4803 775 4855 audit
807 4820 824 4856 :
856 4811 903 4856 et
943 4805 1030 4873 qui
1055 4820 1142 4858 vos
1169 4807 1392 4874 spernit,
1421 4821 1503 4858 me
1536 4807 1736 4876 spernit
1770 4822 1788 4859 :

195 4902 249 4947 et
279 4893 372 4963 qui
404 4909 485 4945 me
516 4894 737 4962 spernit,
765 4894 963 4962 spernit
989 4909 1106 4947 eum
1133 4895 1220 4964 qui
1246 4910 1328 4947 me
1356 4896 1494 4948 misit
1523 4895 1588 4948 ³³.
1620 4895 1698 4948 ita
1727 4901 1788 4948 ut

195 4984 326 5038 sine
357 4982 531 5052 ipsius
562 4983 844 5037 voluntate
886 4983 1074 5038 nullus
1114 4985 1285 5039 frater
1306 4985 1606 5055 quidquam
1641 4995 1786 5056 agat,

195 5091 391 5144 neque
435 5074 666 5143 accipiat
697 5074 765 5128 ab
794 5075 978 5144 aliquo
1007 5075 1213 5145 aliquid
1238 5119 1252 5142 ,
1299 5093 1478 5146 neque
1517 5079 1644 5145 det,
1684 5093 1788 5134 nec

200 5179 443 5239 usquam
476 5158 702 5233 prorsus
730 5163 947 5219 recedat
977 5165 1095 5219 sine
1125 5165 1313 5220 verbo.

1880 2875 1987 2930 nisi
2038 2877 2409 2945 interrogatus
2451 2875 2730 2943 loquatur.
2777 2871 3049 2926 Cmterum
3098 2871 3142 2926 si
3190 2873 3316 2941 quis
3349 2873 3468 2928 vult

1880 2967 2309 3021 consolationem
2333 2967 2582 3035 accipere
2607 2965 2691 3018 vel
2709 2963 2937 3017 verbum
2951 2961 3165 3028 audire,
3189 2972 3466 3019 secretum

1832 3086 1837 3092 -
1885 3065 1942 3111 et
1967 3065 2342 3126 opportunum
2377 3064 2592 3124 tempus
2621 3053 2890 3123 requirat.

1879 3169 2029 3224 CAP.
2071 3169 2157 3224 111.
2209 3200 2280 3209 -
2334 3169 2398 3224 Ut
2450 3168 2747 3222 advenienti
2803 3166 3120 3236 peregrino,
3171 3165 3304 3220 nihil
3345 3165 3463 3234 plus

1937 3240 2175 3294 exhibeat
2209 3241 2345 3310 quis,
2375 3256 2537 3309 quam
2572 3253 2842 3291 occursum
2865 3236 3119 3290 humilem
3145 3245 3191 3289 et
3220 3252 3422 3305 pacem.

1972 3330 2304 3385 Advenienti
2337 3328 2626 3399 peregrino
2670 3327 2807 3381 nihil
2851 3327 2975 3396 plus
3015 3326 3274 3381 exhibeat
3307 3341 3471 3394 quam

1881 3433 2116 3491 pacem:
2157 3421 2432 3491 reliquum
2479 3435 2593 3473 non
2640 3418 2712 3474 sit
2759 3419 2838 3472 illi
2880 3434 3012 3471 cura
3060 3417 3206 3471 unde
3230 3417 3469 3481 venerit,

1883 3528 1985 3583 pro
2011 3528 2122 3583 quo
2153 3513 2406 3578 venerit,
2439 3512 2528 3566 vel
2555 3512 2776 3581 quando
2818 3509 3200 3564 ambulaturus
3233 3509 3339 3573 sit,
3371 3524 3473 3563 nec

1881 3621 1944 3662 se
1967 3607 2162 3677 jungat
2191 3605 2258 3660 ad
2291 3604 2503 3659 fabulas
2541 3619 2666 3658 cum
2699 3603 2812 3658 illo.

1882 3719 2035 3776 CAP.
2074 3719 2243 3775 IV.—-
2270 3717 2333 3774 Ut
2357 3725 2613 3788 praesente
2643 3719 2849 3788 seniore
2873 3715 3137 3787 psallendi
3168 3714 3473 3785 loquendive

2327 3786 2433 3841 non
2471 3786 3030 3861 habeatfacultatem.

1961 3880 2097 3934 Illud
2125 3895 2345 3949 quoque
2375 3878 2785 3933 observandum
2825 3887 2948 3943 est,
2987 3885 3048 3932 ut
3077 3887 3346 3948 praesente
3387 3891 3476 3930 se-

1886 3970 2046 4026 niore
2078 3986 2441 4040 quocunque,
2485 3969 2569 4024 vel
2616 3969 2959 4039 praecedente
3009 3971 3064 4024 in
3097 3970 3292 4024 ordine
3331 3969 3474 4038 psal-

1888 4063 2057 4127 lendi,
2093 4077 2331 4131 sequens
2359 4076 2466 4114 non
2500 4060 2699 4114 habeat
2742 4058 3058 4113 facultatem
3091 4059 3355 4128 loquendi
3387 4060 3474 4113 vel

1886 4156 2093 4226 aliquid
2126 4153 2516 4225 praesumendi,
2564 4152 2670 4206 nisi
2709 4160 2919 4206 tantum
2960 4152 3008 4205 is
3033 4152 3127 4220 qui
3160 4151 3215 4205 in
3255 4151 3472 4216 ordine,

1887 4256 1950 4302 ut
1991 4247 2202 4302 dictum
2236 4254 2356 4311 est,
2393 4244 2708 4313 praecedere
2753 4243 2992 4298 videtur.
3040 4244 3155 4298 Hoc
3197 4259 3370 4314 usque
3405 4243 3474 4298 ad

1888 4341 2059 4395 imum
2089 4348 2216 4393 ante
2243 4336 2429 4391 omnia
2461 4336 2516 4389 in
2541 4336 2812 4400 oratione,
2842 4351 2936 4390 seu
2972 4337 3029 4390 in
3056 4351 3248 4404 opere,
3276 4336 3392 4390 sive
3417 4335 3474 4388 in

1887 4429 2362 4502 responso/dando
2395 4429 2504 4483 erit
2533 4427 2884 4483 servandum.
2917 4427 2974 4482 Si
3010 4443 3145 4483 vero
3170 4427 3474 4497 simplicior

1889 4524 2096 4586 fuerit,
2128 4522 2215 4576 vel
2248 4519 2566 4591 impeditior
2613 4535 2904 4583 sermone,
2930 4528 2986 4574 et
3019 4519 3234 4574 dederit
3270 4519 3471 4582 locum,

1887 4616 1964 4670 ita
2010 4615 2236 4670 demum
2286 4627 2526 4682 sequens
2581 4612 2867 4680 loquatur.
2923 4610 3116 4665 Omnia
3176 4621 3362 4664 tamen
3417 4611 3472 4663 in

1886 4707 2145 4762 charitate
2160 4705 2299 4775 fiant
2323 4705 2394 4771 ‘°,
2426 4720 2538 4760 non
2568 4719 2665 4774 per
2685 4703 3096 4759 contentionem
3126 4703 3212 4757 vel
3232 4702 3472 4771 aliquam

1887 4800 2392 4869 praesumptionem.
3094 4803 3106 4815 '

1888 4913 2038 4970 CAP.
2079 4913 2143 4969 V.
2172 4941 2243 4953 ——
2273 4911 2346 4965 De
2372 4928 2528 4964 cursu
2569 4910 2826 4963 orationis
2848 4949 2862 4972 ,
2902 4919 2950 4962 et
3004 4908 3145 4961 horis
3179 4905 3436 4977 operandi
3457 4946 3472 4971 ,

2193 4999 2254 5037 ac
2293 4983 2356 5035 de
2385 4983 2706 5035 correctione
2740 4979 3177 5050 delinquentium.
3416 4979 3417 4982 “

1959 5075 2168 5131 Cursus
2225 5089 2359 5128 vero
2403 5074 2713 5128 orationum
2763 5073 2848 5126 vel
2897 5072 3232 5142 psalmorum
3261 5112 3276 5138 ,
3327 5069 3473 5126 sicut

1893 5166 2103 5222 dudum
2137 5174 2402 5220 statutum
2428 5173 2534 5227 est,
2567 5165 2708 5217 ultra
2746 5173 2960 5232 tempus
2998 5162 3144 5222 istud
3174 5161 3476 5216 meditandi

198 5277 360 5335 CAP.
404 5277 468 5331 ιι⁶
504 5309 574 5318 __
599 5278 664 5334 ω
690 5296 794 5332 non
821 5295 877 5332 δε
909 5279 1114 5347 [abem-8
1142 5281 1290 5335 υαηεδ
1320 5280 1614 5342 destruant,
1648 5291 1696 5334 ε,
1730 5290 1786 5334 αι
1821 5302 1862 5356 D
1891 5257 2266 5328 operandique
2297 5255 2629 5311 servabitur.
2675 5255 2752 5308 lta
2792 5255 3207 5310 meditationem
3236 5254 3478 5308 habeant

353 5350 406 5401 in
439 5357 692 5403 conventu
716 5351 816 5403 nisi
848 5351 1204 5420 interrogatus
1230 5352 1344 5421 quis
1375 5350 1642 5420 loquatur.

277 5436 650 5494 Observantes
671 5439 836 5493 etiam
865 5439 990 5504 hoc,
1030 5448 1088 5493 ut
1107 5455 1216 5493 non
1240 5455 1298 5494 se
1324 5440 1558 5494 invicem
1589 5442 1790 5496 fabulis

195 5529 368 5585 vanis
398 5530 703 5598 destruant,
733 5532 828 5586 sed
865 5531 1242 5601 unusquisque
1264 5547 1586 5602 opussuum
1619 5534 1789 5588 medi-

202 5631 360 5678 tetur
404 5633 460 5678 et
513 5623 828 5689 custodiat,
877 5632 934 5679 et
979 5623 1342 5694 cogitationes
1390 5623 1604 5680 habeat
1642 5625 1787 5696 apud

1893 5351 2115 5414 fratres,
2151 5359 2212 5404 ut
2233 5363 2406 5418 usque
2429 5346 2497 5402 ad
2523 5347 2714 5402 horam
2744 5347 3038 5402 secundam
3071 5348 3290 5417 legant;
3321 5346 3366 5401 si
3395 5354 3477 5400 ta-

1895 5459 2020 5498 men
2059 5443 2211 5497 nulla
2249 5458 2410 5498 causa
2437 5441 2754 5504 exstiterit,
2786 5455 2892 5509 qua
2943 5456 3163 5495 necesse
3205 5442 3278 5495 sit
3307 5441 3474 5494 etiam

1895 5534 2054 5607 247
2078 5535 2446 5606 praetermissa
2471 5532 2829 5588 meditatione
2849 5530 3057 5600 aliquid
3091 5531 3206 5584 fieri
3243 5531 3295 5582 in
3325 5545 3474 5583 com-

1896 5642 2081 5681 mune.
2118 5627 2250 5681 Post
2287 5626 2477 5680 horam
2501 5638 2634 5679 vero
2657 5621 2955 5678 secundam
2990 5623 3373 5690 unusquisque
3404 5616 3471 5672 ad

285 5808 332 5840 “
359 5807 596 5880 Philipp.
633 5826 691 5874 ιι,
719 5809 772 5864 9..
851 5810 896 5841 ³⁷
939 5809 1151 5865 Coloss.
1181 5826 1284 5893 Ant,
1319 5809 1500 5865 12-”.
1579 5808 1622 5842 ⁸⁸
1662 5809 1782 5864 Act.

1883 5808 2002 5872 .52.
2083 5809 2124 5842 ³⁹
2166 5807 2299 5863 Luc.
2345 5823 2408 5874 x,
2460 5805 2545 5862 16.
2624 5804 2667 5837 ⁸ο
2709 5805 2730 5859 1
2773 5801 2899 5858 Cor.
2953 5816 3039 5856 xv:
3070 5839 3086 5866 ,
3127 5800 3214 5856 Η.
