4060 6584
605 352 714 416 979
1594 353 1701 413 SS-
1731 349 2252 413 MACARIORUM-
2283 351 2378 413 ET
2408 349 2835 414 PAPHNUTII
3743 347 3824 411 980

607 479 748 536 opus
779 478 939 520 suum
984 471 1207 534 paratus
1237 463 1348 520 sit:
1377 471 1434 520 et
1461 479 1633 536 usque
1656 464 1724 518 ad
1755 464 1950 545 horam
1984 476 2190 517 nonam
2219 463 2273 524 Α
2297 466 2654 529 necessitate,
2673 465 2769 520 sed
2795 462 2969 532 magis
2987 461 3121 517 vitio
3139 457 3551 531 procedendum
3580 463 3830 528 putaverit,

607 557 875 629 quidquid
907 556 1216 628 iniunctum
1241 555 1447 623 fuerit,
1495 557 1608 610 sine
1645 557 2068 609 murmuratione
2109 553 2193 606 vel

2318 560 2439 615 tciat
2467 574 2549 625 se,
2575 574 2700 615 cum
2732 556 3110 626 deprehensus
3143 554 3332 617 fuerit,
3363 551 3687 622 culpabilem
3717 554 3831 621 iudi-

607 653 935 706 htesitatione
957 649 1002 682 “
1031 651 1280 721 perliciat
1307 690 1322 715 ,
1351 649 1496 703 sicut
1524 648 1687 702 docet
1711 657 1934 701 sanctus
1958 647 2194 715 Aposto-
2300 643 2537 708 cundum
2558 691 2573 716 ,
2618 651 2747 720 quia
2796 665 2895 719 per
2941 663 3098 702 suam
3135 645 3524 717 negligentiam
3577 651 3630 697 et
3658 643 3772 698 alios
3795 646 3834 699 in

605 745 714 800 lus.
752 743 806 798 Si
833 741 959 812 quis
994 753 1178 797 autem
1210 740 1659 804 murmuraverit,
1690 739 1776 793 vel
1815 737 2194 794 contentiosus
2300 745 2498 800 vitium
2524 743 2716 798 mittit.
2770 742 2828 796 In
2856 741 3058 812 vigiliis
3085 737 3492 794 observandum
3524 745 3629 800 est,
3660 739 3836 804 quando

608 834 904 898 exstiterit,
930 843 1024 887 aut
1046 846 1331 901 opponens
1361 830 1414 885 in
1436 831 1622 900 aliquo
1645 832 1976 886 contrariam
2002 830 2197 884 volun-
2303 851 2497 892 omnes
2525 836 2882 898 conveniunt,
2923 833 3244 904 quicunque
3283 840 3544 902 gravatur
3584 845 3777 892 somno,
3799 844 3837 888 ei

611 934 778 979 tatem
808 923 1112 994 przeceptis,
1142 922 1304 992 digne
1323 931 1612 976 correctus
1640 931 1749 977 tam
1775 922 1870 976 diu
1895 921 2190 986 abstineat,

2318 929 2418 984 :xit
2457 928 2625 993 foras,
2670 943 2780 982 nou
2812 941 2872 982 se
2906 926 3110 982 fabulis
3151 935 3405 994 occupet,
3454 923 3553 979 sed
3591 925 3759 977 statim
3782 942 3840 979 re-

609 1031 774 1087 quam
805 1015 898 1069 diu
927 1015 1013 1069 vel
1043 1014 1220 1084 eulpze
1247 1013 1485 1082 qualitas
1518 1016 1854 1084 poposcerit,
1883 1015 1966 1069 vel
1995 1030 2053 1068 se
2079 1029 2193 1084 pte—
2293 1020 2423 1076 deat.
2479 1019 2547 1075 ad
2593 1035 2734 1090 opus
2779 1018 2848 1073 ad
2900 1018 3045 1088 quod
3085 1017 3434 1072 convenitur.
3486 1016 3549 1070 In
3595 1031 3841 1086 congrega-

609 1107 839 1164 nitendo
864 1107 1246 1161 hutniliaverit
1267 1115 1433 1178 atque
1463 1107 1866 1164 emendaverit.
1899 1105 2197 1162 Correctus
2296 1117 2446 1169 tione
2463 1121 2646 1168 autem
2666 1113 2783 1182 ipsa
2806 1110 2897 1165 ubi
2928 1109 3151 1181 legitur,
3175 1125 3366 1165 aurem
3397 1123 3626 1176 semper
3648 1107 3709 1161 ad
3733 1109 3842 1163 Sen.

608 1211 794 1257 autem
825 1215 934 1254 non
966 1199 1169 1254 audeat
1206 1215 1437 1269 usquam
1483 1200 1765 1256 recedere.
1802 1198 1858 1254 Si
1896 1198 2022 1268 quis
2065 1210 2198 1252 vero

2318 1220 2490 1265 ituras
2509 1208 2767 1272 habeant,
2799 1216 2854 1262 et
2879 1206 3161 1262 silentium
3191 1205 3494 1260 observent
3523 1217 3732 1258 omnes.

607 1290 1014 1385 dehfratribus,
1061 1291 1148 1345 vel
1188 1291 1286 1385 qui
1332 1291 1388 1346 in
1418 1291 1664 1385 oratorio
1690 1298 1856 1385 sunt,
1888 1289 1984 1385 vel
2297 1319 2450 1376 CAP.
2482 1318 2594 1374 γη,
2627 1348 2700 1357 _
2737 1316 2803 1372 Ut
2832 1316 2997 1385 {ram
3045 1317 3136 1384 qui
3175 1309 3300 1384 pro:
3323 1311 3564 1385 quam“
3617 1309 3757 1377 culpa
3782 1326 3846 1359 τ’

608 1383 762 1437 cellis
791 1381 1122 1449 consistunt,
1149 1384 1271 1453 ejus
1295 1383 1473 1437 errori
1505 1381 1870 1443 consenserit,
1899 1379 2190 1450 culpabilis
2368 1391 2568 1460 gmw,
2594 1379 2909 1458 patientium
2939 1379 3130 1440 habeat
3155 1379 3251 1450 {et
3278 1379 3344 1437 ut
3371 1383 3442 1437 ad
3475 1396 3711 1435 mensam
3736 1394 3846 1432 uno

607 1473 739 1536 erit,
763 1483 930 1544 atque
965 1473 1535 1527 cxcomtnunicatione
1570 1471 1944 1542 dignissimus.
2373 1461 2645 1530 loquatur-

606 1564 757 1620 CAP.
793 1540 878 1620 Vl.
906 1596 976 1605 —
1013 1563 1088 1618 De
1123 1566 1201 1618 his
1224 1565 1313 1634 qui
1336 1564 1403 1616 ad
1434 1580 1559 1633 Opus
1591 1540 1684 1616 Dei
1707 1562 1860 1616 tarde
1888 1568 2194 1615 occurrunt.
2374 1553 2490 1609 Hoc
2533 1551 2699 1608 etiam
2751 1547 3065 1604 addendum
3126 1545 3267 1608 fttit,
3320 1554 3382 1598 ut
3424 1544 3603 1597 frater
3629 1540 3737 1610 .qni
3777 1556 3848 1609 pro

694 1658 773 1712 Ad
826 1658 1018 1711 horam
1070 1672 1202 1710 vero
1249 1654 1514 1710 orationis
1567 1656 1696 1708 dato
1755 1654 1912 1722 signo
1968 1651 2013 1706 si
2070 1652 2195 1722 quis
2303 1645 2550 1718 qualibet
2612 1644 2773 1714 culpa
2820 1641 3068 1714 arguitur
3118 1640 3207 1694 vel
3264 1638 3628 1705 increpatur,
3678 1635 3850 1703 patien-

606 1766 720 1805 nou
750 1751 934 1805 statim
967 1747 1336 1820 praetermisso
1363 1746 1514 1801 Omni
1542 1762 1706 1817 opere
1728 1745 1876 1816 quod
1903 1744 2015 1816 agit
2049 1743 2201 1813 (quia
2237 1783 2277 1837 Β
2309 1741 2440 1794 tiam
2474 1739 2694 1803 habeat,
2728 1745 2785 1791 et
2817 1751 2926 1789 non
2957 1731 3291 1837 respondeat
3318 1727 3587 1800 arguenti
3616 1743 3632 1790 ;
3666 1725 3750 1779 sed
3773 1724 3850 1837 Ξυ-

607 1842 747 1896 nihil
794 1841 1031 1896 orationi
1088 1839 1519 1911 praeponendum
1568 1813 1674 1909 est)
1724 1813 1959 1908 paratus.
1994 1836 2197 1904 fuerit,
2237 1813 2277 1837 υ
2311 1827 2490 1882 miliat
2529 1842 2588 1882 se
2633 1826 2690 1880 in
2731 1824 2988 1880 omnibus
3039 1819 3342 1877 secundum
3390 1825 3730 1886 praeceptum
3760 1813 3852 1911 ,Βο-

608 1933 756 1987 foras
776 1905 1106 1988 excludatur
1117 1905 1560 1986 confundendus.
1580 1905 1814 2000 Operam
1837 1944 1968 1983 vero
1987 1927 2198 1982 dabunt
2310 1917 2444 1972 mini
2479 1915 2712 1970 diceﬂlis
2765 1932 2778 1968 τ
2832 1912 2967 1978 Quid
3004 1911 3139 1965 Deus
3179 1909 3464 2000 humilibus
3507 1905 3849 2000 dat-gratim}

609 2024 808 2096 singuli
855 2024 1075 2089 fratres,
1119 2031 1180 2078 ut
1227 2032 1475 2092 tempore
1517 1993 1837 2091 quo-missa
1875 2019 1988 2090 (26)
2023 2018 2160 2072 ﬁunt
2184 2057 2199 2081 ,
2307 2007 2542 2078 superbis
2591 2014 2768 2061 autem
2792 2002 3079 2058 resistit“.
3115 2003 3206 2066 Ει,
3246 1999 3348 2066 Qui
3379 2016 3437 2054 se
3468 1995 3714 2052 humilia!
3739 1993 3850 2047 exol-

612 2115 727 2172 sive
759 2116 867 2180 die,
902 2116 1019 2171 sive
1049 2124 1232 2181 nocte,
1266 2114 1487 2184 quando
1517 2113 1730 2168 diutius
1784 2111 1851 2178 ad
1894 2113 2200 2166 orationem
2308 2101 2510 2156 labitur
2542 2100 2608 2153 ⁸⁵.
2635 2097 2740 2164 Qui
2769 2112 2902 2152 vero
2932 2095 3133 2167 smpius
3161 2102 3449 2164 correptus
3479 2107 3595 2146 non
3631 2104 3687 2143 se
3707 2103 3850 2184 emen-

613 2209 869 2265 siandum
903 2218 988 2264 esi
1032 2224 1143 2263 non
1177 2206 1457 2272 deﬁciam,
1501 2207 1588 2261 vel
1625 2204 1904 2276 superﬂuo
1928 2204 2073 2258 [oms
2106 2217 2197 2256 re-
2304 2189 2552 2253 daverit,
2583 2187 2919 2242 novissimus
2945 2187 3000 2240 in
3031 2185 3226 2239 ordine
3258 2191 3402 2238 stare
3427 2182 3725 2253 iubeatur;
3749 2177 3851 2231 sicut

614 2301 850 2366 cedam;
888 2300 1014 2370 quia
1049 2299 1318 2368 scriptum
1371 2269 1455 2352 esi
1492 2297 1548 2350 in
1596 2269 1890 2366 Evgingelio
1925 2313 1938 2347 ε
1974 2294 2191 2364 Oportet
2302 2281 2567 2336 Dominus
2611 2279 2794 2334 diXil:
2835 2276 2914 2333 Sil
2956 2278 3047 2331 ιίὺὶ
3097 2278 3228 2330 sicut
3279 2276 3521 2329 ethnicus
3556 2282 3607 2370 et
3665 2269 3848 2370 publico-

613 2399 789 2442 autem
821 2362 1025 2458 semper
1051 2362 1228 2454 oraie,
1257 2395 1306 2442 et
1330 2403 1434 2442 non
1462 2385 1682 2455 deficere
1712 2362 1777 2438 ’δέ
1806 2385 1873 2438 Et
1892 2383 1999 2437 alio
2020 2362 2187 2436 loco:
2303 2392 2402 2429 nus
2429 2375 2496 2429 ".
2538 2373 2620 2429 Ad
2650 2387 2894 2427 mensam
2921 2379 3105 2424 autem
3136 2368 3450 2438 specialiter
3489 2365 3675 2420 nullus
3708 2362 3851 2429 loqua-

612 2480 732 2535 Non
757 2456 1062 2552 impediaris
1093 2495 1249 2533 orare
1281 2494 1488 2550 semper
1517 2478 1583 2530 ⁸³.
1619 2475 1676 2531 Si
1708 2475 1832 2546 quis
1861 2481 2043 2528 autem
2078 2487 2190 2527 non
2301 2475 2412 2534 tur,
2450 2467 2558 2523 nisi
2585 2465 2679 2537 qui
2713 2471 2932 2536 prteest,
2957 2462 3043 2518 vel
3070 2462 3165 2531 qui
3192 2461 3570 2530 interrogatus
3589 2456 3760 2511 fuerit.

680 2635 727 2668 “
765 2634 1002 2759 P2h7ilipp.
1049 2649 1107 2699 II,
1148 2631 1234 2686 M.
1313 2633 1360 2664 ⁸³
1399 2630 1707 2694 Luc.xvut,
1745 2627 1797 2682 1.
1872 2625 1919 2657 ’⁸³
1957 2623 2129 2679 Eccli.
2172 2620 2436 2687 “111,22.
2511 2618 2560 2651 “
2597 2619 2621 2675 l
2654 2619 2804 2674 Petr.
2838 2632 2893 2682 v,
2933 2615 2988 2670 5.
3063 2615 3108 2646 ⁵⁸
3147 2612 3280 2669 Luc.
3308 2627 3420 2677 11v,
3457 2609 3552 2664 Η.
3626 2609 3671 2641 ⁸⁸
3704 2607 3850 2662 Matth.

683 2722 764 2759 ut.
872 2744 885 2757 .

611 2722 764 2769 xvut,
794 2722 885 2759 21.

2318 2844 2456 2900 Vide
2476 2841 2797 2898 Menardum
2827 2839 2892 2895 ad
2924 2837 3194 2894 Concord.
3230 2837 3426 2908 regul..
3460 2852 3586 2907 pag.
3617 2837 3733 2901 351,
3760 2836 3851 2908 δῖε,

2317 2917 2444 2978 577,
2480 2915 2572 2982 qui
2605 2913 2739 2967 alias
2756 2910 3161 2966 declarationes
3184 2905 3367 2965 all'ert.
3400 2905 3693 2975 Ηοιςτειςη
3719 2905 3852 2962 inlu-

2318 2987 2443 3040 dict.
2472 2983 2673 3038 declar.
2711 2999 2766 3038 ν.
2802 2983 3002 3036 Μιεειε.

681 2859 794 2928 (26)
834 2858 1030 2913 Μίδεω.
1081 2856 1369 2928 Orationes
1406 2865 1470 2928 _et
1519 2853 1764 2928 collectae
1809 2863 1948 2928 quae.
1995 2847 2051 2902 in
2101 2846 2208 2900 fine

610 2918 813 2985 versus
864 2946 894 2982 a
941 2927 1229 2983 sacerdote
1281 2925 1610 2980 dicebantur
1656 2922 1817 2976 dictae
1877 2918 2090 2982 Missio,
2141 2932 2208 2970 eo

613 3001 759 3070 quod
813 3000 924 3054 Deo
960 2999 1138 3070 missae
1181 2993 1665 3070 sint.__Aliquando
1723 2989 2069 3070 accipiuntur
2095 3001 2209 3070 pro

616 3057 767 3126 horis
796 3069 1075 3126 canonicis
1104 3077 1161 3122 et
1201 3057 1479 3121 cursibus'
1503 3062 1790 3118 nocturnis
1817 3057 1857 3127 ,7
1887 3068 2051 3129 prout
2095 3057 2205 3111 hic.

621 3267 3836 3311 _______________________________________._______

1364 3423 1769 3506 REGULA
1841 3413 2232 3502 TERTIA
2308 3416 2450 3493 AD
2503 3412 3092 3494 MONACHOS.

1004 3776 1230 3832 CAPUT
1263 3776 1306 3831 l.
1340 3805 1413 3816 --
1443 3775 1520 3830 De
1549 3776 1832 3831 conversis.
2234 3751 2281 3815 ϐ
2472 3770 2624 3828 CAP.
2657 3772 2747 3827 lll.
2785 3801 2856 3812 --
2893 3771 2970 3826 De
3018 3773 3336 3827 vestimentis
3367 3773 3753 3827 monachorum.

692 3888 825 3949 Cum
847 3889 898 3944 in
929 3889 1149 3942 nomine
1170 3886 1388 3940 Domini
1417 3901 1522 3939 una
1554 3901 1678 3939 cum
1711 3866 1974 3939 fratribus
2005 3883 2208 3937 nostris

616 3979 1366 4049 convenissemus,iinprimis
1381 3979 1583 4049 placuit
1604 3979 1864 4048 utiregula
1885 3986 1939 4031 et
1959 3977 2207 4031 instituta

619 4077 840 4131 Patrum
867 4089 963 4144 per
983 4072 1232 4127 ordinem
1267 4073 1582 4142 legerentur
1610 4089 1623 4124 :
1676 4071 1880 4141 quibus
1906 4070 2063 4125 lectis
2088 4070 2210 4138 pla-

618 4166 754 4230 cuit,
774 4165 907 4219 side
932 4164 1134 4218 sacculo
1161 4163 1284 4233 quis
1309 4163 1362 4216 iu
1383 4161 1719 4218 monasterio
1748 4160 1993 4216 converti
2020 4159 2212 4214 voluc-

619 4258 714 4324 rit,
739 4257 927 4327 regula
952 4257 1003 4311 ei
1054 4256 1355 4310 introeunti
1381 4257 1609 4324 legatur,
1628 4263 1684 4310 et
1711 4269 1901 4308 omnes
1918 4261 2074 4308 actus
2093 4268 2213 4306 mo-

619 4349 846 4411 nasterii
879 4349 955 4402 illi
979 4348 1258 4418 patefiant.
1280 4347 1435 4414 Quod
1462 4348 1506 4402 si
1535 4349 1718 4401 omnia
1737 4355 1860 4417 apte
1883 4345 2209 4416 susceperit,

620 4440 702 4495 sic
731 4438 893 4508 digne
920 4455 949 4492 a
978 4439 1238 4493 fratribus
1268 4439 1323 4492 in
1350 4439 1545 4493 cellula
1589 4439 1922 4508 suscipiatur
1956 4454 1967 4487 :
2023 4448 2135 4492 tum
2165 4436 2216 4492 si'

621 4531 863 4600 aliquam
902 4531 956 4584 in
987 4531 1238 4585 cellulam
1258 4531 1496 4585 voluerit
1524 4530 1728 4586 inferre
1752 4531 2136 4595 substantiam,
2157 4531 2211 4583 in

625 4637 816 4677 mensa
850 4633 1086 4692 ponatur
1119 4638 1301 4677 coram
1333 4623 1592 4678 omnibus
1625 4623 1913 4690 fratribus,
1948 4625 2099 4679 velut
2128 4639 2218 4678 re-

629 4719 758 4788 gula
789 4717 1054 4771 continet.
1093 4715 1249 4782 Quod
1280 4716 1324 4770 si
1357 4725 1645 4786 susceptus
1669 4715 1855 4779 fuerit,
1891 4731 2001 4770 non
2035 4717 2212 4771 solum

623 4810 693 4862 de
745 4808 1049 4862 substantia
1093 4823 1258 4877 quam
1307 4807 1514 4874 intulit,
1562 4807 1658 4862 sed
1690 4807 1854 4863 etiam
1905 4825 2007 4865 nec
2054 4809 2121 4864 de
2155 4823 2214 4863 se

629 4901 750 4968 ipso
778 4899 852 4954 ab—
873 4899 965 4953 illa
987 4898 1257 4970 iudicabit
1291 4899 1448 4954 hora.
2323 4917 2634 4958 censemus.
2677 4901 2868 4971 Neque
2901 4901 3010 4954 ulla
3060 4900 3256 4954 mulier
3291 4900 3529 4954 interius
3558 4899 3741 4954 atrium
3771 4911 3854 4948 Ιυῡ·

652 4992 804 5046 CAP.
837 4992 898 5047 ll.
943 5022 1014 5032 —
1055 4990 1122 5047 Ut
1167 4991 1328 5046 abbas
1357 4991 1487 5046 nihil
1513 4993 1608 5046 sibi
1635 4994 1906 5064 proprium
1939 4994 2180 5047 vindicet.
2325 4995 2551 5049 nasterii
2598 4993 2811 5064 ingredi
2859 4993 3080 5047 audeat.
3114 4992 3271 5058 Quod
3306 4993 3350 5046 si
3391 5008 3520 5047 cum
3565 4989 3769 5045 consilio
3793 4985 3852 5035 vri

698 5084 897 5138 Abbati
958 5099 1092 5139 vero
1139 5084 1278 5139 nulli
1307 5085 1471 5138 liceat
1507 5085 1611 5139 sibi
1645 5085 1947 5156 quidquam
1989 5086 2213 5156 proprie
2249 5113 2294 5169 Β
2325 5090 2607 5143 voluntate
2648 5087 2864 5142 abbatis
2898 5087 3294 5140 monasterium
3326 5086 3410 5140 vel
3461 5087 3686 5140 cellulas
3711 5097 3853 5135 mura-

624 5175 936 5240 vindicare,
979 5191 1104 5231 cum
1155 5178 1340 5231 omnia
1385 5178 1496 5231 Deo
1531 5177 1772 5247 propitio
1819 5178 1873 5232 in
1904 5179 2053 5234 illius
2101 5194 2219 5233 ma-
2329 5181 2559 5235 chorum
2587 5179 2834 5251 quaedam
2869 5178 3035 5233 fuerit
3065 5178 3328 5249 ingressa,
3356 5179 3561 5232 merito
3591 5177 3712 5247 ipsis
3729 5173 3856 5227 abbas

623 5281 789 5322 ncant
833 5276 1120 5339 potestate.
1179 5267 1233 5322 Si
1269 5268 1394 5337 quis
1419 5285 1568 5330 vero,
1602 5270 1751 5338 quod
1799 5270 1853 5324 in
1902 5272 2088 5342 regula
2127 5273 2216 5343 ju-
2322 5282 2379 5329 et
2408 5288 2611 5329 nomen
2659 5272 2876 5326 abbatis
2902 5279 3152 5340 reponat,
3195 5279 3252 5324 et
3281 5270 3598 5325 inferiorem
3629 5284 3683 5322 se
3719 5262 3856 5318 enini-

623 5359 873 5413 nioribus
898 5359 1244 5428 prohibetur,
1274 5360 1378 5414 sibi
1408 5361 1613 5431 aliquid
1641 5378 1708 5416 ex
1750 5364 2097 5418 successione
2122 5380 2216 5433 pa-
2324 5367 2427 5420 bus
2449 5364 2782 5437 presbyteris
2810 5372 3203 5435 recognoscat:
3231 5363 3356 5433 quia
3393 5363 3518 5416 talis
3545 5371 3723 5416 sancto
3747 5353 3854 5426 gregi

627 5457 868 5514 rentum,
895 5465 988 5504 seu
1014 5450 1264 5518 quolibet
1294 5451 1495 5505 donato
1515 5451 1752 5507 retinere
1781 5459 2209 5523 praesumpserit,
2325 5459 2570 5530 praeponi
2618 5457 2803 5521 debet,
2851 5457 2943 5526 qui
2976 5472 3072 5511 eos
3120 5454 3498 5508 immaculatos
3548 5453 3656 5506 Deo
3701 5447 3855 5502 offerre

629 5548 688 5592 et
740 5556 849 5593 non
897 5540 1083 5594 omnia
1129 5541 1183 5595 in
1225 5557 1518 5596 commune
1566 5545 1832 5612 posuerit,
1883 5561 1910 5598 a
1951 5546 2226 5600 fratribus.
2325 5560 2620 5623 procuret;
2670 5565 2778 5604 non
2827 5565 2925 5619 per
2955 5547 3230 5617 quaslibet,
3258 5545 3653 5600 familiaritates
3683 5535 3856 5594 diabolo

628 5641 910 5701 arguatur.
960 5633 1016 5688 Si
1061 5635 1292 5690 in-vitio
1344 5637 1673 5706 perstiterit,
1721 5639 1775 5693 in
1811 5640 2061 5694 notitiam
2093 5642 2212 5710 epi-
2324 5645 2539 5701 sociare
2559 5642 2802 5698 festinet.
3897 5704 3900 5706 _

631 5724 780 5792 scopi
816 5723 1138 5779 deferatur:
1168 5728 1262 5795 qui
1291 5727 1336 5780 si
1380 5727 1449 5781 ab
1497 5715 1759 5799 episcopo
1783 5741 2069 5803 correptus
2109 5749 2210 5788 nec

2354 5740 2506 5794 C.\P.
2548 5740 2610 5794 V.
2643 5771 2708 5780 —-
2742 5738 2814 5792 De
2841 5737 3060 5791 lectione
3083 5743 3131 5790 et
3147 5733 3452 5805 operatione
3473 5729 3829 5784 monachorum.

631 5815 710 5870 sic
736 5815 1138 5884 emendaverit,
1173 5817 1498 5889 deponatur.

2396 5831 2664 5886 Matutino
2727 5829 2873 5886 dicto
2939 5829 3136 5886 fratres
3193 5825 3418 5882 lectioni
3477 5829 3669 5877 vacent
3719 5830 3848 5883 usque

2384 3886 2721 3942 Vestimenta
2741 3901 2872 3940 vero
2890 3885 3152 3939 fratribus
3169 3886 3483 3940 necessaria
3511 3887 3587 3939 ita
3607 3885 3756 3938 abbas
3770 3897 3853 3935 om-

2317 3979 2484 4033 nibus
2495 3978 2752 4033 ordinare
2769 3978 2952 4043 debet,
2972 3993 3094 4048 qua:
3116 3977 3401 4032 monachis
3417 3977 3649 4032 deceant
3667 3994 3679 4037 ;
3697 3991 3784 4028 non
3797 3975 3854 4028 dt-

2317 4068 2492 4123 versis
2523 4068 2804 4122 coloribus
2820 4068 3010 4132 tincta,
3028 4067 3274 4136 exceptis
3288 4068 3531 4121 cucullis
3551 4082 3667 4136 qua:
3681 4078 3853 4132 compa—

2317 4167 2529 4223 rantur,
2561 4161 2607 4214 si
2642 4158 2852 4213 fuerint
2881 4159 3070 4230 nigraa,
3092 4158 3171 4212 uti
3206 4174 3300 4212 eas
3328 4157 3542 4212 debere
3571 4167 3831 4212 censemus.

2355 4274 2507 4331 CAP.
2550 4274 2638 4329 IV.
2691 4305 2762 4314 —
2807 4272 3066 4330 Ut,nulla
3122 4270 3312 4325 mulier
3372 4271 3443 4325 ad
3507 4268 3834 4325 monasterium

2547 4367 2628 4421 vel
2681 4383 2872 4436 agrum
2937 4367 3311 4419 monachorum
3375 4367 3618 4418 accedat.

2392 4438 2836 4496 Familiaritatem
2880 4437 3191 4498 mulierum,
3237 4447 3343 4490 tam
3392 4446 3852 4505 parentum,quam

2319 4543 2704 4588 extranearum
2727 4547 2827 4602 pro
2865 4531 3222 4587 custodienda
3254 4530 3386 4595 vita,
3406 4530 3580 4601 248
3605 4532 3684 4584 vel
3713 4543 3854 4582 caven-

2320 4625 2406 4680 dis
2429 4625 2638 4695 laqueis
2663 4623 2890 4686 diaboli,
2916 4623 2985 4677 ab
3002 4622 3258 4676 omnibus
3279 4619 3853 4677 monasteriisvelcultu-

2321 4719 2397 4773 ris
2412 4717 2828 4782 monachorum;
2844 4733 2938 4772 sett
2955 4715 3444 4785 frequentationem
3470 4716 3821 4770 monachorum
3835 4726 3854 4762 ε

2322 4809 2670 4863 monasteriis
2688 4808 3014 4878 puellarum,
3034 4807 3176 4862 sicut
3194 4807 3376 4876 regula
3394 4807 3581 4869 docet,
3599 4803 3852 4876 prohibere
