4060 6516
166 364 271 428 981

1357 372 1669 433 REGULA
1730 372 1832 432 AD
1863 371 2291 432 MONACHOS.

3327 364 3436 428 982

167 470 241 525 ad
268 471 461 525 horam
486 472 781 528 secundam
812 491 824 527 :
858 474 903 530 si
932 483 1114 531 tamen
1148 476 1298 530 nulla
1332 492 1494 531 causa
1522 477 1748 533 exstite—
1775 484 1822 540 Α
1847 478 1999 535 CAP.
2034 477 2127 533 XI.
2166 508 2235 519 —
2279 476 2341 533 Ut
2392 476 2552 533 abbas
2590 493 2709 531 cum
2755 476 3009 546 fratribus
3052 474 3255 545 reﬁciat
3303 474 3447 529 ωηιιὶ

168 564 269 628 rit,
304 580 410 634 qua
442 580 663 619 necesse
696 566 765 620 sit
794 567 958 621 etiam
990 568 1356 637 przetermissa
1390 569 1624 623 lectione
1654 569 1757 622 ali-

171 658 312 727 quid
338 657 455 712 Iieri
482 657 536 712 in
559 673 870 714 commune.
907 661 1035 714 Post
1057 661 1247 715 horam
1271 662 1563 716 secundam
1590 676 1759 715 unus-

174 748 413 817 quisque
440 748 509 803 ad
548 764 686 818 opus
722 765 882 804 suum
911 762 1131 820 paratus
1170 752 1240 806 sit
1269 768 1443 821 usque
1465 751 1533 805 ad
1563 752 1757 805 horam
1856 766 1988 821 pore
2040 767 2166 807 cum
2204 750 2469 805 fratribus
2513 750 2765 805 reficiant

174 856 428 895 nonam:
464 842 611 910 quod
662 843 971 914 injunctum
1042 846 1230 913 fuerit,
1285 845 1412 900 Sine
1454 861 1759 899 murmura-

176 933 325 985 tione
358 932 604 1002 perficiet
632 935 701 988 ⁵⁷.

176 1042 335 1097 CAP.
370 1041 456 1097 VI.
477 1072 547 1085 —-
569 1042 645 1097 De
672 1044 751 1098 his
774 1044 865 1115 qui
889 1044 959 1097 ad
989 1060 1117 1114 opus
1152 1044 1251 1099 Dei
1278 1044 1428 1100 tarde
1458 1057 1761 1104 occurrunt.

254 1136 336 1191 Ad
384 1138 575 1192 horam
626 1154 757 1193 vere
805 1139 1069 1194 orationis
1115 1140 1243 1193 dato
1294 1142 1471 1213 signo,
1516 1143 1611 1213 qui
1655 1160 1766 1199 non

181 1232 370 1285 statim
413 1232 781 1300 przetermisso
832 1233 980 1286 omni
1034 1249 1201 1303 opere
1256 1236 1403 1304 quod
1456 1238 1567 1306 agit
1618 1238 1770 1307 (quia

92 1402 99 1408 .
182 1322 328 1376 nihil
360 1323 596 1378 orationi
627 1329 1057 1394 praeponendum
1087 1329 1193 1395 est)
1223 1337 1445 1396 paratus
1478 1329 1662 1393 fuerit,
1698 1329 1767 1384 ab

2533 556 2789 619 tempore.

1926 659 2066 715 Illud
2127 675 2345 731 quoque
2386 658 2702 724 statuimus,
2738 667 2799 714 ut
2842 658 3067 713 abbates
3112 656 3261 711 omni
3306 663 3446 713 tem-

2815 768 2827 803 :
2891 749 3017 819 quia
3063 763 3130 802 eo
3175 758 3442 816 tempore,

1860 860 1971 914 quo
2001 844 2202 897 fratres
2236 852 2331 897 aut
2377 858 2477 913 pro
2505 842 2837 913 negligentia
2870 856 3119 913 arguere,
3148 849 3243 894 aut
3280 838 3445 909 spiri-

1860 936 1994 991 tuali
2018 935 2221 991 debent
2246 950 2501 991 sermone
2524 936 2776 995 imbuere
2797 974 2812 999 ,
2838 934 3045 1004 absque
3076 942 3225 987 certa
3252 945 3448 986 neces-

1864 1026 2022 1082 sitate
2056 1041 2114 1081 se
2145 1039 2427 1081 removere
2457 1041 2569 1081 non
2598 1024 2821 1080 debent.

1898 1141 2050 1196 CAP.
2090 1139 2206 1193 XII.
2246 1170 2315 1181 -—
2357 1138 2421 1194 Ut
2468 1138 2648 1192 nullus
2693 1139 2976 1192 monachus
3010 1138 3063 1191 in
3104 1136 3418 1204 inﬁrmitate

2082 1211 2277 1279 positus
2302 1218 2582 1279 parentum
2615 1209 2787 1262 studio
2813 1208 3224 1261 commendetur.

1938 1303 1995 1358 ld
2020 1304 2182 1358 etiam
2216 1317 2316 1371 pro
2350 1301 2710 1356 custodienda
2741 1300 2881 1353 fama
2914 1299 3227 1368 specialiter
3258 1296 3452 1353 statui-

184 1413 389 1468 abbate
414 1415 503 1469 vel
528 1390 820 1485 praeposito
841 1390 1206 1485 corripiatur:
1226 1390 1298 1472 et
1325 1418 1431 1473 nisi
1458 1390 1769 1489 prostratus
1863 1411 2009 1462 must
2037 1404 2096 1449 ιη
2127 1394 2315 1489 mm“?
2338 1393 2640 1448 mo'mcms
2670 1393 2726 1445 in
2762 1392 3095 1489 inﬁrmum?
3120 1390 3333 1460 pomus
3362 1404 3452 1443 ’θ’

182 1503 405 1557 veniam
436 1503 675 1571 petierit,
712 1505 1243 1559 excommunicetur.

400 1591 552 1647 CAP.
594 1593 705 1647 Vll.
742 1624 812 1632 —
851 1594 926 1646 De
950 1593 1159 1649 silentio
1184 1595 1253 1649 ad
1280 1612 1537 1651 mensam.

262 1683 344 1738 Ad
388 1699 629 1738 mensam
683 1692 866 1739 autem
916 1686 1228 1756 specialiter
1264 1689 1448 1743 nullus
1490 1690 1766 1759 loquatur,

185 1773 299 1828 nisi
343 1774 435 1843 qui
466 1784 685 1844 praeest,
720 1776 805 1831 vel
832 1777 924 1846 qui
954 1778 1320 1849 interrogatus
1347 1779 1533 1835 fuerit.

221 1883 375 1941 CAP.
415 1880 557 1939 VIII.
592 1915 662 1924 —
703 1885 768 1958 Ut
825 1887 895 1939 ad
950 1889 1243 1942 necessaria
1303 1889 1587 1958 quwrcnda
1633 1890 1740 1943 bini

679 1957 759 2010 vel
793 1958 931 2009 terni
966 1959 1265 2011 mittantur.

264 2044 345 2099 Ad
369 2047 677 2101 necessaria
704 2047 997 2116 quaerenda
1029 2048 1081 2100 in
1107 2049 1324 2111 cellula,
1352 2048 1463 2102 bini
1488 2050 1777 2119 egredian-

186 2147 287 2192 tur
330 2138 417 2193 vel
480 2138 621 2193 terni
654 2138 853 2193 fratres
889 2157 901 2192 :
939 2148 995 2193 et
1037 2138 1113 2193 ita
1138 2139 1235 2205 illi,
1264 2139 1468 2208 quibus
1509 2141 1773 2208 creditur,

184 2246 305 2284 non
349 2229 443 2299 qui
480 2230 869 2285 verbositatem
905 2240 1000 2284 aut
1043 2232 1224 2301 gulam
1253 2240 1558 2287 sectantur.

188 2342 350 2400 CAP.
402 2343 496 2400 IX.
550 2374 621 2383 -—
676 2343 739 2399 Ut
789 2361 1051 2417 nusquam
1105 2346 1218 2400 sine
1254 2354 1517 2417 praecepto
1556 2348 1778 2403 senioris

801 2415 1163 2485 egrediantur.

266 2524 324 2580 Si
358 2525 481 2594 quis
517 2540 647 2580 vero
674 2535 829 2581 extra
868 2526 1264 2581 conscientiam
1292 2526 1511 2584 abbatis
1527 2529 1614 2584 vel
1644 2544 1780 2598 pra:-

189 2617 382 2687 positi,
429 2618 864 2687 qualemcunque
918 2619 1095 2672 locum
1155 2619 1455 2690 ingressus,
1519 2622 1657 2693 gula:
1696 2622 1781 2677 vel

189 2708 453 2763 ebrietati
500 2725 557 2764 se
596 2710 919 2775 sociaverit;
979 2721 1074 2765 aut
1127 2711 1173 2766 si
1220 2712 1275 2766 in
1320 2713 1568 2782 proximo
1605 2722 1785 2768 trans-

190 2803 420 2864 missus,
464 2818 562 2872 pro
600 2818 697 2856 sua
735 2801 957 2857 levitate
989 2804 1073 2857 vel
1123 2804 1268 2873 gula,
1304 2820 1413 2859 non
1452 2806 1638 2859 statim
1691 2821 1785 2859 ex-

192 2895 383 2964 pedita
438 2896 766 2950 necessitate
807 2896 875 2950 ad
915 2897 1108 2951 cellam
1155 2897 1424 2963 redierit;
1458 2913 1582 2953 cum
1630 2899 1684 2952 in
1730 2898 1784 2953 id

192 2988 419 3042 facinus
446 2987 612 3041 fuerit
644 2988 914 3052 detectus,
958 2999 1019 3043 ut
1047 3004 1286 3044 canones
1326 2990 1545 3053 docent,
1574 3000 1667 3045 aut
1696 2991 1786 3044 tri-

197 3081 354 3150 ginta
397 3080 596 3135 dicbus
643 3097 673 3135 a
721 3081 1109 3137 communione
1158 3092 1463 3152 separetur,
1495 3093 1589 3137 aut
1614 3083 1784 3155 virgis

197 3188 379 3228 casus
408 3174 753 3228 emendetur.

199 3283 358 3340 CAP.
399 3284 466 3339 Χ.
498 3316 567 3326 -
592 3285 669 3339 De
691 3288 769 3340 his
791 3288 881 3357 qui
898 3288 959 3341 de
989 3289 1309 3341 monasterio
1335 3288 1480 3342 exire
1506 3288 1784 3343 voluerint.

279 3396 436 3464 Quod
467 3397 513 3453 si
561 3413 689 3453 casu
727 3398 851 3467 quis
899 3398 1067 3452 frater
1094 3397 1162 3453 de
1206 3397 1402 3453 cellula
1439 3414 1505 3453 ex
1545 3400 1789 3469 qualibet

204 3489 455 3545 scandali
512 3505 678 3544 causa
722 3490 873 3543 exire
916 3490 1173 3554 voluerit,
1232 3490 1369 3544 nihil
1418 3491 1638 3560 penitus
1680 3491 1785 3548 nisi

205 3582 569 3652 nugalissimo
622 3580 731 3650 (9.7)
790 3581 1051 3636 induatur
1104 3583 1471 3649 vestimento,
1530 3590 1586 3637 et
1637 3593 1790 3639 extra

207 3677 659 3730 communionem
690 3673 930 3731 infidelis
960 3675 1224 3731 discedat.

284 3833 330 3865 ’⁵⁷
357 3832 596 3904 Philipp.
632 3849 690 3898 ιι,
725 3833 813 3887 Η.

290 3991 407 4064 (27)
444 3992 825 4064 Nugatissimo.
851 3992 910 4047 Id
934 3999 1038 4064 est,
1075 3990 1222 4064 quod
1259 3990 1437 4064 risum;
1468 3999 1685 4064 moveat
1707 4004 1802 4045 oc-

212 4060 597 4133 currentibus,
658 4064 958 4133 interprete
1008 4060 1233 4133 Cangio,
1284 4063 1378 4131 qui
1426 4060 1574 4116 hunc
1618 4062 1798 4131 ipsum

211 4135 417 4189 recitat
474 4134 529 4187 in
572 4132 815 4188 Clossar.’
845 4150 897 4187 v.
929 4132 1346 4204 Nugalissimus.
1392 4133 1598 4186 Eodem
1632 4148 1797 4186 sensu

212 4205 601 4266 accipiendum
624 4206 1010 4259 notatissimum
1037 4205 1423 4270 vestimentum,
1460 4204 1615 4273 cujus
1638 4219 1793 4257 men-

1863 1488 1993 1543 licto
2022 1486 2357 1542 monasterio
2383 1495 2672 1556 parentum
2705 1500 2932 1539 suorum
2954 1484 3139 1539 studio
3162 1490 3454 1539 ’commen-

1866 1583 2027 1639 detur
2061 1600 2073 1635 :
2111 1581 2238 1651 quia
2283 1580 2455 1650 magis
2486 1592 2613 1633 eum
2640 1576 2982 1631 szccularium
3017 1574 3455 1646 spectaculorum

1865 1676 1987 1730 visu
2016 1664 2111 1729 aut
2149 1672 2339 1727 auditu
2369 1670 2539 1741 pollui
2573 1684 2882 1734 censemus,
2928 1683 3093 1739 quam
3140 1667 3208 1722 ab
3234 1665 3458 1736 (egritu-

1807 1754 1848 1807 Β
1877 1770 2004 1824 dine
2034 1783 2193 1837 posse
2222 1765 2465 1836 purgari.

2035 1857 2186 1913 CAP.
2224 1856 2366 1911 XIII.
2407 1887 2479 1898 —
2516 1855 2593 1909 De
2614 1857 2692 1911 his
2717 1856 2805 1925 qui
2837 1854 3035 1925 furtum
3067 1853 3287 1923 faciunt.

1949 1952 2005 2007 Si
2030 1951 2154 2021 quis
2179 1965 2309 2004 vero
2330 1949 2633 2003 monachus
2648 1947 2855 2001 furtum
2874 1946 3086 2011 fecerit,
3112 1944 3257 2015 quod
3279 1944 3463 2015 potius

1878 2042 2223 2111 sacrilegium
2254 2039 2359 2093 dici
2387 2047 2586 2109 potest,
2625 2038 2679 2092 id
2712 2038 3029 2092 censuimus
3057 2037 3459 2103 ordinandum;

1880 2142 1939 2187 ut
1971 2134 2159 2202 junior
2182 2131 2352 2201 virgis
2375 2145 2549 2185 caasus
2589 2129 2723 2183 tanti
2755 2128 3005 2184 criminis
3027 2144 3154 2183 reus
3183 2144 3469 2198 nunquam

1876 2222 2117 2278 ollicium
2148 2223 2438 2276 clericatus
2460 2220 2735 2290 excipiat;
2773 2221 2818 2274 si
2855 2235 2989 2274 vero
3014 2220 3121 2289 jam
3153 2220 3386 2274 clericus
3408 2220 3462 2274 in

1877 2314 1930 2369 id
1964 2314 2180 2370 facinus
2205 2314 2371 2369 fuerit
2392 2312 3059 2383 deprehensus,'nominis
3085 2312 3256 2381 ipsius
3289 2312 3467 2383 digni-

1878 2416 1990 2463 tate
2008 2409 2254 2479 privetur
2283 2426 2295 2461 :
2324 2407 2412 2462 cui
2433 2406 2679 2461 sullicere
2704 2415 2884 2476 potest
2912 2422 3013 2476 pro
3043 2418 3197 2462 actus
3220 2408 3301 2461 sui
3334 2406 3469 2461 levi-

1880 2511 2013 2567 tate,
2046 2503 2265 2572 impleta
2296 2502 2633 2573 paenitentia:
2660 2502 3053 2566 satisfactione,
3088 2502 3429 2557 communio.

1880 2596 2031 2652 CAP.
2071 2595 2210 2651 XIV.
2275 2626 2345 2636 —
2407 2595 2471 2650 Ut
2510 2596 2686 2648 nullus
2731 2595 2949 2648 alterius
2996 2597 3308 2649 monasterii
3352 2612 3468 2649 mo-

2069 2668 2293 2721 nachum
2334 2667 2447 2720 sine
2487 2669 2741 2738 permissu
2778 2666 2981 2720 abbatis
3010 2668 3282 2729 suscipiat.

1950 2760 2276 2814 Monachum
2324 2759 2433 2813 nisi
2478 2759 2695 2813 abbatis
2718 2759 2801 2812 sui
2830 2767 2923 2813 aut
2952 2759 3222 2828 permissu
3256 2766 3349 2812 aut
3377 2772 3474 2813 vo-

1880 2851 2093 2906 luntate
2117 2851 2183 2905 ad
2207 2850 2360 2905 aliud
2382 2849 2776 2904 monasterium
2795 2851 3269 2919 commigrantem,
3289 2847 3475 2903 nullus

1883 2943 2054 2999 abbas
2090 2954 2185 2997 aut
2213 2943 2494 3012 suscipere
2528 2951 2621 2996 aut
2652 2942 2888 2997 retinere
2912 2951 3223 3011 praesumat.
3245 2941 3399 3007 Quod
3427 2942 3473 2997 si

1808 3025 1853 3088 C
1887 3036 1955 3090 ad
1985 3035 2376 3090 districtiorem
2410 3034 2651 3103 regulam
2684 3050 2792 3089 non
2816 3050 2916 3103 pro
2956 3041 3109 3087 actus
3142 3034 3224 3087 sui
3252 3032 3474 3087 levitate

1884 3127 2200 3183 tendentem
2232 3128 2402 3183 abbas
2427 3144 2561 3182 suus
2606 3128 2784 3199 ipsum
2835 3128 2900 3182 ad
2932 3128 3166 3181 alterum
3197 3135 3476 3181 monaste-

1884 3218 2028 3272 rium
2058 3217 2292 3272 transire
2339 3216 2675 3287 permiserit,
2702 3225 2761 3271 ut
2793 3216 2921 3271 inde
2951 3225 3139 3285 postea
3164 3216 3268 3271 sub
3297 3217 3489 3285 aliqua:

1885 3311 2174 3366 occasione
2205 3310 2425 3381 aggredi
2448 3318 2762 3380 praesumat,
2792 3309 2941 3363 nulla
2964 3310 3176 3364 ratione
3200 3308 3477 3379 permitti-

1887 3418 2028 3457 mus.
2047 3401 2189 3457 Sane
2213 3402 2258 3456 si
2287 3400 2412 3471 quis
2439 3412 2564 3471 post
2585 3402 2725 3456 hanc
2748 3401 3220 3471 diligentissimam
3244 3399 3483 3454 sanctio-

1892 3510 2018 3549 nem
2045 3510 2154 3549 non
2182 3494 2476 3549 observare
2502 3510 2622 3564 qua:
2657 3504 2781 3548 sunt
2806 3495 3063 3563 superius
3086 3492 3481 3563 comprehensa

1892 3586 2307 3655 praesumpserit
2334 3624 2349 3647 ,
2398 3601 2550 3640 reum
2597 3602 2658 3641 se
2706 3586 3010 3640 divinitatis
3036 3585 3243 3654 pariter
3287 3591 3342 3637 et
3371 3580 3484 3636 fra-

1900 3678 2180 3736 ternitatis
2200 3679 2409 3751 judicio
2440 3680 2689 3735 futurum
2718 3694 2840 3734 esse
2867 3686 3182 3748 cognoscat.

1904 3989 2069 4064 tioin
2117 3992 2403 4064 superiore
2436 3994 2624 4064 regula
2657 3992 2712 4048 S.
2760 3993 2982 4049 Macarii
3022 4008 3142 4063 cap.
3188 3992 3277 4056 28,
3335 3990 3482 4064 quod

1903 4059 2221 4186 qusteniu's
2262 4059 2681 4136 interpretatur,
2714 4066 2868 4136 parvi
2911 4059 3160 4117 momenti
3196 4080 3257 4117 ac
3284 4062 3484 4116 nullius

1903 4148 1965 4186 υα
1992 4148 2119 4186 ονιε.

1900 4148 2119 4188 vatorzs.
