4060 6570
574 393 682 460 983

1845 391 2153 452 REGULA
2188 389 2675 451 ORIENTALIS.

1446 751 2002 866 REGULA
2092 749 2950 864 ORIENTALIS

1243 1001 1346 1062 EX
1416 1003 1732 1064 PATRUM
1809 1003 2314 1063 ORIENTALUM
2388 1000 2726 1063 REGULIS
2799 1000 3174 1063 COLLECTA

1685 1217 1745 1289 A
1777 1166 2188 1291 VIGILIU‘
2252 1213 2732 1292 DIACONO.

645 1579 874 1651 2491.
909 1579 980 1635 Ut
1006 1593 1184 1648 neque
1208 1579 1455 1632 seniores
1511 1577 1566 1631 in
1606 1576 1858 1646 regendis
1891 1575 2155 1631 fratribus
2179 1578 2234 1636 Α
2258 1573 2457 1629 fratres
2480 1574 2908 1645 intemperantia
2928 1575 3077 1630 illius
3102 1574 3377 1628 laborent.
3414 1573 3545 1627 Haec
3583 1570 3837 1626 observa-

576 1668 814 1724 inaniter
861 1670 1127 1733 laborent,
1181 1685 1360 1738 neque
1415 1668 1704 1738 disciplina
1764 1668 2166 1737 juniorumva-

575 1757 744 1822 ciIIet,
785 1774 904 1826 qua:
932 1757 1145 1812 abbatis
1174 1757 1600 1810 conversatione
1628 1756 1866 1810 stabilita
1887 1755 2041 1809 ﬁrma
2070 1756 2162 1821 sit,

575 1857 795 1916 oportet
826 1848 1079 1902 abbatem
1141 1846 1686 1916 irreprehensibilem
1722 1862 1865 1906 esse.
1885 1862 2160 1912 severum,

575 1938 897 2008 patientem,
935 1939 1676 2009 jejunum,pium,humilem
1710 1957 1723 1992 :
1757 1939 2080 1995 utdoctoris
2105 1951 2162 1995 et

576 2030 752 2098 patris
777 2031 958 2084 locum
994 2031 1240 2100 impleat,
1270 2047 1327 2085 se
1380 2031 1559 2099 ipsum
1617 2029 1849 2083 formam
1900 2019 2155 2099 praebens

577 2121 852 2175 bonorum
881 2137 1111 2191 operum
1136 2123 1201 2175 ⁸⁸.
1230 2121 1311 2175 Ad
1337 2123 1494 2192 cujus
1528 2121 1933 2175 ordinationem
1964 2137 2157 2176 omnes

579 2211 779 2265 fratres
811 2211 1129 2280 respiciant,
1160 2211 1300 2264 nihil
1343 2211 1462 2265 sine
1487 2209 1717 2264 consilio
1742 2220 1797 2264 et
1828 2210 2157 2264 auctoritate

579 2301 752 2371 ipsius
775 2301 1056 2357 facientes.
1105 2302 1209 2369 Qui
1242 2302 1520 2357 sustinens
1546 2299 1867 2354 monasterii
1915 2301 2158 2355 necessi-

582 2401 742 2457 tates,
772 2393 840 2448 dc
887 2395 1145 2448 omnibus
1167 2409 1289 2463 quze
1344 2393 1399 2446 in
1439 2391 1776 2446 monasterio
1819 2402 1950 2446 sunt
1982 2391 2157 2446 libere

577 2485 881 2555 judicabit;
910 2487 1116 2540 nullius
1139 2501 1429 2555 personam
1449 2487 1750 2556 accipiens,
1772 2501 1874 2540 nec
1911 2485 2006 2540 ulli
2035 2501 2161 2555 gra-

583 2577 716 2629 tiam
745 2583 1046 2644 prmstans;
1098 2575 1196 2630 sed
1228 2591 1679 2646 unumquemque
1710 2576 2013 2630 secundum
2043 2591 2161 2628 me-

583 2667 689 2720 rita
709 2667 1044 2735 quotidianae
1073 2667 1512 2722 conversationis
1538 2667 1592 2720 in
1629 2667 1858 2722 veritate
1884 2667 2159 2738 judicans,

583 2757 898 2824 admoneat,
937 2759 1208 2824 hortetur,
1241 2758 1490 2829 castiget,
1525 2758 1855 2812 condemnet
1885 2775 1898 2812 :
1927 2759 2014 2812 vel
2042 2773 2162 2812 sus-

2266 1667 2348 1720 bit
2376 1667 2562 1721 senior
2601 1667 2923 1721 monasterii
2950 1667 3043 1736 qui
3077 1665 3340 1719 fratribus
3363 1663 3704 1732 praepositus
3745 1674 3835 1721 est,

2264 1754 2510 1809 referens
2528 1754 2594 1808 ad
2625 1755 2879 1808 abbatem
2909 1755 3114 1817 omnia,
3153 1753 3240 1807 vel
3267 1752 3548 1822 praecipue
3603 1750 3700 1802 illa
3733 1766 3841 1819 qua:

2261 1861 2360 1917 per
2384 1861 2442 1900 se
2477 1860 2586 1898 non
2617 1846 2855 1900 valuerit
2883 1845 3178 1915 explicare.

2329 1981 2414 2035 IV.
2431 1979 2883 2035 Commendatum
2900 1980 3122 2048 aliquod
3145 1981 3310 2034 etiam
3328 1995 3356 2034 a
3383 1994 3663 2050 germano
3690 1977 3837 2032 fratre

2261 2074 2446 2127 nullus
2476 2072 2710 2142 accipiat
2737 2090 2749 2125 :
2783 2072 2918 2125 nihil
2949 2073 3004 2126 in
3037 2073 3172 2126 cella
3203 2088 3298 2126 sua
3332 2073 3548 2141 absque
3573 2071 3838 2140 praepositi

2255 2167 2505 2237 jussione
2540 2165 2812 2235 quispiam
2838 2165 3060 2227 habeat,
3093 2181 3162 2220 ne
3183 2180 3345 2234 poma
3387 2163 3624 2233 quidem
3649 2162 3836 2216 vilissi-

2262 2276 2370 2324 ma,
2398 2270 2454 2314 et
2473 2268 2674 2316 caetera
2704 2259 3111 2330 hujuscemodi.

2331 2375 2396 2428 V.
2433 2373 2735 2444 Operantes
2768 2387 2899 2427 vero
2930 2372 3126 2426 fratres
3161 2370 3299 2424 nihil
3327 2371 3646 2439 loquantur
3684 2383 3837 2423 stea-

2255 2465 2408 2521 lare:
2445 2465 2542 2520 sed
2572 2474 2668 2520 aut
2714 2465 3054 2520 meditentur
3085 2480 3151 2518 ea
3181 2479 3302 2533 qua:
3340 2472 3538 2516 sancta
3585 2469 3739 2524 sunt,
3762 2469 3837 2514 aut

2255 2565 2405 2612 certe
2440 2557 2701 2611 silebunt.

2329 2668 2417 2723 VI.
2476 2667 2580 2734 Qui
2635 2675 2820 2722 autem
2876 2666 3159 2736 coquinat,
3193 2676 3490 2736 antequam
3535 2664 3843 2718 fratresre-

2261 2757 2468 2824 flciant,
2509 2773 2618 2812 non
2640 2756 2883 2827 gustabit
2919 2755 3248 2827 quidquam.

583 2849 782 2919 cipiat,
816 2850 860 2904 si
895 2850 969 2904 ita
1003 2852 1136 2905 utile
1178 2851 1402 2906 videtur
1423 2892 1438 2915 ,
1477 2852 1760 2905 venientes
1786 2850 1854 2904 ad
1888 2860 2165 2910 monaste-
2194 2855 2241 2913 B
2337 2871 2449 2924 vn.
2477 2869 2650 2924 Nemo
2677 2869 2731 2922 ίη
2756 2869 2893 2923 cena
2925 2877 3018 2922 aut
3051 2869 3107 2922 in
3132 2868 3295 2922 domo
3331 2883 3431 2922 sua
3457 2868 3672 2922 habeat
3701 2865 3844 2936 quid.

586 2940 763 3006 rium;
801 2941 884 2994 vel
919 2942 1122 3012 ejiciat,
1159 2943 1202 2997 si
1233 2943 1307 2999 ita
1339 2943 1638 2998 necessitas
1665 2942 1856 3008 fuerit,
1889 2943 2029 2997 male
2058 2943 2161 2997 ba.

586 3032 849 3087 bitantes.

656 3167 723 3222 II.
757 3167 818 3220 In
840 3166 1177 3221 monasterio
1200 3167 1450 3222 seniores
1488 3167 1600 3222 sint
1635 3166 1767 3233 duo,
1799 3167 1867 3220 ad
1895 3181 2034 3234 quos
2080 3165 2167 3221 vel

587 3267 860 3329 praesente
889 3258 1089 3312 abbate
1139 3260 1220 3312 vel
1251 3259 1476 3313 absente
1521 3259 1768 3312 omnium
1815 3257 2046 3311 fratrum
2086 3257 2171 3311 di-

590 3351 844 3419 sciplina,
882 3359 938 3403 et
961 3350 1142 3403 omnis
1174 3365 1307 3403 cura
1339 3351 1658 3404 monasterii
1687 3349 1961 3418 pertineat
1993 3366 2006 3401 :
2037 3349 2174 3403 dan-

591 3451 676 3496 tes
701 3441 803 3496 sibi
827 3440 980 3495 vices
997 3457 1095 3510 per
1115 3441 1254 3505 dies,
1279 3449 1333 3494 et
1357 3439 1668 3495 dividentes
1702 3440 1847 3494 inter
1871 3455 1928 3494 se
1957 3439 2175 3510 pondus

591 3550 657 3589 ac
685 3534 1071 3589 necessitatem
1121 3534 1485 3598 monasterii;
1529 3548 1594 3587 ex
1625 3534 1830 3603 quibus
1862 3534 2005 3587 unus
2037 3543 2176 3588 tem-

594 3642 728 3697 pore
763 3641 864 3680 suo
907 3641 1149 3694 praesens
1196 3625 1251 3680 in
1283 3625 1621 3679 monasterio
1671 3639 1891 3694 semper
1932 3623 2060 3686 erit,
2106 3623 2175 3678 ad

594 3717 966 3789 praestandum
996 3717 1179 3771 abbati
1214 3718 1496 3780 solatium,
1526 3717 1614 3770 vel
1647 3715 1975 3784 obsequium
2009 3714 2178 3769 adve-

596 3811 880 3866 nientibus
907 3809 1200 3877 fratribus;
1229 3819 1286 3864 et
1306 3809 1374 3864 ad
1407 3808 1821 3878 procedendum
1850 3808 1946 3862 ubi
1983 3823 2177 3862 neces-

597 3905 732 3957 sitas
771 3903 1082 3956 communis
1113 3901 1396 3972 exegerit,
1440 3909 1606 3970 atque
1659 3901 2001 3971 diligentiam
2031 3899 2180 3954 circa

599 3993 784 4047 omnia
811 4008 933 4062 quae
956 3993 1020 4046 ad
1045 3992 1426 4062 quotidianam
1467 3992 1773 4047 custodiam
1805 4000 1859 4046 et
1887 4005 2182 4045 conversa-

600 4085 806 4139 tionem
844 4084 1162 4139 monasterii
1197 4085 1479 4154 pertinent
1509 4082 1917 4138 adhibendam:
1951 4093 2183 4153 utquae-

2263 2977 2426 3031 quam
2469 2970 2666 3030 praeter
2721 2977 2786 3016 ea
2817 2976 2938 3030 qum
2980 2961 3037 3015 in
3071 2961 3350 3016 communi
3381 2960 3714 3016 monasterii
3747 2960 3845 3029 lege

2264 3063 2539 3125 praecepta
2570 3064 2717 3110 sunt.

2339 3167 2473 3223 VIII.
2500 3167 2748 3238 Cumque
2779 3167 2848 3222 ad
2881 3168 3270 3223 dormiendum
3322 3184 3381 3224 se
3437 3167 3842 3223 collocaverint.

2270 3259 2411 3313 alter
2471 3258 2633 3313 alteri
2681 3275 2791 3312 non
2847 3259 3126 3328 loquatur.
3179 3258 3388 3314 Cellam
3453 3260 3714 3320 alterius.
3757 3259 3845 3312 nisi

2277 3351 2433 3420 prius
2465 3349 2533 3404 ad
2562 3349 2767 3404 ostium
2805 3351 3101 3420 percutiat,
3137 3351 3367 3405 introire
3390 3366 3502 3404 non
3543 3351 3764 3404 audeat.

2347 3483 2438 3538 IX.
2470 3483 2684 3540 Mutare
2732 3483 2802 3540 de
2859 3484 2948 3540 his
2990 3499 3112 3552 qua:
3159 3497 3191 3536 a
3243 3485 3546 3553 praeposito
3595 3482 3846 3550 acceperit

2277 3593 2402 3630 cttm
2435 3576 2610 3630 altero
2661 3593 2770 3631 non
2813 3575 3064 3630 audebit.
3098 3575 3212 3628 Nec
3259 3574 3497 3643 accipiat
3551 3574 3766 3635 melius,
3803 3582 3848 3622 et

2278 3671 2431 3724 dabit
2460 3669 2740 3731 deterius;
2772 3677 2868 3722 aut
2893 3683 2924 3722 e
2954 3669 3237 3724 contrario
3271 3667 3409 3721 dans
3441 3667 3656 3721 melius
3694 3677 3746 3719 et
3765 3665 3846 3718 de-

2283 3764 2456 3818 terius
2490 3761 2791 3830 accipiens.
2853 3761 3025 3815 Nemo
3065 3761 3134 3815 ab
3187 3761 3363 3814 altero
3416 3759 3662 3829 accipiat
3707 3757 3846 3828 quid-

2286 3853 2454 3923 piam,
2479 3852 2586 3905 nisi
2624 3851 2952 3921 praapositus
2981 3849 3232 3920 jusserit.

2354 3987 2424 4042 X.
2464 3987 2664 4043 Clausa
2691 3987 2828 4042 cella
2873 3987 3060 4042 nullus
3099 3985 3367 4051 dormiat;
3403 4001 3508 4041 nec
3541 3986 3739 4040 habeat
3765 4001 3848 4038 cu-

2287 4079 2536 4133 biculum
2567 4079 2714 4148 quod
2738 4078 2924 4150 claudi.
2954 4077 3128 4148 possit
3155 4095 3168 4130 :
3206 4077 3310 4131 nisi
3342 4077 3487 4131 forte
3517 4079 3673 4130 artati
3700 4076 3848 4128 alicu-

601 4193 821 4246 cunque
853 4177 919 4230 ad
943 4178 1272 4246 obsequium
1296 4192 1565 4246 usumque
1587 4176 1911 4230 monasterii
1935 4175 2185 4229 facienda
2213 4193 2254 4248 ρ
2283 4171 2374 4242 jus
2399 4171 2485 4226 vel
2514 4170 2821 4225 infirmitati
2851 4171 3014 4225 Pater
3036 4169 3356 4224 monasterii
3379 4171 3739 4224 concesserit.

603 4277 756 4334 sunt,
789 4269 907 4322 sine
931 4269 1263 4339 negligentia
1293 4269 1591 4338 etquerela
1616 4267 1838 4322 faciant.
1872 4267 2028 4321 Alius
2059 4281 2184 4320 cum

604 4358 868 4412 fratribus
900 4359 1028 4423 erit,
1086 4367 1332 4427 tempore
1374 4375 1474 4412 suo
1501 4357 1758 4412 exiturus
1798 4372 1922 4411 cum
1954 4356 2088 4426 ipsis
2118 4355 2186 4409 ad

605 4451 793 4503 omnia
824 4466 990 4518 opera
1013 4458 1070 4502 et
1097 4463 1314 4502 omnem
1342 4448 1748 4514 necessitatem,
1782 4447 2083 4520 providens
2118 4460 2188 4500 ne

609 4541 743 4611 quid
778 4550 971 4595 contra
1016 4541 1368 4611 disciplinam
1417 4539 1644 4594 faciant.
1691 4540 1794 4606 Qui
1831 4539 2189 4594 considerans

610 4647 806 4686 omnes
852 4642 1010 4686 actus
1084 4631 1451 4700 singulorum,
1498 4630 1545 4685 si
1599 4645 1708 4699 qua
1771 4639 1963 4685 contra
2018 4629 2187 4683 ratio«

613 4738 739 4777 nem
766 4721 910 4776 facta
937 4721 1160 4788 viderit,
1193 4721 1280 4776 vel
1325 4736 1425 4791 per
1470 4736 1528 4775 se
1565 4719 1844 4786 emendet,
1881 4720 1967 4774 vel
2006 4719 2192 4774 abbati

613 4814 840 4870 indicet.

686 4953 778 5008 III.
822 4953 917 5008 llle
939 4969 1074 5008 vero
1121 4953 1215 5023 qui
1248 4953 1553 5009 secundum
1600 4952 1854 5007 ordinem
1889 4951 2196 5022 disciplinae

615 5046 965 5100 ordinatione
983 5046 1199 5101 abbatis
1219 5062 1287 5101 ex
1310 5047 1543 5101 consilio
1571 5053 1626 5100 et
1644 5046 1927 5100 voluntate
1946 5043 2193 5098 omnium

615 5139 848 5192 fratrum
892 5138 1162 5192 fratribus
1193 5139 1525 5208 pra-positus
1577 5148 1682 5204 est,
1739 5152 1959 5191 omnem
2011 5133 2079 5188 ad
2137 5149 2196 5189 se

619 5244 808 5283 curam
838 5228 906 5284 de
937 5229 1227 5300 disciplina
1266 5230 1503 5285 fratrum
1534 5239 1589 5285 et
1623 5229 1962 5300 diligentiam
2003 5243 2198 5281 mona-

621 5322 775 5376 sterii
804 5323 1119 5388 revocabit;
1148 5323 1359 5378 habens
1381 5332 1707 5393 potestatem
1732 5322 1932 5376 abbate
1973 5321 2200 5374 absente

622 5415 860 5470 faciendi
894 5417 1078 5470 omnia
1103 5433 1224 5486 qua:
1245 5417 1415 5472 abbas
1439 5431 1684 5486 praesens
1707 5415 1857 5470 facit.
1892 5414 1987 5468 Ille
2015 5419 2198 5466 autem

625 5505 966 5574 patientiam,
1011 5507 1513 5572 mansuetudinem,
1541 5505 1929 5570 humilitatem,
1962 5501 2202 5558 Charita-

629 5605 758 5662 tem,
789 5598 1124 5665 a+quitatem,
1151 5597 1270 5651 sine
1295 5610 1654 5666 personarum
1675 5595 1993 5664 acceptione
2010 5609 2202 5648 serva-

629 5688 744 5753 bit;
779 5689 856 5743 ita
885 5704 1074 5756 agens,
1100 5698 1162 5744 ut
1191 5705 1293 5745 nec
1337 5690 1521 5746 abbati
1564 5689 1785 5745 ttcdium
1822 5694 2071 5758 generet,
2103 5701 2206 5740 nec

710 5863 755 5895 “
781 5861 889 5917 Tit.
920 5878 979 5928 tt,
1010 5863 1061 5916 7.

2354 4307 2446 4362 XI.
2477 4307 2648 4362 Nemo
2677 4322 2710 4360 a
2751 4316 2896 4361 terra
2927 4307 3107 4362 solvat
3146 4305 3466 4360 funiculum
3518 4305 3729 4374 absque
3755 4304 3848 4373 jus-

2288 4399 2446 4455 sione
2487 4399 2682 4468 patris.
2732 4398 2838 4465 Qui
2874 4399 2928 4452 in
2971 4397 3312 4452 monasterio
3343 4397 3587 4450 fratrum
3613 4393 3849 4448 invenerit

2287 4491 2591 4561 quidpiam,
2617 4491 2946 4560 suspendat,
2980 4499 3041 4545 ut
3073 4491 3228 4545 tollat
3256 4491 3352 4559 qui
3384 4488 3732 4559 cognoverit.

2359 4625 2476 4680 XII.
2514 4624 2596 4678 Ad
2631 4625 2920 4679 collectam
2971 4632 3028 4678 et
3058 4624 3124 4678 ad
3161 4623 3512 4694 psallendum
3552 4623 3736 4676 nullus
3765 4620 3847 4674 sibi

2289 4716 2637 4772 occasionem
2693 4717 2960 4781 inveniat,
3008 4716 3213 4784 quibus
3242 4731 3300 4770 se
3343 4715 3498 4768 dicat
3549 4721 3848 4782 occupatum

2291 4810 2448 4879 quasi
2495 4810 2578 4864 ire
2625 4824 2734 4863 non
2766 4809 2960 4877 possit.
3000 4809 3071 4862 Et
3112 4808 3159 4862 si
3210 4808 3266 4861 in
3301 4808 3672 4870 monasterio,
3697 4805 3771 4858 vel
3808 4805 3849 4855 in

2292 4917 2443 4973 agro,
2499 4911 2596 4956 aut
2649 4901 2704 4955 in
2757 4902 2979 4965 itinere,
3010 4909 3108 4953 aut
3157 4900 3212 4954 in
3270 4900 3524 4969 quolibet
3572 4897 3848 4953 ministerio

2292 4992 2484 5058 fuerit,
2537 4991 2735 5048 orandi
2790 5001 2847 5046 et
2894 4989 3162 5060 psallendi
3214 4998 3432 5060 tempus
3484 5006 3603 5044 non
3657 4997 3851 5058 praeter-

2299 5086 2502 5139 mittat.

2372 5219 2515 5273 XIII.
2553 5217 2658 5284 Qui
2695 5217 2949 5272 minister
2976 5225 3082 5286 est,
3121 5216 3322 5272 habeat
3357 5217 3610 5271 studium
3639 5231 3704 5272 ne
3745 5211 3852 5284 qniJ

2305 5311 2492 5383 operis
2517 5320 2707 5381 pereat
2746 5310 2803 5363 in
2827 5310 3183 5364 monasterio.
3219 5309 3278 5363 In
3311 5308 3683 5379 qualicunque
3707 5305 3852 5360 Omni-

2308 5422 2380 5458 no
2418 5413 2535 5459 arte
2565 5419 2688 5472 qua:
2718 5411 3015 5457 exercetur
3037 5418 3068 5457 a
3103 5401 3386 5466 fratribus,
3410 5402 3456 5455 si
3476 5401 3613 5470 quid
3643 5396 3850 5469 perierit.

2304 5509 2360 5552 et
2389 5514 2490 5567 per
2539 5495 2930 5567 negligentiam
2967 5495 3136 5551 fuerit
3179 5495 3531 5565 dissipatum,
3578 5495 3852 5562 increpant

2309 5607 2339 5645 a
2373 5591 2530 5645 Patre
2574 5590 2828 5645 minister
2855 5604 3084 5660 operum
3112 5605 3126 5642 :
3161 5596 3220 5642 et
3257 5589 3372 5657 ipse
3407 5587 3614 5642 iterum
3643 5587 3852 5650 increpet

2314 5684 2505 5752 alium,
2533 5683 2629 5754 qui
2663 5698 2803 5755 opus
2832 5681 3175 5752 perdiderit;
3199 5681 3467 5736 duntaxat
3488 5680 3644 5750 juxta
3690 5674 3850 5731 volun-
