4060 6522
1731 158 1766 176 ,κ

165 329 256 393 985

1342 321 1649 383 REGULA
1689 320 2169 382 ORIENTALIS.

3311 329 3417 392 986

173 448 323 497 tatem
351 443 407 490 et
439 431 842 505 praiscientiam
865 431 1154 503 principis,
1175 433 1383 504 absque
1412 450 1522 503 quo
1552 434 1734 488 nullus
1762 434 1809 493 Α
1836 448 1989 486 suam
2016 442 2242 502 pr0pter
2259 434 2648 489 verecundiam
2681 451 2693 488 :
2731 450 2800 489 ne
2825 437 3076 505 respiciat
3112 438 3281 508 dapes
3303 442 3421 496 Ian-

172 525 474 596 increpandi
502 525 728 580 fratrem
755 524 981 579 habebit
1002 533 1354 595 potestatem.

232 662 364 721 XIV.
422 662 480 718 Si
507 662 767 718 inventus
816 663 988 718 fuerit
1031 680 1178 719 unus
1230 679 1262 719 e
1309 663 1572 720 fratribus
1623 665 1728 718 ali-

170 756 290 829 quid
311 770 405 824 per
433 755 844 810 contentionem
868 770 1055 826 agens,
1074 756 1160 809 vel
1185 755 1574 810 contradicens
1608 772 1724 810 ma—

166 850 291 922 joris
319 847 568 916 imperio,
616 847 991 918 increpabitur
1027 848 1182 918 juxta
1233 863 1551 902 mensuram
1602 863 1730 917 pec-

172 939 268 995 cati
297 936 400 990 sui.

231 1074 338 1129 XV.
367 1072 470 1140 Qui
503 1075 789 1139 mentitur,
827 1084 920 1128 aut
947 1075 1073 1129 odio
1137 1090 1473 1146 quemquam
1531 1073 1736 1128 habere

169 1167 324 1225 fuerit
373 1165 772 1236 deprehensus,
815 1176 909 1220 aut
940 1167 1286 1232 inobediens,
1319 1177 1412 1222 aut
1447 1169 1572 1239 plus
1608 1168 1735 1238 joco

167 1275 317 1329 quam
343 1257 634 1311 honestum
670 1269 754 1312 est
777 1257 1018 1319 deditus,
1069 1269 1163 1312 aut
1197 1260 1427 1322 otiosus,
1464 1268 1561 1313 aut
1594 1258 1732 1310 dure

165 1349 510 1420 respondens,
562 1358 658 1402 aut
707 1349 914 1404 habens
959 1351 1413 1404 consuetudinem
1472 1349 1733 1404 fratribus

164 1441 500 1504 detrahendi,
535 1443 618 1494 vel
649 1441 736 1495 his
765 1441 858 1510 qui
893 1441 1028 1496 foris
1053 1452 1213 1506 sunt;
1249 1451 1306 1496 et
1331 1442 1558 1496 omnino
1575 1441 1736 1510 quid-

165 1534 287 1606 quid
311 1542 503 1588 contra
539 1535 782 1603 regulam
809 1532 1223 1602 Scripturarum
1257 1543 1342 1588 est
1375 1544 1429 1587 et
1457 1540 1733 1587 monaste-

163 1630 226 1684 rii
254 1627 601 1696 disciplinam
622 1667 636 1689 ,
673 1637 730 1680 et
757 1627 995 1680 audierit
1035 1627 1197 1681 Pater
1223 1625 1567 1690 monasterii,
1607 1624 1732 1678 vin-

1843 526 1997 580 tioris
2032 541 2276 580 mensm:
2311 541 2412 580 nec
2456 527 2684 596 pulchra
2730 528 3059 584 vestimenta
3099 531 3416 598 desideret;

1839 634 1942 672 nec
1983 633 2042 672 se
2072 617 2315 688 negligat
2342 660 2356 683 ,
2389 617 2482 672 sed
2514 633 2730 688 semper
2765 618 3030 688 dijudicet
3058 622 3422 691 cogitationes

1837 725 1983 766 suas.
2026 711 2146 764 Non
2179 711 2487 766 inebrietur
2511 711 2676 774 vino;
2709 710 2804 765 sed
2835 710 3132 766 humilitati
3171 716 3418 785 junctam

1839 799 2039 853 haheat
2083 801 2398 855 veritatem.
2448 800 2678 866 Quando
2715 801 2944 871 judicat,
2987 813 3252 872 sequatur
3282 823 3420 876 prm-

1836 903 1992 962 cepta
2026 895 2294 964 majorum
2317 903 2373 949 et
2406 895 2577 962 legem
2611 895 2728 958 Dci,
2755 911 2876 966 qua:
2902 895 2959 950 in
2983 904 3100 952 toto
3123 898 3258 953 orbe
3282 916 3421 970 prte-

1835 984 2012 1038 dieata
2042 997 2146 1040 est.

1902 1122 2091 1177 XVIII.
2135 1122 2190 1179 Si
2226 1123 2607 1193 deprehensus
2642 1122 2808 1177 fuerit
2849 1124 3049 1194 aliquis
3088 1140 3120 1180 e
3157 1125 3422 1181 fratribus

1833 1215 2072 1270 libenter
2095 1231 2220 1270 cum
2251 1217 2438 1285 pueris
2459 1217 2641 1270 ridere
2661 1225 2718 1270 et
2741 1217 2948 1276 ludere.
2978 1227 3033 1272 et
3058 1218 3260 1274 habere
3285 1221 3421 1274 ami-

1837 1308 1997 1362 citias
2023 1309 2200 1362 :etatis
2226 1307 2477 1370 infirmat,
2513 1308 2676 1362 tertio
2703 1320 3140 1373 commoneatur,
3173 1320 3232 1365 ut
3265 1328 3418 1366 rece-

1838 1398 1930 1452 dat
1955 1398 2024 1453 ab
2051 1414 2244 1452 eorum
2268 1398 2697 1457 necessitudine,
2740 1407 2795 1453 et
2821 1414 3033 1453 memor
3071 1401 3143 1454 sit
3171 1402 3422 1456 honesta-

1837 1491 1908 1546 tis
1929 1531 1944 1556 ,
1971 1500 2028 1545 et
2056 1491 2271 1546 timoris
2299 1491 2394 1544 Dei
2428 1508 2441 1544 :
2475 1491 2520 1545 si
2555 1506 2664 1544 non
2706 1493 3005 1546 cessaverit
3033 1532 3048 1556 ,
3088 1495 3419 1564 corripiatur

1837 1590 1897 1636 ut
1921 1582 2122 1651 dignus
2147 1589 2229 1635 est
2265 1581 2613 1650 correptione
2635 1581 3007 1636 severissima.

1905 1715 2052 1772 XIX.
2093 1716 2196 1782 Qui
2235 1726 2597 1771 contemnunt
2635 1726 2908 1788 prmcepta
2939 1719 3208 1788 majorum
3247 1728 3301 1775 et
3335 1737 3418 1776 re-

162 1721 359 1778 dicabit
379 1720 532 1789 juxta
555 1735 870 1774 mensuram
909 1734 1161 1789 opusque
1193 1719 1425 1789 peccati.

1763 1806 1801 1860 Β
1831 1811 1986 1882 gulas
2012 1811 2327 1864 monasterii
2355 1827 2475 1879 quae
2497 1811 2594 1865 Dei
2627 1821 2900 1880 praecepto
2922 1813 3236 1867 constituta.-
3265 1823 3414 1876 sunt,

1828 1911 1884 1958 et
1920 1901 2329 1973 parvip‘endunt
2389 1903 2670 1956 seniorum
2734 1902 3000 1968 consilia,
3039 1904 3417 1974 corripiantur

1825 1995 1980 2065 juxta
2009 1993 2259 2046 ordinem
2290 1993 2673 2055 constitutum,
2705 1993 2882 2047 donec
2916 1993 3289 2063 corrigantur.

223 1851 382 1923 250
418 1850 558 1908 XVI.
601 1850 656 1905 Si
687 1865 880 1904 omnes
900 1847 1728 1920 fratresviderintpraepositum

157 1947 378 2002 nimium
407 1943 792 2014 negligentem,
827 1951 922 1996 aut
948 1943 1085 1996 dure
1113 1942 1484 2012 increpantem
1512 1942 1730 1999 fratres.

157 2048 209 2093 et
242 2051 552 2090 mensuram
587 2034 903 2088 monasterii
937 2034 1319 2096 excedentem,
1359 2032 1599 2086 referant
1628 2031 1733 2084 hoc

159 2129 320 2191 Patri,
354 2135 413 2182 et
443 2127 511 2181 ab
548 2142 615 2183 eo
652 2128 985 2196 increpetur.
1017 2125 1138 2196 Ipse
1182 2135 1366 2179 autem
1406 2124 1734 2195 praepositus

155 2222 285 2276 nihil
315 2219 501 2281 faciat,
527 2219 632 2274 nisi
666 2217 812 2286 quod
844 2218 1005 2271 Pater
1030 2216 1289 2286 jusserit;
1323 2217 1558 2270 maxime
1590 2217 1645 2269 in
1672 2231 1730 2270 re

155 2329 310 2369 nova.
357 2311 492 2378 Quae
531 2327 600 2365 ex
629 2324 782 2364 more
827 2307 1151 2371 descendit,
1199 2307 1439 2362 servabit
1490 2307 1730 2378 regulam

154 2402 498 2461 monasterii.

217 2538 376 2593 XVII.
413 2535 747 2607 Praipositus
767 2551 900 2590 vero
919 2551 1030 2589 non
1059 2533 1386 2597 inebrietur,
1421 2549 1523 2589 nec
1547 2532 1735 2588 sedeat

152 2631 203 2686 in
239 2629 635 2683 humilioribus
671 2628 824 2682 locis.
857 2629 934 2682 Ne
961 2634 1173 2695 rumpat
1200 2625 1418 2679 vincula
1442 2640 1563 2694 qure
1587 2626 1732 2678 Deus

152 2718 200 2771 in
231 2718 368 2771 cmlo
415 2715 684 2779 condidit,
731 2725 791 2769 ut
833 2717 1200 2769 observentur
1238 2714 1292 2767 in
1321 2714 1503 2768 terris.
1537 2713 1614 2768 Ne
1649 2713 1733 2766 Iu-

151 2819 268 2880 geat
314 2809 366 2861 in
415 2808 504 2863 die
558 2809 698 2862 festo
745 2808 958 2861 Domini
1021 2805 1368 2862 Salvatoris:
1415 2804 1734 2858 dominetur

153 2903 296 2958 carni
334 2919 448 2956 suze
472 2944 485 2965 ,
522 2903 676 2972 juxta
709 2917 1023 2955 mensuram
1059 2909 1397 2954 sanctorum.
1433 2898 1550 2952 Non
1580 2896 1734 2950 inve-

151 2995 330 3048 niatur
358 2994 411 3047 in
443 2993 678 3047 excelsis
707 2992 1012 3054 cubilibus,
1048 2991 1266 3044 imitans
1303 3004 1511 3043 morem
1551 2988 1730 3058 genti-

151 3088 300 3140 lium.
330 3087 449 3141 Non
475 3087 546 3139 sit
575 3086 812 3156 duplicis
838 3085 986 3139 fidei.
1009 3086 1128 3139 Non
1156 3093 1414 3153 sequatur
1431 3081 1611 3135 cordis
1641 3081 1724 3135 sui

1901 2125 2020 2180 XX.
2063 2125 2297 2195 Majores
2330 2127 2424 2196 qui
2463 2141 2589 2181 cum
2625 2125 2887 2180 fratribus
2915 2127 3214 2181 mittuntur
3245 2125 3415 2187 foras,

1834 2217 2080 2286 quandiu
2113 2217 2185 2270 ibi
2212 2216 2438 2281 fuerint,
2466 2217 2750 2272 habebunt
2780 2219 2870 2287 jus
2897 2218 3318 2288 praepositorum
3361 2229 3420 2272 et

1829 2324 2022 2364 eorum
2064 2318 2263 2365 cuncta
2298 2319 2560 2381 regentur
2590 2310 2841 2364 arbitrio.
2888 2311 3180 2365 Docebunt
3219 2309 3424 2365 fratres

1829 2418 1930 2472 per
1969 2403 2302 2457 constitutos
2343 2403 2500 2468 dies;
2547 2412 2604 2458 et
2644 2403 2688 2458 si
2738 2403 2878 2459 forte
2923 2405 3070 2460 inter
3102 2421 3198 2459 eos
3233 2416 3415 2459 ortum

1830 2493 1998 2548 fuerit
2029 2494 2235 2564 aliquid
2266 2494 2592 2558 simultatis,
2636 2497 2865 2551 audient
2895 2497 2995 2566 ipsi
3047 2499 3283 2566 majores
3305 2537 3320 2560 ,
3361 2506 3418 2549 et

1833 2585 2221 2656 dijudicabunt
2246 2601 2487 2645 causam.
2511 2597 2569 2642 et
2589 2587 2814 2657 dignum
2834 2589 2993 2658 culpa
3015 2587 3414 2657 increpabunt;

1832 2677 1986 2732 utad
2028 2677 2322 2747 itnperium
2363 2693 2557 2734 eorum
2603 2679 2789 2734 statim
2836 2695 3025 2749 pacent
3059 2680 3224 2749 pleno
3251 2679 3416 2734 corde

1831 2770 2172 2825 consocient.

1901 2907 2045 2962 XXI.
2087 2907 2145 2962 Si
2170 2906 2292 2977 quis
2327 2905 2496 2962 frater
2522 2914 2711 2961 contra
2742 2907 3098 2977 praepositum
3122 2921 3280 2962 suum
3313 2906 3414 2960 ha-

1827 3001 2014 3057 buerit
2038 3001 2338 3062 tristitiam,
2361 3008 2456 3054 aut
2488 2999 2603 3070 ipse
2626 2999 2953 3068 prtepositus
2977 3007 3168 3052 contra
3193 2998 3415 3052 fratrem

1834 3090 2071 3159 aliquam
2090 3089 2523 3158 querimoniam;
2550 3087 2793 3156 probata:
2815 3087 3016 3141 fratres
3041 3087 3418 3140 conversatio-

147 3180 528 3249 cogitationes.
553 3180 648 3233 sed
682 3180 855 3248 legem
888 3179 1002 3232 Dei.
1036 3177 1155 3231 Non
1189 3177 1409 3230 resistat
1437 3174 1725 3229 sublimio-
1756 3148 1801 3208 ο
1834 3148 2000 3235 uiset
2032 3148 2156 3234 fidei
2184 3196 2282 3235 eos
2310 3180 2502 3234 audire
2534 3148 2758 3240 debent.
2787 3189 2842 3233 et
2867 3179 3251 3249 dijudicabunt
3277 3178 3421 3232 inter

147 3271 296 3323 ribus
327 3270 564 3323 tumenti
604 3270 789 3323 animo
821 3268 1208 3339 potestatibus.
1244 3266 1320 3320 Nc
1352 3267 1586 3327 fremat,
1623 3279 1725 3317 nec

146 3363 337 3416 hirriat
365 3363 542 3416 iratus
560 3379 735 3446 .super
763 3361 1086 3416 humiliores
1111 3378 1124 3414 :
1162 3375 1264 3414 nec
1295 3357 1585 3413 transferat
1620 3365 1728 3409 ter-

147 3454 322 3508 minos
358 3454 584 3524 regulte.
632 3455 748 3507 Non
780 3455 850 3508 sit
890 3453 1273 3507 fraudulentus
1294 3491 1308 3514 ,
1341 3463 1518 3518 neque
1550 3448 1605 3502 in
1633 3463 1727 3502 co-

143 3546 506 3615 gitationibus
544 3557 727 3600 verset
769 3545 964 3609 dolos;
1016 3561 1116 3599 nec
1156 3545 1392 3615 negligat
1439 3550 1723 3612 peccatum

145 3639 335 3692 anima:
376 3654 528 3702 sum;
560 3654 661 3692 nec
703 3639 958 3691 vincatur
988 3637 1167 3690 carnis
1201 3636 1438 3689 luxuria.
1468 3635 1587 3688 Non
1620 3648 1735 3687 am-

145 3728 293 3783 bulet
340 3729 706 3800 negligenter.
744 3728 862 3782 Non
910 3729 1167 3798 loquatur
1200 3727 1428 3781 verbum
1471 3726 1731 3780 otiosum.

141 3821 256 3874 Non
284 3832 456 3890 ponat
504 3821 821 3874 scandalum
853 3829 980 3875 ante
1014 3821 1182 3890 pedes
1206 3820 1356 3873 cmci.
1386 3819 1502 3872 Non
1540 3819 1736 3871 doceat

141 3913 482 3966 voluntatem
505 3913 740 3965 animam
774 3928 950 3965 suam.
977 3913 1096 3966 Non
1121 3913 1429 3965 resolvatur
1465 3910 1578 3962 risu
1606 3909 1738 3963 stul-

141 4014 318 4059 torum
366 4021 432 4060 ac
475 4007 604 4076 joco
667 4005 784 4060 Non
824 4006 1074 4074 capiatur
1119 4021 1215 4059 cor
1254 4006 1371 4074 ejus
1406 4005 1474 4058 ab
1513 4005 1597 4057 his
1635 4002 1729 4072 qui

140 4099 322 4168 inepta
358 4099 670 4168 loquuntur
699 4108 755 4152 et
785 4098 986 4152 dulcia.
1031 4098 1149 4152 Non
1195 4098 1450 4151 vincatur
1484 4095 1731 4149 muneri-

139 4189 241 4243 bus
276 4207 288 4242 :
322 4207 436 4244 non
478 4191 839 4260 parvulorum
867 4206 1119 4244 sermone
1147 4190 1404 4243 ducatur.
1444 4188 1562 4242 Non
1600 4186 1730 4240 deli-

137 4284 243 4337 ciat
270 4285 324 4337 in
357 4285 742 4338 tribulatione.
765 4284 882 4337 Non
904 4290 1134 4336 mortem
1161 4282 1372 4344 timeat,
1399 4280 1491 4333 sed
1524 4279 1726 4331 Deum:

135 4393 241 4430 non
263 4379 663 4448 przevaricator
687 4378 758 4431 sit
781 4389 1004 4446 prepter
1041 4376 1416 4429 imminentem
1454 4373 1728 4424 timorem.

134 4471 249 4525 Non
293 4473 582 4540 relinquat
627 4485 816 4523 verum
861 4469 1048 4522 lumen
1096 4475 1322 4537 propter
1365 4463 1610 4517 modicos
1655 4460 1731 4513 ci-

133 4563 252 4617 bos.
286 4563 410 4617 Non
449 4571 614 4616 nutet
646 4577 708 4614 ac
753 4562 980 4614 fluctuet
1021 4561 1073 4613 in
1129 4557 1392 4628 operibus
1429 4554 1563 4609 suis.
1609 4552 1729 4606 Non

133 4663 306 4708 mutet
339 4657 706 4716 sententiam,
739 4653 832 4708 sed
870 4653 1061 4706 firmus
1083 4651 1154 4705 sit
1179 4649 1450 4718 solidique
1472 4643 1677 4700 decreti
1713 4660 1725 4694 :

125 4749 329 4816 justus,
357 4744 965 4801 cunctaconsiderans:
993 4743 1250 4814 judicans
1277 4741 1330 4794 in
1355 4740 1586 4794 veritate
1610 4737 1733 4791 abs-

129 4855 234 4908 que
265 4841 528 4909 appetitu
552 4839 770 4909 glorize;
807 4837 1128 4890 manifestus
1153 4836 1263 4889 Deo
1294 4843 1348 4887 et
1379 4833 1722 4897 hominibus,

127 4941 180 4985 et
227 4947 257 4986 a
307 4931 516 4984 fraude
570 4929 782 4999 procul.
835 4929 944 4982 Nec
988 4928 1200 4997 ignoret
1254 4924 1728 4979 conversationem

127 5037 384 5082 suorum.
427 5037 539 5076 nec
578 5021 644 5075 ad
691 5037 880 5075 eorum
930 5021 1216 5074 scientiam
1261 5033 1437 5073 caecus
1484 5017 1728 5071 exsistat.

126 5112 271 5166 Nulli
302 5121 518 5168 noceat
541 5127 638 5181 per
667 5111 980 5180 superbiam
1007 5127 1020 5174 ;
1054 5125 1154 5163 nec
1175 5115 1440 5176 sequatur
1469 5107 1732 5176 concupi-

125 5207 372 5260 scentias
399 5205 720 5259 oculorum.
753 5201 1050 5257 Veritatem
1074 5216 1354 5269 nunquam
1389 5208 1683 5269 prtetereat
1711 5215 1724 5250 :

123 5298 308 5352 oderit
356 5297 716 5367 injustitiam.
763 5295 1075 5350 Secundum
1108 5309 1397 5364 personam
1445 5307 1728 5361 nunquam

118 5389 337 5458 judicet
363 5403 472 5457 pro
512 5385 857 5447 muneribus,
883 5399 986 5438 nec
1014 5383 1344 5437 condemnet
1381 5382 1615 5436 animam
1649 5382 1732 5437 in-

122 5489 427 5536 nocentem
465 5495 570 5550 per
597 5477 934 5548 superbiam.
968 5477 1086 5530 Non
1114 5475 1290 5529 rideat
1321 5475 1464 5528 inter
1487 5489 1688 5544 pueros
1714 5490 1726 5525 :

121 5590 234 5628 non
258 5574 497 5628 deserat
526 5570 813 5625 veritatem
849 5569 1043 5623 timore
1075 5575 1384 5636 separatus.
1407 5565 1527 5620 Non
1550 5563 1734 5633 despi-

120 5665 231 5721 ciat
261 5682 364 5722 eos
396 5664 500 5736 qui
533 5663 778 5734 indigent
810 5659 1212 5715 misericordia.
1242 5659 1374 5713 'Non
1405 5657 1622 5712 deserat
1643 5657 1733 5727 ju-

120 5756 333 5812 stitiam
384 5765 628 5826 propter
671 5752 1092 5817 lassitudinem;
1131 5766 1200 5806 ne
1244 5747 1440 5820 perdat
1489 5749 1728 5803 animam

1831 3287 1949 3326 eos.
1997 3271 2052 3326 Si
2083 3280 2265 3325 tamen
2303 3272 2505 3326 absens
2536 3280 2623 3326 est
2656 3272 2819 3326 Pater
2857 3271 3177 3324 tuonasterii
3207 3270 3291 3323 vel
3322 3269 3421 3322 ali-

1831 3363 1958 3417 cubi
1988 3363 2290 3431 profectus,
2315 3364 2555 3432 printum
2581 3361 2802 3431 quidem
2829 3360 3229 3431 exspectabunt
3251 3375 3377 3414 cum
3401 3369 3416 3407 ε

1834 3455 1917 3509 sin
1952 3465 2136 3510 autem
2173 3455 2384 3510 diutius
2412 3457 2604 3510 vident
2635 3455 2772 3509 foris
2802 3455 3074 3508 demorari
3102 3495 3114 3513 .
3160 3461 3292 3507 tunc
3323 3469 3424 3506 au-

1835 3548 1984 3602 dient
2015 3549 2159 3601 inter
2192 3547 2548 3617 prmpositum
2572 3555 2628 3600 et
2655 3546 2912 3609 fratrem;
2942 3561 3010 3598 ne
3033 3545 3128 3597 diu
3151 3558 3421 3612 suspenso

1829 3640 2037 3726 judicio
2099 3639 2322 3693 tristitia
2389 3639 2565 3708 major
2621 3635 2874 3700 oriatur;
2935 3644 2996 3688 ut
3051 3644 3107 3689 et
3171 3635 3260 3692 ille
3323 3635 3419 3703 qui

1834 3730 2159 3800 pra‘positus
2189 3737 2293 3790 est,
2325 3737 2380 3782 et
2409 3729 2498 3782 ille
2538 3727 2631 3796 qui
2670 3727 2955 3796 subjectus
2978 3736 3082 3789 est,
3123 3736 3179 3780 et
3213 3726 3288 3779 illi
3321 3726 3418 3794 qtti

1835 3821 2086 3880 audiunt.
2121 3821 2277 3889 juxta
2315 3820 2568 3873 timorem
2598 3817 2694 3872 Dei
2741 3826 2938 3871 cuncta
2967 3816 3189 3882 faciant,
3219 3824 3277 3870 et
3306 3830 3416 3869 non

1835 3913 1967 3966 dent
1997 3914 2051 3966 in
2078 3913 2190 3966 ullo
2213 3911 2558 3966 occasionem
2587 3909 2901 3965 discordiae.

1905 4028 2073 4083 XXII.
2115 4027 2307 4081 Nullus
2332 4025 2580 4078 mittatur
2604 4023 2751 4078 foras
2778 4023 2847 4076 ad
2877 4019 3099 4090 aliquod
3136 4006 3416 4089 negotium

1833 4123 2006 4178 solus.
2055 4121 2203 4175 Missi
2253 4135 2406 4174 verot
2432 4134 2542 4172 non
2597 4117 2819 4187 singuli,
2861 4116 2956 4170 sed
2994 4113 3110 4168 bini
3150 4114 3235 4166 vel
3278 4112 3421 4167 terni

1834 4213 2120 4272 ambulent
2148 4229 2160 4261 :
2195 4219 2255 4264 ut
2280 4210 2407 4263 dum
2445 4224 2502 4263 se
2535 4208 2770 4262 invicem
2799 4205 3117 4261 custodiunt
3133 4211 3190 4257 et
3221 4217 3422 4257 conso-

1839 4307 2047 4364 lantur.
2077 4314 2134 4358 et
2170 4303 2419 4357 SCIIIOI'CS
2447 4317 2642 4355 eorum
2673 4299 2740 4354 d0
2785 4300 3013 4353 honesta
3047 4312 3243 4351 eorum
3288 4313 3421 4351 6οη-

1835 4397 2150 4451 versatione
2185 4393 2363 4447 securi
2397 4392 2524 4455 sint,
2562 4401 2617 4445 et
2641 4390 2718 4444 illi
2745 4406 2854 4443 non
2885 4389 3290 4459 periclitentur.
3314 4388 3420 4442 Oh-

1839 4495 2129 4540 servantes
2167 4492 2347 4538 tamen
2387 4483 2522 4545 hoc,
2571 4490 2630 4535 ιιι
2680 4495 2792 4533 non
2844 4495 2902 4533 se
2944 4479 3175 4532 invicem
3223 4477 3423 4531 fabulis

1830 4577 2087 4631 inanibus
2117 4575 2428 4636 destruant,
2478 4587 2658 4642 neque
2689 4571 3037 4641 negligentia
3076 4571 3208 4624 dent
3241 4570 3420 4625 locum

1829 4655 2380 4728 destructionis;‘sed
2410 4663 2788 4732 unusquisque
2819 4663 2873 4715 in
2904 4671 3028 4716 actu
3052 4677 3152 4716 suo
3178 4668 3426 4715 attentus

1829 4755 1934 4817 sit,
1970 4763 2136 4825 prout
2164 4763 2384 4824 tempus
2416 4753 2604 4808 fuerit.

1908 4888 2100 4943 XXIII.
2141 4887 2373 4954 Quando
2414 4894 2597 4940 autem
2636 4884 2844 4938 reversi
2889 4882 3095 4938 fuerint
3137 4883 3191 4936 in
3237 4899 3426 4937 monac

1838 4980 2090 5041 sterium,
2137 4979 2182 5034 si
2225 4984 2350 5032 ante
2381 4977 2584 5031 ostium
2625 4975 2867 5029 viderint
2910 4975 3150 5043 aliquem
3180 4989 3428 5044 qumreu-

1841 5079 1950 5126 tem
1999 5085 2224 5125 suorum
2260 5069 2502 5123 amnium
2531 5109 2545 5129 ,
2601 5068 2669 5121 de
2712 5066 2798 5120 his
2843 5065 2936 5135 qui
2981 5066 3035 5119 in
3091 5067 3428 5119 monasterio

1842 5167 2296 5222 commorantur,
2331 5172 2442 5210 non
2483 5155 2751 5210 valebunt
2783 5154 2860 5207 ire
2902 5153 2968 5207 ad
3000 5169 3125 5208 eum
3147 5194 3160 5218 ,
3193 5164 3248 5208 et
3285 5170 3428 5207 nun-

1841 5253 2000 5314 tiare,
2034 5253 2116 5306 vel
2147 5264 2402 5304 evocare.
2440 5246 2504 5302 Et
2527 5247 2752 5301 omnino
2779 5245 3048 5316 quidquid
3081 5245 3216 5300 foris
3247 5261 3430 5317 gesse-

1844 5342 1976 5404 rint,
2009 5342 2062 5396 in
2093 5340 2428 5395 monasterio
2457 5353 2683 5392 narrare
2713 5353 2823 5390 non
2865 5343 3222 5406 przesumant.

1913 5454 2103 5509 XXIV.
2146 5451 2419 5508 Omnibus
2462 5450 2568 5504 erit
2605 5460 2848 5519 potestas
2884 5447 3099 5517 legendi
3152 5463 3328 5517 usque
3356 5448 3427 5503 ad

1844 5545 2036 5600 horam
2072 5543 2290 5597 tertiam
2339 5559 2352 5594 :
2397 5541 2440 5594 si
2486 5550 2667 5594 tamen
2715 5539 2860 5592 nulla
2913 5553 3077 5599 czutsa
3119 5538 3426 5601 exstiterit,

1848 5653 1955 5707 qua
1979 5648 2207 5689 necesse
2229 5632 2300 5686 sit
2329 5631 2493 5687 etiam
2521 5629 2726 5700 aliquid
2759 5629 2897 5684 fieri.
2929 5629 3058 5683 Post
3080 5628 3268 5682 horam
3291 5643 3426 5683 vero

1848 5737 2072 5794 tertiam
2115 5733 2160 5788 si
2206 5748 2327 5803 qua:
2378 5738 2580 5786 statuta
2623 5738 2794 5794 sunt,
2842 5729 2985 5785 sicut
3028 5729 3291 5799 scriptum
3321 5735 3424 5794 est,
