4060 6506
629 296 732 364 987

2023 302 2128 365 SS.
2181 301 2496 366 PATBUM

3797 325 3890 387 983

629 430 733 484 per
778 413 1094 484 superbiam
1123 454 1138 480 ,
1177 416 1262 471 vel
1309 417 1700 490 negligentiam
1722 460 1737 484 ,
1783 417 1869 474 vel
1921 417 2212 482 desidiam,
2241 420 2293 479 Α
2317 419 2399 474 bit
2433 427 2621 475 custos
2662 421 2846 491 ianua:
2867 462 2882 486 ,
2916 421 3163 478 referens
3210 427 3394 480 omnia
3415 467 3430 490 ,
3465 428 3613 483 sicut
3655 435 3891 501 superius

631 504 1072 560 intercedentem
1121 522 1231 562 non
1280 509 1629 573 custodierit,
1680 509 1819 565 sciat
1868 524 1928 564 se
1977 525 2101 565 cum
2155 510 2217 565 in

630 593 738 648 hoc
781 610 970 650 errore
1008 597 1387 668 deprehensus
1439 601 1644 665 fuerit,
1693 601 2024 670 culpabilem
2065 603 2216 672 judi-

631 683 870 738 candum
897 702 911 752 ;
945 686 1072 755 quia
1097 703 1197 756 per
1219 704 1380 742 suum
1413 705 1662 746 errorem
1691 700 1748 744 et
1769 691 1908 746 alios
1933 691 1988 745 in
2020 694 2215 749 vitium

631 774 824 828 mittit.

710 907 875 963 XXV.
925 907 1142 963 Ccllarii
1193 925 1322 964 vero
1367 928 1499 968 cura
1549 917 1660 981 sit,
1714 927 1776 972 ut
1828 922 2218 980 abstinentiam

630 1008 687 1054 et
703 999 1058 1054 sobrietatem
1091 1001 1342 1066 studens,
1366 1003 1516 1059 illata
1541 1007 1593 1060 iu
1622 1015 1956 1067 monasterio
1980 1015 2046 1068 ad
2068 1032 2218 1070 sum-

629 1099 758 1163 ptus
793 1091 1022 1145 fratrum
1063 1093 1356 1164 diligenter
1404 1109 1461 1152 et
1515 1099 1752 1157 fideliter
1786 1117 1968 1160 servet
2014 1125 2028 1162 :
2069 1108 2210 1162 nihil

628 1180 959 1248 suscipiens,
987 1196 1086 1235 nec
1113 1183 1414 1252 quidquam
1457 1190 1679 1245 tradens
1723 1193 1842 1248 sine
1881 1198 2211 1252 auctoritate

626 1272 712 1325 vel
733 1272 1014 1326 seniorum
1034 1275 1284 1328 consilio.
1308 1276 1409 1341 Qui
1433 1280 1596 1333 etiam
1617 1285 1799 1337 omnia
1818 1288 2069 1340 utensilia
2088 1304 2210 1357 qua:

627 1361 684 1415 in
714 1363 1046 1417 monasterio
1075 1372 1223 1430 sunt,
1266 1366 1318 1420 id
1349 1376 1454 1432 est,
1486 1377 1719 1434 vestem,
1755 1389 1869 1433 vas,
1905 1375 2211 1432 ferramen-

630 1458 766 1519 tum,
807 1464 864 1508 et
901 1455 1171 1525 quidquid
1212 1458 1405 1512 usibus
1454 1462 1790 1528 quotidianis
1834 1469 2209 1523 necessarium

625 1551 750 1606 est,
801 1545 1113 1609 custodiat;
1150 1556 1205 1601 et
1243 1564 1686 1622 unamquamque
1737 1571 1852 1610 rem
1898 1559 2208 1629 proferens,

626 1651 751 1691 cum
784 1637 954 1693 fuerit
980 1642 1376 1704 necessarium,
1401 1645 1472 1698 ab
1521 1660 1588 1699 eo
1617 1647 1815 1702 iterum
1845 1649 1909 1702 ad
1933 1667 2206 1720 reponen-

625 1724 757 1779 dum
786 1727 872 1781 cui
922 1730 1126 1782 utendo
1172 1733 1581 1802 consignaverit
1616 1749 1963 1808 recepturus.
2007 1743 2086 1796 Ad
2119 1743 2203 1797 vi-
2233 1758 2281 1816 Β

624 1829 774 1875 ctum
793 1838 925 1876 vero
949 1823 1180 1878 fratrum
1211 1828 1454 1895 proferat
1474 1846 1537 1885 ac
1569 1833 2202 1906 tradatseptimanariis;

624 1913 691 1970 ad
722 1914 1062 1972 condiendos
1091 1918 1244 1973 cibos
1274 1919 1367 1975 det
1391 1925 1704 1979 necessaria
1733 1929 2034 1983 secundum
2066 1947 2206 2000 quo-

625 2003 846 2060 tidiana-
865 2022 1118 2076 expensa).
1143 2012 1620 2079 consuetudinem,
1654 2031 1832 2084 neque
1865 2018 2087 2086 profuse
2110 2038 2209 2076 ne-

622 2112 732 2165 que
755 2109 917 2151 avare
945 2117 959 2164 ;
1001 2113 1069 2153 ne
1093 2100 1226 2155 vitio
1250 2103 1423 2171 ipsius
1440 2105 1524 2159 vel
1549 2109 1865 2161 monasterii
1899 2111 2205 2169 substantia

622 2197 901 2254 gravetur,
921 2188 1005 2241 vel
1041 2188 1242 2244 fratres
1270 2193 1552 2260 patiantur
1576 2195 1852 2266 injuriam.
1889 2199 1996 2254 Sed
2024 2211 2080 2256 et
2110 2220 2206 2258 ne-

622 2278 935 2332 cessitatem
968 2279 1312 2336 infirmorum
1337 2282 1568 2338 fratrum
1594 2303 1658 2341 ac
1684 2288 1927 2344 laborem
1956 2294 2209 2349 conside-

620 2383 766 2434 rans,
793 2371 928 2424 nihil
955 2375 1336 2442 :egrotantium
1386 2377 1680 2434 desideriis
1709 2393 1870 2452 neget
1889 2400 1955 2438 ex
1976 2385 2061 2439 his
2086 2403 2207 2455 quae

623 2460 900 2521 habuerit,
924 2472 1192 2531 quantum
1219 2465 1324 2519 illis
1350 2483 1576 2525 necesse
1616 2471 1800 2526 fuerit.
1848 2476 2206 2531 Advenienti-

618 2551 724 2607 bus
754 2553 988 2609 diversis
1029 2555 1295 2612 fratribus
1322 2575 1480 2615 escas
1514 2565 1746 2631 parabit.
1785 2565 1909 2620 "rec
1931 2569 2037 2621 erit
2067 2585 2204 2624 cura

619 2647 866 2702 custodis
911 2649 1140 2712 cellarii,
1191 2665 1484 2707 recurrens
1535 2670 1754 2724 semper
1803 2658 1869 2711 ad
1924 2660 2204 2715 seniorum

617 2737 930 2799 consilium,
961 2747 1014 2792 et
1051 2740 1341 2807 requirens
1371 2742 1438 2797 de
1482 2746 1769 2812 omnibus,
1810 2750 1896 2803 vel
1929 2752 2204 2821 praecipue

616 2826 686 2880 de
742 2825 829 2878 his
880 2842 1003 2895 qua:
1054 2829 1280 2898 proprio
1318 2846 1417 2886 suo
1471 2833 1754 2891 intellectu
1800 2854 1912 2892 non
1960 2845 2200 2909 potuerit

617 2914 942 2988 adimplere.

685 3073 874 3128 XXVI.
915 3074 1139 3130 Ostiarii
1173 3091 1306 3130 cura
1351 3077 1458 3143 sit,
1495 3087 1558 3134 ut
1601 3095 1795 3139 omnes
1838 3084 2195 3144 advenientes
2223 3097 2265 3157 ο

617 3167 762 3222 intra
782 3169 978 3237 januas
1001 3169 1261 3238 recipiat;
1292 3171 1427 3227 dans
1451 3173 1531 3228 eis
1559 3192 1878 3245 responsum
1904 3181 2195 3239 honestum

617 3258 774 3328 251
795 3276 920 3313 cum
949 3260 1262 3317 humilitate
1296 3273 1351 3318 et
1381 3270 1714 3334 reverentia,
1749 3287 1813 3326 ac
1842 3274 2023 3328 statim
2051 3291 2197 3331 nun-

618 3353 759 3406 tians
784 3354 868 3407 vel
897 3353 1083 3408 abbati
1106 3355 1191 3408 vel
1214 3359 1551 3427 senioribus,
1586 3364 1710 3432 quis
1731 3367 1945 3421 venerit
1979 3378 2034 3423 et
2064 3371 2197 3439 quid

616 3443 860 3514 petierit.
891 3444 1005 3499 Nec
1036 3445 1180 3500 ullus
1203 3455 1594 3504 extraneorum
1631 3455 1874 3521 patiatur
1898 3456 2193 3528 iniuriam:

614 3552 794 3606 neque
823 3537 1025 3593 habeat
1056 3554 1179 3593 cum
1218 3541 1401 3610 aliquo
1426 3543 1493 3597 de
1523 3543 1784 3600 fratribus
1814 3552 2197 3607 necessitatem

613 3644 677 3684 ac
703 3629 1020 3684 facultatem
1053 3631 1337 3700 loquendi,
1372 3634 1578 3704 absque
1605 3640 1942 3695 conscientia
1984 3642 2195 3702 abbatis

610 3722 698 3775 vel
730 3723 1009 3775 seniorum
1045 3723 1357 3790 praesentia.
1393 3723 1448 3779 Si
1473 3727 1603 3794 quid
1629 3738 1760 3781 vero
1790 3730 2101 3800 cuicunque
2125 3735 2193 3789 de

611 3811 880 3866 fratribus
933 3811 1162 3868 missum
1218 3814 1647 3885 mandatumque
1691 3819 1878 3884 fuerit,
1935 3821 2073 3876 nihil
2124 3825 2191 3878 ad

612 3904 789 3974 ipsum
828 3904 1114 3973 perveniat
1149 3906 1470 3976 priusquam
1513 3908 1698 3962 abbati
1749 3911 1832 3964 vel
1879 3913 2191 3969 senioribus

611 3996 909 4051 indicetur.
935 3996 1074 4051 Ante
1110 3998 1293 4052 omnia
1316 4000 1577 4064 ostiarius
1610 4003 1929 4056 monasterii
1956 4003 2070 4059 haec
2097 4006 2194 4060 ob-

609 4088 986 4150 servabit.'ne
1015 4105 1345 4160 quemquam
1374 4091 1443 4146 de
1484 4091 1752 4148 fratribus
1795 4093 1933 4148 foris
1969 4095 2192 4165 januam

607 4180 758 4235 exire
795 4181 1098 4249 permittat.

677 4335 892 4392 XXVII.
924 4335 979 4390 Si
1005 4336 1129 4406 quis
1147 4337 1442 4392 accesserit
1465 4339 1533 4392 ad
1565 4342 1766 4396 ostium
1799 4342 1990 4398 volens
2019 4359 2189 4400 szecu-

608 4424 664 4480 lo
702 4428 1018 4482 renuntiare
1040 4467 1054 4490 ,
1083 4436 1138 4482 et
1176 4427 1408 4482 fratrum
1453 4432 1734 4501 aggregari
1769 4448 2002 4489 numero
2027 4475 2042 4499 ,
2076 4452 2187 4492 non

609 4518 809 4574 habeat
841 4519 1150 4576 libertatem
1173 4521 1419 4576 intrandi
1447 4541 1460 4576 :
1489 4523 1583 4577 sed
1607 4526 1761 4593 prius
1786 4527 2074 4582 nuntietur
2093 4530 2191 4585 Pa-

608 4609 676 4664 tri
713 4611 1054 4673 monasterii,
1088 4619 1143 4666 et
1169 4612 1414 4666 manebit
1439 4614 1630 4682 paucis
1659 4615 1853 4670 diebus
1893 4617 2030 4673 foris
2066 4628 2192 4674 ante

600 4703 824 4773 ianuam
851 4742 866 4768 ,
924 4717 988 4755 ac
1034 4702 1326 4758 docebitur
1371 4705 1680 4761 orationem
1730 4707 2093 4775 Dominicam,
2137 4721 2194 4767 et

603 4792 862 4862 psalmos,
889 4802 1120 4862 quantos
1144 4795 1388 4864 potuerit
1411 4796 1658 4863 discere;
1691 4806 1747 4852 et
1783 4800 2074 4871 diligenter
2100 4797 2188 4856 sui

600 4888 1040 4955 experimentum
1069 4887 1244 4952 dabit,
1281 4901 1350 4944 ne
1380 4889 1523 4944 forte
1546 4891 1674 4945 mall
1712 4892 2000 4963 quidpiam
2039 4893 2184 4950 fece-

601 4975 708 5040 rit,
741 4987 802 5032 ut
841 4979 1096 5036 turbatus
1120 4979 1188 5033 ad
1227 4979 1418 5033 horam
1461 4982 1658 5037 timore
1690 4983 2047 5048 discesserit,
2089 4993 2184 5040 aut

601 5066 706 5120 sub
741 5067 922 5134 aliqua
943 5076 1212 5136 potestate
1248 5070 1346 5135 sit;
1375 5081 1431 5123 et
1458 5081 1642 5125 utrum
1666 5074 1840 5142 possit
1865 5077 2182 5132 renuntiare

601 5154 922 5222 parentibus
942 5156 1078 5223 suis,
1099 5167 1155 5213 et
1172 5161 1445 5230 propriam
1470 5171 1822 5218 contemnere
1843 5165 2177 5222 facultatem.

601 5245 655 5299 Si
685 5262 810 5300 eum
839 5248 1080 5303 viderint
1109 5259 1296 5320 aptum
1341 5252 1408 5305 ad
1453 5253 1672 5318 omnia,
1716 5261 1848 5310 tunc
1890 5256 2181 5312 docebitur

597 5344 654 5389 et
683 5338 922 5407 reliquas
955 5344 1274 5397 monasterii
1319 5344 1641 5413 disciplinas
1669 5363 1683 5411 ;
1722 5362 1844 5415 quae
1871 5347 2047 5403 facere
2079 5351 2178 5404 de-

598 5424 759 5491 beat,
795 5429 1106 5500 quibusque
1144 5435 1372 5499 servire,
1413 5436 1528 5489 sive
1567 5435 1624 5489 in
1668 5438 1898 5492 collecta
1928 5441 2174 5494 omnium

598 5515 851 5585 fratrum,
880 5523 996 5577 sive
1038 5524 1094 5578 in
1137 5524 1300 5580 domo
1339 5527 1427 5580 cui
1473 5528 1773 5583 tradendus
1813 5540 1925 5594 est,
1970 5533 2086 5586 sive
2119 5534 2173 5587 in

596 5613 852 5667 vescendi
883 5615 1077 5671 ordine
1115 5634 1128 5670 :
1165 5626 1226 5672 ut
1266 5618 1569 5674 instructus
1601 5629 1766 5690 atque
1809 5624 2087 5692 perfectus
2117 5626 2172 5681 in

594 5706 742 5760 omni
774 5722 940 5764 onere
972 5709 1118 5766 bono
1142 5709 1401 5769 fratribus
1419 5715 1730 5785 copuletur.
1758 5715 1880 5774 llaec
1909 5718 2170 5776 observa-

2315 510 2585 579 scriptum
2628 519 2734 579 est,
2760 521 2818 565 et
2843 511 3181 566 annuntians
3208 514 3551 570 senioribus.

2385 645 2623 704 XXVIII.
2657 649 3051 719 Septimanarii
3081 651 3149 705 ad
3181 651 3339 706 cibos
3379 653 3692 722 parandos,
3722 655 3807 710 vel
3830 660 3886 712 ad

2313 740 2605 794 luminaria
2631 742 3035 804 concinnanda,
3061 744 3146 797 vel
3181 743 3246 797 ad
3280 744 3492 798 nitores
3513 745 3824 807 faciendos,
3843 760 3888 802 et

2317 847 2440 900 qua:
2482 833 2548 886 ad
2591 833 2923 903 obsequium
2959 850 3202 904 ususque
3243 837 3565 891 monasterii
3601 841 3886 906 pertineat,

2317 938 2534 992 semper
2561 924 2737 992 parati
2769 925 2902 978 sint.
2938 925 3048 978 llos
3084 927 3230 980 nulla
3263 928 3370 981 alia
3401 930 3716 983 necessitas
3740 946 3890 984 occa-

2315 1020 2429 1081 pet,
2474 1014 2570 1067 sed
2612 1014 2666 1066 in
2701 1014 2805 1069 hoc
2845 1015 3089 1069 studium
3119 1017 3457 1086 impendant,
3483 1030 3546 1072 ut
3573 1035 3698 1072 rem
3724 1036 3888 1076 sm

2311 1109 2460 1164 ptam
2521 1098 2735 1152 utiliter
2780 1111 2836 1152 et
2891 1099 3181 1170 diligenter
3223 1101 3511 1170 impleant.
3564 1103 3639 1157 Et
3685 1104 3732 1156 si
3777 1108 3888 1173 quid

2306 1187 2449 1242 forte
2482 1190 2737 1244 nesciunt
2757 1190 2824 1245 de
2857 1191 2944 1246 his
2969 1208 3092 1262 qua:
3126 1208 3283 1262 agere
3309 1194 3548 1258 debent,
3584 1195 3715 1249 sine
3751 1195 3890 1250 dissi-

2308 1281 2610 1336 mulatione
2636 1283 2886 1338 seniores
2923 1299 3053 1338 suos
3079 1299 3295 1355 semper
3319 1286 3694 1356 interrogent.

2379 1417 2572 1473 XXIX.
2606 1420 2671 1474 lli
2709 1419 2894 1490 itaque
2932 1419 3139 1491 quibus
3181 1421 3510 1491 disciplina,
3551 1423 3643 1477 vel
3678 1424 3890 1486 utilitas,

2306 1513 2391 1567 vel
2419 1513 2631 1582 opinio,
2673 1513 2759 1566 vel
2789 1513 3122 1582 obsequium
3159 1515 3482 1570 monasterii
3516 1516 3803 1576 creditur.
3825 1521 3892 1572 of-

2308 1604 2430 1659 ficia
2458 1605 2563 1658 sibi
2612 1604 2860 1674 iniuncta
2902 1605 3140 1660 fideliter
3163 1607 3486 1661 custodiant
3521 1617 3579 1662 et
3617 1608 3889 1677 impleant.

2314 1698 2423 1751 Hos
2447 1686 2608 1752 enim
2635 1713 2824 1752 errare
2866 1715 2976 1754 non
3008 1699 3190 1762 dec‘et,
3223 1700 3317 1768 qui
3354 1699 3422 1752 ad
3463 1715 3670 1753 omnes
3691 1717 3894 1756 errores

2310 1789 2686 1844 emendandos
2725 1790 3003 1859 praepositi
3050 1800 3202 1844 sunt.
3243 1791 3346 1857 Qui
3389 1791 3438 1845 si
3477 1791 3567 1845 vel
3621 1793 3888 1860 superbia,

2303 1881 2389 1934 vel
2416 1882 2765 1950 negligentia,
2789 1883 2875 1936 vel
2907 1882 3122 1936 desidia
3152 1883 3334 1951 aliqua
3377 1899 3444 1936 ex
3469 1883 3562 1937 his
3592 1886 3888 1953 praetermi-

2304 1974 2478 2027 serint
2504 1991 2625 2044 quae
2650 1976 2703 2028 in
2738 1975 2926 2045 regula
2949 1975 3308 2029 continentur
3331 2016 3344 2037 ,
3377 1991 3480 2044 per
3512 1975 3782 2044 ipsosque
3811 1977 3888 2030 de

2303 2067 2535 2122 structio
2563 2084 2684 2122 esse
2715 2068 2942 2137 cmperit
2973 2084 3072 2137 per
3107 2083 3246 2136 quos
3269 2067 3437 2121 debet
3458 2068 3766 2121 aedificatio
3790 2084 3888 2122 cre-

2303 2175 2478 2225 scere,
2504 2161 2760 2214 omnibus
2781 2159 3339 2216 condemnatioiiibus
3361 2175 3502 2231 quas
3534 2161 3737 2231 regula
3768 2177 3887 2215 cono

2305 2254 2466 2317 tinet,
2495 2254 2878 2324 subjacebunt.

2373 2389 2542 2444 XXX.
2581 2392 2732 2446 Inter
2768 2407 2961 2469 omnes
3004 2392 3200 2448 fratres
3237 2391 3344 2448 hoc
3383 2393 3805 2460 observabitur,
3836 2407 3886 2449 It

2303 2480 2628 2536 obedientes
2655 2482 2974 2536 senioribus
3003 2483 3144 2544 suis,
3169 2492 3226 2538 et
3253 2483 3572 2539 dcferentes
3611 2485 3724 2538 sibi
3767 2487 3886 2539 invi-

2304 2581 2444 2631 cem,
2471 2567 2710 2621 habeant
2740 2571 3080 2638 patientiam,
3113 2571 3581 2636 moderationem,
3617 2573 3886 2629 humilita-

2305 2665 2435 2717 tem.
2469 2658 2817 2726 charitatem,
2848 2677 3038 2730 pacem
3062 2662 3180 2716 sine
3209 2662 3468 2733 figmento
3489 2674 3548 2718 et
3582 2667 3884 2731 mendacio,

2301 2757 2357 2803 et
2384 2750 2792 2817 maledictione,
2830 2764 2885 2807 ct
2918 2753 3275 2818 verbositate,
3318 2765 3370 2808 et
3398 2756 3632 2825 jurandi
3668 2774 3885 2812 consue-

2303 2838 2526 2893 tudine:
2557 2839 2631 2894 ita
2659 2852 2719 2908 ut
2755 2858 2918 2896 nemo
2945 2859 3104 2898 suum
3142 2845 3442 2914 quidquam
3478 2848 3756 2905 vindicet.
3798 2865 3883 2902 ne-

2300 2948 2406 3002 que
2436 2933 2582 2988 ullus
2606 2934 2814 3004 aliquid
2846 2937 3198 3006 peculiariter
3233 2948 3496 3007 usurpet;
3528 2938 3630 2992 sed
3660 2939 3885 2994 habeant

2300 3037 2485 3077 omnia
2512 3039 2847 3083 communia.

2373 3157 2568 3213 XXXI.
2603 3159 2732 3214 Sine
2763 3162 3043 3215 seniorum
3067 3163 3239 3217 verbo
3258 3172 3316 3217 et
3345 3164 3685 3218 auctoritate
3714 3166 3887 3219 nullus

2297 3249 2527 3303 fratrum
2576 3251 2878 3320 quidquam
2922 3261 3046 3322 agat
3081 3270 3095 3306 :
3138 3269 3321 3323 neque
3361 3255 3603 3324 accipiat
3648 3257 3881 3325 aliquid.

2296 3357 2476 3411 neque
2499 3342 2625 3408 det;
2658 3359 2836 3412 neque
2867 3361 3097 3414 usquam
3121 3361 3353 3415 prorsus
3378 3348 3672 3422 procedat.

2372 3474 2590 3529 XXXII.
2630 3476 2768 3531 Cum
2807 3493 2942 3532 vero
2973 3477 3197 3534 inventa
3237 3479 3406 3535 fuerit
3437 3483 3623 3553 culpa,
3670 3486 3764 3541 ille
3799 3491 3880 3555 qui

2303 3568 2593 3636 culpabilis
2609 3570 2909 3635 invenitur,
2929 3572 3261 3642 corripiatur
3277 3574 3346 3627 ab
3362 3574 3567 3630 abbate
3592 3580 3879 3633 secretius.

2301 3656 2456 3722 Quod
2489 3659 2533 3712 si
2560 3677 2668 3714 non
2699 3659 2898 3715 sufficit
2931 3661 2998 3716 ad
3033 3663 3477 3721 emendationem
3503 3709 3519 3730 ,
3554 3673 3881 3740 cerripiater

2301 3763 2330 3801 a
2362 3751 2550 3817 paucis
2590 3753 2924 3808 senioribus.
2961 3753 3117 3820 Quod
3151 3757 3194 3809 si
3227 3773 3328 3813 nec
3357 3759 3438 3813 sic
3476 3763 3877 3824 emendaverit,

2297 3841 2845 3908 excommunicetur;
2880 3852 2935 3896 et
2962 3860 3071 3898 non
3100 3847 3394 3903 manducet
3428 3852 3761 3922 quidquam.
3788 3856 3876 3908 Cui

2295 3932 2435 3988 sine
2472 3933 2576 3988 hoc
2614 3936 2836 4006 quidem
2878 3938 3182 4007 profucrit,
3211 3942 3262 3995 in
3302 3945 3554 4012 quolibet
3604 3948 3731 4001 loco
3767 3950 3876 4003 fue-

2291 4024 2385 4085 rit,
2416 4039 2726 4094 postremus
2767 4029 2912 4084 inter
2932 4046 3124 4086 omnes
3164 4032 3217 4086 in
3253 4036 3528 4103 psallendi
3561 4039 3762 4095 ordine
3785 4058 3874 4110 po-

2291 4125 2474 4171 natur.
2528 4117 2682 4184 Quod
2736 4121 2780 4174 si
2834 4121 2889 4176 in
2957 4125 3226 4193 pravitate
3295 4139 3667 4194 perseverat,
3717 4137 3874 4188 etiam

2288 4214 2555 4282 psallendi
2595 4216 2645 4269 ei
2686 4216 2918 4272 facultas
2961 4218 3262 4273 auferatur.
3310 4223 3485 4288 Quem
3536 4225 3582 4278 si
3633 4229 3723 4282 vel
3771 4230 3874 4282 Im:

2288 4304 2540 4360 confusio
2576 4323 2686 4361 non
2717 4313 3100 4374 commoverit,
3146 4313 3488 4369 abstineatur
3524 4333 3557 4371 a
3603 4333 3870 4375 conventu

2222 4391 2263 4445 Ι)
2291 4395 2518 4451 fratrum
2546 4415 2561 4462 ;
2592 4398 2666 4451 ita
2691 4409 2876 4455 utnec
2902 4417 3104 4457 mensa“:
3128 4444 3141 4466 ,
3169 4419 3271 4458 nec
3295 4405 3473 4461 Missae
3514 4408 3761 4472 intersit,
3790 4428 3873 4466 ne—

2289 4505 2395 4558 que
2426 4506 2550 4544 cum
2578 4507 2646 4546 eo
2679 4493 2826 4547 ullus
2857 4493 3027 4548 frater
3055 4495 3123 4550 de
3151 4498 3469 4568 junioribus
3499 4504 3869 4573 colloquatur.

2267 4580 2676 4637 'Abstinebitur
2700 4594 2882 4638 autem
2922 4597 3030 4640 tam
3058 4586 3173 4651 diu,
3211 4606 3374 4659 quam
3399 4592 3493 4647 diu
3523 4596 3610 4648 vel
3643 4598 3870 4665 qualitas

2289 4673 2464 4742 culpa:
2505 4675 2853 4744 poposcerit,
2889 4680 3195 4734 secundum
3239 4683 3456 4738 abbatis
3483 4701 3551 4740 ac
3593 4690 3866 4742 seniorum

2290 4764 2616 4831 arbitrium;
2675 4767 2762 4822 vel
2813 4784 2871 4824 se
2913 4785 2981 4824 ex
3029 4772 3194 4827 corde
3225 4773 3345 4843 'pro
3396 4778 3562 4846 culpa
3601 4782 3869 4849 paenitens

2288 4854 2661 4912 humiliaverit
2685 4899 2700 4923 ,
2733 4867 2790 4915 et
2815 4862 3030 4916 veniam
3063 4865 3269 4920 erroris
3308 4867 3392 4920 sui
3443 4870 3709 4930 omnibus
3739 4888 3868 4942 prs»

2287 4949 2534 5003 sentibus
2571 4952 2814 5020 petierit.
2872 4954 3028 5020 Quod
3085 4957 3130 5010 si
3182 4957 3238 5010 in
3297 4959 3525 5016 fratrem
3579 4966 3862 5034 peccavit,

2284 5040 2450 5095 etiam
2500 5041 2568 5095 ab
2612 5059 2678 5098 eo
2732 5043 2900 5100 fratre
2959 5048 3174 5102 veniam
3227 5059 3401 5119 petat,
3458 5054 3551 5107 cui
3611 5057 3863 5125 injuri-ara

2283 5130 2434 5185 fecit.

2352 5243 2592 5299 XXXIII.
2638 5246 2690 5300 Si
2727 5248 2851 5316 quis
2885 5251 3059 5304 errori
3104 5255 3225 5323 ejus
3263 5260 3610 5312 consenserit
3634 5302 3648 5320 ,
3693 5273 3750 5313 et
3784 5277 3862 5314 se

2281 5338 2522 5390 cundum
2570 5338 2830 5393 duritiam
2875 5343 3024 5396 illius
3066 5347 3242 5414 magis
3275 5350 3570 5404 consilium
3621 5354 3860 5412 dederit.

2280 5436 2340 5480 ut
2371 5444 2429 5482 se
2461 5431 2675 5486 tardius
2705 5433 2982 5496 humiliet,
3019 5438 3156 5492 sciat
3186 5455 3243 5493 se
3283 5456 3409 5494 cum
3448 5443 3500 5496 in
3534 5445 3637 5499 hoc
3666 5463 3860 5500 errore

2281 5518 2445 5574 fuerit
2478 5521 2886 5592 deprehensus,
2923 5528 3086 5582 simili
3136 5532 3298 5586 modo
3346 5535 3676 5604 culpabilem
3715 5541 3863 5606 judi-

2279 5613 2414 5667 cand
2425 5631 2454 5665 u
2465 5630 2514 5666 m
2522 5652 2538 5668 .

2359 5722 2598 5781 XXXIV.
2630 5725 2742 5782 Iloc
2765 5727 2930 5784 etiam
2949 5730 3271 5792 addendum
3305 5737 3404 5793 fuit
3432 5757 3444 5805 ;
3480 5752 3542 5796 ut
3574 5742 3749 5797 frater
3765 5743 3857 5814 qui
