4060 6520
179 331 277 394 981)

1421 333 1732 396 REGULA
1770 335 2254 396 ORIENTALI‘S.

3324 344 3428 406 990

179 437 269 491 pro
293 417 538 488 qualibet
558 418 718 488 culpa
745 419 995 490 arguitur
1019 420 1104 474 vel
1135 420 1452 492 increpatur
1470 465 1484 487 ,
1529 426 1742 494 patien-
1768 427 1818 486 A
1842 426 2119 496 Evangelii
2161 435 2514 496 pnrceptum,
2541 435 2595 481 ct
2623 427 2950 497 praebebunt
2980 430 3062 486 eis
3085 433 3274 487 omnia
3309 451 3432 504 qua:

176 513 299 566 tiam
335 511 556 574 habeat,
593 517 649 564 et
684 525 794 565 non
836 511 1170 580 respondeat
1209 515 1459 582 arguenti
1500 531 1558 569 se
1596 533 1610 568 :
1646 516 1743 570 sed

176 602 422 658 humiliet
456 617 514 656 se
540 602 595 655 in
628 601 908 666 omnibus,
949 612 1006 656 et
1036 603 1314 658 emendet.

237 734 452 790 XXXV.
505 733 560 788 Si
594 750 728 790 vero
765 735 933 791 fuerit
958 735 1160 806 aliquis
1184 746 1296 791 tam
1330 736 1506 792 durus
1542 748 1597 792 et
1634 747 1744 794 tam

172 831 382 884 alienus
414 844 445 882 a
477 828 676 882 timore
705 829 946 888 Domini.
989 837 1049 882 ut
1080 838 1158 883 tot
1202 829 1662 899 castigationibus
1683 839 1747 883 ct

172 928 247 975 tot
273 918 690 973 remissionibus
719 934 828 972 non
858 920 1138 984 emendet,
1172 920 1499 990 projiciatur
1527 919 1594 974 dc
1630 934 1748 972 mo-

173 1011 448 1076 nasterio,
498 1019 552 1064 et
589 1011 741 1064 velut
793 1020 1092 1067 extraneus
1145 1013 1415 1067 habeatur
1448 1029 1462 1065 :
1504 1027 1572 1066 ne
1613 1011 1747 1066 vitio

172 1105 339 1175 ipsius
370 1103 461 1157 alii
494 1102 904 1172 periclitentur.

235 1238 474 1294 XXXVI.
515 1238 671 1306 Quod
716 1240 762 1294 si
802 1239 1002 1310 aliquis
1039 1240 1258 1296 locutus
1289 1240 1499 1305 fuerit,
1547 1240 1632 1295 vel
1673 1239 1751 1294 ri-

172 1333 300 1389 serit
356 1333 413 1386 in
457 1331 752 1395 vescendo,
806 1332 1155 1399 increpetur,
1201 1344 1258 1390 et
1305 1341 1428 1404 agat
1473 1333 1749 1404 poeniten-

172 1423 318 1478 tiam.

235 1559 497 1614 XXXVII.
541 1559 597 1614 Si
619 1559 744 1630 quis
773 1560 841 1614 ad
874 1559 1322 1615 manducandum
1352 1560 1566 1615 tardius
1587 1575 1750 1615 vene-

169 1653 240 1706 rit
269 1652 475 1721 absque
502 1652 726 1722 majoris
757 1653 1008 1722 imperio,
1043 1653 1298 1707 similiter
1322 1662 1444 1723 agat
1475 1653 1752 1722 pumilea-

172 1745 324 1810 tiatn,
363 1753 458 1798 aut
485 1745 552 1799 ad
579 1744 773 1800 cellam
804 1761 960 1800 suam
980 1747 1199 1818 jejunus
1238 1754 1568 1802 revertatur.

234 1879 520 1936 XXXVIII.
563 1865 619 1936 Si
650 1881 859 1951 aliquid
892 1883 1266 1938 necessarium
1307 1882 1474 1937 fuerit
1509 1881 1562 1935 in
1589 1895 1744 1934 men-

172 1988 254 2036 sa,
287 1987 452 2026 nemo
479 1973 705 2028 audebit
732 1973 910 2044 loqui,
942 1973 1038 2028 sed
1062 1974 1508 2028 ministrantibus
1529 1974 1743 2042 signum

175 2064 291 2118 soni
330 2064 501 2118 dabit.
550 2065 782 2119 Ministri
824 2081 956 2120 vero
996 2065 1203 2134 absque
1243 2065 1329 2119 his
1367 2080 1487 2134 qua:
1517 2063 1571 2116 in
1597 2078 1747 2117 com—

170 2172 332 2210 mune
372 2155 636 2209 fratribus
677 2166 982 2227 przeparata
1019 2166 1168 2220 sunt,
1202 2157 1339 2210 nihil
1381 2155 1532 2210 aliud
1561 2171 1747 2210 come-

169 2249 319 2312 dant,
343 2264 443 2302 nec
466 2255 706 2302 mutatos
741 2250 895 2303 cibos
923 2248 1026 2303 sibi
1062 2249 1303 2303 audeant
1333 2262 1668 2318 praeparare.

237 2382 480 2437 XXXIX.
517 2383 688 2437 Nemo
718 2383 842 2453 plus
872 2382 1033 2438 alteri
1057 2383 1209 2437 dabit
1232 2398 1396 2453 quam
1423 2382 1561 2436 alter
1590 2396 1747 2436 acce-

168 2475 280 2546 pit:
321 2474 535 2544 quodsi
575 2475 896 2528 obtenditur
927 2475 1237 2538 inlirmitas,
1285 2472 1611 2544 praepositus
1647 2472 1748 2526 do-

171 2582 287 2620 mus
314 2577 503 2637 perget
526 2566 591 2620 ad
617 2568 898 2621 ministros
925 2566 1334 2636 acgrotantium,
1355 2565 1499 2621 etab
1521 2565 1608 2619 his
1627 2580 1749 2635 quae

169 2660 478 2715 necessaria
513 2670 640 2714 sunt
671 2661 925 2729 accipiet.

236 2797 353 2851 XL.
391 2796 622 2863 Quando
654 2796 721 2850 ad
752 2798 955 2852 ostium
1003 2796 1328 2853 monasterii
1369 2795 1538 2867 aliqui
1581 2809 1750 2852 vene-

171 2891 297 2950 rint.
339 2891 384 2944 si
423 2891 610 2945 clerici
639 2890 845 2945 fuerint
871 2899 964 2945 aut
999 2890 1280 2955 monachi,
1313 2890 1507 2960 majori
1538 2889 1750 2943 honore

170 2983 546 3052 suscipientur
598 3001 612 3037 :
669 2983 1041 3054 lavabuntque
1093 2983 1262 3054 pedes
1315 2997 1548 3046 eorum,
1595 2981 1750 3052 juxta

243 3181 356 3250 (‘28)
387 3179 909 3235 Psiatlt0.Psiatnum
941 3181 1055 3234 sive
1087 3178 1384 3242 Paul/tium,
1452 3185 1538 3232 est
1597 3185 1747 3246 teges

173 3254 286 3308 sive
320 3261 524 3312 storea.
553 3268 619 3306 ex
655 3253 823 3321 junco
851 3252 966 3305 sive
989 3267 1194 3322 papyro
1215 3252 1616 3322 confectatqua
1653 3262 1750 3312 pro

173 3323 316 3381 lecto
345 3333 402 3379 et
425 3319 668 3394 stragulo
697 3319 1004 3378 utebantur
1019 3319 1294 3376 monachi.
1326 3321 1447 3378 Vid.
1490 3319 1751 3389 lloswey-

1851 526 1976 588 apta
2020 527 2148 572 sunt
2182 519 2306 573 usui
2337 519 2752 575 monachorum.

1921 654 2057 709 XLI.
2099 655 2155 709 Si
2205 657 2328 726 quis
2359 658 2425 712 ad
2461 660 2664 714 ostium
2704 660 3025 716 monasterii
3067 662 3304 727 venerit,
3353 662 3437 716 di-

1852 762 1984 802 cens
2005 749 2145 802 velle
2173 764 2230 804 se
2253 749 2443 804 videre
2470 750 2691 806 fratrem
2716 767 2876 805 suum
2901 751 2986 805 vel
3038 753 3432 822 propinquum,

1846 839 2054 908 janitor
2080 841 2363 895 nuntiabit
2400 842 2608 907 abbati,
2633 853 2689 898 et
2709 845 3065 913 permittente
3094 860 3160 898 eo
3200 845 3434 914 accipiet

1854 931 2108 985 cmiiteiu
2138 934 2295 1002 cujus
2324 933 2458 988 fides
2489 935 2716 1004 probata
2747 946 2867 1001 est;
2899 946 2954 992 et
2981 937 3060 992 sic
3085 937 3338 991 mittetur
3365 937 3431 990 ad

1855 1017 2079 1072 fratrem
2113 1019 2410 1074 videndum
2438 1021 2522 1075 vel
2550 1023 2883 1091 proximum.

1924 1151 2085 1206 XLII.
2125 1151 2179 1207 Si
2231 1153 2579 1224 propinquus
2629 1157 2864 1227 alicujus
2916 1170 3168 1213 mortuus
3219 1159 3428 1222 fuerit,

1855 1245 2226 1317 prosequendi
2262 1246 2427 1301 funus
2457 1263 2568 1302 non
2605 1248 2832 1302 habebit
2862 1249 3166 1316 licentiam,
3191 1251 3299 1306 nisi
3334 1251 3433 1305 Pa-

1857 1349 1940 1394 ter
1972 1338 2289 1392 monasterii
2322 1340 2665 1408 praeceperit.

1924 1471 2110 1527 XLIII.
2152 1474 2344 1529 Nullus
2378 1473 2445 1530 de
2486 1474 2649 1531 horto
2676 1476 2832 1531 tollat
2869 1477 3039 1540 olera,
3075 1477 3182 1530 nisi
3206 1477 3274 1532 ab
3307 1478 3437 1533 hor-

1856 1565 2044 1644 tulano
2071 1566 2368 1636 acceperit.

1926 1700 2108 1756 XLIV.
2149 1701 2322 1756 Nemo
2345 1702 2500 1756 alteri
2533 1703 2790 1772 loquatur
2829 1704 2883 1758 in
2927 1704 3210 1759 tenebris:
3249 1704 3435 1758 nullus

1683 1830 1720 1863 ρ
1779 1787 1823 1846 Β
1853 1793 1906 1846 in
1934 1792 2279 1863 psiatho(28)
2310 1808 2434 1847 cum
2456 1795 2630 1848 altero
2657 1795 2894 1850 dormiat
2923 1816 2938 1849 :
2962 1813 3182 1851 manum
3209 1798 3437 1854 alterius

1846 1900 2010 1938 nemo
2037 1893 2259 1939 teneat:
2295 1885 2391 1939 sed
2430 1886 2544 1940 sive
2581 1889 2798 1942 steterit
2823 1931 2837 1952 ,
2884 1888 3000 1942 sive
3041 1880 3424 1954 ambulavelit,

1846 1977 1963 2031 sive
1997 1977 2222 2041 sederit,
2255 1993 2366 2032 uno
2391 1978 2580 2033 cubito
2608 1977 2775 2033 distet
2813 1979 2882 2032 ab
2914 1980 3108 2034 altero.

1916 2113 2074 2168 XLV.
2116 2112 2172 2168 Si
2199 2114 2324 2184 quis
2349 2113 2537 2168 tulerit
2565 2128 2679 2168 rem
2710 2129 2821 2167 non
2844 2130 3023 2178 suam,
3058 2123 3295 2184 ponetur
3325 2129 3418 2167 su-

1847 2220 1944 2274 per
1978 2205 2236 2260 humeros
2266 2206 2416 2275 ejus;
2448 2216 2506 2261 et
2533 2205 2612 2261 sic
2649 2215 2772 2276 agat
2802 2207 3180 2275 paenitentiam
3207 2206 3430 2275 publice

1847 2294 1906 2350 in
1944 2295 2196 2352 collecta.

1917 2429 2100 2483 XLVI.
2161 2429 2216 2484 Si
2245 2430 2568 2499 pmpositus
2597 2429 2798 2502 injuste
2819 2431 3174 2501 iudicaverit,
3209 2433 3426 2502 injusti-

1851 2523 1940 2577 tize
1965 2522 2035 2576 ab
2064 2521 2187 2576 aliis
2213 2523 2695 2578 condemnabitur.

1921 2674 2128 2730 XLVII.
2169 2674 2272 2742 Qui
2297 2675 2574 2731 consentit
2609 2677 2870 2747 peccatis,
2901 2687 2956 2732 et
2991 2677 3238 2732 defendit
3266 2679 3432 2733 alium
3518 2677 3523 2681 ’

1851 2769 2288 2839 delinquentem,
2319 2769 2639 2824 malcdictus
2675 2771 2782 2824 erit
2807 2770 2949 2840 apud
2976 2771 3144 2824 Deum
3169 2779 3226 2826 et
3254 2771 3433 2825 homi‘

1850 2876 1970 2928 nes,
2001 2868 2058 2915 et
2077 2861 2409 2931 corripietur
2441 2861 2815 2930 increpatione
2854 2861 3222 2916 severissima.

1861 3171 1990 3225 dum
2031 3168 2085 3223 in
2129 3168 2404 3224 Onomast.
2458 3164 2523 3218 ad
2553 3164 2662 3219 Vit.
2699 3163 2802 3218 PP.
2844 3161 2999 3224 1035,
3031 3173 3088 3218 et
3115 3159 3432 3218 Menardum

1859 3243 1926 3295 ad
1956 3240 2304 3296 Concordiam
2335 3235 2549 3306 Regul.,
2591 3251 2712 3304 pag.
2745 3233 2866 3306 7758.
2903 3236 3250 3306 IlocsrsN.—
3276 3229 3434 3287 Vide-

1859 3312 1936 3367 sis
1956 3311 2218 3381 Cangium
2255 3309 2310 3362 in
2351 3305 2640 3371 Cl’ossario,
2679 3321 2732 3360 v.
2765 3305 3051 3361 Psiatium.
