4060 6554
611 321 709 388 991
1771 321 1866 382 AD
1901 317 2260 381 PALLADII
2298 316 2731 379 LAUSIACAM
3765 319 3860 381 992

1711 754 2759 982 PALLADII

1398 1117 2473 1215 HELENOPOLITANI
2551 1119 3094 1214 EPISCOPI

1235 1431 2153 1596 HISTORIA
2260 1429 3256 1591 LAUSIACA.

1239 538 2044 566 Μ

625 540 1236 572 Μ

2045 537 3828 563 mm“

1432 1971 1963 2051 PBJEFATIO
2019 1970 2338 2050 GENTI
2359 1975 2406 2048 A
2423 1973 2526 2050 Nl
2611 1966 3082 2048 HEBVETL

695 2418 789 2478 De
820 2414 1274 2478 monachorum
1298 2416 1449 2488 vita,
1479 2416 1766 2480 moribus
1795 2423 1857 2478 et
1886 2416 2223 2491 institutis,
2249 2433 2392 2478 cum
2429 2416 2613 2478 multi
2642 2416 2838 2478 multa
2862 2414 3131 2495 sparsim
3165 2411 3552 2491 scripserint
3589 2459 3602 2471 .
3634 2411 3869 2473 Lausus

618 2518 1007 2595 prmpositus
1085 2517 1313 2581 utilem
1375 2517 1770 2580 historiam:
1823 2519 2166 2579 Cassianus
2239 2517 2616 2579 collationes
2675 2538 2693 2578 :
2755 2516 3158 2595 SOphronius
3237 2513 3869 2593 Hierosolymitanus

617 2631 908 2701 paratum
955 2631 1015 2684 et
1063 2641 1300 2686 novum
1336 2623 1699 2701 paradisum
1751 2620 1942 2684 titulo
1990 2623 2263 2684 ediderit
2299 2645 2312 2684 :
2353 2623 2790 2703 Hieronymus
2829 2624 3196 2701 aliquorum
3231 2621 3394 2682 vitas
3429 2637 3442 2680 :
3477 2616 3771 2679 Basilius
3819 2615 3870 2672 in

620 2728 896 2788 ascetico
928 2728 1183 2806 regulas
1219 2749 1233 2787 :
1275 2728 1616 2788 Damianus
1642 2734 1704 2788 et
1734 2727 1872 2788 0dr)
1917 2745 2016 2788 res
2061 2735 2269 2807 gestas
2305 2751 2318 2789 :
2349 2728 2477 2789 duo
2516 2734 2723 2790 tamen
2769 2726 3170 2788 celeberrimi
3223 2733 3282 2786 et
3328 2724 3542 2803 magni
3598 2718 3870 2783 nominis

617 2837 929 2900 auctores,
967 2831 1288 2892 Palladius
1322 2838 1383 2891 et
1415 2831 1881 2905 Theodoretus,
1917 2848 1984 2893 ea
2021 2831 2376 2894 litterarum
2422 2832 2836 2894 monimentis
2886 2835 3368 2898 mandaverunt,
3409 2847 3560 2909 quae
3603 2828 3787 2903 (cum
3831 2827 3865 2881 ii

619 2933 699 2993 de
733 2931 971 3009 quibus
1014 2931 1325 3002 scribunt,
1381 2933 1642 3011 Sytiotm
1686 2940 1747 2992 et
1789 2933 2190 2994 Tahensiotaa
2228 2935 2557 3008 videlicet,
2617 2935 2717 2997 vel
2771 2935 3026 2997 illorum
3069 2932 3499 3012 temporibus,
3542 2928 3644 2992 vel
3697 2928 3871 3005 paulo

619 3037 764 3091 ante
813 3046 1033 3090 eorum
1083 3039 1365 3108 tempora
1414 3033 1720 3111 vixerint)
1767 3039 1874 3094 aut
1905 3049 1936 3092 a
1973 3032 2126 3093 viris
2179 3034 2299 3094 ﬁde
2333 3034 2546 3113 dignis
2591 3035 2700 3113 qui
2747 3052 2819 3097 ea
2855 3035 3172 3107 viderant,
3217 3049 3562 3111 accepere,
3609 3037 3725 3092 aut
3765 3030 3870 3106 ipsi

609 3133 760 3218 ‘suis
803 3132 1009 3192 oculis
1049 3141 1394 3208 praesentes
1440 3152 1848 3211 perspexere.
1891 3134 2181 3207 Quorum
2225 3133 2383 3196 alter
2425 3134 2712 3213 quidem,
2757 3152 2986 3213 nempe
3038 3132 3388 3203 Palladius,
3422 3140 3613 3192 antea
3667 3133 3871 3191 Latine

627 3252 873 3306 versus,
933 3235 1055 3295 sub
1108 3236 1467 3296 Heraclidis
1523 3237 1783 3297 nomine
1831 3237 1896 3297 in
1947 3237 2150 3299 lucem
2181 3237 2362 3307 exiit,
2396 3236 2510 3298 sed
2559 3252 2685 3297 non
2744 3235 3015 3313 integer,
3050 3251 3194 3294 cum
3242 3233 3308 3295 in
3366 3249 3447 3293 eo
3496 3233 3652 3308 plus
3693 3248 3867 3310 quam

624 3335 880 3412 triginta
916 3338 1060 3397 vitm
1104 3338 1574 3400 desiderentur.
1620 3339 1841 3416 Itaque
1892 3356 2016 3399 non
2061 3340 2215 3400 satis
2259 3337 2452 3399 habui
2503 3337 2564 3397 id
2599 3337 2769 3415 quod
2817 3337 2874 3398 ei
2916 3337 3155 3407 deerat,
3190 3333 3523 3412 supplere,
3557 3332 3688 3394 nisi
3739 3349 3867 3392 eum

622 3441 838 3501 denuo
887 3457 918 3500 a
966 3441 1167 3517 capite
1235 3450 1567 3504 verterem.
1615 3443 1750 3503 Hoc
1803 3452 2012 3503 autem
2064 3461 2206 3505 esse
2250 3459 2413 3521 Opus
2467 3441 2755 3514 Palladii,
2806 3457 2996 3502 nemo
3042 3438 3429 3500 dubitaverit
3485 3438 3600 3516 qui
3659 3437 3868 3513 legerit

623 3542 810 3617 caput
839 3541 948 3613 Ιώ,
984 3541 1094 3602 lib.
1122 3561 1167 3602 ιι
1211 3543 1643 3604 ecclesiastica:
1699 3544 2004 3606 Historia:
2045 3544 2389 3622 Nicepltori
2427 3565 2442 3603 :
2475 3542 2824 3615 Palladius,
2876 3542 3114 3621 inquit,
3171 3541 3437 3619 Evagrii
3496 3537 3866 3616 discipulus,

621 3638 784 3700 r‘itas
830 3652 1190 3703 sanctorum
1227 3644 1456 3722 optime
1502 3645 1823 3723 exposuit.
1877 3647 2014 3705 Non
2060 3645 2449 3720 dubitaverit
2496 3644 2684 3706 etiam
2734 3645 2844 3724 qui
2895 3643 3123 3722 legerit
3163 3660 3300 3721 cap.
3354 3640 3500 3700 libri
3533 3658 3670 3700 VIII.
3707 3639 3862 3699 Hist.

631 3742 815 3820 .Trip.
863 3744 1033 3805 Cass.
1072 3754 1131 3806 et
1174 3748 1252 3806 '23
1325 3745 1601 3807 Socratis
1653 3747 2016 3808 scholastici
2069 3771 2083 3808 :
2133 3749 2242 3826 qui
2307 3749 2580 3828 loquens
2633 3749 2711 3810 de
2763 3750 2997 3810 sanctis
3049 3747 3128 3808 de
3189 3745 3431 3825 quibus
3487 3744 3684 3820 paulo
3733 3755 3861 3802 ante

625 3843 997 3919 scripserat,
1030 3845 1158 3907 hmc
1189 3847 1342 3908 dicit
1377 3871 1390 3908 :
1427 3849 1497 3909 Si
1526 3848 1665 3926 quis
1707 3859 1912 3907 autem
1964 3848 2115 3908 velit
2153 3851 2315 3910 scire
2349 3869 2417 3909 ea
2456 3869 2588 3928 qua:
2626 3851 2752 3929 ipsi
2787 3851 3023 3930 egerint
3080 3857 3136 3909 et
3169 3848 3467 3928 fecerint,
3516 3855 3575 3904 et
3622 3863 3757 3922 qui:
3799 3845 3866 3899 ά

625 3960 840 4002 eorum
895 3947 1004 4023 qui
1064 3946 1443 4020 audierunt,
1499 3948 1696 4008 locuti
1725 3949 1855 4008 sint
1909 3950 2282 4022 utilitatem,
2347 3959 2405 4009 et
2445 3951 2954 4028 quemadmodum
3017 3951 3103 4010 eis
3160 3945 3481 4008 obedirenl
3548 3945 3788 4010 bestia;
3835 3964 3865 3998 α

623 4039 914 4107 Palladio
959 4050 1257 4110 monacho
1308 4051 1588 4127 scriptus
1642 4059 1731 4110 est
1794 4048 1953 4109 liber
1995 4068 2191 4119 unus,
2245 4051 2353 4128 qui
2399 4051 2666 4128 Evagrii
2721 4050 2964 4131 quidem
3021 4057 3155 4109 erat
3205 4045 3569 4124 discipulus
3616 4065 3635 4102 :
3677 4043 3751 4102 de
3797 4046 3866 4102 iis

625 4158 828 4208 autem
856 4151 1062 4210 omnia
1090 4161 1380 4211 accurate
1405 4153 1824 4230 pertractavit
1857 4172 1876 4210 :
1908 4151 1976 4210 in
2001 4169 2120 4228 quo
2153 4151 2337 4210 etiam
2370 4153 2646 4213 meminit
2669 4151 2997 4213 mulierum
3027 4169 3159 4229 qute
3190 4165 3312 4228 par
3332 4149 3474 4208 vita:
3513 4148 3864 4207 institutum

629 4267 763 4307 cum
793 4251 949 4310 viris
979 4252 1165 4327 prius
1196 4249 1383 4320 dictis
1415 4259 1841 4330 susceperunt.
1891 4251 2076 4324 Quod
2121 4257 2332 4310 autem
2368 4249 2471 4311 hic
2510 4251 2671 4312 liber
2703 4252 2978 4329 scriptus
3008 4250 3089 4310 sit
3120 4250 3195 4309 ad
3226 4251 3501 4308 Lausum
3523 4295 3540 4320 ,
3579 4247 3864 4323 probatur

629 4351 995 4412 testimonio
1024 4355 1291 4414 Joannis
1324 4355 1695 4415 Damasceni
1727 4352 1791 4413 in
1827 4352 1989 4414 libro
2025 4353 2135 4431 qui
2170 4352 2538 4414 inscribitur
2573 4376 2587 4413 :
2619 4354 2707 4413 De
2740 4355 2820 4414 iis
2850 4355 2955 4431 qui
2987 4355 3050 4413 in
3089 4349 3208 4430 ﬁde
3237 4350 3660 4410 dormierunt.
3697 4349 3858 4420 Quot

629 4448 684 4509 si
730 4452 876 4528 quis
909 4453 1179 4525 dixerit,
1234 4453 1297 4513 id
1346 4456 1519 4531 quod
1570 4454 1844 4516 Macario
1881 4453 1958 4515 ab
2007 4470 2084 4514 eo
2130 4454 2493 4529 ascribitur,
2549 4473 2672 4517 nou
2727 4453 3006 4516 inveniri
3066 4454 3131 4514 in
3186 4453 3301 4512 hoc
3346 4458 3573 4510 nostro
3617 4449 3857 4524 Opere:

629 4548 904 4610 duorum
955 4549 1224 4613 alterum
1281 4570 1538 4613 necesse
1581 4564 1708 4625 est,
1741 4551 1834 4613 vel
1877 4553 1941 4612 id
1998 4551 2201 4613 fuisse
2245 4552 2304 4614 in
2358 4554 2478 4616 hoc
2533 4571 2726 4632 opere
2775 4562 3058 4629 tempore
3111 4550 3515 4619 Damasceni,
3570 4557 3631 4608 et
3679 4546 3860 4607 fuisse

631 4660 846 4727 postea
878 4654 956 4715 ab
1001 4655 1298 4717 haeretieo
1337 4656 1556 4735 aliquo
1600 4657 1914 4718 malitiose
1948 4657 2270 4718 sublatum
2303 4659 2430 4719 :vel
2468 4676 2613 4720 eum
2646 4659 2878 4719 librum
2900 4659 3010 4737 qui
3037 4656 3410 4718 inscribitur
3440 4654 3568 4715 :De
3591 4652 3860 4712 doctrina

627 4751 923 4830 Patrum,
972 4756 1176 4819 fuisse
1217 4759 1407 4820 etiam
1455 4759 1734 4820 Palladio
1781 4759 2210 4835 conscriptum
2258 4782 2271 4820 :
2313 4778 2505 4838 quem
2562 4767 2803 4821 constat
2854 4755 3057 4820 fuisse
3105 4775 3140 4819 e
3187 4759 3406 4818 Grmco
3457 4771 3856 4817 conversum:

627 4872 796 4929 cum,
831 4856 910 4918 (le
942 4857 1145 4934 capite
1178 4857 1437 4930 mortui,
1466 4855 1846 4926 miraculum
1879 4858 2051 4936 quod
2092 4860 2365 4920 Macario
2409 4860 2666 4920 ascribit
2697 4860 3151 4930 Damascenus,
3186 4858 3416 4918 iisdem
3450 4855 3669 4917 verbis
3699 4856 3760 4914 in
3792 4869 3856 4912 eo

626 4972 820 5034 opere
865 4956 1195 5028 referatur,
1246 4957 1412 5018 libro
1465 4964 1725 5035 quarto,
1777 4959 1982 5036 capite
2025 4959 2104 5020 de
2149 4959 2460 5037 exemplis
2503 4966 2562 5019 et
2611 4959 2920 5020 doetrinis
2965 4958 3106 5020 vitae
3152 4957 3536 5036 spiritualis.
3601 4959 3735 5018 Non
3775 4961 3853 5014 est

623 5069 834 5120 autem
867 5061 1039 5138 quod
1084 5077 1118 5121 a
1167 5059 1447 5122 Palladio
1495 5070 1714 5120 nostro
1755 5059 2170 5122 Ciceroniana
2219 5069 2620 5138 exspectetur
2665 5060 3059 5139 eloquentia.
3109 5061 3262 5120 Nam
3309 5075 3454 5118 cum
3501 5059 3644 5130 ipse
3695 5057 3853 5115 nullo

623 5161 910 5224 adhibito
952 5161 1261 5223 orationis
1305 5169 1711 5230 ornamento,
1745 5162 2110 5241 humilique
2142 5180 2211 5223 ac
2259 5143 2449 5240 plane
2493 5161 2745 5239 plebeio
2799 5161 3004 5242 stylo;
3056 5161 3230 5221 visus
3275 5177 3418 5220 sum
3464 5159 3620 5219 mihi
3665 5159 3851 5218 fidelis

624 5265 999 5338 interpretis
1029 5281 1153 5324 non
1179 5262 1514 5324 functurus
1549 5263 1779 5335 ofﬁcio,
1815 5263 1868 5323 si
1903 5263 2089 5324 aliter
2120 5264 2455 5324 vertissem
2489 5279 2678 5341 quam
2709 5262 3094 5339 scripsisset.
3129 5265 3292 5339 Lege
3334 5278 3490 5339 ergo
3525 5277 3648 5320 non
3686 5267 3747 5319 ut
3779 5276 3844 5316 ex

625 5363 767 5442 ejus
826 5365 1098 5427 lectione
1149 5367 1238 5426 sis
1270 5365 1697 5446 eloquentior,
1749 5366 1859 5427 sed
1913 5373 1982 5427 ut
2024 5364 2275 5439 melior,
2323 5373 2384 5426 et
2417 5366 2479 5424 in
2535 5365 2613 5424 iis
2656 5381 2800 5443 qum
2843 5367 2920 5426 ad
2973 5365 3268 5442 pietatem
3318 5371 3379 5425 et
3429 5363 3849 5442 pulcherrin

627 5465 916 5527 historia:
967 5464 1403 5542 cognitionem
1470 5466 1825 5543 pertinent,
1889 5462 2243 5535 eruditior,
2301 5463 2587 5524 imitatus
2625 5464 2927 5525 videlicet
2989 5464 3176 5524 vitam
3238 5464 3590 5542 angelicam
3645 5479 3848 5522 eorum

626 5565 934 5638 virorum,
975 5566 1087 5644 qui
1123 5566 1187 5626 in
1229 5582 1416 5626 carne
1450 5565 1664 5626 minus
1709 5565 2023 5625 carnalem
2071 5563 2288 5638 vitam,
2335 5565 2444 5624 sed
2492 5565 2841 5642 angelicam
2884 5566 3196 5644 degerunt
3231 5585 3246 5623 :
3276 5564 3457 5642 juxta
3505 5563 3846 5639 exemplum

629 5668 802 5747 quod
837 5676 897 5728 et
931 5669 1045 5730 tibi
1078 5669 1412 5747 praposuit
1446 5667 1852 5729 Theodosius
1891 5667 2184 5743 princeps
2221 5667 2526 5744 optimus,
2560 5669 2672 5745 qui
2717 5675 2942 5746 quarto
2981 5668 3270 5746 cujusvis
3304 5666 3716 5728 hebdomadis
3758 5665 3848 5722 die

631 5765 977 5844 icjunabat,
1009 5767 1286 5844 hymnos
1317 5768 1450 5830 Deo
1473 5784 1616 5830 cum
1640 5767 1970 5831 sororibus
1989 5768 2254 5829 alternis
2279 5768 2562 5843 canebat,
2593 5777 2652 5830 et
2687 5785 2765 5832 ne
2796 5769 2873 5830 ab
2906 5771 3215 5831 asccterio
3248 5768 3697 5830 monachorum
3721 5766 3838 5826 aula
