4060 6516
206 354 309 419 993
1234 354 1606 417 GENTIANI
1646 354 1808 415 ΗΕΒ

1867 353 1985 415 ΕΤΙ
2024 353 2440 416 ΡΗᾸΞΕΑΤΙΟ.
3367 369 3470 432 994

197 483 316 557 ειη
337 465 652 543 differret,
679 465 951 551 spiritqs
979 462 1167 528 verba
1186 482 1441 543 semper
1463 465 1529 526 in
1560 480 1668 526 ore
1700 464 1946 539 habuit,
1980 481 2123 527 cum
2150 464 2473 544 episcOpis
2505 468 2565 527 et
2589 461 3027 526 sacerdotibus
3052 480 3465 544 congressus,

199 571 511 634 obscuros
547 571 743 644 locos,
778 577 971 649 τριφα,
1003 578 1064 633 et
1092 568 1295 633 nodos
1320 567 1813 646 Scripturarum,
1841 565 2009 628 baud
2041 567 2228 628 aliter
2248 582 2439 646 quam
2464 564 2517 627 si
2546 563 2744 625 sacris
2777 562 2917 641 ipse
2946 562 3237 627 initiatus
3260 574 3466 639 esset,

206 672 547 751 explicuit,
581 680 771 736 noctu
800 672 982 735 libris
1011 671 1300 753 legendis
1331 677 1635 749 αὐτόματον
1669 668 1809 731 luce

1867 685 1995 731 iam
2018 668 2428 748 excogitavit,
2459 673 2783 747 ἀοργησίαν,
2816 666 2883 729 id
2920 675 3050 740 est,
3079 666 3470 747 injuriarum

206 774 682 848 remissionem,
716 775 988 839 invexit.
1019 776 1392 838 Sacerdotes
1418 772 1581 835 adeo
1612 772 1861 846 dilexit,
1895 777 1965 833 ut
2004 770 2293 850 episc0pi
2334 770 2804 835 Chebronensis
2843 769 3131 835 defuncti
3172 765 3477 846 sagulum

206 874 333 935 sub
368 875 691 956 imperiali
723 876 1063 958 chlamyde
1100 877 1486 957 gestaverit:
1524 875 1683 938 tanti
1725 873 1877 937 fecit
1918 874 2290 947 monachos,
2336 881 2407 937 ut
2447 892 2482 937 a
2521 877 2802 955 quodam
2846 872 3472 941 excommunicatus,

202 975 315 1038 cui
343 977 678 1055 quidpiam
712 978 1165 1057 denegaverat,
1214 994 1344 1040 non
1395 975 1575 1057 prius
1616 976 1832 1038 cibum
1883 976 2234 1053 sumpserit
2271 993 2464 1055 quam
2511 977 2590 1037 ab
2624 979 2849 1040 eodem
2894 977 3008 1038 diu
3060 974 3473 1051 multumque

210 1077 507 1155 quaesito,
539 1077 818 1140 vinculis
849 1078 1105 1140 solutus
1136 1082 1328 1138 esset.
1357 1076 1535 1138 Vixit
1565 1082 1779 1138 autem
1811 1073 2135 1136 Palladius
2166 1075 2522 1153 imperante
2554 1076 2946 1139 Theodosio.
2971 1076 3153 1139 Vale.

280 1177 357 1238 Ut
415 1177 611 1255 probe
667 1193 918 1252 noscas,
982 1176 1199 1251 lector,
1239 1177 1537 1256 quisnam
1596 1176 1920 1238 Palladius
1973 1173 2199 1247 fuerit,
2250 1176 2463 1254 accipe
2526 1178 2772 1256 judicia
2838 1180 3089 1240 Patrum
3168 1178 3246 1238 de
3308 1177 3475 1255 ipso.

201 1283 472 1344 Sanctus
508 1280 980 1357 Hieronymus,
1018 1280 1203 1359 cujus
1236 1280 1301 1340 in
1353 1279 1468 1340 hac
1518 1298 1582 1339 re
1619 1279 1943 1359 judicium
1992 1278 2215 1356 probat
2250 1286 2507 1340 sanctus
2555 1280 2853 1341 Gelasius
2890 1282 2953 1348 Ι.
3002 1280 3373 1358 prmiatione
3408 1279 3479 1343 in

196 1383 367 1445 libro
398 1391 712 1444 adversus
744 1383 1151 1462 Pelagianos,
1191 1384 1279 1443 ait
1316 1405 1331 1443 :
1372 1380 1701 1443 Palladius
1731 1379 1983 1442 servilis
2014 1380 2311 1459 nequitiae
2350 1381 2632 1442 haeresim
2667 1380 3073 1459 Pelagianam
3117 1383 3479 1443 instaurare

195 1492 459 1545 conatus
491 1495 603 1545 est.
637 1486 903 1546 Sanctus
939 1484 1337 1563 Epiphanius
1370 1485 1560 1561 epist.
1599 1484 1673 1544 ad
1704 1486 2015 1544 Joannem
2056 1482 2628 1561 Hierosolymitan.
2684 1484 2778 1546 sic
2821 1484 3035 1563 inquit
3067 1506 3080 1545 :
3122 1483 3481 1544 Palladium

195 1602 343 1645 vero
384 1582 694 1655 Galatam,
726 1585 835 1662 qui
872 1584 1181 1663 quondam
1210 1584 1389 1645 nobis
1423 1584 1651 1645 charus
1678 1585 1830 1659 fuit,
1867 1593 1927 1643 et
1955 1601 2123 1642 nunc
2154 1583 2596 1644 misericordia
2628 1585 2744 1645 Dei
2789 1583 3068 1663 indiget,
3102 1603 3266 1655 cave,
3322 1588 3471 1664 quia

196 1686 492 1767 Origenis
528 1689 806 1751 ha'resim
834 1689 1145 1767 prwdicat
1172 1697 1230 1748 et
1263 1687 1462 1760 docet,
1498 1707 1573 1748 ne
1595 1690 1759 1767 forte
1795 1686 2042 1767 aliquos
2080 1685 2153 1746 de
2183 1686 2419 1765 populo
2455 1688 2575 1749 (ibi
2598 1687 2837 1749 credito
2878 1686 2959 1748 ad
2982 1689 3476 1766 perversitatem

193 1794 301 1855 sui
328 1792 589 1854 inducat
627 1793 887 1853 erroris.
925 1793 1068 1853 Haac
1106 1799 1364 1853 sanctus
1398 1790 1827 1869 Epiphanius.
1865 1794 1942 1851 At
1975 1806 2076 1851 res
2108 1790 2374 1851 Palladii
2411 1799 2643 1869 gestas,
2674 1791 2991 1854 vafritiem
3036 1803 3099 1854 et
3151 1793 3376 1854 odium
3415 1792 3478 1854 in

197 1906 492 1955 sanctum
533 1894 998 1973 Hieronymum
1035 1892 1334 1973 pluribus
1381 1902 1716 1972 exponunt
1754 1892 1987 1956 Annal.
2019 1892 2454 1954 Ecciesiastici
2491 1902 2643 1955 tom.
2678 1896 2755 1954 V.
2794 1898 2881 1956 Ex
2909 1896 3147 1974 quibus
3180 1895 3481 1958 omnibus

197 1997 435 2067 disces,
474 2011 618 2073 qum
650 1996 802 2057 ﬁdes
833 1993 1194 2055 adhibenda
1225 1994 1310 2055 sit
1342 1994 1641 2056 bmretico
1676 1994 1922 2056 homini
1949 1993 2335 2072 Origenistaa
2380 2002 2441 2055 et
2486 1995 2854 2074 Pelagiano,
2890 1996 2957 2057 in
2993 1995 3093 2056 his
3129 1996 3484 2075 praisertim

199 2114 351 2179 qnaa
379 2097 456 2159 de
490 2096 880 2176 quibusdam
914 2095 1016 2155 sui
1044 2094 1375 2157 similibus
1415 2095 1745 2157 monachis
1782 2097 2005 2157 eadem
2044 2093 2323 2173 fuligine
2359 2094 2577 2156 tinctis
2616 2096 2684 2156 in
2731 2095 2847 2157 hoc
2882 2110 3076 2174 Opere.
3116 2098 3328 2173 prodit
3365 2120 3379 2158 :
3415 2116 3487 2159 ac

197 2197 478 2259 maxime
512 2196 867 2257 verendum
900 2211 978 2257 ne
1012 2195 1265 2276 aliquos
1299 2212 1411 2275 pro
1444 2196 1683 2257 sanctis
1720 2197 2033 2270 venditet,
2067 2196 2183 2273 qui
2217 2193 2493 2285 fuerunt.
2516 2196 2905 2275 Origenistaa
2931 2244 2946 2272 ,
2976 2194 3079 2259 vel
3130 2196 3483 2275 Pelagiani.

195 2299 419 2378 Sagaci
456 2298 821 2377 conjectura
852 2299 989 2360 suis
1024 2298 1180 2362 locis
1216 2300 1285 2361 in
1318 2317 1513 2379 opere
1558 2300 1875 2379 quosdam
1910 2300 2101 2362 istius
2141 2298 2417 2363 furfuris
2451 2300 2909 2363 indicabimus.
2940 2302 3014 2362 Ut
3041 2301 3241 2380 magis
3271 2308 3485 2364 autem

196 2399 430 2462 faciem
485 2405 546 2461 et
596 2398 826 2462 intima
880 2400 1147 2463 Palladii
1191 2401 1651 2481 introspicias,
1700 2402 1862 2466 scito
1915 2402 2133 2481 ipsum
2203 2400 2409 2463 fuisse
2454 2401 2848 2481 discipulum
2903 2402 3159 2479 Evagrii
3212 2402 3484 2467 Pontici.

196 2504 590 2583 Origenistaa
632 2506 912 2569 haeretici
946 2508 1137 2571 toties
1166 2507 1245 2570 ab
1276 2508 1565 2570 Ecclesia
1593 2508 1908 2583 damnati,
1945 2508 2025 2571 de
2060 2523 2191 2587 quo
2223 2507 2407 2586 plura
2463 2507 2915 2569 annotavimus
2958 2514 3133 2569 tomo
3166 2507 3240 2581 V,
3292 2508 3486 2570 initio

198 2603 352 2666 libri
390 2606 671 2686 Evagrii.
716 2608 849 2669 Hoc
886 2608 965 2671 de
997 2625 1066 2671 se
1101 2615 1374 2671 testatur
1400 2608 1728 2671 Palladius
1781 2608 1847 2670 in
1900 2608 2017 2670 hac
2065 2608 2395 2682 Lausiaca,
2429 2625 2568 2670 cum
2607 2608 2694 2670 ait
2731 2631 2746 2669 :
2781 2606 3115 2685 Respondi
3176 2624 3278 2669 me
3332 2624 3481 2668 esse

198 2708 644 2786 peregrinum,
672 2709 829 2772 etde
849 2710 1112 2773 Galatia)
1142 2712 1431 2790 partibus
1470 2712 1714 2785 venire,
1741 2717 1803 2773 et
1835 2728 2038 2773 unum
2070 2729 2149 2773 ex
2172 2712 2425 2791 Evagrii
2449 2710 2750 2772 fratribus
2784 2724 2925 2769 esse
2957 2706 3291 2770 confessus
3314 2724 3481 2769 sum.

195 2806 383 2866 Idem
416 2806 811 2870 aﬂirmarunt
841 2810 1127 2873 Socrates
1162 2811 1275 2873 lib.
1307 2831 1406 2885 ιγ,
1439 2828 1576 2890 cap.
1626 2812 1737 2883 18,
1780 2819 1841 2874 et
1877 2811 2279 2891 Nicephorus
2326 2811 2435 2873 lib.
2480 2830 2562 2884 ιι,
2598 2828 2732 2889 cap.
2783 2809 2880 2882 Mi,
2916 2816 2983 2870 ut
3028 2807 3192 2870 nihil
3247 2807 3484 2870 mirum

194 2903 315 2978 sit,
350 2902 402 2964 si
435 2904 662 2967 eodem
697 2905 831 2967 luto
865 2923 1181 2983 errorum,
1217 2924 1348 2988 quo
1382 2910 1706 2989 magister,
1745 2910 1984 2973 tinctus
2032 2909 2354 2972 Palladius
2392 2908 2613 2972 fuerit.
2653 2909 3001 2985 Quorcirca
3044 2916 3113 2970 ut
3163 2907 3283 2970 hoc
3317 2924 3483 2987 Opus

196 3004 469 3067 Laudant
504 3006 792 3069 Socrates
824 3015 887 3071 ct
916 3008 1340 3087 Nicephorus,
1380 3018 1452 3072 ut
1494 3027 1621 3073 non
1671 3011 1842 3073 imus
1887 3011 2134 3074 inficias
2178 3009 2372 3072 multa
2421 3010 2521 3071 illi
2567 3010 2784 3072 inesse
2818 3008 3004 3073 utilia
3035 3014 3098 3073 et
3146 3014 3312 3072 recta
3347 3053 3363 3085 ,
3398 3007 3481 3070 ita

197 3114 455 3171 certum
485 3116 581 3173 est
610 3107 780 3188 illos,
807 3110 1019 3191 qualis
1042 3110 1371 3177 Palladius
1416 3111 1637 3190 fuerit,
1667 3129 1794 3177 non
1833 3112 2095 3192 penitus
2124 3118 2529 3192 perspectum
2570 3110 2894 3175 habuisse.

519 5836 783 5897 ΡΑῖιιοι.
822 5834 932 5894 Gn.
958 5833 1247 5894 XXXlV.
