4096 6502
635 327 735 389 995
2065 339 2252 400 PALL

2229 341 2414 400 QADII
3748 348 3846 410 9:16

1038 646 1688 737 ΠΑΛΛΛΔΙΟΥ
1766 646 2438 754 ΕῘΙΙΣΚΟΠΟΥ
2532 647 3440 736 ΕΛΕΝΟΥΠΟΛΕΩΣ.

1175 887 1296 1011 Η
1373 882 1836 1014 ΠΡΟΣ
1915 874 2602 1012 ΛΑΥΣΟΝ
2669 882 3345 1015 ΙΣΤΟΡΙΑ

1599 1135 2034 1193 ΠΕΡΙΙΞΧΟΥΣΛ
2075 1132 2277 1190 ΒΙΟΥΣ
2310 1135 2508 1190 ΟΣΙΩΝ
2548 1134 2889 1190 ΠΑΤΕΡΩΝ.

2210 1325 2284 1341 ἢ

1787 1473 2058 1529 Genlizmo
2091 1471 2326 1528 Hervcto
2357 1471 2675 1541 interprete.

1090 1635 1328 1701 Ducams,
1359 1634 1790 1705 Supplementa":
1823 1634 2074 1688 Bibliotlz.
2102 1633 2324 1686 Panum
2354 1632 2442 1687 ed.
2490 1632 2660 1692 Paris.
2707 1630 2862 1696 1624,
2895 1631 2983 1686 fol.
3011 1643 3048 1687 ι.
3081 1631 3143 1699 ll,
3171 1647 3221 1703 ρ.
3249 1632 3372 1686 893.

1907 1956 2566 2044 ΠΡΟΟΙΜΙΟΝ.

689 2139 779 2194 Ἑν
806 2139 976 2212 ταύτῃ
1005 2142 1072 2211 τῇ
1109 2139 1276 2212 βίϐλῳ
1314 2140 1731 2212 ἀναγέγραπται
1777 2139 2032 2212 ἐνάρετος
2061 2136 2327 2212 ἄσκησις,
2361 2139 2456 2195 καὶ⁸
2498 2137 2787 2209 θαυμαστὴ
2826 2137 2942 2207 βίου
2981 2135 3248 2209 διαγωγὴ,
3281 2135 3390 2190 τῶν
3426 2137 3722 2210 μακαρίων
3758 2141 3847 2194 καὶ

607 2228 780 2297 ἀγίων
829 2229 1086 2300 Πατέρων
1119 2228 1390 2299 μοναχῶν,
1447 2231 1542 2283 καὶ
1587 2227 1955 2300 ἀναχωρητῶν
1982 2227 2089 2283 τῶν
2123 2229 2181 2280 ἐν
2203 2230 2267 2299 τῇ
2300 2227 2515 2298 ἐρήμῳ,
2553 2225 2690 2295 πρὸς
2737 2224 2895 2292 ζῆλον
2925 2224 3019 2277 καὶ⁷
3051 2224 3286 2294 μίμησιν
3315 2223 3424 2277 τῶν
3451 2225 3553 2294 τὴν
3587 2225 3850 2297 οὐρανίων

609 2317 884 2370 πολιτείαν
912 2316 1205 2371 ἐθελόντων
1245 2317 1563 2388 κατορθοῦν,
1594 2317 1688 2371 καὶ
1713 2317 1810 2388 τὴν
1838 2319 1917 2380 είς
1955 2316 2235 2387 βασιλείαν
2269 2315 2516 2384 οὐρανῶν
2546 2313 2786 2382 ἄγουσαν
2830 2310 3169 2382 βουλομένων
3199 2310 3402 2364 ὁδεύειν
3437 2312 3592 2365 ὀδόν’
3630 2313 3728 2365 καὶ
3759 2331 3849 2381 γυ-

607 2405 811 2459 ναικῶν
854 2404 1233 2476 πρεσϐυτίδων
1261 2407 1356 2458 καὶ
1388 2405 1650 2475 ἀοιδίμων
1695 2405 2069 2459 θεοπνεύστων
2107 2404 2360 2475 μητέρων
2394 2404 2630 2474 μνῆμαι,
2655 2402 2763 2456 τῶν
2787 2401 3020 2472 ἀνδρείῳ
3050 2399 3147 2453 καὶ⁵
3174 2399 3363 2470 τελείῳ
3392 2403 3710 2472 φρονήματι
3733 2405 3851 2466 τοὺς

605 2494 707 2560 τῆς
737 2494 992 2564 ἐναρέτου
1032 2494 1320 2564 ἀσκήσεως
1355 2493 1548 2554 ἄθλους
1585 2492 1955 2559 ἐξανυσασῶν,
1995 2493 2134 2564 πρὸς
2167 2493 2534 2564 ὑπογραμμὸν
2564 2491 2660 2545 καὶ
2705 2490 2888 2561 ἔρωτα
2919 2489 3086 2552 θεῖον,
3113 2487 3222 2540 τῶν
3277 2486 3580 2541 ἐθελουσῶν
3625 2489 3721 2543 τὸν
3761 2491 3851 2559 τῆς

607 2582 935 2652 ἐγκρατείας
979 2582 1076 2636 καὶ
1105 2581 1326 2650 ἁγνείας
1357 2580 1730 2651 ἀναδήσασθαι
1759 2581 2052 2649 στέφανον’
2089 2579 2176 2634 διὰ
2213 2581 2273 2634 τὸ
2303 2580 2407 2635 ὑπὸ
2439 2580 2634 2651 ἀνδρός
2664 2595 2809 2642 τινος
2842 2575 3274 2652 παγκρατίστου,
3303 2575 3396 2628 καί
3425 2578 3492 2645 τῇ
3518 2576 3722 2648 γνώμη
3757 2594 3850 2629 πο·

604 2650 904 2738 λυμαθοῦς,
929 2670 1022 2723 καὶ
1053 2668 1130 2739 τῷ
1157 2669 1276 2740 ήθει
1309 2650 1610 2740 εἰρηνικοῦ,
1643 2667 1736 2721 καὶ
1759 2670 1826 2739 τῇ
1857 2668 2054 2739 καρδίᾳ
2075 2667 2355 2731 εὐσεϐοῦς,
2389 2668 2482 2722 καὶ
2503 2650 2569 2740 τῇ
2595 2667 2807 2738 διανοίᾳ
2832 2663 3131 2732 θεοφιλοῦς.
3161 2650 3260 2716 καὶ
3283 2663 3376 2717 τοῦ
3406 2663 3542 2734 πρὸς
3568 2663 3851 2733 δεομένους

605 2755 716 2808 τῶν
749 2755 947 2825 χρειῶν
979 2755 1320 2819 κοινωνικοῦ,
1354 2755 1450 2808 καὶ
1477 2754 1614 2825 αύτῇ
1650 2757 1863 2824 κορυφῇ
1893 2753 2000 2806 τῶν
2031 2753 2357 2822 ἀξιωμάτων
2385 2755 2474 2810 δια
2504 2754 2850 2826 χρηστότητα
2881 2750 3098 2821 τρόπων
3134 2748 3342 2803 πολλῶν
3375 2750 3618 2819 λογάδων
3651 2751 3853 2821 ἀνδρῶν

609 2843 1105 2915 προτετιμημένοι),
1149 2843 1241 2895 καὶ
1264 2843 1324 2895 τὸ
1349 2841 1468 2895 ὅλον
1499 2844 1562 2911 τῇ
1587 2841 1818 2912 δυνάμει
1852 2839 1943 2894 τοῦ
1973 2840 2116 2893 θείου
2157 2839 2472 2913 [Ινεύματος
2504 2839 2934 2913 φρουρουμένου,
2971 2836 3325 2902 ἐπιτάξαντος
3355 2838 3511 2908 ἡμῖν,
3549 2837 3754 2907 μᾶλλον
3780 2839 3852 2903 δὲ,

608 2935 656 2986 εί
689 2932 796 3004 χρὴ
831 2934 888 2985 τὸ
922 2933 1120 3002 ἀληθὲς
1149 2934 1343 2997 εἰπεῖν,
1379 2932 1514 3002 πρὸς
1541 2932 1638 3004 τήν
1665 2936 1760 3003 τῆς
1789 2932 1896 2984 τῶν
1919 2931 2242 3003 κρειττόνων
2260 2928 2492 3000 θεωρίας
2511 2928 2602 2980 τὸν
2622 2925 2828 2996 νωθρὸν
2855 2923 3016 2995 ἡμῶν
3039 2923 3163 2977 νοῦν
3195 2923 3563 2993 διεγείραντος
3592 2925 3731 2994 πρὸς
3766 2925 3853 2994 μί-

612 3035 778 3087 μησιν
809 3020 902 3071 καὶ
924 3018 1154 3087 ἆμιλλαν
1177 3019 1284 3070 τῶν
1314 3018 1524 3087 ἀρετῶν
1553 3018 1653 3088 τῆς
1679 3019 1965 3089 ἀσκήσεως
1999 3017 2107 3071 τῶν
2131 3019 2293 3072 ὁσίων
2327 3017 2422 3070 καὶ
2444 3015 2728 3069 ἀθανάτων
2752 3011 3135 3083 πνευματικῶν
3166 3012 3322 3082 ήμῶν
3352 3013 3640 3083 Πατέρων,
3670 3014 3777 3066 τῶν
3797 3016 3852 3066 ἐν

608 3107 872 3178 ἀρεσκείᾳ
899 3106 1055 3172 Θεοῦ,
1091 3107 1148 3159 ἐν
1182 3106 1577 3178 σκληραγωγίᾳ
1607 3107 1774 3177 πολλῇ
1807 3106 1900 3160 τοῦ
1927 3107 2178 3178 σώματος
2210 3103 2556 3177 βεϐιωκότων
2580 3120 2593 3135 ·
2626 3102 2702 3165 ὡς
2731 3095 3227 3171 ἁναγραψσῖμένους
3263 3102 3412 3170 ἡμᾶς
3439 3101 3567 3164 τοὺς
3606 3102 3718 3155 τῶν
3743 3104 3854 3157 ἀνιο

609 3195 792 3264 κήτων
825 3193 1072 3264 ἀθλητῶν
1099 3193 1247 3263 βίους
1272 3193 1688 3264 διαπέμψασθαι
1717 3194 1913 3265 τούτῳ,
1944 3195 2422 3266 ἀνακηρύττοντας
2452 3191 2570 3253 ἐνὸς
2595 3190 2828 3244 ἑκάστου
2869 3189 2978 3242 τῶν
3016 3188 3269 3261 μεγάλων
3302 3189 3400 3252 τὰς
3444 3190 3692 3260 ἐνεργείς
3733 3192 3852 3261 ἁρε-

611 3281 728 3342 τάς.
761 3281 916 3332 Ἐστι
941 3281 996 3333 δὲ
1025 3283 1052 3334 6
1083 3279 1176 3333 τοῦ
1200 3280 1344 3334 θείου
1372 3279 1561 3333 τούτου
1593 3283 1686 3334 καὶ
1720 3281 2090 3351 πνευματικοῦ
2120 3282 2286 3336 πόθου
2319 3279 2555 3351 ἐραστὴς
2586 3280 2613 3330 6
2651 3277 2872 3349 ἄριστος
2901 3273 3011 3330 τῶν
3046 3277 3254 3348 ἀνδρῶν
3292 3277 3505 3343 Λαῦσος
3535 3280 3563 3332 6
3593 3283 3736 3350 μετά
3763 3281 3852 3351 τήν

610 3367 704 3420 τοῦ
735 3366 872 3420 Θεοῦ
906 3367 1078 3438 ῥοπὴν
1105 3367 1280 3436 φύλαξ
1306 3367 1640 3438 τεταγμένος
1665 3369 1761 3440 τῆς
1793 3369 1975 3422 ἐνθέου
2003 3370 2095 3422 καλ⁸
2122 3366 2382 3430 εὐσεϐοῦς
2416 3363 2713 3436 βασιλείας.

694 3479 835 3546 Ἐγὼ
862 3479 1039 3532 τοίνυν
1069 3480 1096 3531 6
1123 3479 1214 3534 καὶ
1234 3483 1299 3552 τῇ
1325 3479 1537 3551 γλώττῃ
1567 3480 1908 3546 ἀπαίδευτος,
1941 3484 2035 3534 καὶ
2065 3479 2441 3552 πνευματικῆς
2472 3478 2728 3547 γνώσεως
2755 3476 3065 3549 ἀκροθιγῶς
3094 3493 3211 3540 πως
3242 3477 3601 3548 γευσάμενος,
3629 3463 3724 3532 καὶ
3761 3480 3849 3534 τοῦ

613 3566 916 3634 καταλόγου
960 3565 1068 3619 τῶν
1117 3566 1286 3635 ἁγίων
1325 3568 1587 3639 Πατέρων
1637 3568 2015 3637 πνευματικοῦ
2056 3569 2172 3639 βίου
2204 3568 2444 3635 ἀνάξιος,
2476 3565 2728 3630 δεδοικὼς
2773 3565 2835 3618 τὸ
2873 3565 3014 3634 ὑπὲρ
3055 3564 3155 3634 ἐμὲ
3185 3563 3425 3635 ἄμετρον
3451 3566 3550 3635 τῆς
3589 3568 3850 3635 ἐπιταγῆς

615 3653 867 3724 μέγεθος,
919 3654 1350 3724 δυσανησχέτουν
1393 3655 1714 3727 ἐγχειρῆσαι
1768 3655 1944 3727 τούτῳ
1989 3657 2066 3728 τῷ
2100 3656 2436 3727 ἐπιτάγματι
2489 3655 2687 3724 πολλῆς
2737 3653 2974 3724 δεομένῳ
3013 3653 3109 3706 καὶ
3151 3653 3341 3720 σοφίας
3371 3655 3468 3723 τῆς
3506 3654 3730 3719 ἔξωθεν,
3762 3659 3850 3708 καὶ

611 3741 988 3812 πνευματικῆς
1029 3741 1316 3805 συνέσεως.
1353 3742 1542 3811 Ὅμως
1573 3741 1952 3806 καταιδεσθεὶς
1995 3741 2210 3814 πρῶτον
2244 3743 2305 3796 τὸ
2335 3743 2620 3796 σπουδαῖον
2647 3742 2745 3811 τῆς
2787 3741 2988 3809 ἀρετῆς
3021 3738 3115 3792 τοῦ
3143 3741 3225 3802 είς
3253 3740 3458 3808 ταύτην
3487 3741 3588 3810 τήν
3620 3743 3847 3811 σπουδήν

608 3831 642 3898 ή
653 3829 760 3898 μᾶς
789 3827 1179 3899 διεγείραντος,
1213 3827 1676 3898 ἀναλογισάμενος
1706 3828 1762 3882 δὲ
1788 3830 1880 3882 καὶ
1917 3829 2021 3883 τῶν
2054 3829 2490 3900 ἐντυγχανόντων
2515 3827 2612 3898 τὴν
2639 3825 2932 3895 ὠφέλειαν,
2971 3825 3158 3889 δεδιὼς
3195 3824 3251 3878 δὲ
3295 3826 3387 3879 καὶ
3413 3827 3502 3879 τὸν
3542 3828 3635 3880 ἐπὶ
3662 3831 3726 3898 τῇ
3761 3831 3845 3880 εῦ-

609 3916 754 3987 λόγῳ
790 3921 1043 3988 παρακοῇ
1085 3917 1348 3984 κίνδυνον,
1389 3917 1523 3971 Θεοῦ
1559 3918 1788 3989 προνοίᾳ
1824 3918 2039 3989 πρῶτον
2070 3915 2433 3980 ἀνατεθεικὼς
2465 3915 2526 3969 τὸ
2574 3917 2821 3984 γενναῖον
2871 3913 3186 3984 ἐπίταγμα,
3217 3915 3311 3968 καὶ
3342 3915 3507 3985 πολλῇ
3554 3919 3843 3986 -πφσεχεία

609 4005 954 4076 χρησάμενος
983 4007 1050 4073 τῇ
1080 4005 1188 4058 τῶν
1223 4005 1395 4074 ἁγίων
1430 4005 1690 4074 Πατέρων
1721 4005 2007 4076 πρεσϐείᾳ,
2036 4005 2408 4076 πτερούμενος
2428 4003 2629 4074 ἀνέϐην
2651 4004 2732 4066 είς
2760 4003 2884 4066 τοὺς
2909 4002 3126 4070 ἀγῶνας
3155 4001 3248 4055 τοῦ
3283 4003 3630 4073 σκάμματος,
3659 4007 3751 4058 καὶ
3777 4005 3846 4067 ὡς

610 4095 668 4146 ἐν
702 4094 935 4162 ἐπιτομῇ
962 4093 1068 4144 τῶν
1096 4092 1358 4160 γενναίων
1385 4092 1636 4162 ἀθλητῶν
1668 4093 1760 4146 καὶ
1790 4092 2041 4162 μεγάλων
2069 4093 2278 4166 ἀνδρῶν
2306 4093 2373 4146 τὰ
2403 4092 2622 4162 ἐπακρα
2649 4091 2810 4160 μόνον
2837 4090 2931 4142 καὶ
2957 4093 3156 4162 σημεῖα
3188 4092 3668 4161 ἀναγραψάμενος.

682 4200 756 4252 Οὐ
796 4201 954 4270 μόνον
991 4198 1199 4269 ἀνδρῶν
1227 4199 1484 4269 ἀοιδίμων
1516 4199 1938 4270 κατορθωκότων
1961 4198 2234 4253 πολιτείαν
2264 4201 2512 4271 ἀρίστην,
2538 4199 2673 4253 ἀλλά
2699 4200 2793 4253 καὶ
2817 4199 3092 4268 γυναικῶν
3127 4201 3413 4272 μακαρίων
3448 4201 3546 4254 καὶ
3572 4203 3841 4274 εὐσχημό-

608 4302 714 4342 νων
743 4287 918 4357 ἄκραν
937 4285 1210 4338 πολιτείαν
1227 4285 1638 4356 ἐξασκησασῶν.
1664 4286 1774 4338 Καὶ
1800 4286 1910 4339 τῶν
1940 4287 2039 4357 μὲν
2061 4287 2128 4340 τά
2153 4287 2454 4360 ἱεροπρεπῆ
2483 4287 2752 4358 πρόσωπα
2777 4287 3185 4358 αὐτοπροσώπῳ
3209 4287 3306 4357 θέᾳ
3330 4286 3457 4340 ἰδεῖν
3480 4289 3838 4358 κατηξιώθην·

607 4376 714 4429 τῶν
734 4375 789 4426 δὲ
811 4375 910 4445 ήδη
937 4373 1330 4427 τελειωθέντων
1369 4377 1426 4428 ἐν
1447 4373 1526 4444 τῷ
1552 4376 1836 4445 σκάμματι
1871 4373 1969 4445 τῆς
1997 4375 2279 4438 εὐσεϐείας
2313 4375 2464 4446 παρά
2499 4374 2775 4447 θεοφόρων
2797 4375 3047 4446 ἀθλητῶν
3080 4373 3172 4428 τοῦ
3204 4375 3441 4445 Χριστοῦ
3467 4376 3568 4446 τὴν
3596 4379 3840 4447 οὐράνιον

605 4461 810 4515 τούτων
844 4461 990 4532 ζωὴν
1019 4459 1403 4530 ἐκμεμάθηκα.
1436 4460 1641 4516 Πολλὰς
1671 4461 1726 4514 δὲ
1755 4461 1956 4526 πόλεις,
2005 4464 2104 4515 καὶ
2137 4461 2396 4526 πλείστας
2431 4460 2644 4532 κώμας,
2687 4454 2930 4532 σπήλαιὰ
2953 4477 3014 4514 τε
3043 4461 3160 4532 ἁμα
3185 4463 3279 4515 καὶ
3309 4462 3485 4526 πάσας
3511 4465 3720 4535 σκηνάς
3748 4467 3839 4534 τῆς

607 4549 814 4622 ἐρήμου
839 4547 945 4600 τῶν
987 4547 1233 4618 μοναχῶν
1259 4547 1427 4618 πολλῇ
1468 4551 1532 4619 τῇ
1581 4549 1777 4621 πορείᾳ
1819 4551 2216 4620 περινοστήσας
2266 4549 2577 4613 θεοσεϐείας
2628 4549 2855 4621 σκοπῷ,
2893 4551 3033 4621 μετά
3079 4551 3262 4623 πάσης
3307 4553 3615 4623 ἀκριϐείας,
3667 4554 3704 4608 ἁ
3747 4554 3838 4624 μὲν

607 4636 769 4699 αὐτὸς
809 4635 1100 4707 ἱστορήσας
1136 4633 1553 4706 ἁνεγραῲάμην,
1583 4635 1618 4689 ἀ
1665 4635 1721 4688 δε
1752 4636 1905 4708 παρά
1935 4637 2044 4690 τῶν
2078 4636 2252 4703 ἁγίων
2282 4636 2541 4708 Πατέρων
2573 4638 2821 4708 ἀκήκοα,
2873 4637 3070 4702 ἄθλους
3107 4640 3358 4707 μεγάλων
3387 4640 3600 4710 ἀνδρῶν
3629 4643 3722 4693 καὶ
3754 4642 3839 4693 ἀν·

607 4723 930 4794 δρειοτέρων
957 4725 1055 4792 τῆς
1086 4721 1300 4791 φύσεως
1329 4722 1606 4790 γυναικῶν
1635 4723 1725 4778 διὰ
1754 4723 1854 4795 τὴν
1883 4726 1962 4788 είς
1991 4724 2226 4796 Χριστὸν
2255 4725 2467 4790 ἐλπίδα,
2496 4726 2808 4797 ἐνσημήνας
2836 4727 2892 4780 ἐν
2926 4724 3005 4796 τῷ
3035 4725 3224 4796 βιϐλίῳ
3244 4726 3755 4797 τούτῳάπέσταλκα
3777 4731 3836 4797 τῇ

608 4810 714 4864 τῶν
743 4810 900 4863 θείων
940 4810 1134 4878 λογίων
1176 4810 1304 4882 φίλῃ
1351 4812 1488 4882 ἀκοῇ
1529 4828 1643 4876 σου,
1671 4811 1883 4883 ἀνδρῶν
1917 4811 2154 4884 ἀρίστων
2182 4814 2276 4868 καὶ
2317 4813 2582 4883 θεοφιλῶν
2614 4813 3046 4884 ἐγκαλλὼπισμα
3068 4854 3082 4878 ,
3111 4814 3207 4866 καὶ
3247 4814 3348 4884 τῆς
3384 4817 3712 4887 πιστοτάτης
3751 4816 3839 4869 καὶ

610 4896 889 4966 θεοφιλοῦς
922 4897 1197 4968 βασιλείας
1230 4897 1531 4968 ἀγλάϊσμα,
1557 4903 1743 4970 γνήσιε
1781 4899 1874 4953 καὶ
1912 4899 2224 4970 φιλόχριστε
2277 4900 2429 4955 δοῦλε
2461 4900 2596 4955 Θεοῦ
2648 4899 2854 4966 Λαῦσε,
2901 4899 3212 4971 ἐγχαράξας
3242 4902 3385 4954 κατά
3416 4902 3513 4972 τὴν
3541 4904 3838 4972 προσοῦσαν

608 4985 730 5055 ἐμοὶ
767 4985 1079 5056 βραχύτητα
1113 4985 1345 5039 ἑκάστου
1373 4987 1480 5039 τῶν
1506 4987 1598 5041 τοῦ
1641 4988 1878 5058 Χριστοῦ
1909 4987 2158 5059 ἀθλητῶν
2189 4988 2434 5059 ἀρρένων
2471 5006 2530 5042 τε
2563 4989 2658 5043 καὶ
2689 4987 2923 5060 θηλειῶν
2953 4989 3014 5041 τὸ
3045 4987 3294 5058 ἀοίδιμον
3329 4988 3500 5057 ὄνομα
3521 5006 3535 5019 ο
3569 4991 3836 5059 ἐξηγησά-

611 5071 768 5141 μενός
801 5090 858 5124 τε
907 5073 1015 5125 ἁπὸ
1057 5073 1266 5126 πολλῶν
1311 5074 1407 5127 καὶ
1442 5075 1582 5127 πάνυ
1626 5076 1878 5145 μεγάλων
1911 5075 2088 5130 ἀθλων
2119 5075 2352 5130 ἑκάστου
2385 5077 2598 5146 ὀλίγους
2631 5079 2724 5132 καὶ
2760 5076 2964 5150 σφόδρα
3000 5075 3256 5147 βραχεῖς,
3305 5076 3710 5147 προστεθεικὼς
3739 5077 3837 5130 τῶν

611 5160 875 5213 πλείστων
901 5161 995 5214 καὶ
1020 5161 1080 5214 τὸ
1109 5162 1282 5230 γένος,
1313 5164 1405 5216 καὶ
1436 5164 1536 5234 τὴν
1569 5163 1740 5228 πόλιν,
1775 5163 1870 5216 καὶ¹
1901 5163 1993 5216 τὸν
2025 5163 2227 5235 τρόπον
2254 5164 2353 5234 τῆς
2387 5165 2576 5236 μονῆς.
2891 5174 2900 5183 '

691 5270 1206 5342 Ἐμνημονεύσαμεν
1228 5272 1283 5326 δὲ
1312 5273 1520 5344 ἀνδρῶν
1556 5273 1648 5326 καὶ
1677 5274 1952 5342 γυναικῶν
1988 5271 2431 5342 κατωρθωκότων
2468 5272 2569 5341 μὲν
2602 5274 2681 5336 εἰς
2712 5271 2880 5344 ἄκρον
2911 5271 3009 5342 τήν
3051 5270 3274 5342 ἀρετήν,
3302 5271 3392 5324 διά
3420 5271 3476 5326 δέ
3504 5272 3604 5344 τὴν
3635 5273 3838 5344 μητέρα

505 5393 516 5399 -
606 5359 706 5430 τῆς
735 5359 1132 5429 ὑπερηφανίας,
1165 5359 1260 5431 τὴν
1289 5361 1627 5432 καλουμένην
1658 5361 1984 5428 κενοδοξίαν,
2022 5362 2102 5424 είς
2131 5361 2358 5430 ἔσχατον
2403 5359 2676 5430 βάραθρον
2708 5361 2802 5414 καὶ
2832 5359 3081 5431 πυθμένα
3107 5360 3232 5430 ᾅδου
3259 5360 3715 5430 κατενεχθέντων,
3753 5364 3839 5414 καὶ

608 5447 675 5500 τὰ
703 5448 764 5499 ὲκ
799 5445 1024 5517 μακρῶν
1052 5445 1256 5517 χρόνων
1305 5451 1400 5501 καὶ
1447 5449 1657 5502 πολλῶν
1692 5448 1877 5502 κόπων
1907 5448 2182 5519 κτηθέντα
2221 5448 2404 5510 αὐτοῖς
2434 5448 2710 5519 ἐπέραστα
2749 5449 2843 5502 καὶ
2878 5448 3232 5519 περιμάχητα
3260 5448 3358 5517 τῆς
3385 5449 3673 5518 ἀσκήσεως
3708 5465 3831 5500 κατα

607 5532 922 5603 ορθώματα,
953 5533 1011 5588 ἐν
1043 5535 1140 5604 μιᾷ
1170 5533 1359 5604 καιροῦ
1393 5536 1532 5606 ῥοπῇ
1567 5535 1676 5588 ὑπὸ
1706 5534 1798 5588 τοῦ
1829 5534 2001 5604 τύφου
2036 5535 2132 5588 καὶ
2160 5535 2255 5604 τῆς
2282 5535 2508 5605 οἰήσεως
2544 5535 2870 5607 διαρρυέντα
2907 5551 2922 5567 ·
2954 5536 3136 5606 χάριτι
3166 5533 3223 5586 δὲ
3247 5533 3343 5586 τοῦ
3373 5533 3625 5606 Σωτῆρος
3651 5535 3800 5604 ήμῶν
3819 5573 3836 5599 ,

610 5621 704 5671 καὶ
741 5620 966 5690 προνοίᾳ
1001 5620 1110 5673 τῶν
1154 5621 1327 5690 ἁγίων
1356 5622 1640 5692 Πατέρων,
1675 5621 1770 5675 καὶ
1804 5621 2120 5694 συμπαθείᾳ
2147 5621 2471 5692 σπλάγχνων
2520 5623 2934 5694 πνευματικῶν,
2964 5619 3412 5690 ἐξαρπασθέντων
3458 5621 3566 5677 τῶν
3605 5620 3698 5676 τοῦ
3726 5621 3836 5674 διαο

609 5703 763 5759 ϐόλον
789 5705 1040 5788 δικτύων,
1070 5708 1164 5761 καὶ
1189 5711 1312 5773 ταῖς
1339 5709 1525 5780 εὐχαῖς
1550 5708 1658 5764 τῶν
1687 5709 1858 5778 ἁγίων
1884 5708 1993 5766 τῶν
2026 5709 2295 5780 πρότερον
2325 5711 2795 5783 άνακτησαμένων
2830 5711 3085 5783 ἐνάρετον
3117 5708 3250 5779 βίον.
