4060 6530
306 403 319 456 ε
340 393 405 447 97
1657 399 2102 470 racemum;
3333 415 3447 473 .998

2230 595 3475 628 “mm

251 593 2223 617 Ἡρα-’Ἥ-

768 932 1318 1024 PALLADII
1395 932 1933 1027 EPISCOPI
2018 935 2980 1033 HELENOPOLEOS

1069 1251 1764 1370 HISTORIA
1842 1251 2029 1367 AD
2114 1255 2688 1374 LAUSUM

870 1583 1393 1652 CONTINENS
1461 1589 1732 1649 VITAS
1805 1587 2396 1652 SANCTORUM’
2461 1591 2878 1656 PATRUM.

1517 1883 2239 1981 PRO(EMIUM.

333 2161 390 2217 ln
457 2160 561 2218 hoc
614 2163 750 2220 libro
810 2163 1007 2234 scripta
1058 2170 1159 2228 est,
1177 2176 1278 2232 qua
1301 2163 1352 2218 in
1368 2161 1560 2219 virtute
1577 2163 1879 2229 utebantur,
1894 2155 2204 2220 exercitatio
2226 2166 2616 2221 etadmirabilis
2628 2167 2748 2221 vita:
2769 2167 2983 2237 agenda:
3007 2162 3140 2222 ratio
3157 2163 3428 2222 beatorum
3449 2179 3499 2223 et

254 2257 558 2304 sanctorum
611 2251 822 2305 Patrum
845 2253 933 2322 qui
962 2251 1225 2321 degebant
1269 2252 1322 2307 in
1361 2252 1683 2318 solitudine;
1728 2263 1786 2309 ut
1812 2270 1905 2310 eos
1932 2254 2249 2310 aemulentur
2287 2272 2350 2310 ac
2393 2257 2662 2312 imitentur
2687 2257 2774 2327 qui
2819 2256 3090 2312 caelestem
3120 2259 3301 2312 volunt
3341 2260 3498 2313 vitam

253 2349 442 2404 agere,
467 2346 521 2392 et
549 2353 665 2405 qua:
709 2338 774 2393 ad
804 2354 1020 2409 regnum
1051 2339 1304 2395 ccelorum
1359 2340 1590 2407 deducit,
1624 2343 1761 2397 viam
1811 2345 2043 2416 ingredi;
2089 2360 2393 2415 annumque
2443 2347 2721 2403 mulierum
2765 2346 3060 2414 memoria,
3089 2356 3143 2402 et
3184 2349 3496 2418 inclytaruin

261 2438 492 2483 matrum
522 2445 549 2482 a
575 2429 683 2484 Deo
717 2431 1111 2499 inspiratarum,
1130 2446 1247 2501 qua:
1266 2448 1454 2504 magno
1475 2442 1529 2488 et
1551 2435 1670 2488 forti
1693 2437 1870 2491 animo
1899 2435 2102 2492 virtutis
2125 2438 2518 2493 exercitationis
2540 2451 2791 2508 peregere
2817 2438 3126 2502 certamina,
3152 2446 3209 2491 ut
3229 2439 3499 2508 exemplar

252 2532 594 2591 proponatur,
611 2534 665 2579 et
691 2539 840 2578 amor
859 2526 1119 2581 excitetur
1147 2525 1211 2580 iis
1232 2541 1348 2592 qua:
1367 2527 1705 2582 continentize
1717 2544 1778 2583 ac
1794 2530 2047 2584 castitatis
2061 2532 2450 2598 voluntcorona
2475 2531 2734 2598 redimiri,
2756 2545 2821 2585 ex
2846 2530 3110 2585 sententia
3139 2538 3194 2584 et
3216 2533 3489 2584 voluntate

253 2615 375 2680 viri,
409 2616 496 2685 qui
524 2627 604 2672 est
627 2619 768 2671 varia
791 2633 852 2673 ac
875 2618 1148 2688 multiplici
1176 2619 1414 2674 doctrina
1441 2619 1718 2686 prreditus,
1751 2621 1985 2675 moribus
2007 2623 2277 2691 pacificus,
2310 2632 2364 2677 et
2385 2623 2546 2677 corde
2570 2623 2705 2692 pius,
2737 2629 3018 2691 menteque
3047 2621 3344 2690 religiosus,
3371 2622 3496 2675 etin

253 2702 318 2758 iis
343 2719 461 2774 qure
499 2715 620 2761 sunt
647 2722 777 2776 opus
801 2709 1075 2777 egentibus
1103 2706 1556 2763 communicandis
1588 2709 1841 2775 liberalis,
1864 2721 1913 2764 et
1949 2721 2163 2780 propter
2203 2727 2408 2766 morum
2439 2713 2724 2786 bonitatem
2752 2713 2931 2767 multis
2952 2713 3077 2766 viris
3097 2712 3306 2767 eximiis
3336 2720 3417 2766 est
3440 2711 3497 2765 iii

252 2796 472 2848 suminis
520 2797 806 2859 honoribus
855 2800 1187 2866 praepositus,
1212 2807 1267 2853 et
1294 2800 1510 2852 omnino
1539 2800 1833 2854 custoditur
1855 2802 2050 2855 virtute
2079 2802 2238 2855 divini
2268 2803 2513 2871 Spiritus.
2538 2805 2637 2869 Qui
2674 2804 2887 2873 quidem
2936 2803 3086 2857 nobis
3111 2803 3288 2870 jussit,
3312 2801 3422 2866 vel,
3447 2804 3491 2856 si

253 2897 436 2937 verun:
481 2885 656 2952 potius
682 2884 859 2939 dicere
881 2897 1140 2954 oporteat.
1164 2888 1230 2941 ad
1261 2904 1444 2943 eorum
1468 2903 1584 2955 qua:
1609 2897 1733 2943 sunt
1756 2890 1973 2945 meliora
1995 2894 2496 2962 contemplationem
2520 2894 2682 2948 hebes
2705 2901 2944 2948 nostrum
2967 2903 3019 2948 et
3050 2895 3296 2948 obtusum
3336 2894 3483 2948 exci-

251 2975 381 3027 tavit
430 2974 720 3042 ingenium,
751 2985 808 3029 ut
835 2978 900 3030 ad
947 2979 1340 3046 proponendam
1387 2979 1780 3034 adiin-itandum
1813 2981 2060 3035 virtutum
2099 2983 2498 3038 exercitationis
2539 2984 2952 3038 decertatinnein
2985 2994 3287 3038 sanctorum
3319 2985 3488 3037 etim-

260 3066 562 3118 mortalium
576 3075 630 3118 et
658 3065 972 3133 spiritalium
998 3076 1206 3135 patrum
1238 3071 1687 3139 iiostrorum,qui,
1711 3071 1889 3124 utDeo
1914 3071 2198 3138 placerent,
2223 3073 2425 3127 indura
2450 3083 2502 3126 et
2529 3087 2713 3141 aspera
2738 3074 3048 3128 tractatione
3069 3073 3306 3141 corporis
3327 3075 3488 3128 vitain

253 3167 498 3227 egerunt,
533 3159 902 3224 prteclaroriim
944 3161 1264 3214 athletarum
1312 3162 1469 3214 vitam
1519 3177 1548 3214 a
1603 3165 1752 3216 nobis
1778 3164 2098 3233 descriptam
2129 3166 2194 3220 ad
2238 3182 2356 3221 eum
2385 3168 2734 3233 mitteremus,
2765 3167 3179 3237 uniuscujusque
3201 3183 3265 3222 ex
3292 3168 3496 3236 magnis

253 3253 500 3305 strenuus
531 3249 862 3317 przedicando
890 3252 1131 3305 virtutes.
1163 3252 1330 3306 Diviiii
1381 3265 1556 3308 autem
1589 3254 1742 3323 hujus
1767 3263 1821 3307 et
1843 3255 2095 3323 Spiritalis
2124 3255 2370 3313 desiderii
2398 3267 2603 3313 amator
2631 3268 2713 3314 est
2747 3257 2971 3326 Lausus,
3000 3259 3085 3313 cui
3116 3267 3236 3330 post
3265 3260 3493 3317 divinuzn

251 3343 508 3396 auxilium
531 3341 774 3396 mandata
809 3352 889 3398 est
916 3344 1156 3397 custodia
1179 3344 1428 3398 divinitus
1451 3346 1609 3399 afflati
1644 3357 1697 3400 ct
1727 3347 1964 3419 religiosi
1990 3348 2228 3415 imperii.

329 3434 440 3503 Ego
483 3436 638 3504 igitur
663 3436 749 3504 qui
776 3445 830 3489 et
860 3436 1034 3504 lingua
1085 3449 1200 3491 sum
1244 3437 1556 3498 ineruditus,
1582 3448 1634 3491 et
1666 3441 1958 3506 spiritalem
1992 3439 2352 3509 ci‘gnitinnem
2380 3441 2604 3494 summis
2634 3439 3033 3509 quodammodo
3064 3440 3223 3495 labris
3247 3442 3412 3510 attigi,
3443 3453 3491 3495 et

251 3525 499 3597 indignus
537 3543 651 3581 sum
683 3529 769 3594 qui
801 3544 1110 3585 recenseam
1136 3529 1430 3598 catalogiim
1461 3529 1750 3598 spiritalem
1782 3530 1941 3584 vitam
1967 3531 2232 3600 agentium
2261 3539 2563 3586 sanctorum
2589 3531 2818 3595 Patrum,
2842 3541 2894 3585 et
2919 3531 2962 3585 si
2995 3531 3331 3585 reformidem
3357 3547 3494 3600 prm-

250 3619 389 3685 cepti
415 3620 828 3688 magnitudinem
851 3622 988 3689 quod
1013 3637 1155 3675 meas
1179 3623 1316 3676 vii-es
1338 3631 1570 3690 superat,
1597 3632 1644 3675 et
1673 3621 1876 3688 jussum
1907 3637 2048 3691 aegre
2070 3621 2257 3685 feram,
2279 3621 2419 3689 quod
2445 3630 2498 3676 et
2525 3635 2765 3690 magnam
2785 3630 3057 3675 externam
3082 3620 3420 3688 sapientiam,
3443 3635 3491 3677 et

254 3708 546 3775 spiritalem
589 3710 808 3777 requirit
860 3711 1295 3781 intelligentiam;
1325 3710 1587 3764 reveritus
1625 3718 1799 3764 tamen
1851 3711 2076 3777 primum
2118 3721 2170 3763 et
2197 3711 2312 3778 ejus
2338 3711 2424 3779 qui
2467 3711 2532 3763 ad
2563 3715 2666 3765 hoc
2690 3709 3086 3779 exsequendum
3119 3724 3216 3764 nos
3239 3712 3491 3765 excitavit

253 3797 520 3862 virtutem,
545 3810 596 3853 et
625 3809 872 3867 reputans
914 3814 1100 3854 eorum
1128 3801 1217 3868 qui
1267 3801 1379 3853 hinc
1410 3800 1584 3868 legent
1610 3799 1912 3860 utilitatem,
1937 3809 1991 3852 et
2020 3802 2377 3855 extimescens
2407 3801 2699 3869 periculum
2737 3802 2877 3871 quod
2905 3816 3076 3857 essem
3109 3802 3367 3869 aditurus,
3404 3813 3486 3858 et-

251 3885 297 3939 si
322 3887 442 3954 jure
485 3901 673 3956 parere
703 3903 1026 3951 recusarem,
1052 3903 1170 3943 cum
1223 3891 1493 3959 egregium
1535 3891 1760 3958 primum
1794 3890 1998 3959 jussum
2022 3890 2216 3945 divinae
2244 3892 2606 3961 ascripsissem
2636 3893 3013 3959 Providentite,
3043 3909 3340 3966 magnaque
3363 3910 3486 3950 usus

249 3995 426 4036 essem
460 3980 749 4049 diligentia,
783 3989 1087 4034 sanctorum
1119 3979 1336 4034 Patrum
1389 3979 1768 4034 intercessione
1811 3991 2045 4047 erectus,
2069 3981 2133 4034 ad
2155 3996 2217 4036 ea
2250 3996 2367 4036 sum
2398 3997 2699 4052 aggressus,
2731 3983 2896 4037 veluti
2921 3984 3146 4053 quodam
3175 3985 3492 4055 compendio

248 4071 620 4136 praeclarorum
642 4071 956 4128 athletarum
983 4081 1036 4126 et
1061 4085 1373 4141 magnorum
1397 4073 1629 4126 virorum
1652 4086 1856 4127 summa
1884 4073 2053 4127 solum
2081 4074 2376 4127 certamina
2407 4084 2463 4128 et
2493 4074 2642 4143 signa
2669 4074 2998 4129 describens.

340 4154 470 4214 Nec
575 4162 915 4218 solummodo
1033 4160 1298 4216 clarorum
1319 4161 1574 4226 virorum,
1607 4163 1696 4231 qui
1726 4163 1979 4230 optimam
2023 4177 2086 4215 ac
2115 4164 2603 4230 pmstantissimam
2631 4177 2696 4218 ex
2735 4163 2927 4217 virtute
2961 4165 3120 4218 vitam
3158 4181 3314 4233 egere
3335 4207 3350 4231 ,
3389 4168 3484 4220 sed

245 4254 406 4308 etiam
431 4253 702 4307 beatarum
733 4253 1010 4306 mulierum
1043 4269 1160 4322 quae
1189 4253 1241 4307 in
1269 4254 1732 4309 excellentissima:
1761 4255 1882 4309 vitae
1930 4269 2126 4324 genere
2154 4268 2212 4308 se
2245 4254 2465 4308 honeste
2493 4267 2798 4307 exercuere.
2833 4252 2898 4306 Et
2947 4255 3239 4322 aliquorum
3275 4257 3484 4324 quidem

247 4357 312 4395 ex
337 4342 402 4395 iis
430 4355 610 4394 sacros
640 4343 818 4394 vultus
847 4342 1032 4409 utipse
1056 4357 1239 4396 coram
1261 4344 1494 4398 viderem
1522 4359 1636 4399 sum
1657 4345 1920 4414 dignatus,
1942 4346 2030 4413 qui
2049 4344 2158 4414 jam
2179 4354 2302 4399 ante
2331 4354 2452 4397 sunt
2481 4344 2828 4397 consummati
2859 4344 2910 4398 in
2939 4347 3229 4400 certamine
3249 4349 3484 4414 pietatis;

249 4433 550 4501 aliquorum
584 4441 757 4487 autem
787 4434 1059 4490 caelestem
1091 4435 1214 4487 vita:
1243 4437 1624 4491 institutionem
1653 4437 1814 4491 didici
1835 4451 1863 4489 a
1895 4437 2086 4490 divinis
2117 4435 2351 4489 athletis.
2391 4434 2579 4488 Multas
2605 4445 2778 4488 autem
2810 4435 2991 4498 urbes,
3017 4445 3072 4489 et
3096 4436 3289 4490 inultos
3321 4437 3484 4504 vicos,

245 4540 299 4584 et
326 4529 630 4596 speluncas.
662 4536 716 4582 et
737 4529 914 4582 omnia
934 4527 1278 4582 tabernacula
1315 4529 1510 4584 deserti
1565 4531 1947 4585 monachorum
1969 4529 2212 4598 pedestri
2240 4529 2428 4582 itinere
2456 4527 2660 4593 obiens,
2713 4527 3118 4595 diligentissime
3159 4528 3486 4584 consideravi

240 4634 431 4676 eorum
465 4620 714 4689 pietatem
745 4633 807 4673 ac
835 4619 1166 4688 religionem.
1205 4619 1379 4686 Atque
1408 4635 1527 4674 cum
1558 4635 1674 4689 qua:
1718 4621 1909 4687 partim
1942 4619 2155 4688 quidem
2185 4619 2298 4688 ipse
2346 4616 2453 4670 vidi
2495 4615 2848 4684 scripsissem,
2882 4617 3066 4684 partim
3095 4627 3270 4671 autem
3298 4631 3416 4685 quae
3456 4633 3484 4670 a

242 4714 444 4769 sanctis
477 4713 719 4767 Patribus
743 4713 1288 4782 audivi,.magnorum
1330 4712 1562 4766 virorum
1610 4713 1923 4780 certamina,
1952 4723 2005 4766 et
2041 4712 2345 4776 mulierum,
2378 4724 2495 4779 qum
2523 4718 2737 4777 propter
2775 4721 2924 4776 spem
2957 4706 3008 4761 in
3035 4705 3307 4764 Christum
3333 4716 3482 4762 erant

241 4802 490 4858 fortiores
518 4817 673 4872 quam
698 4817 877 4856 earum
906 4803 1109 4857 ferebat
1137 4812 1348 4868 natura,
1375 4802 1533 4869 hujus
1565 4802 1684 4856 libri
1715 4803 1928 4872 scriptis
1957 4805 2316 4865 mandassem,
2363 4800 2478 4854 misi
2507 4800 2572 4854 ad
2624 4808 2743 4852 tuas
2768 4812 2921 4851 aures
2952 4799 3150 4851 amicas
3178 4798 3481 4852 divinorum

239 4895 603 4966 eloquiorum,
629 4895 954 4963 optimorum
987 4895 1220 4950 virorum
1252 4903 1308 4950 et
1335 4894 1702 4964 religiosorum
1731 4897 1916 4962 decus,
1946 4896 2349 4963 ﬁdelissimique
2372 4903 2422 4947 et
2449 4892 2678 4958 religiosi
2709 4891 2913 4959 imperii
2937 4890 3210 4960 splendor,
3234 4905 3481 4960 germane

237 4995 296 5042 et
322 4985 518 5040 Christi
548 4987 718 5040 amice
739 5000 894 5040 serve
924 4986 1016 5041 Dei
1047 4986 1242 5052 Lause,
1289 5003 1383 5057 pro
1412 5003 1470 5043 ea
1501 5004 1620 5058 qua:
1648 4990 1774 5043 mihi
1823 4990 1961 5044 inest
1988 4987 2296 5056 exiguitate,
2341 4984 2759 5052 uniuscujusque
2803 4997 2868 5036 ex
2897 4981 3094 5036 Christi
3137 4981 3350 5037 athletis
3374 4992 3479 5038 tam

238 5078 490 5132 masculis
521 5094 676 5143 quani
708 5077 916 5132 feminis
939 5078 1140 5147 insigne
1171 5094 1383 5145 nomen,
1409 5081 1738 5148 exprimens,
1771 5089 1823 5134 et
1843 5095 1907 5134 ex
1934 5079 2115 5132 multis
2145 5088 2198 5131 et
2225 5076 2429 5145 magnis
2471 5073 2885 5141 uniuscujusque
2912 5071 3288 5127 certaminibus
3316 5086 3480 5141 pauca

237 5172 471 5228 breviter
493 5187 788 5242 exponens;
816 5174 1164 5239 plurimorum
1196 5191 1408 5242 quoque
1438 5191 1605 5243 genus
1637 5177 1796 5231 etiam
1829 5177 2104 5245 adjiciens,
2137 5182 2190 5229 et
2212 5175 2417 5236 urbem,
2443 5181 2497 5226 et
2519 5173 2689 5225 locum
2729 5170 3037 5223 mansionis.

310 5262 644 5316 Meminimus
670 5272 844 5315 autem
874 5263 1106 5316 virorum
1132 5271 1182 5314 ct
1213 5264 1516 5327 mulierum,
1543 5265 1632 5333 qui
1681 5280 1746 5318 ex
1775 5266 1965 5318 virtute
1994 5263 2397 5333 quidem‘vitain
2424 5263 2655 5331 perfecte
2688 5262 3057 5325 instituerunt,
3092 5268 3306 5328 propter
3333 5273 3481 5311 arro-

235 5352 434 5420 gantia:
472 5364 648 5405 autem
680 5363 901 5404 matrem
937 5353 1144 5405 inanem
1174 5369 1291 5421 qua:
1321 5363 1539 5408 vocatur
1567 5355 1812 5422 gloriam,
1847 5355 1896 5407 iii
1921 5355 2157 5407 infimum
2199 5352 2484 5406 inferorum
2530 5351 2860 5414 barathrum,
2894 5359 2947 5403 et
2989 5349 3202 5402 fundum
3239 5350 3478 5416 praecipi-

234 5446 332 5500 tati
365 5447 591 5505 fuerant,
621 5454 671 5496 et
693 5457 813 5512 qua:
837 5442 992 5511 longo
1019 5451 1257 5511 temporc
1280 5454 1332 5498 et
1358 5446 1586 5513 plurimo
1612 5448 1793 5502 labore
1819 5447 1917 5500 sibi
1969 5453 2307 5516 pepererant,
2352 5443 2740 5512 amplectenda,
2766 5452 2817 5498 et
2839 5443 3098 5498 acerrimo
3128 5441 3305 5496 studio
3335 5456 3477 5495 com-

234 5536 472 5606 paranda
500 5533 900 5589 exercitationis
942 5535 1235 5602 benefacta,
1268 5552 1375 5592 uno
1406 5541 1657 5607 temporis
1700 5548 1968 5593 momento
1997 5539 2297 5607 arrogantia
2326 5547 2380 5592 et
2423 5551 2558 5591 vana
2591 5537 2659 5591 de
2687 5550 2746 5592 se
2792 5539 3142 5606 persuasione
3170 5536 3472 5590 amiserant.

227 5630 417 5686 Gratia
443 5637 618 5682 autem
646 5628 816 5681 nostri
863 5626 1180 5694 Servatoris,
1214 5639 1267 5684 et
1311 5639 1617 5685 sanctorum
1673 5633 1886 5686 Patrum
1929 5631 2285 5702 providentia,
2313 5639 2368 5685 et
2394 5629 2655 5684 viscerum
2699 5629 3059 5692 miseratione,
3096 5627 3260 5696 erepti
3291 5636 3412 5680 sunt
3441 5641 3468 5677 a

225 5718 562 5787 spiritalibus
578 5720 769 5775 diaboli
795 5721 1022 5789 laqueis,
1059 5729 1114 5776 et
1139 5732 1442 5780 sanctorum
1469 5725 1710 5791 precibus
1740 5732 2185 5791 recuperaverant
2207 5725 2435 5793 priorem
2459 5723 2621 5779 vitani
2653 5737 2809 5794 quani
2842 5722 3065 5791 agebant
3091 5735 3155 5776 ex
3188 5727 3395 5776 Virtute.
