4060 6544
561 407 662 469 999
2016 401 2329 458 l‘ALLADll
3672 387 3803 441 illi.“

560 528 2163 550 .*———_—_—_———————i——

1886 522 2764 538 ——,_———._————u-—-

945 597 1387 661 EXEMPLAR
1432 596 1837 657 EPISTOLJE
1884 593 2231 657 SCRIPTI‘J
2278 593 2383 652 AD
2431 589 2747 650 LAUSUM
2791 583 3309 647 PBJEPOSITUM
3349 627 3365 656 ,

1520 737 1595 777 ΔΒ
1638 734 1997 777 HERACLIDE
2042 730 2335 774 EPISCOPO
2367 718 2393 747 ⁸
2419 726 2843 771 ΕΔΡΡΔὩΟΟΙΕ.

630 843 807 899 Laudo
830 855 1151 912 magnopere
1183 850 1328 895 tuum
1361 840 1679 895 institutum.
1703 840 1809 894 Par
1830 849 1911 896 est
1932 843 2073 895 enim
2106 849 2162 895 ut
2191 836 2412 904 incipiat
2425 833 2649 902 epistola
2677 848 2706 887 a
2745 830 3048 887 laudatione
3072 846 3086 882 :
3116 826 3257 898 quod
3281 838 3403 880 cum
3430 832 3619 877 omnes
3650 820 3801 872 vanis

561 937 718 990 rebus
746 911 968 995 inhient,
999 940 1055 986 et
1076 932 1275 1000 lapides
1301 931 1587 997 aediﬁcent,
1620 946 1683 986 ex
1711 933 1904 1002 quibus
1933 931 2134 985 nullam
2163 928 2376 998 capient
2392 926 2691 990 utilitatem,
2722 925 2885 979 libros
2905 922 3160 985 aediﬁces,
3184 929 3241 974 et
3263 918 3397 974 velis
3419 914 3621 970 doceri.
3647 911 3804 965 Solus

556 1030 696 1083 enim
719 1037 801 1082 est
830 1027 1197 1079 universorum
1223 1025 1359 1080 Deus
1382 1026 1471 1093 qui
1498 1025 1680 1094 nequit
1706 1025 1904 1091 doceri,
1933 1021 2358 1093 quandoquidem
2389 1028 2444 1074 et
2472 1020 2587 1087 ipse
2617 1032 2712 1085 per
2748 1031 2807 1074 se
2835 1024 2934 1079 est,
2981 1024 3033 1069 et
3060 1022 3183 1067 ante
3210 1025 3268 1066 se
3291 1025 3395 1065 non
3429 1007 3591 1061 habet
3612 1002 3802 1057 alium.

558 1121 671 1174 Alia
702 1128 880 1174 autem
903 1120 1079 1173 omnia
1106 1119 1283 1174 doceri
1312 1118 1829 1188 possunt,‘quoniam
1857 1102 1981 1171 sunt
2001 1124 2058 1171 et
2086 1115 2221 1169 facta
2250 1124 2302 1167 et
2334 1120 2535 1170 creata.
2570 1112 2743 1179 Atque
2792 1107 2946 1174 primi
2977 1106 3190 1176 quidem
3239 1102 3455 1159 ordines
3484 1097 3805 1167 magistram

558 1208 752 1262 habent
778 1222 1037 1261 summam
1060 1208 1404 1272 Trinitatem,
1431 1207 1647 1263 secundi
1678 1216 1853 1261 autem
1885 1206 2094 1260 discunt
2121 1219 2149 1257 a
2176 1204 2381 1273 primis,
2408 1200 2547 1256 tertii
2580 1208 2754 1254 autem
2773 1214 2803 1252 a
2834 1197 3111 1260 secundis;
3137 1204 3190 1249 et
3216 1195 3294 1248 sic
3320 1192 3603 1257 deinceps,
3627 1196 3687 1240 et
3718 1198 3805 1253 per

557 1297 820 1363 ordinem,
851 1312 1017 1366 usque
1038 1299 1101 1351 ad
1125 1306 1412 1352 extremos.
1448 1298 1547 1364 Qui
1569 1300 1712 1352 enim
1734 1305 1856 1351 sunt
1885 1296 2279 1365 prcestantiores
2309 1295 2513 1348 honore
2553 1303 2607 1347 et
2630 1292 2841 1355 virtute,
2894 1290 3087 1345 docent
3113 1301 3206 1343 eos
3231 1285 3319 1355 qui
3349 1293 3474 1339 sunt
3519 1279 3810 1336 inferiores

556 1387 875 1457 cognitione.
910 1387 1010 1454 Qui
1041 1403 1168 1456 ergo
1195 1388 1501 1442 existimant
1529 1401 1587 1442 se
1610 1403 1714 1443 non
1747 1402 1907 1457 egere
1929 1386 2218 1456 magistris,
2247 1393 2339 1440 aut
2362 1399 2467 1439 non
2499 1392 2686 1453 parent
2716 1382 2778 1435 iis
2807 1381 2896 1451 qui
2922 1381 3117 1435 docent.
3149 1380 3201 1432 in
3246 1377 3529 1439 cbaritate,
3564 1373 3811 1427 laborant

562 1478 749 1532 morbo
777 1479 1143 1547 ignorationis,
1174 1493 1289 1545 quae
1316 1487 1398 1531 est
1422 1487 1591 1531 mater
1621 1479 1954 1547 arrogantiae.
1978 1476 2121 1531 Inter
2150 1491 2282 1546 quos
2311 1478 2507 1544 primas
2533 1483 2708 1542 partes
2732 1477 2914 1526 tenent
2935 1469 3001 1523 ad
3023 1469 3319 1534 interitum,
3350 1466 3439 1535 qui
3462 1464 3658 1519 eodem
3682 1461 3812 1513 vitio

558 1569 868 1623 exciderunt
899 1584 926 1622 a
962 1569 1167 1624 caelesti
1194 1568 1518 1624 habitatione
1541 1570 1591 1622 in
1614 1583 1738 1623 aere
1759 1568 2003 1622 volantes
2037 1568 2329 1626 dtemones.
2375 1574 2434 1620 ut
2458 1564 2547 1634 qui
2573 1563 2870 1631 aulugerint
2898 1561 2967 1614 ab
2993 1562 3058 1615 iis
3080 1561 3165 1628 qui
3195 1568 3347 1614 erant
3374 1559 3425 1611 in
3464 1555 3605 1610 caelo
3634 1551 3813 1620 magi-

563 1660 709 1714 stris.
740 1658 855 1713 Non
886 1661 1027 1712 enim
1058 1658 1316 1713 dictiones
1344 1670 1433 1711 aut
1463 1658 1679 1729 syllaba:
1706 1667 1830 1712 sunt
1860 1659 2135 1721 doctrinae,
2164 1672 2293 1728 quas
2324 1670 2703 1725 nonnunquam
2730 1655 2926 1710 habent
2952 1654 3110 1708 etiam
3139 1653 3228 1720 qui
3269 1659 3395 1704 sunt
3423 1646 3685 1718 pessimi;
3719 1647 3810 1699 sed

562 1765 739 1806 mores
769 1760 912 1806 recte
942 1750 1240 1818 compositi,
1274 1758 1329 1805 et
1355 1751 1611 1804 molestiae
1640 1759 1694 1805 et
1723 1750 1956 1814 terroris,
1983 1759 2155 1805 metus
2186 1760 2239 1802 et
2268 1751 2357 1803 irae
2388 1749 2653 1815 vacuitas,
2679 1756 2733 1801 et
2753 1747 2803 1799 in
2835 1745 2993 1800 rebus
3018 1744 3262 1799 omnibus
3293 1740 3483 1795 ﬁducia
3506 1753 3573 1793 ac
3594 1738 3810 1792 dicendi

561 1841 801 1906 libertas,
833 1849 1025 1907 etquae
1055 1854 1330 1895 sermones
1369 1857 1473 1895 non
1501 1856 1655 1895 secus
1684 1841 2024 1911 gignitquam
2048 1842 2183 1911 ignis
2228 1841 2521 1907 ﬂammam,
2564 1838 2931 1893 mansuetudo.
2980 1837 3110 1892 Nam
3135 1838 3177 1892 si
3219 1837 3294 1890 ita
3328 1850 3433 1888 non
3484 1840 3651 1895 esset,
3706 1846 3811 1883 non

560 1930 761 1987 diceret
792 1946 1013 2000 magnus
1035 1931 1285 2000 magister
1313 1932 1421 1985 suis
1448 1933 1721 2001 discipulis
1748 1950 1760 1984 :
1797 1933 1990 1987 Di~cite
2017 1948 2045 1985 a
2074 1950 2178 1997 me,
2207 1934 2454 2003 quoniam
2486 1933 2627 1986 mitis
2658 1946 2774 1986 sum
2803 1940 2856 1986 et
2886 1931 3100 1986 humilis
3125 1930 3284 1985 corde
3317 1927 3541 1997 (Matth.
3565 1926 3669 1985 ιι),
3710 1939 3813 1977 mn

560 2021 844 2078 verborum
872 2032 1061 2078 ornatu
1088 2023 1370 2076 instituens
1394 2032 1449 2077 et
1470 2022 1701 2090 dirigens
1722 2023 2013 2091 apostolos,
2047 2022 2140 2076 sed
2186 2038 2389 2075 morum
2431 2022 2664 2077 bonitate
2690 2022 2957 2075 neminem
3005 2020 3245 2074 molestia
3290 2019 3556 2080 alliciens.
3606 2024 3813 2082 praeter

560 2130 656 2171 eos
681 2116 767 2185 qui
791 2116 1005 2171 verbum
1032 2117 1223 2169 habent
1253 2117 1396 2183 odio,
1429 2125 1486 2173 et
1509 2117 1736 2172 oderunt
1761 2119 2058 2187 magistros.
2091 2118 2311 2186 Oportet
2356 2120 2499 2171 enim
2542 2116 2793 2181 animam,
2823 2128 2941 2183 quae
2966 2113 3187 2167 Christo
3216 2108 3608 2166 convenienter
3655 2121 3816 2161 exer-

567 2211 762 2269 cetur,
826 2204 911 2257 vel
975 2203 1205 2260 ﬁdeliter
1263 2208 1469 2264 discere
1497 2224 1555 2264 ea
1587 2225 1705 2279 quae
1733 2225 1836 2264 non
1868 2212 2031 2275 novit,
2056 2211 2135 2265 vel
2168 2217 2353 2279 aperte
2381 2210 2574 2266 docere
2599 2224 2662 2264 ea
2694 2223 2811 2278 quae
2852 2209 2977 2263 scit.
3017 2206 3073 2261 Si
3100 2206 3243 2260 enim
3271 2205 3590 2258 alterutrum
3620 2201 3816 2254 horum

571 2297 722 2361 nolit,
748 2297 952 2352 laborat
978 2295 1203 2352 insania.
1236 2298 1557 2378 Defectionis
1587 2302 1726 2356 enim
1758 2302 2072 2371 principium
2119 2311 2201 2356 est
2229 2300 2483 2355 doctrina:
2509 2299 2748 2363 satietas,
2776 2306 2831 2352 et
2857 2297 3006 2353 verbi
3051 2295 3339 2360 fastidium,
3389 2292 3536 2361 quod
3601 2305 3816 2357 semper

568 2387 731 2443 esurit
753 2390 926 2442 anima
955 2389 1069 2458 ejus
1091 2392 1176 2460 qui
1208 2392 1373 2447 Deum
1401 2392 1585 2463 diligit.
1615 2395 1739 2450 Vale
1767 2409 1912 2464 ergo,
1944 2404 1998 2450 et
2017 2394 2093 2448 sis
2118 2408 2276 2449 sanus
2303 2401 2358 2448 et
2378 2393 2550 2460 fortis,
2581 2399 2635 2447 et
2658 2388 2820 2463 (quod
2839 2402 3084 2458 magnum
3113 2382 3218 2453 est)
3242 2384 3338 2439 tLbi
3367 2384 3505 2437 Deus
3527 2380 3798 2437 concedat

563 2478 916 2547 cognitionem
943 2479 1161 2534 Christi.

2769 506 3785 531 ,ι’-,Μ

568 2594 3813 2619 —_——_—_—_—____—__——_—__________—_——n———

911 2668 1350 2732 EXEMPLAR
1400 2672 1807 2734 EPISTOLIE
1852 2673 2202 2735 SCRIPTJE
2249 2674 2354 2734 AD
2400 2674 2716 2735 LAUSUM
2758 2672 3277 2735 PIUEPOSITUM
3311 2715 3331 2746 ,

1594 2791 1633 2833 Δ
1676 2790 1981 2834 Μιιωιο
2023 2790 2317 2834 EPISCOPO
2361 2791 2764 2834 CAPPADOCLE

639 2870 769 2927 Cum
810 2872 963 2927 multi
994 2874 1155 2927 multa
1209 2881 1264 2928 et
1290 2874 1434 2928 varia
1465 2873 1697 2929 diversis
1744 2875 2078 2943 temporibus
2120 2875 2315 2945 scripta
2343 2875 2465 2929 huic
2491 2875 2690 2929 smculo
2726 2873 3060 2943 reliquerint,
3089 2884 3317 2942 quorum
3346 2862 3448 2926 alia
3479 2869 3725 2939 quidem,
3757 2884 3820 2923 et

570 2960 665 3015 Dei
692 2975 941 3030 superna:
965 2961 1148 3032 gratia;
1178 2963 1547 3031 inSpiratione,
1579 2971 1702 3018 sunt
1722 2965 1788 3019 ad
1818 2964 2223 3020 aediﬁcationem
2254 2973 2307 3019 et
2336 2964 2675 3019 securitatem
2707 2977 2891 3019 eorum
2924 2962 3013 3032 qui
3043 2962 3186 3016 lideli
3216 2961 3493 3030 proposito
3515 2968 3819 3029 sequuntur

568 3050 811 3118 dogmata
840 3050 1169 3117 Servatoris;
1197 3052 1302 3107 alia
1329 3062 1526 3120 autem,
1550 3069 1615 3109 ex
1645 3064 1899 3124 corrupto
1919 3064 1972 3110 et
1993 3053 2137 3125 quod
2159 3053 2465 3109 hominibus
2490 3054 2699 3123 placere
2742 3055 2888 3123 cupit
2915 3053 3210 3123 proposito,
3236 3052 3507 3107 luxuriant
3530 3052 3603 3106 ad
3631 3067 3819 3107 eorum

568 3138 983 3194 consolationem
1007 3140 1094 3208 qui
1118 3142 1289 3199 inanis
1310 3143 1491 3213 gloriae
1525 3143 1712 3198 morbo
1742 3143 2016 3211 laborant;
2046 3144 2147 3198 alia
2167 3151 2365 3210 autem,
2394 3159 2459 3199 ex
2488 3145 2786 3214 importuna
2808 3144 3033 3214 quadam
3073 3143 3296 3206 insania,
3333 3152 3389 3198 et
3410 3143 3700 3207 daemonis,
3729 3144 3819 3212 qui

573 3247 690 3299 qua:
719 3242 840 3286 sunt
867 3231 1092 3288 honesta
1123 3233 1283 3289 habet
1303 3235 1447 3302 odio,
1474 3235 1810 3305 impulsione,
1835 3236 1899 3292 ad
1924 3236 2115 3291 levium
2144 3236 2415 3291 hominum
2445 3237 2758 3306 perniciem,
2790 3245 2843 3291 et
2872 3237 3200 3291 intemerata:
3228 3234 3513 3289 catholica:
3561 3234 3819 3289 Ecclesiae

574 3322 766 3386 labem,
794 3321 871 3375 ira
894 3332 947 3377 et
974 3326 1274 3393 arrogantia
1306 3327 1610 3395 irruperunt
1638 3329 1689 3381 in
1719 3337 1926 3383 mentes
1954 3328 2259 3390 stultorum,
2292 3337 2349 3382 ut
2368 3328 2529 3382 vitam
2557 3330 2830 3384 honestam
2859 3336 2911 3383 et
2936 3342 3121 3398 puram
3144 3327 3524 3390 obscurarent;
3556 3327 3736 3382 visum
3765 3339 3819 3383 et

578 3412 711 3469 mihi
733 3426 941 3481 quoque
972 3412 1157 3468 humili
1190 3424 1406 3484 propter
1433 3432 1581 3485 spem
1614 3418 1667 3471 in
1696 3416 1989 3485 Christum,
2014 3426 2069 3472 et
2107 3416 2512 3486 magniﬁcentiae
2556 3425 2660 3472 tute
2704 3417 2909 3487 jussum
2960 3416 3247 3483 reverenti,
3278 3417 3360 3470 vir
3401 3415 3817 3481 studiosissime,

572 3506 801 3579 primum
831 3507 1069 3561 omnium
1100 3523 1316 3564 narrare
1341 3524 1403 3564 ea
1423 3511 1599 3564 omnia
1630 3525 1747 3580 quae
1777 3511 1841 3565 ad
1871 3526 1955 3566 me
1978 3511 2264 3581 pertinent,
2288 3521 2341 3567 et
2363 3522 2571 3567 aetatem
2594 3521 2647 3568 et
2676 3513 2871 3567 mentis
2900 3525 3030 3566 mea:
3057 3511 3121 3565 ad
3144 3511 3393 3565 virtutem
3429 3509 3483 3563 in
3508 3508 3678 3562 Deum
3704 3523 3823 3575 pre-

570 3595 784 3663 fectum,
816 3598 1116 3667 incipiendo
1152 3615 1181 3654 a
1199 3600 1420 3669 juvenili
1456 3612 1633 3658 aetate.

643 3687 777 3745 Cum
806 3691 1133 3760 trigesimum
1164 3693 1376 3761 quidem
1405 3704 1460 3749 et
1491 3696 1703 3750 tertium
1734 3712 1929 3752 annum
1960 3712 2169 3768 agerem
2208 3699 2260 3752 in
2302 3700 2707 3754 conversatione
2736 3713 2855 3754 eum
2885 3697 3136 3752 fratribus
3158 3704 3211 3751 et
3238 3697 3347 3750 vita
3377 3695 3647 3761 solitaria,
3679 3695 3825 3763 vige-

571 3781 767 3837 simum
793 3790 972 3837 nutem
1000 3785 1359 3852 episcopatus,
1393 3787 1556 3841 totius
1582 3797 1755 3841 autem
1787 3789 1909 3841 vitm
1937 3803 2069 3844 meae
2098 3788 2598 3858 quinquagesimum
2632 3789 2865 3855 tertium,
2912 3785 3270 3843 necessarium
3310 3786 3640 3849 existimavi,
3670 3787 3823 3853 spiri-

570 3872 689 3926 talis
718 3872 961 3928 utilitatis
988 3875 1179 3944 gratia,
1232 3876 1324 3930 tibi
1375 3879 1609 3946 cupienti
1640 3878 1693 3933 in
1736 3880 1950 3947 scriptis
1974 3894 2193 3934 narrare
2220 3895 2337 3948 quae
2364 3894 2393 3933 a
2416 3878 2612 3933 sanctis
2642 3878 2888 3933 Patribus
2916 3888 3060 3933 recte
3087 3885 3141 3931 et
3185 3892 3246 3931 ex
3280 3877 3476 3931 virtute
3501 3889 3651 3947 gesu
3679 3889 3824 3936 sunt.

568 3967 676 4015 tam
709 3964 958 4019 masculis
988 3980 1144 4034 quam
1175 3965 1405 4029 feminis,
1432 3982 1562 4037 quos
1586 3977 1638 4023 et
1665 3969 1775 4037 ipse
1801 3969 1929 4033 vidi,
1959 3969 2100 4024 etde
2121 3967 2311 4038 quibus
2339 3969 2514 4023 audivi
2538 3970 2604 4023 ah
2630 3969 2821 4023 animis
2852 3968 3192 4034 ﬁdelissimis,
3211 3982 3332 4022 cum
3359 3968 3559 4037 quibus
3581 3979 3827 4022 versatus

568 4070 684 4113 smn
716 4058 768 4111 in
792 4056 1005 4128 Egypti
1036 4058 1340 4129 solitudine,
1366 4068 1418 4114 ct
1442 4059 1493 4114 in
1528 4061 1715 4130 Libya,
1754 4071 1805 4116 et
1831 4061 2124 4125 Thebaide,
2159 4070 2209 4114 et
2240 4060 2416 4129 Syene
2437 4102 2452 4124 ,
2481 4061 2581 4115 sub
2606 4075 2709 4129 qua
2757 4069 2885 4115 sunt
2931 4061 3090 4115 etiam
3137 4061 3227 4128 qui
3268 4060 3519 4114 dicuntur
3547 4059 3827 4113 Tahenne-

569 4149 749 4214 siotte;
778 4150 972 4205 deinde
1003 4150 1055 4203 in
1080 4149 1476 4219 Mesoyotamia,
1518 4152 1818 4216 Palaestina,
1849 4160 1903 4206 et
1927 4151 2099 4221 Syria,
2126 4160 2179 4205 et
2223 4150 2277 4204 in
2318 4150 2557 4219 partibus
2584 4150 2906 4217 Occidentis,
2942 4158 2997 4206 et
3026 4150 3237 4210 Romm,
3268 4156 3320 4201 et
3349 4149 3401 4200 in
3428 4147 3745 4215 Campania,
3774 4160 3825 4202 ct

583 4240 641 4293 in
670 4240 735 4293 iis
760 4255 879 4308 quae
904 4248 1025 4293 sunt
1051 4241 1189 4294 circa
1212 4255 1303 4296 eas
1334 4242 1603 4307 partibus;
1631 4252 1687 4294 ut
1717 4241 1807 4295 tibi
1840 4241 1908 4293 ab
1956 4240 2106 4294 initio
2151 4239 2576 4293 accurratissime
2606 4238 2658 4292 in
2692 4238 2792 4294 hoc
2821 4239 2956 4294 libro
2995 4252 3257 4307 exponam
3285 4237 3451 4289 instar
3472 4239 3825 4303 narrationis;

579 4341 637 4382 ut
656 4346 775 4384 cum
807 4331 1005 4385 habeas
1035 4330 1316 4386 honestum
1346 4342 1399 4385 et
1420 4333 1609 4385 animae
1632 4332 1759 4385 utile
1782 4340 2206 4393 monumentum,
2230 4337 2539 4399 perpetuum
2566 4340 2619 4384 et
2649 4344 2754 4384 non
2785 4327 3240 4384 intermittendum
3285 4328 3500 4395 pietatis
3537 4337 3596 4382 et
3614 4330 3827 4398 religio.

586 4423 669 4473 uls
694 4420 1162 4488 medicamentum,
1191 4436 1403 4477 omnem
1436 4422 1648 4490 quidem
1687 4421 1967 4477 oblivionis
2011 4423 2465 4489 dormitationem,
2499 4439 2617 4495 quae
2652 4438 2717 4479 ex
2763 4420 3048 4490 cupiditate
3074 4421 3291 4475 rationis
3320 4429 3542 4490 experte
3572 4422 3825 4476 inanima

578 4512 939 4577 iugeneratur,
966 4525 1178 4565 omnem
1200 4521 1378 4566 autem
1402 4511 1456 4565 in
1482 4510 1585 4566 title
1611 4512 2019 4580 dubitationem,
2043 4527 2338 4582 omnesque
2377 4514 2429 4569 in
2457 4528 2636 4569 rerum
2666 4527 2760 4568 usu
2791 4512 2976 4566 sordes
3024 4520 3078 4564 et
3128 4512 3462 4580 parcitatem,
3506 4526 3827 4583 omnemque

585 4601 970 4655 dubitationem
1005 4602 1285 4671 [tusillique
1305 4609 1359 4656 et
1383 4602 1573 4671 abjecti
1598 4603 1758 4656 animi
1800 4603 2006 4671 vitium,
2037 4615 2089 4659 et
2127 4605 2342 4660 nimiam
2373 4605 2436 4659 ad
2484 4606 2616 4660 iram
2670 4605 3112 4674 propensionem,
3166 4604 3748 4675 perturbationemque,
3776 4617 3827 4659 es

578 4692 946 4765 aegritudinem
976 4694 1198 4749 rationis
1220 4703 1515 4760 expertem,
1547 4702 1601 4749 et
1627 4694 2050 4763 intempestivum
2075 4699 2321 4751 timorem
2350 4713 2447 4765 per
2478 4697 2529 4752 id
2559 4698 2828 4767 expellas;
2870 4707 2924 4752 et
2951 4710 3017 4773 ne
3041 4710 3071 4750 a
3097 4700 3331 4767 corrupti
3365 4699 3548 4753 mundi
3579 4715 3712 4753 van:
3736 4713 3826 4768 spe

578 4787 833 4856 pendeas,
869 4786 1118 4855 etingias;
1156 4795 1411 4855 perpetuo
1440 4794 1616 4840 autem
1643 4785 1910 4840 desiderio
1932 4785 1986 4840 in
2025 4801 2120 4856 spe
2145 4785 2211 4841 ad
2241 4787 2404 4842 Deum
2438 4789 2705 4857 prolicias,
2737 4795 2793 4842 et
2820 4786 2872 4840 in
2901 4786 3172 4855 preposito
3202 4789 3442 4857 pietatis;
3478 4792 3553 4843 sis
3573 4798 3633 4845 et
3660 4791 3711 4843 in
3748 4791 3825 4844 via

575 4876 684 4931 dux
708 4887 849 4942 tuus,
879 4886 931 4931 et
952 4892 1135 4930 eorum
1165 4877 1251 4945 qui
1276 4886 1447 4933 tecum
1475 4884 1619 4943 sunt,
1652 4886 1707 4931 et
1731 4891 1916 4931 eorum
1948 4878 2037 4945 qui
2064 4876 2157 4931 tibi
2183 4877 2560 4947 subjiciuntur,
2584 4886 2638 4933 et
2656 4878 2886 4932 maxime
2914 4881 3119 4949 piorum
3145 4878 3550 4946 imperatorum.
3588 4881 3692 4935 Per
3710 4896 3824 4949 qua

575 4972 793 5042 quidem
820 4972 953 5026 bene
981 4969 1115 5024 facta
1148 4984 1331 5025 omnes
1356 4969 1446 5038 qui
1473 4969 1739 5024 Christum
1766 4969 2013 5038 diligunt,
2046 4968 2157 5024 Deo
2182 4968 2321 5023 uniri
2362 4977 2669 5038 properant,
2716 4981 3087 5039 exSpectantes
3110 4972 3315 5026 scilicet
3351 4970 3595 5040 quotidie
3626 4975 3825 5025 resolu-

575 5069 778 5122 tionem
806 5067 998 5119 animm
1022 5079 1049 5118 a
1081 5079 1329 5132 corpore,
1352 5073 1511 5132 prout
1531 5064 1785 5133 scriptum
1816 5071 1933 5118 est:
1965 5061 2239 5128 Coarctor,
2263 5064 2485 5133 cupiens
2506 5063 2725 5119 dissolvi
2751 5074 2806 5119 et
2827 5080 2947 5120 esse
2972 5080 3091 5120 cum
3113 5066 3357 5129 Christo;
3385 5074 3468 5119 est
3488 5069 3632 5119 enim
3663 5068 3820 5119 multo

578 5158 771 5214 melius
803 5157 1025 5226 (Philip.
1057 5157 1111 5223 ι).
1145 5156 1208 5209 Et
1231 5156 1391 5210 illud:
1423 5156 1554 5211 Para
1581 5157 1633 5211 in
1657 5157 1861 5211 exitum
1883 5172 2046 5225 Opera
2075 5167 2184 5219 tua,
2214 5166 2265 5210 et
2293 5173 2530 5225 prazpara
2563 5158 2688 5212 tein
2711 5173 2895 5227 agrum
2921 5158 3100 5225 (Prov.
3134 5158 3303 5226 χχιι).
3329 5158 3428 5222 Qui
3446 5158 3588 5211 enim
3617 5173 3821 5225 semper

579 5249 764 5303 mortis
791 5246 1049 5311 meminit,
1076 5263 1193 5315 quae
1223 5249 1529 5301 necessario
1551 5250 1769 5301 omnino
1808 5248 2005 5311 veniet,
2039 5257 2091 5300 et
2120 5263 2221 5301 non
2238 5246 2486 5315 tardabit,
2512 5247 2565 5303 in
2595 5249 2796 5318 magnis
2825 5266 2929 5313 non
2959 5249 3210 5311 ollendet,
3240 5249 3379 5301 sicut
3427 5248 3681 5315 scriptum
3705 5259 3814 5301 est:

582 5342 638 5396 ln
666 5342 910 5396 omnibus
941 5339 1189 5409 operibus
1218 5340 1322 5392 tuis
1353 5347 1618 5393 memento
1648 5337 1959 5403 novissima,
1990 5345 2045 5391 et
2068 5337 2118 5391 in
2147 5344 2401 5391 aeternum
2432 5352 2539 5393 non
2582 5339 2825 5406 peccabis
2852 5338 3075 5406 (Eccles.
3111 5336 3226 5408 vn).
3252 5336 3433 5405 Neque
3473 5352 3603 5391 vero
3634 5349 3817 5406 prater

582 5434 681 5487 alia
713 5433 888 5488 omnia
920 5431 1033 5485 hac
1057 5438 1109 5484 te
1136 5427 1284 5483 fallat
1312 5430 1484 5483 brevis
1509 5428 1800 5483 admonitio
1832 5429 2224 5490 narrationum;
2251 5442 2424 5496 neque
2455 5442 2678 5496 respuas
2755 5428 2947 5484 rudem
3014 5437 3069 5483 et
3133 5427 3436 5482 inornatam
3516 5428 3809 5482 dictionem.

586 5528 700 5581 Non
725 5535 806 5581 est
827 5524 967 5581 enim
1001 5523 1194 5578 divina:
1219 5523 1494 5587 doctrinae,
1520 5532 1707 5576 ornata
1737 5530 1791 5576 et
1816 5521 1881 5575 ad
1903 5521 2289 5577 ostendendam
2318 5523 2633 5592 sapientiam
2662 5524 2956 5591 composita
2988 5522 3061 5575 uti
3093 5522 3366 5586 oratione,
3390 5520 3484 5575 sed
3518 5521 3677 5577 menti
3704 5535 3814 5586 per-

582 5618 809 5674 suadere
841 5633 936 5685 per
963 5616 1366 5683 intelligentiam
1399 5615 1661 5678 veritatis,
1684 5623 1740 5666 ut
1762 5613 2017 5682 scriptum
2047 5624 2127 5667 est
2158 5632 2168 5665 :
2202 5614 2358 5681 Aperi
2390 5628 2449 5668 os
2478 5624 2622 5667 tuum
2651 5613 2814 5667 verbo
2837 5613 2962 5679 Dei,
2996 5620 3049 5666 et
3070 5611 3246 5682 judiea
3278 5614 3453 5665 omnia
3486 5627 3616 5666 sane
3645 5609 3806 5680 (Ρτστ.

589 5708 761 5780 xxxi).
789 5708 849 5762 Et
881 5722 1064 5762 rursus
1089 5725 1103 5761 :
1140 5705 1219 5762 Nec
1246 5706 1483 5761 declines
1509 5721 1537 5759 a
1570 5706 1877 5761 narratione
1898 5720 2080 5760 senum
2106 5721 2119 5769 ;
2148 5704 2244 5774 ipsi
2271 5703 2414 5758 enim
2444 5702 2743 5761 didicerunt
2774 5717 2803 5758 a
2834 5702 3069 5773 patribus
3095 5715 3279 5757 eorum
3310 5699 3534 5771 (Et-cla.
3569 5699 3703 5769 πη).

660 5830 684 5857 ε
718 5818 900 5873 ῧτωοο
928 5827 1029 5883 est,
1058 5821 1199 5893 παρὰ
1224 5817 1498 5874 Παλλαδίου
1522 5821 1821 5888 ἐπισκόπου,
1850 5834 1878 5873 a
1912 5815 2144 5874 Palladio
2174 5812 2440 5884 episcOpo.
