4096 6520
400 295 525 358 1001
1572 315 1930 376 tEPISTOLA
1967 320 2011 376 A

2007 317 2066 377 .D
2105 318 2440 378 LAUSUM.
3488 327 3624 395 1002

1359 470 1446 484 _
1473 469 2380 493 ψῄηψση-’ςιαλ
2402 474 2840 494 ...ναν-...ψὴ-

1473 467 1758 488 m

677 595 1117 650 ΑΝΤΙΓΡΑΦΟΝ
1159 597 1548 651 ΕΠ1ΣΤΟΛΙΙΣ
1589 577 1968 655 ΓΡΛΦΕΙΞΞΗΣ
2007 603 2236 676 ΛΑΥΣῼ
2275 605 2691 677 ΠΡΛΙΠΟΣΙΤῼ
2728 607 2912 661 ΠΔΡΛ
2951 609 3341 666 ΠΛΛΛΔΔΙΟΥ

1808 722 2228 777 ΕΙΠΣΚΟΠΟΥ.

441 846 748 919 Μακαρίζω
780 864 873 900 σου
907 847 1005 919 τὴν
1035 849 1390 930 προαίρεσινο
1430 849 1580 915 ἄξιος
1609 849 1716 920 γάρ
1749 848 1858 902 ἀπὸ
1891 853 2240 924 μακαρισμοῦ
2271 854 2541 928 ἄρξασθαι
2569 858 2669 928 τῆς
2703 859 2992 930 ἐπιστολῆς
3017 876 3030 890 °
3090 861 3170 915 ὅτι
3205 861 3421 917 πάντων
3451 865 3530 929 εἰς
3559 868 3626 920 τά

378 936 586 1001 μάταια
613 934 945 1005 κεχηνότων,
975 935 1034 1000 ἐξ
1062 928 1137 989 ὧν
1163 937 1263 990 οὐκ
1285 937 1754 1008 ὠφεληθήσονται,
1788 938 1950 1001 αὐτὸς
1985 939 2178 1009 λόγους
2207 944 2534 1014 οίκοδομεῖς,
2573 949 2668 1001 καὶ
2691 928 3038 1005 διδάσκεσθαι
3071 950 3265 1014 θέλεις.
3319 928 3625 1018 Ἀδίδακτος

373 1023 480 1091 γάρ
516 1022 680 1091 μόνος
704 1021 852 1075 ἐστὶν
882 1023 910 1076 δ
936 1023 1049 1075 τῶν
1069 1023 1207 1077 ὅλων
1229 1024 1393 1088 Θεόςο
1425 1023 1615 1097 ἐπειδὴ
1644 1027 1738 1077 καὶ
1773 1026 2073 1099 αὐτοφυὴς,
2103 1033 2197 1087 καὶ
2232 1035 2338 1106 πρὸ
2359 1035 2524 1090 αύτοῦ
2544 1036 2700 1092 ἀλλον
2737 1039 2838 1092 οὐκ
2883 1038 3020 1109 έχων
3063 1056 3076 1071 ·
3109 1041 3176 1094 τά
3207 1041 3253 1093 δ’
3283 1041 3418 1096 ἄλλα
3447 1043 3624 1099 πάντα

371 1109 810 1198 ἐστὶνδιδακτᾷ”
869 1109 1059 1182 ἐπειδὴ
1112 1111 1312 1182 ποιητά
1357 1113 1448 1165 καὶ
1498 1113 1726 1167 κτιστά’
1761 1114 1854 1167 καὶ
1901 1113 1970 1167 τά
2011 1117 2111 1184 μὲν
2149 1121 2342 1191 πρῶτα
2392 1123 2653 1194 τάγματα
2697 1123 3018 1178 διδάσκαλον
3055 1125 3170 1195 ἔχει
3219 1127 3316 1198 τήν
3362 1129 3626 1182 ἀνωτάτω

369 1196 614 1286 Τριάδαοᾲ
633 1197 708 1286 τά
742 1197 797 1251 δὲ
824 1198 1071 1270 δεύτερα,
1101 1201 1252 1265 παρά
1278 1199 1386 1254 τῶν
1417 1201 1648 1272 πρώτων
1673 1201 1964 1273 μανθάνειο
1994 1205 2065 1260 τά
2090 1206 2146 1259 δὲ
2179 1208 2358 1278 τρίτα,
2385 1210 2539 1277 παρὰ
2567 1209 2674 1263 τῶν
2697 1209 2964 1280 δευτέρων
2984 1227 2998 1241 ο
3031 1211 3124 1265 καὶ
3159 1196 3302 1264 οὕτω
3333 1213 3458 1266 καθ’
3498 1213 3625 1286 ἑξῆς

369 1285 511 1336 κατά
553 1284 729 1350 τάξιν,
780 1286 941 1357 μέχρι
967 1286 1060 1340 καί⁸
1091 1287 1200 1340 τῶν
1222 1288 1487 1358 ἐσχάτων.
1521 1291 1582 1342 Ol
1621 1290 1728 1360 γάρ
1755 1291 2040 1360 κρείττους
2081 1295 2140 1347 ἐν
2172 1293 2367 1369 γνώμῃ
2401 1298 2494 1350 καὶ
2535 1297 2706 1368 ἀρετῇ
2737 1298 2864 1361 τοὺς
2884 1297 3296 1369 ἠλαττωμένους
3330 1300 3388 1353 ἐν
3421 1284 3622 1368 γνώσει

365 1373 730 1428 διδάσκουσιν.
767 1375 828 1428 Οί
858 1375 1038 1429 τοίνυν
1069 1377 1308 1448 οἰόμενοι
1335 1377 1673 1433 διδασκάλων
1702 1379 1774 1449 μή
1808 1378 2067 1450 χρῄζειν,
2100 1382 2322 1451 ἄγνοιαν
2363 1384 2632 1445 νοσοῦσιν.
2680 1383 2780 1454 τὴν
2818 1385 3030 1454 μητέρα
3060 1385 3158 1456 τῆς
3193 1384 3620 1458 ύπερηφανείας,

363 1461 416 1512 οί
454 1462 530 1531 μὴ
563 1462 876 1532 πειθόμενοι
913 1465 1026 1526 τοῖς
1068 1465 1126 1517 ἐν
1165 1465 1354 1537 ἀγάπῃ
1389 1466 1750 1522 διδάσκουσιν.
1783 1461 1882 1520 Ἦν
1921 1468 2296 1538 πρωτεύουσιν
2321 1472 2400 1535 είς
2431 1470 2730 1537 ἀπώλειαν,
2755 1471 2804 1523 οί
2835 1470 2914 1542 τῷ
2953 1471 3101 1542 αὐτῷ
3130 1471 3293 1526 πάθει
3333 1475 3430 1545 τῆς
3457 1475 3621 1546 οὐρα-

366 1551 481 1602 νίου
512 1550 796 1622 διαγωγῆς
827 1552 1177 1616 ἐκπεσόντες,
1207 1555 1256 1607 οί
1287 1555 1344 1606 ἐν
1376 1555 1499 1626 ἀέρι
1535 1552 1822 1626 πετόμενοι
1850 1555 2125 1626 δαίμονες,
2167 1557 2278 1610 τῶν
2309 1560 2368 1610 ἐν
2398 1561 2511 1622 τοῖς
2547 1559 2801 1629 οὐρανοῖς
2829 1559 3234 1628 ἀποδράσαντες
3263 1560 3618 1617 διδασκάλων.

365 1641 442 1691 Οὐ
473 1638 583 1708 γάρ
611 1640 667 1690 αί
705 1639 883 1706 λέξεις
911 1639 944 1708 ἢ
971 1641 1028 1692 αί
1065 1640 1330 1694 συλλαϐαί
1365 1643 1507 1695 εἰσιν
1539 1641 1911 1708 διδασκαλίαι,
1947 1642 2014 1706 ἀς
2044 1643 2258 1714 ἔχουσιν
2291 1645 2464 1698 ἐνίοτε
2507 1646 2601 1699 καὶ
2625 1647 2672 1698 οί
2699 1648 2791 1698 ἐπὶ
2820 1645 3070 1700 πλεῖστον
3096 1645 3289 1715 φαῦλοι
3313 1666 3326 1680 ·
3361 1648 3496 1703 ἀλλὰ
3527 1650 3620 1702 τοῦ

365 1728 530 1796 ῆθους
558 1726 624 1778 τά
646 1725 1067 1798 κατορθώματα,
1095 1729 1129 1799 ἦ
1152 1745 1210 1780 τε
1245 1729 1470 1794 ἀλυπία,
1500 1730 1598 1782 καὶ
1626 1731 1914 1800 ἀπτοησία,
1952 1733 2043 1784 καὶ
2069 1734 2103 1800 ἡ
2140 1729 2368 1797 ἀδειλία,
2401 1732 2494 1784 καὶ
2521 1732 2582 1784 τὸ
2605 1731 2897 1802 ἀόργητον,
2927 1733 3072 1804 καὶὴ
3099 1734 3194 1787 ἐπὶ
3227 1737 3445 1789 πάντων
3478 1741 3619 1810 παρ⁶

367 1815 557 1885 ρησία,
590 1815 686 1866 καὶ
721 1816 850 1876 τοὺς
882 1815 1073 1881 λόγους
1111 1817 1184 1878 ώς
1215 1816 1386 1887 πυρὸς
1417 1815 1593 1884 φλόγα
1617 1817 1882 1885 γεννῶσα.
1917 1817 1980 1871 Εἰ
2016 1817 2123 1892 γὰρ
2172 1817 2248 1888 μὴ
2278 1815 2344 1889 ἦν
2384 1817 2542 1872 τοῦτο
2563 1859 2576 1884 ,
2605 1819 2702 1872 οὐκ
2730 1819 2796 1872 ἂν
2832 1819 3017 1889 ἔλεγεν
3044 1823 3072 1874 ὁ
3101 1821 3274 1892 μέγας
3303 1823 3619 1887 διδάσκαλος

359 1905 476 1965 τοῖς
519 1901 716 1955 ἑαυτοῦ
754 1903 1058 1974 μαθηταῖςο
1094 1902 1312 1957 Μάθετε
1349 1904 1443 1959 ἀπ’
1475 1905 1610 1974 ἐμοῦ
1651 1907 1734 1959 δτι
1768 1905 1942 1976 πρᾶός
1977 1887 2214 1975 εἰμι’καὶ
2243 1887 2498 1968 ταπεινὸς
2527 1908 2592 1977 τῇ
2629 1905 2860 1978 καρδίᾳ·
2892 1887 2952 1960 ού
2981 1911 3045 1980 τῇ
3086 1887 3301 1980 εύλεξίᾳ
3338 1910 3618 1982 ῥυθμίζων

358 1992 487 2053 τοῦς
521 1990 874 2056 ἀποστόλους,
912 1989 1048 2043 ἀλλά
1072 1993 1137 2062 τῇ
1166 1990 1422 2063 εύσεϐεία
1449 1993 1542 2046 τοῦ
1577 1992 1764 2063 ἤθους,
1811 1993 2016 2063 μηδένα
2047 1991 2234 2046 λυπῶν
2271 1992 2411 2064 πλὴν
2438 1993 2546 2046 τῶν
2578 1993 2882 2064 μισολόγων
2907 1996 3000 2048 καὶ
3020 1995 3356 2051 διδασκάλων
3397 1999 3617 2069 μισούνο

358 2094 492 2132 των.
522 2080 615 2130 Δεῖ
642 2078 820 2133 τοίνυν
846 2079 946 2151 τήν
977 2078 1118 2133 κατά
1147 2080 1383 2150 Χριστὸν
1410 2082 1755 2152 ἀσκουμένην
1787 2081 1988 2152 ψυχὴν,
2023 2081 2054 2151 ἢ
2091 2076 2385 2150 μανθάνειν
2419 2080 2628 2144 πιστῶς
2657 2081 2692 2134 δι
2729 2083 2830 2136 ούκ
2860 2079 3031 2150 οἶδεν,
3063 2084 3096 2154 ἢ
3125 2085 3394 2139 διδάσκειν
3432 2088 3616 2157 σαφῶς

360 2165 398 2218 ἀ
429 2165 668 2233 ἐπέγνω.
721 2166 782 2218 Εἰ
825 2166 934 2238 γάρ
965 2168 1222 2238 ὁπότερον
1276 2168 1351 2238 μὴ
1393 2168 1672 2240 βούληται,
1720 2169 1918 2240 μανίαν
1950 2170 2112 2222 νοσεῖ.
2170 2168 2340 2240 Ἀρχὴ
2376 2169 2482 2240 γὰρ
2512 2170 2871 2234 ἀποστασίας,
2917 2172 3266 2236 διδασκαλίας
3305 2175 3464 2244 κόρος
3515 2177 3608 2226 καὶ

359 2253 620 2322 ἀνορεξία
658 2253 838 2323 λόγου,
887 2254 948 2307 ὃν
978 2255 1065 2308 ἀεὶ
1105 2258 1267 2328 πεινᾷ
1303 2257 1503 2328 ἡψυχὴ
1534 2257 1627 2312 τοῦ
1664 2257 1934 2327 φιλοθέου.
1971 2253 2148 2326 Ἴσχυε
2180 2251 2271 2308 οὖν
2298 2297 2312 2321 ,
2349 2256 2444 2309 καὶ
2475 2256 2680 2324 ὑγίαινε
2703 2297 2718 2322 ,
2751 2258 2842 2310 καὶ
2873 2259 2930 2312 τὸ
2966 2260 3106 2329 μέγα
3139 2261 3433 2332 χαρίσηταί
3466 2280 3545 2316 σοι
3590 2265 3616 2317 ό

359 2342 530 2407 Θεὸς,
557 2342 658 2414 τὴν
692 2342 892 2412 γνῶσιν
925 2343 1018 2396 τοῦ
1050 2343 1308 2415 Χριστοῦ.

2011 2504 3596 2533 ww

1244 2634 1565 2686 ΔΗΠἪΣΙΣ
1606 2635 1742 2687 ΤΟΥ
1783 2634 1938 2688 ΒῘΟΥ
1973 2633 2109 2688 ΤΩΝ
2144 2633 2348 2687 ΛΓΙΩΝ
2391 2632 2733 2687 ΠΛΤΕΡΩΝ.

428 2761 649 2818 Πολλῶν
679 2760 850 2815 πολλὰ
901 2762 994 2816 καὶ
1044 2763 1264 2816 ποικίλα
1304 2764 1446 2817 κατά
1475 2764 1765 2835 διαφόρους
1807 2767 2032 2836 καιροὺς
2065 2767 2477 2837 συγγράμματα
2499 2765 2577 2836 τῷ
2607 2765 2708 2835 βίῳ
2751 2765 3240 2830 καταλελοιπότων,
3273 2767 3380 2820 τῶν
3423 2769 3520 2837 μὲν
3551 2771 3607 2836 ἐξ

358 2851 604 2912 ἐπινοίας
636 2848 737 2918 τῆς
765 2850 971 2904 ἀνωθεν
1007 2851 1104 2904 καὶ
1135 2851 1360 2922 χάριτος
1390 2852 1635 2906 θεοδότου
1667 2854 1747 2916 είς
1779 2855 2068 2926 οἰκοδομὴν
2098 2856 2193 2908 καὶ
2227 2855 2526 2923 ἀσφάλειαν
2565 2855 2672 2907 τῶν
2706 2856 2872 2923 πιστῇ
2909 2853 3162 2924 προθέσει
3189 2856 3470 2926 ἑπομένων
3498 2863 3611 2919 τοῖς

355 2945 594 3012 δόγμασι
629 2943 723 2993 τοῦ
762 2943 1046 3012 Σωτῆρος.
1079 2941 1186 2994 τῶν
1223 2942 1282 2994 δὲ
1308 2941 1367 3008 ἐξ
1409 2941 1880 3012 ἀνθρωπαρέσκου
1914 2942 2010 2996 καὶ
2041 2941 2449 3012 διεφθαρμένης
2479 2941 2793 3012 προθέσεως
2822 2940 3279 3012 ὑλομανησάντων
3315 2945 3396 3007 είς
3434 2961 3611 3014 παρα-

361 3031 562 3100 μυθίαν
601 3031 709 3085 τῶν
733 3030 1040 3094 κενοδοξίαν
1073 3029 1422 3084 κισσώντωνο
1463 3029 1668 3101 ἐτέρων
1705 3028 1764 3082 δέ
1785 3029 1849 3084 ἐκ
1894 3045 2039 3094 τινος
2086 3031 2286 3100 μανίας
2325 3029 2557 3100 ἀκαίρου
2595 3029 2689 3082 καὶ
2729 3030 3010 3099 ἐνεργείας
3037 3030 3127 3082 τοῦ
3163 3031 3458 3093 μισοκάλου
3495 3034 3610 3087 δαί-

358 3137 521 3188 μονος
569 3120 723 3190 τύφῳ
774 3119 871 3172 καὶ
926 3117 1108 3190 μήνιδι
1141 3119 1235 3170 ἐπὶ
1267 3117 1413 3189 λύμη
1447 3117 1556 3172 τῶν
1584 3117 2004 3188 εύεξαπατήτων
2036 3115 2361 3187 ἀνθρώπων,
2409 3116 2504 3170 καὶ
2540 3115 2714 3186 σπίλῳ
2745 3115 2844 3184 τῆς
2877 3117 3147 3186 ἁχράντου
3178 3118 3270 3170 καὶ
3315 3117 3608 3187 καθολικῆς

369 3208 722 3277 Ἐκκλησίας.
747 3205 1240 3276 ἐπεισφρησάντων
1270 3208 1388 3270 ταῖς
1421 3205 1684 3270 διανοίαις
1716 3206 1826 3260 τῶν
1869 3206 2112 3276 ἀνοήτων
2140 3207 2234 3260 ἐπὶ
2275 3205 2488 3276 ἐγκότῳ
2519 3205 2619 3276 τῆς
2655 3205 2858 3276 σεμνῆς
2893 3206 2988 3258 καὶ
3021 3205 3270 3276 καθαρᾶς
3299 3207 3570 3272 πολιτείας
3593 3225 3604 3239 ·

353 3291 506 3358 εδοξε
551 3294 722 3362 κάμοὶ
754 3292 834 3363 τῷ
880 3293 1121 3364 ταπεινῷ
1160 3293 1248 3347 διὰ
1282 3293 1378 3365 τὴν
1413 3295 1492 3357 είς
1523 3293 1758 3364 Χριστὸν
1791 3293 1981 3346 ἐλπίδα
2010 3293 2328 3347 αίδεσθέντα
2367 3310 2434 3363 με
2463 3293 2563 3364 τήν
2617 3293 2885 3360 ἐπιταγὴν
2933 3292 3032 3363 τῆς
3067 3293 3166 3362 σῆς
3216 3294 3605 3364 μεγαλονοίας,

355 3381 795 3452 φιλομαθέστατε
834 3379 944 3434 τῶν
974 3380 1212 3450 ἀνδρῶν,
1245 3381 1463 3452 πρῶτον
1497 3382 1673 3435 πάντα
1702 3382 1772 3436 τά
1819 3382 1941 3436 κατ’
1972 3382 2208 3454 ἐμαυτὸν
2258 3381 2624 3453 διηγήσασθαι
2647 3399 2659 3413 ·
2691 3381 2762 3435 τά
2792 3397 2848 3433 τε
2889 3382 2985 3451 τῆς
3017 3381 3262 3452 ἡλικίας,
3296 3383 3390 3436 καὶ
3425 3384 3486 3437 τά
3516 3385 3608 3436 ἐπὶ

353 3475 423 3540 τῇ
455 3472 706 3542 προκοπῇ
736 3469 835 3540 τῆς
865 3468 1099 3533 διανοίας
1123 3469 1223 3538 τῆς
1249 3470 1328 3534 είς
1358 3471 1494 3524 Θεὸν
1525 3470 1725 3541 ἀρετῆς
1750 3471 1813 3524 ἐκ
1847 3473 2046 3540 νεαρᾶς
2069 3470 2286 3542 ἡλικίας
2318 3470 2651 3542 ἀρξάμενον.

427 3582 762 3652 Τριακοστὸν
789 3582 883 3636 καὶ
910 3581 1094 3653 τρίτον
1123 3582 1242 3645 ἔτος
1277 3582 1463 3650 ἀγοντί
1496 3599 1586 3653 μοι
1617 3584 1677 3635 ἐν
1702 3586 1768 3655 τῇ
1799 3583 2044 3651 ἀδελφῶν
2079 3581 2324 3652 πολιτείᾳ
2344 3581 2504 3652 δῆθεν
2534 3579 2630 3634 καὶ
2657 3579 2737 3650 τῷ
2769 3581 2996 3653 μονήρει
3032 3581 3132 3650 βίῳ
3165 3596 3176 3607 ·
3211 3581 3385 3634 εἴκοσι
3408 3583 3464 3635 δὲ
3508 3584 3607 3652 τῆς

356 3670 682 3740 ἐπισκοπῆς,
715 3671 1056 3738 πεντήκοντα
1081 3669 1136 3722 δὲ
1166 3669 1259 3722 καὶ¹
1289 3670 1414 3738 τρία
1445 3669 1544 3738 τῆς
1578 3670 1758 3740 πάσης
1787 3670 1933 3740 ζωῆς
1967 3689 2092 3740 μου,
2136 3671 2435 3738 ἀναγκαῖον
2461 3669 2760 3739 ἡγησάμην
2793 3666 3048 3722 ποθοῦντί
3081 3685 3164 3720 σοι
3194 3669 3259 3722 τά
3291 3671 3397 3722 τῶν
3433 3671 3604 3738 ἁγίων

359 3761 622 3828 Ιῐατέρων
657 3757 1060 3828 κατορθώματα
1088 3757 1355 3824 ὠφελείας
1383 3757 1542 3828 χάριν
1575 3758 1953 3828 πνευματικῆς
1979 3761 2036 3810 ὲν
2061 3760 2246 3827 γραφῇ
2284 3756 2649 3829 διηγήσασθαί
2688 3773 2770 3810 σοι
2805 3757 3053 3828 ἀρρένων
3100 3773 3159 3809 τε
3213 3759 3305 3810 καὶ
3350 3757 3601 3830 θηλειῶν,

355 3841 430 3900 ὧν
459 3864 518 3899 τε
562 3846 724 3910 αὐτὸς
760 3844 1000 3915 έώρακα,
1032 3845 1127 3897 καὶ
1155 3845 1284 3914 περὶ
1317 3838 1392 3898 ὧν
1425 3845 1640 3914 ἀκήκοα
1687 3845 1839 3915 παρά
1874 3845 2212 3898 πιστοτάτων
2241 3844 2451 3913 ψυχῶν,
2487 3839 2568 3908 οἷς
2602 3861 2662 3896 τε
2700 3846 3146 3915 συνανεστράφςν
3177 3845 3234 3896 ἐν
3260 3847 3325 3915 τῇ
3360 3847 3481 3899 κατ’
3513 3848 3606 3899 Λῖ-

355 3953 563 4002 γυπτον
601 3936 814 4007 ἐρήμῳ,
852 3935 944 3987 καὶ
969 3932 1164 4006 Λιϐύῃ,
1193 3933 1288 3985 καὶ
1316 3931 1561 4002 Θηϐαΐδι,
1600 3931 1692 3986 καὶ
1720 3931 1918 4003 Συήνῃ,
1956 3930 2046 4000 ὑφ’
2079 3931 2148 4001 ἣν
2179 3931 2273 3984 καὶ
2305 3933 2352 3983 οἱ
2382 3930 2662 4000 λεγόμενοι
2695 3931 3136 4000 Ταδεννησιῶται
3156 3948 3169 3962 ·
3202 3931 3392 3984 ἔπειτα
3425 3933 3603 3986 Μεσο-

357 4023 626 4094 ποταμία,
655 4021 991 4094 Παλαιστίνῃ
1020 4038 1078 4072 τε
1095 4021 1190 4073 καὶ
1207 4018 1400 4091 Συρία,
1429 4021 1656 4082 καὶτοῖς
1687 4019 1878 4089 μέρεσι
1899 4022 1996 4092 τῆς
2011 4018 2247 4084 Δύσεως,
2264 4018 2452 4090 Ῥώμῃ
2483 4035 2542 4071 τε
2562 4018 2657 4072 καὶ
2683 4018 3007 4089 Καμπανίᾳ,
3041 4019 3134 4072 καὶ
3166 4023 3278 4084 τοῖς
3309 4021 3436 4091 περὶ
3468 4023 3601 4074 ταύ-

351 4129 450 4174 τας
486 4111 729 4180 μέρεσιν,
763 4110 1133 4180 ἀκριϐέστατα
1166 4107 1260 4162 ἀπ’
1303 4108 1478 4179 ἀρχῆς
1509 4106 1764 4161 ἐκθέσθαι
1807 4124 1887 4160 σοι
1920 4108 1977 4159 ὲν
2011 4107 2354 4178 διηγήματος
2395 4105 2527 4158 εῐδει
2562 4107 2620 4158 ὲν
2651 4104 2728 4174 τῷ
2759 4103 2950 4175 βιῦλίῳ
2983 4104 3188 4175 τούτῳ·
3227 4107 3371 4170 ὅπως
3405 4111 3600 4179 σεμνὴ)

354 4201 447 4252 καὶ
479 4197 797 4268 ψυχωφελὲς
840 4197 1245 4269 ὑπομνηστικὸν
1289 4196 1427 4267 έχων
1477 4196 1820 4250 ἀδιάλειπτον
1853 4195 2145 4267 φάρμακον
2191 4194 2474 4264 ἀληθείας,
2505 4195 2682 4248 πάντα
2719 4194 2818 4265 μὲν
2848 4194 3156 4266 νυσταγμὸν
3207 4194 3378 4266 λήθης
3411 4195 3502 4249 τὸν
3540 4199 3599 4262 ἐξ

349 4291 551 4358 ἀλόγου
607 4288 906 4360 ἐπιθυμίας
950 4287 1305 4358 ἐγγινόμενον
1356 4289 1441 4357 τῇ·
1474 4286 1642 4357 ψυχῇ,
1679 4286 1862 4338 πᾶσαν
1909 4283 1966 4337 δὲ
2015 4283 2268 4353 διψυχίαν
2313 4283 2412 4354 τὴν
2443 4285 2500 4336 ἐν
2543 4282 2746 4349 πίστει,
2785 4283 2878 4335 καὶ
2929 4282 3216 4354 κιμϐικίαν
3247 4282 3345 4352 τὴν
3379 4285 3437 4337 ἐν
3476 4288 3597 4350 ταῖς

351 4384 590 4453 γρείαις,
621 4384 797 4435 πάντα
838 4397 900 4434 τε
937 4381 1093 4434 ὅκνον
1125 4381 1220 4434 καὶ
1270 4377 1638 4450 μικροψυχίαν
1675 4378 1773 4449 τὴν
1813 4379 1870 4431 ἐν
1897 4376 1976 4448 τῷ
2023 4378 2167 4449 ἤθει,
2205 4376 2505 4448 ὀξυθυμίαν
2545 4395 2602 4431 τε
2654 4376 2748 4429 καὶ
2789 4375 3028 4447 τάραχον
3059 4376 3272 4444 ἄλογον,
3304 4378 3398 4430 καὶ
3429 4378 3593 4447 φόῦον

351 4475 584 4540 ὄκαιρον
614 4472 703 4524 διά
727 4471 918 4525 τούτου
949 4469 1481 4539 ἀποσκευαζόμενος,
1515 4470 1608 4521 καὶ
1635 4468 1727 4520 τὸν
1759 4469 1987 4537 μάταιον
2021 4464 2400 4537 μετεωρισμδν
2432 4463 2526 4516 τοῦ
2559 4462 2958 4534 διεφθαρμένου
2991 4462 3197 4532 κόσμου
3245 4465 3592 4535 ἀποφεύγων,

320 4559 684 4628 ’ἀδιαλείπτῳ
719 4557 870 4628 πόοῳ
914 4557 1246 4629 προκόπτοις
1291 4559 1348 4609 ἐν
1382 4559 1449 4627 τῇ
1488 4557 1623 4627 πρὸς
1655 4556 1748 4609 τὸν
1791 4555 1924 4608 Θεὸν
1952 4553 2147 4618 ἐλπίδι,
2190 4556 2256 4624 τῇ
2291 4551 2551 4624 προθέσει
2594 4553 2690 4621 τῆς
2721 4552 3002 4615 εὐσεϐείας
3040 4551 3232 4624 όδηγὸς
3265 4553 3358 4606 καὶ
3395 4555 3592 4607 σαυτού

349 4648 447 4700 καὶ
481 4647 590 4699 τῶν
621 4647 756 4716 μετά
786 4643 901 4713 σοῦ,
929 4647 1023 4698 καὶ
1049 4644 1160 4697 τῶν
1190 4645 1295 4697 ὑπὸ
1326 4643 1407 4708 σὲ,
1439 4644 1533 4697 καὶ
1565 4641 1672 4696 τῶν
1706 4641 2108 4696 εὐσεϐεστάτων
2140 4640 2426 4710 γινόμενος
2462 4638 2748 4710 βασιλέων.
2773 4641 2854 4693 Δι’
2882 4634 2957 4692 ὧν
2983 4640 3423 4711 κατορθωμάτων
3459 4643 3592 4696 πάν·

346 4751 442 4798 τες
473 4736 522 4787 οἱ
563 4734 890 4804 φιλόχριστο·
926 4731 1196 4802 ένωθῆναι
1219 4729 1338 4801 Θεῷ
1371 4731 1704 4797 ἐπείγονται,
1735 4729 2178 4799 συνεκδεχόμενοι
2205 4729 2297 4781 καὶ
2321 4727 2418 4797 τὴν
2448 4729 2708 4782 ἀνάλυσιν
2734 4729 2832 4797 τῆς
2853 4727 3030 4798 ψυχῆς
3056 4727 3164 4780 ἀπὸ
3190 4728 3284 4780 τοΞ
3318 4729 3588 4797 σώματος,

346 4821 590 4893 δηλονότι
618 4823 678 4874 τὸ
715 4820 838 4874 καθ’
867 4820 1100 4890 ἡμέραν,
1130 4817 1271 4873 κατὰ
1303 4817 1364 4870 τὸ
1396 4816 1815 4887 γεγραμμένονο
1853 4816 2151 4885 Συνέχομαι
2181 4814 2394 4886 ἀγαθὴν
2437 4815 2734 4885 ἐπιθυμίαν
2763 4814 2901 4884 ἔχων
2931 4813 3022 4867 τοῦ
3055 4813 3339 4879 ἀναλῦσαι,
3374 4816 3467 4868 καὶ
3496 4819 3590 4870 σὺν

346 4909 572 4980 Χριστῷ
609 4903 781 4963 εἶναι’
820 4907 1000 4978 πολλῷ
1039 4907 1240 4976 μᾶλλον
1281 4908 1555 4976 κρεῖσσον.
1598 4904 1708 4958 Καὶ
1739 4903 1822 4969 τὸ,
1866 4902 2151 4972 Ἑτοίμαςε
2182 4904 2262 4965 εἰς
2295 4903 2395 4971 τὴν
2440 4901 2618 4968 ἔξοδον
2647 4901 2715 4955 τά
2747 4901 2904 4973 ἔργα,
2944 4901 3037 4954 καὶ
3061 4902 3483 4970 παρασκευάζου
3511 4904 3590 4966 είς

346 4998 440 5050 τὸν
466 4998 658 5069 ἀγρόν.
702 4996 760 5050 Ὀ
789 4995 898 5066 γὰρ
929 4994 1283 5066 μνημονεύων
1310 4993 1397 5047 ἀεὶ
1423 4993 1519 5046 τοῦ
1559 4993 1790 5048 θανάτου
1819 4990 1894 5054 ὠς
1920 4991 1977 5057 ἐξ
2011 4992 2258 5065 ἀνάγκης
2297 4992 2417 5064 ἥξει
2449 4993 2667 5057 πάντως
2691 5034 2704 5060 ,
2740 4993 2836 5046 καὶ
2860 4993 2918 5046 ού
2954 4992 3233 5062 μελλήσει,
3275 4993 3337 5045 ού
3374 4994 3589 5046 πταίσει

351 5085 602 5155 μεγάλω
658 5083 800 5137 κατά
835 5083 896 5136 τὸ
942 5082 1360 5153 γεγραμμένον·
1411 5081 1500 5134 Ἐν
1527 5081 1662 5134 πᾶσι
1697 5082 1807 5143 τοῖς
1841 5079 2018 5147 λόγοις
2050 5097 2142 5133 σου
2180 5083 2487 5152 μιμνήσκου
2519 5081 2586 5134 τά
2630 5080 2860 5151 ἔσχατα,
2911 5081 3004 5132 καὶ
3051 5081 3106 5143 ἐς
3140 5081 3230 5135 τὸν
3274 5080 3444 5134 αἰῶνα
3489 5082 3588 5152 οὐχ

349 5173 709 5243 ἀμαρτήσεις.
760 5172 870 5224 Καὶ
926 5170 1062 5242 πρὸς
1108 5171 1223 5233 τοῖς
1263 5168 1446 5232 ἄλλοις
1490 5169 1648 5233 πᾶσι,
1699 5166 1774 5238 μὴ
1821 5166 2320 5237 παραλογιζόμενος
2345 5171 2479 5239 ἡμῖν
2521 5169 2618 5239 τὴν
2661 5168 2920 5239 βραχεῖαν
2947 5166 3152 5236 ταύτην
3187 5167 3442 5221 ὑπόθεσιν
3479 5169 3586 5223 τῶν

347 5260 686 5330 ἐξηγήσεων,
719 5260 855 5330 μήτε
897 5257 1169 5311 διαπτύων
1204 5258 1303 5328 τὴν
1336 5256 1606 5329 ίδιωτείαν
1648 5256 1743 5308 καὶ
1771 5253 1830 5306 τὸ
1859 5254 2093 5320 ἀκαλλὲς
2116 5257 2226 5308 τῶν
2270 5256 2486 5322 λέξεων.
2521 5258 2593 5310 υύ
2629 5257 2738 5326 γάρ
2769 5254 2912 5309 τοῦτ’
2944 5255 3105 5325 ἔργον
3145 5256 3264 5308 ἐστὶ
3294 5255 3480 5326 Οεϊκῆς
3507 5257 3586 5308 δι-

263 5339 270 5344 ’
345 5347 646 5410 δασκαλίας
685 5347 746 5400 τὸ
776 5346 1182 5416 σεσοφισμένως
1227 5344 1479 5417 φράζειν,
1526 5343 1662 5397 ἀλλά
1698 5342 1902 5396 πείθειν
1946 5344 2046 5414 τῆν
2091 5344 2317 5414 γνώμην
2367 5347 2635 5414 νοήμασιν
2683 5345 2939 5415 ἀληθείας
2982 5345 3120 5398 κατά
3165 5345 3224 5397 τὸ
3257 5345 3580 5416 είρημένονι

349 5436 570 5504 ’Λνοιγε
599 5435 688 5489 σὸν
711 5434 886 5506 στόμα
911 5435 1055 5504 λόγῳ
1082 5432 1238 5496 Θεοῦ,
1274 5433 1367 5485 καὶ
1408 5431 1562 5502 κρίνε
1613 5431 1788 5484 πάντα
1824 5431 2012 5499 ὑγιῶς.
2047 5431 2154 5486 Καὶ
2188 5432 2380 5486 πάλινο
2411 5433 2502 5504 Μή
2537 5432 2752 5503 ἀστόχει
2781 5433 3116 5505 διηγήματος
3157 5432 3445 5504 γερόντων.
3478 5434 3579 5486 Καὶ

345 5523 456 5592 γάρ
478 5522 634 5576 αὐτοὶ
663 5522 866 5595 ἔμαθον
904 5521 1057 5592 παρά
1085 5521 1193 5575 τῶν
1230 5519 1485 5590 πατέρων
1514 5517 1711 5573 αὐτῶν.
