4096 6532
487 305 626 374 1603
1907 313 1995 371 ΡΑ
2004 315 2104 374 LL

2121 313 2261 374 lDII
3611 309 3738 375 Ῑίιθί

563 413 707 484 Ἐγὼ
729 416 934 485 τοίνυν,
955 417 1390 493 φιλομαθέστατε
1413 417 1548 471 Θεοῦ
1575 416 1850 487 ἄνθρωπε,
1873 420 1938 473 ἐκ
1965 419 2166 491 μέρους
2195 421 2462 492 ἑπόμενος
2489 419 2661 493 ταύτῃ
2705 423 2771 494 τῇ
2800 421 2959 493 ῥήσει
2995 420 3211 486 πολλοῖς
3235 419 3343 474 τῶν
3361 417 3536 490 ἀγίων
3560 436 3737 474 συντε-
3761 403 3774 470 ἶ

481 509 720 582 τύχηκα,
739 510 802 564 οὐ
827 512 1095 584 παρέργῳ
1118 512 1467 586 χρησάμενος
1479 509 1748 580 λογισμῷ,
1776 511 1911 565 ἀλλά
1938 513 2034 566 καὶ
2052 514 2350 585 τριάκοντα
2377 514 2602 586 ἡμερῶν
2627 514 2747 568 όδὸν
2781 515 2876 568 καὶ
2895 513 2979 577 δὶς
2999 513 3272 568 τοσούτων
3300 511 3422 567 ὁδὸν
3451 510 3735 576 ἐξανύσας,

481 601 560 668 ὡς
592 602 684 658 ἐπὶ
714 603 851 658 Θεοῦ
896 603 1036 675 πεζῇ
1072 607 1138 677 τῇ
1179 604 1377 677 πορείᾳ
1400 604 1651 676 πατήσας
1674 603 1857 657 πᾶσαν
1893 603 1995 675 τὴν
2035 607 2140 675 γῆν
2172 605 2487 676 Ῥωμαίων,
2521 605 2795 678 ήσμένισα
2823 604 2924 676 τὴν
2970 604 3272 676 κακουχίαν
3303 603 3408 670 τῆς
3435 601 3738 673 ὁδοιπορίας

484 691 581 743 ἐπὶ
614 694 877 766 συντυχίᾳ
903 693 1098 766 ἀνδρὸς
1129 693 1398 764 φιλοθὲου,
1425 693 1515 748 ἵνα
1545 711 1599 748 τι
1623 693 1872 767 κερδήσω
1889 694 2030 765 ὅπερ
2065 694 2169 750 οὐκ
2214 691 2380 768 εἶχον.
2413 697 2477 751 Et
2502 695 2613 770 γὰρ
2641 697 2671 750 6
2703 696 2884 768 πολλῷ
2907 696 3177 768 κρείττων
3207 697 3368 767 ἐμοῦ,
3398 695 3546 766 τάχα
3574 695 3630 748 δὲ
3653 694 3743 747 καὶ

487 788 695 854 παντὸς
718 790 957 862 κόσμου,
983 790 1010 842 6
1041 789 1270 854 πολλοὺς
1318 789 1714 862 ὑπερϐεϐηκώς
1753 790 2029 854 πολιτείας
2054 789 2252 860 γνώσει
2279 793 2374 846 καὶ
2407 793 2622 846 συνέσει
2650 794 2999 864 πνευματικῇ
3029 792 3128 846 καὶ
3168 791 3456 860 πίστει,τῇ
3496 791 3578 852 είς
3613 789 3742 860 Χρι-

495 880 620 936 στὸν
639 920 655 947 ,
688 883 717 936 6
741 880 1008 954 μακάριος
1040 881 1336 945 ἀπόστολος
1369 881 1606 947 Παῦλος,
1639 883 1736 955 τήν
1766 885 1872 938 ἀπὸ
1929 882 2146 955 Ταρσοῦ
2175 885 2255 949 είς
2284 885 2382 956 τὴν
2425 885 2688 940 Ἰουδαίαν
2717 885 2997 939 ἐστείλατο
3021 883 3334 955 ἀποδημίαν
3364 884 3460 937 ἐπὶ
3487 883 3746 954 συντυχίᾳ

487 974 694 1046 Πέτρου
722 975 816 1028 καὶ
849 972 1096 1027 Ἰωάννου
1121 974 1216 1027 καὶ
1245 972 1505 1029 Ἰακώϐου
1526 1016 1542 1042 ,
1569 976 1649 1029 διὸ
1675 976 1766 1030 καὶ
1791 975 1924 1031 εῖδει
1954 979 2310 1050 καυχήματος
2333 975 2463 1030 αὐτὸ
2490 977 2784 1046 διηγεῖται,
2817 975 3148 1046 στηλιτεύων
3189 972 3351 1029 αὐτοῦ
3386 975 3520 1038 τοὺς
3549 973 3739 1036 πόνους

484 1070 567 1130 είς
606 1063 952 1137 παροξυσμὸν
991 1067 1101 1121 τῶν
1137 1067 1282 1141 όκνῳ
1322 1069 1415 1124 καί⁸
1467 1069 1637 1141 ἀργίᾳ
1681 1069 1884 1142 ἀρετῆς
1919 1071 2012 1144 βία
2043 1071 2350 1138 συζώντων,
2383 1072 2442 1126 ἐν
2479 1070 2554 1142 τῷ
2589 1072 2785 1124 εἰπεῖν·
2835 1071 3062 1142 Ἀνέϐην
3098 1073 3179 1134 είς
3220 1068 3577 1141 Ἰεροσόλυμα
3609 1068 3750 1120 ίστο-

487 1161 655 1231 ρῆσαι
691 1159 917 1230 Πέτρον,
938 1160 1038 1214 οὐκ
1065 1161 1405 1233 ἀρκούμενος
1435 1164 1502 1234 τῇ
1529 1163 1601 1233 φή
1612 1181 1687 1234 μη
1720 1162 1881 1232 μόνον
1903 1167 2000 1236 τῆς
2036 1164 2239 1236 ἀρετῆς
2268 1162 2369 1234 τῆς
2404 1163 2638 1228 ἐκείνου,
2679 1161 2794 1215 ἀλλ’
2827 1161 3107 1220 ἐπιποθῶν
3136 1162 3232 1216 καὶ
3255 1161 3426 1230 αὐτὴν
3447 1157 3549 1213 τοῦ
3576 1175 3745 1231 προσ-

482 1253 632 1306 ώπου
681 1252 846 1306 αὐτοῦ
877 1251 975 1324 τήν
1022 1253 1344 1324 συντυχίαν
1395 1255 1548 1325 πόσῳ
1594 1255 1652 1308 δὲ
1696 1255 1857 1311 πλέον
1917 1255 2029 1325 ἐγὼ
2069 1258 2097 1310 6
2135 1258 2246 1312 τῶν
2289 1257 2500 1329 μυρίων
2543 1254 2822 1310 ταλάντων
2868 1253 3270 1326 χρεωφειλέτης
3311 1252 3548 1323 ὤφειλον
3577 1253 3758 1311 τοῦτο

485 1347 750 1416 ποιῆσαι,
782 1345 884 1399 οὐκ
913 1345 1158 1408 ἐκείνους
1198 1347 1326 1410 τούς
1355 1347 1545 1412 ἁγίους
1578 1346 1905 1417 εὐεργετῶν,
1939 1347 2057 1401 ἀλλ’
2090 1348 2328 1419 ἐμαυτὸν
2355 1347 2447 1401 τὸν
2478 1345 2806 1419 ἁμαρτωλὸν
2858 1345 3106 1416 ὠφελῶν.
3142 1345 3252 1400 Καὶ
3277 1343 3385 1416 γάρ
3419 1343 3519 1396 καὶ
3553 1343 3602 1396 οἱ
3632 1341 3756 1403 τοὺς

484 1442 745 1513 Πατέρων
782 1440 1232 1513 ἀναγραψάμενοι
1273 1441 1443 1512 βίους,
1491 1443 1766 1515 Ἀϐραὰμ,
1815 1441 2035 1511 Ἰσαὰκ,
2073 1446 2170 1500 καὶ⁵
2210 1441 2405 1500 Ἰακὼϐ
2429 1483 2444 1508 ,
2474 1440 2720 1505 Μωσέως
2747 1459 2808 1495 τε
2841 1442 2939 1496 καὶ
2987 1440 3191 1506 Ἠλίου,
3219 1439 3318 1496 καὶ
3354 1439 3462 1492 τῶν
3492 1435 3754 1504 καθεξῆς,

483 1532 586 1605 οὐχ
625 1533 714 1588 ῖνα
741 1533 984 1598 ἐκείνους
1009 1531 1304 1597 δοξάζωσιν
1321 1573 1336 1599 ,
1363 1533 1720 1604 ἐξηγήσαντο,
1754 1534 1871 1594 ἀλλ’
1897 1536 1984 1588 ἵνα
2010 1536 2136 1600 τούς
2167 1534 2594 1606 ἐντυγχάνοντας
2622 1533 3000 1604 ὠφελήσωσιν.

560 1661 732 1716 Τοῦτο
778 1663 874 1718 οῦν
903 1663 1083 1729 είδὼς,
1123 1665 1414 1719 πιστότατε
1462 1665 1558 1718 καὶ
1606 1665 1902 1736 σεμνότατε
1934 1662 2087 1719 δοῦλε
2123 1665 2217 1720 τοῦ
2245 1665 2482 1737 Χριστοῦ
2514 1666 2716 1729 Δαῦσε,
2751 1664 2820 1718 τά
2853 1662 3044 1734 πολλά
3065 1662 3261 1717 σαυτὸν
3289 1660 3584 1723 νουθετῶν,
3615 1659 3747 1717 ἀνά-

489 1772 620 1828 σχου
675 1755 770 1811 καὶ
803 1758 902 1827 τῆς
945 1754 1215 1827 φλυαρίας
1260 1755 1536 1827 ἡμετέρας
1565 1757 1662 1810 ἐπὶ
1691 1757 1904 1829 φυλακῇ
1940 1759 2039 1829 τῆς
2082 1757 2340 1821 εὐσεϐοῦς
2371 1773 2464 1811 σου
2501 1757 2749 1828 γνώμης,
2784 1758 2906 1829 ήτις
2936 1757 3216 1828 διαφόροις
3255 1754 3477 1819 κακίαις
3514 1754 3749 1823 όραταῑς

483 1867 542 1904 τε
569 1849 664 1904 καὶ
709 1850 966 1922 ἀοράτοις
997 1867 1064 1903 κυ
1074 1850 1364 1920 μαίνεσθαι
1397 1850 1670 1918 πέφυκεν,
1698 1853 1730 1921 ή
1742 1849 1858 1921 μῶν
1881 1851 1936 1904 δὲ
1964 1851 1998 1922 ἡ
2031 1851 2261 1924 συνεχὴς
2295 1850 2572 1922 προσευχὴ
2601 1853 2692 1909 καὶ
2723 1852 3192 1922 ίδιοπραγμοσύνη
3221 1848 3442 1904 δύναται
3480 1849 3737 1921 ἠρεμεῖν.

484 1942 681 1997 Πολλοὶ
717 1944 827 2013 γὰρ
855 1943 962 1997 τῶν
992 1943 1402 2015 εὐλαϐεστέρων
1430 1943 1698 2014 ἀδελφῶν,
1731 1944 1827 1998 καὶ
1857 1944 2041 2008 πόνοις
2079 1947 2369 2018 ἀσκήσεως
2395 1947 2488 2000 καὶ
2517 1946 2911 2016 ὲλεημοσύναις
2943 1945 3239 2016 κομώντων
3269 1943 3365 1997 καὶ
3398 1943 3492 1996 ἐπί
3525 1942 3744 2011 ἀγαμία

483 2037 583 2092 καὶ
607 2038 864 2092 παντελεῖ
889 2039 1158 2111 παρθενίᾳ
1183 2039 1678 2111 μεγαλαυχοῦντες,
1709 2041 1802 2096 καὶ
1831 2041 2032 2113 μελέτῃ
2061 2043 2219 2096 θείων
2248 2043 2444 2111 λογίων
2469 2043 2697 2106 ἐαυτούς
2723 2043 3157 2107 κατατείνοντες,
3188 2042 3284 2098 καὶ
3317 2039 3756 2109 σπουδασμάτων

486 2130 726 2200 μαθήσει
776 2133 1131 2206 θαρροῦντες,
1185 2136 1498 2206 ἠστόχησαν
1543 2135 1836 2201 ἀπαθείας,
1884 2136 2185 2208 ἀδιακρίτῳ
2219 2137 2417 2209 γνώμῃ
2460 2135 2826 2201 δουλεύοντες,
2881 2135 3236 2206 προσχήματι
3264 2133 3428 2204 δῆθεν
3462 2131 3755 2189 εὐσεϐείας

489 2221 637 2287 τινὸς
667 2221 1194 2298 φιλοπραγμοσύνην
1240 2228 1589 2296 νοσήσαντες,
1638 2227 1696 2290 ἐξ
1737 2221 1810 2283 ὧν
1839 2226 2119 2281 τίκτονται
2150 2227 2244 2281 καὶ
2279 2226 2816 2298 φιλοπραγμοσύναι,
2857 2225 2957 2297 τὴν
3007 2225 3223 2298 μητέρα
3256 2225 3352 2294 τῆς
3395 2225 3765 2295 ἰδιοπραγμο-

489 2315 655 2386 σύνης
681 2315 1020 2388 ἐκριζοῦσαι.

571 2453 849 2526 Ἀνδρίξου
880 2453 1060 2509 τοίνυν
1088 2455 1146 2508 ἐν
1176 2455 1326 2527 πάσῃ
1361 2455 1596 2518 συνέσει,
1629 2454 1951 2527 παρακαλῶ,
1981 2455 2055 2526 μὴ
2077 2455 2306 2508 πιαίνων
2331 2454 2418 2509 τὸν
2449 2454 2698 2510 πλοῦτον·
2730 2454 2758 2509 6
2783 2455 2846 2525 δή
2879 2455 2972 2510 καὶ
3003 2455 3314 2526 πεποίηκας
3339 2455 3638 2528 αὐτάρκως
3665 2456 3768 2511 αύ-

496 2553 587 2606 τὸν
619 2549 926 2623 σμικρύνας
957 2552 1026 2620 τῇ
1065 2548 1301 2605 διαδόσει
1331 2549 1440 2605 τῶν
1483 2550 1673 2623 χρείαν
1707 2552 1964 2621 ἐχόντων.
2006 2550 2096 2604 Διὸ
2131 2552 2230 2622 τὴν
2263 2553 2328 2605 ἐκ
2356 2551 2548 2605 τούτου
2591 2552 2899 2624 ὑπηρεσίαν
2929 2554 3010 2616 είς
3040 2554 3244 2626 ἀρετῆς
3276 2553 3436 2626 ἔργον
3475 2553 3775 2624 γινομένην

496 2652 636 2722 μήτε
667 2652 812 2720 ὁρμῇ
837 2667 943 2703 τινι
968 2649 1063 2702 καὶ
1092 2649 1362 2722 προλήψει
1391 2649 1573 2720 ἀλόγῳ
1603 2649 1871 2719 γίνεσθαι,
1895 2648 1930 2718 ἢ
1966 2650 2316 2721 προσχήματι
2343 2651 2867 2722 ἀνθρωπαρεσκείας
2890 2651 3036 2717 τινὸς
3066 2651 3323 2724 κρίσεως,
3351 2652 3501 2724 ὅρκῳ
3518 2650 3776 2722 πεδήσας

501 2743 602 2816 τὴν
631 2745 990 2816 προαίρεσιν,
1025 2743 1209 2808 καθὼς
1239 2743 1546 2800 πεπόνθασι
1594 2743 1815 2806 πολλοὶ,
1852 2741 2050 2806 οἵτινες
2090 2743 2382 2815 φιλονείκῳ
2413 2745 2691 2818 κενοδοξία
2719 2745 2782 2800 τὸ
2823 2745 2898 2817 μὴ
2939 2749 3084 2800 πιεῖν
3112 2744 3146 2815 ἢ
3177 2747 3374 2816 φαγεῖν
3399 2744 3778 2806 δουλώσαντες

491 2842 552 2894 τὸ
575 2841 927 2908 αὐτεξούσιον
961 2843 1028 2913 τῇ
1059 2842 1278 2918 ἀνάγκῃ
1313 2841 1408 2896 τοῦ
1433 2843 1624 2913 όρκου,
1647 2841 1743 2895 καὶ
1768 2839 1942 2912 τούτῳ
1968 2840 2132 2895 πάλιν
2157 2841 2524 2906 ὑποπεσόντες
2553 2841 2791 2914 οἰκτρῶς
2815 2841 2849 2914 ἢ
2881 2839 3148 2914 φι).οζω“ία
3177 2842 3270 2896 καὶ
3295 2841 3519 2913 ἀκηδίᾳ,
3543 2841 3579 2911 ἢ
3613 2841 3781 2895 ἀσθε-

493 2934 614 3007 νεία
643 2934 930 3006 σώματος,
960 2939 1055 2993 καὶ
1099 2939 1365 3011 ἐπιθυμίᾳ
1408 2937 1607 3009 ήδονῆς
1648 2953 1798 3001 τινος
1824 2936 1924 3009 τήν
1951 2937 2240 3007 ἐπιορκίαν
2264 2936 2576 3002 ώδίναντες.
2610 2936 2770 3008 Λόγῳ
2800 2936 2981 2992 τοίνυν
3026 2937 3464 3008 μεταλαμϐάνων
3498 2937 3598 2992 καὶ
3629 2936 3779 3005 λόγῳ

495 3033 861 3105 ἀπεχόμενος,
892 3035 993 3107 οὐχ
1021 3035 1364 3106 ἀμαρτήσεις
1392 3034 1545 3089 ποτέ.
1569 3032 1704 3098 Θεὸς
1736 3033 1848 3105 γὰρ
1877 3035 1906 3088 ό
1931 3032 2089 3102 λόγος
2115 3032 2226 3087 τῶν
2261 3032 2320 3086 ὲν
2348 3034 2483 3104 ήμῖν
2513 3032 2835 3105 κινημάτων
2880 3031 3145 3103 ἑξορίζων
3175 3031 3245 3086 τά
3282 3029 3524 3102 βλαϐερά
3546 3070 3562 3096 ,
3608 3047 3781 3102 προσ-

494 3123 910 3198 λαμϐανόμενος
943 3125 1000 3179 δέ
1028 3126 1097 3179 τά
1137 3125 1418 3196 ἐπωφελῆ.
1451 3125 1656 3195 Δικαίῳ
1689 3123 1799 3196 γάρ
1829 3122 2017 3195 νόμος,
2059 3123 2248 3193 φησὶν,
2279 3123 2342 3177 οὐ
2373 3125 2572 3178 κεῖται.
2611 3125 2871 3194 ’Δμεινον
2901 3121 3012 3193 γάρ
3037 3123 3072 3195 ή
3106 3122 3246 3193 μετά
3293 3122 3455 3191 λόγου
3488 3123 3774 3175 οίνοποσία

496 3222 600 3290 τῆς
633 3218 773 3290 μετά
806 3218 979 3288 τύφου
1016 3217 1363 3287 ὐδροποσίας.
1400 3219 1512 3273 Καὶ
1542 3217 1708 3288 βλέπε
1741 3233 1833 3288 μοι
1869 3215 1995 3280 τούς
2037 3215 2180 3286 μετά
2206 3214 2370 3285 λόγου
2405 3214 2716 3280 θεοσεϐείας
2747 3215 2842 3269 τὸν
2887 3209 3034 3272 οίνον
3063 3216 3289 3279 πιόντας
3331 3214 3538 3286 ἀνδρας
3581 3212 3776 3281 ἁγίους

497 3315 870 3388 ὑπάρχοντας,
901 3315 998 3370 καὶ
1029 3315 1156 3379 τούς
1187 3315 1504 3384 ἀλογίστους
1538 3315 1674 3387 μετά
1703 3313 1964 3377 ἀπονοίας
2001 3312 2475 3384 ὐδροποτήσαντας
2514 3311 2861 3385 ἀνθρώπους,
2897 3311 3155 3384 βεϐήλους
3185 3312 3280 3367 καὶ
3311 3309 3779 3382 διεφθαρμένους.

498 3407 720 3478 Μηκέτι
747 3407 919 3482 ψέξῃς
953 3407 986 3480 ἢ
1019 3408 1314 3481 ἐπαινέσῃς
1346 3408 1444 3479 τήν
1479 3406 1614 3478 ῦλην
1651 3407 1760 3461 τῶν
1795 3407 2127 3479 βρωμάτων,
2165 3404 2302 3462 ἀλλά
2339 3406 2655 3478 μακαρίσῃς
2685 3404 2718 3478 ἢ
2749 3405 3046 3478 ταλανίσῃς
3072 3404 3172 3474 τήν
3200 3405 3428 3476 γνώμην
3453 3403 3567 3456 τῶν
3591 3403 3785 3467 κακῶς

450 3519 457 3524 '
500 3502 538 3572 ἢ
579 3501 765 3566 καλῶς
793 3501 1096 3573 χρωμένων
1129 3505 1196 3575 τῇ
1232 3502 1356 3576 ὕλῃ.
1385 3501 1581 3556 Ἐπιέν
1611 3519 1742 3556 ποτε
1779 3502 1984 3574 Ἰωσήφ
2013 3502 2144 3575 παρ’
2175 3499 2494 3570 Λίγυπτίοις
2522 3494 2684 3565 οἶνον,
2717 3501 2834 3556 ἀλλ’
2867 3502 2970 3556 οὐκ
2995 3500 3198 3574 ἐϐλάϐη
3225 3501 3322 3573 τὴν
3360 3499 3554 3572 φρένα·
3585 3501 3774 3570 ήσφά-

500 3595 656 3648 λιστο
677 3594 784 3667 γάρ
809 3595 912 3666 τήν
935 3593 1186 3666 γνώμην.
1226 3595 1612 3666 ⁹Υδροπότισεν
1637 3595 1695 3649 δὲ
1722 3594 2072 3664 Πυθαγόρας,
2100 3595 2192 3648 καὶ
2221 3594 2502 3667 Διογένης,
2528 3595 2622 3650 καὶ
2650 3595 2898 3650 Πλάτων’
2927 3596 2987 3651 ἐν
3015 3588 3096 3660 οἷς
3120 3597 3214 3651 καὶ
3237 3597 3558 3668 Μανιχαῖοι,
3585 3595 3683 3648 καὶ
3713 3596 3780 3648 τὸ

501 3687 688 3742 λοιπὸν
729 3688 982 3760 σύστημα
1018 3687 1129 3742 τῶν
1168 3687 1633 3758 ὲθελοφιλοσόφων
1655 3702 1670 3717 ⁸
1705 3687 1799 3741 καὶ
1839 3687 1934 3740 ἐπί
1969 3683 2224 3740 τοσοῦτον
2255 3685 2465 3757 ήλασαν
2507 3687 2862 3756 κουφοδοξίαν
2889 3688 3154 3756 ἀκολασία
3176 3734 3190 3756 ,
3223 3689 3297 3752 ὡς
3343 3689 3438 3742 καὶ
3471 3689 3640 3744 αὐτὸν
3678 3689 3774 3742 τὸν

501 3785 636 3838 Θεὸν
665 3783 756 3838 τὸν
785 3785 892 3838 τῶν
923 3783 1184 3838 ἁπάντων
1207 3783 1439 3855 ποιητήν
1468 3782 1756 3854 ἀγνοῆσαι,
1789 3783 1884 3837 καὶ
1926 3782 2303 3854 προσκυνῆσαι
2341 3780 2570 3852 ἀψύχοις
2597 3782 2860 3848 εἰδώλοις.
2891 3783 3138 3855 ’Πψαντο
3173 3783 3229 3836 δὲ
3274 3785 3367 3838 καλ⁵
3411 3785 3461 3840 οί
3492 3786 3623 3856 περὶ
3669 3785 3766 3839 τὸν

507 3878 780 3950 μακάριον
812 3877 1110 3932 ἀπόστολον
1153 3877 1360 3948 Πέτρον
1394 3879 1494 3947 τῆς
1522 3876 1776 3948 χρήσεως
1803 3874 1898 3929 τοῦ
1927 3875 2093 3941 οἴνου,
2126 3875 2201 3939 ὡς
2231 3875 2325 3930 καὶ
2352 3875 2512 3930 αὐτὸν
2541 3873 2902 3940 ὀνειδίζεσθαι
2937 3875 3028 3930 τὸν
3059 3876 3267 3948 Κύριον
3302 3878 3396 3932 καὶ
3421 3861 3768 3935 ’διδάσκαλον

504 3971 731 4038 τούτων,
763 3973 992 4044 Σωτῆρα
1020 3972 1077 4025 δέ
1109 3971 1219 4026 τῶν
1252 3971 1530 4037 ἁπάντων,
1554 3971 1650 4025 ἐπὶ
1682 3971 1986 4043 μεταλήψει
2019 3971 2398 4040 ἐγκαλούντων
2439 3971 2732 4039 Ἰουδαίων,
2767 3972 2866 4028 Διά
2888 3973 2942 4026 τί
2978 3974 3026 4028 οῖ
3060 3973 3302 4044 μαθηταί
3332 3993 3424 4029 σου
3453 3975 3514 4029 οὐ
3543 3975 3782 4045 νηστεύ-

504 4078 678 4127 ουσιν,
710 4061 785 4124 ὡς
816 4061 910 4115 καὶ
952 4061 1234 4130 Ἰωάννους
1265 4062 1361 4116 καὶ
1389 4063 1554 4117 πάλιν
1584 4064 1696 4128 τοῖς
1731 4062 2004 4135 μαθηταῖς
2035 4063 2352 4128 ἐπέϐαινον,
2385 4065 2481 4118 καὶ
2510 4064 2863 4131 ὀνειδίζοντες
2909 4066 3096 4135 ελεγον
3125 4069 3172 4121 οί
3203 4068 3446 4132 ἀπειθεῖς
3483 4085 3495 4098 ·
3537 4069 3597 4122 Ὀ
3625 4069 3775 4124 616i-

507 4155 710 4220 σκαλος
736 4154 893 4226 ὐμῶν
912 4155 1052 4228 μετὰ
1077 4155 1341 4210 τελωνῶν
1365 4157 1460 4210 καὶ
1484 4157 1829 4229 ἁμαρτωλῶν
1860 4157 2030 4210 ἐσθίει
2048 4157 2143 4212 καὶ
2168 4156 2333 4212 πίνει.
2365 4159 2478 4211 Οὐκ
2508 4157 2573 4212 ἂν
2601 4157 2658 4212 δὲ
2682 4159 2774 4213 ἐπὶ
2792 4159 2956 4231 ἀρτου
2985 4161 3073 4214 κατ
3099 4159 3288 4224 ὕδατος
3310 4159 3784 4231 ἐπελαμϐάνοιτο,

508 4246 560 4300 εἰ
591 4246 667 4318 μή
691 4248 783 4302 ἐπὶ
808 4248 939 4319 ὕψου
965 4247 1061 4302 καὶ
1096 4248 1242 4302 οἴνου
1275 4247 1538 4318 δηλονότι.
1581 4249 1669 4301 Ἐν
1697 4243 1779 4313 οἷς
1802 4251 1916 4312 τοῖς
1946 4251 2297 4304 παντάπασιν
2327 4250 2539 4317 ἀλόγως
2574 4249 2808 4319 ψέγουσι
2847 4250 2945 4320 μὲν
2981 4251 3314 4319 οίνοποσίαν,
3357 4253 3702 4325 θαυμάζουσι
3728 4256 3787 4308 δὲ

509 4338 858 4410 ὑδροποσίαν,
890 4339 1249 4410 ἀποκρίνεται
1279 4341 1308 4393 6
1333 4341 1548 4410 Σωτήρ,
1572 4336 1776 4395 τΗλθεν
1795 4344 1824 4396 6
1861 4341 2117 4414 Ἰωάννης
2142 4343 2200 4397 ὲν
2225 4343 2329 4414 ὀδῷ
2359 4343 2730 4414 δικαιοσύνης,
2762 4345 2898 4417 μήτε
2927 4344 3146 4412 ἐσθίων,
3185 4347 3321 4418 μήτε
3349 4346 3544 4400 πίνων·
3568 4348 3776 4421 δηλαδὴ

509 4431 649 4504 κρέα
681 4431 776 4485 καὶ
800 4426 963 4486 οἶνον.
1001 4432 1164 4485 Ἀνευ
1196 4431 1304 4504 γὰρ
1332 4431 1438 4486 τῶν
1471 4431 1648 4487 ἀλλων
1672 4432 1770 4505 ζῇν
1795 4433 1897 4487 οὐκ
1924 4433 2181 4502 ἠδύνατοο
2209 4435 2305 4488 καὶ
2333 4435 2577 4504 λέγουσι,
2613 4434 2898 4504 Δαιμόνιον
2925 4435 3055 4506 ἔχει.
3092 4431 3297 4490 Ἦλθεν
3336 4438 3363 4489 6
3396 4435 3526 4501 Υίὸς
3555 4437 3652 4491 τοῦ
3688 4439 3783 4491 ἀν-

512 4527 736 4600 θρώπου
768 4525 964 4580 ἐσθίων
989 4525 1084 4579 καὶ
1125 4525 1317 4580 πίνων·
1345 4527 1438 4580 καὶ
1463 4526 1704 4595 λέγουσι’
1745 4527 1876 4581 Ἰδοὺ
1898 4526 2188 4598 ἄνθρωπος
2216 4529 2416 4597 φάγος,
2449 4529 2542 4580 καὶ
2572 4527 2891 4598 οἰνοπότης,
2929 4528 3083 4596 φίλος
3107 4527 3354 4582 τελωνῶν
3389 4529 3485 4583 καὶ
3514 4532 3786 4602 ἀμαρτω-

511 4621 645 4686 λῶν,
672 4619 759 4674 διὰ
794 4620 856 4674 τὸ
884 4618 1084 4673 ἐσθίειν
1113 4620 1209 4673 καὶ
1241 4618 1438 4673 πίνειν.
1469 4617 1535 4670 Τί
1563 4613 1656 4671 οῦν
1690 4620 1850 4688 ήμεῖς
1875 4618 2203 4690 ποιήσομεν;
2227 4619 2382 4689 Μήτε
2413 4620 2525 4680 τοῖς
2554 4617 2804 4685 ψέγουσι,
2839 4617 2974 4688 μεζτε
2999 4634 3110 4682 τοις
3141 4617 3452 4672 ἐπαινοῦσιν
3486 4621 3788 4692 ἀκολουθή-

513 4731 734 4787 σωμεν·
767 4713 937 4786 ἀλλ’ἢ
971 4712 1110 4785 μετά
1157 4711 1405 4767 Ἰωάννου
1445 4711 1588 4783 λόγῳ
1616 4710 2028 4782 νηστεύσωμεν,
2061 4709 2164 4765 κᾶν
2193 4712 2421 4766 εἴπωσιν
2453 4713 2604 4781 ἡμῖν,
2635 4709 2920 4781 Δαιμόνιον
2956 4709 3131 4781 ἔχετε·
3164 4711 3196 4782 ἢ
3228 4712 3348 4782 μετ’
3401 4713 3580 4782 Ἰησοῦ
3619 4715 3790 4786 σοφία

513 4815 982 4885 οἱνοποτήσωμεν,
1015 4813 1061 4865 εί
1092 4809 1284 4882 χρῄζοι
1315 4809 1377 4863 τὸ
1411 4807 1591 4878 σῶμα,
1626 4805 1729 4861 κᾶν
1775 4806 2003 4860 εἴπωσιν
2035 4808 2191 4878 ήμῖν,
2239 4805 2371 4859 Ἰδοὺ
2407 4805 2685 4876 ἀνθρωττοι
2719 4805 2885 4874 φάγοι
2930 4805 3025 4859 καὶ
3064 4807 3362 4862 οἰνοπόται.
3409 4806 3548 4861 Οὐτε
3599 4807 3712 4878 γὰρ
3758 4789 3789 4858 ἡ

518 4911 724 4985 βρῶσίς
751 4912 870 4965 ἐστί
898 4927 949 4962 τι
979 4908 1124 4962 κατά
1152 4906 1434 4978 ἀλήθειαν,
1468 4902 1592 4958 οὐτε
1625 4906 1659 4976 ή
1691 4903 1906 4975 ἀποχὴ,
1939 4902 2056 4956 ἀλλ’
2084 4903 2117 4974 ή
2150 4901 2334 4965 πίστις
2361 4899 2429 4953 δι’
2463 4901 2685 4971 ἀγάπης
2713 4903 2828 4964 τοῖς
2865 4899 3046 4971 ἔργοις
3082 4903 3580 4973 παρεκτεινομένη.
3614 4903 3782 4985 Ὅταν

651 5005 801 5076 πάσῃ
826 5002 1025 5074 πράξει
1051 5000 1391 5071 ἀκολουθήσῃ
1433 4998 1696 5071 ήπίστις,
1727 4995 2096 5068 ἀκατάκριτός
2130 4997 2280 5049 ἐστιν
2313 4997 2342 5048 6
2380 4992 2575 5047 ἐσθίων
2600 4993 2693 5047 καὶ
2724 4993 2915 5058 πίνων,
2949 4994 3038 5048 διά
3064 4995 3164 5066 τὴν
3203 4996 3404 5050 πίστιν.
3441 4996 3556 5049 Πᾶν
3586 4995 3717 5066 γὰρ,
3757 4979 3787 5032 δ

516 5101 621 5155 οὐκ
661 5103 725 5154 ἐκ
767 5098 1026 5162 πίστεως,
1063 5095 1308 5168 ἁμαρτία
1353 5095 1524 5150 ἐστίν.
1567 5094 1708 5148 Ἀλλ’
1739 5093 1928 5164 ἐπειδὴ
1959 5093 2067 5156 πᾶς
2095 5108 2179 5156 τις
2210 5090 2319 5144 τῶν
2349 5088 2671 5159 φιληδόνων,
2703 5087 2736 5156 ἢ
2780 5087 2959 5141 ότιοῦν
2989 5088 3458 5159 πλημμελούντων
3481 5129 3496 5148 ,
3523 5089 3658 5159 ὲρεῖ,
3707 5088 3787 5140 ὅτι

519 5194 705 5248 Πίστει
737 5191 1159 5264 μεταλαμϐάνω,
1181 5192 1258 5262 ήό
1287 5191 1474 5262 ’ἐτερόν
1496 5208 1548 5244 τι
1569 5191 1824 5261 πράττων
1848 5189 2029 5260 ἀλόγῳ
2054 5187 2341 5259 ἐπιθυμία,
2374 5186 2406 5258 ἢ
2433 5183 2812 5254 διεφθαρμένῳ
2836 5181 2915 5254 τῷ
2943 5185 3225 5248 συνειδότι,
3260 5187 3324 5256 τῇ
3350 5183 3530 5236 πίστει
3567 5185 3784 5253 ἐπερει-

517 5287 765 5358 δόμενος,
815 5286 1098 5356 ἔσφαλται,
1141 5285 1200 5339 ὐ
1232 5286 1338 5358 γὰρ
1378 5285 1567 5358 Σωτήρ
1605 5286 1936 5341 διεστείλατο
1972 5285 2171 5354 λέγων’
2223 5283 2356 5339 Ἀπὸ
2385 5282 2493 5335 τῶν
2525 5279 2757 5353 καρπῶν
2793 5280 2972 5334 αὐτῶν
3003 5281 3371 5350 ἐπιγνώσεσθε
3405 5279 3625 5342 αὐτούς.
3652 5280 3774 5332 Ὀτι

524 5383 578 5439 δέ
602 5382 630 5434 ό
661 5381 869 5453 καρπὸς
892 5381 1000 5435 τῶν
1031 5380 1158 5449 θείῳ
1185 5381 1328 5452 λόγῳ
1359 5381 1792 5453 πολιτευομένων
1817 5379 1913 5436 καὶ
1940 5384 2286 5452 πνευματικῇ
2318 5379 2550 5442 συνέσει,
2579 5375 2720 5431 κατά
2747 5375 2840 5428 τὸν
2863 5375 3006 5428 θεῖον
3047 5373 3391 5437 ’Λπόστολον,
3420 5371 3610 5442 ἀγάπη
3637 5371 3776 5435 ἐστὶ,

523 5473 621 5526 καὶ
641 5473 806 5544 χαρά,
829 5472 925 5527 καὶ
955 5472 1167 5543 είρήνη,
1189 5473 1283 5526 καὶ
1306 5474 1682 5544 μακροθυμία,
1707 5473 2034 5546 χρηστότης,
2066 5472 2416 5542 ἀγαθωσύνη,
2445 5470 2649 5535 πίστις,
2687 5465 2960 5540 πραότης,
2987 5466 3303 5537 ἐγκράτεια,
3331 5463 3548 5532 ἁγνεία,
3577 5460 3785 5533 ώμολό-

524 5583 710 5639 γηται.
732 5566 904 5631 Αὐτὸς
925 5567 1035 5638 γάρ
1064 5566 1248 5633 ἔλεγεν
1275 5569 1304 5620 ό
1332 5567 1604 5638 μακάριος
1641 5567 1870 5632 Παῦλοςο
1919 5567 1978 5621 '0
2014 5567 2070 5620 δὲ
2107 5566 2316 5636 καρπὸς
2344 5563 2438 5619 τοῦ
2472 5559 2796 5632 Πνεύματός
2824 5561 2941 5614 ἐστι
2973 5559 3146 5613 ταῦτα
3186 5560 3279 5613 καὶ
3303 5556 3497 5613 ταῦτα.
3527 5556 3651 5608 ’Ότι
3672 5551 3727 5606 δὲ
3754 5550 3785 5604 6

529 5661 848 5727 σπουδάζων
876 5661 1150 5727 τοιούτους
1179 5660 1322 5731 ἔχειν
1353 5663 1620 5734 καρποὺς,
1647 5662 1876 5732 ἀλόγως,
1910 5663 1942 5734 ἦ
1976 5662 2243 5735 ἀκαίρως,
2275 5660 2308 5732 ή
2343 5659 2625 5726 ἀσκόπως,
2657 5657 2718 5712 οὐ
2758 5657 3028 5728 βρώσεται
3070 5651 3226 5724 κρέα,
3262 5651 3378 5706 οὐδὲ
3417 5651 3602 5704 πίεται
3626 5642 3788 5715 οἶνον,
