4060 6570
289 393 431 450 tuos
1514 382 1845 440 liPlSTOLA
1891 384 1979 437 AD
2017 383 2319 439 Lausun.
3412 384 3547 442 uno

359 514 473 583 Ego
499 511 701 580 itaque.
732 512 810 567 vir
850 511 1164 583 cognitionis
1191 511 1282 566 Dei
1310 508 1715 577 studiosissime,
1750 511 1929 581 aliqua
1973 524 2037 565 ex
2071 516 2219 579 parte
2256 520 2484 576 scqttcns
2516 507 2615 560 hoc
2653 506 2871 571 dictum,
2911 509 3104 565 multos
3133 510 3358 566 conveni
3396 525 3519 566 san-

272 618 416 664 ctos.
442 604 624 674 Neque
652 620 779 661 vero
808 621 869 660 ea
902 606 1155 675 cogitatio
1182 604 1314 659 mihi
1343 603 1487 658 aliud
1530 603 1707 673 agenti
1735 604 1787 657 in
1835 610 2066 658 mentem
2098 600 2264 663 venit,
2298 599 2389 654 sed
2427 614 2545 655 cum
2579 601 2787 668 triginta
2836 610 2994 671 atque
3021 602 3153 655 adeo
3182 602 3261 657 bis
3308 603 3525 658 totidem

274 702 484 754 dierum
514 696 655 751 viam
689 698 1058 762 confecissem,
1089 706 1144 753 et
1169 694 1264 751 Dei
1293 696 1460 766 gratia
1486 697 1716 765 pedestri
1746 697 1960 763 itinere,
1985 707 2194 749 omnem
2223 692 2578 746 Romanorum
2605 693 2871 761 regionem
2900 693 3277 760 pervasissem,
3300 694 3397 747 viae
3418 708 3532 747 mo-

226 792 227 795 “
279 789 489 844 lestiam
533 788 683 841 nihili
709 788 806 843 feci
845 789 892 842 si
923 787 1208 844 convenire
1235 800 1446 854 possem
1488 786 1658 840 virum
1688 788 1832 854 pium
1858 802 1920 841 ac
1947 787 2040 840 Dei
2073 784 2329 847 amicum,
2366 792 2423 837 ut
2453 784 2817 840 lucrifacerem
2852 785 2991 853 quod
3025 774 3131 839 non
3164 784 3447 840 habebam.
3471 785 3529 843 Si

274 881 420 935 enim
449 880 538 949 qui
581 894 667 935 me
692 888 774 935 est
817 880 974 949 longe
1004 880 1362 949 praestantior,
1394 889 1553 950 atque
1581 879 1712 933 adeo
1762 878 1899 933 forte
1925 879 2087 935 etiam
2121 879 2368 933 universo
2412 878 2642 942 mundo,
2696 880 2995 948 multosque
3031 880 3301 947 superavit
3328 888 3380 934 et
3409 880 3535 934 vitze

275 972 495 1043 agenda:
523 972 750 1039 ratione,
782 981 836 1025 et
866 972 1191 1041 cognitione,
1221 979 1275 1025 et
1302 971 1527 1041 spiritali
1560 970 1935 1039 intelligentia,
1972 979 2026 1025 et
2059 970 2164 1026 fide
2207 973 2261 1027 in
2290 970 2584 1038 Christum,
2617 972 2803 1027 beatus
2830 972 3097 1039 apostolus
3129 972 3343 1038 Paulus,
3369 974 3538 1028 Tarso

276 1062 333 1117 in
364 1064 600 1120 Judaeam
629 1063 897 1134 profectus
926 1071 1029 1129 est,
1060 1071 1118 1118 ut
1143 1063 1455 1118 conveniret
1486 1063 1701 1118 Petrum
1733 1072 1788 1118 et
1830 1064 2090 1120 Joannem
2124 1074 2179 1119 et
2203 1064 2494 1130 Jacobum;
2538 1074 2592 1121 et
2634 1065 2755 1121 ideo
2783 1065 2944 1121 veluti
2989 1067 3220 1135 glorians
3247 1067 3297 1120 id
3330 1078 3531 1133 narrat,

279 1155 518 1211 referens
546 1170 671 1209 suos
695 1155 926 1221 labores,
951 1154 1015 1208 ad
1048 1168 1142 1209 eos
1170 1154 1471 1210 incitandos
1499 1155 1587 1222 qui
1617 1155 1668 1209 in
1714 1156 1961 1210 socordia
1990 1164 2045 1211 et
2070 1156 2181 1210 otio
2212 1156 2373 1210 vitam
2403 1155 2719 1222 transigunt,
2750 1156 3009 1211 dicendo:
3045 1158 3275 1212 Ascendi
3314 1158 3535 1214 Jerusa-

278 1250 383 1304 lem
409 1258 466 1303 ut
495 1248 728 1301 viderem
759 1245 1019 1315 Cepham,
1054 1260 1158 1301 non
1184 1253 1468 1302 contentus
1497 1246 1608 1302 Sola
1639 1246 1776 1301 fama
1807 1246 1952 1301 illius
1981 1247 2210 1314 virtutis,
2270 1248 2361 1302 sed
2394 1246 2707 1302 desiderans
2736 1246 2851 1316 ejus
2880 1262 3091 1317 quoque
3126 1249 3317 1304 intueri
3345 1250 3533 1307 faciem

278 1332 429 1397 (Gal.
465 1339 557 1408 ll);
591 1345 789 1408 quanto
834 1326 1013 1407 magis
1058 1324 1158 1408 ego
1187 1338 1275 1407 qui
1304 1353 1420 1392 sum
1451 1338 1913 1393 innumerabilium
1951 1338 2270 1394 talentorum
2299 1337 2528 1401 debitor,
2558 1335 2714 1391 debui
2744 1337 2845 1392 hoc
2873 1338 3065 1400 facere,
3118 1354 3221 1394 non
3256 1342 3377 1396 illos
3419 1358 3536 1395 san-

278 1441 394 1486 ctos
416 1433 675 1486 benellcio
706 1431 962 1498 afﬁciens,
991 1431 1085 1487 sed
1129 1432 1259 1485 mihi
1291 1431 1554 1500 p‘eccatori
1587 1431 1867 1485 utilitatem
1898 1430 2144 1486 afferens.
2188 1430 2319 1485 Nam
2349 1431 2379 1483 ii
2416 1445 2626 1499 quoque
2663 1431 2749 1500 qui
2781 1429 2994 1483 Patrum
3027 1430 3171 1485 Vitas
3202 1434 3534 1503 conscripsc-

279 1529 425 1585 runt,
455 1522 700 1585 Abrahae,
727 1530 780 1576 et
812 1521 977 1587 Isaac,
1007 1530 1061 1575 et
1083 1520 1264 1585 Jacob,
1297 1530 1350 1575 et
1372 1512 1591 1590 Moysis,
1621 1530 1676 1575 et
1707 1522 1855 1586 Elite,
1887 1531 1941 1577 et
1968 1522 2207 1585 Joannis,
2245 1533 2298 1575 et
2329 1536 2513 1576 eorum
2561 1522 2650 1589 qui
2697 1522 2951 1592 deinceps
2970 1532 3386 1593 consequuntur,
3430 1541 3534 1580 non

279 1622 565 1667 narrarunt
590 1622 646 1667 ut
675 1627 861 1668 eorum
890 1612 1253 1667 illustraretur
1282 1612 1471 1682 gloria,
1504 1612 1597 1667 sed
1625 1622 1681 1667 ut
1709 1613 2023 1682 prodessent
2054 1614 2119 1668 iis
2145 1614 2234 1683 qui
2258 1628 2348 1668 eas
2374 1614 2632 1685 legerent.

354 1728 477 1784 llaec
504 1744 631 1798 ergo
654 1745 773 1785 cum
803 1730 964 1795 scias,
998 1726 1304 1785 fidelissime
1331 1739 1383 1785 et
1409 1728 1655 1799 inprimis
1683 1730 1982 1785 venerande
2025 1730 2222 1785 Christi
2249 1746 2405 1787 serve
2441 1732 2632 1797 Lause,
2652 1732 2877 1802 teipsum
2900 1747 3042 1802 saepe
3062 1735 3378 1803 admonens,
3397 1738 3535 1791 feras

279 1822 541 1888 patienter
563 1828 773 1874 nostras
805 1821 1056 1890 ineptias,
1094 1830 1148 1874 ut
1177 1821 1316 1888 piam
1347 1830 1487 1874 tuam
1519 1829 1750 1875 mentem
1783 1819 2072 1883 custodias,
2100 1820 2184 1873 cui
2211 1829 2398 1875 natura
2422 1829 2507 1875 est
2532 1821 2749 1875 insitum
2775 1832 2829 1876 ut
2859 1822 3081 1877 diversis
3112 1823 3273 1892 vitiis,
3301 1840 3418 1893 qua:
3440 1826 3537 1879 sub

279 1921 554 1978 aspectum
585 1911 782 1965 cadunt
812 1923 865 1966 et
894 1927 1012 1981 quae
1035 1926 1138 1964 non
1168 1911 1386 1985 cadunt,
1419 1921 1665 1979 tanquam
1697 1911 1848 1965 undis
1881 1914 2131 1982 agitetur,
2167 1921 2340 1980 potest
2381 1922 2558 1967 autem
2590 1914 2764 1967 sedari
2796 1914 2905 1967 sola
2938 1925 3187 1982 perpetua
3213 1918 3451 1972 oratione
3480 1928 3535 1972 et

280 2004 491 2073 propria
520 2004 591 2058 tui
624 2004 787 2073 ipsius
808 2019 957 2059 cura.
990 2003 1133 2057 Multi
1162 2005 1303 2058 enim
1334 2007 1490 2059 etiam
1520 2021 1584 2057 ex
1617 2003 1865 2058 fratribus
1911 2006 2063 2072 paulo
2087 2005 2531 2073 religiosioribus,
2560 2007 2645 2073 qui
2676 2013 2729 2061 et
2753 2007 2820 2060 de
2866 2008 3266 2062 exercitationis
3307 2018 3356 2063 et
3395 2010 3537 2065 elec-

278 2108 515 2163 mosyna:
545 2092 818 2147 laboribus
857 2093 953 2147 sibi
988 2093 1295 2161 placebant,
1326 2093 1469 2147 etde
1496 2094 1745 2148 caelibatu
1777 2093 2114 2162 perfectaque
2148 2104 2201 2148 et
2233 2095 2472 2148 absoluta
2506 2096 2807 2164 virginitate
2836 2112 2893 2151 se
2930 2098 3220 2165 jactabant,
3246 2110 3293 2153 et
3334 2101 3381 2152 in
3406 2100 3538 2152 divi-

280 2197 473 2236 norum
502 2183 833 2251 eloquiorum
862 2184 1201 2237 meditatione
1237 2183 1470 2236 animum
1500 2183 1846 2237 vehementer
1879 2183 2225 2238 intendebant
2247 2225 2259 2247 ,
2294 2192 2351 2238 et
2381 2199 2556 2238 rerum
2591 2186 2844 2239 bonarum
2903 2185 3179 2253 disciplina
3207 2187 3325 2239 freti
3364 2198 3534 2253 erant,

280 2276 595 2330 aberrarunt
623 2277 689 2332 ab
719 2278 1108 2347 impatibilitate
1133 2275 1313 2348 (Caute
1344 2276 1491 2348 lege),
1536 2276 1835 2331 temeraria:
1868 2291 1977 2329 suae
2004 2276 2284 2329 sententia:
2312 2276 2638 2335 servientes;
2665 2285 2722 2330 ut
2749 2277 2834 2345 qui
2878 2277 3101 2345 alicujus
3132 2278 3331 2332 scilicet
3372 2279 3538 2347 picta.

280 2373 345 2423 t‘s
376 2380 635 2438 przctt-xtu
677 2371 870 2439 negotii
893 2370 1107 2437 gerendi
1136 2369 1420 2437 cujiiditate
1452 2369 1767 2431 laborarent,
1798 2383 1865 2423 ex
1896 2383 1996 2437 qua
2019 2368 2263 2422 oriuntur
2291 2377 2345 2423 et
2374 2367 2590 2437 gerendi
2618 2368 2813 2435 negotii
2844 2368 3020 2423 nimiae
3044 2370 3446 2433 sollicitudines,
3477 2373 3535 2422 et

278 2458 344 2512 ad
372 2458 507 2511 mala
534 2457 739 2528 negotia
761 2458 920 2512 animi
945 2458 1346 2527 applicationes,
1371 2474 1500 2527 quas
1522 2468 1915 2527 consequuntur
1937 2472 2078 2511 cura:
2099 2458 2390 2512 alienorum
2417 2458 2748 2528 negotiorum
2773 2474 2891 2529 quae
2922 2459 3261 2514 honestorum
3297 2463 3532 2530 negotio-

279 2564 398 2604 rum
431 2564 608 2603 curam
638 2548 871 2603 evellunt
908 2548 1179 2613 radicitus,
1210 2563 1326 2616 quae
1355 2558 1435 2602 Cal.
1471 2559 1640 2603 mater
1671 2549 1897 2617 proprize
1922 2548 2003 2601 sui
2028 2548 2191 2615 ipsius
2222 2563 2383 2602 curae.

353 2660 477 2713 Esto
506 2673 650 2728 ergo,
683 2674 807 2727 rogo
837 2668 907 2724 te,
934 2658 1083 2711 fortis
1105 2658 1155 2711 in
1186 2657 1327 2711 omni
1351 2658 1714 2726 intelligentia,
1744 2671 1847 2710 non
1879 2654 2096 2724 pingues
2119 2666 2171 2709 et
2196 2656 2386 2711 nitidas
2413 2656 2646 2712 efficiens
2675 2658 2886 2713 divitias
2906 2702 2921 2726 ,
2971 2661 3109 2728 quod
3144 2661 3354 2730 quidem
3384 2668 3534 2716 certe

279 2750 477 2817 fecisti,
511 2767 601 2807 eas
628 2754 757 2806 satis
790 2754 1053 2817 minuens,
1075 2751 1427 2820 impertiendo
1455 2753 1518 2807 iis
1548 2752 1637 2819 qui
1672 2750 1911 2822 indigent
1937 2769 1949 2803 :
1978 2765 2158 2820 eaeque
2181 2752 2245 2803 ad
2278 2752 2624 2806 exercendam
2649 2754 2897 2807 virtutem
2932 2754 3021 2807 tibi
3038 2756 3183 2809 fuere
3212 2756 3527 2821 ministerio,

276 2857 400 2897 cum
430 2859 529 2898 nec
560 2845 758 2913 impetu
788 2843 982 2911 aliquo.
1011 2858 1107 2897 nec
1138 2842 1239 2896 ulla
1272 2857 1391 2912 qua:
1419 2842 1625 2897 ratione
1651 2851 1858 2896 careret
1886 2843 2284 2911 anticipatione,
2335 2854 2507 2908 neque
2536 2841 2644 2894 ullo
2673 2851 2931 2910 praetextu
2961 2860 3065 2911 quo
3092 2846 3328 2912 placetes
3354 2845 3528 2897 hemi-

278 2937 460 2999 nibus,
483 2936 827 3005 jurejurando
856 2933 1154 3004 obligasses
1182 2941 1324 2987 tuam
1353 2933 1570 2987 liberam
1604 2931 1831 3001 eligendi
1857 2932 2202 2997 voluntatem,
2234 2930 2373 2985 sicut
2404 2930 2581 2984 multis
2609 2931 2784 2984 evenit
2809 2932 3130 2997 hominibus,
3161 2932 3248 3001 qui
3275 2947 3392 2985 cum
3417 2947 3518 2985 nm

277 3031 593 3088 comedendi
626 3032 708 3086 vel
738 3030 951 3085 bibendi
982 3027 1327 3085 contentiosa:
1358 3041 1504 3081 vanae
1534 3026 1717 3093 gloriae
1744 3023 1947 3078 servire
1976 3023 2223 3078 fecissent
2250 3022 2471 3077 liberum
2496 3022 2793 3088 arbitrium,
2819 3026 3131 3077 necessitate
3154 3023 3522 3092 jurisjurandi,

279 3121 330 3176 ei
364 3136 550 3176 rursus
576 3121 949 3177 miserabiliter
977 3119 1389 3183 succubuerunt,
1415 3119 1496 3173 vel
1522 3118 1642 3172 vita:
1672 3131 1854 3171 amore
1884 3126 1937 3170 et
1963 3116 2192 3186 ignavia,
2224 3116 2305 3168 vel
2334 3114 2698 3170 imbecillitate
2729 3116 2985 3181 corporis,
3016 3116 3098 3170 vel
3119 3117 3405 3187 cupiditate
3428 3116 3523 3171 ali-

276 3215 431 3285 cujus
478 3214 764 3283 voluptatis
819 3216 1117 3285 perj‘urium
1166 3216 1449 3282 patientes.
1497 3212 1553 3266 Si
1606 3226 1731 3280 ergo
1779 3219 1832 3264 et
1858 3208 2064 3263 ratione
2106 3208 2410 3276 participes,
2466 3216 2518 3261 et
2557 3209 2760 3260 ratione
2786 3207 3071 3269 abstineas,
3109 3224 3371 3275 nunquam
3404 3222 3524 3275 pec-

276 3304 445 3359 cabis.
482 3304 665 3359 Divina
698 3313 782 3359 est
826 3304 967 3357 enim
1016 3304 1070 3357 in
1120 3303 1277 3356 nobis
1337 3300 1493 3365 ratio,
1542 3313 1659 3369 qua:
1688 3298 1754 3353 ab
1784 3298 1849 3351 iis
1899 3313 2018 3366 qua:
2068 3297 2272 3351 suntin
2331 3296 2483 3351 nobis
2527 3297 2901 3350 monitionibus
2951 3300 3263 3351 exterminat
3315 3298 3525 3366 quidem

274 3410 339 3450 ea
363 3409 480 3463 quae
506 3404 630 3449 sunt
658 3394 835 3458 noxia,
863 3394 1085 3447 assumit
1108 3402 1286 3446 autem
1311 3405 1373 3445 ea
1423 3405 1539 3459 qua:
1564 3399 1685 3445 sunt
1710 3387 1877 3443 utilia.
1904 3387 2057 3442 Justo
2086 3386 2247 3449 enim,
2276 3386 2462 3455 inquit,
2499 3386 2580 3441 lex
2602 3394 2804 3440 nonest
2829 3388 2993 3454 posita
3018 3386 3063 3454 (I
3086 3387 3217 3439 Tim.
3236 3387 3294 3455 t).
3348 3388 3528 3441 Melius

275 3495 362 3540 est
389 3499 512 3555 ergo
541 3486 718 3539 vinum
755 3484 940 3538 bibere
969 3497 1088 3537 eum
1138 3481 1347 3535 ratione
1376 3524 1390 3547 ,
1421 3494 1578 3549 quam
1630 3493 1817 3549 aquam
1851 3492 1972 3532 cum
2015 3476 2153 3530 fastu
2182 3482 2234 3529 et
2263 3476 2532 3544 superbia.
2582 3477 2753 3544 Atque
2794 3476 2920 3528 mihi
2951 3476 3162 3544 quidem
3211 3478 3404 3545 aspice,
3436 3494 3529 3532 cos

275 3576 368 3643 qui
400 3591 517 3630 cum
546 3576 754 3628 ratione
787 3574 998 3641 pietatis
1023 3587 1084 3625 ae
1106 3569 1376 3639 religionis
1405 3571 1584 3623 vinum
1618 3568 1803 3623 bibunt
1831 3581 1949 3621 esse
1975 3566 2117 3618 viros
2146 3573 2389 3626 sanctos;
2458 3561 2571 3621 'cos
2644 3574 2826 3623 autem
2896 3568 2988 3637 qui
3057 3565 3449 3622 inconsiderate
3477 3580 3530 3623 οι

280 3666 415 3719 citra
446 3666 704 3719 rationem
734 3678 853 3719 cum
884 3662 1184 3731 arrogantia
1214 3674 1401 3730 aquam
1433 3659 1703 3723 biberunt,
1738 3673 1859 3714 esse
1890 3658 2130 3712 homines
2161 3658 2411 3724 profanos
2435 3664 2489 3709 et
2519 3664 2816 3725 corruptos.
2846 3655 2913 3710 Et
2942 3672 3038 3711 nec
3064 3659 3300 3736 amplius
3330 3670 3531 3729 vitupe-

276 3766 366 3809 res
392 3763 481 3807 aut
503 3754 684 3808 laudes
714 3752 987 3806 materiam
1019 3751 1121 3805 cibi
1148 3758 1237 3804 aut
1266 3759 1441 3820 potus,
1486 3748 1579 3803 sed
1628 3748 1836 3803 beatam
1869 3747 1952 3801 vel
1985 3750 2232 3802 miseram
2275 3748 2485 3816 judices
2510 3757 2738 3803 mentem
2764 3762 2946 3801 eorum
2978 3750 3064 3815 qui
3097 3759 3239 3803 recte
3269 3752 3353 3805 vel
3386 3753 3526 3809 male

275 3853 499 3899 utuntur
528 3843 767 3897 materia.
797 3841 936 3895 Bibit
961 3839 1244 3908 aliquando
1271 3841 1470 3908 Joseph
1499 3841 1680 3893 viuum
1710 3839 1846 3907 apud
1880 3837 2177 3908 Egyptios,
2214 3837 2307 3891 sed
2336 3852 2441 3891 non
2474 3838 2566 3891 fuit
2594 3848 2770 3893 mente
2812 3840 2999 3904 Lesus;
3032 3851 3145 3893 erat
3176 3843 3316 3894 enim
3338 3844 3521 3910 animo

276 3940 536 3994 munitus.
565 3936 769 4006 Aquam
801 3943 976 3989 autem
1005 3935 1252 3989 biberunt
1276 3934 1603 4004 Pythagoras
1633 3943 1685 3987 et
1716 3933 1980 4001 Diogenes
2011 3939 2062 3985 et
2090 3931 2264 3991 Plato.
2316 3930 2452 3985 inter
2499 3946 2633 4000 quos
2660 3932 2818 3986 etiam
2867 3931 3138 3986 Manichtei
3206 3942 3260 3988 et
3295 3933 3532 4003 reliquus

277 4039 451 4084 cretus
480 4027 844 4097 theologorum
877 4025 1339 4093 philosophorum,
1364 4037 1418 4077 et
1444 4038 1510 4077 eo
1539 4038 1690 4076 vana:
1728 4037 1820 4076 eos
1856 4022 2102 4090 perduxit
2147 4021 2412 4090 opinionis
2460 4022 2885 4089 intemperantia,
2919 4033 2976 4077 ut
3005 4026 3176 4093 ipsum
3219 4027 3378 4081 Deum
3409 4044 3527 4081 unt-

278 4133 551 4172 versorum
582 4115 883 4171 ell'ectorem
929 4114 1251 4183 ignorarent,
1281 4122 1333 4166 et
1364 4112 1592 4166 inanima
1624 4112 1904 4166 simulacra
1937 4111 2236 4165 adorarent.
2275 4110 2436 4165 Usum
2460 4112 2565 4164 vini
2617 4111 2900 4180 tetigerunt
2948 4114 2981 4166 ii
3014 4130 3243 4183 quoque,
3278 4118 3365 4183 qui
3398 4133 3516 4171 cum

279 4214 435 4267 beato
466 4210 622 4263 Petro
653 4206 894 4278 apostolo
920 4218 1070 4259 erant
1093 4198 1359 4273 discipuli,
1409 4203 1542 4258 adeo
1570 4212 1627 4257 ttt
1675 4203 1771 4271 ipsi
1808 4203 2031 4256 Domino
2058 4211 2111 4256 et
2158 4217 2342 4255 eorum
2375 4203 2641 4270 magistro,
2687 4203 2919 4258 omnium
2953 4213 3127 4259 autem
3158 4206 3428 4261 Servatori
3476 4209 3528 4262 id

285 4303 484 4371 probro
511 4300 726 4354 daretur
754 4295 964 4366 (Matth.
999 4295 1097 4358 xi),
1121 4295 1193 4349 ob
1220 4294 1678 4363 participattonem
1708 4293 2102 4362 increpantibus
2141 4292 2361 4359 Judaeis,
2389 4302 2439 4346 ct
2466 4295 2763 4348 dicentibus
2807 4312 2821 4349 :
2850 4298 3022 4363 Quare
3052 4298 3295 4365 discipuli
3319 4301 3389 4353 tui
3422 4316 3528 4355 non

278 4392 544 4461 jejunant,
574 4388 711 4443 sicut
736 4387 954 4442 Joannis
985 4386 1231 4455 discipuli
1259 4385 1448 4453 (Marc.
1477 4384 1573 4453 tt)?
1606 4384 1672 4439 Et
1698 4400 1878 4439 rursus
1906 4386 2233 4439 insultabant
2260 4384 2552 4454 discipuﬁs,
2582 4396 2637 4441 et
2664 4389 3044 4455 exprobrantes
3072 4391 3317 4445 dicebant
3354 4394 3526 4449 incre-

284 4483 399 4537 duli
436 4500 449 4535 :
478 4482 728 4551 Magister
756 4492 932 4536 vester
961 4496 1079 4534 cum
1112 4481 1405 4547 publicanis
1434 4488 1488 4534 et
1517 4480 1881 4547 peccatoribus
1910 4479 2145 4534 comedit
2172 4487 2226 4533 et
2250 4479 2383 4533 bibit
2408 4479 2586 4547 (Luca:
2617 4482 2689 4548 v).
2725 4482 2796 4536 De
2830 4497 2962 4550 pane
2986 4493 3160 4538 autem
3189 4497 3240 4539 et
3266 4499 3398 4556 aqua
3428 4503 3532 4543 non

279 4576 785 4643 reprehendissent,
814 4574 914 4627 nisi
941 4574 1005 4627 de
1036 4574 1259 4627 obsonio
1290 4582 1343 4626 et.
1371 4573 1495 4626 vino
1530 4572 1756 4637 scilicet,
1785 4572 1821 4627 ii
1850 4573 1936 4641 qui
1969 4572 2074 4626 vini
2104 4571 2314 4638 quidem
2347 4573 2611 4638 potionem
2636 4574 2957 4641 vituperant,
2982 4589 3132 4643 aqum
3164 4594 3288 4632 vero
3320 4580 3533 4634 Iattdattl

277 4677 336 4721 ct
364 4667 716 4720 admirantur.
748 4664 1052 4730 Respondet
1084 4673 1258 4716 autem
1293 4662 1546 4716 Servator
1575 4661 1815 4729 pulchre,
1849 4662 2032 4716 dicens
2058 4677 2072 4714 :
2103 4661 2257 4715 Venit
2284 4661 2516 4715 Joannes
2542 4661 2592 4715 in
2624 4664 2703 4715 via
2733 4662 2969 4729 justitiaa,
3026 4680 3195 4733 neque
3223 4669 3529 4734 comedens,

280 4775 385 4814 nec
412 4758 621 4824 bibens,
666 4772 879 4811 carnem
908 4757 1114 4810 scilicet
1140 4764 1195 4810 et
1218 4756 1419 4819 vinum,
1452 4770 1572 4808 nam
1607 4755 1807 4823 absque
1835 4756 1953 4809 aliis
1995 4770 2097 4808 non
2129 4755 2381 4821 potuisset
2411 4762 2609 4819 vivere,
2640 4765 2693 4809 ct
2722 4757 2899 4811 dicunt
2926 4774 2939 4809 :
2976 4758 3299 4811 Dmmoaium
3347 4760 3529 4821 habet.

281 4854 438 4905 V'cnit
471 4853 632 4904 Filius
656 4852 884 4903 hominis
909 4849 1193 4903 comedens
1222 4857 1275 4901 et
1306 4847 1514 4910 bibens,
1542 4859 1592 4900 et
1622 4847 1836 4900 dicunt:
1875 4848 2008 4900 Ecce
2039 4847 2198 4901 homo
2227 4863 2389 4901 vorax
2419 4857 2472 4901 et
2498 4849 2601 4901 vini
2654 4858 2804 4916 potor
2833 4890 2848 4912 ,
2881 4849 3081 4903 amicus
3124 4850 3522 4917 publicanorum

283 4956 335 4998 ct
370 4954 701 5010 peccatorum
735 4939 949 5012 (Matth.
984 4943 1082 5007 xi),
1122 4947 1402 5008 propterea
1439 4943 1575 5007 quod
1606 4937 1849 4992 comedat
1887 4947 1940 4992 et
1968 4938 2132 4993 bibat.
2164 4940 2295 5006 Quid
2331 4955 2428 4994 nos
2456 4956 2582 5009 ergo
2610 4938 2897 4995 faciemus?
2919 4940 3025 4995 Nec
3072 4956 3162 4993 eos
3207 4942 3295 5010 qui
3327 4946 3529 5012 vitupe-

287 5046 414 5088 rant
444 5048 743 5101 sequamur,
778 5046 877 5086 nec
904 5048 997 5086 eos
1026 5034 1117 5102 qui
1149 5034 1380 5087 laudant.
1413 5035 1517 5089 Sed
1553 5035 1632 5088 vel
1663 5050 1782 5088 cum
1812 5034 2016 5090 Joanne
2059 5036 2261 5089 ratione
2287 5034 2614 5103 jejunemus,
2645 5036 2852 5088 etiamsi
2905 5035 3055 5088 nobis
3103 5035 3280 5089 dicant
3309 5035 3478 5091 Juda-i
3518 5067 3530 5100 ε

280 5125 611 5180 Dtrmonium
642 5122 879 5189 habetis;
906 5124 989 5177 vel
1017 5137 1134 5176 cum
1167 5124 1289 5178 Jesu
1321 5125 1589 5188 sapienter
1615 5123 1794 5177 viuum
1830 5124 2094 5189 bibamus,
2140 5124 2184 5178 si
2216 5138 2408 5191 corpus
2440 5123 2689 5193 indigeat,
2742 5125 2901 5177 etiam
2944 5124 2988 5177 si
3046 5125 3199 5179 nobis
3252 5125 3477 5180 dixerint
3509 5146 3521 5179 ;

283 5218 422 5270 Ecce
470 5214 713 5269 homines
758 5228 979 5268 voraces
1023 5225 1077 5268 et
1107 5214 1209 5268 vini
1242 5224 1476 5284 potores.
1524 5216 1701 5284 Neque
1750 5218 1891 5270 enim
1918 5230 2106 5268 revera
2138 5230 2256 5270 esca
2285 5226 2363 5269 est
2396 5216 2617 5283 aliquid,
2648 5231 2748 5269 nec
2790 5225 2962 5284 potus,
2994 5217 3086 5271 sed
3121 5217 3252 5271 fides
3281 5233 3396 5284 quzn
3430 5234 3522 5287 per

279 5311 596 5364 cbaritatem
625 5307 928 5360 extenditur
955 5309 1225 5374 operibus.
1272 5308 1403 5361 Cum
1435 5309 1574 5361 enim
1605 5323 1820 5363 omnem
1849 5309 2108 5363 actionem
2160 5308 2289 5362 fides
2328 5307 2482 5362 fuerit
2512 5319 2816 5373 consecuta,
2849 5311 3185 5364 condemnari
3222 5326 3321 5364 non
3353 5323 3523 5376 potest

281 5402 374 5470 qui
399 5400 623 5456 comedit
646 5406 699 5452 et
728 5398 881 5464 bibit,
908 5406 1121 5466 propter
1145 5399 1321 5453 fidem.
1340 5398 1602 5468 Quidquid
1629 5400 1771 5452 enim
1803 5413 1907 5453 non
1939 5406 2022 5453 est
2051 5414 2113 5452 ex
2148 5398 2270 5459 lide.
2296 5409 2565 5465 peceatum
2595 5411 2669 5453 est
2688 5399 2794 5469 (lio
2814 5418 2864 5451 η.
2899 5400 3028 5471 xvr).
3062 5402 3163 5456 Sed
3188 5404 3396 5470 quando
3426 5405 3526 5455 ali-

282 5494 407 5561 quis
435 5507 499 5546 ex
528 5488 896 5557 voluptuariis,
930 5489 1012 5543 vel
1038 5503 1099 5543 ex
1129 5488 1194 5542 iis
1222 5488 1308 5557 qui
1338 5488 1609 5557 quodlibet
1635 5489 1775 5543 aliud
1803 5499 2040 5557 peccant,
2072 5489 2200 5543 dicit
2228 5506 2241 5542 :
2270 5488 2396 5542 Fide
2428 5489 2703 5557 participe,
2728 5490 2813 5545 vel
2836 5490 3032 5559 aliquid
3062 5492 3201 5544 aliud
3234 5506 3355 5560 ago,
3387 5510 3413 5545 a
3442 5507 3524 5545 ra-

281 5586 437 5641 tione
466 5584 635 5637 aliena
667 5581 978 5650 cupiditate,
1013 5580 1097 5635 vel
1123 5589 1366 5647 corrupta
1395 5579 1715 5635 conscientia
1747 5580 1978 5635 innitens
2004 5579 2145 5643 lidei,
2180 5579 2393 5634 labitur.
2423 5579 2676 5633 Servator
2704 5579 2844 5635 enim
2891 5580 3148 5649 distinxit,
3196 5583 3378 5637 dicens
3415 5601 3429 5637 :
3479 5582 3524 5636 Δ

284 5676 545 5732 Fructibus
577 5677 811 5745 ipsorum
844 5673 1179 5742 cognoscetis
1206 5687 1298 5727 eos
1352 5671 1568 5742 (Matth.
1602 5674 1721 5742 vn).
1754 5670 1901 5740 Quod
1953 5681 2130 5725 autem
2163 5671 2364 5727 fruetus
2395 5688 2580 5727 eorum
2605 5688 2691 5742 qut
2742 5671 2916 5725 divina
2954 5672 3155 5726 ratione
3187 5676 3341 5727 vitam
3372 5674 3535 5733 insti-

285 5781 441 5828 tuunt
470 5779 521 5825 ct
550 5770 769 5840 spiritali
804 5768 1162 5839 intelligentia,
1211 5768 1304 5835 sit,
1339 5782 1400 5821 ex
1438 5765 1598 5821 divini
1622 5764 1853 5835 Apostoli
1898 5764 2177 5830 sententia,
2206 5763 2454 5831 charitas,
2487 5774 2539 5818 et
2572 5763 2839 5831 gaudium,
2872 5770 2921 5817 cl
2956 5778 3076 5833 pax,
3128 5773 3180 5817 et
3226 5763 3533 5834 longanitttis
