4060 6510
588 320 729 379 1007
2056 332 2281 389 PALLA
2296 335 2381 391 Dll
3728 361 3847 419 mm

596 433 1297 550 :51.bff_i§fj‘f‘3_r§Milaf.
1327 449 1480 550 ﬁdes,
1511 457 1886 550 mansuetudo,
1918 461 2265 531 continentia,
2296 466 2512 523 castitas
2535 468 2679 539 (Gal.
2705 472 2783 542 v),
2815 481 2897 528 est
2917 482 3070 530 extra
3097 478 3545 534 controversiam.
3576 480 3697 550 Ipse
3712 482 3847 537 enim

594 523 728 636 dixit
755 523 938 631 beatus
968 528 1164 636 Paulus
1193 552 1205 588 :
1238 536 1461 636 Fructus
1502 553 1677 598 autem
1724 545 1954 613 Spiritus
1984 562 2067 606 est
2096 554 2197 609 hoc
2225 523 2279 612 et
2326 557 2448 613 hoc.
2481 523 2631 627 Quod
2664 523 2839 619 autem
2883 566 2973 635 qui
3013 568 3190 623 studet
3222 571 3354 625 tales
3384 570 3585 626 habere
3602 523 3845 636 livx-uetus,

582 624 721 729 Citr'a
750 620 1127 729 rationem'aut
1150 626 1564 698 inconsiderate,
1597 637 2098 709 aut'intempestive
2150 659 2257 700 non
2299 650 2544 704 comedet
2592 666 2805 721 carnes,
2840 620 2936 710 nec
2980 655 3123 711 bibet
3155 658 3358 721 vinum.
3392 675 3573 729 neque
3594 676 3721 714 cum
3752 620 3845 715 ulla

588 707 728 821 Tala
752 711 1082 821 cohabitabit
1100 720 1441 776 conscientia.
1471 723 1673 782 Rursus
1696 728 1829 784 dixit
1852 707 1990 786 idem
2012 734 2198 791 beatus
2224 738 2419 795 Paulus
2440 759 2453 795 :
2474 741 2657 797 Omnis
2670 707 3019 813 quieertatab
3035 750 3282 805 omnibus
3299 707 3528 807 abstinet
3543 750 3599 821 (Ι
3615 752 3741 807 Cor.
3756 754 3844 819 rx).

609 799 623 814 ,
2688 799 2701 813 .
2928 799 3011 802 ηπ
3042 799 3121 803 η-
3148 799 3280 805 ν----
3300 799 3528 807 --η---ν-
3568 799 3592 805 -
3619 799 3842 819 --η-ηι-

584 801 716 909 Cum
745 815 872 856 sana
904 806 1115 873 quidem
1158 816 1239 862 est
1267 825 1412 880 caro,
1446 813 1719 872 abstinens
1747 820 1816 875 ab
1845 823 1909 877 iis
1936 840 2055 893 quae
2087 827 2509 897 pinguefaciunt;
2541 833 2679 903 quod
2710 836 2753 888 si
2778 836 2848 889 sit
2888 852 3027 906 aegra
3056 840 3137 893 vel
3172 856 3404 896 maerore
3434 799 3713 909 coniecta,
3764 844 3842 897 vel

586 894 766 1002 aliquo
797 912 923 1002 casu
953 899 1173 1002 afﬂicta,
1208 912 1331 956 tunc
1360 915 1538 961 utetur
1565 910 1777 978 quidem
1805 914 1884 968 vel
1915 916 2032 972 cibo
2062 919 2145 973 vel
2176 894 2390 987 petione
2418 894 2666 994 tanquam
2693 894 3105 996 medicamento,
3132 930 3195 985 ad
3223 946 3284 986 ea
3316 932 3556 986 curanda
3586 894 3715 1002 qua;
3742 948 3847 987 rno-

587 982 794 1087 lestiam
819 986 1071 1092 alierum.-
1094 990 1400 1091 .Abstinebit
1426 1006 1603 1052 autem
1631 1001 1699 1056 ab
1726 1001 1789 1055 iis
1815 1018 1935 1073 quae
1963 1015 2087 1061 sunt
2115 1008 2306 1065 animae
2345 982 2540 1080 noxia;
2556 1016 2633 1071 ira
2662 1026 2718 1071 et
2745 1017 2966 1086 invidia,
2997 982 3133 1076 vana
3175 1022 3366 1092 gloria,
3396 982 3627 1078 tristitia
3675 1035 3737 1079 et
3762 1027 3846 1081 de-

591 1076 869 1141 tractione,
892 1080 1139 1147 superbia
1171 1091 1227 1137 et
1249 1083 1498 1152 elatione,
1531 1088 1642 1145 Deo
1666 1105 1827 1157 agens
1852 1097 2069 1164 gratias.

646 1164 777 1219 Cum
807 1167 873 1271 de
898 1170 981 1225 his
1022 1172 1202 1242 itaque
1229 1176 1361 1230 satis
1392 1178 1758 1250 disseruerim,
1793 1195 1893 1240 tute
1931 1201 2116 1243 rursus
2165 1188 2421 1249 docilitati
2449 1192 2611 1249 aliam
2658 1196 2823 1254 aﬂ‘ero
2850 1199 3299 1257 adhortationem.
3333 1202 3482 1271 Fuge
3510 1217 3615 1272 pro
3642 1202 3843 1257 viribus

580 1271 777 1360 eorum
798 1261 1035 1362 virorum
1064 1268 1467 1334 congressiones
1496 1273 1587 1341 qui
1633 1275 1835 1329 nullam
1893 1277 2092 1334 habent
2131 1282 2449 1349 utilitatem,
2495 1294 2551 1341 et
2583 1285 2772 1354 pellem
2820 1300 3081 1345 exornant
3125 1292 3282 1348 aliter
3329 1261 3528 1362 qua-tn.
3554 1294 3843 1347 conveniat

570 1347 781 1453 θίίίξωδί
829 1352 934 1453 δῖοί
960 1356 1265 1453 (ξηδοάοκίι
1294 1377 1398 1416 non
1423 1364 1593 1420 solum
1628 1368 1883 1435 haeretici,
1913 1380 1964 1424 et
1990 1370 2189 1427 laedunt
2214 1347 2505 1445 hypocrisi,
2534 1347 2740 1433 etiamsi
2768 1392 2904 1436 cano
2931 1382 3105 1452 capite
3124 1392 3176 1438 et
3205 1347 3491 1453 conligata
3519 1382 3707 1439 fronte
3738 1400 3843 1453 pra:

569 1453 628 1494 se
656 1439 1241 1546 ferant-longitudinem
1273 1455 1551 1524 temporis.
1584 1455 1715 1511 Nam
1746 1470 1802 1513 ut
1830 1472 2046 1531 propter
2074 1439 2567 1535 mores-generosos
2592 1470 2661 1525 ab
2683 1472 2760 1526 eis
2787 1472 2918 1526 nihil
2948 1439 3179 1538 laedaris,
3209 1476 3262 1530 id
3286 1439 3435 1532 certe
3457 1479 3605 1546 quod
3630 1439 3842 1536 videtur

574 1547 696 1588 esse
724 1537 1002 1594 minimum
1033 1551 1083 1597 te
1130 1545 1405 1603 sauciabit.
1440 1548 1681 1606 lnsolens
1708 1552 1848 1606 enim
1902 1554 2170 1622 redditus,
2205 1558 2384 1612 animo
2411 1559 2681 1628 eﬂ'ereris,
2713 1579 2809 1618 eos
2835 1564 3085 1622 irridens.
3112 1566 3265 1634 Quod
3304 1537 3522 1636 quidem
3552 1569 3647 1623 tibi
3678 1572 3842 1627 detri-

568 1636 802 1682 mentum
833 1631 1041 1699 all‘eret,
1078 1645 1132 1688 ut
1158 1636 1247 1705 qui
1278 1636 1331 1690 in
1360 1638 1664 1707 superbiam
1696 1638 1966 1695 incideris.
2046 1641 2221 1713 Super
2293 1640 2528 1699 lucidam
2600 1655 2781 1705 autem
2845 1631 3487 1726 fenestramvpersequere
3511 1668 3573 1714 et
3597 1662 3836 1714 virorum

567 1724 623 1768 et
651 1718 928 1774 mulierum
964 1732 1173 1777 sanctas
1202 1729 1631 1797 congressiones,
1659 1740 1718 1785 ut
1750 1746 1846 1800 per
1871 1746 2054 1788 eorum
2102 1737 2263 1791 veluti
2311 1738 2576 1795 subtiliter
2602 1742 2856 1811 scriptum
2890 1742 3082 1798 librum
3121 1747 3294 1815 possis
3315 1718 3464 1804 tuum
3511 1765 3612 1806 cor
3649 1766 3839 1821 aperte

567 1807 772 1876 videre,
796 1820 851 1867 et
871 1828 966 1881 per
986 1815 1322 1872 collationem
1353 1822 1577 1890 probare
1606 1827 1906 1881 socordiam
1937 1836 2079 1883 tuam
2114 1831 2195 1885 vel
2224 1830 2580 1901 diligentiam.
2612 1807 2769 1888 Multa
2800 1833 2943 1888 enim
2972 1844 3095 1889 sunt
3120 1807 3238 1905 quae
3265 1839 3513 1909 probitati
3547 1807 3731 1896 ferunt
3754 1854 3835 1898 te-

563 1903 874 1959 stimonium
904 1922 916 1958 :
949 1908 1098 1963 color
1130 1911 1305 1966 vultus
1337 1913 1425 1980 qui
1457 1915 1508 1969 in
1539 1931 1599 1970 ea
1630 1918 1739 1971 vita
1771 1934 1890 1988 quae
1921 1920 2129 1989 degitur
2158 1922 2469 1991 cfﬂorescit,
2499 1933 2555 1979 et
2580 1926 2809 1980 vestium
2841 1934 3081 1994 ornatus,
3108 1937 3165 1982 et
3213 1943 3387 1983 mores
3414 1934 3732 1999 compositi,
3783 1947 3833 1989 et

569 1996 829 2052 modestia
862 2001 1137 2068 orationis,
1170 2012 1223 2058 et
1254 2005 1414 2060 verba
1445 2022 1549 2061 non
1579 2009 1845 2077 exquisita
1878 2020 1931 2066 et
1977 2011 2241 2079 affectata,
2273 2013 2490 2084 elegans
2519 2017 2807 2083 sententia,
2837 2018 3065 2086 cogitata
3091 2032 3354 2087 sensaque
3381 1996 3676 2089 sapientia.
3717 1996 3831 2079 rbo-

562 2086 736 2142 minus
766 2098 939 2146 autem
970 2093 1112 2149 vires
1143 2094 1290 2150 dabit
1320 2106 1422 2152 tua}
1474 2100 1893 2167 mansuetudini,
1928 2112 1981 2156 et
2026 2104 2276 2159 omnibus
2322 2108 2408 2175 qui
2439 2118 2732 2176 sequuntur
2759 2123 2975 2178 scepum
3007 2112 3239 2180 pietatis,
3268 2086 3480 2169 etiamsi
3507 2116 3596 2171 vel
3625 2117 3827 2174 desidia

561 2177 645 2231 vel
678 2192 805 2233 casu
834 2181 1036 2251 aliquid
1066 2185 1344 2242 acciderit.
1374 2189 1614 2246 Amictus
1641 2192 1806 2260 enim,
1842 2202 1896 2248 et
1923 2208 2137 2261 gressus
2162 2196 2333 2263 pedis,
2364 2206 2417 2251 et
2442 2197 2585 2253 risus
2614 2177 3217 2260 dentiumrannuutiabit
3238 2204 3305 2261 de
3332 2206 3475 2275 ipso,
3502 2218 3565 2262 ut
3586 2210 3661 2263 ait
3687 2209 3818 2265 Pro-

563 2271 804 2327 verbium
836 2275 1059 2346 (Eccles.
1093 2278 1173 2349 x).
3355 2271 3370 2275 ν
3428 2296 3435 2303 δ

628 2361 894 2433 Incipiens
927 2367 1104 2437 itaque
1136 2370 1232 2425 tibi
1256 2387 1475 2428 narrare
1500 2375 1659 2430 vitam
1688 2385 1996 2433 sanctorum
2026 2381 2263 2449 Patrum,
2295 2397 2469 2452 neque
2499 2397 2592 2438 eos
2619 2386 2708 2455 qui
2738 2395 2860 2440 sunt
2886 2385 2938 2442 in
2987 2388 3225 2456 urbibus,
3258 2389 3342 2446 vel
3373 2388 3528 2456 vicis,
3572 2390 3663 2446 vel
3697 2405 3826 2459 spe-

557 2451 750 2520 luncis,
783 2456 864 2511 vel
894 2458 1271 2517 solitudinibus
1302 2464 1395 2519 tibi
1421 2464 1607 2536 ignoti,
1641 2471 2043 2537 praetermittam
2068 2474 2345 2538 aratione;
2378 2451 2755 2543 adjiciens'eos
2784 2475 2944 2530 etiam
2966 2479 3053 2548 qui
3076 2451 3292 2534 sunt'in
3317 2451 3607 2535 ctenobiis.
3641 2451 3827 2549 Neque

556 2546 698 2640 enim
730 2548 876 2604 locus
906 2553 1164 2620 quaeritur
1194 2555 1249 2609 in
1281 2571 1387 2625 quo
1413 2571 1473 2613 se
1503 2569 1646 2615 recte
1674 2568 1728 2616 et
1751 2577 1815 2618 cx
1842 2564 2039 2620 virtute
2063 2575 2367 2635 gesserunt,
2400 2565 2492 2623 sed
2517 2566 2704 2622 modus
2733 2578 2893 2624 rectae
2921 2546 3107 2625 eorum
3138 2568 3509 2635 institutionis,
3536 2586 3637 2640 per
3663 2584 3826 2639 quam

556 2633 751 2694 Christi
780 2642 977 2697 auxilio
1007 2643 1165 2699 vitam
1196 2657 1418 2717 egerunt
1441 2650 1750 2721 angelicam.

1065 3276 1289 3334 CAPUT
1319 3278 1605 3337 PRIMUM.

768 3395 884 3463 Vita
915 3408 1103 3465 lsidori
1132 3411 1211 3482 (l)
1234 3412 1511 3482 presbyteri
1534 3423 1581 3468 et
1601 3415 1902 3471 xenodoclti.

617 3524 748 3581 Cum
778 3540 904 3596 ergo
926 3525 1151 3594 primum
1179 3528 1443 3583 venissem
1469 3529 1522 3583 in
1548 3530 1963 3586 Alexandrinam
1991 3534 2119 3588 civi-

549 3624 736 3683 tatem,
762 3619 998 3673 secundo
1023 3622 1297 3675 consulatu
1319 3622 1603 3677 Theodosii
1634 3624 1807 3693 magni
1836 3625 2124 3694 imperato-

547 3708 642 3776 ris,
676 3711 763 3780 qui
792 3719 1008 3781 propter
1035 3724 1181 3765 suam
1216 3720 1411 3766 rectam
1441 3713 1491 3766 in
1509 3712 1779 3767 Christum
1806 3714 1961 3770 [idem
1981 3732 2121 3771 nunc

545 3811 633 3859 est
661 3819 780 3857 cum
810 3803 1037 3872 angelis,
1092 3804 1143 3858 in
1175 3804 1286 3874 ipsa
1320 3804 1535 3859 civitate
1566 3806 1724 3860 incidi
1756 3807 1806 3861 in
1837 3807 2117 3877 quemdam

544 3893 718 3947 virum
741 3894 1130 3960 admirandum,
1164 3905 1216 3949 et
1247 3895 1394 3949 omni
1426 3910 1489 3950 ex
1516 3905 1667 3966 parte
1697 3907 1970 3965 ornatum,
2004 3912 2119 3953 ser-

543 4000 726 4051 mone,
758 3986 1015 4055 moribus,
1048 3994 1101 4041 et
1148 3988 1384 4053 scientia,
1433 4003 1625 4057 nempe
1679 3989 1963 4055 lsidorum,
2023 3991 2115 4058 qui

543 4085 732 4131 eratet
763 4078 1037 4148 presbyter
1065 4085 1120 4131 et
1165 4074 1511 4135 xenodochus
1541 4080 1910 4135 Alexandrina:
1942 4083 2118 4137 eccle-

541 4166 657 4219 site.
688 4166 736 4219 ls
764 4167 1040 4221 dicebatur
1067 4168 1232 4236 prima
1261 4171 1473 4239 quidem
1501 4172 1779 4239 juventute
1808 4188 2029 4227 versans
2060 4174 2112 4227 in

543 4256 849 4322 solitudine,
884 4260 1155 4328 peregisse
1184 4261 1479 4316 certamina
1506 4264 1919 4319 exercitationis.
1950 4264 2116 4333 Cujus

543 4346 703 4401 etiam
726 4348 914 4401 cellam
946 4349 1055 4402 vidi
1074 4365 1170 4418 ego
1195 4351 1247 4404 in
1273 4361 1450 4405 monte
1470 4352 1682 4408 Nitriae:
1714 4355 1908 4409 oﬂ'endi
1937 4364 2112 4410 autem

539 4452 661 4493 eum
690 4455 870 4495 senem
901 4442 1232 4511 septuaginta
1279 4458 1448 4498 annos
1498 4454 1714 4512 natum;
1765 4448 1854 4516 qui
1884 4463 2004 4501 cum
2037 4450 2115 4503 vi-

540 4531 708 4589 xisset
736 4533 868 4587 alios
896 4534 1196 4602 quindecim
1219 4549 1407 4599 annos,
1439 4538 1488 4589 in
1518 4552 1646 4603 pace
1675 4538 1824 4592 obiit.
1864 4538 1957 4593 llic
1983 4554 2108 4593 san-

2153 3268 2203 3326 Α
2232 3273 2455 3333 matnm,
2485 3268 2714 3323 utetiam
2743 3269 2799 3325 in
2820 3268 2936 3339 ipso
2950 3271 3193 3328 convivio
3214 3272 3347 3328 hora
3375 3273 3533 3331 solita
3559 3277 3808 3334 refectio-

2229 3358 2312 3413 nis
2326 3356 2550 3411 fratrum
2564 3358 2733 3413 sancti
2748 3359 2904 3428 huius
2922 3360 3074 3417 lieret
3094 3362 3289 3417 mentis
3300 3378 3579 3428 excessus,
3601 3378 3808 3424 mutus-

2227 3464 2331 3519 que
2350 3449 2600 3504 evaderet
2618 3448 2733 3518 ipse
2761 3459 2817 3505 et
2842 3452 3271 3522 obstupesceret;
3296 3465 3496 3511 etcum
3526 3471 3807 3528 rogaretur

2227 3547 2284 3593 ut
2304 3554 2421 3608 qua:
2440 3539 2491 3593 in
2505 3554 2727 3595 excessu
2751 3551 3039 3597 evenerant
3054 3554 3316 3610 narraret,
3331 3546 3536 3604 diceret
3563 3566 3580 3605 :
3626 3551 3806 3607 Mente

2226 3645 2342 3699 sum
2390 3633 2759 3701 peregrinatus
2788 3633 2856 3688 ab
2876 3634 3049 3703 aliqua
3093 3645 3273 3705 raptus
3318 3640 3799 3707 contemplatione.

2225 3722 2347 3780 Scio
2369 3738 2468 3795 ego
2496 3738 2617 3779 eum
2646 3740 2789 3795 saepe
2813 3726 2864 3780 in
2892 3742 3073 3782 mensa
3104 3729 3265 3783 fuisse
3304 3730 3692 3800 lacrymatum;
3752 3746 3804 3788 et

2223 3828 2343 3869 cum
2371 3823 2648 3884 rogaretur
2668 3831 2883 3872 causam
2924 3833 3019 3873 cur
3047 3829 3191 3875 esset
3216 3820 3569 3891 lacrymatus,
3627 3826 3801 3879 audivi

2222 3918 2343 3960 eum
2376 3906 2639 3962 dicentem
2674 3926 2687 3960 :
2739 3908 2907 3963 Pudet
2950 3923 3037 3965 me
3061 3908 3207 3965 vesci
3232 3911 3353 3965 cibo
3382 3926 3410 3964 a
3440 3914 3651 3968 ratione
3677 3914 3804 3967 alie-

2221 4012 2312 4066 no,
2342 4014 2461 4053 cum
2494 3999 2592 4053 sim
2624 4001 2832 4055 ratione
2859 4000 3115 4070 praeditus
3140 4044 3154 4066 ,
3203 4013 3257 4057 et
3310 4003 3517 4057 versari
3544 4004 3801 4059 deberem

2221 4093 2273 4143 in
2300 4089 2546 4160 paradiso
2593 4090 2929 4159 deliciarum,
2980 4093 3265 4162 replendus
3295 4094 3586 4150 ambrosiae
3636 4098 3803 4150 nutri-

2220 4192 2419 4245 mento,
2448 4189 2661 4248 propter
2689 4197 2805 4236 eam
2830 4196 2949 4251 qua:
2971 4184 3122 4237 nobis
3141 4199 3169 4236 a
3194 4184 3417 4238 Domino
3446 4186 3569 4238 data
3599 4198 3683 4241 est
3711 4202 3801 4255 po-

2221 4282 2486 4328 testatem.
2515 4274 2564 4327 ls
2592 4284 2708 4329 erat
2730 4274 2912 4329 Romae
2941 4283 3099 4329 notus
3124 4286 3313 4329 cuncto
3334 4274 3561 4331 ’senatui
3593 4288 3652 4333 et
3680 4296 3799 4347 pro-

2219 4377 2401 4417 cerum
2436 4363 2709 4428 uxoribus,
2743 4377 2850 4432 quo
2878 4371 3116 4430 tempore
3161 4378 3279 4417 cum
3311 4364 3473 4417 beato
3504 4364 3798 4419 Athanasio

2218 4453 2471 4522 episcopo
2494 4453 2637 4522 prius
2660 4462 2973 4517 recesserat,
3017 4453 3210 4508 deinde
3235 4469 3354 4508 cum
3382 4465 3573 4510 sancto
3602 4457 3798 4511 Deme-

2217 4546 2319 4600 trio
2345 4548 2617 4614 episcOpo.
2667 4544 2715 4599 Is
2759 4560 2880 4599 cum
2903 4544 3199 4599 abundaret
3219 4545 3430 4613 opibus,
3478 4555 3535 4601 et
3569 4548 3638 4602 iis
3679 4565 3796 4617 qua:

537 4639 658 4684 ctus
673 4644 837 4699 usque
853 4630 917 4684 ad
948 4630 1130 4684 horam
1146 4631 1322 4684 obitus
1352 4630 1689 4687 nihillineum
1715 4635 1936 4703 gestavit
1960 4642 2110 4689 extra
2140 4639 2185 4700 Β
2212 4646 2339 4692 sunt
2377 4637 2442 4691 ad
2473 4652 2624 4691 usum
2656 4638 2977 4702 necessaria,
3018 4651 3124 4689 non
3150 4638 3365 4703 scripsit
3412 4646 3793 4694 testamentu-

539 4718 722 4772 vittam
756 4719 857 4790 (2),
890 4734 995 4773 non
1027 4721 1219 4775 balneo
1243 4730 1324 4777 est.
1352 4736 1499 4787 usus,
1545 4736 1648 4775 non
1680 4722 1849 4791 tetigit
1898 4737 2107 4789 carnes,

537 4826 804 4882 nunquam
820 4826 847 4864 a
866 4827 1047 4867 mensa
1065 4814 1287 4870 recessit
1308 4814 1540 4882 repletus
1569 4815 1633 4869 ad
1649 4814 1964 4872 satietatem.
1985 4816 2112 4873 Erat

535 4912 716 4958 autem
752 4916 982 4973 corpore
1024 4918 1053 4958 a
1094 4906 1185 4959 Dei
1207 4908 1375 4975 gratia
1416 4916 1519 4959 tam
1538 4906 2106 4979 benecontemperato,

444 5030 447 5047 .
535 5004 597 5049 ut
623 5011 808 5050 omnes
839 4999 926 5067 qui
952 4999 1265 5068 ignorabant
1308 5000 1423 5069 ejus
1451 5001 1618 5056 victus
1665 5004 1947 5070 rationem,
1978 5018 2102 5072 per-

534 5101 751 5141 suasum
776 5088 1035 5143 babcrent
1059 5105 1179 5145 eum
1206 5091 1346 5145 laute
1376 5092 1555 5147 vivere
1591 5103 1642 5147 et
1670 5093 1907 5163 Opipare.
1941 5094 2107 5165 Hujus

530 5177 755 5231 virtutes
771 5177 962 5232 animae
986 5178 1029 5232 si
1058 5180 1214 5235 velim
1244 5181 1509 5250 sigillatim
1533 5197 1771 5247 narrare,
1804 5194 2106 5240 narrantem

529 5281 618 5322 me
650 5278 858 5337 tempus
885 5268 1115 5325 deﬁciet.
1158 5272 1256 5339 Qui
1289 5283 1403 5327 erat
1442 5275 1575 5328 adeo
1607 5276 1772 5341 mitis,
1823 5277 2104 5348 benignus,

527 5369 583 5412 et
605 5360 877 5427 paciﬁcus,
918 5370 976 5415 ut
1009 5364 1166 5417 etiam
1198 5364 1441 5420 inﬁdeles
1482 5366 1597 5435 ejus
1624 5368 1843 5432 inimici,
1889 5380 2105 5439 propter

529 5461 730 5507 rectam
764 5455 814 5507 in
846 5454 1115 5509 Christum
1150 5456 1332 5519 iidem,
1363 5458 1443 5511 vel
1474 5458 1590 5526 ejus
1618 5460 1857 5513 umbram
1889 5475 2100 5517 revere-

530 5554 738 5611 rentur,
789 5546 858 5600 ob
883 5547 1141 5618 insignem
1173 5548 1271 5601 viri
1300 5548 1609 5603 bonitatem.
1668 5549 1887 5603 Tantam
1918 5560 2093 5605 autem

530 5636 715 5693 habuit
737 5640 1029 5706 spiritalem
1060 5644 1280 5711 gratiam
1317 5651 1371 5697 et
1398 5641 1752 5711 cognitionem
1797 5654 2097 5698 sanctarum

500 5730 936 5801 ‘Seripturarum,
997 5744 1047 5788 ct
1091 5736 1620 5802 comprehensionem
1653 5737 1950 5791 divinorum
1975 5738 2102 5807 dog-

2217 4729 2510 4793 decedens,
2535 4743 2637 4783 non
2661 4729 2940 4798 pecuniam
2967 4728 3197 4796 reliquit,
3229 4741 3335 4781 non
3363 4743 3476 4781 rem
3496 4728 3659 4783 ullam
3686 4731 3795 4785 suis

2218 4824 2491 4879 sororibus
2521 4837 2640 4892 quae
2660 4830 2813 4877 erant
2838 4820 3071 4892 virgines
3090 4862 3106 4886 ,
3139 4820 3233 4875 sed
3259 4835 3349 4874 eas
3375 4820 3598 4875 Cbrism
3637 4837 3784 4877 com-

2215 4915 2505 4981 mendavit,
2534 4914 2756 4969 dicens:
2810 4913 2951 4970 Deus
2995 4914 3084 4981 qui
3107 4927 3201 4966 vos
3229 4912 3459 4979 creavit,
3491 4912 3647 4967 vobis
3668 4930 3789 4981 qua.

2216 5021 2320 5075 que
2348 5005 2544 5060 victum
2570 5002 2870 5073 providebit
2894 5004 3031 5057 sicut
3051 5011 3106 5057 et
3125 5003 3280 5056 mihi.
3311 5001 3440 5055 Erat
3465 5010 3648 5057 autem
3672 5018 3789 5057 con-

2217 5102 2406 5149 ventus
2454 5094 2714 5162 virginum
2756 5106 2875 5162 qua:
2900 5100 3054 5146 erant
3078 5106 3199 5146 cum
3228 5089 3505 5144 sororibus
3532 5091 3671 5157 eius,
3702 5106 3787 5144 se-

2215 5185 2503 5254 ptuaginta.
2532 5181 2603 5249 ls,
2662 5197 2781 5237 cum
2810 5181 2875 5236 ad
2904 5196 3025 5236 eum
3053 5181 3318 5237 venissem
3348 5181 3690 5243 adolescens,
3739 5193 3785 5235 et

2212 5289 2454 5343 rogarem
2507 5281 2565 5326 ut
2618 5273 2684 5325 ad
2712 5273 2873 5326 vitam
2920 5280 3203 5340 cooptarer
3254 5270 3627 5337 monasticam,
3674 5287 3785 5325 mea

2207 5366 2382 5420 adhuc
2406 5372 2564 5419 aetate
2591 5362 2921 5427 laseiviente,
2953 5370 3135 5416 etnon
3156 5376 3290 5430 opus
3319 5361 3550 5414 habente
3584 5376 3783 5415 sermo-

2209 5460 2385 5523 nibus,
2420 5458 2509 5513 sed
2536 5457 2805 5512 laboribus
2823 5457 2911 5525 qui
2941 5470 3155 5510 carnem
3178 5454 3515 5521 subigereut,
3545 5455 3778 5523 duraque

2203 5555 2466 5613 etaSpera
2494 5542 2704 5598 vivendi
2744 5544 2949 5597 ratione
2987 5556 3106 5611 qua:
3147 5554 3342 5609 corpus
3384 5548 3783 5608 compesceret;

2206 5640 2283 5702 is,
2350 5637 2563 5705 inquam
2598 5681 2612 5704 ,
2673 5644 2922 5703 tanquam
2976 5633 3145 5688 bonus
3195 5631 3427 5685 domitor
3484 5632 3781 5699 pullorum,

2210 5732 2360 5787 duxit
2405 5744 2491 5785 me
2542 5738 2694 5785 extra
2770 5728 3035 5782 civitatem
3100 5724 3163 5778 ad
3223 5738 3314 5779 eas
3373 5738 3490 5792 qua:
3547 5722 3772 5777 dicuntur
