4096 6514
273 307 413 373 1009
1486 319 1852 381 HISTORIA

1959 320 2277 382 \USIACA.
3399 316 3528 383 1010

272 420 394 473 οὑδὲ
423 423 738 494 συνοικήσει
767 424 869 479 τινὶ
894 425 1117 498 πονηρῷ
1147 426 1427 493 συνειδότι,
1473 429 1636 484 πάλιν
1678 430 1863 499 ἔλεγεν
1897 431 1925 482 6
1956 430 2119 495 αὑτὸς
2148 429 2419 501 μακάριος
2448 428 2744 491 ἀπόστολος
2770 427 3001 491 Παῦλος,
3028 428 3109 482 δτι
3137 428 3250 493 Πᾶς
3276 430 3303 483 ὁ
3326 430 3530 497 ἀγωνι-

273 511 504 581 ζόμενος
536 514 714 570 πάντα
745 517 1158 588 ἐγκρατεύεται,
1192 519 1541 590 ὑγιαινούσης
1573 521 1674 592 μὲν
1705 524 1803 592 τῆς
1832 520 2056 593 σαρκὸς,
2088 519 2425 591 ἀπεχόμενος
2458 517 2566 571 τῶν
2605 517 2948 573 πιαινόντων.
2992 518 3409 591 Ἀῤῥωστούσης
3438 518 3525 590 δὲ,

269 607 302 678 ἢ
344 606 772 680 ὀδυνωμένης,ἢ
818 610 913 664 καὶ
942 610 1163 677 λύπαις,
1194 612 1227 683 ἢ
1259 612 1615 683 περιστάσεσι
1649 612 2038 683 κοινωνούσης,
2072 612 2339 683 χρήσεται
2374 611 2474 683 μὲν
2506 611 2626 664 τότε
2669 610 2703 681 ἢ
2737 610 3037 682 βρώμασιν,
3070 610 3103 682 ἢ
3137 610 3413 681 πόμασιν,
3454 613 3531 673 ὡς

269 699 587 769 φαρμάκοις
619 700 984 772 ἀλεξιτηρίοις
1014 704 1095 766 εἰς
1149 704 1293 757 ίασιν
1326 705 1527 768 αὑτῶν,
1557 704 1813 772 ἀφέξεται
1844 705 1903 758 δέ
1944 705 2055 759 τῶν
2094 706 2234 760 κατά
2259 708 2358 775 τὴν
2389 703 2568 774 ψυχὴν
2604 703 2910 774 βλαϐερῶν,
2938 702 3130 773 ὀργῆς,
3166 705 3261 756 καὶ
3290 704 3481 773 φθόνοι.
3510 740 3527 767 ,

271 795 602 862 κενοδοξίας,
638 797 732 850 καί
755 798 1007 869 ἀκηδίας,
1032 798 1130 852 καὶ
1162 798 1518 865 καταλαλιᾶς,
1552 798 1646 852 καὶ
1675 794 1933 858 ὑπονοίας
1965 795 2184 864 ἀλόγου,
2222 796 2567 869 εὐχαριστῶν
2590 795 2668 866 τῷ
2691 793 2902 868 Κυρίῳ.

341 908 647 979 Δύτάρκως
678 909 859 964 τοίνυν
888 910 1028 984 ὑπὲρ
1060 912 1266 966 τούτων
1295 909 1566 965 διαλαϐὼν
1608 908 1770 963 πάλιν
1823 907 1992 978 ἀλλην
2037 908 2386 980 παράκλησιν
2422 909 2686 980 προσάγω
2721 927 2816 963 σου
2844 912 2912 982 τῇ
2945 908 3296 982 φιλομαθείᾳ.
3322 906 3528 979 Φεῦγε,

265 1002 365 1073 ὅση
403 1020 487 1057 σοι
515 1003 765 1075 δύναμις,
796 1006 1089 1077 συντυχίας
1123 1005 1331 1077 ἀνδρῶν
1367 1006 1519 1060 οὐδὲν
1550 1004 1742 1074 ὄφελος
1774 987 2005 1074 ἐχόντων
2027 1042 2042 1067 ,
2065 1003 2542 1075 καί’κοσμούντων
2575 1006 2674 1075 μὲν
2702 1005 2763 1058 τὸ
2778 1005 2955 1077 δέρμα
2987 1005 3397 1078 ἀκαταλλήλως,
3424 1003 3528 1059 κᾶν

264 1095 539 1166 ὀρθόδοξοι
569 1095 715 1161 είεν,
756 1099 831 1169 μή
866 1116 920 1152 τι
951 1115 1016 1168 γε
1050 1099 1114 1169 δή
1154 1098 1459 1170 αἱρετικοὶ,
1496 1096 1826 1168 βλάπτοντες
1852 1098 1919 1167 τῇ
1951 1095 2278 1166 ὑποκρίσει,
2329 1095 2431 1149 κᾶν
2470 1094 2665 1161 δόξωσι
2711 1097 2928 1160 πολιαῖς
2958 1098 3233 1169 κεφαλῆς,
3270 1097 3304 1168 ἢ
3349 1095 3528 1168 ῥυτίσι

264 1186 566 1259 προσώπου
595 1187 956 1260 ἐπισύρεσθαι
1003 1188 1179 1260 μῆκος
1216 1188 1433 1260 χρόνου.
1486 1188 1607 1243 Κάν
1637 1186 1747 1257 γὰρ
1792 1184 1960 1256 μηδὲν
1992 1183 2198 1256 βλαϐῇς
2230 1186 2365 1257 παρ’
2408 1185 2588 1240 αὐτῶν
2616 1182 2686 1241 δι’
2711 1186 2991 1255 εὐγένειαν
3019 1188 3255 1259 τρόπων,
3307 1187 3368 1240 τδ
3397 1187 3531 1256 γοῦν

265 1281 551 1351 ἐλάχιστον
576 1277 885 1353 δοκοῦν[τα]
919 1279 1120 1351 τρώσει
1150 1297 1230 1335 σε.
1256 1280 1368 1335 Καὶ⁵
1387 1278 1691 1351 χαυνωθεὶς
1719 1275 1841 1329 κατ’
1869 1274 2049 1330 αὑτῶν
2077 1276 2177 1347 τὴν
2194 1275 2434 1331 διάνοιαν
2464 1277 2750 1351 ἐπαρθήσῃ
2782 1279 3103 1348 καταγελῶν
3130 1280 3358 1344 τούτων,
3390 1282 3527 1356 ὅπερ

264 1373 383 1429 ἐστί
408 1390 491 1427 σοι
518 1373 691 1445 βλάϐη
723 1373 805 1437 εἰς
827 1368 1211 1444 ὑπερηφανίαν
1236 1369 1647 1441 ἐμπεπτωκότι.
1687 1367 1858 1437 ’Υπὲρ
1886 1366 1943 1420 δέ
1971 1366 2161 1439 θυρίδα
2186 1368 2453 1439 φωτεινὴν
2482 1367 2784 1439 μεταδίωκε
2811 1370 3022 1441 ἀνδρῶν
3046 1388 3104 1424 τε
3134 1373 3227 1426 καὶ
3253 1372 3529 1441 γυναικῶν

263 1470 420 1532 ὁσίας
445 1467 766 1538 συντυχίας,
809 1467 899 1521 ἴνα
922 1466 1011 1521 διά
1038 1465 1244 1519 τούτων
1284 1463 1536 1535 καθάπερ
1568 1462 1955 1533 λεπτόγραφον
2001 1459 2209 1531 βιϐλίον
2239 1460 2477 1532 δυνηθῇς
2514 1460 2642 1514 ἰδεῖν
2678 1461 2865 1531 σαφῶς
2893 1461 2989 1515 καὶ
3021 1462 3118 1533 τήν
3152 1463 3249 1533 σὴν
3280 1466 3527 1536 καρδίαν,

263 1561 353 1615 διὰ
382 1562 484 1633 τῆς
515 1545 1018 1633 ἁντῖπαραθέσεως,
1048 1558 1149 1631 τὴν
1190 1558 1483 1631 ρᾳθυμίαν,
1512 1557 1546 1628 ἢ
1582 1555 1883 1626 ἐμμιλειαν
1907 1553 2206 1625 δυνάμενος
2232 1553 2332 1624 τὴν
2361 1553 2461 1623 σὴν
2490 1553 2829 1623 δοκιμάζειν.
2861 1553 3039 1607 Πολλά
3068 1555 3178 1625 γάρ
3218 1556 3335 1608 ἐστι
3358 1555 3426 1609 τά
3462 1557 3529 1627 τῇ

263 1655 599 1730 χρηστότητι
633 1652 1017 1726 μαρτυροῦντα
1045 1669 1058 1683 ·
1085 1653 1121 1723 ἦ
1144 1669 1205 1704 τε
1242 1652 1381 1723 χρόα
1398 1648 1515 1702 τῶν
1544 1646 1852 1720 προσώπων
1875 1648 1909 1717 ή
1934 1643 2248 1701 ἐπανθοῦσα
2274 1648 2341 1715 τῇ
2370 1644 2639 1716 πολιτείᾳ,
2665 1645 2757 1698 καὶ
2784 1647 2812 1698 6
2839 1645 3130 1716 στολισμδς
3155 1647 3255 1716 τῆς
3278 1647 3527 1716 ἐσθῆτος,

264 1751 445 1807 καὶτὸ
479 1750 797 1819 ἁπέρπερον
830 1742 983 1818 ἦθος,
1016 1746 1111 1799 καὶ
1142 1746 1175 1815 ή
1218 1743 1424 1813 ἀτυφία
1450 1740 1559 1796 τῶν
1595 1740 1794 1810 λόγων,
1826 1739 1920 1793 καὶ
1943 1739 1977 1809 ή
2010 1736 2266 1793 εὐλάϐεια
2295 1738 2405 1792 τῶν
2443 1736 2683 1809 τρόπων,
2716 1737 2813 1792 καὶ
2844 1738 2906 1791 τὸ
2935 1738 3266 1809 ἀπερίεργον
3290 1739 3398 1793 τῶν
3436 1739 3525 1792 λέ·-

264 1845 427 1911 ξεων,
456 1844 548 1898 καὶ
574 1843 635 1897 τὸ
670 1842 861 1913 χαρίεν
889 1840 990 1910 τῆς
1019 1838 1267 1911 γνώμης,
1294 1837 1391 1891 καὶ
1423 1836 1486 1890 τὸ
1516 1833 1737 1889 συνετὸν
1765 1833 1877 1887 τῶν
1901 1831 2211 1903 νοημάτων.
2263 1830 2663 1903 Ἐνδυναμώσει
2705 1832 2801 1886 καὶ
2839 1833 2939 1904 τὴν
2980 1832 3080 1903 σὴν
3126 1833 3463 1905 κοσμιότητα
3503 1836 3531 1889 6

263 1936 495 2009 Κύριος,
530 1938 624 1989 καὶ
652 1935 863 1997 πάντας
887 1934 1017 1996 τοὺς
1048 1933 1349 2002 ἑπομένους
1374 1928 1454 2001 τῷ
1488 1928 1591 1999 τῆς
1618 1926 1930 1989 θεοσεϐείας
1960 1924 2150 1997 σκοπῷ
2170 1939 2184 1954 °
2215 1924 2319 1979 κᾶν
2347 1926 2408 1978 ἐν
2437 1924 2639 1995 ἀκηδίᾳ
2664 1924 2698 1996 ἢ
2724 1925 2889 1996 ἐτέρᾳ
2914 1926 3019 1979 τινὶ
3053 1927 3373 1998 περιστάσει
3398 1942 3530 1993 τυγ-

263 2034 506 2105 χάνοιτε.
537 2030 837 2102 Στολισμδς
868 2029 1001 2100 γὰρ,
1035 2027 1225 2099 φησὶν,
1256 2018 1471 2097 ἀνδρὸς,
1504 2025 1601 2080 καὶ
1627 2023 1780 2095 βῆμα
1806 2021 1988 2089 ποδὸς,
2020 2023 2115 2075 καὶ
2145 2020 2323 2092 γέλως
2351 2020 2578 2076 ὀδόντων
2621 2020 2915 2090 ἀναγγελεῖ
2946 2019 3012 2073 τὰ
3046 2021 3176 2090 περὶ
3201 2020 3389 2087 αὑτοῦ,
3428 2036 3531 2073 κα-

263 2126 378 2190 θὼς
412 2125 444 2195 ή
478 2123 755 2195 Παροιμία
784 2122 952 2191 λέγει.

346 2240 685 2314 Ἀρξάμενος
715 2239 898 2294 τοίνυν
922 2237 1034 2308 ἐγώ
1066 2254 1149 2292 σοι
1172 2238 1283 2292 τῶν
1314 2236 1625 2308 ἐξηγήσεων
1653 2231 1745 2287 τοῦ
1777 2230 1894 2302 βίου
1924 2229 2034 2283 τῶν
2062 2229 2233 2298 ἁγίων
2260 2230 2545 2300 Πατέρων,
2577 2226 2701 2281 οὔτε
2729 2229 2841 2291 τοῖς
2872 2227 2930 2280 ἐν
2965 2227 3086 2290 ταῖς
3108 2225 3326 2279 πόλεσιν
3353 2225 3386 2296 ἢ
3424 2224 3533 2279 κώ-

267 2353 401 2410 μαις
437 2336 469 2406 ἢ
509 2332 798 2405 σπηλαίοις
826 2331 859 2403 ἢ
892 2330 1155 2402 ἐρημίαις
1186 2329 1498 2398 ἁγνώστους
1531 2344 1613 2381 σοι
1646 2322 1962 2392 καταλείψω
2004 2323 2084 2395 τῷ
2105 2323 2281 2394 λόγῳ,
2315 2321 2573 2394 προσθεὶς
2600 2322 2693 2375 καὶ
2732 2321 2860 2385 τοὺς
2887 2321 2944 2373 ἐν
2972 2323 3087 2384 τοῖς
3116 2318 3424 2382 κοινοϐίοις.
3451 2319 3527 2370 Οὑ

262 2432 376 2503 γὰρ
406 2432 435 2484 6
463 2429 630 2493 τόπος
666 2429 813 2482 ἐστὶν
849 2427 878 2479 ὀ
908 2426 1241 2497 ζητούμενος
1262 2467 1275 2492 ,
1300 2424 1427 2479 ἔνθα
1452 2420 1835 2482 κατοικοῦντες
1860 2412 2008 2471 οῦτοι
2038 2418 2415 2490 κατώρθωσαν
2436 2418 2533 2503 τὴν
2558 2416 2793 2487 ἀρετὴν,
2822 2416 2937 2471 ἀλλ’
2963 2418 2990 2470 ὁ
3015 2415 3216 2488 τρόπος
3240 2414 3336 2484 τῆς
3362 2412 3531 2483 ὀρθῆς

264 2501 665 2596 προαιρέσεως,
698 2520 766 2577 δι’
795 2513 864 2592 ἦς
885 2519 986 2591 τὴν
1007 2517 1310 2590 ἀγγελικὴν
1337 2517 1613 2572 πολιτείαν
1634 2517 1699 2586 τῇ
1726 2509 1820 2566 τοῦ
1855 2510 2093 2582 Χριστοῦ
2125 2510 2420 2584 συμμαχίᾳ
2440 2501 2770 2576 ἐξήσκησαν.

847 3068 1089 3122 ιΛΑῙΟΝ
1145 3065 1443 3121 ΠΡΩΤΟΝ.

626 3161 769 3228 Περί
812 3159 1125 3228 Ἰσιδώρου,
1146 3159 1495 3230 ξενοδόχου.

337 3251 567 3325 Πρῶτον
608 3251 791 3307 τοίνυν
838 3252 1090 3322 πατήσας
1142 3250 1253 3318 ἐγὼ
1296 3250 1394 3321 τὴν
1457 3248 1854 3321 Ἀλεξανδρέων

268 3341 449 3406 πόλιν,
484 3340 543 3393 ἐν
573 3341 641 3411 τῇ
671 3339 903 3410 δευτέρᾳ
934 3339 1140 3410 ὑπατίᾳ
1170 3338 1452 3393 Θεοδοσίου
1486 3338 1581 3392 τοῦ
1616 3339 1852 3410 μεγάλου

268 3432 562 3503 βασιλέως,
590 3431 648 3495 6;
676 3430 772 3485 νῦν
803 3432 859 3485 ἐν
892 3432 1144 3500 ἀγγέλοις
1173 3432 1409 3503 ὑπάρχει
1440 3431 1529 3485 διὰ
1560 3432 1659 3498 τὴν
1690 3430 1855 3501 ὀρθὴν

266 3525 438 3579 αὑτοῦ
469 3525 650 3579 πίστιν
674 3522 770 3595 τὴν
792 3524 872 3587 είς
899 3523 1155 3595 Χριστὸν,
1186 3525 1507 3594 περιέτυχον
1534 3525 1591 3577 ἐν
1619 3524 1758 3595 αὑτῇ
1788 3526 1853 3595 τῇ

269 3616 426 3672 πόλει
475 3615 628 3687 ἀνδρί⁵
674 3615 985 3686 θαυμασίῳ,
1029 3616 1119 3669 τὸν
1143 3616 1341 3688 τρόπον
1382 3616 1717 3686 πανταχόθεν
1760 3632 1854 3667 κε-

267 3710 628 3781 κοσμημένῳ,
662 3708 720 3761 ἐν
754 3725 813 3760 τε
844 3707 1009 3777 λόγῳ,
1044 3709 1137 3761 καὶ
1170 3708 1313 3780 ἤθει,
1344 3709 1439 3762 καὶ
1468 3707 1688 3776 γνώσει,
1732 3708 1856 3760 Ἰσι-

268 3805 430 3876 δώρῳ
475 3802 833 3875 πρεσϐυτέρῳ
866 3802 977 3855 δντι
1018 3802 1280 3872 ξενοδόχῳ
1315 3803 1414 3872 τῆς
1460 3800 1856 3871 Ἀλεξανδρέων

282 3897 633 3968 Ἐκκλησίας.
671 3899 767 3960 Ὃς
795 3896 864 3949 τά
894 3895 994 3967 μὲν
1018 3896 1211 3968 πρῶτα
1238 3896 1336 3965 τῆς
1367 3895 1615 3966 νεότητος
1640 3894 1859 3962 ἐλέγετο

270 3994 331 4045 ἐν
364 3993 429 4062 τῇ
470 3991 661 4061 ἐρήμῳ
697 3989 987 4061 διατρίψας
1019 3988 1277 4059 ἡνυκέναι
1310 3988 1379 4042 τά
1428 3989 1523 4058 τῆς
1572 3989 1858 4055 ἀσκήσεως

271 4079 413 4137 ἆθλα
435 4122 449 4145 ,
486 4078 545 4137 οὗ
575 4082 668 4136 καὶ
694 4083 792 4153 τὴν
834 4082 1030 4153 κέλλην
1065 4081 1377 4151 ἐθεασάμην
1404 4080 1514 4148 ἐγὼ
1542 4080 1599 4131 ἐν
1627 4077 1703 4149 τῷ
1743 4077 1858 4148 ὄρει

272 4176 374 4243 τῆς
418 4174 670 4245 Νιτρίας.
716 4172 1030 4228 Κατέλαϐον
1074 4173 1133 4227 δὲ
1170 4171 1357 4225 τοῦτον
1387 4170 1499 4239 ἐγὼ
1539 4169 1675 4223 ἐτῶν
1709 4168 1858 4247 ἐϐδος

278 4271 525 4340 μήκοντα
573 4267 804 4336 γέροντα
828 4309 843 4333 ,
876 4266 932 4329 ὃς
981 4265 1247 4332 ἐπιζήσας
1286 4263 1681 4317 πεντεκαίδεκα
1724 4260 1859 4315 ἄλλα

275 4363 371 4432 ἐτη
401 4362 629 4433 τελευτᾷ
660 4362 716 4414 ἐν
749 4360 965 4432 εἰρήνῃ.
1003 4353 1172 4424 Οὗτος
1214 4361 1241 4413 6
1272 4358 1423 4423 ἀγιος
1463 4357 1655 4429 μέχρις
1690 4356 1860 4427 αὑτῆς

270 4456 373 4526 τῆς
403 4454 661 4524 τελευτῆς
696 4454 796 4507 οὑκ
833 4452 1026 4523 ὀθόνην
1056 4452 1325 4523 ἐφόρησεν
1356 4450 1510 4514 ἐκτὸς
1542 4450 1854 4521 φακιαλίου,

274 4548 335 4601 οῦ
362 4545 575 4617 λουτρῷ
610 4546 884 4616 ἐχρήσατο
909 4585 923 4611 ,
953 4544 1012 4598 ού
1040 4543 1220 4615 κρεῶν
1246 4543 1446 4614 ήψατο,
1492 4543 1551 4596 ού
1583 4541 1863 4615 τραπέζης

148 4668 171 4693 ο
276 4643 409 4697 ποτέ
457 4642 595 4713 πρὸς
647 4641 809 4711 κόρον
846 4638 1187 4711 ἐνεφορήθηο
1238 4637 1296 4702 ὃς
1329 4636 1567 4691 τοιοῦτον
1615 4632 1760 4706 εἶχεν
1803 4635 1863 4688 τὸ

278 4735 440 4805 σῶμα
467 4733 575 4787 ὑπὸ
599 4732 699 4803 τῆς
726 4732 948 4803 χάριτος
975 4729 1070 4784 τοῦ
1100 4729 1236 4783 Θεοῦ
1268 4727 1758 4801 συγκροτούμενον,
1786 4728 1861 4791 ώς

278 4825 807 4900 πεπληροφορῆσθαι
831 4825 1036 4888 πάντας
1060 4824 1186 4888 τοὺς
1213 4824 1543 4893 ἀγνοοῦντας
1574 4822 1739 4877 αὑτοῦ
1763 4823 1862 4894 τὴν

276 4924 514 4985 δίαιταν,
558 4921 642 4974 ὃτι
693 4920 752 4973 ἐν
800 4918 1013 4988 μεγάλῃ
1062 4920 1241 4989 τρυφῇ
1276 4917 1476 4985 διάγει.
1520 4915 1724 4970 Τούτου
1761 4914 1863 4978 τὰς

266 5010 484 5089 ’ἀρετὰς
513 5016 614 5087 τῆς
633 5015 811 5087 ψυχῆς
836 5013 930 5068 ἐὰν
955 5014 1095 5068 θέλω
1115 5013 1479 5084 διηγήσασθαι
1501 5011 1641 5066 κατά
1673 5011 1861 5083 μέρος,

279 5107 552 5177 ἐπιλείψει
589 5123 655 5178 με
685 5104 1045 5177 διηγούμενον
1073 5106 1102 5158 6
1133 5104 1349 5176 χρόνος.
1383 5106 1481 5168 Ὃς
1514 5103 1767 5157 τοσοῦτον
1795 5097 1864 5173 ἦν

281 5200 480 5270 πρᾶος,
505 5196 601 5252 καὶ
632 5196 1045 5267 φιλάνθρωπος,
1081 5197 1177 5250 καὶ
1213 5196 1507 5268 εἰρηνικὸς,
1541 5196 1617 5260 ὡς
1644 5196 1737 5249 καί
1766 5195 1861 5249 αὑ·-

278 5291 409 5351 οιοῦς
430 5289 558 5353 τοὺς
583 5289 845 5353 ἀπίστους
866 5288 1093 5359 ἐχθροὺς
1117 5287 1282 5341 αὐτοῦ
1307 5287 1394 5341 διὰ
1414 5286 1512 5359 τὴν
1533 5289 1612 5351 είς
1633 5287 1866 5359 Χριστὸν

282 5383 451 5454 ὀρθὴν
480 5382 646 5437 αὑτοῦ
678 5382 860 5436 πίστιν
881 5380 1145 5435 αἰδεῖσθαι
1174 5380 1269 5433 καί
1298 5379 1395 5451 τὴν
1423 5380 1584 5433 σκιὰν
1612 5379 1679 5432 δι’
1700 5380 1866 5448 ὑπερ-

283 5476 450 5549 ϐολὴν
489 5476 589 5547 τῆς
637 5474 733 5530 τοῦ
790 5474 983 5546 ἀνδρὸς
1035 5473 1421 5545 χρηστότητος.
1480 5471 1761 5542 Τοσαύτην
1809 5472 1867 5526 δέ

283 5567 444 5638 ἔσχεν
491 5567 652 5638 χάριν
703 5562 1115 5636 πνευματικὴν,
1165 5563 1260 5617 καὶ
1306 5560 1509 5632 γνῶσιν
1552 5561 1661 5616 τῶν
1697 5561 1867 5631 ἁγίων

280 5658 540 5729 Γραφῶν,
572 5657 798 5714 καὶτῶν
826 5656 986 5714 θείων
1010 5656 1299 5729 δογμάτων
1326 5654 1653 5727 κατάληψιν,
1677 5655 1753 5721 ὡς
1777 5656 1869 5710 καὶ

1884 3069 1930 3126 Α
1960 3065 2090 3136 παρ’
2119 3063 2261 3120 αὑτά
2288 3064 2359 3120 τὰ
2389 3064 2667 3137 συμπόσια
2699 3066 2799 3137 τῆς
2840 3067 3096 3134 εἰωθυίας
3124 3069 3272 3141 ῶρας
3302 3068 3403 3141 τῆς
3436 3062 3549 3141 μεῖ

1956 3158 2241 3229 ταλήψεως
2269 3159 2378 3214 τῶν
2422 3159 2667 3229 ἀδελφῶν
2699 3161 3013 3225 ἐξίστασθαι
3043 3162 3142 3235 τὴν
3170 3162 3410 3217 διάνοιαν
3444 3163 3535 3218 τοῦ

1958 3256 2114 3326 ἁγίου
2138 3298 2155 3322 ,
2192 3257 2287 3311 καὶ
2318 3257 2561 3323 ἐνεάζειν
2597 3258 2792 3324 αὑτὸν,
2822 3256 2916 3312 καὶ
2945 3258 3262 3330 παρακαλού
3274 3276 3434 3329 μενον
3460 3259 3540 3312 δι-

1954 3349 2287 3418 ηγεῖσθαιτά
2302 3348 2401 3417 τῆς
2414 3348 2747 3414 ἐκστάσεως,
2768 3349 2861 3403 καὶ
2872 3348 3071 3418 λέγειν,
3086 3350 3168 3403 ὅτι
3184 3350 3380 3420 Ἀπεδή
3392 3368 3464 3420 μη
3472 3367 3539 3403 σα

1955 3440 2022 3508 τῇ
2078 3436 2289 3508 διανοίᾳ
2338 3437 2614 3508 ἀρπαγεὶς
2667 3437 2773 3491 ὑπὸ
2823 3437 3055 3510 θεωρίας
3106 3440 3270 3503 τινός.
3327 3441 3540 3508 Ἔγνων

1958 3528 2115 3599 κάγὼ
2137 3528 2325 3584 τοῦτον
2346 3530 2606 3592 πολλάκις
2629 3529 2980 3600 δακρύσαντα
2999 3529 3090 3582 ἐπὶ
3110 3530 3212 3599 τῆς
3234 3530 3535 3599 τραπέζης·

1958 3622 2049 3673 καὶ
2078 3620 2187 3673 τῶν
2217 3619 2471 3691 δακρύων
2498 3620 2596 3690 τὴν
2624 3620 2803 3673 αἰτίαν
2834 3620 3161 3690 πυθόμενος,
3193 3622 3405 3692 ’ήκουσα
3437 3621 3505 3673 αὑ
3524 3647 3540 3660 -

1957 3714 2052 3766 τοῦ
2105 3714 2392 3782 λέγοντος,
2424 3715 2507 3767 ὅτι
2546 3713 2812 3783 Αἰδοῦμαι
2859 3713 3056 3781 ἀλόγου
3105 3713 3539 3783 μεταλαμϐάνων

1957 3806 2163 3876 τροφῆς
2189 3805 2406 3873 λογικὸς
2440 3806 2722 3877 ὑπάρχων,
2760 3806 2854 3858 καὶ
2886 3805 3113 3874 ὀφείλων
3143 3807 3200 3858 ἐν
3225 3807 3540 3877 παραδείσῳ

1958 3900 2168 3967 τρυφῆς
2202 3898 2473 3969 ὑπάρχειν
2494 3942 2506 3964 ,
2538 3900 2634 3951 καὶ
2666 3897 3026 3969 ἐμφορεῖσθαι
3066 3898 3375 3967 ἀμϐροσίας
3414 3917 3538 3970 τρο-

1960 3992 2089 4061 φῆς,
2120 3990 2209 4044 διὰ
2243 3990 2341 4061 τὴν
2374 3990 2619 4045 δοθεῖσαν
2646 3992 2778 4063 ἡμῖν
2811 3990 2963 4061 παρά
3003 3991 3240 4062 Χριστοῦ
3271 3992 3537 4058 ἐξουσίαν.

1962 4073 2130 4144 Οὗτος
2182 4080 2459 4150 γνώριμος
2508 4075 2575 4149 ἦν
2626 4080 2777 4153 πάσῃ
2823 4083 2889 4150 τῇ
2946 4080 3090 4133 κατὰ
3144 4080 3362 4151 Ῥώμην
3413 4098 3540 4150 συγ-

1961 4173 2166 4242 κλήτῳ,
2191 4174 2310 4235 ταῖς
2332 4189 2395 4240 γε
2426 4171 2641 4240 γυναιξὶ
2658 4171 2766 4224 τῶν
2795 4173 3158 4242 μεγιστάνων,
3184 4173 3421 4241 ὁπηνίκα
3444 4175 3540 4228 σὺν

1960 4265 2040 4335 τῷ
2094 4264 2349 4336 μακαρίῳ
2408 4264 2710 4336 Ἀθανασίῳ
2750 4264 3081 4335 ἀπεληλύθει
3117 4264 3176 4317 τὸ
3237 4265 3537 4335 πρότερον,

1964 4358 2153 4410 ἔπειτα
2184 4357 2280 4410 σὺν
2322 4356 2399 4425 τῷ
2431 4357 2572 4427 ἁγίῳ
2602 4357 2899 4428 Δημητρίῳ
2929 4357 3008 4427 τῷ
3042 4357 3344 4429 ἐπισκόπῳ.
3376 4350 3543 4420 Οὗτος

1966 4450 2303 4523 περιττεύων
2336 4450 2548 4521 πλούτῳ
2579 4451 2670 4504 καὶ
2691 4451 2921 4520 ἀφθονίᾳ
2946 4451 3168 4520 χρειῶν,
3193 4450 3253 4502 οὑ
3277 4449 3544 4520 διαθήκην

1965 4542 2171 4615 ἔγραψε
2224 4541 2527 4608 τελευτῶν,
2584 4543 2644 4595 οὑ
2702 4542 2945 4613 νόμισμα
3002 4541 3428 4606 καταλέλοιπεν,
3480 4540 3541 4593 οὐ

1965 4638 2201 4708 πρᾶγμα
2248 4638 2367 4698 ταῖς
2413 4634 2609 4689 ἐαυτοῦ
2664 4634 2920 4702 ἀδελφαῖς
2973 4634 3263 4705 παρθένοις
3316 4631 3540 4685 οῦσαιε·

1966 4728 2104 4781 ἀλλὰ
2135 4726 2407 4798 παρέθετο
2438 4727 2610 4790 αὑτὰς
2645 4725 2723 4796 τῷ
2753 4725 2993 4796 Χριστῷ,
3026 4724 3223 4791 λέγων,
3267 4724 3324 4777 'O
3354 4726 3544 4785 κτίσας

1966 4823 2112 4893 ὑμᾶς
2148 4820 2282 4884 Θεὸς
2306 4818 2470 4882 αὐτὸς
2508 4819 2858 4888 οἰκονομήσει
2899 4817 3028 4886 ὑμῖν
3058 4818 3154 4868 καὶ
3181 4816 3251 4867 τὰ
3281 4815 3416 4885 πρὸς
3446 4816 3544 4882 τὴν

1966 4915 2132 4987 ζωὴν,
2159 4913 2235 4978 ὡς
2272 4913 2369 4967 καὶ
2403 4913 2493 4984 μοί
2520 4912 2618 4985 [Μ.
2652 4910 2768 4983 μέ].
2802 4906 2912 4963 Ἦν
2941 4910 2996 4963 δέ
3024 4910 3121 4963 σὺν
3144 4909 3265 4971 ταῖς
3290 4906 3544 4976 ἀδελφαῖς

1966 5009 2131 5063 αὑτοῦ
2160 5009 2415 5079 σύστημα
2442 5006 2729 5077 παρθένων
2758 5005 3151 5074 ἐϐδομήκοντα.

2039 5095 2207 5164 Οὗτος
2238 5097 2557 5171 φοιτήσαντί
2608 5115 2701 5168 μοι
2733 5096 2839 5167 νέῳ
2879 5096 2992 5149 ὄντι
3032 5097 3167 5163 προς
3211 5090 3412 5158 αὑτὸν,
3450 5094 3544 5145 καί

1968 5176 2378 5264 πάρακαλοῦντι
2431 5190 2839 5262 στοιχειωθῆναι
2888 5190 2946 5242 ἐν
3003 5187 3083 5259 τῷ
3143 5187 3365 5259 μονήρει
3411 5185 3542 5255 βίῳ,

1970 5286 2290 5357 σφριγώσης
2317 5301 2407 5355 μοι
2431 5283 2512 5338 ἔτι
2541 5283 2642 5353 τῆς
2670 5282 2904 5353 ήλικίας,
2934 5281 3026 5334 καὶ
3053 5279 3225 5348 λόγων
3257 5278 3333 5350 μὴ
3359 5278 3546 5349 δεομέ-

1968 5398 2086 5452 νης,
2116 5377 2254 5434 ἁλλὰ
2279 5378 2454 5432 πόνων
2476 5376 2585 5429 τῶν
2610 5377 2753 5430 κατὰ
2779 5375 2977 5446 σάρκα,
3011 5374 3105 5427 καὶ
3129 5371 3545 5444 σκληραγωγίας

1968 5473 2069 5545 τῆς
2098 5471 2240 5526 κατὰ
2267 5471 2445 5542 σῶμα·
2473 5462 2645 5536 οὗτος,
2670 5468 2745 5532 ώς
2768 5467 2931 5531 καλὸς
2956 5466 3334 5537 πωλοδάμνης,
3362 5464 3545 5532 ἐξάγει

1975 5583 2043 5637 με
2089 5564 2194 5632 ἐξω
2222 5562 2320 5634 τῆς
2365 5562 2575 5626 πόλεως
2616 5562 2697 5626 εἰς
2739 5558 2809 5614 τὰ
2839 5560 3109 5631 λεγόμενα
3152 5558 3395 5630 ἐρημικά
3438 5554 3549 5615 ἀπὺ

1975 5657 2132 5715 πέντε
2159 5656 2419 5729 σημείων.
2789 5699 2830 5709 ..
