  <div class='ocr_page' id='page_1' title='image "/cluster/home/n/w/nwhite01/storage/ocr_20150623/34/hvd.32044019207760/517.png"; bbox 0 0 4096 6498; ppageno 0'>
   <div class='ocr_carea' id='block_1_1' title="bbox 566 314 697 384">
    <p class='ocr_par' dir='ltr' id='par_1_1' title="bbox 566 314 697 384">
     <span class='ocr_line' id='line_1_1' title="bbox 566 314 697 384; baseline -0.023 0"><span class='ocrx_word' id='word_1_1' title='bbox 566 314 697 384; x_wconf 72' lang='grc'>1011</span> 
     </span>
    </p>
   </div>
   <div class='ocr_carea' id='block_1_2' title="bbox 1194 435 1556 490">
    <p class='ocr_par' dir='ltr' id='par_1_2' title="bbox 1194 435 1556 490">
     <span class='ocr_line' id='line_1_2' title="bbox 1194 435 1556 490; baseline 0.006 -3"><span class='ocrx_word' id='word_1_2' title='bbox 1194 435 1445 489; x_wconf 74' lang='grc' dir='ltr'>ΚΕΦΑΛ.</span> <span class='ocrx_word' id='word_1_3' title='bbox 1482 437 1556 490; x_wconf 84' lang='lat' dir='ltr'>B’.</span> 
     </span>
    </p>
   </div>
   <div class='ocr_carea' id='block_1_3' title="bbox 1113 573 1599 642">
    <p class='ocr_par' dir='ltr' id='par_1_3' title="bbox 1113 573 1599 642">
     <span class='ocr_line' id='line_1_3' title="bbox 1113 573 1599 642; baseline -0.002 -15"><span class='ocrx_word' id='word_1_4' title='bbox 1113 573 1251 642; x_wconf 73' lang='grc' dir='ltr'>Περὶ</span> <span class='ocrx_word' id='word_1_5' title='bbox 1278 573 1599 642; x_wconf 80' lang='grc' dir='ltr'>Δωροθέου.</span> 
     </span>
    </p>
   </div>
   <div class='ocr_carea' id='block_1_4' title="bbox 638 686 2153 759">
    <p class='ocr_par' dir='ltr' id='par_1_4' title="bbox 638 686 2153 759">
     <span class='ocr_line' id='line_1_4' title="bbox 638 686 2153 759; baseline -0.001 -17"><span class='ocrx_word' id='word_1_6' title='bbox 638 690 751 744; x_wconf 68' lang='grc' dir='ltr'>Καὶ</span> <span class='ocrx_word' id='word_1_7' title='bbox 776 688 1112 759; x_wconf 87' lang='grc' dir='ltr'>παραδίδωσί</span> <span class='ocrx_word' id='word_1_8' title='bbox 1147 705 1215 759; x_wconf 91' lang='grc' dir='ltr'>με</span> <span class='ocrx_word' id='word_1_9' title='bbox 1245 686 1508 757; x_wconf 81' lang='grc' dir='ltr'>Δωροθέῳ</span> <span class='ocrx_word' id='word_1_10' title='bbox 1540 686 1648 741; x_wconf 64' lang='grc' dir='ltr'>τινὶ</span> <span class='ocrx_word' id='word_1_11' title='bbox 1679 688 1895 758; x_wconf 81' lang='grc' dir='ltr'>ἀσκητῇ</span> <span class='ocrx_word' id='word_1_12' title='bbox 1928 687 2153 759; x_wconf 83' lang='grc' dir='ltr'>Θηϐαίῳ</span> 
     </span>
    </p>
   </div>
   <div class='ocr_carea' id='block_1_5' title="bbox 570 778 2154 852">
    <p class='ocr_par' dir='ltr' id='par_1_5' title="bbox 570 778 2154 852">
     <span class='ocr_line' id='line_1_5' title="bbox 570 778 2154 852; baseline -0.001 -18"><span class='ocrx_word' id='word_1_13' title='bbox 570 782 863 852; x_wconf 75' lang='grc' dir='ltr'>ἑξηκοστὸν</span> <span class='ocrx_word' id='word_1_14' title='bbox 898 782 1082 850; x_wconf 78' lang='grc' dir='ltr'>ἄγοντι</span> <span class='ocrx_word' id='word_1_15' title='bbox 1117 780 1233 844; x_wconf 72' lang='grc' dir='ltr'>ἔτος</span> <span class='ocrx_word' id='word_1_16' title='bbox 1271 782 1330 835; x_wconf 89' lang='grc' dir='ltr'>ἐν</span> <span class='ocrx_word' id='word_1_17' title='bbox 1368 779 1447 851; x_wconf 83' lang='grc' dir='ltr'>τῷ</span> <span class='ocrx_word' id='word_1_18' title='bbox 1479 779 1733 850; x_wconf 89' lang='grc' dir='ltr'>σπηλαίῳ</span> <span class='ocrx_word' id='word_1_19' title='bbox 1756 821 1771 845; x_wconf 91' lang='grc'>,</span> <span class='ocrx_word' id='word_1_20' title='bbox 1802 779 1898 834; x_wconf 81' lang='grc' dir='ltr'>καὶ</span> <span class='ocrx_word' id='word_1_21' title='bbox 1943 778 2154 833; x_wconf 79' lang='grc' dir='ltr'>κελεύει</span> 
     </span>
    </p>
   </div>
   <div class='ocr_carea' id='block_1_6' title="bbox 574 866 2156 944">
    <p class='ocr_par' dir='ltr' id='par_1_6' title="bbox 574 866 2156 944">
     <span class='ocr_line' id='line_1_6' title="bbox 574 866 2156 944; baseline -0.002 -20"><span class='ocrx_word' id='word_1_22' title='bbox 574 889 641 942; x_wconf 90' lang='grc' dir='ltr'>με</span> <span class='ocrx_word' id='word_1_23' title='bbox 676 870 962 944; x_wconf 86' lang='grc' dir='ltr'>πληρῶσαι</span> <span class='ocrx_word' id='word_1_24' title='bbox 1006 870 1137 940; x_wconf 85' lang='grc' dir='ltr'>παρ’</span> <span class='ocrx_word' id='word_1_25' title='bbox 1183 868 1349 923; x_wconf 81' lang='grc' dir='ltr'>αὑτοῦ</span> <span class='ocrx_word' id='word_1_26' title='bbox 1396 868 1523 941; x_wconf 85' lang='grc' dir='ltr'>τρία</span> <span class='ocrx_word' id='word_1_27' title='bbox 1561 866 1659 940; x_wconf 77' lang='grc' dir='ltr'>ἐτη</span> <span class='ocrx_word' id='word_1_28' title='bbox 1706 868 1842 941; x_wconf 79' lang='grc' dir='ltr'>πρὸς</span> <span class='ocrx_word' id='word_1_29' title='bbox 1871 867 2156 940; x_wconf 82' lang='grc' dir='ltr'>δαμασμδν</span> 
     </span>
    </p>
   </div>
   <div class='ocr_carea' id='block_1_7' title="bbox 567 958 2160 1034">
    <p class='ocr_par' dir='ltr' id='par_1_7' title="bbox 567 958 2160 1034">
     <span class='ocr_line' id='line_1_7' title="bbox 567 958 2160 1034; baseline -0.009 -17"><span class='ocrx_word' id='word_1_30' title='bbox 567 962 679 1017; x_wconf 84' lang='grc' dir='ltr'>τῶν</span> <span class='ocrx_word' id='word_1_31' title='bbox 705 960 911 1016; x_wconf 74' lang='grc' dir='ltr'>παθῶψ</span> <span class='ocrx_word' id='word_1_32' title='bbox 936 959 1205 1030; x_wconf 79' lang='grc' dir='ltr'>ἠπίστατο</span> <span class='ocrx_word' id='word_1_33' title='bbox 1223 961 1331 1032; x_wconf 85' lang='grc' dir='ltr'>γάρ</span> <span class='ocrx_word' id='word_1_34' title='bbox 1357 960 1449 1014; x_wconf 83' lang='grc' dir='ltr'>τὸν</span> <span class='ocrx_word' id='word_1_35' title='bbox 1470 962 1698 1033; x_wconf 86' lang='grc' dir='ltr'>γέροντα</span> <span class='ocrx_word' id='word_1_36' title='bbox 1722 958 1937 1034; x_wconf 73' lang='grc' dir='ltr'>μεγάλη</span> <span class='ocrx_word' id='word_1_37' title='bbox 1959 960 2160 1031; x_wconf 83' lang='grc' dir='ltr'>σκληρ-</span> 
     </span>
    </p>
   </div>
   <div class='ocr_carea' id='block_1_8' title="bbox 570 1053 2158 1126">
    <p class='ocr_par' dir='ltr' id='par_1_8' title="bbox 570 1053 2158 1126">
     <span class='ocr_line' id='line_1_8' title="bbox 570 1053 2158 1126; baseline -0.001 -17"><span class='ocrx_word' id='word_1_38' title='bbox 570 1055 788 1126; x_wconf 78' lang='grc' dir='ltr'>αγωγίᾳ</span> <span class='ocrx_word' id='word_1_39' title='bbox 855 1053 1126 1119; x_wconf 73' lang='grc' dir='ltr'>συζῶντα.</span> <span class='ocrx_word' id='word_1_40' title='bbox 1182 1056 1294 1108; x_wconf 77' lang='grc' dir='ltr'>Καὶ</span> <span class='ocrx_word' id='word_1_41' title='bbox 1335 1053 1476 1125; x_wconf 87' lang='grc' dir='ltr'>μετά</span> <span class='ocrx_word' id='word_1_42' title='bbox 1522 1054 1585 1107; x_wconf 78' lang='grc' dir='ltr'>τὸ</span> <span class='ocrx_word' id='word_1_43' title='bbox 1627 1053 1920 1124; x_wconf 76' lang='grc' dir='ltr'>πληρῶσαι</span> <span class='ocrx_word' id='word_1_44' title='bbox 1968 1070 2037 1124; x_wconf 89' lang='grc' dir='ltr'>με</span> <span class='ocrx_word' id='word_1_45' title='bbox 2068 1054 2158 1108; x_wconf 84' lang='grc' dir='ltr'>τὸν</span> 
     </span>
    </p>
   </div>
   <div class='ocr_carea' id='block_1_9' title="bbox 572 1148 2160 1220">
    <p class='ocr_par' dir='ltr' id='par_1_9' title="bbox 572 1148 2160 1220">
     <span class='ocr_line' id='line_1_9' title="bbox 572 1148 2160 1220; baseline -0.002 -16"><span class='ocrx_word' id='word_1_46' title='bbox 572 1148 805 1220; x_wconf 80' lang='grc' dir='ltr'>ἀριθμὸν</span> <span class='ocrx_word' id='word_1_47' title='bbox 830 1148 940 1202; x_wconf 90' lang='grc' dir='ltr'>τῶν</span> <span class='ocrx_word' id='word_1_48' title='bbox 963 1148 1122 1214; x_wconf 83' lang='grc' dir='ltr'>ἐτῶν,</span> <span class='ocrx_word' id='word_1_49' title='bbox 1154 1148 1317 1202; x_wconf 86' lang='grc' dir='ltr'>πάλιν</span> <span class='ocrx_word' id='word_1_50' title='bbox 1350 1149 1488 1220; x_wconf 72' lang='grc' dir='ltr'>πρὸς</span> <span class='ocrx_word' id='word_1_51' title='bbox 1518 1148 1683 1202; x_wconf 84' lang='grc' dir='ltr'>αὑτὸν</span> <span class='ocrx_word' id='word_1_52' title='bbox 1708 1148 2160 1220; x_wconf 87' lang='grc' dir='ltr'>ἐπανακάμπτειν</span> 
     </span>
    </p>
   </div>
   <div class='ocr_carea' id='block_1_10' title="bbox 575 1240 2162 1313">
    <p class='ocr_par' dir='ltr' id='par_1_10' title="bbox 575 1240 2162 1313">
     <span class='ocr_line' id='line_1_10' title="bbox 575 1240 2162 1313; baseline 0.001 -20"><span class='ocrx_word' id='word_1_53' title='bbox 575 1258 642 1313; x_wconf 89' lang='grc' dir='ltr'>με</span> <span class='ocrx_word' id='word_1_54' title='bbox 668 1240 1071 1312; x_wconf 88' lang='grc' dir='ltr'>ἐντειλάμενος,</span> <span class='ocrx_word' id='word_1_55' title='bbox 1104 1241 1300 1311; x_wconf 81' lang='grc' dir='ltr'>λοιπῆς</span> <span class='ocrx_word' id='word_1_56' title='bbox 1322 1240 1675 1305; x_wconf 76' lang='grc' dir='ltr'>διδασκαλίας</span> <span class='ocrx_word' id='word_1_57' title='bbox 1701 1241 1889 1295; x_wconf 74' lang='grc' dir='ltr'>ἕνεκεν</span> <span class='ocrx_word' id='word_1_58' title='bbox 1918 1258 2162 1312; x_wconf 81' lang='grc' dir='ltr'>πνευμαο</span> 
     </span>
    </p>
   </div>
   <div class='ocr_carea' id='block_1_11' title="bbox 572 1332 2162 1405">
    <p class='ocr_par' dir='ltr' id='par_1_11' title="bbox 572 1332 2162 1405">
     <span class='ocr_line' id='line_1_11' title="bbox 572 1332 2162 1405; baseline -0.001 -18"><span class='ocrx_word' id='word_1_59' title='bbox 572 1334 751 1403; x_wconf 88' lang='grc' dir='ltr'>τικῆς.</span> <span class='ocrx_word' id='word_1_60' title='bbox 776 1334 886 1387; x_wconf 82' lang='grc' dir='ltr'>Καὶ</span> <span class='ocrx_word' id='word_1_61' title='bbox 919 1333 994 1403; x_wconf 84' lang='grc' dir='ltr'>μὴ</span> <span class='ocrx_word' id='word_1_62' title='bbox 1025 1332 1275 1403; x_wconf 79' lang='grc' dir='ltr'>δυνηθεὶς</span> <span class='ocrx_word' id='word_1_63' title='bbox 1306 1333 1415 1387; x_wconf 86' lang='grc' dir='ltr'>τῶν</span> <span class='ocrx_word' id='word_1_64' title='bbox 1440 1333 1609 1404; x_wconf 85' lang='grc' dir='ltr'>τριῶν</span> <span class='ocrx_word' id='word_1_65' title='bbox 1643 1333 1783 1388; x_wconf 85' lang='grc' dir='ltr'>ἐτῶν</span> <span class='ocrx_word' id='word_1_66' title='bbox 1810 1334 1902 1387; x_wconf 77' lang='grc' dir='ltr'>τὸν</span> <span class='ocrx_word' id='word_1_67' title='bbox 1932 1332 2162 1405; x_wconf 77' lang='grc' dir='ltr'>ἀριθμὸν</span> 
     </span>
    </p>
   </div>
   <div class='ocr_carea' id='block_1_12' title="bbox 574 1423 2164 1497">
    <p class='ocr_par' dir='ltr' id='par_1_12' title="bbox 574 1423 2164 1497">
     <span class='ocr_line' id='line_1_12' title="bbox 574 1423 2164 1497; baseline -0.001 -19"><span class='ocrx_word' id='word_1_68' title='bbox 574 1425 707 1495; x_wconf 82' lang='grc' dir='ltr'>παρ’</span> <span class='ocrx_word' id='word_1_69' title='bbox 747 1424 897 1496; x_wconf 87' lang='grc' dir='ltr'>αὑτῷ</span> <span class='ocrx_word' id='word_1_70' title='bbox 934 1423 1314 1496; x_wconf 75' lang='grc' dir='ltr'>ἐκπληρῶσαι,</span> <span class='ocrx_word' id='word_1_71' title='bbox 1363 1424 1452 1479; x_wconf 79' lang='grc' dir='ltr'>διὰ</span> <span class='ocrx_word' id='word_1_72' title='bbox 1487 1424 1548 1478; x_wconf 84' lang='grc' dir='ltr'>τὸ</span> <span class='ocrx_word' id='word_1_73' title='bbox 1596 1425 1841 1496; x_wconf 80' lang='grc' dir='ltr'>κραταιᾷ</span> <span class='ocrx_word' id='word_1_74' title='bbox 1879 1424 2164 1497; x_wconf 65' lang='grc' dir='ltr'>ἀρρωστίᾳ⁸</span> 
     </span>
    </p>
   </div>
   <div class='ocr_carea' id='block_1_13' title="bbox 575 1515 2165 1588">
    <p class='ocr_par' dir='ltr' id='par_1_13' title="bbox 575 1515 2165 1588">
     <span class='ocr_line' id='line_1_13' title="bbox 575 1515 2165 1588; baseline -0.001 -17"><span class='ocrx_word' id='word_1_75' title='bbox 575 1518 897 1587; x_wconf 86' lang='grc' dir='ltr'>περιπεσεῖν</span> <span class='ocrx_word' id='word_1_76' title='bbox 929 1534 1018 1588; x_wconf 88' lang='grc' dir='ltr'>με,</span> <span class='ocrx_word' id='word_1_77' title='bbox 1056 1515 1230 1580; x_wconf 80' lang='grc' dir='ltr'>οὕτως</span> <span class='ocrx_word' id='word_1_78' title='bbox 1255 1516 1428 1588; x_wconf 73' lang='grc' dir='ltr'>ἤρθην</span> <span class='ocrx_word' id='word_1_79' title='bbox 1454 1516 1549 1570; x_wconf 79' lang='grc' dir='ltr'>ἀπ’</span> <span class='ocrx_word' id='word_1_80' title='bbox 1579 1517 1745 1570; x_wconf 90' lang='grc' dir='ltr'>αὑτοῦ</span> <span class='ocrx_word' id='word_1_81' title='bbox 1777 1516 1884 1586; x_wconf 73' lang='grc' dir='ltr'>πρδ</span> <span class='ocrx_word' id='word_1_82' title='bbox 1911 1515 2009 1569; x_wconf 87' lang='grc' dir='ltr'>τοῦ</span> <span class='ocrx_word' id='word_1_83' title='bbox 2036 1515 2165 1587; x_wconf 82' lang='grc' dir='ltr'>χρό-</span> 
     </span>
    </p>
   </div>
   <div class='ocr_carea' id='block_1_14' title="bbox 574 1605 2162 1682">
    <p class='ocr_par' dir='ltr' id='par_1_14' title="bbox 574 1605 2162 1682">
     <span class='ocr_line' id='line_1_14' title="bbox 574 1605 2162 1682; baseline -0.001 -19"><span class='ocrx_word' id='word_1_84' title='bbox 574 1625 669 1664; x_wconf 87' lang='grc' dir='ltr'>νου</span> <span class='ocrx_word' id='word_1_85' title='bbox 703 1613 801 1682; x_wconf 82' lang='grc' dir='ltr'>τῆς</span> <span class='ocrx_word' id='word_1_86' title='bbox 834 1610 1195 1682; x_wconf 83' lang='grc' dir='ltr'>προθεσμίας.</span> <span class='ocrx_word' id='word_1_87' title='bbox 1226 1605 1335 1664; x_wconf 87' lang='grc' dir='ltr'>Ἦν</span> <span class='ocrx_word' id='word_1_88' title='bbox 1366 1610 1475 1679; x_wconf 78' lang='grc' dir='ltr'>γὰρ</span> <span class='ocrx_word' id='word_1_89' title='bbox 1515 1609 1683 1664; x_wconf 82' lang='grc' dir='ltr'>αὑτοῦ</span> <span class='ocrx_word' id='word_1_90' title='bbox 1730 1611 1763 1680; x_wconf 81' lang='grc' dir='ltr'>ἡ</span> <span class='ocrx_word' id='word_1_91' title='bbox 1797 1609 1976 1662; x_wconf 82' lang='grc' dir='ltr'>δίαιτα</span> <span class='ocrx_word' id='word_1_92' title='bbox 2018 1610 2162 1662; x_wconf 84' lang='grc' dir='ltr'>πάνυ</span> 
     </span>
    </p>
   </div>
   <div class='ocr_carea' id='block_1_15' title="bbox 578 1701 2164 1773">
    <p class='ocr_par' dir='ltr' id='par_1_15' title="bbox 578 1701 2164 1773">
     <span class='ocr_line' id='line_1_15' title="bbox 578 1701 2164 1773; baseline -0.002 -17"><span class='ocrx_word' id='word_1_93' title='bbox 578 1703 943 1773; x_wconf 86' lang='grc' dir='ltr'>σκληροτάτη,</span> <span class='ocrx_word' id='word_1_94' title='bbox 977 1701 1275 1773; x_wconf 79' lang='grc' dir='ltr'>αὐχμώδης</span> <span class='ocrx_word' id='word_1_95' title='bbox 1304 1702 1447 1767; x_wconf 90' lang='grc' dir='ltr'>λίαν,</span> <span class='ocrx_word' id='word_1_96' title='bbox 1478 1704 1572 1755; x_wconf 73' lang='grc' dir='ltr'>καὶ</span> <span class='ocrx_word' id='word_1_97' title='bbox 1602 1702 1899 1772; x_wconf 81' lang='grc' dir='ltr'>ξηροτάτη.</span> <span class='ocrx_word' id='word_1_98' title='bbox 1929 1701 2028 1754; x_wconf 80' lang='grc' dir='ltr'>Διά</span> <span class='ocrx_word' id='word_1_99' title='bbox 2061 1702 2164 1754; x_wconf 77' lang='grc' dir='ltr'>πά-</span> 
     </span>
    </p>
   </div>
   <div class='ocr_carea' id='block_1_16' title="bbox 2030 318 2383 383">
    <p class='ocr_par' dir='ltr' id='par_1_16' title="bbox 2030 318 2383 383">
     <span class='ocr_line' id='line_1_16' title="bbox 2030 318 2383 383; baseline -0.003 -1"><span class='ocrx_word' id='word_1_100' title='bbox 2030 318 2383 383; x_wconf 72' lang='lat' dir='ltr'>PALLADII&#39;</span> 
     </span>
    </p>
   </div>
   <div class='ocr_carea' id='block_1_17' title="bbox 2180 431 3840 505">
    <p class='ocr_par' dir='ltr' id='par_1_17' title="bbox 2180 431 3840 505">
     <span class='ocr_line' id='line_1_17' title="bbox 2180 431 3840 505; baseline 0.001 -20"><span class='ocrx_word' id='word_1_101' title='bbox 2180 438 2229 493; x_wconf 76' lang='grc' dir='ltr'>Α</span> <span class='ocrx_word' id='word_1_102' title='bbox 2257 433 2661 505; x_wconf 74' lang='grc' dir='ltr'>ἀπερρὀφησεν,</span> <span class='ocrx_word' id='word_1_103' title='bbox 2691 434 3094 504; x_wconf 80' lang='grc' dir='ltr'>ἐπισφραγίσας</span> <span class='ocrx_word' id='word_1_104' title='bbox 3135 433 3191 488; x_wconf 70' lang='grc' dir='ltr'>τδ</span> <span class='ocrx_word' id='word_1_105' title='bbox 3241 434 3404 505; x_wconf 79' lang='grc' dir='ltr'>ὕδωρ,</span> <span class='ocrx_word' id='word_1_106' title='bbox 3439 431 3625 500; x_wconf 72' lang='grc' dir='ltr'>εἰπὼν,</span> <span class='ocrx_word' id='word_1_107' title='bbox 3674 437 3840 496; x_wconf 69' lang='grc' dir='ltr'>Ὅπου</span> 
     </span>
    </p>
   </div>
   <div class='ocr_carea' id='block_1_18' title="bbox 3711 327 3837 392">
    <p class='ocr_par' dir='ltr' id='par_1_18' title="bbox 3711 327 3837 392">
     <span class='ocr_line' id='line_1_18' title="bbox 3711 327 3837 392; baseline 0.016 -2"><span class='ocrx_word' id='word_1_108' title='bbox 3711 327 3837 392; x_wconf 72' lang='grc' dir='ltr'>10ίὲ</span> 
     </span>
    </p>
   </div>
   <div class='ocr_carea' id='block_1_19' title="bbox 2261 524 3731 597">
    <p class='ocr_par' dir='ltr' id='par_1_19' title="bbox 2261 524 3731 597">
     <span class='ocr_line' id='line_1_19' title="bbox 2261 524 3731 597; baseline 0.005 -20"><span class='ocrx_word' id='word_1_109' title='bbox 2261 524 2490 596; x_wconf 76' lang='grc' dir='ltr'>σταυρὸς</span> <span class='ocrx_word' id='word_1_110' title='bbox 2516 527 2793 597; x_wconf 79' lang='grc' dir='ltr'>ἐπιφοιτᾷ,</span> <span class='ocrx_word' id='word_1_111' title='bbox 2835 526 2935 579; x_wconf 83' lang='grc' dir='ltr'>οὑκ</span> <span class='ocrx_word' id='word_1_112' title='bbox 2969 526 3142 596; x_wconf 82' lang='grc' dir='ltr'>ἰσχύει</span> <span class='ocrx_word' id='word_1_113' title='bbox 3172 526 3341 579; x_wconf 78' lang='grc' dir='ltr'>κακία</span> <span class='ocrx_word' id='word_1_114' title='bbox 3364 526 3456 579; x_wconf 84' lang='grc' dir='ltr'>τοῦ</span> <span class='ocrx_word' id='word_1_115' title='bbox 3492 527 3731 586; x_wconf 75' lang='grc' dir='ltr'>Σατανὶ.</span> 
     </span>
    </p>
   </div>
   <div class='ocr_carea' id='block_1_20' title="bbox 2865 662 3248 717">
    <p class='ocr_par' dir='ltr' id='par_1_20' title="bbox 2865 662 3248 717">
     <span class='ocr_line' id='line_1_20' title="bbox 2865 662 3248 717; baseline 0.005 -3"><span class='ocrx_word' id='word_1_116' title='bbox 2865 662 3117 715; x_wconf 78' lang='grc' dir='ltr'>ΚΕΦΑΛ.</span> <span class='ocrx_word' id='word_1_117' title='bbox 3175 662 3248 717; x_wconf 87' lang='grc' dir='ltr'>Γ’.</span> 
     </span>
    </p>
   </div>
   <div class='ocr_carea' id='block_1_21' title="bbox 2749 775 3365 844">
    <p class='ocr_par' dir='ltr' id='par_1_21' title="bbox 2749 775 3365 844">
     <span class='ocr_line' id='line_1_21' title="bbox 2749 775 3365 844; baseline 0.005 -15"><span class='ocrx_word' id='word_1_118' title='bbox 2749 775 2892 844; x_wconf 73' lang='grc' dir='ltr'>Περὶ</span> <span class='ocrx_word' id='word_1_119' title='bbox 2939 776 3232 843; x_wconf 82' lang='grc' dir='ltr'>Ποταμιαί</span> <span class='ocrx_word' id='word_1_120' title='bbox 3236 794 3365 844; x_wconf 77' lang='grc' dir='ltr'>ι-ης.</span> 
     </span>
    </p>
   </div>
   <div class='ocr_carea' id='block_1_22' title="bbox 2351 868 3840 945">
    <p class='ocr_par' dir='ltr' id='par_1_22' title="bbox 2351 868 3840 945">
     <span class='ocr_line' id='line_1_22' title="bbox 2351 868 3840 945; baseline 0.001 -22"><span class='ocrx_word' id='word_1_121' title='bbox 2351 869 2412 923; x_wconf 84' lang='lat'>&#39;0</span> <span class='ocrx_word' id='word_1_122' title='bbox 2444 868 2717 939; x_wconf 86' lang='grc' dir='ltr'>μακάριος</span> <span class='ocrx_word' id='word_1_123' title='bbox 2760 868 3030 939; x_wconf 79' lang='grc' dir='ltr'>Ἰσίδωρος</span> <span class='ocrx_word' id='word_1_124' title='bbox 3061 871 3090 922; x_wconf 86' lang='grc' dir='ltr'>ὀ</span> <span class='ocrx_word' id='word_1_125' title='bbox 3126 868 3401 941; x_wconf 76' lang='grc' dir='ltr'>ξενοδὰχος</span> <span class='ocrx_word' id='word_1_126' title='bbox 3441 876 3840 945; x_wconf 75' lang='grc' dir='ltr'>συντετυχηκὼς</span> 
     </span>
    </p>
   </div>
   <div class='ocr_carea' id='block_1_23' title="bbox 2277 959 3838 1035">
    <p class='ocr_par' dir='ltr' id='par_1_23' title="bbox 2277 959 3838 1035">
     <span class='ocr_line' id='line_1_23' title="bbox 2277 959 3838 1035; baseline -0.005 -19"><span class='ocrx_word' id='word_1_127' title='bbox 2277 962 2546 1032; x_wconf 79' lang='grc' dir='ltr'>Ἀντωνίῳ</span> <span class='ocrx_word' id='word_1_128' title='bbox 2578 959 2657 1031; x_wconf 83' lang='grc' dir='ltr'>τῷ</span> <span class='ocrx_word' id='word_1_129' title='bbox 2685 960 2826 1033; x_wconf 82' lang='grc' dir='ltr'>ἁγίῳ</span> <span class='ocrx_word' id='word_1_130' title='bbox 2856 962 2951 1015; x_wconf 76' lang='grc' dir='ltr'>καὶ</span> <span class='ocrx_word' id='word_1_131' title='bbox 2984 962 3287 1031; x_wconf 84' lang='grc' dir='ltr'>μακαρίῳ⁴,</span> <span class='ocrx_word' id='word_1_132' title='bbox 3318 964 3538 1035; x_wconf 81' lang='grc' dir='ltr'>γραφῆς</span> <span class='ocrx_word' id='word_1_133' title='bbox 3575 964 3719 1029; x_wconf 71' lang='grc' dir='ltr'>ἄξιον</span> <span class='ocrx_word' id='word_1_134' title='bbox 3760 968 3838 1021; x_wconf 77' lang='grc' dir='ltr'>δι-</span> 
     </span>
    </p>
   </div>
   <div class='ocr_carea' id='block_1_24' title="bbox 2264 1036 3855 1127">
    <p class='ocr_par' dir='ltr' id='par_1_24' title="bbox 2264 1036 3855 1127">
     <span class='ocr_line' id='line_1_24' title="bbox 2264 1036 3855 1127; baseline -0.033 0"><span class='ocrx_word' id='word_1_135' title='bbox 2264 1056 2513 1127; x_wconf 73' lang='grc' dir='ltr'>ηγήσατο</span> <span class='ocrx_word' id='word_1_136' title='bbox 2547 1055 2780 1125; x_wconf 79' lang='grc' dir='ltr'>πρᾶγμα</span> <span class='ocrx_word' id='word_1_137' title='bbox 2810 1053 3065 1124; x_wconf 78' lang='grc' dir='ltr'>ἀκηκοὼς</span> <span class='ocrx_word' id='word_1_138' title='bbox 3095 1058 3225 1126; x_wconf 77' lang='grc' dir='ltr'>παρ’</span> <span class='ocrx_word' id='word_1_139' title='bbox 3255 1054 3454 1109; x_wconf 60' lang='grc' dir='ltr'>αὐτοῦ.</span> <span class='ocrx_word' id='word_1_140' title='bbox 3845 1036 3855 1047; x_wconf 86' lang='lat'><em>‘</em></span> 
     </span>
    </p>
   </div>
   <div class='ocr_carea' id='block_1_25' title="bbox 2338 1148 3848 1220">
    <p class='ocr_par' dir='ltr' id='par_1_25' title="bbox 2338 1148 3848 1220">
     <span class='ocr_line' id='line_1_25' title="bbox 2338 1148 3848 1220; baseline 0.002 -17"><span class='ocrx_word' id='word_1_141' title='bbox 2338 1148 2824 1218; x_wconf 83' lang='grc' dir='ltr'>ὈτιΠοταμιαίνα</span> <span class='ocrx_word' id='word_1_142' title='bbox 2881 1164 2965 1212; x_wconf 84' lang='grc' dir='ltr'>τις</span> <span class='ocrx_word' id='word_1_143' title='bbox 2998 1148 3309 1218; x_wconf 81' lang='grc' dir='ltr'>ὡραιοτάτη</span> <span class='ocrx_word' id='word_1_144' title='bbox 3355 1150 3494 1220; x_wconf 89' lang='grc' dir='ltr'>κόρη</span> <span class='ocrx_word' id='word_1_145' title='bbox 3552 1151 3665 1218; x_wconf 72' lang='grc' dir='ltr'><strong>(Ιί)</strong></span> <span class='ocrx_word' id='word_1_146' title='bbox 3709 1152 3848 1206; x_wconf 69' lang='grc' dir='ltr'>κατὰ</span> 
     </span>
    </p>
   </div>
   <div class='ocr_carea' id='block_1_26' title="bbox 2265 1239 3848 1312">
    <p class='ocr_par' dir='ltr' id='par_1_26' title="bbox 2265 1239 3848 1312">
     <span class='ocr_line' id='line_1_26' title="bbox 2265 1239 3848 1312; baseline 0 -16"><span class='ocrx_word' id='word_1_147' title='bbox 2265 1242 2357 1296; x_wconf 69' lang='grc' dir='ltr'>τὸν</span> <span class='ocrx_word' id='word_1_148' title='bbox 2390 1240 2581 1310; x_wconf 80' lang='grc' dir='ltr'>καιρὸν</span> <span class='ocrx_word' id='word_1_149' title='bbox 2611 1239 2921 1310; x_wconf 77' lang='grc' dir='ltr'>Μαξιμίνου</span> <span class='ocrx_word' id='word_1_150' title='bbox 2950 1240 3045 1294; x_wconf 89' lang='grc' dir='ltr'>τοῦ</span> <span class='ocrx_word' id='word_1_151' title='bbox 3086 1240 3316 1295; x_wconf 83' lang='grc' dir='ltr'>διώκτου</span> <span class='ocrx_word' id='word_1_152' title='bbox 3340 1281 3356 1305; x_wconf 90' lang='grc'>,</span> <span class='ocrx_word' id='word_1_153' title='bbox 3408 1243 3674 1312; x_wconf 77' lang='grc' dir='ltr'>παιδίσκη</span> <span class='ocrx_word' id='word_1_154' title='bbox 3710 1245 3848 1307; x_wconf 77' lang='grc' dir='ltr'>τινὸς</span> 
     </span>
    </p>
   </div>
   <div class='ocr_carea' id='block_1_27' title="bbox 2268 1331 3849 1403">
    <p class='ocr_par' dir='ltr' id='par_1_27' title="bbox 2268 1331 3849 1403">
     <span class='ocr_line' id='line_1_27' title="bbox 2268 1331 3849 1403; baseline -0.001 -17"><span class='ocrx_word' id='word_1_155' title='bbox 2268 1332 2573 1386; x_wconf 79' lang='grc' dir='ltr'>ἀκολάστου</span> <span class='ocrx_word' id='word_1_156' title='bbox 2616 1331 2881 1402; x_wconf 80' lang='grc' dir='ltr'>ὑπῆρχεν.</span> <span class='ocrx_word' id='word_1_157' title='bbox 2926 1333 3030 1385; x_wconf 86' lang='grc' dir='ltr'>Ἣν</span> <span class='ocrx_word' id='word_1_158' title='bbox 3060 1332 3233 1386; x_wconf 83' lang='grc' dir='ltr'>πολλὰ</span> <span class='ocrx_word' id='word_1_159' title='bbox 3258 1332 3621 1403; x_wconf 82' lang='grc' dir='ltr'>λιπαρήσαςό</span> <span class='ocrx_word' id='word_1_160' title='bbox 3655 1334 3849 1403; x_wconf 84' lang='grc' dir='ltr'>ταύτης</span> 
     </span>
    </p>
   </div>
   <div class='ocr_carea' id='block_1_28' title="bbox 2268 1423 3851 1497">
    <p class='ocr_par' dir='ltr' id='par_1_28' title="bbox 2268 1423 3851 1497">
     <span class='ocr_line' id='line_1_28' title="bbox 2268 1423 3851 1497; baseline 0.001 -19"><span class='ocrx_word' id='word_1_161' title='bbox 2268 1423 2535 1494; x_wconf 81' lang='grc' dir='ltr'>δεσπότης</span> <span class='ocrx_word' id='word_1_162' title='bbox 2562 1423 2890 1495; x_wconf 82' lang='grc' dir='ltr'>ὑποσχέσεσι</span> <span class='ocrx_word' id='word_1_163' title='bbox 2940 1425 3245 1496; x_wconf 79' lang='grc' dir='ltr'>διαφόροις,</span> <span class='ocrx_word' id='word_1_164' title='bbox 3306 1426 3589 1497; x_wconf 77' lang='grc' dir='ltr'>ἀπατῆσαι</span> <span class='ocrx_word' id='word_1_165' title='bbox 3650 1426 3851 1497; x_wconf 79' lang='grc' dir='ltr'>ταύτην</span> 
     </span>
    </p>
   </div>
   <div class='ocr_carea' id='block_1_29' title="bbox 2269 1514 3851 1591">
    <p class='ocr_par' dir='ltr' id='par_1_29' title="bbox 2269 1514 3851 1591">
     <span class='ocr_line' id='line_1_29' title="bbox 2269 1514 3851 1591; baseline 0 -21"><span class='ocrx_word' id='word_1_166' title='bbox 2269 1516 2639 1587; x_wconf 54' lang='grc' dir='ltr'>οὑκκῐσχυσεν.</span> <span class='ocrx_word' id='word_1_167' title='bbox 2685 1518 2775 1572; x_wconf 88' lang='grc' dir='ltr'>Ἐν</span> <span class='ocrx_word' id='word_1_168' title='bbox 2799 1514 2880 1582; x_wconf 76' lang='grc' dir='ltr'>οἷς</span> <span class='ocrx_word' id='word_1_169' title='bbox 2908 1519 2970 1571; x_wconf 78' lang='grc' dir='ltr'>τὸ</span> <span class='ocrx_word' id='word_1_170' title='bbox 3002 1518 3312 1573; x_wconf 87' lang='grc' dir='ltr'>τελευταῖον</span> <span class='ocrx_word' id='word_1_171' title='bbox 3360 1520 3571 1589; x_wconf 76' lang='grc' dir='ltr'>μανεὶς,</span> <span class='ocrx_word' id='word_1_172' title='bbox 3622 1520 3851 1591; x_wconf 79' lang='grc' dir='ltr'>παραδί-</span> 
     </span>
    </p>
   </div>
   <div class='ocr_carea' id='block_1_30' title="bbox 2268 1609 3851 1684">
    <p class='ocr_par' dir='ltr' id='par_1_30' title="bbox 2268 1609 3851 1684">
     <span class='ocr_line' id='line_1_30' title="bbox 2268 1609 3851 1684; baseline 0.003 -22"><span class='ocrx_word' id='word_1_173' title='bbox 2268 1609 2400 1663; x_wconf 90' lang='grc' dir='ltr'>δωσι</span> <span class='ocrx_word' id='word_1_174' title='bbox 2451 1610 2656 1680; x_wconf 86' lang='grc' dir='ltr'>ταύτην</span> <span class='ocrx_word' id='word_1_175' title='bbox 2700 1611 2781 1681; x_wconf 82' lang='grc' dir='ltr'>τῷ</span> <span class='ocrx_word' id='word_1_176' title='bbox 2809 1610 2932 1665; x_wconf 80' lang='grc' dir='ltr'>κατ’</span> <span class='ocrx_word' id='word_1_177' title='bbox 2983 1612 3158 1664; x_wconf 86' lang='grc' dir='ltr'>ἐκεῖνο</span> <span class='ocrx_word' id='word_1_178' title='bbox 3217 1612 3413 1684; x_wconf 82' lang='grc' dir='ltr'>καιροῦ</span> <span class='ocrx_word' id='word_1_179' title='bbox 3474 1612 3707 1683; x_wconf 77' lang='grc' dir='ltr'>ἐπάρχῳ</span> <span class='ocrx_word' id='word_1_180' title='bbox 3757 1613 3851 1683; x_wconf 72' lang='grc' dir='ltr'>τῆς</span> 
     </span>
    </p>
   </div>
   <div class='ocr_carea' id='block_1_31' title="bbox 2286 1701 3851 1775">
    <p class='ocr_par' dir='ltr' id='par_1_31' title="bbox 2286 1701 3851 1775">
     <span class='ocr_line' id='line_1_31' title="bbox 2286 1701 3851 1775; baseline 0.002 -20"><span class='ocrx_word' id='word_1_181' title='bbox 2286 1701 2722 1772; x_wconf 80' lang='grc' dir='ltr'>Ἀλεξανδρείας,</span> <span class='ocrx_word' id='word_1_182' title='bbox 2757 1702 2972 1757; x_wconf 78' lang='grc' dir='ltr'>ἔκδοτον</span> <span class='ocrx_word' id='word_1_183' title='bbox 3004 1703 3174 1774; x_wconf 76' lang='grc' dir='ltr'>αὑτὴν</span> <span class='ocrx_word' id='word_1_184' title='bbox 3206 1704 3455 1769; x_wconf 84' lang='grc' dir='ltr'>δεδωκὼς</span> <span class='ocrx_word' id='word_1_185' title='bbox 3486 1705 3565 1769; x_wconf 84' lang='grc' dir='ltr'>ὡς</span> <span class='ocrx_word' id='word_1_186' title='bbox 3598 1706 3851 1775; x_wconf 81' lang='grc' dir='ltr'>Χριστια-</span> 
     </span>
    </p>
   </div>
   <div class='ocr_carea' id='block_1_32' title="bbox 580 1790 3852 1866">
    <p class='ocr_par' dir='ltr' id='par_1_32' title="bbox 580 1790 3852 1866">
     <span class='ocr_line' id='line_1_32' title="bbox 580 1790 3852 1866; baseline 0.001 -21"><span class='ocrx_word' id='word_1_187' title='bbox 580 1809 680 1859; x_wconf 90' lang='grc' dir='ltr'>σης</span> <span class='ocrx_word' id='word_1_188' title='bbox 720 1792 820 1863; x_wconf 82' lang='grc' dir='ltr'>μὲν</span> <span class='ocrx_word' id='word_1_189' title='bbox 860 1793 969 1863; x_wconf 89' lang='grc' dir='ltr'>γάρ</span> <span class='ocrx_word' id='word_1_190' title='bbox 998 1793 1096 1863; x_wconf 82' lang='grc' dir='ltr'>τῆς</span> <span class='ocrx_word' id='word_1_191' title='bbox 1126 1792 1379 1863; x_wconf 81' lang='grc' dir='ltr'>ἡμέρας,</span> <span class='ocrx_word' id='word_1_192' title='bbox 1410 1793 1506 1845; x_wconf 72' lang='grc' dir='ltr'>καὶ</span> <span class='ocrx_word' id='word_1_193' title='bbox 1545 1794 1602 1845; x_wconf 84' lang='grc' dir='ltr'>ἐν</span> <span class='ocrx_word' id='word_1_194' title='bbox 1636 1792 1786 1862; x_wconf 88' lang='grc' dir='ltr'>αὑτῷ</span> <span class='ocrx_word' id='word_1_195' title='bbox 1816 1792 1893 1861; x_wconf 80' lang='grc' dir='ltr'>τῷ</span> <span class='ocrx_word' id='word_1_196' title='bbox 1925 1790 2166 1861; x_wconf 76' lang='grc' dir='ltr'>καύματι</span> <span class='ocrx_word' id='word_1_197' title='bbox 2198 1790 2241 1848; x_wconf 84' lang='grc' dir='ltr'><strong>Β</strong></span> <span class='ocrx_word' id='word_1_198' title='bbox 2270 1795 2387 1865; x_wconf 83' lang='grc' dir='ltr'>νὴν,</span> <span class='ocrx_word' id='word_1_199' title='bbox 2421 1796 2514 1848; x_wconf 69' lang='grc' dir='ltr'>καὶ</span> <span class='ocrx_word' id='word_1_200' title='bbox 2541 1795 2969 1866; x_wconf 83' lang='grc' dir='ltr'>βλασφημοῦσαν</span> <span class='ocrx_word' id='word_1_201' title='bbox 3004 1796 3098 1847; x_wconf 75' lang='grc' dir='ltr'>καὶ</span> <span class='ocrx_word' id='word_1_202' title='bbox 3142 1797 3269 1858; x_wconf 78' lang='grc' dir='ltr'>τοὺς</span> <span class='ocrx_word' id='word_1_203' title='bbox 3320 1797 3550 1866; x_wconf 72' lang='grc' dir='ltr'>καιροὺς</span> <span class='ocrx_word' id='word_1_204' title='bbox 3590 1796 3691 1848; x_wconf 77' lang='grc' dir='ltr'>καὶ</span> <span class='ocrx_word' id='word_1_205' title='bbox 3732 1797 3852 1858; x_wconf 63' lang='grc' dir='ltr'>τοῦς</span> 
     </span>
    </p>
   </div>
   <div class='ocr_carea' id='block_1_33' title="bbox 574 1884 2163 1956">
    <p class='ocr_par' dir='ltr' id='par_1_33' title="bbox 574 1884 2163 1956">
     <span class='ocr_line' id='line_1_33' title="bbox 574 1884 2163 1956; baseline -0.001 -18"><span class='ocrx_word' id='word_1_206' title='bbox 574 1884 674 1955; x_wconf 81' lang='grc' dir='ltr'>τῆς</span> <span class='ocrx_word' id='word_1_207' title='bbox 715 1884 1094 1955; x_wconf 70' lang='grc' dir='ltr'>μεσημβρίας,</span> <span class='ocrx_word' id='word_1_208' title='bbox 1128 1885 1187 1938; x_wconf 89' lang='grc' dir='ltr'>ἐν</span> <span class='ocrx_word' id='word_1_209' title='bbox 1231 1887 1297 1955; x_wconf 82' lang='grc' dir='ltr'>τῇ</span> <span class='ocrx_word' id='word_1_210' title='bbox 1341 1885 1536 1956; x_wconf 78' lang='grc' dir='ltr'>ἐρήμῳ</span> <span class='ocrx_word' id='word_1_211' title='bbox 1576 1887 1640 1956; x_wconf 83' lang='grc' dir='ltr'>τῇ</span> <span class='ocrx_word' id='word_1_212' title='bbox 1696 1884 1840 1938; x_wconf 89' lang='grc' dir='ltr'>κατά</span> <span class='ocrx_word' id='word_1_213' title='bbox 1886 1885 2163 1937; x_wconf 81' lang='grc' dir='ltr'>θάλασσαν</span> 
     </span>
    </p>
   </div>
   <div class='ocr_carea' id='block_1_34' title="bbox 578 1975 2164 2046">
    <p class='ocr_par' dir='ltr' id='par_1_34' title="bbox 578 1975 2164 2046">
     <span class='ocr_line' id='line_1_34' title="bbox 578 1975 2164 2046; baseline -0.002 -17"><span class='ocrx_word' id='word_1_214' title='bbox 578 1975 813 2046; x_wconf 80' lang='grc' dir='ltr'>συνῆγεν</span> <span class='ocrx_word' id='word_1_215' title='bbox 834 1976 1037 2039; x_wconf 82' lang='grc' dir='ltr'>λίθους’</span> <span class='ocrx_word' id='word_1_216' title='bbox 1065 1977 1161 2030; x_wconf 74' lang='grc' dir='ltr'>καὶ</span> <span class='ocrx_word' id='word_1_217' title='bbox 1191 1977 1418 2039; x_wconf 77' lang='grc' dir='ltr'>τούτους</span> <span class='ocrx_word' id='word_1_218' title='bbox 1445 1977 1529 2029; x_wconf 75' lang='grc' dir='ltr'>ἀεὶ</span> <span class='ocrx_word' id='word_1_219' title='bbox 1560 1976 1878 2046; x_wconf 81' lang='grc' dir='ltr'>οἰκοδομῶν,</span> <span class='ocrx_word' id='word_1_220' title='bbox 1912 1977 2007 2029; x_wconf 70' lang='grc' dir='ltr'>καὶ</span> <span class='ocrx_word' id='word_1_221' title='bbox 2038 1976 2164 2028; x_wconf 62' lang='grc' dir='ltr'>κέλο</span> 
     </span>
    </p>
   </div>
   <div class='ocr_carea' id='block_1_35' title="bbox 576 2067 2162 2140">
    <p class='ocr_par' dir='ltr' id='par_1_35' title="bbox 576 2067 2162 2140">
     <span class='ocr_line' id='line_1_35' title="bbox 576 2067 2162 2140; baseline 0.001 -21"><span class='ocrx_word' id='word_1_222' title='bbox 576 2069 676 2131; x_wconf 87' lang='grc' dir='ltr'>λας</span> <span class='ocrx_word' id='word_1_223' title='bbox 707 2067 897 2131; x_wconf 88' lang='grc' dir='ltr'>ποιῶν,</span> <span class='ocrx_word' id='word_1_224' title='bbox 934 2068 1249 2140; x_wconf 81' lang='grc' dir='ltr'>παρεχώρει</span> <span class='ocrx_word' id='word_1_225' title='bbox 1284 2071 1396 2132; x_wconf 89' lang='grc' dir='ltr'>τοῖς</span> <span class='ocrx_word' id='word_1_226' title='bbox 1426 2069 1500 2139; x_wconf 81' lang='grc' dir='ltr'>μὴ</span> <span class='ocrx_word' id='word_1_227' title='bbox 1531 2068 1850 2138; x_wconf 72' lang='grc' dir='ltr'>δυναμένοις</span> <span class='ocrx_word' id='word_1_228' title='bbox 1876 2068 2162 2139; x_wconf 79' lang='grc' dir='ltr'>οἰκοδομῆ-</span> 
     </span>
    </p>
   </div>
   <div class='ocr_carea' id='block_1_36' title="bbox 578 2160 2166 2231">
    <p class='ocr_par' dir='ltr' id='par_1_36' title="bbox 578 2160 2166 2231">
     <span class='ocr_line' id='line_1_36' title="bbox 578 2160 2166 2231; baseline -0.001 -17"><span class='ocrx_word' id='word_1_229' title='bbox 578 2178 703 2227; x_wconf 88' lang='grc' dir='ltr'>σαι,</span> <span class='ocrx_word' id='word_1_230' title='bbox 734 2162 858 2215; x_wconf 86' lang='grc' dir='ltr'>κατ’</span> <span class='ocrx_word' id='word_1_231' title='bbox 888 2161 1008 2225; x_wconf 77' lang='grc' dir='ltr'>ἔτος</span> <span class='ocrx_word' id='word_1_232' title='bbox 1042 2160 1237 2214; x_wconf 84' lang='grc' dir='ltr'>κέλ).αν</span> <span class='ocrx_word' id='word_1_233' title='bbox 1279 2160 1567 2215; x_wconf 88' lang='grc' dir='ltr'>τελίσκων.</span> <span class='ocrx_word' id='word_1_234' title='bbox 1617 2160 1782 2231; x_wconf 86' lang='grc' dir='ltr'>Ἐμοῦ</span> <span class='ocrx_word' id='word_1_235' title='bbox 1822 2161 1877 2214; x_wconf 85' lang='grc' dir='ltr'>δέ</span> <span class='ocrx_word' id='word_1_236' title='bbox 1916 2177 2044 2214; x_wconf 86' lang='grc' dir='ltr'>ποτε</span> <span class='ocrx_word' id='word_1_237' title='bbox 2088 2160 2166 2231; x_wconf 80' lang='grc' dir='ltr'>τῷ</span> 
     </span>
    </p>
   </div>
   <div class='ocr_carea' id='block_1_37' title="bbox 458 2253 2165 2324">
    <p class='ocr_par' dir='ltr' id='par_1_37' title="bbox 458 2253 2165 2324">
     <span class='ocr_line' id='line_1_37' title="bbox 458 2253 2165 2324; baseline 0 -17"><span class='ocrx_word' id='word_1_238' title='bbox 458 2316 463 2321; x_wconf 28' lang='grc' dir='ltr'><strong><em>ι</em></strong></span> <span class='ocrx_word' id='word_1_239' title='bbox 576 2253 719 2323; x_wconf 84' lang='grc' dir='ltr'>ἁγίῳ</span> <span class='ocrx_word' id='word_1_240' title='bbox 750 2253 927 2324; x_wconf 84' lang='grc' dir='ltr'>τούτῳ</span> <span class='ocrx_word' id='word_1_241' title='bbox 975 2253 1297 2323; x_wconf 72' lang='grc' dir='ltr'>εἰρηκότος,</span> <span class='ocrx_word' id='word_1_242' title='bbox 1340 2253 1405 2305; x_wconf 89' lang='grc' dir='ltr'>Τί</span> <span class='ocrx_word' id='word_1_243' title='bbox 1436 2255 1634 2320; x_wconf 81' lang='grc' dir='ltr'>ποιεῖς,</span> <span class='ocrx_word' id='word_1_244' title='bbox 1678 2253 1878 2323; x_wconf 83' lang='grc' dir='ltr'>Πάτερ,</span> <span class='ocrx_word' id='word_1_245' title='bbox 1911 2254 1967 2305; x_wconf 81' lang='grc' dir='ltr'>ἐν</span> <span class='ocrx_word' id='word_1_246' title='bbox 2002 2255 2165 2323; x_wconf 83' lang='grc' dir='ltr'>γήρει</span> 
     </span>
    </p>
   </div>
   <div class='ocr_carea' id='block_1_38' title="bbox 575 2344 2166 2417">
    <p class='ocr_par' dir='ltr' id='par_1_38' title="bbox 575 2344 2166 2417">
     <span class='ocr_line' id='line_1_38' title="bbox 575 2344 2166 2417; baseline 0.001 -20"><span class='ocrx_word' id='word_1_247' title='bbox 575 2344 803 2417; x_wconf 84' lang='grc' dir='ltr'>τοιούτῳ</span> <span class='ocrx_word' id='word_1_248' title='bbox 838 2345 1179 2399; x_wconf 86' lang='grc' dir='ltr'>ἀποκτείνων</span> <span class='ocrx_word' id='word_1_249' title='bbox 1207 2363 1299 2397; x_wconf 89' lang='grc' dir='ltr'>σου</span> <span class='ocrx_word' id='word_1_250' title='bbox 1330 2344 1392 2397; x_wconf 79' lang='grc' dir='ltr'>τὸ</span> <span class='ocrx_word' id='word_1_251' title='bbox 1425 2346 1702 2416; x_wconf 82' lang='grc' dir='ltr'>σωμάτιον</span> <span class='ocrx_word' id='word_1_252' title='bbox 1731 2346 1787 2397; x_wconf 82' lang='grc' dir='ltr'>ἐν</span> <span class='ocrx_word' id='word_1_253' title='bbox 1818 2344 1893 2416; x_wconf 77' lang='grc' dir='ltr'>τῷ</span> <span class='ocrx_word' id='word_1_254' title='bbox 1923 2344 2166 2414; x_wconf 77' lang='grc' dir='ltr'>καύματι</span> 
     </span>
    </p>
   </div>
   <div class='ocr_carea' id='block_1_39' title="bbox 576 2438 2167 2510">
    <p class='ocr_par' dir='ltr' id='par_1_39' title="bbox 576 2438 2167 2510">
     <span class='ocr_line' id='line_1_39' title="bbox 576 2438 2167 2510; baseline -0.001 -17"><span class='ocrx_word' id='word_1_255' title='bbox 576 2441 694 2503; x_wconf 85' lang='grc' dir='ltr'>τοῖς</span> <span class='ocrx_word' id='word_1_256' title='bbox 754 2439 1046 2510; x_wconf 85' lang='grc' dir='ltr'>χαλεποῖς;</span> <span class='ocrx_word' id='word_1_257' title='bbox 1105 2438 1444 2509; x_wconf 83' lang='grc' dir='ltr'>ἀπεκρίνατό</span> <span class='ocrx_word' id='word_1_258' title='bbox 1511 2457 1643 2508; x_wconf 90' lang='grc' dir='ltr'>μοι,</span> <span class='ocrx_word' id='word_1_259' title='bbox 1700 2440 1915 2506; x_wconf 77' lang='grc' dir='ltr'>λέγων·</span> <span class='ocrx_word' id='word_1_260' title='bbox 1961 2439 2167 2491; x_wconf 79' lang='grc' dir='ltr'>Ἐκεῖνο</span> 
     </span>
    </p>
   </div>
   <div class='ocr_carea' id='block_1_40' title="bbox 577 2529 2167 2601">
    <p class='ocr_par' dir='ltr' id='par_1_40' title="bbox 577 2529 2167 2601">
     <span class='ocr_line' id='line_1_40' title="bbox 577 2529 2167 2601; baseline -0.001 -17"><span class='ocrx_word' id='word_1_261' title='bbox 577 2532 894 2585; x_wconf 71' lang='grc' dir='ltr'>ἀποκτείνει</span> <span class='ocrx_word' id='word_1_262' title='bbox 938 2548 1028 2601; x_wconf 90' lang='grc' dir='ltr'>με,</span> <span class='ocrx_word' id='word_1_263' title='bbox 1072 2531 1359 2584; x_wconf 82' lang='grc' dir='ltr'>ἀποκτενῶ</span> <span class='ocrx_word' id='word_1_264' title='bbox 1392 2532 1528 2584; x_wconf 83' lang='grc' dir='ltr'>αὐτὸ</span> <span class='ocrx_word' id='word_1_265' title='bbox 1567 2529 1741 2599; x_wconf 83' lang='grc' dir='ltr'>κάγώ.</span> <span class='ocrx_word' id='word_1_266' title='bbox 1793 2530 2018 2583; x_wconf 77' lang='grc' dir='ltr'>Ἶισθιεν</span> <span class='ocrx_word' id='word_1_267' title='bbox 2066 2530 2167 2600; x_wconf 78' lang='grc' dir='ltr'>μὲν</span> 
     </span>
    </p>
   </div>
   <div class='ocr_carea' id='block_1_41' title="bbox 575 2622 2167 2697">
    <p class='ocr_par' dir='ltr' id='par_1_41' title="bbox 575 2622 2167 2697">
     <span class='ocr_line' id='line_1_41' title="bbox 575 2622 2167 2697; baseline -0.003 -19"><span class='ocrx_word' id='word_1_268' title='bbox 575 2626 685 2697; x_wconf 74' lang='grc' dir='ltr'>γάρ</span> <span class='ocrx_word' id='word_1_269' title='bbox 732 2624 961 2694; x_wconf 87' lang='grc' dir='ltr'>ούγκίας</span> <span class='ocrx_word' id='word_1_270' title='bbox 1014 2624 1074 2688; x_wconf 79' lang='grc' dir='ltr'>ἓξ</span> <span class='ocrx_word' id='word_1_271' title='bbox 1118 2626 1284 2695; x_wconf 82' lang='grc' dir='ltr'>ἄρτου</span> <span class='ocrx_word' id='word_1_272' title='bbox 1320 2623 1442 2677; x_wconf 84' lang='grc' dir='ltr'>καθ’</span> <span class='ocrx_word' id='word_1_273' title='bbox 1491 2623 1729 2693; x_wconf 86' lang='grc' dir='ltr'>ἐκάστην</span> <span class='ocrx_word' id='word_1_274' title='bbox 1776 2622 2025 2692; x_wconf 79' lang='grc' dir='ltr'>ἡμέραν,</span> <span class='ocrx_word' id='word_1_275' title='bbox 2075 2622 2167 2674; x_wconf 82' lang='grc' dir='ltr'>καὶ</span> 
     </span>
    </p>
   </div>
   <div class='ocr_carea' id='block_1_42' title="bbox 575 2715 2169 2789">
    <p class='ocr_par' dir='ltr' id='par_1_42' title="bbox 575 2715 2169 2789">
     <span class='ocr_line' id='line_1_42' title="bbox 575 2715 2169 2789; baseline -0.003 -17"><span class='ocrx_word' id='word_1_276' title='bbox 575 2718 989 2789; x_wconf 86' lang='grc' dir='ltr'>λεπτολαχάνων</span> <span class='ocrx_word' id='word_1_277' title='bbox 1029 2718 1197 2789; x_wconf 74' lang='grc' dir='ltr'>δέμαο</span> <span class='ocrx_word' id='word_1_278' title='bbox 1228 2717 1413 2770; x_wconf 81' lang='grc' dir='ltr'>ἔπινεν</span> <span class='ocrx_word' id='word_1_279' title='bbox 1453 2717 1510 2770; x_wconf 87' lang='grc' dir='ltr'>δέ</span> <span class='ocrx_word' id='word_1_280' title='bbox 1543 2716 1734 2779; x_wconf 82' lang='grc' dir='ltr'>ὓδατος</span> <span class='ocrx_word' id='word_1_281' title='bbox 1768 2716 1828 2769; x_wconf 83' lang='grc' dir='ltr'>τὸ</span> <span class='ocrx_word' id='word_1_282' title='bbox 1854 2717 1998 2770; x_wconf 84' lang='grc' dir='ltr'>ὅσον.</span> <span class='ocrx_word' id='word_1_283' title='bbox 2046 2715 2169 2768; x_wconf 72' lang='grc' dir='ltr'>Ἐπὶ</span> 
     </span>
    </p>
   </div>
   <div class='ocr_carea' id='block_1_43' title="bbox 576 2803 2166 2881">
    <p class='ocr_par' dir='ltr' id='par_1_43' title="bbox 576 2803 2166 2881">
     <span class='ocr_line' id='line_1_43' title="bbox 576 2803 2166 2881; baseline -0.003 -20"><span class='ocrx_word' id='word_1_284' title='bbox 576 2808 712 2861; x_wconf 85' lang='grc' dir='ltr'>Θεοῦ</span> <span class='ocrx_word' id='word_1_285' title='bbox 743 2809 1020 2881; x_wconf 81' lang='grc' dir='ltr'>μάρτυρος</span> <span class='ocrx_word' id='word_1_286' title='bbox 1039 2847 1053 2872; x_wconf 91' lang='grc'>,</span> <span class='ocrx_word' id='word_1_287' title='bbox 1081 2808 1182 2860; x_wconf 81' lang='grc' dir='ltr'>οὐκ</span> <span class='ocrx_word' id='word_1_288' title='bbox 1209 2806 1381 2875; x_wconf 70' lang='grc' dir='ltr'>ἔγνων</span> <span class='ocrx_word' id='word_1_289' title='bbox 1404 2806 1589 2860; x_wconf 89' lang='grc' dir='ltr'>τοῦτον</span> <span class='ocrx_word' id='word_1_290' title='bbox 1614 2804 1949 2859; x_wconf 85' lang='grc' dir='ltr'>ἀπλώσαντα</span> <span class='ocrx_word' id='word_1_291' title='bbox 1975 2803 2166 2867; x_wconf 83' lang='grc' dir='ltr'>πόδας,</span> 
     </span>
    </p>
   </div>
   <div class='ocr_carea' id='block_1_44' title="bbox 577 2896 2171 2969">
    <p class='ocr_par' dir='ltr' id='par_1_44' title="bbox 577 2896 2171 2969">
     <span class='ocr_line' id='line_1_44' title="bbox 577 2896 2171 2969; baseline -0.003 -14"><span class='ocrx_word' id='word_1_292' title='bbox 577 2902 639 2955; x_wconf 87' lang='grc' dir='ltr'>ού</span> <span class='ocrx_word' id='word_1_293' title='bbox 685 2900 1105 2969; x_wconf 81' lang='grc' dir='ltr'>καθευδήσαντα</span> <span class='ocrx_word' id='word_1_294' title='bbox 1154 2899 1471 2969; x_wconf 80' lang='grc' dir='ltr'>ἐξεπίτηδες</span> <span class='ocrx_word' id='word_1_295' title='bbox 1516 2898 1549 2968; x_wconf 85' lang='grc' dir='ltr'>ἢ</span> <span class='ocrx_word' id='word_1_296' title='bbox 1598 2898 1693 2951; x_wconf 76' lang='grc' dir='ltr'>ἐπὶ</span> <span class='ocrx_word' id='word_1_297' title='bbox 1738 2896 1957 2967; x_wconf 74' lang='grc' dir='ltr'>ψιαθίου</span> <span class='ocrx_word' id='word_1_298' title='bbox 2001 2896 2034 2966; x_wconf 87' lang='grc' dir='ltr'>ἢ</span> <span class='ocrx_word' id='word_1_299' title='bbox 2076 2898 2171 2950; x_wconf 77' lang='grc' dir='ltr'>ἐπὶ</span> 
     </span>
    </p>
   </div>
   <div class='ocr_carea' id='block_1_45' title="bbox 578 2983 2170 3059">
    <p class='ocr_par' dir='ltr' id='par_1_45' title="bbox 578 2983 2170 3059">
     <span class='ocr_line' id='line_1_45' title="bbox 578 2983 2170 3059; baseline -0.004 -15"><span class='ocrx_word' id='word_1_300' title='bbox 578 2990 804 3059; x_wconf 82' lang='grc' dir='ltr'>κλίνης·</span> <span class='ocrx_word' id='word_1_301' title='bbox 836 2989 972 3043; x_wconf 83' lang='grc' dir='ltr'>ἀλλά</span> <span class='ocrx_word' id='word_1_302' title='bbox 1011 2989 1099 3043; x_wconf 66' lang='grc' dir='ltr'>διὰ</span> <span class='ocrx_word' id='word_1_303' title='bbox 1143 2990 1321 3057; x_wconf 79' lang='grc' dir='ltr'>πάσης</span> <span class='ocrx_word' id='word_1_304' title='bbox 1364 2986 1556 3050; x_wconf 69' lang='grc' dir='ltr'>νυκτὸς</span> <span class='ocrx_word' id='word_1_305' title='bbox 1603 2986 1910 3057; x_wconf 84' lang='grc' dir='ltr'>καθήμενος</span> <span class='ocrx_word' id='word_1_306' title='bbox 1942 2983 2170 3038; x_wconf 82' lang='grc' dir='ltr'>ἐπλεκεν</span> 
     </span>
    </p>
   </div>
   <div class='ocr_carea' id='block_1_46' title="bbox 582 3078 2165 3155">
    <p class='ocr_par' dir='ltr' id='par_1_46' title="bbox 582 3078 2165 3155">
     <span class='ocr_line' id='line_1_46' title="bbox 582 3078 2165 3155; baseline -0.004 -18"><span class='ocrx_word' id='word_1_307' title='bbox 582 3083 772 3155; x_wconf 82' lang='grc' dir='ltr'>σειρὰν</span> <span class='ocrx_word' id='word_1_308' title='bbox 808 3083 907 3153; x_wconf 77' lang='grc' dir='ltr'>τὴν</span> <span class='ocrx_word' id='word_1_309' title='bbox 950 3084 1015 3136; x_wconf 90' lang='grc' dir='ltr'>ἐκ</span> <span class='ocrx_word' id='word_1_310' title='bbox 1056 3082 1265 3136; x_wconf 80' lang='grc' dir='ltr'>θαλλῶν</span> <span class='ocrx_word' id='word_1_311' title='bbox 1311 3080 1571 3150; x_wconf 87' lang='grc' dir='ltr'>φοινίκων</span> <span class='ocrx_word' id='word_1_312' title='bbox 1611 3080 1691 3142; x_wconf 82' lang='grc' dir='ltr'>είς</span> <span class='ocrx_word' id='word_1_313' title='bbox 1741 3078 1897 3146; x_wconf 89' lang='grc' dir='ltr'>λόγον</span> <span class='ocrx_word' id='word_1_314' title='bbox 1940 3078 2165 3149; x_wconf 79' lang='grc' dir='ltr'>τροφῆς.</span> 
     </span>
    </p>
   </div>
   <div class='ocr_carea' id='block_1_47' title="bbox 591 3172 2166 3247">
    <p class='ocr_par' dir='ltr' id='par_1_47' title="bbox 591 3172 2166 3247">
     <span class='ocr_line' id='line_1_47' title="bbox 591 3172 2166 3247; baseline -0.003 -17"><span class='ocrx_word' id='word_1_315' title='bbox 591 3175 933 3247; x_wconf 79' lang='grc' dir='ltr'>’Υπονοήσας</span> <span class='ocrx_word' id='word_1_316' title='bbox 956 3176 1012 3228; x_wconf 89' lang='grc' dir='ltr'>δέ</span> <span class='ocrx_word' id='word_1_317' title='bbox 1040 3175 1120 3228; x_wconf 86' lang='grc' dir='ltr'>ὄτι</span> <span class='ocrx_word' id='word_1_318' title='bbox 1149 3176 1240 3228; x_wconf 63' lang='grc' dir='ltr'>ἐπὶ</span> <span class='ocrx_word' id='word_1_319' title='bbox 1272 3172 1405 3244; x_wconf 79' lang='grc' dir='ltr'>ἐμοῦ</span> <span class='ocrx_word' id='word_1_320' title='bbox 1444 3174 1609 3242; x_wconf 85' lang='grc' dir='ltr'>μόνου</span> <span class='ocrx_word' id='word_1_321' title='bbox 1638 3172 1877 3243; x_wconf 83' lang='grc' dir='ltr'>τοσαύτῃ</span> <span class='ocrx_word' id='word_1_322' title='bbox 1904 3172 2166 3242; x_wconf 89' lang='grc' dir='ltr'>ἀκρότητι</span> 
     </span>
    </p>
   </div>
   <div class='ocr_carea' id='block_1_48' title="bbox 581 3264 2167 3341">
    <p class='ocr_par' dir='ltr' id='par_1_48' title="bbox 581 3264 2167 3341">
     <span class='ocr_line' id='line_1_48' title="bbox 581 3264 2167 3341; baseline -0.002 -17"><span class='ocrx_word' id='word_1_323' title='bbox 581 3270 869 3341; x_wconf 81' lang='grc' dir='ltr'>ἀσκήσεως</span> <span class='ocrx_word' id='word_1_324' title='bbox 898 3268 1193 3340; x_wconf 85' lang='grc' dir='ltr'>κέχρηται,</span> <span class='ocrx_word' id='word_1_325' title='bbox 1235 3264 1676 3337; x_wconf 86' lang='grc' dir='ltr'>ἐφιλοπεύστησα</span> <span class='ocrx_word' id='word_1_326' title='bbox 1715 3266 1867 3337; x_wconf 85' lang='grc' dir='ltr'>παρά</span> <span class='ocrx_word' id='word_1_327' title='bbox 1908 3265 2167 3321; x_wconf 75' lang='grc' dir='ltr'>πλειὸνων</span> 
     </span>
    </p>
   </div>
   <div class='ocr_carea' id='block_1_49' title="bbox 582 3356 2169 3431">
    <p class='ocr_par' dir='ltr' id='par_1_49' title="bbox 582 3356 2169 3431">
     <span class='ocr_line' id='line_1_49' title="bbox 582 3356 2169 3431; baseline -0.001 -16"><span class='ocrx_word' id='word_1_328' title='bbox 582 3359 753 3415; x_wconf 80' lang='grc' dir='ltr'>αὑτοῦ</span> <span class='ocrx_word' id='word_1_329' title='bbox 790 3359 1052 3431; x_wconf 82' lang='grc' dir='ltr'>μαθητῶν</span> <span class='ocrx_word' id='word_1_330' title='bbox 1081 3357 1347 3429; x_wconf 88' lang='grc' dir='ltr'>ἀκριϐῶς,</span> <span class='ocrx_word' id='word_1_331' title='bbox 1389 3359 1437 3411; x_wconf 83' lang='grc' dir='ltr'>εἰ</span> <span class='ocrx_word' id='word_1_332' title='bbox 1470 3358 1674 3430; x_wconf 89' lang='grc' dir='ltr'>ταύτην</span> <span class='ocrx_word' id='word_1_333' title='bbox 1705 3356 1819 3429; x_wconf 77' lang='grc' dir='ltr'>ἔχοι</span> <span class='ocrx_word' id='word_1_334' title='bbox 1847 3358 1936 3412; x_wconf 77' lang='grc' dir='ltr'>διὰ</span> <span class='ocrx_word' id='word_1_335' title='bbox 1969 3360 2169 3424; x_wconf 76' lang='grc' dir='ltr'>παντὸς</span> 
     </span>
    </p>
   </div>
   <div class='ocr_carea' id='block_1_50' title="bbox 582 3451 2167 3525">
    <p class='ocr_par' dir='ltr' id='par_1_50' title="bbox 582 3451 2167 3525">
     <span class='ocr_line' id='line_1_50' title="bbox 582 3451 2167 3525; baseline -0.001 -17"><span class='ocrx_word' id='word_1_336' title='bbox 582 3454 681 3508; x_wconf 91' lang='grc' dir='ltr'>τοῦ</span> <span class='ocrx_word' id='word_1_337' title='bbox 722 3453 841 3525; x_wconf 90' lang='grc' dir='ltr'>βίου</span> <span class='ocrx_word' id='word_1_338' title='bbox 896 3453 994 3525; x_wconf 77' lang='grc' dir='ltr'>τὴν</span> <span class='ocrx_word' id='word_1_339' title='bbox 1028 3454 1292 3522; x_wconf 82' lang='grc' dir='ltr'>ἄσκησιν·</span> <span class='ocrx_word' id='word_1_340' title='bbox 1340 3452 1538 3514; x_wconf 81' lang='grc' dir='ltr'>οἵτινες</span> <span class='ocrx_word' id='word_1_341' title='bbox 1572 3451 1757 3505; x_wconf 74' lang='grc' dir='ltr'>λοιπὸν</span> <span class='ocrx_word' id='word_1_342' title='bbox 1792 3452 2007 3522; x_wconf 80' lang='grc' dir='ltr'>ἐμεινον</span> <span class='ocrx_word' id='word_1_343' title='bbox 2044 3452 2167 3506; x_wconf 84' lang='grc' dir='ltr'>κατ’</span> 
     </span>
    </p>
   </div>
   <div class='ocr_carea' id='block_1_51' title="bbox 587 3542 2162 3616">
    <p class='ocr_par' dir='ltr' id='par_1_51' title="bbox 587 3542 2162 3616">
     <span class='ocr_line' id='line_1_51' title="bbox 587 3542 2162 3616; baseline -0.004 -14"><span class='ocrx_word' id='word_1_344' title='bbox 587 3547 747 3613; x_wconf 72' lang='grc' dir='ltr'>ἰδίαν,</span> <span class='ocrx_word' id='word_1_345' title='bbox 802 3544 900 3600; x_wconf 76' lang='grc' dir='ltr'>καὶ</span> <span class='ocrx_word' id='word_1_346' title='bbox 938 3544 1093 3597; x_wconf 78' lang='grc' dir='ltr'>αὑτοὶ</span> <span class='ocrx_word' id='word_1_347' title='bbox 1131 3545 1232 3616; x_wconf 80' lang='grc' dir='ltr'>τὴν</span> <span class='ocrx_word' id='word_1_348' title='bbox 1260 3542 1461 3615; x_wconf 82' lang='grc' dir='ltr'>ἀρετὴν</span> <span class='ocrx_word' id='word_1_349' title='bbox 1504 3544 1689 3597; x_wconf 75' lang='grc' dir='ltr'>λοιπὸν</span> <span class='ocrx_word' id='word_1_350' title='bbox 1731 3545 2123 3616; x_wconf 85' lang='grc' dir='ltr'>κατορθοῦντες</span> <span class='ocrx_word' id='word_1_351' title='bbox 2147 3560 2162 3576; x_wconf 87' lang='grc'><strong>·</strong></span> 
     </span>
    </p>
   </div>
   <div class='ocr_carea' id='block_1_52' title="bbox 584 3635 2168 3710">
    <p class='ocr_par' dir='ltr' id='par_1_52' title="bbox 584 3635 2168 3710">
     <span class='ocr_line' id='line_1_52' title="bbox 584 3635 2168 3710; baseline -0.003 -17"><span class='ocrx_word' id='word_1_352' title='bbox 584 3637 740 3694; x_wconf 84' lang='grc' dir='ltr'>αὑτοί</span> <span class='ocrx_word' id='word_1_353' title='bbox 765 3655 854 3710; x_wconf 87' lang='grc' dir='ltr'>μοι</span> <span class='ocrx_word' id='word_1_354' title='bbox 887 3636 1095 3705; x_wconf 74' lang='grc' dir='ltr'>ἔλεγον,</span> <span class='ocrx_word' id='word_1_355' title='bbox 1119 3636 1201 3689; x_wconf 84' lang='grc' dir='ltr'>δτι</span> <span class='ocrx_word' id='word_1_356' title='bbox 1226 3637 1291 3690; x_wconf 85' lang='grc' dir='ltr'>ἐκ</span> <span class='ocrx_word' id='word_1_357' title='bbox 1315 3636 1515 3707; x_wconf 79' lang='grc' dir='ltr'>νεαρᾶς</span> <span class='ocrx_word' id='word_1_358' title='bbox 1540 3636 1758 3708; x_wconf 79' lang='grc' dir='ltr'>ἡλικίας</span> <span class='ocrx_word' id='word_1_359' title='bbox 1776 3637 1983 3707; x_wconf 89' lang='grc' dir='ltr'>ταύτην</span> <span class='ocrx_word' id='word_1_360' title='bbox 2012 3635 2168 3709; x_wconf 76' lang='grc' dir='ltr'>ἔσχεν</span> 
     </span>
    </p>
   </div>
   <div class='ocr_carea' id='block_1_53' title="bbox 582 3726 2168 3801">
    <p class='ocr_par' dir='ltr' id='par_1_53' title="bbox 582 3726 2168 3801">
     <span class='ocr_line' id='line_1_53' title="bbox 582 3726 2168 3801; baseline -0.002 -16"><span class='ocrx_word' id='word_1_361' title='bbox 582 3730 685 3801; x_wconf 80' lang='grc' dir='ltr'>τὴν</span> <span class='ocrx_word' id='word_1_362' title='bbox 726 3729 1037 3795; x_wconf 85' lang='grc' dir='ltr'>πολιτείαν,</span> <span class='ocrx_word' id='word_1_363' title='bbox 1077 3728 1214 3799; x_wconf 81' lang='grc' dir='ltr'>μηδέ</span> <span class='ocrx_word' id='word_1_364' title='bbox 1246 3744 1373 3781; x_wconf 89' lang='grc' dir='ltr'>ποτε</span> <span class='ocrx_word' id='word_1_365' title='bbox 1406 3726 1693 3798; x_wconf 72' lang='grc' dir='ltr'>κοιμηθεὶς</span> <span class='ocrx_word' id='word_1_366' title='bbox 1727 3727 2040 3800; x_wconf 79' lang='grc' dir='ltr'>ἐξεπίτηδες</span> <span class='ocrx_word' id='word_1_367' title='bbox 2066 3771 2079 3795; x_wconf 79' lang='lat'><strong>,</strong></span> <span class='ocrx_word' id='word_1_368' title='bbox 2119 3730 2168 3782; x_wconf 80' lang='grc' dir='ltr'>εί</span> 
     </span>
    </p>
   </div>
   <div class='ocr_carea' id='block_1_54' title="bbox 590 3819 2169 3896">
    <p class='ocr_par' dir='ltr' id='par_1_54' title="bbox 590 3819 2169 3896">
     <span class='ocr_line' id='line_1_54' title="bbox 590 3819 2169 3896; baseline -0.003 -18"><span class='ocrx_word' id='word_1_369' title='bbox 590 3826 666 3896; x_wconf 83' lang='grc' dir='ltr'>μή</span> <span class='ocrx_word' id='word_1_370' title='bbox 709 3842 763 3878; x_wconf 89' lang='grc' dir='ltr'>τι</span> <span class='ocrx_word' id='word_1_371' title='bbox 796 3825 853 3877; x_wconf 89' lang='grc' dir='ltr'>ἐν</span> <span class='ocrx_word' id='word_1_372' title='bbox 886 3822 964 3893; x_wconf 83' lang='grc' dir='ltr'>τῷ</span> <span class='ocrx_word' id='word_1_373' title='bbox 1000 3820 1327 3890; x_wconf 79' lang='grc' dir='ltr'>ἐργάζεσθαι</span> <span class='ocrx_word' id='word_1_374' title='bbox 1381 3819 1414 3890; x_wconf 80' lang='grc' dir='ltr'>ἦ</span> <span class='ocrx_word' id='word_1_375' title='bbox 1464 3819 1667 3873; x_wconf 89' lang='grc' dir='ltr'>ἐσθίειν</span> <span class='ocrx_word' id='word_1_376' title='bbox 1703 3820 2026 3890; x_wconf 86' lang='grc' dir='ltr'>ἐκάμμυσέν</span> <span class='ocrx_word' id='word_1_377' title='bbox 2066 3838 2169 3874; x_wconf 89' lang='grc' dir='ltr'>που</span> 
     </span>
    </p>
   </div>
   <div class='ocr_carea' id='block_1_55' title="bbox 586 3911 2171 3986">
    <p class='ocr_par' dir='ltr' id='par_1_55' title="bbox 586 3911 2171 3986">
     <span class='ocr_line' id='line_1_55' title="bbox 586 3911 2171 3986; baseline -0.003 -16"><span class='ocrx_word' id='word_1_378' title='bbox 586 3917 677 3970; x_wconf 84' lang='grc' dir='ltr'>τδν</span> <span class='ocrx_word' id='word_1_379' title='bbox 728 3914 1005 3986; x_wconf 75' lang='grc' dir='ltr'>ὀφθαλμὸν</span> <span class='ocrx_word' id='word_1_380' title='bbox 1049 3912 1395 3983; x_wconf 72' lang='grc' dir='ltr'>κατενεχθεὶς</span> <span class='ocrx_word' id='word_1_381' title='bbox 1419 3953 1433 3977; x_wconf 93' lang='grc'>,</span> <span class='ocrx_word' id='word_1_382' title='bbox 1468 3911 1609 3965; x_wconf 78' lang='grc' dir='ltr'>ὥστε</span> <span class='ocrx_word' id='word_1_383' title='bbox 1656 3913 1914 3976; x_wconf 80' lang='grc' dir='ltr'>πολλάκις</span> <span class='ocrx_word' id='word_1_384' title='bbox 1950 3913 2042 3966; x_wconf 76' lang='grc' dir='ltr'>καὶ</span> <span class='ocrx_word' id='word_1_385' title='bbox 2081 3913 2171 3967; x_wconf 71' lang='grc' dir='ltr'>τὸν</span> 
     </span>
    </p>
   </div>
   <div class='ocr_carea' id='block_1_56' title="bbox 586 4002 2170 4076">
    <p class='ocr_par' dir='ltr' id='par_1_56' title="bbox 586 4002 2170 4076">
     <span class='ocr_line' id='line_1_56' title="bbox 586 4002 2170 4076; baseline -0.001 -17"><span class='ocrx_word' id='word_1_386' title='bbox 586 4006 777 4076; x_wconf 60' lang='grc' dir='ltr'>ψωμὸν</span> <span class='ocrx_word' id='word_1_387' title='bbox 822 4006 1110 4059; x_wconf 88' lang='grc' dir='ltr'>ἐκπίπτειν</span> <span class='ocrx_word' id='word_1_388' title='bbox 1161 4002 1254 4057; x_wconf 86' lang='grc' dir='ltr'>τοῦ</span> <span class='ocrx_word' id='word_1_389' title='bbox 1308 4003 1575 4074; x_wconf 86' lang='grc' dir='ltr'>στόματος</span> <span class='ocrx_word' id='word_1_390' title='bbox 1624 4004 1829 4071; x_wconf 85' lang='grc' dir='ltr'>αὑτοῦ,</span> <span class='ocrx_word' id='word_1_391' title='bbox 1879 4004 2021 4059; x_wconf 80' lang='grc' dir='ltr'>κατὰ</span> <span class='ocrx_word' id='word_1_392' title='bbox 2080 4006 2170 4058; x_wconf 68' lang='grc' dir='ltr'>τὸν</span> 
     </span>
    </p>
   </div>
   <div class='ocr_carea' id='block_1_57' title="bbox 588 4096 2167 4170">
    <p class='ocr_par' dir='ltr' id='par_1_57' title="bbox 588 4096 2167 4170">
     <span class='ocr_line' id='line_1_57' title="bbox 588 4096 2167 4170; baseline -0.002 -18"><span class='ocrx_word' id='word_1_393' title='bbox 588 4099 780 4170; x_wconf 79' lang='grc' dir='ltr'>καιρὸν</span> <span class='ocrx_word' id='word_1_394' title='bbox 812 4097 905 4150; x_wconf 89' lang='grc' dir='ltr'>τοῦ</span> <span class='ocrx_word' id='word_1_395' title='bbox 939 4098 1133 4167; x_wconf 81' lang='grc' dir='ltr'>φαγεῖν</span> <span class='ocrx_word' id='word_1_396' title='bbox 1154 4137 1168 4161; x_wconf 93' lang='grc'>,</span> <span class='ocrx_word' id='word_1_397' title='bbox 1209 4096 1482 4167; x_wconf 87' lang='grc' dir='ltr'>ὑπερϐολῇ</span> <span class='ocrx_word' id='word_1_398' title='bbox 1515 4096 1852 4166; x_wconf 77' lang='grc' dir='ltr'>νυσταγμοῦ.</span> <span class='ocrx_word' id='word_1_399' title='bbox 1899 4098 2167 4166; x_wconf 76' lang='grc' dir='ltr'>Ἀναγκα-</span> 
     </span>
    </p>
   </div>
   <div class='ocr_carea' id='block_1_58' title="bbox 587 4187 2170 4263">
    <p class='ocr_par' dir='ltr' id='par_1_58' title="bbox 587 4187 2170 4263">
     <span class='ocr_line' id='line_1_58' title="bbox 587 4187 2170 4263; baseline 0.001 -20"><span class='ocrx_word' id='word_1_400' title='bbox 587 4189 769 4254; x_wconf 79' lang='grc' dir='ltr'>ζοντος</span> <span class='ocrx_word' id='word_1_401' title='bbox 800 4190 856 4243; x_wconf 88' lang='grc' dir='ltr'>δέ</span> <span class='ocrx_word' id='word_1_402' title='bbox 889 4188 990 4259; x_wconf 90' lang='grc' dir='ltr'>μού</span> <span class='ocrx_word' id='word_1_403' title='bbox 1026 4206 1156 4241; x_wconf 90' lang='grc' dir='ltr'>ποτε</span> <span class='ocrx_word' id='word_1_404' title='bbox 1190 4187 1379 4241; x_wconf 84' lang='grc' dir='ltr'>τοῦτον</span> <span class='ocrx_word' id='word_1_405' title='bbox 1411 4188 1502 4241; x_wconf 71' lang='grc' dir='ltr'>τὸν</span> <span class='ocrx_word' id='word_1_406' title='bbox 1531 4188 1686 4256; x_wconf 81' lang='grc' dir='ltr'>ἀγιον</span> <span class='ocrx_word' id='word_1_407' title='bbox 1720 4190 1914 4260; x_wconf 70' lang='grc' dir='ltr'>μικρὸν</span> <span class='ocrx_word' id='word_1_408' title='bbox 1946 4192 2035 4243; x_wconf 77' lang='grc' dir='ltr'>ἐπὶ</span> <span class='ocrx_word' id='word_1_409' title='bbox 2070 4194 2170 4263; x_wconf 79' lang='grc' dir='ltr'>τῆς</span> 
     </span>
    </p>
   </div>
   <div class='ocr_carea' id='block_1_59' title="bbox 585 4274 2166 4354">
    <p class='ocr_par' dir='ltr' id='par_1_59' title="bbox 585 4274 2166 4354">
     <span class='ocr_line' id='line_1_59' title="bbox 585 4274 2166 4354; baseline -0.001 -17"><span class='ocrx_word' id='word_1_410' title='bbox 585 4284 782 4354; x_wconf 75' lang='grc' dir='ltr'>ψιάθου</span> <span class='ocrx_word' id='word_1_411' title='bbox 838 4286 1060 4347; x_wconf 78' lang='grc' dir='ltr'>πεσεῖν,</span> <span class='ocrx_word' id='word_1_412' title='bbox 1096 4281 1543 4351; x_wconf 82' lang='grc' dir='ltr'>ὑπολυπούμενος</span> <span class='ocrx_word' id='word_1_413' title='bbox 1594 4274 1749 4345; x_wconf 68' lang='grc' dir='ltr'>οὗτος</span> <span class='ocrx_word' id='word_1_414' title='bbox 1798 4282 1982 4351; x_wconf 79' lang='grc' dir='ltr'>ἔλεγέν</span> <span class='ocrx_word' id='word_1_415' title='bbox 2042 4300 2166 4354; x_wconf 79' lang='grc' dir='ltr'>μοι’</span> 
     </span>
    </p>
   </div>
   <div class='ocr_carea' id='block_1_60' title="bbox 598 4373 2170 4446">
    <p class='ocr_par' dir='ltr' id='par_1_60' title="bbox 598 4373 2170 4446">
     <span class='ocr_line' id='line_1_60' title="bbox 598 4373 2170 4446; baseline 0 -17"><span class='ocrx_word' id='word_1_416' title='bbox 598 4378 725 4429; x_wconf 67' lang='grc' dir='ltr'>Ἐὰν</span> <span class='ocrx_word' id='word_1_417' title='bbox 746 4376 941 4446; x_wconf 84' lang='grc' dir='ltr'>πείσῃς</span> <span class='ocrx_word' id='word_1_418' title='bbox 968 4376 1094 4437; x_wconf 76' lang='grc' dir='ltr'>τοὺς</span> <span class='ocrx_word' id='word_1_419' title='bbox 1119 4374 1383 4443; x_wconf 77' lang='grc' dir='ltr'>ἀγγέλους</span> <span class='ocrx_word' id='word_1_420' title='bbox 1414 4373 1750 4445; x_wconf 80' lang='grc' dir='ltr'>κοιμηθῆναί</span> <span class='ocrx_word' id='word_1_421' title='bbox 1780 4392 1930 4442; x_wconf 89' lang='grc' dir='ltr'>ποτε,</span> <span class='ocrx_word' id='word_1_422' title='bbox 1956 4375 2170 4442; x_wconf 84' lang='grc' dir='ltr'>πείσεις</span> 
     </span>
    </p>
   </div>
   <div class='ocr_carea' id='block_1_61' title="bbox 585 4466 1453 4538">
    <p class='ocr_par' dir='ltr' id='par_1_61' title="bbox 585 4466 1453 4538">
     <span class='ocr_line' id='line_1_61' title="bbox 585 4466 1453 4538; baseline -0.001 -17"><span class='ocrx_word' id='word_1_423' title='bbox 585 4469 644 4522; x_wconf 86' lang='grc' dir='ltr'>ἐν</span> <span class='ocrx_word' id='word_1_424' title='bbox 675 4468 848 4538; x_wconf 87' lang='grc' dir='ltr'>τούτῳ</span> <span class='ocrx_word' id='word_1_425' title='bbox 884 4468 977 4519; x_wconf 68' lang='grc' dir='ltr'>καὶ</span> <span class='ocrx_word' id='word_1_426' title='bbox 1013 4466 1104 4518; x_wconf 69' lang='grc' dir='ltr'>τὸν</span> <span class='ocrx_word' id='word_1_427' title='bbox 1146 4466 1453 4521; x_wconf 82' lang='grc' dir='ltr'>σπουδαῖον.</span> 
     </span>
    </p>
   </div>
   <div class='ocr_carea' id='block_1_62' title="bbox 655 4580 2156 4655">
    <p class='ocr_par' dir='ltr' id='par_1_62' title="bbox 655 4580 2156 4655">
     <span class='ocr_line' id='line_1_62' title="bbox 655 4580 2156 4655; baseline 0.002 -19"><span class='ocrx_word' id='word_1_428' title='bbox 655 4582 770 4653; x_wconf 80' lang='grc' dir='ltr'>Μιᾷ</span> <span class='ocrx_word' id='word_1_429' title='bbox 801 4581 856 4635; x_wconf 82' lang='grc' dir='ltr'>δέ</span> <span class='ocrx_word' id='word_1_430' title='bbox 888 4580 996 4634; x_wconf 89' lang='grc' dir='ltr'>τῶν</span> <span class='ocrx_word' id='word_1_431' title='bbox 1032 4581 1255 4652; x_wconf 77' lang='grc' dir='ltr'>ἡμερῶν</span> <span class='ocrx_word' id='word_1_432' title='bbox 1289 4581 1605 4635; x_wconf 84' lang='grc' dir='ltr'>ἀπέστειλέν</span> <span class='ocrx_word' id='word_1_433' title='bbox 1642 4600 1710 4653; x_wconf 87' lang='grc' dir='ltr'>με</span> <span class='ocrx_word' id='word_1_434' title='bbox 1750 4585 1807 4638; x_wconf 79' lang='grc' dir='ltr'>ἐν</span> <span class='ocrx_word' id='word_1_435' title='bbox 1845 4582 1921 4655; x_wconf 82' lang='grc' dir='ltr'>τῷ</span> <span class='ocrx_word' id='word_1_436' title='bbox 1958 4585 2156 4655; x_wconf 78' lang='grc' dir='ltr'>φρέατι</span> 
     </span>
    </p>
   </div>
   <div class='ocr_carea' id='block_1_63' title="bbox 586 4673 2167 4746">
    <p class='ocr_par' dir='ltr' id='par_1_63' title="bbox 586 4673 2167 4746">
     <span class='ocr_line' id='line_1_63' title="bbox 586 4673 2167 4746; baseline 0.001 -16"><span class='ocrx_word' id='word_1_437' title='bbox 586 4673 753 4730; x_wconf 84' lang='grc' dir='ltr'>αὑτοῦ</span> <span class='ocrx_word' id='word_1_438' title='bbox 784 4674 912 4746; x_wconf 73' lang='grc' dir='ltr'>περὶ</span> <span class='ocrx_word' id='word_1_439' title='bbox 948 4674 1098 4746; x_wconf 85' lang='grc' dir='ltr'>ῶραν</span> <span class='ocrx_word' id='word_1_440' title='bbox 1147 4675 1375 4745; x_wconf 84' lang='grc' dir='ltr'>ἐννάτην</span> <span class='ocrx_word' id='word_1_441' title='bbox 1412 4674 1697 4745; x_wconf 86' lang='grc' dir='ltr'>πληρῶσαι</span> <span class='ocrx_word' id='word_1_442' title='bbox 1748 4677 1838 4729; x_wconf 83' lang='grc' dir='ltr'>τὸν</span> <span class='ocrx_word' id='word_1_443' title='bbox 1900 4678 2060 4731; x_wconf 88' lang='grc' dir='ltr'>κάδον</span> <span class='ocrx_word' id='word_1_444' title='bbox 2088 4680 2167 4744; x_wconf 83' lang='grc' dir='ltr'>είς</span> 
     </span>
    </p>
   </div>
   <div class='ocr_carea' id='block_1_64' title="bbox 585 4767 2167 4839">
    <p class='ocr_par' dir='ltr' id='par_1_64' title="bbox 585 4767 2167 4839">
     <span class='ocr_line' id='line_1_64' title="bbox 585 4767 2167 4839; baseline 0.002 -18"><span class='ocrx_word' id='word_1_445' title='bbox 585 4769 746 4836; x_wconf 83' lang='grc' dir='ltr'>λόγον</span> <span class='ocrx_word' id='word_1_446' title='bbox 774 4769 872 4838; x_wconf 83' lang='grc' dir='ltr'>τῆς</span> <span class='ocrx_word' id='word_1_447' title='bbox 907 4767 1289 4839; x_wconf 72' lang='grc' dir='ltr'>μεταλήψεως,</span> <span class='ocrx_word' id='word_1_448' title='bbox 1339 4768 1611 4837; x_wconf 72' lang='grc' dir='ltr'>ἐνστάσης</span> <span class='ocrx_word' id='word_1_449' title='bbox 1668 4769 1768 4839; x_wconf 78' lang='grc' dir='ltr'>τῆς</span> <span class='ocrx_word' id='word_1_450' title='bbox 1817 4768 1911 4822; x_wconf 87' lang='grc' dir='ltr'>τοῦ</span> <span class='ocrx_word' id='word_1_451' title='bbox 1970 4773 2167 4839; x_wconf 86' lang='grc' dir='ltr'>φαγεῖν</span> 
     </span>
    </p>
   </div>
   <div class='ocr_carea' id='block_1_65' title="bbox 585 4859 2167 4931">
    <p class='ocr_par' dir='ltr' id='par_1_65' title="bbox 585 4859 2167 4931">
     <span class='ocr_line' id='line_1_65' title="bbox 585 4859 2167 4931; baseline 0.003 -18"><span class='ocrx_word' id='word_1_452' title='bbox 585 4860 755 4931; x_wconf 80' lang='grc' dir='ltr'>ὧρας.</span> <span class='ocrx_word' id='word_1_453' title='bbox 795 4862 1025 4931; x_wconf 82' lang='grc' dir='ltr'>Ἔτυχεν</span> <span class='ocrx_word' id='word_1_454' title='bbox 1054 4860 1109 4913; x_wconf 83' lang='grc' dir='ltr'>δέ</span> <span class='ocrx_word' id='word_1_455' title='bbox 1146 4877 1213 4930; x_wconf 88' lang='grc' dir='ltr'>με</span> <span class='ocrx_word' id='word_1_456' title='bbox 1244 4859 1575 4927; x_wconf 84' lang='grc' dir='ltr'>ἀπελθόντα,</span> <span class='ocrx_word' id='word_1_457' title='bbox 1608 4861 1814 4915; x_wconf 83' lang='grc' dir='ltr'>ἀσπίδα</span> <span class='ocrx_word' id='word_1_458' title='bbox 1868 4861 2167 4918; x_wconf 89' lang='grc' dir='ltr'>θεάσασθαι</span> 
     </span>
    </p>
   </div>
   <div class='ocr_carea' id='block_1_66' title="bbox 586 4952 2169 5025">
    <p class='ocr_par' dir='ltr' id='par_1_66' title="bbox 586 4952 2169 5025">
     <span class='ocr_line' id='line_1_66' title="bbox 586 4952 2169 5025; baseline 0.003 -19"><span class='ocrx_word' id='word_1_459' title='bbox 586 4954 645 5006; x_wconf 85' lang='grc' dir='ltr'>ἐν</span> <span class='ocrx_word' id='word_1_460' title='bbox 677 4953 753 5025; x_wconf 85' lang='grc' dir='ltr'>τῷ</span> <span class='ocrx_word' id='word_1_461' title='bbox 784 4953 982 5025; x_wconf 82' lang='grc' dir='ltr'>φρέατι</span> <span class='ocrx_word' id='word_1_462' title='bbox 1008 4953 1180 5020; x_wconf 89' lang='grc' dir='ltr'>κάτω,</span> <span class='ocrx_word' id='word_1_463' title='bbox 1210 4954 1303 5006; x_wconf 82' lang='grc' dir='ltr'>καὶ</span> <span class='ocrx_word' id='word_1_464' title='bbox 1333 4952 1532 5024; x_wconf 81' lang='grc' dir='ltr'>μηκέτι</span> <span class='ocrx_word' id='word_1_465' title='bbox 1591 4953 1742 5025; x_wconf 81' lang='grc' dir='ltr'>φόϐῳ</span> <span class='ocrx_word' id='word_1_466' title='bbox 1794 4954 2055 5025; x_wconf 78' lang='grc' dir='ltr'>ἀντλῆσαι</span> <span class='ocrx_word' id='word_1_467' title='bbox 2108 4955 2169 5010; x_wconf 84' lang='grc' dir='ltr'>τὸ</span> 
     </span>
    </p>
   </div>
   <div class='ocr_carea' id='block_1_67' title="bbox 588 5045 2165 5119">
    <p class='ocr_par' dir='ltr' id='par_1_67' title="bbox 588 5045 2165 5119">
     <span class='ocr_line' id='line_1_67' title="bbox 588 5045 2165 5119; baseline 0.001 -18"><span class='ocrx_word' id='word_1_468' title='bbox 588 5047 756 5118; x_wconf 72' lang='grc' dir='ltr'>ὑῑωρ,</span> <span class='ocrx_word' id='word_1_469' title='bbox 785 5047 923 5100; x_wconf 87' lang='grc' dir='ltr'>ἀλλά</span> <span class='ocrx_word' id='word_1_470' title='bbox 970 5045 1276 5100; x_wconf 84' lang='grc' dir='ltr'>ἀπελθόντα</span> <span class='ocrx_word' id='word_1_471' title='bbox 1329 5046 1587 5117; x_wconf 87' lang='grc' dir='ltr'>δρομαῖον</span> <span class='ocrx_word' id='word_1_472' title='bbox 1624 5046 1957 5116; x_wconf 87' lang='grc' dir='ltr'>ἀπαγγεῖλαι</span> <span class='ocrx_word' id='word_1_473' title='bbox 1991 5047 2165 5119; x_wconf 82' lang='grc' dir='ltr'>αὑτῷ,</span> 
     </span>
    </p>
   </div>
   <div class='ocr_carea' id='block_1_68' title="bbox 587 5137 2169 5214">
    <p class='ocr_par' dir='ltr' id='par_1_68' title="bbox 587 5137 2169 5214">
     <span class='ocr_line' id='line_1_68' title="bbox 587 5137 2169 5214; baseline 0 -17"><span class='ocrx_word' id='word_1_474' title='bbox 587 5144 671 5197; x_wconf 77' lang='grc' dir='ltr'>ὅτι</span> <span class='ocrx_word' id='word_1_475' title='bbox 724 5140 1128 5211; x_wconf 69' lang='grc' dir='ltr'>Ἀπεθὲινομεν,</span> <span class='ocrx_word' id='word_1_476' title='bbox 1176 5139 1342 5194; x_wconf 82' lang='grc' dir='ltr'>ἀϐϐἄ.</span> <span class='ocrx_word' id='word_1_477' title='bbox 1399 5140 1627 5194; x_wconf 83' lang='grc' dir='ltr'>’Δσπίδα</span> <span class='ocrx_word' id='word_1_478' title='bbox 1684 5140 1793 5212; x_wconf 85' lang='grc' dir='ltr'>γάρ</span> <span class='ocrx_word' id='word_1_479' title='bbox 1827 5137 1967 5196; x_wconf 84' lang='grc' dir='ltr'>εἶδον</span> <span class='ocrx_word' id='word_1_480' title='bbox 2006 5144 2063 5197; x_wconf 92' lang='grc' dir='ltr'>ἐν</span> <span class='ocrx_word' id='word_1_481' title='bbox 2093 5142 2169 5214; x_wconf 84' lang='grc' dir='ltr'>τῷ</span> 
     </span>
    </p>
   </div>
   <div class='ocr_carea' id='block_1_69' title="bbox 588 5220 2165 5305">
    <p class='ocr_par' dir='ltr' id='par_1_69' title="bbox 588 5220 2165 5305">
     <span class='ocr_line' id='line_1_69' title="bbox 588 5220 2165 5305; baseline 0 -19"><span class='ocrx_word' id='word_1_482' title='bbox 588 5235 785 5304; x_wconf 77' lang='grc' dir='ltr'>φρέατι</span> <span class='ocrx_word' id='word_1_483' title='bbox 842 5233 1015 5287; x_wconf 87' lang='grc' dir='ltr'>κάτω.</span> <span class='ocrx_word' id='word_1_484' title='bbox 1089 5220 1514 5302; x_wconf 82' lang='grc' dir='ltr'>’Υπομειδιάσας</span> <span class='ocrx_word' id='word_1_485' title='bbox 1562 5230 1619 5284; x_wconf 82' lang='grc' dir='ltr'>δὲ</span> <span class='ocrx_word' id='word_1_486' title='bbox 1678 5233 1885 5297; x_wconf 86' lang='grc' dir='ltr'>ἐκεῖνος</span> <span class='ocrx_word' id='word_1_487' title='bbox 1947 5233 2165 5305; x_wconf 84' lang='grc' dir='ltr'>σεμνὸν,</span> 
     </span>
    </p>
   </div>
   <div class='ocr_carea' id='block_1_70' title="bbox 589 5323 2162 5396">
    <p class='ocr_par' dir='ltr' id='par_1_70' title="bbox 589 5323 2162 5396">
     <span class='ocr_line' id='line_1_70' title="bbox 589 5323 2162 5396; baseline 0 -17"><span class='ocrx_word' id='word_1_488' title='bbox 589 5328 683 5379; x_wconf 77' lang='grc' dir='ltr'>ἐπὶ</span> <span class='ocrx_word' id='word_1_489' title='bbox 707 5323 843 5379; x_wconf 89' lang='grc' dir='ltr'>πολύ</span> <span class='ocrx_word' id='word_1_490' title='bbox 876 5342 967 5395; x_wconf 87' lang='grc' dir='ltr'>μοι</span> <span class='ocrx_word' id='word_1_491' title='bbox 1004 5324 1310 5395; x_wconf 79' lang='grc' dir='ltr'>προσέχων,</span> <span class='ocrx_word' id='word_1_492' title='bbox 1348 5324 1442 5377; x_wconf 76' lang='grc' dir='ltr'>καὶ</span> <span class='ocrx_word' id='word_1_493' title='bbox 1474 5323 1635 5377; x_wconf 86' lang='grc' dir='ltr'>σείων</span> <span class='ocrx_word' id='word_1_494' title='bbox 1682 5324 1925 5396; x_wconf 74' lang='grc' dir='ltr'>κεφαλὴν</span> <span class='ocrx_word' id='word_1_495' title='bbox 1958 5324 2162 5395; x_wconf 72' lang='grc' dir='ltr'>ἔλεγεψ</span> 
     </span>
    </p>
   </div>
   <div class='ocr_carea' id='block_1_71' title="bbox 601 5412 2169 5487">
    <p class='ocr_par' dir='ltr' id='par_1_71' title="bbox 601 5412 2169 5487">
     <span class='ocr_line' id='line_1_71' title="bbox 601 5412 2169 5487; baseline -0.003 -15"><span class='ocrx_word' id='word_1_496' title='bbox 601 5418 728 5473; x_wconf 74' lang='grc' dir='ltr'>Ἐὰν</span> <span class='ocrx_word' id='word_1_497' title='bbox 774 5416 901 5487; x_wconf 76' lang='grc' dir='ltr'>δόξῃ</span> <span class='ocrx_word' id='word_1_498' title='bbox 958 5414 1034 5485; x_wconf 79' lang='grc' dir='ltr'>τῷ</span> <span class='ocrx_word' id='word_1_499' title='bbox 1086 5412 1319 5482; x_wconf 67' lang='grc' dir='ltr'>διαϐόλῳ</span> <span class='ocrx_word' id='word_1_500' title='bbox 1350 5414 1492 5466; x_wconf 82' lang='grc' dir='ltr'>κατὰ</span> <span class='ocrx_word' id='word_1_501' title='bbox 1555 5415 1664 5468; x_wconf 80' lang='grc' dir='ltr'>πᾶν</span> <span class='ocrx_word' id='word_1_502' title='bbox 1716 5414 1893 5486; x_wconf 83' lang='grc' dir='ltr'>φρέαρ</span> <span class='ocrx_word' id='word_1_503' title='bbox 1936 5416 2169 5480; x_wconf 77' lang='grc' dir='ltr'>ἀσπίδας</span> 
     </span>
    </p>
   </div>
   <div class='ocr_carea' id='block_1_72' title="bbox 590 5504 2167 5581">
    <p class='ocr_par' dir='ltr' id='par_1_72' title="bbox 590 5504 2167 5581">
     <span class='ocr_line' id='line_1_72' title="bbox 590 5504 2167 5581; baseline 0 -19"><span class='ocrx_word' id='word_1_504' title='bbox 590 5508 875 5575; x_wconf 77' lang='grc' dir='ltr'>ἐμϐαλεῖν,</span> <span class='ocrx_word' id='word_1_505' title='bbox 904 5508 937 5580; x_wconf 82' lang='grc' dir='ltr'><strong>ἥ</strong></span> <span class='ocrx_word' id='word_1_506' title='bbox 965 5508 1117 5575; x_wconf 80' lang='grc' dir='ltr'>δφεις</span> <span class='ocrx_word' id='word_1_507' title='bbox 1150 5505 1203 5581; x_wconf 40' lang='grc' dir='ltr'>,ἢ</span> <span class='ocrx_word' id='word_1_508' title='bbox 1244 5505 1410 5577; x_wconf 79' lang='grc' dir='ltr'>’ἐτερα</span> <span class='ocrx_word' id='word_1_509' title='bbox 1440 5505 1623 5559; x_wconf 83' lang='grc' dir='ltr'>ίοϐόλα</span> <span class='ocrx_word' id='word_1_510' title='bbox 1654 5504 1819 5577; x_wconf 87' lang='grc' dir='ltr'>θηρία</span> <span class='ocrx_word' id='word_1_511' title='bbox 1862 5509 1941 5571; x_wconf 85' lang='grc' dir='ltr'>είς</span> <span class='ocrx_word' id='word_1_512' title='bbox 1991 5509 2167 5573; x_wconf 83' lang='grc' dir='ltr'>πάσας</span> 
     </span>
    </p>
   </div>
   <div class='ocr_carea' id='block_1_73' title="bbox 589 5598 2163 5671">
    <p class='ocr_par' dir='ltr' id='par_1_73' title="bbox 589 5598 2163 5671">
     <span class='ocr_line' id='line_1_73' title="bbox 589 5598 2163 5671; baseline 0.007 -25"><span class='ocrx_word' id='word_1_513' title='bbox 589 5603 687 5664; x_wconf 57' lang='grc' dir='ltr'>τὰς</span> <span class='ocrx_word' id='word_1_514' title='bbox 713 5602 897 5671; x_wconf 68' lang='grc' dir='ltr'>πηγὰς</span> <span class='ocrx_word' id='word_1_515' title='bbox 922 5600 1031 5654; x_wconf 85' lang='grc' dir='ltr'>τῶν</span> <span class='ocrx_word' id='word_1_516' title='bbox 1065 5599 1293 5663; x_wconf 88' lang='grc' dir='ltr'>ὑδάτων,</span> <span class='ocrx_word' id='word_1_517' title='bbox 1334 5600 1397 5653; x_wconf 81' lang='grc' dir='ltr'>σὺ</span> <span class='ocrx_word' id='word_1_518' title='bbox 1441 5599 1627 5669; x_wconf 87' lang='grc' dir='ltr'>μένεις</span> <span class='ocrx_word' id='word_1_519' title='bbox 1658 5598 1929 5669; x_wconf 82' lang='grc' dir='ltr'>μηδέποτε</span> <span class='ocrx_word' id='word_1_520' title='bbox 1958 5601 2163 5669; x_wconf 89' lang='grc' dir='ltr'>πίνων;</span> 
     </span>
    </p>
   </div>
   <div class='ocr_carea' id='block_1_74' title="bbox 592 5688 2169 5763">
    <p class='ocr_par' dir='ltr' id='par_1_74' title="bbox 592 5688 2169 5763">
     <span class='ocr_line' id='line_1_74' title="bbox 592 5688 2169 5763; baseline 0.001 -17"><span class='ocrx_word' id='word_1_521' title='bbox 592 5693 689 5747; x_wconf 74' lang='grc' dir='ltr'>καὶ</span> <span class='ocrx_word' id='word_1_522' title='bbox 712 5691 943 5758; x_wconf 78' lang='grc' dir='ltr'>ἐξελθὼν</span> <span class='ocrx_word' id='word_1_523' title='bbox 965 5692 1062 5762; x_wconf 82' lang='grc' dir='ltr'>τῆς</span> <span class='ocrx_word' id='word_1_524' title='bbox 1111 5690 1308 5762; x_wconf 86' lang='grc' dir='ltr'>κέλλης</span> <span class='ocrx_word' id='word_1_525' title='bbox 1365 5689 1555 5754; x_wconf 79' lang='grc' dir='ltr'>αὑτοῦ,</span> <span class='ocrx_word' id='word_1_526' title='bbox 1604 5688 1698 5743; x_wconf 70' lang='grc' dir='ltr'>καὶ</span> <span class='ocrx_word' id='word_1_527' title='bbox 1744 5690 1811 5743; x_wconf 82' lang='grc' dir='ltr'>δι’</span> <span class='ocrx_word' id='word_1_528' title='bbox 1853 5693 2048 5747; x_wconf 86' lang='grc' dir='ltr'>ἐαυτοῦ</span> <span class='ocrx_word' id='word_1_529' title='bbox 2079 5712 2169 5763; x_wconf 88' lang='grc' dir='ltr'>γε-</span> 
     </span>
    </p>
   </div>
   <div class='ocr_carea' id='block_1_75' title="bbox 603 5783 2167 5854">
    <p class='ocr_par' dir='ltr' id='par_1_75' title="bbox 603 5783 2167 5854">
     <span class='ocr_line' id='line_1_75' title="bbox 603 5783 2167 5854; baseline 0.004 -17"><span class='ocrx_word' id='word_1_530' title='bbox 603 5788 761 5853; x_wconf 73' lang='grc' dir='ltr'>μίσας</span> <span class='ocrx_word' id='word_1_531' title='bbox 788 5784 880 5841; x_wconf 72' lang='grc' dir='ltr'>τὸν</span> <span class='ocrx_word' id='word_1_532' title='bbox 910 5783 1101 5845; x_wconf 85' lang='grc' dir='ltr'>κάδον.</span> <span class='ocrx_word' id='word_1_533' title='bbox 1134 5783 1317 5849; x_wconf 77' lang='grc' dir='ltr'>νῆστις</span> <span class='ocrx_word' id='word_1_534' title='bbox 1345 5784 1560 5849; x_wconf 80' lang='grc' dir='ltr'>πρῶτος</span> <span class='ocrx_word' id='word_1_535' title='bbox 1604 5783 1764 5849; x_wconf 63' lang='grc' dir='ltr'>αὐτὸς</span> <span class='ocrx_word' id='word_1_536' title='bbox 1833 5784 1925 5839; x_wconf 86' lang='grc' dir='ltr'>τοῦ</span> <span class='ocrx_word' id='word_1_537' title='bbox 1974 5786 2167 5854; x_wconf 76' lang='grc' dir='ltr'>ὕδατος</span> 
     </span>
    </p>
   </div>
   <div class='ocr_carea' id='block_1_76' title="bbox 2266 1887 3854 1958">
    <p class='ocr_par' dir='ltr' id='par_1_76' title="bbox 2266 1887 3854 1958">
     <span class='ocr_line' id='line_1_76' title="bbox 2266 1887 3854 1958; baseline -0.003 -15"><span class='ocrx_word' id='word_1_538' title='bbox 2266 1888 2506 1958; x_wconf 80' lang='grc' dir='ltr'>βασιλεῖς</span> <span class='ocrx_word' id='word_1_539' title='bbox 2564 1889 2658 1941; x_wconf 78' lang='grc' dir='ltr'>ἐπὶ</span> <span class='ocrx_word' id='word_1_540' title='bbox 2731 1889 2843 1951; x_wconf 89' lang='grc' dir='ltr'>τοῖς</span> <span class='ocrx_word' id='word_1_541' title='bbox 2908 1888 3171 1957; x_wconf 83' lang='grc' dir='ltr'>διωγμοῖς</span> <span class='ocrx_word' id='word_1_542' title='bbox 3204 1926 3220 1953; x_wconf 95' lang='grc'>,</span> <span class='ocrx_word' id='word_1_543' title='bbox 3285 1887 3660 1957; x_wconf 80' lang='grc' dir='ltr'>ὑποσχόμενος</span> <span class='ocrx_word' id='word_1_544' title='bbox 3712 1887 3854 1956; x_wconf 69' lang='grc' dir='ltr'>αὐτῷ</span> 
     </span>
    </p>
   </div>
   <div class='ocr_carea' id='block_1_77' title="bbox 2264 1980 3853 2052">
    <p class='ocr_par' dir='ltr' id='par_1_77' title="bbox 2264 1980 3853 2052">
     <span class='ocr_line' id='line_1_77' title="bbox 2264 1980 3853 2052; baseline -0.011 -14"><span class='ocrx_word' id='word_1_545' title='bbox 2264 1983 2526 2052; x_wconf 84' lang='grc' dir='ltr'>χρήματα</span> <span class='ocrx_word' id='word_1_546' title='bbox 2556 1981 2717 2035; x_wconf 84' lang='grc' dir='ltr'>ἱκανά</span> <span class='ocrx_word' id='word_1_547' title='bbox 2747 1981 2839 2035; x_wconf 78' lang='grc' dir='ltr'>ἐπὶ</span> <span class='ocrx_word' id='word_1_548' title='bbox 2887 1984 2954 2052; x_wconf 81' lang='grc' dir='ltr'>τῇ</span> <span class='ocrx_word' id='word_1_549' title='bbox 2988 1980 3191 2051; x_wconf 86' lang='grc' dir='ltr'>ταύτης</span> <span class='ocrx_word' id='word_1_550' title='bbox 3224 1980 3501 2051; x_wconf 76' lang='grc' dir='ltr'>συμφορᾷ,</span> <span class='ocrx_word' id='word_1_551' title='bbox 3553 1980 3683 2033; x_wconf 60' lang='grc' dir='ltr'>Ἐὰν</span> <span class='ocrx_word' id='word_1_552' title='bbox 3738 1980 3853 2032; x_wconf 58' lang='grc' dir='ltr'>περ</span> 
     </span>
    </p>
   </div>
   <div class='ocr_carea' id='block_1_78' title="bbox 2268 2072 3850 2149">
    <p class='ocr_par' dir='ltr' id='par_1_78' title="bbox 2268 2072 3850 2149">
     <span class='ocr_line' id='line_1_78' title="bbox 2268 2072 3850 2149; baseline -0.004 -20"><span class='ocrx_word' id='word_1_553' title='bbox 2268 2093 2371 2149; x_wconf 80' lang='grc' dir='ltr'>σῃς</span> <span class='ocrx_word' id='word_1_554' title='bbox 2437 2078 2661 2145; x_wconf 86' lang='grc' dir='ltr'>ταύτην,</span> <span class='ocrx_word' id='word_1_555' title='bbox 2723 2075 2925 2144; x_wconf 75' lang='grc' dir='ltr'>φήσας,</span> <span class='ocrx_word' id='word_1_556' title='bbox 2991 2072 3282 2126; x_wconf 83' lang='grc' dir='ltr'>συνθέσθαι</span> <span class='ocrx_word' id='word_1_557' title='bbox 3337 2090 3438 2142; x_wconf 88' lang='grc' dir='ltr'>μου</span> <span class='ocrx_word' id='word_1_558' title='bbox 3507 2072 3587 2143; x_wconf 81' lang='grc' dir='ltr'>τῷ</span> <span class='ocrx_word' id='word_1_559' title='bbox 3647 2073 3850 2141; x_wconf 81' lang='grc' dir='ltr'>σκοπῷ,</span> 
     </span>
    </p>
   </div>
   <div class='ocr_carea' id='block_1_79' title="bbox 2268 2163 3855 2238">
    <p class='ocr_par' dir='ltr' id='par_1_79' title="bbox 2268 2163 3855 2238">
     <span class='ocr_line' id='line_1_79' title="bbox 2268 2163 3855 2238; baseline -0.004 -17"><span class='ocrx_word' id='word_1_560' title='bbox 2268 2166 2504 2237; x_wconf 82' lang='grc' dir='ltr'>φύλαξον</span> <span class='ocrx_word' id='word_1_561' title='bbox 2548 2168 2715 2238; x_wconf 78' lang='grc' dir='ltr'>αὑτὴν</span> <span class='ocrx_word' id='word_1_562' title='bbox 2748 2166 3125 2236; x_wconf 79' lang='grc' dir='ltr'>ἀτιμώρητον.</span> <span class='ocrx_word' id='word_1_563' title='bbox 3173 2163 3297 2216; x_wconf 75' lang='grc' dir='ltr'>Ἐὰν</span> <span class='ocrx_word' id='word_1_564' title='bbox 3326 2164 3383 2216; x_wconf 84' lang='grc' dir='ltr'>δέ</span> <span class='ocrx_word' id='word_1_565' title='bbox 3419 2165 3659 2235; x_wconf 69' lang='grc' dir='ltr'>ἐμμείνη</span> <span class='ocrx_word' id='word_1_566' title='bbox 3689 2168 3759 2234; x_wconf 75' lang='grc' dir='ltr'>τῇ</span> <span class='ocrx_word' id='word_1_567' title='bbox 3800 2163 3855 2227; x_wconf 77' lang='grc' dir='ltr'>ἐξ</span> 
     </span>
    </p>
   </div>
   <div class='ocr_carea' id='block_1_80' title="bbox 2266 2256 3853 2332">
    <p class='ocr_par' dir='ltr' id='par_1_80' title="bbox 2266 2256 3853 2332">
     <span class='ocr_line' id='line_1_80' title="bbox 2266 2256 3853 2332; baseline -0.004 -17"><span class='ocrx_word' id='word_1_568' title='bbox 2266 2260 2443 2332; x_wconf 76' lang='grc' dir='ltr'>ἀρχῆς</span> <span class='ocrx_word' id='word_1_569' title='bbox 2471 2259 2644 2330; x_wconf 82' lang='grc' dir='ltr'>αὑτῆς</span> <span class='ocrx_word' id='word_1_570' title='bbox 2705 2258 2999 2329; x_wconf 72' lang='grc' dir='ltr'>αύστηρία,</span> <span class='ocrx_word' id='word_1_571' title='bbox 3061 2256 3443 2328; x_wconf 79' lang='grc' dir='ltr'>παρεκάλεσεν</span> <span class='ocrx_word' id='word_1_572' title='bbox 3501 2257 3853 2328; x_wconf 72' lang='grc' dir='ltr'>τιμωρουμέ-</span> 
     </span>
    </p>
   </div>
   <div class='ocr_carea' id='block_1_81' title="bbox 2266 2350 3854 2424">
    <p class='ocr_par' dir='ltr' id='par_1_81' title="bbox 2266 2350 3854 2424">
     <span class='ocr_line' id='line_1_81' title="bbox 2266 2350 3854 2424; baseline -0.002 -17"><span class='ocrx_word' id='word_1_573' title='bbox 2266 2369 2364 2423; x_wconf 87' lang='grc' dir='ltr'>νην</span> <span class='ocrx_word' id='word_1_574' title='bbox 2416 2352 2585 2424; x_wconf 77' lang='grc' dir='ltr'>αὑτὴν</span> <span class='ocrx_word' id='word_1_575' title='bbox 2628 2352 2942 2405; x_wconf 76' lang='grc' dir='ltr'>ἀποθανεῖν’</span> <span class='ocrx_word' id='word_1_576' title='bbox 2972 2351 3088 2405; x_wconf 81' lang='grc' dir='ltr'>Ἵνα</span> <span class='ocrx_word' id='word_1_577' title='bbox 3128 2350 3202 2422; x_wconf 84' lang='grc' dir='ltr'>μὴ</span> <span class='ocrx_word' id='word_1_578' title='bbox 3233 2350 3398 2414; x_wconf 79' lang='grc' dir='ltr'>ζῶσα,</span> <span class='ocrx_word' id='word_1_579' title='bbox 3436 2350 3649 2417; x_wconf 84' lang='grc' dir='ltr'>λέγων,</span> <span class='ocrx_word' id='word_1_580' title='bbox 3691 2368 3854 2405; x_wconf 73' lang='grc' dir='ltr'>καταο</span> 
     </span>
    </p>
   </div>
   <div class='ocr_carea' id='block_1_82' title="bbox 2265 2439 3852 2513">
    <p class='ocr_par' dir='ltr' id='par_1_82' title="bbox 2265 2439 3852 2513">
     <span class='ocr_line' id='line_1_82' title="bbox 2265 2439 3852 2513; baseline -0.001 -18"><span class='ocrx_word' id='word_1_581' title='bbox 2265 2441 2475 2513; x_wconf 78' lang='grc' dir='ltr'>γελάσῃ</span> <span class='ocrx_word' id='word_1_582' title='bbox 2511 2460 2613 2511; x_wconf 88' lang='grc' dir='ltr'>μου</span> <span class='ocrx_word' id='word_1_583' title='bbox 2649 2442 2748 2510; x_wconf 79' lang='grc' dir='ltr'>τῆς</span> <span class='ocrx_word' id='word_1_584' title='bbox 2778 2439 3041 2503; x_wconf 81' lang='grc' dir='ltr'>ἀσωτίας.</span> <span class='ocrx_word' id='word_1_585' title='bbox 3088 2441 3435 2510; x_wconf 88' lang='grc' dir='ltr'>Προαχθεῖσα</span> <span class='ocrx_word' id='word_1_586' title='bbox 3484 2439 3540 2493; x_wconf 89' lang='grc' dir='ltr'>δέ</span> <span class='ocrx_word' id='word_1_587' title='bbox 3599 2440 3709 2510; x_wconf 77' lang='grc' dir='ltr'>πρὸ</span> <span class='ocrx_word' id='word_1_588' title='bbox 3760 2440 3852 2494; x_wconf 75' lang='grc' dir='ltr'>τοῦ</span> 
     </span>
    </p>
   </div>
   <div class='ocr_carea' id='block_1_83' title="bbox 2270 2532 3854 2607">
    <p class='ocr_par' dir='ltr' id='par_1_83' title="bbox 2270 2532 3854 2607">
     <span class='ocr_line' id='line_1_83' title="bbox 2270 2532 3854 2607; baseline -0.002 -19"><span class='ocrx_word' id='word_1_589' title='bbox 2270 2536 2517 2607; x_wconf 77' lang='grc' dir='ltr'>βήματος</span> <span class='ocrx_word' id='word_1_590' title='bbox 2565 2536 2596 2603; x_wconf 89' lang='grc' dir='ltr'><strong>ή</strong></span> <span class='ocrx_word' id='word_1_591' title='bbox 2642 2532 2885 2603; x_wconf 80' lang='grc' dir='ltr'>ἀνδρεία,</span> <span class='ocrx_word' id='word_1_592' title='bbox 2939 2532 3214 2603; x_wconf 81' lang='grc' dir='ltr'>διαφόροις</span> <span class='ocrx_word' id='word_1_593' title='bbox 3251 2532 3503 2602; x_wconf 81' lang='grc' dir='ltr'>ὀργάνοις</span> <span class='ocrx_word' id='word_1_594' title='bbox 3551 2550 3854 2603; x_wconf 78' lang='grc' dir='ltr'>τιμωρητιο</span> 
     </span>
    </p>
   </div>
   <div class='ocr_carea' id='block_1_84' title="bbox 2268 2625 3856 2697">
    <p class='ocr_par' dir='ltr' id='par_1_84' title="bbox 2268 2625 3856 2697">
     <span class='ocr_line' id='line_1_84' title="bbox 2268 2625 3856 2697; baseline -0.003 -14"><span class='ocrx_word' id='word_1_595' title='bbox 2268 2630 2383 2692; x_wconf 84' lang='grc' dir='ltr'>κοῖς</span> <span class='ocrx_word' id='word_1_596' title='bbox 2432 2627 2494 2680; x_wconf 85' lang='grc' dir='ltr'>τὸ</span> <span class='ocrx_word' id='word_1_597' title='bbox 2533 2627 2691 2697; x_wconf 85' lang='grc' dir='ltr'>σῶμα</span> <span class='ocrx_word' id='word_1_598' title='bbox 2724 2625 3095 2688; x_wconf 75' lang='grc' dir='ltr'>ἐϐασανίζετο.</span> <span class='ocrx_word' id='word_1_599' title='bbox 3132 2626 3242 2679; x_wconf 77' lang='grc' dir='ltr'>Καὶ</span> <span class='ocrx_word' id='word_1_600' title='bbox 3273 2626 3411 2697; x_wconf 73' lang='grc' dir='ltr'>πρὸς</span> <span class='ocrx_word' id='word_1_601' title='bbox 3442 2625 3678 2689; x_wconf 76' lang='grc' dir='ltr'>πολλοὺς</span> <span class='ocrx_word' id='word_1_602' title='bbox 3715 2625 3856 2693; x_wconf 81' lang='grc' dir='ltr'>λογι-</span> 
     </span>
    </p>
   </div>
   <div class='ocr_carea' id='block_1_85' title="bbox 2270 2714 3854 2793">
    <p class='ocr_par' dir='ltr' id='par_1_85' title="bbox 2270 2714 3854 2793">
     <span class='ocr_line' id='line_1_85' title="bbox 2270 2714 3854 2793; baseline -0.004 -17"><span class='ocrx_word' id='word_1_603' title='bbox 2270 2723 2441 2793; x_wconf 76' lang='grc' dir='ltr'>σμοὺς</span> <span class='ocrx_word' id='word_1_604' title='bbox 2463 2721 2556 2774; x_wconf 64' lang='grc' dir='ltr'>καλ⁵</span> <span class='ocrx_word' id='word_1_605' title='bbox 2586 2719 2873 2791; x_wconf 86' lang='grc' dir='ltr'>διαφόρους</span> <span class='ocrx_word' id='word_1_606' title='bbox 2910 2718 3284 2790; x_wconf 83' lang='grc' dir='ltr'>ἐπυργομάχει</span> <span class='ocrx_word' id='word_1_607' title='bbox 3310 2720 3377 2789; x_wconf 80' lang='grc' dir='ltr'>τῇ</span> <span class='ocrx_word' id='word_1_608' title='bbox 3414 2719 3635 2789; x_wconf 78' lang='grc' dir='ltr'>γνώμη,</span> <span class='ocrx_word' id='word_1_609' title='bbox 3666 2720 3729 2771; x_wconf 89' lang='grc' dir='ltr'>ἐν</span> <span class='ocrx_word' id='word_1_610' title='bbox 3777 2714 3854 2783; x_wconf 74' lang='grc' dir='ltr'>οἷς</span> 
     </span>
    </p>
   </div>
   <div class='ocr_carea' id='block_1_86' title="bbox 2268 2808 3856 2887">
    <p class='ocr_par' dir='ltr' id='par_1_86' title="bbox 2268 2808 3856 2887">
     <span class='ocr_line' id='line_1_86' title="bbox 2268 2808 3856 2887; baseline -0.004 -18"><span class='ocrx_word' id='word_1_611' title='bbox 2268 2815 2525 2887; x_wconf 85' lang='grc' dir='ltr'>ὀργάνοις</span> <span class='ocrx_word' id='word_1_612' title='bbox 2549 2813 2660 2866; x_wconf 90' lang='grc' dir='ltr'>τῶν</span> <span class='ocrx_word' id='word_1_613' title='bbox 2684 2810 2969 2883; x_wconf 82' lang='grc' dir='ltr'>τιμωριῶν</span> <span class='ocrx_word' id='word_1_614' title='bbox 3019 2811 3302 2882; x_wconf 85' lang='grc' dir='ltr'>ὼμότερός</span> <span class='ocrx_word' id='word_1_615' title='bbox 3344 2826 3428 2871; x_wconf 86' lang='grc' dir='ltr'>τις</span> <span class='ocrx_word' id='word_1_616' title='bbox 3476 2808 3856 2878; x_wconf 82' lang='grc' dir='ltr'>κολαστηρίων</span> 
     </span>
    </p>
   </div>
   <div class='ocr_carea' id='block_1_87' title="bbox 2256 2903 3857 2978">
    <p class='ocr_par' dir='ltr' id='par_1_87' title="bbox 2256 2903 3857 2978">
     <span class='ocr_line' id='line_1_87' title="bbox 2256 2903 3857 2978; baseline 0.001 -23"><span class='ocrx_word' id='word_1_617' title='bbox 2256 2906 2508 2978; x_wconf 86' lang='grc' dir='ltr'>,βάσανος</span> <span class='ocrx_word' id='word_1_618' title='bbox 2546 2904 2699 2975; x_wconf 83' lang='grc' dir='ltr'>παρά</span> <span class='ocrx_word' id='word_1_619' title='bbox 2726 2903 2819 2957; x_wconf 89' lang='grc' dir='ltr'>τοῦ</span> <span class='ocrx_word' id='word_1_620' title='bbox 2842 2904 2965 2956; x_wconf 90' lang='grc' dir='ltr'>τότε</span> <span class='ocrx_word' id='word_1_621' title='bbox 2985 2903 3300 2968; x_wconf 77' lang='grc' dir='ltr'>δικάζοντος</span> <span class='ocrx_word' id='word_1_622' title='bbox 3330 2903 3583 2974; x_wconf 76' lang='grc' dir='ltr'>εὓρηται.</span> <span class='ocrx_word' id='word_1_623' title='bbox 3628 2904 3857 2956; x_wconf 83' lang='grc' dir='ltr'>Κελεύει</span> 
     </span>
    </p>
   </div>
   <div class='ocr_carea' id='block_1_88' title="bbox 2270 2996 3858 3070">
    <p class='ocr_par' dir='ltr' id='par_1_88' title="bbox 2270 2996 3858 3070">
     <span class='ocr_line' id='line_1_88' title="bbox 2270 2996 3858 3070; baseline -0.001 -19"><span class='ocrx_word' id='word_1_624' title='bbox 2270 2998 2475 3070; x_wconf 82' lang='grc' dir='ltr'>λέϐητα</span> <span class='ocrx_word' id='word_1_625' title='bbox 2506 2998 2682 3069; x_wconf 87' lang='grc' dir='ltr'>μέγαν</span> <span class='ocrx_word' id='word_1_626' title='bbox 2714 2998 2881 3069; x_wconf 85' lang='grc' dir='ltr'>πίσσῃ</span> <span class='ocrx_word' id='word_1_627' title='bbox 2912 2996 3225 3067; x_wconf 86' lang='grc' dir='ltr'>πλησθέντα</span> <span class='ocrx_word' id='word_1_628' title='bbox 3265 2997 3630 3051; x_wconf 82' lang='grc' dir='ltr'>ὑποκαίεσθαι</span> <span class='ocrx_word' id='word_1_629' title='bbox 3669 2996 3858 3050; x_wconf 83' lang='grc' dir='ltr'>τοῦτον</span> 
     </span>
    </p>
   </div>
   <div class='ocr_carea' id='block_1_89' title="bbox 2274 3088 3859 3163">
    <p class='ocr_par' dir='ltr' id='par_1_89' title="bbox 2274 3088 3859 3163">
     <span class='ocr_line' id='line_1_89' title="bbox 2274 3088 3859 3163; baseline -0.001 -20"><span class='ocrx_word' id='word_1_630' title='bbox 2274 3090 2647 3163; x_wconf 79' lang='grc' dir='ltr'>λαμπροτάτῳ</span> <span class='ocrx_word' id='word_1_631' title='bbox 2688 3089 2842 3161; x_wconf 83' lang='grc' dir='ltr'>πυρί.</span> <span class='ocrx_word' id='word_1_632' title='bbox 2878 3089 3197 3162; x_wconf 81' lang='grc' dir='ltr'>Βραζούσης</span> <span class='ocrx_word' id='word_1_633' title='bbox 3228 3088 3321 3144; x_wconf 78' lang='grc' dir='ltr'>οῦν</span> <span class='ocrx_word' id='word_1_634' title='bbox 3366 3089 3466 3160; x_wconf 79' lang='grc' dir='ltr'>τῆς</span> <span class='ocrx_word' id='word_1_635' title='bbox 3507 3089 3734 3160; x_wconf 86' lang='grc' dir='ltr'>πίσσης,</span> <span class='ocrx_word' id='word_1_636' title='bbox 3768 3093 3859 3143; x_wconf 71' lang='grc' dir='ltr'>καὶ</span> 
     </span>
    </p>
   </div>
   <div class='ocr_carea' id='block_1_90' title="bbox 2277 3174 3855 3255">
    <p class='ocr_par' dir='ltr' id='par_1_90' title="bbox 2277 3174 3855 3255">
     <span class='ocr_line' id='line_1_90' title="bbox 2277 3174 3855 3255; baseline -0.001 -19"><span class='ocrx_word' id='word_1_637' title='bbox 2277 3184 2483 3255; x_wconf 80' lang='grc' dir='ltr'>σφόδρα</span> <span class='ocrx_word' id='word_1_638' title='bbox 2507 3182 2895 3253; x_wconf 79' lang='grc' dir='ltr'>ἐκκαιομένης,</span> <span class='ocrx_word' id='word_1_639' title='bbox 2931 3181 3244 3253; x_wconf 86' lang='grc' dir='ltr'>προέτεινεν</span> <span class='ocrx_word' id='word_1_640' title='bbox 3309 3182 3337 3234; x_wconf 87' lang='grc' dir='ltr'>ὁ</span> <span class='ocrx_word' id='word_1_641' title='bbox 3366 3183 3649 3253; x_wconf 78' lang='grc' dir='ltr'>ἀνήμερος</span> <span class='ocrx_word' id='word_1_642' title='bbox 3671 3174 3855 3252; x_wconf 70' lang='grc' dir='ltr'>ἅρχων</span> 
     </span>
    </p>
   </div>
   <div class='ocr_carea' id='block_1_91' title="bbox 2271 3273 3856 3350">
    <p class='ocr_par' dir='ltr' id='par_1_91' title="bbox 2271 3273 3856 3350">
     <span class='ocr_line' id='line_1_91' title="bbox 2271 3273 3856 3350; baseline -0.004 -18"><span class='ocrx_word' id='word_1_643' title='bbox 2271 3281 2337 3350; x_wconf 80' lang='grc' dir='ltr'>τῇ</span> <span class='ocrx_word' id='word_1_644' title='bbox 2374 3278 2622 3348; x_wconf 79' lang='grc' dir='ltr'>μακαρίᾳ</span> <span class='ocrx_word' id='word_1_645' title='bbox 2645 3274 2850 3346; x_wconf 82' lang='grc' dir='ltr'>ἐκείνῃ,</span> <span class='ocrx_word' id='word_1_646' title='bbox 2869 3274 3061 3344; x_wconf 83' lang='grc' dir='ltr'>λέγων,</span> <span class='ocrx_word' id='word_1_647' title='bbox 3094 3275 3177 3327; x_wconf 86' lang='grc' dir='ltr'>δτι</span> <span class='ocrx_word' id='word_1_648' title='bbox 3205 3275 3275 3327; x_wconf 85' lang='grc' dir='ltr'><strong>Ἢ</strong></span> <span class='ocrx_word' id='word_1_649' title='bbox 3299 3273 3525 3339; x_wconf 75' lang='grc' dir='ltr'>ἄπελθε,</span> <span class='ocrx_word' id='word_1_650' title='bbox 3546 3274 3856 3345; x_wconf 86' lang='grc' dir='ltr'>ὑποτάγηθι</span> 
     </span>
    </p>
   </div>
   <div class='ocr_carea' id='block_1_92' title="bbox 2270 3366 3854 3439">
    <p class='ocr_par' dir='ltr' id='par_1_92' title="bbox 2270 3366 3854 3439">
     <span class='ocr_line' id='line_1_92' title="bbox 2270 3366 3854 3439; baseline -0.003 -14"><span class='ocrx_word' id='word_1_651' title='bbox 2270 3373 2385 3434; x_wconf 84' lang='grc' dir='ltr'>τοῖς</span> <span class='ocrx_word' id='word_1_652' title='bbox 2411 3368 2680 3439; x_wconf 83' lang='grc' dir='ltr'>θελήμασι</span> <span class='ocrx_word' id='word_1_653' title='bbox 2715 3366 2979 3420; x_wconf 88' lang='grc' dir='ltr'>δεσπότου</span> <span class='ocrx_word' id='word_1_654' title='bbox 3021 3382 3152 3420; x_wconf 86' lang='grc' dir='ltr'>σου·</span> <span class='ocrx_word' id='word_1_655' title='bbox 3191 3366 3249 3437; x_wconf 78' lang='grc' dir='ltr'>ἢ,</span> <span class='ocrx_word' id='word_1_656' title='bbox 3302 3366 3391 3420; x_wconf 85' lang='grc' dir='ltr'>ῐνα</span> <span class='ocrx_word' id='word_1_657' title='bbox 3429 3366 3631 3420; x_wconf 80' lang='grc' dir='ltr'>εἰδέναι</span> <span class='ocrx_word' id='word_1_658' title='bbox 3687 3367 3854 3437; x_wconf 72' lang='grc' dir='ltr'>ἔχοις,</span> 
     </span>
    </p>
   </div>
   <div class='ocr_carea' id='block_1_93' title="bbox 2272 3458 3853 3531">
    <p class='ocr_par' dir='ltr' id='par_1_93' title="bbox 2272 3458 3853 3531">
     <span class='ocr_line' id='line_1_93' title="bbox 2272 3458 3853 3531; baseline -0.001 -15"><span class='ocrx_word' id='word_1_659' title='bbox 2272 3464 2329 3516; x_wconf 86' lang='grc' dir='ltr'>ἐν</span> <span class='ocrx_word' id='word_1_660' title='bbox 2365 3460 2443 3531; x_wconf 78' lang='grc' dir='ltr'>τῷ</span> <span class='ocrx_word' id='word_1_661' title='bbox 2476 3459 2667 3529; x_wconf 84' lang='grc' dir='ltr'>λέϐητί</span> <span class='ocrx_word' id='word_1_662' title='bbox 2706 3476 2765 3512; x_wconf 91' lang='grc' dir='ltr'>σε</span> <span class='ocrx_word' id='word_1_663' title='bbox 2810 3459 3243 3530; x_wconf 81' lang='grc' dir='ltr'>καταγγισθῆναι</span> <span class='ocrx_word' id='word_1_664' title='bbox 3276 3458 3503 3514; x_wconf 88' lang='grc' dir='ltr'>κελεύω.</span> <span class='ocrx_word' id='word_1_665' title='bbox 3547 3459 3616 3513; x_wconf 82' lang='grc' dir='ltr'><strong>Ἥ</strong></span> <span class='ocrx_word' id='word_1_666' title='bbox 3658 3460 3716 3513; x_wconf 81' lang='grc' dir='ltr'>δέ</span> <span class='ocrx_word' id='word_1_667' title='bbox 3750 3461 3853 3514; x_wconf 84' lang='grc' dir='ltr'>ἀπ-</span> 
     </span>
    </p>
   </div>
   <div class='ocr_carea' id='block_1_94' title="bbox 2273 3552 3553 3624">
    <p class='ocr_par' dir='ltr' id='par_1_94' title="bbox 2273 3552 3553 3624">
     <span class='ocr_line' id='line_1_94' title="bbox 2273 3552 3553 3624; baseline 0.001 -17"><span class='ocrx_word' id='word_1_668' title='bbox 2273 3553 2528 3624; x_wconf 87' lang='grc' dir='ltr'>εκρίνατο</span> <span class='ocrx_word' id='word_1_669' title='bbox 2571 3552 2849 3621; x_wconf 84' lang='grc' dir='ltr'>λέγουσα’</span> <span class='ocrx_word' id='word_1_670' title='bbox 2903 3552 2994 3623; x_wconf 82' lang='grc' dir='ltr'>Μὴ</span> <span class='ocrx_word' id='word_1_671' title='bbox 3040 3552 3255 3621; x_wconf 85' lang='grc' dir='ltr'>γένοιτο</span> <span class='ocrx_word' id='word_1_672' title='bbox 3309 3552 3553 3618; x_wconf 85' lang='grc' dir='ltr'>τοιοῦτος</span> 
     </span>
    </p>
   </div>
   <div class='ocr_carea' id='block_1_95' title="bbox 2274 3644 3855 3717">
    <p class='ocr_par' dir='ltr' id='par_1_95' title="bbox 2274 3644 3855 3717">
     <span class='ocr_line' id='line_1_95' title="bbox 2274 3644 3855 3717; baseline 0.003 -19"><span class='ocrx_word' id='word_1_673' title='bbox 2274 3646 2456 3707; x_wconf 84' lang='grc' dir='ltr'>ἄδικος</span> <span class='ocrx_word' id='word_1_674' title='bbox 2475 3644 2755 3717; x_wconf 81' lang='grc' dir='ltr'>δικαστὴς,</span> <span class='ocrx_word' id='word_1_675' title='bbox 2784 3645 2812 3697; x_wconf 85' lang='grc' dir='ltr'>ὀ</span> <span class='ocrx_word' id='word_1_676' title='bbox 2845 3645 3090 3699; x_wconf 87' lang='grc' dir='ltr'>κελεύων</span> <span class='ocrx_word' id='word_1_677' title='bbox 3112 3645 3506 3701; x_wconf 85' lang='grc' dir='ltr'>ύποτάττεσθαί</span> <span class='ocrx_word' id='word_1_678' title='bbox 3531 3664 3601 3717; x_wconf 89' lang='grc' dir='ltr'>με</span> <span class='ocrx_word' id='word_1_679' title='bbox 3624 3648 3855 3717; x_wconf 66' lang='grc' dir='ltr'>ἀσωτία.</span> 
     </span>
    </p>
   </div>
   <div class='ocr_carea' id='block_1_96' title="bbox 2281 3731 3857 3806">
    <p class='ocr_par' dir='ltr' id='par_1_96' title="bbox 2281 3731 3857 3806">
     <span class='ocr_line' id='line_1_96' title="bbox 2281 3731 3857 3806; baseline 0.001 -17"><span class='ocrx_word' id='word_1_680' title='bbox 2281 3734 2618 3806; x_wconf 72' lang='grc' dir='ltr'>Ἀπομανεὶς</span> <span class='ocrx_word' id='word_1_681' title='bbox 2647 3731 2740 3790; x_wconf 78' lang='grc' dir='ltr'>οὖν</span> <span class='ocrx_word' id='word_1_682' title='bbox 2795 3735 3024 3803; x_wconf 85' lang='grc' dir='ltr'>ἐκεῖνος,</span> <span class='ocrx_word' id='word_1_683' title='bbox 3056 3734 3271 3788; x_wconf 81' lang='grc' dir='ltr'>κελεύει</span> <span class='ocrx_word' id='word_1_684' title='bbox 3322 3734 3491 3806; x_wconf 79' lang='grc' dir='ltr'>αὑτὴν</span> <span class='ocrx_word' id='word_1_685' title='bbox 3535 3735 3857 3790; x_wconf 85' lang='grc' dir='ltr'>ἐκδυθείσαν</span> 
     </span>
    </p>
   </div>
   <div class='ocr_carea' id='block_1_97' title="bbox 2274 3820 3855 3899">
    <p class='ocr_par' dir='ltr' id='par_1_97' title="bbox 2274 3820 3855 3899">
     <span class='ocr_line' id='line_1_97' title="bbox 2274 3820 3855 3899; baseline 0.003 -22"><span class='ocrx_word' id='word_1_686' title='bbox 2274 3823 2611 3895; x_wconf 80' lang='grc' dir='ltr'>ἐμϐληθῆναι</span> <span class='ocrx_word' id='word_1_687' title='bbox 2666 3820 2743 3894; x_wconf 77' lang='grc' dir='ltr'>τῷ</span> <span class='ocrx_word' id='word_1_688' title='bbox 2778 3824 2987 3895; x_wconf 86' lang='grc' dir='ltr'>λέϐητι.</span> <span class='ocrx_word' id='word_1_689' title='bbox 3034 3825 3100 3878; x_wconf 79' lang='grc' dir='ltr'>Ἠ</span> <span class='ocrx_word' id='word_1_690' title='bbox 3146 3824 3204 3878; x_wconf 84' lang='grc' dir='ltr'>δέ</span> <span class='ocrx_word' id='word_1_691' title='bbox 3257 3826 3453 3897; x_wconf 86' lang='grc' dir='ltr'>ἀφίησι</span> <span class='ocrx_word' id='word_1_692' title='bbox 3517 3828 3726 3899; x_wconf 77' lang='grc' dir='ltr'>φωνὴν,</span> <span class='ocrx_word' id='word_1_693' title='bbox 3782 3831 3855 3881; x_wconf 62' lang='grc' dir='ltr'>είς</span> 
     </span>
    </p>
   </div>
   <div class='ocr_carea' id='block_1_98' title="bbox 2274 3916 3852 3993">
    <p class='ocr_par' dir='ltr' id='par_1_98' title="bbox 2274 3916 3852 3993">
     <span class='ocr_line' id='line_1_98' title="bbox 2274 3916 3852 3993; baseline 0.003 -24"><span class='ocrx_word' id='word_1_694' title='bbox 2274 3917 2469 3972; x_wconf 87' lang='grc' dir='ltr'>ποῦσα·</span> <span class='ocrx_word' id='word_1_695' title='bbox 2510 3917 2622 3988; x_wconf 82' lang='grc' dir='ltr'>Τὴν</span> <span class='ocrx_word' id='word_1_696' title='bbox 2655 3916 2897 3988; x_wconf 81' lang='grc' dir='ltr'>κεφαλὴν</span> <span class='ocrx_word' id='word_1_697' title='bbox 2917 3916 3010 3969; x_wconf 80' lang='grc' dir='ltr'>τοῦ</span> <span class='ocrx_word' id='word_1_698' title='bbox 3044 3917 3309 3987; x_wconf 85' lang='grc' dir='ltr'>βασιλέως</span> <span class='ocrx_word' id='word_1_699' title='bbox 3345 3936 3461 3985; x_wconf 88' lang='grc' dir='ltr'>σου,</span> <span class='ocrx_word' id='word_1_700' title='bbox 3497 3919 3559 3973; x_wconf 81' lang='grc' dir='ltr'>ὃν</span> <span class='ocrx_word' id='word_1_701' title='bbox 3583 3921 3651 3973; x_wconf 74' lang='grc' dir='ltr'>σὺ</span> <span class='ocrx_word' id='word_1_702' title='bbox 3691 3921 3852 3993; x_wconf 78' lang='grc' dir='ltr'>φοϐῇ,</span> 
     </span>
    </p>
   </div>
   <div class='ocr_carea' id='block_1_99' title="bbox 2273 4007 3855 4085">
    <p class='ocr_par' dir='ltr' id='par_1_99' title="bbox 2273 4007 3855 4085">
     <span class='ocr_line' id='line_1_99' title="bbox 2273 4007 3855 4085; baseline 0.002 -23"><span class='ocrx_word' id='word_1_703' title='bbox 2273 4010 2322 4062; x_wconf 86' lang='grc' dir='ltr'>εί</span> <span class='ocrx_word' id='word_1_704' title='bbox 2379 4008 2630 4081; x_wconf 85' lang='grc' dir='ltr'>κέκριταί</span> <span class='ocrx_word' id='word_1_705' title='bbox 2666 4026 2748 4062; x_wconf 91' lang='grc' dir='ltr'>σοι</span> <span class='ocrx_word' id='word_1_706' title='bbox 2787 4008 2846 4061; x_wconf 82' lang='grc' dir='ltr'>τὸ</span> <span class='ocrx_word' id='word_1_707' title='bbox 2912 4007 3087 4074; x_wconf 75' lang='grc' dir='ltr'>οὕτως</span> <span class='ocrx_word' id='word_1_708' title='bbox 3160 4028 3227 4081; x_wconf 91' lang='grc' dir='ltr'>με</span> <span class='ocrx_word' id='word_1_709' title='bbox 3286 4012 3855 4085; x_wconf 72' lang='grc' dir='ltr'>τιμωρήσασθαι,’μὴ</span> 
     </span>
    </p>
   </div>
   <div class='ocr_carea' id='block_1_100' title="bbox 2274 4101 3853 4177">
    <p class='ocr_par' dir='ltr' id='par_1_100' title="bbox 2274 4101 3853 4177">
     <span class='ocr_line' id='line_1_100' title="bbox 2274 4101 3853 4177; baseline 0.003 -21"><span class='ocrx_word' id='word_1_710' title='bbox 2274 4101 2537 4173; x_wconf 81' lang='grc' dir='ltr'>κελεύσῃς</span> <span class='ocrx_word' id='word_1_711' title='bbox 2607 4119 2673 4172; x_wconf 88' lang='grc' dir='ltr'>με</span> <span class='ocrx_word' id='word_1_712' title='bbox 2750 4101 3065 4172; x_wconf 80' lang='grc' dir='ltr'>ἐκδυθῆναι,</span> <span class='ocrx_word' id='word_1_713' title='bbox 3120 4102 3257 4157; x_wconf 86' lang='grc' dir='ltr'>ἀλλά</span> <span class='ocrx_word' id='word_1_714' title='bbox 3330 4105 3452 4157; x_wconf 84' lang='grc' dir='ltr'>κατ’</span> <span class='ocrx_word' id='word_1_715' title='bbox 3524 4106 3711 4175; x_wconf 82' lang='grc' dir='ltr'>ὀλίγον</span> <span class='ocrx_word' id='word_1_716' title='bbox 3788 4125 3853 4177; x_wconf 88' lang='grc' dir='ltr'>με</span> 
     </span>
    </p>
   </div>
   <div class='ocr_carea' id='block_1_101' title="bbox 2274 4195 3852 4272">
    <p class='ocr_par' dir='ltr' id='par_1_101' title="bbox 2274 4195 3852 4272">
     <span class='ocr_line' id='line_1_101' title="bbox 2274 4195 3852 4272; baseline 0.004 -24"><span class='ocrx_word' id='word_1_717' title='bbox 2274 4196 2579 4267; x_wconf 77' lang='grc' dir='ltr'>πρόσταξον</span> <span class='ocrx_word' id='word_1_718' title='bbox 2620 4197 2677 4247; x_wconf 88' lang='grc' dir='ltr'>ἐν</span> <span class='ocrx_word' id='word_1_719' title='bbox 2727 4198 2793 4267; x_wconf 78' lang='grc' dir='ltr'>τῇ</span> <span class='ocrx_word' id='word_1_720' title='bbox 2854 4195 3129 4267; x_wconf 76' lang='grc' dir='ltr'>βραζούσῃ</span> <span class='ocrx_word' id='word_1_721' title='bbox 3188 4197 3355 4272; x_wconf 71' lang='grc' dir='ltr'>πίσσῃ</span> <span class='ocrx_word' id='word_1_722' title='bbox 3416 4200 3852 4270; x_wconf 76' lang='grc' dir='ltr'>καταχαλᾶσθαι,</span> 
     </span>
    </p>
   </div>
   <div class='ocr_carea' id='block_1_102' title="bbox 2275 4286 3851 4365">
    <p class='ocr_par' dir='ltr' id='par_1_102' title="bbox 2275 4286 3851 4365">
     <span class='ocr_line' id='line_1_102' title="bbox 2275 4286 3851 4365; baseline 0.003 -24"><span class='ocrx_word' id='word_1_723' title='bbox 2275 4289 2360 4341; x_wconf 83' lang='grc' dir='ltr'>ἴνα</span> <span class='ocrx_word' id='word_1_724' title='bbox 2392 4288 2507 4359; x_wconf 75' lang='grc' dir='ltr'>ἴδῃς</span> <span class='ocrx_word' id='word_1_725' title='bbox 2542 4287 2714 4355; x_wconf 79' lang='grc' dir='ltr'>πόσην</span> <span class='ocrx_word' id='word_1_726' title='bbox 2754 4286 3034 4357; x_wconf 76' lang='grc' dir='ltr'>ὑπομονήν</span> <span class='ocrx_word' id='word_1_727' title='bbox 3061 4306 3151 4360; x_wconf 86' lang='grc' dir='ltr'>μοι</span> <span class='ocrx_word' id='word_1_728' title='bbox 3210 4290 3507 4359; x_wconf 83' lang='grc' dir='ltr'>ἐχαρίσατο</span> <span class='ocrx_word' id='word_1_729' title='bbox 3542 4294 3569 4345; x_wconf 83' lang='grc' dir='ltr'>ὁ</span> <span class='ocrx_word' id='word_1_730' title='bbox 3619 4294 3851 4365; x_wconf 77' lang='grc' dir='ltr'>Χριστὸς</span> 
     </span>
    </p>
   </div>
   <div class='ocr_carea' id='block_1_103' title="bbox 2272 4379 3848 4455">
    <p class='ocr_par' dir='ltr' id='par_1_103' title="bbox 2272 4379 3848 4455">
     <span class='ocr_line' id='line_1_103' title="bbox 2272 4379 3848 4455; baseline 0.004 -22"><span class='ocrx_word' id='word_1_731' title='bbox 2272 4379 2330 4434; x_wconf 75' lang='grc' dir='ltr'>ὃν</span> <span class='ocrx_word' id='word_1_732' title='bbox 2366 4379 2429 4432; x_wconf 74' lang='grc' dir='ltr'>συ</span> <span class='ocrx_word' id='word_1_733' title='bbox 2462 4380 2695 4447; x_wconf 88' lang='grc' dir='ltr'>ἀγνοεῖς.</span> <span class='ocrx_word' id='word_1_734' title='bbox 2730 4381 2841 4433; x_wconf 68' lang='grc' dir='ltr'>Καὶ</span> <span class='ocrx_word' id='word_1_735' title='bbox 2863 4380 3197 4451; x_wconf 73' lang='grc' dir='ltr'>χαλασθεῖσα</span> <span class='ocrx_word' id='word_1_736' title='bbox 3224 4382 3365 4436; x_wconf 85' lang='grc' dir='ltr'>κατά</span> <span class='ocrx_word' id='word_1_737' title='bbox 3404 4384 3626 4455; x_wconf 66' lang='grc' dir='ltr'>μικρὸν,</span> <span class='ocrx_word' id='word_1_738' title='bbox 3657 4385 3733 4449; x_wconf 82' lang='grc' dir='ltr'>ὡς</span> <span class='ocrx_word' id='word_1_739' title='bbox 3765 4387 3848 4439; x_wconf 80' lang='grc' dir='ltr'>ἐπὶ</span> 
     </span>
    </p>
   </div>
   <div class='ocr_carea' id='block_1_104' title="bbox 2195 4471 3851 4570">
    <p class='ocr_par' dir='ltr' id='par_1_104' title="bbox 2195 4471 3851 4570">
     <span class='ocr_line' id='line_1_104' title="bbox 2195 4471 3851 4570; baseline 0.005 -46"><span class='ocrx_word' id='word_1_740' title='bbox 2195 4510 2250 4570; x_wconf 83' lang='lat' dir='ltr'><strong>D</strong></span> <span class='ocrx_word' id='word_1_741' title='bbox 2276 4471 2585 4543; x_wconf 81' lang='grc' dir='ltr'>παρατάσει</span> <span class='ocrx_word' id='word_1_742' title='bbox 2618 4472 2776 4542; x_wconf 83' lang='grc' dir='ltr'>ὡρῶν</span> <span class='ocrx_word' id='word_1_743' title='bbox 2817 4472 3007 4542; x_wconf 81' lang='grc' dir='ltr'>τριῶν,</span> <span class='ocrx_word' id='word_1_744' title='bbox 3053 4474 3226 4537; x_wconf 69' lang='grc' dir='ltr'>οὕτως</span> <span class='ocrx_word' id='word_1_745' title='bbox 3274 4475 3525 4545; x_wconf 59' lang='grc' dir='ltr'>ἐξέψυξεν</span> <span class='ocrx_word' id='word_1_746' title='bbox 3569 4477 3851 4549; x_wconf 79' lang='grc' dir='ltr'>φθατάσης</span> 
     </span>
    </p>
   </div>
   <div class='ocr_carea' id='block_1_105' title="bbox 2274 4562 3193 4642">
    <p class='ocr_par' dir='ltr' id='par_1_105' title="bbox 2274 4562 3193 4642">
     <span class='ocr_line' id='line_1_105' title="bbox 2274 4562 3193 4642; baseline 0.002 -26"><span class='ocrx_word' id='word_1_747' title='bbox 2274 4564 2371 4634; x_wconf 83' lang='grc' dir='ltr'>τῆς</span> <span class='ocrx_word' id='word_1_748' title='bbox 2404 4562 2601 4632; x_wconf 83' lang='grc' dir='ltr'>πίσσης</span> <span class='ocrx_word' id='word_1_749' title='bbox 2635 4562 2763 4633; x_wconf 78' lang='grc' dir='ltr'>περὶ</span> <span class='ocrx_word' id='word_1_750' title='bbox 2781 4562 2878 4642; x_wconf 60' lang='grc' dir='ltr'>τὸν</span> <span class='ocrx_word' id='word_1_751' title='bbox 2903 4563 3193 4635; x_wconf 80' lang='grc' dir='ltr'>τράχηλον.</span> 
     </span>
    </p>
   </div>
   <div class='ocr_carea' id='block_1_106' title="bbox 2784 4651 3250 4731">
    <p class='ocr_par' dir='ltr' id='par_1_106' title="bbox 2784 4651 3250 4731">
     <span class='ocr_line' id='line_1_106' title="bbox 2784 4651 3250 4731; baseline 0.011 -5"><span class='ocrx_word' id='word_1_752' title='bbox 2784 4651 2800 4673; x_wconf 90' lang='lat'>&#39;</span> <span class='ocrx_word' id='word_1_753' title='bbox 2875 4672 3126 4729; x_wconf 71' lang='grc' dir='ltr'>ΚΕΦΑΛ.</span> <span class='ocrx_word' id='word_1_754' title='bbox 3177 4678 3250 4731; x_wconf 65' lang='grc' dir='ltr'>Δί.</span> 
     </span>
    </p>
   </div>
   <div class='ocr_carea' id='block_1_107' title="bbox 2836 4767 3275 4836">
    <p class='ocr_par' dir='ltr' id='par_1_107' title="bbox 2836 4767 3275 4836">
     <span class='ocr_line' id='line_1_107' title="bbox 2836 4767 3275 4836; baseline 0 -15"><span class='ocrx_word' id='word_1_755' title='bbox 2836 4767 2975 4836; x_wconf 77' lang='grc' dir='ltr'>Περὶ</span> <span class='ocrx_word' id='word_1_756' title='bbox 2996 4767 3275 4836; x_wconf 76' lang='grc' dir='ltr'>Διδίνμου.</span> 
     </span>
    </p>
   </div>
   <div class='ocr_carea' id='block_1_108' title="bbox 2342 4854 3854 4936">
    <p class='ocr_par' dir='ltr' id='par_1_108' title="bbox 2342 4854 3854 4936">
     <span class='ocr_line' id='line_1_108' title="bbox 2342 4854 3854 4936; baseline 0.003 -23"><span class='ocrx_word' id='word_1_757' title='bbox 2342 4859 2605 4913; x_wconf 88' lang='grc' dir='ltr'>Πλεῖστον</span> <span class='ocrx_word' id='word_1_758' title='bbox 2661 4860 2760 4929; x_wconf 79' lang='grc' dir='ltr'>μέν</span> <span class='ocrx_word' id='word_1_759' title='bbox 2811 4854 2904 4913; x_wconf 76' lang='grc' dir='ltr'>οὖν</span> <span class='ocrx_word' id='word_1_760' title='bbox 2962 4859 3216 4929; x_wconf 89' lang='grc' dir='ltr'>σύστημα</span> <span class='ocrx_word' id='word_1_761' title='bbox 3247 4860 3410 4929; x_wconf 90' lang='grc' dir='ltr'>χοροῦ</span> <span class='ocrx_word' id='word_1_762' title='bbox 3454 4861 3613 4929; x_wconf 81' lang='grc' dir='ltr'>ἁγίου</span> <span class='ocrx_word' id='word_1_763' title='bbox 3649 4864 3854 4936; x_wconf 83' lang='grc' dir='ltr'>ἀνδρῶν</span> 
     </span>
    </p>
   </div>
   <div class='ocr_carea' id='block_1_109' title="bbox 2270 4950 3853 5023">
    <p class='ocr_par' dir='ltr' id='par_1_109' title="bbox 2270 4950 3853 5023">
     <span class='ocr_line' id='line_1_109' title="bbox 2270 4950 3853 5023; baseline 0.002 -16"><span class='ocrx_word' id='word_1_764' title='bbox 2270 4970 2330 5007; x_wconf 83' lang='grc' dir='ltr'>τε</span> <span class='ocrx_word' id='word_1_765' title='bbox 2363 4952 2760 5022; x_wconf 78' lang='grc' dir='ltr'>καὶγυναικῶν</span> <span class='ocrx_word' id='word_1_766' title='bbox 2794 4950 3191 5021; x_wconf 78' lang='grc' dir='ltr'>ἐτελειώθησαν</span> <span class='ocrx_word' id='word_1_767' title='bbox 3223 4953 3345 5006; x_wconf 87' lang='grc' dir='ltr'>τότε</span> <span class='ocrx_word' id='word_1_768' title='bbox 3396 4954 3452 5006; x_wconf 87' lang='grc' dir='ltr'>ἐν</span> <span class='ocrx_word' id='word_1_769' title='bbox 3494 4958 3561 5023; x_wconf 84' lang='grc' dir='ltr'>τῇ</span> <span class='ocrx_word' id='word_1_770' title='bbox 3609 4957 3853 5023; x_wconf 76' lang='grc' dir='ltr'>Ἀλεξαν-</span> 
     </span>
    </p>
   </div>
   <div class='ocr_carea' id='block_1_110' title="bbox 2269 5040 3849 5117">
    <p class='ocr_par' dir='ltr' id='par_1_110' title="bbox 2269 5040 3849 5117">
     <span class='ocr_line' id='line_1_110' title="bbox 2269 5040 3849 5117; baseline 0.003 -19"><span class='ocrx_word' id='word_1_771' title='bbox 2269 5044 2441 5116; x_wconf 86' lang='grc' dir='ltr'>δρέων</span> <span class='ocrx_word' id='word_1_772' title='bbox 2508 5043 2831 5114; x_wconf 76' lang='grc' dir='ltr'>Ἐκκλησία,</span> <span class='ocrx_word' id='word_1_773' title='bbox 2860 5040 3001 5107; x_wconf 82' lang='grc' dir='ltr'>ἄξιοι</span> <span class='ocrx_word' id='word_1_774' title='bbox 3047 5043 3365 5112; x_wconf 82' lang='grc' dir='ltr'>εὑρεθέντες</span> <span class='ocrx_word' id='word_1_775' title='bbox 3424 5045 3524 5115; x_wconf 81' lang='grc' dir='ltr'>τῆς</span> <span class='ocrx_word' id='word_1_776' title='bbox 3571 5048 3678 5117; x_wconf 83' lang='grc' dir='ltr'>γῆς</span> <span class='ocrx_word' id='word_1_777' title='bbox 3750 5048 3849 5103; x_wconf 83' lang='grc' dir='ltr'>τῶν</span> 
     </span>
    </p>
   </div>
   <div class='ocr_carea' id='block_1_111' title="bbox 2271 5128 3847 5213">
    <p class='ocr_par' dir='ltr' id='par_1_111' title="bbox 2271 5128 3847 5213">
     <span class='ocr_line' id='line_1_111' title="bbox 2271 5128 3847 5213; baseline 0.002 -23"><span class='ocrx_word' id='word_1_778' title='bbox 2271 5136 2511 5209; x_wconf 80' lang='grc' dir='ltr'>πραέων.</span> <span class='ocrx_word' id='word_1_779' title='bbox 2554 5134 2643 5188; x_wconf 88' lang='grc' dir='ltr'>Ἐν</span> <span class='ocrx_word' id='word_1_780' title='bbox 2669 5128 2750 5199; x_wconf 74' lang='grc' dir='ltr'>οἷς</span> <span class='ocrx_word' id='word_1_781' title='bbox 2779 5134 3080 5189; x_wconf 80' lang='grc' dir='ltr'>τελειοῦται</span> <span class='ocrx_word' id='word_1_782' title='bbox 3116 5136 3208 5189; x_wconf 74' lang='grc' dir='ltr'>καὶ</span> <span class='ocrx_word' id='word_1_783' title='bbox 3256 5139 3284 5189; x_wconf 85' lang='grc' dir='ltr'>ὀ</span> <span class='ocrx_word' id='word_1_784' title='bbox 3322 5138 3595 5209; x_wconf 88' lang='grc' dir='ltr'>μακάριος</span> <span class='ocrx_word' id='word_1_785' title='bbox 3619 5141 3847 5213; x_wconf 75' lang='grc' dir='ltr'>Δίδυμος</span> 
     </span>
    </p>
   </div>
   <div class='ocr_carea' id='block_1_112' title="bbox 2268 5228 3850 5303">
    <p class='ocr_par' dir='ltr' id='par_1_112' title="bbox 2268 5228 3850 5303">
     <span class='ocr_line' id='line_1_112' title="bbox 2268 5228 3850 5303; baseline 0.003 -19"><span class='ocrx_word' id='word_1_786' title='bbox 2268 5232 2297 5284; x_wconf 89' lang='grc' dir='ltr'>ὀ</span> <span class='ocrx_word' id='word_1_787' title='bbox 2330 5231 2681 5303; x_wconf 80' lang='grc' dir='ltr'>συγγραφεὺς</span> <span class='ocrx_word' id='word_1_788' title='bbox 2714 5230 2743 5282; x_wconf 86' lang='grc' dir='ltr'>ό</span> <span class='ocrx_word' id='word_1_789' title='bbox 2806 5228 2915 5282; x_wconf 77' lang='grc' dir='ltr'>ἀπὸ</span> <span class='ocrx_word' id='word_1_790' title='bbox 2962 5229 3226 5300; x_wconf 76' lang='grc' dir='ltr'>ὀμμάτων</span> <span class='ocrx_word' id='word_1_791' title='bbox 3280 5232 3593 5301; x_wconf 79' lang='grc' dir='ltr'>γενόμενος,</span> <span class='ocrx_word' id='word_1_792' title='bbox 3645 5230 3710 5289; x_wconf 68' lang='grc' dir='ltr'>οὗ</span> <span class='ocrx_word' id='word_1_793' title='bbox 3762 5236 3850 5291; x_wconf 80' lang='grc' dir='ltr'>καὶ</span> 
     </span>
    </p>
   </div>
   <div class='ocr_carea' id='block_1_113' title="bbox 2273 5319 3848 5398">
    <p class='ocr_par' dir='ltr' id='par_1_113' title="bbox 2273 5319 3848 5398">
     <span class='ocr_line' id='line_1_113' title="bbox 2273 5319 3848 5398; baseline 0.003 -24"><span class='ocrx_word' id='word_1_794' title='bbox 2273 5320 2561 5391; x_wconf 88' lang='grc' dir='ltr'>συντυχίας</span> <span class='ocrx_word' id='word_1_795' title='bbox 2590 5319 2798 5391; x_wconf 73' lang='grc' dir='ltr'>ἔσχηκα</span> <span class='ocrx_word' id='word_1_796' title='bbox 2821 5320 3118 5389; x_wconf 83' lang='grc' dir='ltr'>τέσσαρας,</span> <span class='ocrx_word' id='word_1_797' title='bbox 3146 5322 3209 5373; x_wconf 85' lang='grc' dir='ltr'>ἐκ</span> <span class='ocrx_word' id='word_1_798' title='bbox 3234 5320 3646 5392; x_wconf 82' lang='grc' dir='ltr'>διαλειμμάτων</span> <span class='ocrx_word' id='word_1_799' title='bbox 3679 5328 3848 5398; x_wconf 71' lang='lat' dir='ltr'>dmp-</span> 
     </span>
    </p>
   </div>
   <div class='ocr_carea' id='block_1_114' title="bbox 2269 5410 3846 5485">
    <p class='ocr_par' dir='ltr' id='par_1_114' title="bbox 2269 5410 3846 5485">
     <span class='ocr_line' id='line_1_114' title="bbox 2269 5410 3846 5485; baseline 0.004 -20"><span class='ocrx_word' id='word_1_800' title='bbox 2269 5412 2501 5485; x_wconf 88' lang='grc' dir='ltr'>χόμενος</span> <span class='ocrx_word' id='word_1_801' title='bbox 2546 5411 2684 5484; x_wconf 80' lang='grc' dir='ltr'>πρὸς</span> <span class='ocrx_word' id='word_1_802' title='bbox 2752 5411 2913 5464; x_wconf 68' lang='grc' dir='ltr'>αὑτὶν</span> <span class='ocrx_word' id='word_1_803' title='bbox 2959 5412 3053 5465; x_wconf 68' lang='grc' dir='ltr'>ἐπὶ</span> <span class='ocrx_word' id='word_1_804' title='bbox 3098 5411 3231 5465; x_wconf 79' lang='grc' dir='ltr'>δέκα</span> <span class='ocrx_word' id='word_1_805' title='bbox 3278 5410 3395 5482; x_wconf 82' lang='grc' dir='ltr'>ἔτη.</span> <span class='ocrx_word' id='word_1_806' title='bbox 3448 5414 3766 5470; x_wconf 84' lang='grc' dir='ltr'>Τελειοῦται</span> <span class='ocrx_word' id='word_1_807' title='bbox 3795 5418 3846 5471; x_wconf 80' lang='grc' dir='ltr'>δὲ</span> 
     </span>
    </p>
   </div>
   <div class='ocr_carea' id='block_1_115' title="bbox 2274 5494 3847 5577">
    <p class='ocr_par' dir='ltr' id='par_1_115' title="bbox 2274 5494 3847 5577">
     <span class='ocr_line' id='line_1_115' title="bbox 2274 5494 3847 5577; baseline 0.003 -19"><span class='ocrx_word' id='word_1_808' title='bbox 2274 5500 2449 5570; x_wconf 68' lang='grc' dir='ltr'>οὗτος,</span> <span class='ocrx_word' id='word_1_809' title='bbox 2484 5502 2620 5557; x_wconf 83' lang='grc' dir='ltr'>ἐτῶν</span> <span class='ocrx_word' id='word_1_810' title='bbox 2656 5502 2990 5574; x_wconf 73' lang='grc' dir='ltr'>ὀγδοήκοντα</span> <span class='ocrx_word' id='word_1_811' title='bbox 3023 5502 3211 5556; x_wconf 88' lang='grc' dir='ltr'>πέντε.</span> <span class='ocrx_word' id='word_1_812' title='bbox 3241 5494 3411 5567; x_wconf 74' lang='grc' dir='ltr'>Οὗτος</span> <span class='ocrx_word' id='word_1_813' title='bbox 3448 5504 3543 5557; x_wconf 78' lang='grc' dir='ltr'>ἀπ’</span> <span class='ocrx_word' id='word_1_814' title='bbox 3587 5507 3847 5577; x_wconf 86' lang='grc' dir='ltr'>ὀμμάτων</span> 
     </span>
    </p>
   </div>
   <div class='ocr_carea' id='block_1_116' title="bbox 2272 5598 3847 5671">
    <p class='ocr_par' dir='ltr' id='par_1_116' title="bbox 2272 5598 3847 5671">
     <span class='ocr_line' id='line_1_116' title="bbox 2272 5598 3847 5671; baseline 0.001 -17"><span class='ocrx_word' id='word_1_815' title='bbox 2272 5602 2540 5671; x_wconf 86' lang='grc' dir='ltr'>ὑπῆρχεν,</span> <span class='ocrx_word' id='word_1_816' title='bbox 2571 5599 2647 5663; x_wconf 84' lang='grc' dir='ltr'>ὡς</span> <span class='ocrx_word' id='word_1_817' title='bbox 2678 5599 2840 5663; x_wconf 81' lang='grc' dir='ltr'>αὑτός</span> <span class='ocrx_word' id='word_1_818' title='bbox 2897 5616 2989 5670; x_wconf 92' lang='grc' dir='ltr'>μοι</span> <span class='ocrx_word' id='word_1_819' title='bbox 3018 5598 3340 5669; x_wconf 87' lang='grc' dir='ltr'>διηγήσατο,</span> <span class='ocrx_word' id='word_1_820' title='bbox 3398 5601 3700 5671; x_wconf 83' lang='grc' dir='ltr'>τετραέτης</span> <span class='ocrx_word' id='word_1_821' title='bbox 3754 5603 3847 5666; x_wconf 69' lang='grc' dir='ltr'>τὰς</span> 
     </span>
    </p>
   </div>
   <div class='ocr_carea' id='block_1_117' title="bbox 2266 5688 3845 5763">
    <p class='ocr_par' dir='ltr' id='par_1_117' title="bbox 2266 5688 3845 5763">
     <span class='ocr_line' id='line_1_117' title="bbox 2266 5688 3845 5763; baseline -0.003 -18"><span class='ocrx_word' id='word_1_822' title='bbox 2266 5692 2423 5762; x_wconf 60' lang='grc' dir='ltr'>ὀψεις</span> <span class='ocrx_word' id='word_1_823' title='bbox 2470 5688 2783 5757; x_wconf 83' lang='grc' dir='ltr'>ἀποϐαλὼν,</span> <span class='ocrx_word' id='word_1_824' title='bbox 2869 5691 3007 5761; x_wconf 84' lang='grc' dir='ltr'>μήτε</span> <span class='ocrx_word' id='word_1_825' title='bbox 3062 5690 3409 5761; x_wconf 86' lang='grc' dir='ltr'>γραμμάτων</span> <span class='ocrx_word' id='word_1_826' title='bbox 3491 5699 3845 5763; x_wconf 76' lang='grc' dir='ltr'>μεμαθηκὼς,</span> 
     </span>
    </p>
   </div>
   <div class='ocr_carea' id='block_1_118' title="bbox 2208 5778 3847 5879">
    <p class='ocr_par' dir='ltr' id='par_1_118' title="bbox 2208 5778 3847 5879">
     <span class='ocr_line' id='line_1_118' title="bbox 2208 5778 3847 5879; baseline -0.002 -38"><span class='ocrx_word' id='word_1_827' title='bbox 2208 5868 2221 5877; x_wconf 38' lang='lat'><em>.</em></span> <span class='ocrx_word' id='word_1_828' title='bbox 2275 5791 2409 5879; x_wconf 52' lang='grc' dir='ltr'>μήτε</span> <span class='ocrx_word' id='word_1_829' title='bbox 2446 5786 2593 5859; x_wconf 82' lang='grc' dir='ltr'>παρά</span> <span class='ocrx_word' id='word_1_830' title='bbox 2627 5783 2971 5847; x_wconf 71' lang='grc' dir='ltr'>διδασκάλοις</span> <span class='ocrx_word' id='word_1_831' title='bbox 2994 5782 3283 5853; x_wconf 78' lang='grc' dir='ltr'>φοιτήσας“</span> <span class='ocrx_word' id='word_1_832' title='bbox 3310 5778 3419 5853; x_wconf 80' lang='grc' dir='ltr'>εἷχε</span> <span class='ocrx_word' id='word_1_833' title='bbox 3454 5782 3558 5856; x_wconf 80' lang='grc' dir='ltr'>γὰρ</span> <span class='ocrx_word' id='word_1_834' title='bbox 3591 5784 3682 5839; x_wconf 60' lang='grc' dir='ltr'>τὸν</span> <span class='ocrx_word' id='word_1_835' title='bbox 3712 5785 3847 5840; x_wconf 75' lang='grc' dir='ltr'>κατά</span> 
     </span>
    </p>
   </div>
   <div class='ocr_carea' id='block_1_119' title="bbox 3630 3554 3968 3609">
    <p class='ocr_par' dir='ltr' id='par_1_119' title="bbox 3630 3554 3968 3609">
     <span class='ocr_line' id='line_1_119' title="bbox 3630 3554 3968 3609; baseline 0.003 -1"><span class='ocrx_word' id='word_1_836' title='bbox 3630 3554 3854 3609; x_wconf 82' lang='grc' dir='ltr'>πώποτε</span> <span class='ocrx_word' id='word_1_837' title='bbox 3957 3558 3968 3571; x_wconf 81' lang='lat'><strong><em>‘</em></strong></span> 
     </span>
    </p>
   </div>
  </div>
