4060 6520
210 346 340 403 1015

1446 340 1760 400 HISTORIA
1802 328 2163 399 LAUSIACA.

2891 321 2923 356 '
3282 342 3420 398 ιοιι

197 466 346 525 Cellae
392 465 717 534 eremiticaz,
758 464 973 533 circiter
1019 464 1203 534 quinto
1256 465 1324 517 ab
1363 478 1414 516 ιιι
1431 464 1494 516 be
1551 460 1747 530 lapide.
1778 461 1832 520 Α
1861 466 1919 513 ιιι
1979 456 2223 513 manebis
2266 472 2534 527 nunquam
2590 456 2810 513 bibens?
2856 458 2969 528 Ipse
3013 468 3188 515 autem
3232 474 3263 515 e
3291 463 3421 517 cella

801 601 1026 658 CAPUT
1060 600 1117 658 II.

609 712 891 768 Dorotheus
929 712 1005 783 ('5)
1038 712 1322 767 Thebanus.

260 825 327 882 Et
350 839 435 881 me
462 824 625 881 tradit
650 825 858 880 cuidam
886 824 1151 880 Dorotheo
1176 823 1518 880 exercitatori
1541 822 1754 879 Theba-

191 918 674 987 ntrsexagesimum
701 932 899 972 annum
925 917 1103 988 agenti
1132 915 1186 971 in
1211 917 1489 986 spelunca,
1530 926 1585 971 et
1601 916 1751 986 jubet

193 1025 275 1066 me
301 1010 520 1078 implere
547 1009 686 1079 apud
714 1009 884 1078 ipsum
902 1018 1012 1063 tres
1033 1022 1199 1062 annos
1225 1006 1290 1062 ad
1314 1006 1607 1061 domandas
1639 1008 1755 1060 ani-

192 1102 263 1157 mi
292 1100 709 1170 perturbationes
746 1098 970 1171 (sciebat
1005 1099 1149 1154 enim
1197 1113 1379 1154 senem
1403 1112 1562 1168 agere
1590 1098 1750 1153 vitam

189 1193 468 1248 admodum
491 1192 677 1245 duram
709 1201 763 1246 et
786 1190 1074 1260 asperam),
1100 1200 1154 1247 et
1184 1200 1459 1261 postquam
1490 1206 1750 1246 annorum

189 1297 462 1338 numerum
477 1282 803 1350 implessem,
832 1296 1014 1336 rursus
1034 1280 1098 1336 ad
1121 1296 1241 1337 eum
1265 1290 1582 1350 reverterer,
1606 1297 1753 1336 man-

185 1373 328 1427 davit
351 1373 420 1428 ob
436 1372 695 1441 reliquam
719 1372 1014 1428 doctrinam
1042 1371 1356 1442 spiritalem.
1413 1371 1544 1428 Cum
1573 1382 1750 1429 autem

188 1481 291 1523 non
330 1465 629 1533 potuissem
668 1464 806 1534 apud
846 1480 968 1521 eum
1021 1465 1569 1532 implere/numerum
1593 1465 1752 1521 trium

186 1569 467 1622 annorum,
545 1570 612 1613 eo
670 1558 817 1629 quod
880 1555 936 1612 in
1007 1556 1258 1615 morbum
1326 1555 1628 1613 incidissem
1661 1572 1752 1612 ve-

187 1643 518 1709 hementem,
568 1644 636 1697 ab
665 1659 731 1698 eo
757 1646 954 1701 recessi
986 1655 1108 1700 ante
1147 1655 1354 1715 tempus
1379 1650 1752 1716 praestitutum.

186 1735 312 1788 Erat
337 1735 477 1788 enim
501 1733 615 1801 ejus
639 1734 759 1788 vita:
785 1735 923 1788 ratio
947 1734 1102 1806 longe
1146 1738 1460 1806 asperrima,
1513 1739 1750 1807 squalida

1854 563 2123 618 egressus,
2148 564 2270 603 cum
2323 563 2418 618 per
2467 564 2525 604 se
2552 549 2835 614 hausisset,
2870 547 3001 602 bibit
3026 549 3261 620 jejunus,
3299 567 3420 607 cum

1853 640 1999 709 prius
2027 639 2300 710 signacqu
2340 642 2514 694 crucis
2562 639 2857 702 muniisset,
2905 648 2959 693 et
3000 640 3267 697 dixisset:
3321 642 3423 699 Ubi

1852 742 1980 784 crux
2000 728 2152 785 adest
2175 729 2282 800 (Ἰ),
2315 729 2423 784 illic
2444 728 2643 783 viribus
2657 738 2802 784 caret
2838 729 3034 785 diaboli
3067 731 3395 800 improbitas.

2462 819 2687 877 CAPUT
2716 820 2807 876 Ill.

2116 914 2245 968 Acta
2267 921 2314 967 et
2345 914 2682 982 temperantia
2713 912 3042 969 Potamiwna:
3068 913 3145 985 (8)
3168 952 3184 968 .

1924 1002 2120 1058 Beatus
2143 1018 2270 1073 ergo
2300 1004 2533 1059 Isidorus
2561 1003 2925 1071 xenodochus,
2957 1005 3047 1075 qui
3073 1005 3282 1061 beatum
3315 1009 3422 1063 An-

1855 1094 2058 1147 tonium
2088 1103 2432 1161 convenerat,
2463 1096 2699 1149 narravit
2725 1096 2878 1163 mihi,
2908 1111 2967 1153 se
2996 1098 3064 1153 ab
3092 1113 3157 1153 eo
3184 1100 3423 1154 audivis-

1850 1200 1912 1241 se
1940 1200 2054 1241 rem
2084 1184 2299 1254 dignam
2328 1201 2445 1255 quae
2468 1186 2751 1242 mandetur
2772 1187 2985 1242 litteris.

1925 1275 2260 1332 Potamitena
2288 1279 2530 1346 quaedam
2560 1276 2733 1345 puella
2759 1277 3163 1345 formosissima,
3188 1288 3426 1350 tempore

1851 1365 2121 1421 Maximini
2145 1367 2498 1436 persecutoris
2523 1365 2622 1421 fuit
2643 1366 2831 1421 ancilla
2852 1367 3127 1436 cujusdam
3163 1370 3423 1438 intempe-

1850 1457 2019 1513 rantis
2045 1467 2100 1513 et
2120 1456 2408 1514 libidinosi.
2460 1459 2627 1524 Quam
2654 1473 2776 1512 cum
2806 1458 3030 1513 multum
3062 1470 3322 1529 rogasset,
3371 1473 3426 1517 et

1852 1547 1903 1604 ei
1932 1548 2076 1603 varia
2100 1549 2432 1623 promisisset
2453 1549 2566 1618 ejus
2580 1548 2848 1614 dominus,
2872 1564 2988 1603 eam
3013 1564 3117 1604 non
3143 1552 3310 1617 potuit
3328 1552 3421 1607 de-

1852 1639 2053 1708 cipere.
2079 1637 2196 1704 Quo
2222 1639 2418 1695 factum
2461 1648 2544 1695 est
2570 1648 2629 1694 ut
2653 1639 2696 1694 is
2720 1640 2929 1694 tandem
2961 1641 3137 1695 furore
3168 1642 3421 1711 percitus,

1852 1746 1970 1787 eam
2035 1732 2271 1788 traderet
2342 1731 2593 1802 przefecto
2680 1733 3045 1788 Alexandrino
3126 1735 3254 1805 (ιι),
3334 1735 3422 1805 qui

184 1836 240 1881 et
269 1832 416 1894 plane
457 1827 624 1882 arida.
668 1828 803 1883 Toto
834 1829 974 1884 enim
1025 1831 1132 1897 die,
1182 1839 1340 1901 atque
1385 1834 1520 1888 adeo
1555 1834 1608 1888 in
1634 1836 1747 1904 ipso

1853 1832 1969 1879 erat
2012 1839 2078 1880 eo
2125 1833 2369 1897 tempore
2401 1862 2417 1886 ,
2464 1836 2710 1895 tanquam
2739 1825 3089 1881 Christianam
3121 1866 3136 1892 ,
3198 1836 3254 1882 et
3307 1844 3424 1897 qua:

184 1926 315 1971 testu
343 1917 600 1982 nteridiei,
656 1919 709 1973 in
740 1919 1023 1976 solitudine
1058 1937 1179 1992 qua:
1206 1932 1289 1978 est
1336 1934 1553 1994 propter
1580 1942 1747 1996 mare,

187 2008 269 2060 col
294 2006 465 2075 igebat
491 2008 711 2077 lapides.
742 2020 796 2064 et
820 2025 884 2065 ex
914 2012 995 2067 eis
1025 2027 1235 2083 semper
1250 2016 1538 2083 mdilicans,
1571 2029 1624 2074 et
1644 2020 1752 2075 cel-

185 2099 264 2154 las
302 2102 517 2168 lactens,
571 2117 660 2157 eas
689 2104 914 2159 cedebat
961 2107 1026 2161 iis
1065 2108 1150 2177 qui
1182 2123 1285 2165 non
1317 2120 1559 2181 poterant
1582 2114 1752 2169 aedili-

179 2205 322 2257 care,
346 2190 568 2258 singulis
606 2194 757 2247 annis
783 2194 970 2249 cellam
997 2196 1219 2254 faciens.
1266 2200 1399 2256 (‘um
1447 2212 1623 2259 autem
1653 2220 1752 2275 ego

182 2284 463 2353 aliquando
488 2285 609 2340 huic
640 2296 826 2341 sancto
854 2288 1107 2345 dixissem
1142 2309 1155 2345 :
1206 2292 1342 2360 Quid
1383 2294 1519 2365 agis,
1570 2296 1749 2365 Pater,

182 2376 237 2429 in
265 2383 404 2429 tanta
433 2386 710 2432 senectute
739 2380 1114 2448 corpusculum
1156 2391 1303 2438 tuum
1333 2386 1586 2442 occidens
1609 2391 1752 2443 calo-

181 2464 330 2519 ribus
358 2465 815 2522 intolerabilibus?
860 2468 1153 2538 [leSpondit
1183 2472 1333 2539 mibi,
1359 2476 1541 2531 dicens
1572 2494 1587 2531 :
1618 2478 1752 2534 Illud

184 2570 271 2607 me
297 2556 514 2622 occidit,
546 2570 644 2625 ego
663 2572 871 2628 quoque
895 2561 1065 2629 ipsum
1113 2564 1372 2620 occidam.
1428 2566 1753 2625 Comcdebat

178 2654 355 2699 autem
383 2646 600 2713 singulis
623 2647 809 2704 diebus
834 2664 929 2705 sex
956 2654 1136 2708 uncias
1150 2657 1320 2723 panis,
1347 2666 1402 2712 et
1428 2658 1748 2715 minutorum

178 2735 383 2789 olerum
425 2734 735 2793 fasciculum
785 2739 899 2810 (4);
944 2755 1298 2812 aqum‘autem
1337 2746 1549 2803 bibebat
1578 2750 1751 2804 modi-

175 2840 302 2880 cum
329 2825 475 2893 quid.
525 2827 690 2881 Deum
734 2838 911 2885 autem
972 2841 1139 2888 testor
1189 2850 1276 2889 me
1315 2851 1585 2907 nunquam
1628 2852 1749 2893 eum

176 2917 491 2983 cognovisse
520 2919 681 2987 pedes
710 2920 1036 2987 extendisse,
1080 2937 1185 2978 non
1232 2924 1407 2981 dedita
1438 2942 1601 2997 opera
1627 2927 1752 2984 dor-

177 3006 363 3061 miisse
387 3006 440 3061 in
467 3016 604 3074 toro,
633 3017 726 3062 aut
748 3024 908 3078 super
933 3012 1161 3081 lectum;
1191 3014 1285 3070 sed
1317 3030 1412 3084 per
1453 3024 1617 3072 totam
1651 3034 1750 3074 no-

174 3104 320 3149 ctem
354 3095 548 3150 sedens
577 3098 895 3155 contexebat
932 3101 1107 3157 Iunem
1135 3118 1200 3159 ex
1232 3107 1391 3160 rantis
1421 3104 1501 3175 (ὅ)
1542 3108 1743 3176 palma-

1854 1923 2095 1982 tempora
2162 1924 2217 1969 et
2284 1915 2636 1983 imperatores
2702 1916 3055 1971 insectaretur
3126 1919 3421 1973 maledictis

1853 2012 2070 2074 propter
2137 2005 2560 2073 persecutiones;
2638 2004 2905 2073 pollicitus
2957 2022 3014 2062 se
3063 2007 3110 2062 ei
3173 2024 3413 2077 magnam

1854 2097 2091 2164 pecunia:
2122 2098 2226 2149 vim
2264 2102 2509 2149 daturum
2538 2095 2605 2149 ob
2631 2094 2746 2163 ejus
2771 2096 3145 2161 calamitatem,
3189 2100 3372 2152 dicens
3406 2115 3419 2153 :

1852 2186 1908 2240 Si
1937 2184 1989 2239 ei
2014 2187 2340 2255 persuaseris
2370 2196 2426 2240 ut
2456 2202 2576 2241 meo
2615 2186 2881 2242 desiderio
2919 2188 3261 2256 assentiatur,
3301 2206 3417 2244 eam

1865 2275 2076 2331 custodi
2109 2275 2255 2330 nullo
2283 2276 2523 2332 alit-ctam
2546 2277 2822 2345 supplicio.
2873 2278 3021 2345 Quod
3051 2280 3093 2332 si
3142 2282 3421 2337 mansisset

1852 2368 1904 2422 itt
1935 2382 1996 2421 ea
2024 2382 2180 2436 quam
2210 2369 2275 2423 ab
2316 2369 2468 2422 initio
2498 2369 2800 2425 ostenderat
2830 2371 3157 2435 austeritate,
3206 2375 3414 2441 rogavit

1853 2467 1912 2513 ιιι
1944 2471 2006 2513 ea
2037 2459 2297 2528 supplicio
2338 2459 2521 2513 alTecla
2567 2472 2878 2527 moreretur,
2933 2478 3021 2528 ne,
3071 2463 3274 2532 dicens,
3306 2467 3420 2520 vita

1854 2564 2024 2604 meam
2057 2549 2272 2603 irrideat
2300 2550 2778 2619 intemperantiam.
2818 2553 3074 2609 Producta
3100 2565 3275 2609 autem
3299 2566 3419 2611 ante

1854 2639 2082 2694 tribunal
2111 2641 2261 2709 virgo
2284 2637 2465 2706 fortis,
2528 2641 2754 2697 diversis
2801 2642 2868 2697 ad
2902 2659 3082 2711 pinnas
3131 2647 3418 2701 sumendas

1852 2728 2173 2799 comparatis
2212 2730 2599 2796 instrumentis,
2642 2746 2865 2800 corpore
2890 2734 2987 2787 fuit
3016 2736 3337 2806 excruciata,
3367 2747 3419 2793 et

1814 2846 1831 2889 ,κ
1854 2817 2110 2874 adversus
2140 2819 2333 2873 multas
2363 2834 2424 2874 ac
2457 2821 2628 2873 varias
2681 2822 2916 2878 rationes
2961 2834 3137 2879 mente
3170 2833 3415 2895 tanquam

1854 2908 2015 2963 turris
2039 2908 2193 2962 Ilrma
2224 2923 2287 2963 ac
2311 2908 2517 2964 stabilis
2540 2912 2841 2965 resistebat.
2884 2910 3027 2967 Inter
3070 2914 3418 2971 instrumenta

1852 3008 2029 3054 autem
2060 2999 2461 3069 suppliciorum,
2485 3000 2753 3056 crudelius
2780 3001 3045 3072 quoddam
3069 3006 3275 3060 caeteris
3306 3014 3417 3060 tor-

1855 3100 2093 3157 mentum
2126 3091 2195 3146 ab
2223 3106 2288 3147 eo
2310 3092 2399 3163 qui
2431 3101 2551 3147 tunc
2580 3103 2693 3149 erat
2719 3093 2885 3164 judex
2908 3095 3177 3152 inventum
3200 3107 3301 3154 est.
3325 3099 3418 3154 Ju-

174 3198 322 3249 rum,
347 3194 403 3239 ut
422 3199 487 3240 ex
510 3200 578 3242 eo
598 3187 700 3243 sibi
733 3189 932 3245 victum
959 3200 1188 3258 ραι-πει,
1211 3192 1344 3250 cum
1368 3174 1741 3266 ευιέιηέυερί-
1766 3174 1812 3236 C
1845 3182 1935 3237 bet
1948 3183 2090 3237 enim
2113 3198 2361 3253 magnum
2381 3184 2607 3239 Iebetem
2634 3186 2751 3254 pice
2769 3186 3029 3255 repletum
3057 3190 3409 3244 vehementis-

174 3290 336 3333 carer
364 3293 507 3347 eum,
557 3292 678 3335 cum
708 3281 954 3337 adessem
982 3283 1339 3355 solummodo,
1374 3296 1476 3341 tam
1505 3296 1745 3346 extrema

174 3383 335 3425 usum
364 3384 485 3425 esse
510 3373 914 3439 exercitatione,
946 3374 1249 3432 sciscitatus
1270 3392 1386 3433 sum
1414 3387 1473 3434 ut
1492 3380 1684 3437 scirem
1715 3397 1745 3437 a

172 3458 540 3527 compluribus
560 3461 675 3531 ejus
696 3462 990 3533 discipulis,
1013 3479 1079 3521 an
1110 3476 1363 3536 perpetuo
1383 3480 1619 3526 uteretur
1639 3481 1745 3526 tam

170 3558 423 3602 accurata
445 3561 743 3621 exactaque
771 3556 1153 3612 exercitatione
1204 3577 1218 3614 :
1260 3562 1347 3630 qui
1396 3562 1607 3629 quidem
1636 3578 1747 3618 ma-

170 3639 375 3694 nebant
397 3640 497 3710 ipsi
525 3657 734 3713 quoque
754 3644 1006 3715 deinceps
1032 3661 1296 3717 seorsum,
1353 3665 1411 3706 se
1432 3662 1578 3708 recte
1599 3663 1652 3707 et
1673 3667 1742 3708 ex

169 3732 372 3787 virtute
398 3743 663 3803 gerentes.
697 3735 760 3791 Hi
782 3738 911 3792 mibi
939 3738 1188 3796 dixerunt
1237 3743 1378 3810 quod
1421 3759 1450 3797 a
1475 3743 1747 3811 juveitute

169 3821 341 3875 vitam
362 3837 510 3878 suam
541 3825 613 3879 ita
647 3827 907 3895 instituit,
937 3844 1206 3899 nunquam
1238 3833 1414 3888 dedita
1443 3849 1604 3903 opera
1626 3837 1747 3889 dor-

167 3911 348 3967 miens
376 3914 475 3968 nisi
521 3916 657 3984 quod
700 3917 838 3972 inter
875 3922 1200 3989 operandum
1231 3923 1312 3977 vel
1359 3926 1744 3980 comedendum

165 4000 458 4070 aliquando
487 4005 802 4061 convivebat
848 4008 1017 4062 oculis
1048 4009 1308 4078 deiectis;
1355 4013 1489 4068 adeo
1520 4026 1574 4068 ut
1605 4028 1746 4084 saipe

166 4106 239 4160 pa
252 4093 333 4147 nis
361 4108 571 4164 quoque
601 4095 679 4167 (6)
711 4112 774 4152 ex
793 4098 909 4169 ejus
937 4114 1033 4155 ore
1063 4102 1328 4157 excideret
1357 4118 1480 4161 esus
1508 4115 1747 4171 tempore

164 4192 396 4250 propter
424 4184 643 4239 nimiam
677 4187 1131 4244 dormitationem.
1164 4192 1296 4246 Cum
1329 4206 1504 4249 autem
1527 4212 1626 4266 ego
1650 4198 1746 4252 ali-

164 4272 386 4340 quando
411 4288 651 4342 cogerem
706 4277 847 4334 Iiunc
886 4293 1124 4335 sanctum
1153 4284 1417 4349 paululum
1436 4286 1617 4355 jacere
1655 4304 1747 4344 su-

166 4377 272 4429 per
298 4370 551 4431 storcam,
584 4380 724 4436 aegre
754 4368 929 4424 ferens
946 4370 1071 4424 mihi
1100 4370 1234 4426 dixit
1260 4390 1274 4427 :
1301 4373 1356 4427 Si
1386 4378 1597 4442 quando
1625 4392 1747 4446 per-

164 4452 410 4507 suaseris
439 4456 645 4524 angelis
670 4466 726 4511 ut
754 4456 1022 4515 dormiant
1092 4470 1201 4517 tum
1252 4464 1461 4545 virtutis
1508 4469 1745 4524 studioso

164 4555 385 4611 quoque
412 4547 759 4613 persuaseris.

242 4632 484 4699 Quodam
514 4644 689 4690 autem
720 4636 805 4692 die
840 4643 905 4692 ad
939 4649 1152 4707 puteum
1182 4657 1334 4698 suum
1365 4659 1450 4700 me
1481 4647 1623 4702 misit
1648 4648 1747 4703 cir-

164 4738 231 4776 ca
256 4724 445 4778 horam
474 4740 687 4792 nonam,
714 4739 770 4783 ut
798 4729 1074 4799 implerem
1098 4734 1312 4803 cadum,
1340 4751 1446 4808 quo
1467 4753 1534 4793 eo
1579 4740 1630 4793 iu
1658 4756 1742 4796 re-

161 4812 403 4869 fectiine
459 4826 699 4872 uteretur
769 4835 889 4875 cum
949 4821 1168 4881 instaret
1220 4825 1347 4882 hora
1383 4829 1484 4884 cibi
1525 4831 1742 4901 capien-

161 4906 246 4960 di.
299 4907 504 4964 Aecidit
552 4920 726 4965 autem
777 4922 833 4967 ut
878 4928 997 4969 cum
1050 4919 1393 4974 accessissem
1426 4961 1442 4988 ,
1506 4922 1641 4977 intra
1688 4924 1739 4977 in

163 5006 336 5066 puteo
367 4997 600 5053 viderem
649 5003 908 5070 aSpidem,
968 5015 1021 5060 et
1072 5022 1181 5076 prae
1230 5018 1372 5087 metu
1406 5027 1598 5082 aquam
1642 5013 1743 5070 mi-

156 5089 314 5144 nime
370 5085 662 5152 baurirem,
717 5091 810 5145 sed
853 5094 1116 5149 currendo
1166 5085 1409 5155 reversus
1441 5104 1488 5156 ei
1534 5103 1744 5157 nuntia-

151 5191 308 5245 rem,
335 5176 518 5232 dicens
553 5196 566 5231 :
601 5181 879 5247 Periimus,
904 5186 1060 5252 abba,
1096 5187 1202 5241 vidi
1231 5189 1371 5243 enim
1402 5191 1638 5259 aspidem
1666 5192 1748 5248 in-

150 5265 335 5320 terius
358 5266 409 5321 in
440 5278 617 5337 puteo.
666 5270 755 5324 Ille
778 5281 954 5327 autem
1003 5274 1223 5333 honeste
1259 5280 1561 5348 subridens,
1610 5299 1744 5353 quo-

148 5358 311 5411 niam
338 5360 440 5415 mei
488 5377 730 5432 magnam
762 5364 990 5421 habebat
1014 5369 1297 5437 rationem,
1344 5381 1398 5428 et
1425 5385 1583 5446 caput
1611 5392 1741 5445 qua-

148 5448 332 5515 tiens,
378 5451 509 5505 dixit
542 5470 555 5506 :
608 5454 663 5508 Si
697 5456 868 5509 \isum
901 5454 1059 5512 fuerit
1085 5457 1295 5516 diabolo
1322 5462 1374 5517 in
1404 5479 1615 5520 omnem
1638 5482 1739 5537 pu-

147 5548 310 5594 teum
341 5542 558 5607 injicere
586 5557 863 5616 serpentes
887 5589 902 5614 ,
936 5557 989 5604 et
1011 5550 1244 5618 aspides.
1294 5554 1379 5609 vel
1424 5559 1735 5627 testudines,

139 5640 247 5687 aut
290 5632 395 5688 alia
419 5647 671 5699 venenata
696 5640 1030 5707 animalia,‘in
1053 5658 1237 5700 omnes
1261 5645 1434 5704 fontes
1461 5666 1735 5721 aquarum,

1772 4536 1827 4595 D

1847 3274 1985 3355 simo
2006 3275 2128 3344 igne
2148 3275 2389 3362 accendi.
2413 3274 2543 3331 Cum
2562 3275 2780 3331 bulliret
2801 3292 2932 3345 ergo
2956 3277 3042 3347 pix
3065 3287 3119 3332 et
3146 3279 3299 3336 valde
3327 3296 3415 3334 ar-

1847 3365 2018 3430 deret,
2064 3377 2355 3420 conversus
2375 3364 2438 3419 ad
2466 3365 2609 3419 illam
2643 3366 2849 3420 beatam
2880 3380 3054 3423 saevus
3082 3383 3300 3437 praises,
3331 3370 3415 3424 di-

1847 3456 1926 3510 xit
1952 3474 1965 3509 :
1999 3456 2123 3521 Abi,
2148 3471 2276 3525 pare
2301 3456 2557 3511 voluntati
2588 3455 2787 3511 domini
2831 3457 2938 3523 tui;
2989 3459 3206 3528 alioqui,
3240 3468 3297 3513 nt
3326 3460 3409 3514 iu-

1848 3547 2250 3617 telligas,-jubeo
2272 3557 2321 3602 te
2344 3548 2556 3603 devolvi
2580 3548 2632 3602 in
2659 3547 2908 3603 lebetem.
2933 3548 3024 3602 Illa
3046 3564 3171 3604 vero
3189 3565 3413 3617 respon-

1848 3638 1952 3700 (ιιι,
1973 3637 2157 3692 dicens
2182 3655 2195 3689 :
2228 3637 2380 3692 Absit
2427 3644 2484 3690 ut
2524 3636 2594 3691 sit
2630 3637 2791 3706 judex
2815 3637 2948 3691 adeo
2977 3637 3188 3707 iniquus
3209 3641 3296 3707 qui
3325 3654 3414 3695 me

1843 3730 2029 3800 jubeat
2050 3743 2238 3798 parere
2264 3729 2466 3783 libidini
2483 3737 2536 3784 et
2563 3729 3003 3800 intemperantiae.
3028 3729 3117 3784 Ille
3140 3731 3314 3800 itaque
3338 3731 3415 3785 I‘u.

1849 3836 1971 3875 rore
2002 3820 2253 3889 percitus,
2304 3820 2456 3888 jubet
2480 3834 2594 3873 eam
2619 3821 2760 3882 etui,
2810 3829 2863 3874 et
2908 3821 2959 3871 in
2988 3820 3214 3873 lebetetn
3247 3819 3411 3888 injiri.

1852 3912 1940 3966 Illa
1968 3926 2094 3965 vero
2120 3925 2305 3966 vocem
2333 3911 2547 3975 emittit,
2595 3911 2776 3964 dicens
2809 3929 2821 3963 :
2876 3910 2978 3964 Per
3006 3920 3161 3977 caput
3192 3910 3415 3977 impera-

1850 4003 1981 4057 toris
2016 4002 2129 4075 (IO)
2161 4018 2314 4071 quem
2345 4011 2398 4056 tn
2428 4004 2602 4067 times,
2630 4002 2671 4055 si
2702 4001 2929 4055 statuisti
2952 4002 3028 4055 sic
3047 4015 3130 4055 me
3157 4002 3416 4069 supplicio

1849 4095 2087 4160 allicere,
2112 4108 2178 4147 ne
2210 4093 2434 4163 jusseris
2465 4109 2547 4148 me
2568 4093 2721 4159 esui;
2775 4094 2864 4145 sed
2899 4092 3024 4159 jube
3049 4107 3134 4146 me
3166 4094 3413 4157 j-au‘atitn

1850 4185 1904 4238 in
1937 4185 2104 4252 picem
2134 4183 2427 4236 ferventem
2458 4182 2684 4247 demitti,
2714 4190 2772 4235 ut
2797 4183 2976 4236 videas
3001 4192 3248 4250 quantam
3283 4184 3411 4236 milii

1854 4276 2079 4345 largitus
2122 4284 2202 4328 est
2231 4274 2540 4343 patientiam
2579 4274 2817 4327 Christus
2860 4289 3016 4342 quem
3076 4281 3128 4326 tu
3182 4274 3411 4343 ignoras.

1848 4367 1975 4434 Quae
2019 4367 2099 4420 sic
2144 4366 2395 4434 paulatim
2441 4365 2669 4419 demissa
2719 4365 2889 4433 spatio
2941 4367 3097 4417 trium
3137 4363 3410 4429 liorai‘tnn,

1847 4457 2024 4513 emisit
2071 4457 2319 4527 Spiritum
2348 4472 2464 4510 cum
2494 4457 2576 4523 pix
2605 4456 2935 4524 pervenisset
2955 4455 3021 4509 ad
3048 4454 3165 4525 ejus
3190 4454 3407 4509 collum.

2455 4546 2679 4600 CAPUT
2706 4546 2792 4599 IV.

2295 4638 2407 4695 Vita
2435 4639 2450 4669 ¹
2486 4638 2691 4708 Didymi
2718 4638 2765 4707 (1
2785 4637 2831 4707 ι)
2853 4637 2986 4689 orbi.

1920 4732 2183 4787 Plurimus
2204 4747 2329 4801 ergo
2356 4738 2523 4785 coetus
2543 4739 2847 4782 sanctorum
2873 4726 3105 4781 virorum
3136 4737 3189 4782 et
3219 4729 3409 4784 mulie-

1850 4842 1967 4882 rum
1990 4834 2115 4880 tunc
2142 4825 2239 4878 fuit
2268 4831 2661 4879 consummatus
2696 4820 2748 4873 in
2779 4820 3004 4874 ecclesia
3034 4821 3407 4891 Alexandrina,

1846 4919 1933 4989 qui
1965 4925 2090 4972 sunt
2119 4916 2315 4970 inventi
2338 4913 2481 4983 digni
2515 4921 2654 4967 terra
2686 4911 2909 4965 mitium.
2951 4909 3094 4965 Inter
3120 4925 3251 4979 quos
3279 4925 3407 4965 con-

1848 5017 2143 5066 summatur
2226 5011 2393 5067 etiam
2463 5005 2655 5062 beatus
2726 5001 2955 5070 scriptor
3036 5001 3290 5070 Didymus
3318 5016 3409 5070 qui

1846 5106 1945 5162 fuit
1969 5105 2130 5159 orbus
2156 5102 2292 5173 (I2).
2322 5102 2452 5156 Cum
2476 5116 2579 5169 quo
2595 5100 2690 5153 fuit
2716 5098 2844 5153 mihi
2873 5106 3056 5167 quater
3075 5098 3405 5167 congressio,

1846 5212 1967 5252 cum
1993 5195 2176 5250 decetn
2213 5205 2473 5246 annorum
2518 5188 2798 5257 intcrjecto
2839 5187 3116 5242 intervallo
3167 5187 3232 5241 ad
3287 5202 3409 5242 eum

1843 5286 2234 5359 proﬁciscerer.
2290 5282 2340 5336 Is
2390 5289 2562 5335 autem
2623 5288 3021 5335 consummatur
3050 5289 3201 5333 natus
3244 5293 3412 5332 annos

1847 5379 2112 5447 octoginta
2140 5374 2393 5445 quinque.
2427 5372 2547 5427 Fuit
2567 5381 2744 5427 autem
2772 5372 2816 5426 is
2846 5371 3026 5438 orbus,
3085 5382 3140 5424 ut
3169 5372 3257 5439 qui
3290 5386 3407 5424 cum

1848 5477 1991 5525 esset
2013 5474 2241 5536 quatuor
2292 5477 2461 5516 annos
2484 5471 2659 5528 natus,
2701 5460 2882 5515 oculos
2911 5463 3011 5513 arui
3045 5461 3167 5526 erit,
3212 5467 3270 5514 ut
3298 5460 3409 5527 ipse

1850 5559 1978 5615 mihi
2003 5556 2236 5612 narravit
2256 5571 2270 5621 ;
2291 5563 2344 5609 et
2365 5568 2536 5622 neque
2560 5553 2762 5606 litteras
2777 5552 2978 5618 didicit,
3000 5566 3171 5619 neque
3192 5551 3411 5605 ventita-

1846 5654 1921 5709 vit
1945 5652 2010 5707 ad
2040 5657 2411 5721 praeceptores.
2429 5644 2666 5701 Habebat
2691 5643 2830 5702 enim
2853 5643 3142 5701 secundum
3166 5651 3406 5700 naturam

237 5744 255 5775 ¹
288 5747 391 5807 Ilio
416 5748 673 5824 Didymus
703 5755 853 5814 initio
882 5759 1162 5818 sanctitate
1191 5772 1243 5821 et
1271 5764 1510 5824 doctrina
1538 5770 1737 5838 clarus,
1777 5770 1843 5827 ad
1865 5778 2186 5839 extremum,
2218 5767 2535 5840 Oiigcnista.
