4060 6512
732 332 869 385 tota
1207 297 1239 332 ⁹

2200 334 2517 393 PALLADII
3794 359 3877 415 iniri

737 466 1050 541 magistram
1079 468 1282 523 firmam
1318 482 1380 523 ac
1402 467 1651 534 validam,
1712 470 1975 538 prepriam
2017 466 2297 521 conscicn-
2329 466 2377 524 A
2409 478 2542 517 nens
2572 462 2767 528 linum;
2810 463 3030 532 reliquis
3055 476 3228 520 autem
3261 466 3405 521 horTs
3446 480 3616 526 mente
3650 478 3875 537 revolvort

739 568 885 620 tiam.
916 565 1082 620 Tanta
1108 575 1283 619 autem
1315 565 1569 635 spiritalis
1598 563 1910 633 cognitionis
1939 564 2035 617 fuit
2071 575 2301 616 exorna-

739 668 825 713 tus
859 660 1027 729 gratia
1059 700 1073 725 ,
1123 669 1178 712 ιιι
1228 674 1406 713 revera
1437 657 1749 725 impleretur
1790 658 1840 709 iu
1892 670 1957 710 eo
1983 662 2123 725 quod
2165 658 2292 711 scri-

741 758 887 818 ptum
936 758 1020 804 est
1071 767 1083 801 :
1138 748 1391 803 Dominus
1436 747 1696 801 illuminat
1745 745 1863 815 (l3)
1911 762 2083 801 cmcos
2129 746 2299 817 (Ps-il.

739 841 916 913 chv).
942 842 1106 896 Vetus
1130 841 1271 895 enim
1303 849 1355 894 et
1386 855 1576 893 novum
1608 838 2001 893 Testamentum
2043 840 2303 907 interpre-

738 932 944 985 tabatur
976 929 1043 983 ad
1093 930 1311 983 verbum
1366 944 1377 977 :
1426 927 1668 997 dogmata
1716 937 1893 1003 autem
1935 927 2201 982 subtiliter
2248 937 2303 983 et

672 1058 679 1066 ι
736 1034 839 1077 tam
864 1032 1078 1076 strenue
1102 1019 1423 1089 exponebat,
1448 1029 1505 1074 ut
1530 1033 1716 1074 omnes
1740 1029 1947 1075 veteres
1969 1019 2186 1080 scientia
2213 1037 2302 1075 su-

733 1112 948 1180 perarit.

799 1202 848 1255 Is
884 1216 1005 1255 cum
1034 1200 1315 1271 aliquando
1347 1215 1431 1255 me
1458 1210 1673 1270 cogeret
1723 1203 1777 1255 in
1807 1201 1940 1255 cella
1971 1201 2144 1256 facere
2174 1214 2298 1258 ora-

730 1295 953 1358 tionem,
984 1309 1083 1363 ego
1114 1304 1287 1346 autem
1320 1293 1540 1359 nollem,
1574 1293 1703 1347 mihi
1730 1293 1861 1347 dixit
1898 1309 2119 1347 narrans
2153 1312 2166 1347 :
2196 1296 2302 1349 Ter

730 1385 781 1439 in
809 1385 945 1438 hanc
971 1384 1161 1437 cellam
1191 1383 1459 1452 ingressus
1492 1393 1571 1437 est
1602 1384 1783 1437 beatus
1812 1384 2094 1448 Antonius,
2128 1394 2182 1437 ut
2214 1401 2298 1439 me

727 1477 947 1539 viseret;
980 1476 1066 1541 qui
1099 1490 1127 1527 a
1163 1488 1247 1527 me
1280 1485 1490 1542 rogatus
1519 1482 1577 1526 ut
1607 1473 1803 1527 faceret
1833 1474 2149 1536 orationem,
2194 1483 2302 1526 sta-

728 1566 819 1618 tim
846 1581 979 1633 genu
1005 1564 1152 1618 flexit
1184 1565 1231 1616 in
1258 1564 1352 1617 hac
1381 1564 1535 1625 cella,
1569 1578 1739 1632 neque
1770 1564 2038 1617 commisit
2078 1572 2131 1616 ut
2161 1564 2299 1631 quod

725 1658 965 1710 dixeram
1015 1656 1204 1709 iterum
1252 1665 1570 1721 repeterem,
1624 1670 1683 1707 re
1716 1653 1825 1721 ipsa
1855 1653 2067 1722 quidem
2101 1654 2298 1707 docens

723 1746 775 1799 in
805 1745 1124 1800 obedientia.
1156 1745 1329 1809 Quare
1379 1744 1422 1797 si
1458 1753 1511 1797 tu
1543 1758 1751 1813 quoque
1778 1743 1893 1811 ejus
1926 1744 2047 1796 vitae
2082 1745 2299 1813 vestigia

2408 562 2512 606 tam
2545 562 2849 607 sanctorum
2882 553 3120 619 Patrum,
3160 564 3213 609 et
3256 557 3676 627 patriarcharum,
3703 575 3743 618 et
3763 584 3876 625 cem.

2409 644 2551 697 mina
2608 644 2883 697 beatorum
2938 645 3331 712 apostolorum,
3382 656 3434 701 et
3478 651 3813 721 prophetarum,
3847 678 3876 717 ei

2408 744 2721 803 martyrum.
2752 734 3037 804 Postquam
3069 744 3243 788 autem
3275 737 3877 810 advetitaritvespera,cm

2409 823 2686 877 Dominum
2731 840 2908 879 meum
2957 827 3344 894 glorificavero,
3389 830 3561 883 cibum
3597 848 3724 900 pains
3759 853 3875 905 capio,

2406 914 2659 984 plurimas
2702 917 2859 970 horas
2903 919 3073 970 noctis
3124 932 3469 985 perseverans
3514 922 3563 974 in
3608 928 3814 994 oratione,
3844 947 3875 985 ει

2407 1013 2564 1065 finem
2611 1023 2947 1081 exspectans,
2998 1014 3210 1080 quando
3265 1016 3385 1067 hinc
3424 1016 3676 1071 dissolvar
3708 1035 3798 1076 cum
3820 1040 3875 1094 Sp:

2406 1099 2562 1165 bona,
2598 1111 2652 1155 et
2680 1102 2949 1169 apparebo
2972 1112 3095 1156 ante
3120 1102 3306 1157 faciem
3327 1102 3522 1159 Christi
3554 1106 3658 1158 Dei.

2474 1193 2587 1246 Non
2622 1195 3018 1260 praetermittam
3050 1204 3224 1249 autem
3265 1195 3317 1248 in
3365 1198 3661 1253 narratione
3694 1216 3869 1272 eosquo.

2404 1298 2507 1350 quc
2535 1285 2619 1350 qui
2654 1285 2723 1337 ita
2759 1285 3026 1349 vixerunt,
3056 1296 3110 1337 ut
3141 1286 3372 1354 speciem
3403 1287 3612 1356 quidem
3637 1305 3729 1357 prae
3749 1310 3793 1347 se
3813 1306 3875 1349 ter-

2407 1383 2527 1425 reut
2557 1374 2766 1439 pietatis
2813 1389 2876 1428 ac
2920 1376 3227 1443 religionis;
3277 1378 3368 1431 sed
3400 1393 3518 1432 eam
3557 1392 3879 1451 contemneret.

2411 1464 2475 1515 ad
2512 1462 2717 1515 laudem
2761 1464 2972 1532 quidem
3002 1479 3187 1519 eorum
3220 1467 3307 1535 qui
3356 1478 3501 1521 recte
3528 1477 3578 1521 et
3604 1484 3663 1523 ex
3688 1472 3883 1528 rirtutese

2408 1564 2620 1621 gerunt,
2643 1563 2697 1608 et
2725 1563 2779 1607 ut
2808 1554 2947 1609 cauti
2978 1554 3083 1608 sint
3110 1566 3161 1608 et
3189 1558 3375 1610 attenti
3406 1556 3499 1625 qui
3531 1559 3713 1624 legunt.

3004 1644 3229 1700 CAPUT
3282 1646 3363 1700 Vl.

2408 1735 2483 1789 De
2510 1738 2731 1806 quadam
2767 1737 2975 1807 Virgine
3003 1754 3117 1807 qua:
3164 1738 3425 1792 laborabat
3456 1758 3627 1795 amore
3660 1746 3869 1795 dit'ilitmr'

720 1835 983 1904 sequeris,
1019 1834 1185 1902 utqui
1210 1834 1284 1887 sis
1314 1833 1605 1887 monachus
1630 1845 1684 1889 et
1714 1834 1908 1903 hospes
1928 1837 1995 1891 ob
2025 1838 2292 1906 virtutem,
2332 1832 2372 1889 Β
2476 1829 2603 1883 Erat
2652 1830 2894 1899 quaedam
2940 1831 3276 1886 Alexandria:
3327 1833 3476 1900 virgo
3526 1834 3685 1886 solum
3721 1839 3878 1897 nomiur.

721 1940 933 1979 onmem
957 1925 1162 1993 depone
1187 1925 1606 1983 contentionem.

805 2016 900 2070 llic
931 2016 1043 2084 ipse
1074 2016 1173 2069 hoc
1199 2032 1407 2084 quoque
1435 2018 1563 2071 mihi
1594 2020 1827 2072 narravit
1855 2035 1871 2073 :
1902 2020 2032 2076 Cum
2066 2023 2294 2092 quodam

724 2109 830 2173 die,
856 2110 1050 2173 aiebat,
1081 2113 1149 2164 de
1174 2115 1279 2162 vita
1309 2112 1483 2163 miseri
1508 2110 1699 2165 .luliani
1728 2112 2081 2182 imperatoris,
2113 2124 2294 2184 utpote

718 2205 1100 2268 persecutoris,
1160 2215 1333 2254 essent
1384 2202 1680 2266 sollicitus,
1716 2213 1765 2257 et
1815 2204 1993 2257 animo
2050 2218 2291 2273 angenr,

719 2288 913 2342 accidit
943 2298 1000 2342 ut
1040 2300 1261 2358 pr0ptcr
1294 2291 1430 2345 hanc
1478 2292 1888 2349 sollicitudinem
1921 2298 1985 2350 ad
2019 2314 2291 2368 vesperam

722 2394 887 2447 usque
933 2394 1107 2433 seram
1142 2382 1270 2435 nihil
1319 2384 1685 2451 comederem;
1721 2397 1772 2441 et
1801 2404 1918 2442 cum
1947 2390 1997 2442 iu
2027 2390 2176 2444 sedili
2210 2407 2293 2443 se-

718 2470 920 2536 derem,
955 2486 1039 2525 me
1068 2487 1285 2527 somnus
1313 2478 1655 2543 opprimeret,
1699 2488 1753 2532 et
1780 2481 2010 2535 viderem
2044 2481 2094 2534 in
2123 2485 2291 2536 extasi

719 2576 883 2630 equos
906 2562 1053 2615 albos
1103 2578 1223 2615 cum
1270 2567 1619 2622 insessoribus
1671 2583 2061 2637 percurrentes,
2105 2582 2159 2628 et
2194 2588 2293 2628 an-

726 2651 1029 2705 nuntiantes
1062 2670 1073 2703 :
1111 2651 1277 2706 Dicite
1309 2654 1547 2724 llidymo,
1575 2656 1728 2713 hodie
1753 2658 1881 2713 hora
1899 2663 2122 2730 septima
2148 2679 2290 2717 mor-

720 2755 842 2798 tuus
894 2756 973 2800 est
1018 2746 1298 2814 Julianus;
1346 2764 1504 2819 Surge
1533 2766 1659 2821 ergo
1692 2765 1742 2807 et
1772 2755 1990 2810 comede
2023 2774 2037 2810 :
2067 2765 2119 2811 et
2147 2757 2288 2827 quod

718 2842 774 2886 ιιι
796 2835 922 2898 scis,
969 2837 1179 2890 domum
1214 2838 1364 2894 mitte
1405 2841 1467 2893 ad
1498 2843 1803 2913 episcopum
1832 2848 2202 2915 Athanasium,
2233 2860 2289 2904 ut

716 2922 805 2977 ille
832 2940 1039 2995 quoque
1067 2928 1166 2981 hoc
1195 2930 1351 2983 sciat.
1396 2929 1579 2987 Notavi
1621 2945 1819 3002 autern,
1868 2938 2055 3006 inquit,
2103 2950 2156 2995 et
2187 2941 2285 2995 ho-

716 3025 853 3079 ram,
885 3022 936 3067 et
964 3013 1126 3080 diem,
1177 3024 1230 3070 et
1280 3018 1684 3089 hebdomadem,
1729 3035 1780 3079 et
1822 3040 2082 3091 mensem,
2129 3039 2183 3084 et
2210 3032 2285 3085 sic

716 3098 910 3157 inveni.

1311 3177 1533 3234 CAPUT
1600 3183 1662 3237 ν.

1266 3289 1568 3344 Alexandra:
1600 3292 1735 3346 Vita.

784 3368 1027 3427 Narravit
1056 3382 1231 3429 autem
1263 3378 1393 3432 mihi
1416 3395 1622 3448 quoque
1652 3383 1735 3438 hic
1768 3385 1830 3438 he
1850 3395 1947 3439 itus
1971 3388 2036 3442 de
2058 3390 2280 3458 quadam

714 3460 927 3527 ancilla,
981 3466 1196 3521 nomine
1235 3470 1558 3536 Alexandra,
1606 3490 1721 3543 quze
1770 3478 1952 3531 relicta
1989 3482 2200 3536 civitate
2233 3484 2282 3536 in

714 3550 1043 3609 monimento
1086 3569 1145 3611 se
1189 3559 1421 3629 inclusit,
1474 3579 1568 3630 per
1601 3565 1832 3621 foramen
1862 3572 2126 3639 accipiens
2166 3590 2284 3637 quae

715 3653 869 3697 erant
906 3650 1227 3714 necessaria,
1260 3668 1429 3721 neque
1462 3656 1513 3708 in
1541 3656 1772 3713 virorum
1805 3677 1977 3731 neque
2008 3664 2056 3717 in
2092 3667 2279 3719 mulie—

711 3748 827 3787 rum
881 3748 1224 3806 conspectutn
1271 3744 1493 3797 veniens
1543 3750 1713 3814 spatio
1765 3750 1947 3803 decem
1998 3769 2278 3808 annorum.

712 3823 928 3880 Decimo
972 3838 1147 3882 autem
1199 3845 1339 3885 anno
1369 3834 1516 3887 aiunt
1545 3836 1773 3899 beatam,
1821 3856 1937 3894 cum
1980 3842 2279 3911 dormisset,

708 3917 934 3984 seipsam
961 3924 1341 3991 composuisse,
1371 3926 1503 3981 adeo
1535 3938 1591 3981 ut
1613 3946 1730 3998 qua:
1755 3934 1910 3988 solita
1933 3946 2045 3990 erat
2074 3938 2137 3992 ad
2162 3956 2279 3994 eam

713 4008 914 4072 venire,
950 4025 1067 4063 cum
1102 4013 1175 4067 illi
1205 4030 1308 4069 non
1343 4020 1728 4087 respondisset,
1757 4026 1908 4080 nobis
1938 4030 2281 4087 renuntiave-

708 4098 794 4152 rit.
854 4100 983 4154 Cum
1043 4122 1139 4160 nos
1190 4124 1318 4179 ergo
1371 4112 1815 4181 acccssissemus,
1870 4127 1923 4172 et
1974 4120 2282 4177 monimenti

709 4193 901 4244 ostium
949 4201 1365 4266 amovissemus,
1419 4204 1639 4273 ingressi
1666 4220 1849 4262 sumus
1892 4221 1946 4264 et
1985 4213 2282 4270 invenimus

708 4294 825 4335 eam
867 4284 1217 4341 obdormisse.

778 4372 850 4425 De
880 4388 941 4427 ea
965 4385 1140 4431 autem
1166 4379 1370 4433 diccbat
1398 4382 1555 4437 etiam
1587 4385 1887 4443 beatissima
1919 4391 2140 4446 Melania
2173 4395 2283 4447 Ro-

708 4478 883 4529 tnana,
933 4467 1086 4535 cujus
1116 4472 1275 4524 vitam
1322 4475 1546 4529 narrabo
1578 4487 1816 4547 tempore
1855 4491 1910 4537 et
1940 4482 2058 4537 loco
2084 4500 2275 4541 conve-

2315 3195 2360 3258 C
2394 3203 2592 3261 patrem
2620 3194 2889 3249 occidere.

2407 1919 2590 1973 habitu
2620 1921 2833 1989 quidem
2868 1921 3103 1986 humilis,
3133 1922 3291 1975 animi
3312 1933 3489 1976 autem
3525 1924 3740 1977 instituto
3763 1943 3877 1993 parra,

2400 2010 2623 2077 superba
2657 2020 2710 2065 et
2739 2011 2992 2076 insolens,
3027 2021 3078 2066 et
3108 2012 3355 2067 laborans
3380 2016 3619 2078 avaritia,
3649 2018 3745 2069 auri
3767 2020 3871 2084 potiar

2401 2118 2556 2170 quam
2605 2102 2798 2157 Christi
2848 2118 3032 2157 amans
3068 2121 3080 2157 :
3111 2120 3173 2159 ex
3224 2106 3381 2159 rebus
3414 2106 3527 2159 suis
3568 2108 3682 2159 nuili
3724 2126 3875 2176 unquam

2398 2191 2674 2258 exhibens,
2703 2208 2805 2245 non
2831 2193 3045 2261 hospiti,
3091 2210 3194 2247 non
3226 2198 3444 2263 pauperi
3490 2206 3579 2250 aut
3607 2196 3792 2259 afﬂicto.
3814 2216 3874 2253 na:

2399 2283 2700 2348 monacho,
2749 2300 2851 2338 non
2903 2285 3117 2353 virgini,
3169 2300 3272 2338 non
3318 2288 3564 2340 ecclesia:
3616 2290 3691 2340 vel
3737 2290 3876 2342 obitus.

2398 2389 2582 2426 unum.
2616 2374 2687 2428 Ea
2716 2375 2896 2429 multis
2922 2384 3231 2430 sanctorum
3268 2378 3479 2431 l'atrun:
3522 2380 3877 2435 admonitionibus

2398 2462 2633 2529 incitata,
2688 2480 2793 2519 non
2847 2466 3138 2533 repellebat
3183 2482 3342 2535 grave
3389 2470 3598 2536 pondus
3640 2470 3873 2524 divitiarum.

2396 2556 2522 2609 Erat
2549 2564 2721 2609 autem
2753 2557 2802 2610 ei
2832 2571 3041 2626 quoque
3068 2572 3255 2626 genus,
3296 2573 3359 2613 ex
3392 2574 3500 2629 quo
3538 2560 3719 2614 sororis
3739 2576 3819 2615 sua
3842 2566 3875 2613 ti-

2392 2646 2518 2700 liam
2551 2647 2600 2699 in
2630 2647 2789 2700 iiiiam
2821 2648 3183 2715 adoptaverat.
3216 2650 3310 2703 Cui
3345 2661 3506 2704 noctu
3536 2660 3587 2704 et
3612 2653 3690 2704 diu
3714 2668 3783 2705 sua
3804 2656 3873 2719 ml-

2394 2736 2671 2801 licebatur,
2714 2752 2834 2791 cum
2878 2738 2989 2807 ipsa
3019 2738 3304 2793 excidisset
3326 2740 3397 2793 ab
3423 2739 3610 2805 oribus
3635 2742 3875 2795 eclestilms.

2393 2826 2525 2880 Nam
2552 2828 2665 2882 hinc
2690 2842 2903 2898 quoque
2931 2838 3015 2884 est
3037 2844 3137 2883 una
3169 2831 3377 2897 species
3408 2832 3606 2886 fraudis
3628 2835 3802 2897 diabozi,
3823 2840 3877 2897 cui

2394 2928 2650 2989 praetextu
2703 2922 2901 2976 amoris
2957 2922 3008 2976 in
3064 2933 3339 2991 cognatos,
3398 2925 3565 2978 efficit
3613 2934 3663 2977 ut
3708 2937 3877 2977 nascatur

2389 3012 2626 3066 avaritia.
2679 3012 2809 3066 Nam
2848 3014 2989 3083 quod
3024 3016 3073 3069 ei
3111 3031 3179 3068 nu
3201 3015 3247 3068 la
3281 3016 3349 3069 sit
3390 3031 3521 3069 cura
3562 3019 3765 3085 generis,
3799 3020 3873 3070 bin:

2392 3113 2554 3167 patet.
2613 3105 2728 3173 ipse
2773 3106 2913 3159 enim
2958 3105 3135 3159 docuit
3176 3114 3228 3167 et
3265 3106 3511 3169 fratrem,
3542 3116 3592 3160 et
3618 3120 3813 3169 matrem,
3842 3122 3875 3161 et

2971 3195 3134 3266 idque
3207 3202 3292 3251 est
3362 3210 3433 3252 ex
3500 3197 3873 3266 Scripturisexzn

2388 3284 2829 3338 controversiam.
2880 3284 2983 3338 Sed
3024 3285 3124 3339 etsi
3170 3285 3416 3339 videatur
3466 3287 3713 3340 nonnullis
3752 3303 3871 3339 cunni

2392 3386 2737 3444 cognatorum
2764 3377 3003 3431 inserere
3032 3376 3219 3446 (Deut.
3253 3393 3325 3431 xu
3351 3378 3393 3448 ),
3427 3394 3533 3434 nOn
3559 3381 3649 3434 hoc
3671 3381 3766 3433 facit
3785 3386 3872 3448 qni-1

2389 3466 2495 3520 illis
2526 3466 2660 3520 bene
2684 3467 2830 3531 velit,
2874 3468 2969 3521 sed
3000 3477 3059 3520 ut
3085 3483 3269 3521 eorum
3298 3470 3387 3537 qui
3430 3470 3481 3522 ei
3515 3480 3683 3539 pareat
3713 3472 3836 3521 ητιιιω
3856 3494 3869 3515 si

2388 3568 2567 3625 aperte
2592 3569 2837 3613 exerceat
2870 3561 2935 3613 ad
2964 3559 3300 3628 injustitiatn,
3331 3576 3399 3615 cu
3415 3578 3467 3615 ιιι
3509 3564 3616 3631 ipse
3645 3563 3749 3616 sciat
3769 3563 3869 3614 liii:

2388 3650 2751 3712 sententiam,
2806 3666 2921 3718 qua:
2980 3652 3111 3704 dicit
3142 3665 3155 3701 :
3192 3651 3374 3715 Injusti
3436 3668 3649 3720 regnum
3693 3652 3763 3704 llei
3805 3669 3869 3701 aer

2389 3740 2735 3809 possidebunt
2762 3740 2815 3810 (Ι
2842 3742 2961 3795 Cor.
2994 3742 3091 3811 vi).
3117 3744 3296 3797 l’o:est
3324 3757 3507 3799 autem
3538 3746 3721 3813 aliquis,
3740 3755 3780 3797 et
3805 3748 3871 3808 Spi-

2387 3834 2527 3887 ritali
2558 3844 2731 3888 motus
2777 3837 3143 3905 intelligent'a,
3180 3848 3231 3892 et
3262 3839 3447 3892 divino
3472 3842 3735 3899 desideria,
3761 3856 3872 3907 neqw:

2388 3940 2538 3980 suam
2592 3928 2855 3996 negligere
2888 3930 3148 3993 animam,
3191 3939 3239 3983 ct
3270 3933 3515 3998 cognatis
3545 3948 3683 3999 opem
3715 3933 3873 3991 ferres;

2386 4015 2513 4084 quid
2532 4016 2611 4070 eis
2632 4018 2878 4071 defuerit.
2909 4020 3129 4084 Quando
3157 4031 3331 4073 autem
3363 4024 3488 4091 quis
3518 4022 3584 4075 ita
3614 4034 3748 4073 totam
3772 4036 3868 4073 suam

2386 4106 2607 4159 instituit
2640 4108 2895 4175 animam,
2939 4120 2994 4162 ut
3023 4125 3083 4164 ea
3117 4110 3447 4177 despiciatur
3494 4122 3548 4166 et
3574 4112 3785 4165 obruatur
3804 4126 3872 4179 prs

2384 4209 2508 4249 cura
2539 4206 2879 4267 cognatorum
2939 4199 3076 4267 (i4),
3130 4201 3172 4253 is
3211 4200 3402 4254 incidit
3452 4203 3504 4255 in
3536 4204 3709 4269 legem,
3745 4212 3784 4252 ut
3817 4216 3859 4265 qs

2386 4300 2534 4338 suam
2566 4302 2661 4354 pro
2690 4302 2824 4341 vano
2853 4289 3082 4341 aestimet
3110 4291 3371 4342 animam.
3418 4292 3572 4343 Canit
3599 4302 3744 4343 autem
3765 4289 3870 4341 hard

2384 4392 2592 4447 quoque
2628 4392 2783 4433 sacer
2804 4380 3245 4449 psalmographus
3268 4381 3330 4435 de
3359 4381 3427 4435 iis
3457 4384 3545 4450 qui
3567 4385 3731 4433 anima-
3754 4395 3819 4432 cur
3842 4396 3869 4425 ιῖι

2384 4482 2592 4539 gerunt,
2622 4472 2672 4525 in
2700 4472 2890 4526 timore
2916 4473 3007 4526 Dei
3035 4473 3217 4527 dicetis
3245 4492 3258 4527 :
3288 4473 3419 4541 Quis
3450 4475 3685 4528 ascendet
3708 4476 3747 4525 in
3770 4462 3865 4522 iuon-

708 4558 872 4612 nicnti
903 4560 922 4631 (
949 4562 1121 4632 Infra,
1165 4564 1265 4630 hic,
1299 4582 1413 4636 cap.
1450 4570 1547 4622 H7
1579 4569 1618 4640 ),
1651 4571 1837 4640 Hujus,
1884 4576 2073 4644 inquit,
2105 4577 2274 4632 beam
2308 4553 2359 4611 D
2390 4572 2493 4613 tum
2521 4562 2761 4616 Domini?
2786 4578 2879 4630 pro
2906 4578 2970 4617 eo
2994 4564 3135 4632 quod
3166 4573 3265 4627 est,
3300 4580 3479 4619 rarus.
3516 4567 3615 4618 Aut
3642 4564 3739 4632 quis
3762 4563 3865 4614 stibi:

707 4646 892 4703 faciem
919 4667 1021 4706 non
1056 4654 1201 4721 potui
1243 4657 1433 4712 intueri
1470 4671 1650 4715 :stans
1689 4672 1863 4718 autem
1890 4682 1986 4737 ego
2019 4670 2160 4724 circa
2191 4670 2273 4726 fo-

705 4754 907 4807 ramen,
939 4760 1053 4796 eam
1102 4748 1278 4816 rogavi
1323 4758 1379 4803 ut
1425 4752 1551 4806 mihi
1593 4754 1795 4811 diceret
1822 4774 2031 4814 causam
2062 4774 2277 4832 propter

702 4845 859 4896 quam
892 4835 1107 4887 secessit
1133 4837 1342 4904 quidem
1374 4856 1401 4893 a
1429 4841 1663 4910 civitate,
1710 4850 1944 4917 seipsam
1975 4862 2149 4908 autem
2183 4856 2268 4909 in-

702 4922 858 4974 clusit
906 4926 1255 4984 monimento.
1299 4930 1389 4984 Illa
1424 4944 1620 5003 autem,
1665 4939 1852 5009 inquit,
1902 4958 1996 5011 per
2035 4945 2267 5003 foramen

702 5028 787 5067 me
833 5023 917 5069 est
968 5017 1212 5085 allocuta,
1265 5022 1446 5077 dicens
1478 5044 1489 5079 :
1522 5028 1783 5097 Quidam,
1842 5034 2029 5104 inquit,
2080 5037 2268 5096 insano

700 5106 801 5158 mei
854 5121 1035 5162 amore
1064 5113 1357 5181 tenebatur,
1410 5128 1462 5169 et
1501 5133 1564 5171 ne
1608 5134 1728 5174 eum
1761 5122 1967 5178 viderer
2023 5128 2268 5183 molestia

698 5196 930 5263 allicere,
962 5200 1045 5253 vel
1086 5203 1138 5253 in
1170 5202 1416 5259 invidiam
1452 5222 1642 5264 vocare
1663 5250 1678 5272 ,
1710 5213 1869 5266 malui
1902 5231 1985 5270 me
2011 5218 2183 5271 vivam
2218 5221 2268 5273 iu

701 5290 799 5344 hoc
830 5294 1211 5349 monimentum
1259 5298 1479 5364 inferre,
1529 5318 1687 5371 quam
1736 5306 2006 5363 offendere
2037 5311 2267 5364 animam

700 5398 815 5449 qua:
840 5383 974 5438 facta
1004 5395 1085 5441 est
1124 5388 1188 5441 ad
1232 5388 1321 5443 Dei
1368 5392 1671 5462 imaginem.
1707 5396 1835 5450 Cum
1884 5409 2060 5453 autem
2092 5416 2190 5469 ego
2220 5403 2267 5456 ei

699 5474 953 5530 dixissem
988 5495 999 5530 :
1030 5478 1304 5545 Quomodo
1336 5482 1470 5539 ferre
1503 5493 1674 5555 potes,
1728 5502 1876 5541 serra
1918 5490 2111 5545 Christi
2152 5492 2269 5557 Dei,

703 5580 824 5620 curn
868 5571 1009 5625 nullo
1037 5573 1251 5627 omnino
1276 5576 1527 5645 colloqui,
1574 5577 1670 5632 sed
1716 5579 1829 5633 sola
1870 5594 2102 5650 pugnare
2151 5597 2271 5636 cum

698 5659 903 5715 desidia
955 5672 1009 5718 et
1048 5666 1489 5734 cogitationibus?
1531 5668 1659 5722 mihi
1702 5671 1989 5739 respondit,
2039 5671 2222 5726 dicens
2256 5691 2269 5727 :

709 5751 753 5807 A
785 5766 936 5807 mane
981 5770 1147 5823 usque
1190 5758 1256 5810 ad
1304 5758 1485 5813 horam
1532 5774 1723 5817 nonam
1769 5775 1883 5833 oro,
1946 5778 2037 5830 per
2086 5763 2267 5820 horam

2388 4654 2438 4704 in
2491 4652 2606 4706 loco
2638 4663 2821 4708 saneto
2857 4654 3004 4723 ejus?
3052 4656 3308 4709 innocens
3353 4656 3621 4720 manibus,
3666 4667 3708 4708 ct
3739 4652 3868 4705 ιιιιιιιάι

2385 4747 2569 4808 corde,
2618 4746 2709 4813 qui
2738 4761 2843 4799 non
2868 4747 3070 4814 accepit
3095 4746 3147 4799 in
3177 4762 3311 4799 vano
3340 4748 3575 4799 animam
3606 4762 3733 4801 suam
3759 4744 3863 4805 (Pis.

2383 4838 2561 4906 nm).
2616 4838 2692 4891 illi
2730 4840 2868 4893 enim
2908 4840 3139 4893 animam
3189 4855 3339 4892 suam
3385 4842 3439 4894 iu
3486 4856 3619 4893 vano
3656 4838 3865 4903 accipiam.

2384 4929 2473 4998 qui
2503 4930 2807 4983 existimant
2834 4946 2950 4985 eam
2974 4930 3192 4985 dissolvi
3225 4946 3325 4985 una
3355 4946 3479 4985 cum
3526 4933 3619 4985 hac
3642 4930 3867 4985 caruncuia.

2383 5026 2471 5092 qui
2503 5024 2719 5077 virtutes
2750 5025 3015 5093 spiritales
3056 5025 3345 5094 negligunt.

2454 5115 2585 5169 iluic
2607 5114 2829 5184 virgini,
2860 5131 2976 5183 qua:
3024 5115 3141 5169 solo
3175 5117 3390 5168 nomine
3421 5115 3524 5169 sibi
3555 5120 3787 5183 paraverat
3812 5123 3869 5165 ar-

2379 5208 2738 5275 pellationcm.
2781 5208 3013 5260 moribus
3054 5216 3229 5261 autem
3258 5216 3371 5259 erat
3396 5208 3568 5261 aliena
3600 5207 3658 5281 ab
3682 5199 3866 5257 exerciti-

2382 5301 2547 5364 tione,
2578 5315 2697 5354 cum
2724 5314 2933 5364 venam,
2977 5310 3033 5354 ut
3060 5300 3275 5365 dicitur,
3316 5301 3483 5354 vellet
3512 5300 3722 5353 incidere
3742 5293 3790 5346 ad
3814 5293 3863 5343 ις-

2389 5393 2614 5445 vandam
2656 5393 2952 5460 avaritiam,
2983 5393 3351 5447 sanctissimus
3380 5386 3635 5445 Macarius
3657 5388 3748 5452 (l5)
3772 5394 3867 5451 prcs-

2381 5485 2533 5555 byter
2576 5494 2630 5539 et
2682 5484 2963 5553 praefectus
3026 5486 3419 5556 ptochotrOphii
3486 5500 3661 5540 eorum
3695 5487 3764 5551 qui
3792 5484 3868 5529 sum

2378 5594 2601 5647 corpore
2629 5579 2877 5644 mutilati,
2922 5580 3079 5634 talem
3121 5587 3296 5634 actum
3328 5580 3609 5647 lteogitat.
3654 5576 3867 5627 Eratcnm

2379 5672 2423 5725 is
2450 5671 2771 5741 ajuventute
2809 5671 3096 5739 lapidarius
3137 5672 3274 5741 (i6).
3304 5671 3382 5724 Ad
3414 5686 3537 5725 eam
3583 5676 3734 5721 autem
3769 5670 3865 5713 πα·

2381 5764 2509 5818 deus
2535 5804 2547 5827 ,
2604 5763 2731 5819 dicit
2768 5780 2779 5817 :
2815 5763 2870 5817 in
2921 5779 3004 5817 me
3049 5764 3349 5819 inciderunt
3405 5762 3635 5831 pulchra:
3677 5763 3864 5826 ςεωηίει
