4096 6524
226 348 381 419 1017

1468 343 1829 418 ΗΙΞἸῸΒΪΑ
1872 358 2263 421 LAUSIACA.

3374 362 3512 430 1018

221 468 403 536 φύσιν
432 466 754 520 διδάσκαλον
798 467 1111 539 ἐρρωμένον
1168 465 1230 519 τὸ
1284 465 1413 521 ἴδιον
1451 468 1693 532 συνειδός
1718 484 1731 498 ·
1757 467 1815 531 ὃς
1842 467 1897 530 Α
1919 469 2046 533 τοὺς
2072 470 2273 533 ἄθλους
2302 468 2409 523 τῶν
2447 470 2735 541 μακαρίων
2774 470 3111 534 ἀποστόλων,
3160 469 3253 525 καὶ
3288 487 3504 543 προφηο

219 551 474 621 τοσαύτῃ
504 550 686 620 χάριτι
720 550 1063 619 ἐκεκόσμητο
1098 549 1352 618 γνώσεως
1406 550 1814 619 πνευματικῆς,

216 632 299 696 ὡς
335 632 463 686 καθ’
497 634 739 701 ἱστορίαν
770 632 1109 702 πληροῦσθαι
1165 632 1225 684 τὸ
1256 635 1665 703 γεγραμμένον,
1700 632 1815 685 Κύ-

224 732 349 779 αιος
372 716 795 785 σοφοῖθτυςρλεύς.
826 717 1069 769 Παλαιὰν
1090 716 1188 786 μὲν
1209 717 1316 788 γὰρ
1335 718 1429 771 καὶ
1450 716 1655 787 Καινὴν
1679 718 1821 787 Γρα-

219 802 340 869 φὴν
372 801 691 871 ηρμήνευσε
733 800 873 853 κατά
902 797 1045 863 λέξιν
1064 816 1079 830 ο
1110 800 1218 851 τῶν
1247 799 1304 852 δὲ
1333 800 1617 867 δογμάτων
1643 798 1817 863 οὑτως

217 884 574 954 ἐπεμελήθη,
601 883 815 947 λεπτῶς
846 883 939 935 καὶ
967 882 1107 934 πάνυ
1137 882 1371 950 ἰσχυρῶς
1400 882 1691 951 ἐκθέμενος
1727 884 1817 935 τὸν

218 968 364 1034 τοερὶ
395 966 578 1020 αὑτῶν
604 966 781 1034 λόγον,
835 965 911 1029 ὼς
946 965 1155 1027 πάντας
1203 963 1640 1036 ὑπερϐεϐηκέναι
1686 964 1814 1027 τοὺς

218 1052 496 1122 ἀρχαίους
524 1053 579 1104 ἐν
608 1050 827 1119 γνώσει.

297 1135 514 1187 Τούτου
574 1134 704 1187 ποτὲ
777 1134 1179 1202 ἀναγκάζοντός
1233 1149 1299 1202 με
1358 1132 1583 1201 ποιῆσαι
1647 1130 1819 1202 εὐχήν

222 1222 283 1273 ἐν
320 1218 400 1287 τίει
433 1219 565 1288 »ἴκῳ
598 1218 787 1283 αὑτοῦ,
823 1220 917 1270 καὶ
956 1218 1030 1288 μὴ
1081 1217 1407 1286 βουλομένου
1445 1234 1571 1285 μου,
1630 1215 1814 1280 ἔλεγέν

225 1320 320 1373 μοι
353 1301 743 1372 διηγούμενος,
779 1303 860 1355 ὅτι
898 1302 991 1364 Εἰς
1028 1301 1124 1371 τὴν
1155 1300 1348 1353 κέλλαν
1375 1300 1581 1369 ταύτην
1630 1299 1815 1369 τρίτον

221 1386 540 1455 εἰσῆλθενό
596 1386 863 1455 πιακάριος
923 1385 1205 1445 Ἀντώνιος
1258 1382 1687 1453 ἐπισκεψόμενός
1724 1400 1815 1452 με,

224 1471 326 1523 καὶ
359 1469 738 1541 παρακληθεὶς
792 1470 922 1539 παρ’
973 1468 1106 1537 ἐμοῦ
1161 1467 1384 1537 ποιῆσαι
1431 1466 1618 1537 εὐχὴν,
1657 1467 1819 1530 εὑθὺς

227 1556 453 1607 ἔκλινεν
484 1556 613 1623 γόνυ
652 1556 709 1605 ἐν
736 1553 909 1624 τούτῳ
936 1551 1012 1623 τῷ
1046 1552 1263 1620 κελλίῳ,
1291 1553 1385 1605 καὶ
1412 1554 1473 1605 οὑ
1506 1552 1817 1624 παρεσκεύ-

227 1638 333 1691 ασέ
396 1656 463 1709 με
498 1638 832 1709 δευτερῶσαι
896 1638 986 1690 τὸν
1037 1636 1230 1705 λόγον,
1273 1636 1420 1707 ἔργῳ
1477 1654 1542 1706 με
1590 1636 1816 1689 παιδεύ-

228 1739 331 1787 σας
374 1725 435 1776 ἐν
469 1725 533 1793 τῇ
569 1723 805 1793 ὑπακοῇ.
843 1722 1008 1774 Ὥστε
1041 1718 1134 1775 οῦν
1180 1714 1229 1774 εἰ
1261 1721 1381 1774 κατ’
1419 1722 1564 1791 ῐχνος
1612 1721 1818 1792 βαίνεις

1925 552 2055 617 τῶν,
2087 556 2179 606 καὶ
2211 553 2522 625 μαρτύρων.
2561 554 2672 623 Τῆς
2701 554 2757 607 δέ
2798 553 3038 624 ἑσπέρας
3066 555 3505 624 καταλαϐούσης,
3550 562 3558 583 ’

1926 634 2329 707 δοξολογήσασά
2394 638 2496 706 μου
2554 637 2646 690 τὸν
2704 638 3011 709 Δεσπότην,
3070 637 3235 691 ἐσθίω
3267 655 3369 708 μου
3417 639 3508 692 τὸν

1926 718 2140 789 ψωμὸν,
2202 719 2301 783 τὰς
2336 720 2516 782 πάσας
2573 720 2720 791 ὧρας
2777 720 2877 791 τῆς
2922 721 3117 784 νυκτὸς
3167 739 3508 793 προσκαρτε-

1931 802 2099 873 ροῦσά
2132 820 2231 872 μου
2258 806 2324 874 τῇ
2357 804 2539 873 δεήσει
2573 845 2588 864 ,
2613 806 2709 857 καὶ
2743 804 2805 857 τὸ
2831 804 2983 868 τέλος
3010 805 3341 875 ἐκδεχομένη
3383 822 3506 875 μου,

1928 884 2056 936 πότε
2091 884 2346 939 ἀναλύσω
2392 885 2643 939 ἐντεῦθεν
2680 888 2795 958 μετ’
2848 888 3079 941 ἐλπίδων
3112 888 3388 959 χρηστῶν,
3416 888 3509 941 καί⁵

1927 966 2242 1037 ὀρθήσομαι
2284 967 2362 1038 τῷ
2394 969 2673 1041 προσώπῳ
2699 969 2793 1023 τοῦ
2818 969 3079 1041 Χριστοῦ.

2000 1073 2073 1123 Οὑ
2108 1073 2432 1144 παραλείψω
2465 1074 2521 1126 δὲ
2565 1076 2622 1128 ἐν
2661 1075 2739 1146 τῷ
2780 1075 3083 1145 διηγήματι
3136 1077 3231 1129 καὶ
3275 1076 3403 1140 τοὺς
3448 1078 3506 1131 ἐν

1928 1156 2281 1225 προσχήματι
2303 1155 2615 1220 θεοσεϐείας
2641 1160 2697 1211 ἐν
2721 1160 3124 1231 καταφρονήσει
3149 1158 3504 1227 βεϐιωκότας,

1931 1241 2012 1301 εἰς
2043 1239 2265 1291 ἔπαινον
2308 1240 2415 1292 τῶν
2456 1240 2885 1312 κατωρθοκότων
2913 1242 3012 1311 τὴν
3056 1241 3278 1311 ἀρετὴν,
3330 1242 3507 1311 ἀσφά-

1927 1322 2078 1375 λειαν
2100 1322 2157 1375 δὲ
2188 1323 2283 1375 καὶ
2320 1322 2725 1394 παραφυλακὴν
2750 1325 2859 1377 τῶν
2885 1325 3341 1393 ἐντυγχανόντων.

2515 1476 2763 1531 ΚΕΦΑΛ.
2808 1479 2898 1544 c7.

2171 1604 2315 1673 Περί
2371 1601 2482 1672 τῆς
2510 1606 2881 1676 φιλαργύρου
2936 1606 3260 1674 παρθένου.

1996 1722 2277 1795 Παρθένος
2302 1740 2387 1787 τις
2434 1724 2659 1793 γέγονεν
2708 1727 2764 1777 ἐν
2820 1727 2885 1795 τῇ
2926 1724 3326 1796 Ἀλεξανδρεία,
3387 1725 3508 1779 ὀνό-

223 1810 325 1860 καὶ
359 1809 429 1860 σὺ
456 1808 555 1877 τῆς
586 1807 797 1859 ἐκείνου
827 1804 1126 1870 πολιτείας,
1176 1806 1276 1858 ὅσα
1306 1823 1364 1858 τε
1402 1805 1673 1876 μονάζων,
1724 1810 1817 1861 καὶ
1852 1830 1895 1885 Β
1930 1823 2057 1877 ματι
2101 1806 2281 1877 μόνον,
2318 1806 2396 1876 τῷ
2427 1808 2525 1877 μὲν
2554 1810 2795 1877 σχήματι
2826 1808 2987 1878 δῆθεν
3031 1809 3284 1879 ταπεινὴ,
3333 1812 3399 1879 τῇ
3446 1809 3507 1861 δὲ

223 1889 295 1943 δι’
329 1890 538 1961 ἀρετήν
578 1889 899 1955 ξενιτεύων,
924 1889 1129 1943 ἀπόθου
1158 1889 1341 1943 πᾶσαν
1364 1890 1721 1957 φιλονεικίαν.
1754 1891 1813 1945 '0

224 1975 399 2037 αὑτὸς
428 1974 729 2045 διηγήσατό
761 1991 853 2044 μοι
906 1974 1003 2027 καὶ
1037 1972 1229 2041 τοῦτο,
1286 1974 1368 2026 ὅτι
1411 1974 1498 2026 Ἐν
1561 1976 1659 2045 μιᾷ
1710 1975 1819 2030 τῶν

220 2058 462 2129 ἡμερῶν
490 2057 871 2129 φροντίζοντός
906 2074 1008 2127 μου
1044 2058 1173 2128 περὶ
1204 2057 1304 2127 τῆς
1326 2056 1476 2126 ζωῆς
1523 2057 1816 2112 Ἰουλιανοῦ

222 2143 319 2195 τοῦ
358 2142 549 2195 ἀθλίου
585 2142 871 2212 βασιλέως,
912 2142 988 2206 ὡς
1036 2141 1270 2196 διώκτου
1294 2184 1311 2209 ,
1351 2143 1447 2196 καὶ
1484 2142 1821 2213 ἀδημονοῦν-

221 2226 314 2289 τό;
346 2244 477 2296 μου,
512 2226 670 2296 ἔτυχέ
707 2243 838 2279 ποτε
864 2226 1023 2297 ἄχρις
1052 2226 1299 2296 ἑσπέρας
1330 2225 1554 2296 βαθείας
1587 2227 1819 2299 μηδενὸς

222 2310 536 2377 γεύσασθαί
589 2329 657 2383 με
712 2310 900 2364 ἕνεκεν
947 2310 1153 2382 ταύτης
1199 2312 1299 2383 τῆς
1338 2311 1619 2383 φροντίδος
1651 2353 1665 2376 ο
1724 2313 1821 2366 καὶ

223 2393 604 2463 καθεζομένου
640 2411 741 2464 μου
768 2395 825 2447 ἐν
859 2394 936 2465 τῷ
968 2394 1144 2465 θρόνῳ
1193 2396 1587 2467 κατενεχθῆναι
1639 2394 1815 2467 ὕπνῳ,

224 2482 321 2531 καὶ
356 2477 489 2529 ἰδεῖν
541 2480 598 2531 ἐν
631 2477 890 2531 ἐκστάσει
923 2478 1125 2542 ἵππους
1166 2477 1397 2543 λευκοὺς
1432 2480 1819 2550 διατρέχοντας

228 2561 373 2629 μετά
405 2560 515 2614 τῶν
550 2561 846 2627 ἐπιϐατῶν,
898 2562 994 2615 καὶ
1025 2563 1420 2634 κηρύττοντας,
1475 2563 1682 2617 Εἴπατε
1729 2564 1819 2616 Δι-

224 2644 408 2715 δύμῳ,
448 2646 689 2717 σήμερον
721 2645 958 2717 ἑϐδόμην
992 2645 1142 2717 ὥραν
1174 2646 1528 2718 ἐτελεύτησεν
1588 2646 1817 2701 Ἰουλια-

228 2730 340 2793 νός.
385 2730 651 2794 Ἀναστὰς
685 2731 779 2785 οῦν
819 2733 961 2802 φάγε
1000 2734 1087 2796 σὺ,
1128 2734 1225 2786 καὶ
1260 2732 1462 2801 γνῶσιν
1492 2730 1817 2785 ἀπόστειλον

225 2813 307 2883 τῷ
345 2814 640 2887 ἐπισκόπῳ
682 2816 988 2887 Ἀθανασίῳ
1019 2818 1077 2870 ἐν
1103 2820 1169 2888 τῇ
1209 2817 1378 2888 οἰκία,
1424 2818 1514 2870 ἵνα
1558 2818 1818 2881 κάκεῖνος

227 2898 343 2967 γνῷ
406 2900 538 2968 περὶ
571 2898 782 2954 τούτου.
846 2900 959 2953 Καὶ
1012 2901 1464 2971 ἐσημειωσάμην,
1506 2900 1664 2971 φησὶ,
1722 2898 1818 2953 καὶ

227 2988 327 3057 τὴν
362 2984 517 3055 ὥραν
550 2988 645 3041 καὶ
676 2987 775 3057 τὴν
823 2986 1060 3057 ἡμέραν,
1095 2988 1191 3041 καὶ
1218 2987 1317 3057 τὴν
1378 2985 1675 3058 ἑϐδομάδα,
1722 2986 1817 3041 καὶ

228 3075 319 3129 τὸν
353 3074 504 3144 μῆνα
525 3090 538 3104 ’
575 3075 669 3128 καὶ
699 3072 931 3143 εὓρηται
955 3070 1151 3136 οὑτως.

852 3200 1104 3253 ΚΕΦΔΛ.
1136 3199 1209 3252 E'.

715 3320 857 3390 Περί
888 3318 1307 3387 Ἀλεξάνδρας.

300 3432 620 3503 Διηγήσατο
653 3446 745 3501 μοι
782 3429 1068 3501 Δίδυμοςὸ
1110 3428 1465 3498 συγγραφεὺς
1513 3426 1644 3499 περὶ
1688 3443 1816 3481 παι-

229 3515 423 3587 δίσκης
483 3514 630 3578 τινὸς
672 3512 923 3589 ὀνόματι¹
957 3510 1341 3582 Ἀλεξάνδρας
1396 3512 1518 3583 ἥτις
1559 3511 1815 3565 καταλεί-

228 3600 386 3671 ψασα
404 3600 505 3667 τὴν
537 3598 713 3662 πόλιν,
746 3600 804 3649 ἐν
839 3597 1082 3667 μνήματι
1112 3595 1313 3664 ἑαυτὴν
1336 3594 1713 3666 ἐγκαθεῖρξεν,
1748 3594 1815 3647 δι’

233 3685 377 3754 ὀπῆς
439 3683 821 3754 λαμϐάνουσα-
859 3679 928 3754 τά
989 3680 1087 3749 τῆς
1134 3678 1347 3754 χρείας,
1400 3678 1541 3754 μήτε
1588 3678 1816 3754 ἀνδράσι

235 3749 374 3824 μήτε
432 3749 651 3821 γυναιξὶ
702 3750 823 3803 κατ’
873 3750 995 3819 ὄψιν
1047 3749 1492 3818 συντυγχάνουσὰ
1538 3765 1670 3801 ποτε
1723 3750 1817 3801 ἐπὶ

232 3840 327 3909 ἐτη
360 3838 516 3892 δέκα.
549 3836 641 3908 Τῷ
697 3836 755 3888 δέ
810 3834 1022 3901 δεκάτῳ
1076 3832 1185 3886 ἔτει
1242 3832 1590 3904 κοιμηθεῖσα,
1631 3833 1813 3901 φασὶν,
1874 3882 1875 3885 η

230 3922 604 3993 ἐσχημάτισεν
643 3918 843 3991 ἑαυτήν
873 3920 908 3990 ἡ
944 3921 1263 3989 μακαρῖτις⁶
1318 3916 1395 3979 ὡς
1442 3917 1541 3987 τὴν
1587 3918 1645 3969 ἐν
1692 3933 1819 3969 συνρ

231 4006 396 4077 η’)εία
438 4004 806 4068 ἀπελθοῦσαν,
862 4003 960 4056 καὶ
1011 4002 1086 4072 μὴ
1132 3998 1404 4071 τυχοῦσαν
1443 3999 1811 4069 ἀποκρίσεως,

230 4090 557 4159 ἀναγγεῖλαι
587 4091 741 4160 ήμῖν.
779 4085 1130 4148 Ἀπελθόντες
1145 4087 1325 4139 τοίνυν
1353 4085 1535 4156 ἡμεῖς,
1556 4083 1651 4137 καὶ
1682 4085 1817 4137 ἀπο-

230 4176 567 4246 κρούσαντες
593 4174 693 4243 τὴν
729 4171 899 4244 θύραν
931 4170 1026 4224 τοῦ
1059 4172 1368 4240 μνήματος,
1402 4169 1496 4222 καὶ
1543 4164 1815 4221 εἰσελθόν-

230 4277 346 4325 τες,
378 4259 615 4329 εὕρομεν
646 4257 817 4328 αὑτὴν
850 4255 1232 4327 κοιμηθεῖσαν.

305 4344 540 4413 Ἔλεγεν
567 4343 624 4396 δὲ
649 4341 777 4413 περ)⁸
794 4340 997 4411 ταύτης
1022 4340 1115 4393 καὶ
1134 4340 1167 4409 ή
1184 4338 1559 4410 τρισμακαρία
1590 4334 1812 4407 Μελάνη

228 4432 263 4500 ή
319 4427 575 4498 Ῥωμαία
625 4425 777 4498 (περὶ
800 4420 869 4496 ἧς
902 4427 982 4488 εἰς
1004 4424 1094 4477 τὸν
1122 4424 1441 4493 καθήκοντα
1480 4422 1674 4492 καιρὸν
1718 4422 1815 4475 καὶ

1922 1891 2244 1963 προαιρέσει
2276 1891 2557 1959 φειδωλὸς,
2616 1892 2848 1963 σοϐαρὴ,
2892 1893 2986 1944 καί
3038 1892 3397 1961 φιλόπλουτος
3426 1893 3507 1955 εἰς

1923 1976 2063 2043 ἄγαν
2087 1976 2143 2027 ἐν
2167 1975 2447 2045 χρήμασιν
2466 1991 2479 2004 ⁸
2507 1974 2835 2045 φιλόχρυσος
2864 1975 3062 2045 μᾶλλον
3081 1975 3115 2045 ἢ
3138 1974 3504 2045 φιλόχριστος’

1928 2058 2197 2129 μηδέποτε
2229 2058 2529 2129 προϊεμένη
2560 2059 2668 2111 τῶν
2710 2059 2910 2127 ἑαυτῆς
2962 2075 3037 2123 τι,
3092 2058 3166 2128 μὴ
3216 2057 3373 2127 ξένῳ,
3430 2056 3506 2128 μὴ

1926 2143 2227 2213 πενομένῳ,
2259 2141 2334 2212 μὴ
2369 2142 2681 2213 ἀγχομένῳν
2720 2142 2793 2213 μὴ
2824 2141 3067 2213 μοναχῷ.
3103 2142 3178 2211 μὴ
3224 2141 3503 2212 παρθένῳ,

1925 2226 2002 2297 μὴ
2034 2226 2335 2297 Ἐκκλησία
2354 2226 2542 2280 ὀϐολὸν
2586 2228 2705 2280 ἓνα.
2750 2227 2897 2299 Αὑτη
2950 2226 3170 2288 πολλαῖς
3200 2225 3505 2289 νουθεσίαις

1922 2310 2029 2362 τῶν
2062 2311 2231 2377 ἁγίων
2268 2309 2528 2381 [Ιατέρων
2566 2311 2665 2363 οὑκ
2689 2307 3094 2373 ἀπεσκευάζετο
3126 2310 3224 2379 τὴν
3248 2307 3382 2379 ῦλην
3410 2308 3503 2363 τοῦ

1923 2392 2177 2447 πλούτου.
2230 2393 2478 2463 ’Υπῆρχε
2520 2393 2577 2446 δέ
2618 2393 2790 2465 ταύτῃ
2826 2395 2919 2447 καὶ
2944 2393 3134 2462 γένος,
3190 2393 3248 2444 ἐν
3296 2388 3377 2456 οἷς
3413 2409 3503 2445 τε-

1920 2480 2256 2531 κνοποιεῖται
2289 2477 2568 2547 θυγατέρα
2612 2477 2846 2546 ἀδελφῆς
2890 2478 3025 2540 ἰδίας
3054 2492 3065 2504 ’
3162 2476 3379 2543 νύκτωρ
3408 2476 3505 2528 καὶ

1924 2561 2044 2631 μεθ’
2080 2562 2293 2632 ἡμέραν
2323 2559 2691 2630 ἐπηγγέλλετο
2740 2561 2810 2612 τά
2841 2560 3067 2632 ἑαυτῆς,
3106 2557 3200 2612 τοῦ
3246 2558 3502 2630 οὐρανίου

1922 2644 2087 2696 πόθου
2116 2644 2254 2713 αὑτὴ
2308 2641 2641 2696 ἐκπεσοῦσα.
2697 2640 2847 2705 Εἶδος
2888 2644 2997 2714 γάρ
3042 2643 3287 2697 ἐστικαὶ
3346 2640 3504 2694 τοῦτο

1921 2727 1980 2781 ἓν
2036 2728 2136 2797 τῆς
2168 2729 2377 2797 πλάνης
2414 2725 2507 2779 τοῦ
2554 2724 2826 2790 διαϐόλου,
2856 2727 2914 2778 ἐν
2959 2726 3313 2796 προσχήματι
3354 2725 3505 2793 φιλο-

1923 2810 2245 2879 συγγενείας
2270 2811 2368 2881 τὴν
2386 2808 2703 2874 πλεονεξίαν
2721 2809 2935 2863 ὠδίνειν
2961 2807 3499 2881 παρασκευάζοντος.

1922 2894 2047 2949 Ὀτι
2088 2894 2197 2966 γὰρ
2240 2894 2390 2964 αὑτῴ
2422 2894 2482 2946 οὑ
2524 2894 2677 2964 μέλει
2736 2894 2952 2961 γένους,
3006 2894 3167 2962 δῆλον
3224 2892 3499 2946 ἐντεῦθεν.

1934 2978 2370 3048 Ἀδελφοκτονεῖν
2417 2977 2527 3049 γὰρ
2588 2980 2684 3031 καὶ
2735 2980 3124 3048 μητροκτονεῖν
3163 2977 3258 3030 καὶ
3297 2991 3503 3046 πατρο-

1923 3065 2135 3117 κτονεῖν
2169 3061 2332 3125 αὐτὸς
2360 3059 2681 3125 ἐξεδίδαξεν.
2703 3062 2812 3114 Καὶ
2830 3060 2985 3115 τοῦτο
3006 3063 3127 3123 ταῖς
3160 3060 3330 3123 θείαις
3360 3061 3506 3131 Γρα-

1849 3175 1893 3235 c
1925 3151 2052 3235 φαῖς
2082 3148 2450 3235 ὡμολόγηται.
2511 3146 2671 3235 Ἀλλά
2702 3146 2807 3235 κᾶν
2857 3145 2982 3235 δόξῃ
3036 3145 3312 3235 συγγενῶν
3339 3145 3505 3235 κηδε-

1928 3232 2118 3303 μονίαν
2172 3230 2439 3285 ἐντιθέναι
2505 3231 2687 3293 τισὶν,
2752 3230 2853 3283 οὑκ
2896 3232 2977 3293 εἰς
3009 3227 3225 3283 εὔνοιαν
3274 3228 3502 3282 ἐκείνων

1920 3318 2081 3371 τοῦτο
2111 3317 2273 3382 ποιεῖ,
2300 3313 2415 3366 ἀλλ’
2450 3314 2587 3386 ὑπὲρ
2614 3313 2708 3367 τοῦ
2733 3314 2831 3383 τὴν
2860 3314 3037 3383 ψυχὴν
3056 3313 3240 3365 ἀδικον
3266 3312 3503 3381 ἐξασκῆ-

1923 3400 2014 3453 σαί
2041 3416 2226 3464 τινων,
2262 3398 2451 3467 σαφῶς
2506 3398 2669 3460 αὑτὸς
2728 3396 2883 3460 εἰδὼς
2936 3396 3035 3466 τὴν
3087 3395 3383 3465 ἀπόφασιν,
3420 3395 3502 3447 ὅτι

1921 3484 2098 3538 ἄδικοι
2123 3482 2404 3555 βασιλείαν
2444 3481 2579 3535 Θεοῦ
2610 3482 2672 3534 οὑ
2709 3481 3235 3552 κληρονομήσουσιν.
3269 3480 3502 3533 Δύναται

1921 3569 1977 3622 δέ
2010 3586 2093 3631 τις
2126 3568 2339 3621 συνέσει
2366 3568 2713 3636 πνευματικῇ
2752 3567 2846 3618 καί⁸
2889 3565 3019 3634 θείῳ
3060 3565 3209 3633 πόθῳ
3245 3562 3501 3633 κινούμε-

1921 3669 2030 3716 νος,
2061 3653 2197 3723 μήτε
2231 3654 2329 3721 τῆς
2368 3648 2565 3703 ἑαυτοῦ
2597 3648 2775 3718 ψυχῆς
2818 3648 3062 3717 ἀμελεῖν,
3090 3648 3183 3698 καὶ
3227 3646 3340 3707 τοῖς
3367 3662 3501 3713 συγ-

1919 3736 2133 3805 γενέσιν
2160 3735 2496 3803 ἐπικουρεῖν,
2546 3735 2595 3785 εἰ
2636 3731 2745 3800 ἄρα
2776 3731 3039 3794 λίποιντο,
3071 3731 3166 3784 καὶ
3207 3729 3501 3798 διαφόρους

1919 3822 2181 3890 παρέχειν
2222 3816 2598 3889 παραμυθίας.
2626 3816 2796 3868 Ὅταν
2836 3815 2892 3867 δέ
2922 3831 3009 3878 τις
3041 3813 3169 3883 ὃλην
3196 3813 3294 3882 τὴν
3318 3811 3500 3882 ψυχὴν

1919 3904 2113 3958 ἑαυτοῦ
2146 3903 2505 3973 καταπατήσῃ
2538 3900 2838 3971 κηδεμονίᾳ
2875 3899 3177 3968 συγγενῶν,
3201 3896 3500 3951 ὑποπίπτει

1919 3987 2091 4058 νόμῳ,
2128 3988 2222 4040 ἐπὶ
2282 3987 2500 4056 ματαίῳ
2533 3985 2633 4055 τὴν
2677 3984 2857 4055 ψυχὴν
2909 3982 3075 4037 αὑτοῦ
3126 3980 3497 4052 λογιζόμενος.

1923 4072 2072 4144 ’ᾼδει
2116 4071 2174 4124 δέ
2240 4072 2335 4124 καὶ
2364 4070 2393 4122 ὀ
2446 4068 2770 4141 ἱεροψάλτης
2835 4067 3001 4122 Δαϐἰδ
3066 4068 3196 4138 περὶ
3242 4067 3353 4121 τῶν
3400 4070 3501 4137 τῆς

1918 4157 2093 4227 ψυχῆς
2121 4152 2525 4227 φροντιζόντων
2552 4155 2609 4206 ἐν
2641 4152 2791 4222 φόϐῳ
2819 4151 2955 4206 Θεοῦ
2982 4168 2995 4183 ⁸
3050 4153 3225 4222 λέγων
3244 4195 3259 4218 ,
3296 4153 3379 4205 ὅτι
3402 4152 3499 4215 Τίς

1918 4242 2256 4312 ἀναϐήσεται
2288 4242 2367 4302 εἰς
2404 4238 2466 4291 τὸ
2494 4237 2619 4309 ὅρος
2650 4236 2745 4290 τοῦ
2780 4236 2987 4308 Κυρίου
3013 4252 3028 4304 ;
3054 4238 3177 4291 ἀντὶ
3200 4237 3319 4303 τοῦ,
3353 4255 3498 4291 σπα-

1917 4325 2065 4389 νίως.
2098 4325 2167 4376 Ἢ
2192 4323 2278 4387 τίς
2308 4324 2564 4393 στήσεται
2592 4322 2648 4373 ἐν
2679 4320 2828 4390 τόπῳ
2876 4322 3018 4391 ἀγίῳ
3056 4320 3258 4387 αὑτοῦ;
3296 4321 3498 4386 Ἀθῶος

1919 4408 2098 4481 χερσὶ,
2127 4407 2221 4462 καὶ
2248 4406 2486 4477 καθαρὸς
2510 4408 2574 4476 τῇ
2598 4404 2817 4475 καρδία,
2842 4404 2899 4468 ὃς
2917 4404 3018 4457 οὐκ
3045 4404 3237 4459 ἐλαϐεν
3272 4405 3366 4458 ἐπὶ
3396 4423 3500 4476 μα-

226 4484 394 4570 ⁸έόπον
424 4484 493 4566 τά
515 4484 644 4583 περί
672 4484 1357 4580 αὑτῆςνδιηγήσομαι),’ὅτι
1389 4505 1523 4559 Κατ’
1554 4484 1675 4574 ὅίζιιν
1691 4505 1811 4576 μὲν,
1840 4522 1894 4582 D
1920 4484 2056 4583 ταίῳ
2084 4492 2185 4583 τὴν
2219 4490 2397 4583 ψξξλὴγ
2430 4487 2615 4583 αὺξξὶῧο
2652 4488 2881 4583 Ἐκεῖνρι
2911 4488 3134 4583 γὰρ’-ὲπῖ
3158 4488 3371 4583 ματξιίξρ
3392 4490 3499 4583 ﬁt?

227 4601 387 4667 φασί,
418 4596 515 4667 τὴν
544 4594 822 4666 μακαρίαν
845 4593 1048 4664 ταύτην
1066 4592 1165 4645 οὑκ
1186 4590 1455 4662 ἠδυνήθην
1485 4590 1812 4655 θεάσασθαι,

228 4687 365 4759 περὶ
402 4682 615 4753 ἀστὴν
661 4680 801 4748 ὀπὴν
854 4678 1028 4730 στᾶσα
1090 4674 1201 4745 ἐγὼ
1242 4677 1596 4747 παρεκάλεσα
1642 4674 1815 4746 αὐτὴν

226 4773 410 4824 εἰπεῖν
445 4786 535 4841 μοι
570 4769 671 4839 τὴν
706 4764 887 4819 αἰτίαν
907 4762 975 4815 δι’
1033 4763 1099 4835 ἢν
1153 4761 1502 4833 ἀνεχώρησεν
1571 4762 1670 4832 μὲν
1714 4760 1815 4830 τῆς

227 4858 464 4919 πόλεως,
522 4850 940 4922 ἐγκατέκλεισεν
980 4848 1024 4901 δ’
1058 4848 1258 4920 ἑαυτήν
1316 4849 1374 4901 ἐν
1412 4845 1491 4916 τῷ
1544 4847 1810 4918 μνήματι.

234 4942 301 4996 Ἡ
359 4941 419 4993 δέ
448 4939 537 4992 διὰ
594 4936 699 5005 τῆς
750 4934 889 5003 ὀπῆς
946 4950 1037 5003 μοι
1066 4932 1361 5002 ἐφθέγγετο
1411 4933 1664 4997 λέγουσα,
1730 4930 1813 4983 ὅτι

238 5024 482 5093 Ἐὄλάϐη
509 5039 591 5083 τις
618 5021 708 5074 τὸν
740 5019 865 5073 νοῦν
888 5020 1003 5082 εἰςέ
1015 5018 1102 5089 μὲ,
1131 5020 1223 5072 καὶ
1256 5018 1343 5071 ἴνα
1372 5016 1447 5086 μὴ
1471 5015 1814 5085 δόξωλυπεῖν

224 5110 419 5175 αὑτὸν,
450 5108 483 5177 ἢ
523 5104 851 5171 διαϐάλλειν,
882 5107 1180 5175 ᾑρησάμην
1217 5103 1398 5166 ζῶσαν
1454 5100 1696 5173 ἐμαυτὴν
1734 5101 1814 5164 εἰς

223 5199 285 5250 τὸ
334 5194 523 5265 μνῆμα
574 5192 733 5245 τοῦτο
786 5192 1129 5258 εἰσαγαγεῖν,
1180 5187 1601 5261 ῆσκανδαλίσαι
1636 5186 1815 5258 ψυχὴν

228 5282 352 5335 κατ’
384 5280 572 5333 εἰκόνα
595 5276 734 5330 Θεοῦ
796 5276 1137 5347 ποιηθεῖσαν.
1183 5275 1351 5345 Ἐμοῦ
1407 5274 1466 5327 δὲ
1527 5275 1814 5349 εἰρηκυίας

148 5396 151 5401 -
229 5367 392 5434 αὑτῇ,
431 5362 555 5425 Πῶς
582 5362 980 5432 διακαρτερεῖς,
998 5360 1159 5431 δούλη
1180 5359 1520 5430 Χριστοῦ,τὸ
1548 5361 1814 5432 παράπαν

234 5448 429 5519 μηδενὶ
457 5446 923 5515 συντυγχάνουσα,
980 5444 1117 5496 ἀλλὰ
1169 5444 1307 5515 μόνη
1348 5444 1696 5498 πυκτεύουσα
1745 5448 1812 5517 τῇ

230 5534 432 5605 ἀκηδίᾳ.
456 5534 549 5585 καὶ
585 5535 697 5595 τοῖς
748 5532 1061 5601 λογισμοίς;
1104 5530 1137 5601 ή
1183 5529 1239 5583 δὲ
1269 5531 1633 5601 ἀπεκρίνατο·
1681 5535 1816 5588 Ἀπὸ

228 5619 378 5692 πρωϊ
415 5621 520 5682 ἕως
551 5619 699 5691 ὥρας
731 5620 955 5689 ἐννάτης
979 5617 1233 5689 εὖχομαι,
1259 5618 1380 5671 καθ’
1402 5618 1550 5689 ῶραν
1579 5621 1814 5691 νήθουσα

228 5706 413 5759 λίνονο
440 5708 541 5768 τάς
574 5704 617 5758 δ’
655 5704 981 5768 ὑπολοίπους
1011 5704 1160 5774 ὥρας
1200 5703 1564 5776 περιέρχομαι
1615 5708 1693 5777 τῷ
1740 5710 1815 5779 νῷ

231 5792 329 5862 τὴν
358 5792 541 5846 πῖστιν
570 5792 676 5845 τῶν
710 5792 877 5861 ἁγίων
912 5792 1171 5865 Πατέρων
1201 5795 1291 5848 καὶ
1317 5796 1693 5867 πατριαρχῶν,
1721 5797 1813 5851 καί

1336 6068 1356 6118 ἰ

1921 4576 2099 4649 ψυχὴν
2124 4573 2335 4628 ἑαυτῶν
2369 4572 2760 4645 λαμϐάνουσιν,
2792 4572 2841 4623 οί
2876 4572 3187 4642 νομίζοντες
3225 4573 3396 4642 αὑτὴν
3421 4571 3499 4640 τῷ

1923 4661 2134 4733 σαρκίῳ
2160 4660 2333 4730 τούτῳ
2387 4658 2823 4726 συνδιαλύεσθαι,
2863 4658 2912 4711 οἰ
2969 4656 3079 4711 τῶν
3110 4657 3499 4729 πνευματικῶν

1918 4746 2131 4817 ἀρετῶν
2155 4744 2503 4817 ἀμελοῦντες.

1991 4849 2208 4919 Ταύτην
2246 4850 2346 4920 τὴν
2377 4848 2648 4921 παρθένον
2701 4848 2798 4919 τὴν
2834 4847 2913 4918 τῷ
2942 4848 3167 4919 ὀνόματι
3210 4846 3356 4918 μόνῳ
3398 4847 3497 4919 τήν

1918 4938 2239 5009 ἐπωνυμίαν
2295 4938 2662 5009 κεκτημένην,
2697 4940 2808 5002 τοῖς
2835 4938 2891 4990 δὲ
2921 4938 3145 5008 τρόποις
3174 4937 3272 5006 τῆς
3318 4938 3497 5008 ἀσκή-

1920 5041 2057 5087 σεως
2083 5022 2523 5093 ἀπεξενωμένην,
2552 5022 2616 5075 τὸ
2661 5022 2726 5094 δὴ
2756 5022 3069 5093 λεγόμενον,
3100 5021 3332 5093 θελήσας
3364 5022 3496 5092 φλε-

1918 5108 2220 5178 ϐοτομῆσαι
2250 5109 2330 5171 εἰς
2364 5106 2668 5175 κουφισμὸν
2702 5106 2803 5175 τῆς
2850 5105 3163 5169 πλεονεξίας
3191 5107 3220 5158 ό
3255 5105 3494 5173 ἁγιώταο

1916 5208 2007 5255 τος
2037 5191 2324 5262 Μακάριος
2357 5192 2387 5243 ὀ
2421 5190 2817 5261 πρεσϐύτερος,
2854 5191 2950 5244 καί
2994 5188 3377 5260 ἀφηγούμενος
3401 5190 3494 5243 τοῦ

1917 5277 2185 5347 πτωχείου
2207 5276 2317 5330 τῶν
2336 5274 2755 5346 λελωϐημένων,
2792 5275 3073 5344 σοφίζεται
3103 5275 3290 5345 δρᾶμα
3318 5273 3494 5327 τοιοῦ-

1916 5382 2027 5419 τον.
2052 5360 2161 5415 Ἦν
2192 5361 2301 5432 γὰρ
2334 5362 2392 5414 ἐν
2423 5361 2639 5430 νεότητι
2662 5359 2828 5413 αὑτοῦ
2858 5360 3163 5431 λιθουργὸς,
3183 5360 3241 5412 ὃν
3274 5360 3489 5428 λέγουσι

1918 5451 2254 5521 καϐιδάριον.
2273 5451 2385 5505 Καὶ
2411 5449 2661 5506 ἀπελθὼν
2688 5450 2835 5519 λέγει
2852 5449 3012 5519 αὐτῇ·
3034 5448 3185 5502 Λίθοι
3202 5447 3489 5515 ἀναγκαῖοι

1920 5536 2223 5609 σμάραγδοι
2289 5537 2384 5589 καὶ
2448 5534 2692 5588 ὑάκινθοι
2757 5532 3153 5603 ἐμπεπτώκασί
3210 5550 3329 5604 μοι’
3399 5535 3492 5588 καὶ

1919 5627 2028 5677 είτε
2057 5624 2371 5695 κλεψιμαῖοι
2417 5621 2448 5692 ἢ
2492 5620 2787 5693 ἐμπορικοὶ
2822 5621 2996 5676 εἰπεῖν
3031 5620 3133 5674 οὑκ
3161 5620 3289 5690 ἔχω.
3340 5621 3486 5693 Τιμῇ

1916 5714 2013 5784 οὑχ
2062 5712 2472 5778 ὑποϐάλλονται,
2529 5712 2670 5783 ὑπὲρ
2701 5710 3017 5782 διατίμησιν
3070 5708 3242 5773 ὀντες.
3278 5709 3491 5778 Πιπρα-

1924 5815 2042 5853 σκει
2096 5798 2151 5852 δὲ
2206 5797 2367 5863 αὐτὸς
2429 5799 2798 5853 πεντακοσίων
2857 5795 3205 5867 νομισμάτων
3253 5795 3280 5847 ὁ
3328 5794 3465 5864 ἔχων
