4096 6540
555 351 695 422 Ῑίὶίθ

2029 357 2386 422 PALLADII

3688 375 3838 440 1020

563 477 690 534 Ἐἀν
715 471 809 532 οῦν
835 474 963 549 δόξῃ
1001 491 1085 531 σοι
1109 472 1310 544 αὑτοὺς
1333 473 1544 542 λαϐεῖν,
1573 475 1662 539 δὺς
1696 473 1768 531 τά
1797 474 2131 530 πεντακόσια
2159 474 2207 534 Α
2234 467 2305 546 Ὦ
2344 473 2462 546 ὄρει
2495 475 2831 546 παράκειται
2862 477 2896 550 ἡ
2934 478 3253 552 πανέρημος
3287 486 3688 554 παρατείνουσα
3713 489 3836 556 ἕως

551 569 903 641 νομίσματαο
957 570 1070 633 τοῖς
1114 569 1172 623 δέ
1205 570 1416 634 λοιποῖς
1465 571 1776 642 χρήσασθαι
1827 573 1910 634 είς
1958 589 2127 627 κατα·
2168 566 2206 601 Γ

551 661 753 733 σκευὴν
781 662 989 732 κόσμου
1025 663 1277 730 ποικίλην
1306 662 1407 728 τῆς
1439 663 1726 733 ἀδελφιδῆς
1747 681 1864 718 σου.
1902 655 2152 738 Ἑκκρε-“

554 754 772 824 μαμένη
817 755 875 808 δέ
923 756 955 824 ἢ
1007 755 1278 826 λεγομένη
1336 755 1606 826 παρθένος
1645 757 1798 832 πάσῃ
1851 757 2018 830 ψήφῳ
2067 760 2134 831 τῇ

552 845 712 917 κόρῃ,
747 846 1058 912 δελεάζεται
1087 851 1153 919 τῇ
1204 849 1534 921 φιλοκοσμίᾳ
1561 851 1786 921 ταύτης,
1817 852 1912 904 καὶ
1944 853 2135 908 πίπτει

552 935 722 990 αὑτοῦ
754 937 838 1002 είς
864 939 990 1001 τοὺς
1014 939 1203 1002 πόδας,
1235 937 1332 994 καὶ
1365 939 1516 1010 λέγει
1546 940 1696 1012 αὑτῷ
1719 959 1734 972 ο
1764 942 1968 1013 Δέομαί
2014 961 2132 1008 σου,

555 1030 629 1102 μή
679 1047 763 1094 τις
819 1031 1019 1096 αὑτοὺς
1075 1030 1239 1106 λάϐῃ.
1280 1035 1663 1105 Προτρέπεται
1711 1032 1807 1091 οὖν
1852 1039 2059 1111 ταύτην
2104 1039 2135 1093 6

551 1123 730 1189 ἅγιος,
761 1123 957 1193 λέγων,
989 1125 1071 1179 ὅτι
1094 1128 1416 1197 Παραγενοῦ
1439 1128 1542 1192 έως
1561 1129 1864 1199 τῆςοίκίας
1891 1149 2016 1201 μου,
2039 1131 2136 1186 καλ⁷

552 1215 719 1286 βλέπε
754 1217 973 1283 αὑτούς,
1020 1218 1086 1272 Ἦ
1113 1218 1168 1273 δὲ
1198 1219 1301 1274 οὑκ
1332 1221 1616 1292 ἠνέσχετο,
1642 1222 1778 1277 ἀλλὰ
1803 1224 2134 1296 προσρίπτει

549 1310 698 1381 αὐτῷ
746 1310 816 1364 τὰ
853 1313 1186 1368 πεντακόσια
1240 1314 1576 1386 νομίσματα,
1624 1316 1881 1386 λέγουσα,
1931 1318 2150 1388 Δέομαί.

552 1421 669 1468 σου,
726 1405 802 1469 ὡς
859 1407 1054 1474 θέλεις,
1100 1407 1231 1462 λάϐε
1288 1408 1504 1475 αὑτούς.
1553 1412 1694 1480 Ἐγὼ
1745 1413 1853 1482 γὰρ
1891 1413 1952 1466 ού
1995 1411 2134 1466 θέλω

555 1495 686 1549 ίδεῖν
715 1496 806 1550 τὸν
830 1497 1119 1569 ἄνθρωπον
1151 1499 1244 1553 τὸν
1275 1501 1658 1571 πιπράσκοντα
1688 1503 1906 1569 αὑτούς.
1936 1504 2133 1558 Λαϐὼν

548 1586 644 1641 οὖν
687 1588 756 1641 τὰ
801 1591 1137 1645 πεντακόσια
1165 1590 1482 1664 νομίσματα
1531 1594 1662 1663 παρ’
1692 1595 1876 1664 αὐτῆς.
1917 1596 1945 1649 6
1980 1595 2133 1664 ἆγιος

550 1679 862 1750 Μακάριος,
882 1681 1067 1736 δίδωσι
1094 1683 1264 1738 ταῦτα
1289 1687 1370 1749 είς
1399 1685 1500 1746 τάς
1519 1685 1708 1756 χρείας
1723 1684 1818 1740 τοῦ
1838 1687 2127 1756 πτωχείου.

547 1773 758 1845 Χρόνου
789 1773 845 1828 δὲ
903 1775 1288 1844 παρελθόντος,
1343 1777 1532 1850 ἐπειδὴ
1569 1778 1810 1850 μεγάλην
1861 1780 2130 1850 ὑπόληψιν

547 1859 692 1936 εἶχεν
721 1867 750 1920 6
783 1865 921 1938 ἀνὴρ
972 1867 1030 1920 ἐν
1082 1866 1479 1940 Ἀλεξανδρείᾳ,
1533 1870 1614 1933 εἰς
1660 1871 1830 1942 ἀκρον
1881 1869 2130 1938 φιλόθεος

546 1957 622 2012 ῶν
652 1956 748 2012 καὶ
779 1956 1030 2028 ἐλεήμων
1060 1957 1376 2028 πρεσϐύτης
1407 1959 1812 2032 (ῆκμασενγάρ
1836 1959 1997 2032 μέχρι
2019 1959 2150 2014 τῶν·

545 2049 742 2105 ἑκατδν
773 2049 934 2114 ἑτῶν,
951 2043 996 2116 ᾧ
1023 2049 1487 2120 συνεχρονίσαμεν
1505 2051 1597 2112 καὶ
1617 2052 1818 2122 ἡμεῖς),
1839 2051 2131 2124 ηύλαϐεἴτο

546 2141 710 2196 αὑτὸν
763 2142 1100 2212 ὑπομνῆσαι.
1140 2141 1307 2206 Τέλος
1367 2143 1605 2215 εὑροῦσα
1629 2144 1795 2200 αὑτὸν
1828 2147 1888 2200 ἐν
1933 2149 2002 2220 τῇ
2033 2147 2148 2202 ἑκο-

546 2234 767 2306 κλησίᾳ.
799 2234 950 2301 λέγει
980 2232 1153 2304 αὑτῷ,
1183 2233 1387 2304 Δέομαί
1419 2253 1535 2302 σου,
1566 2237 1623 2291 τί
1647 2237 1828 2306 λέγεις
1871 2239 2129 2310 περὶτῶν

545 2324 708 2378 λίθων
756 2322 1002 2387 ἑκείνων,
1057 2316 1133 2378 ὧν
1181 2321 1500 2395 δεδώκαμεν
1552 2324 1621 2380 τά
1653 2328 1987 2382 πεντακόσια
2041 2346 2130 2383 νος

547 2415 827 2485 μίσματας
872 2413 932 2466 '0
975 2412 1030 2467 δὲ
1061 2414 1417 2484 ἀπεκρίνατο,
1465 2413 1645 2484 λέγων
1691 2417 1853 2488 αὐτῇ.
1902 2418 2023 2489 Ἃφ,
2060 2415 2150 2494 ἧςΔ

545 2505 763 2578 ἡμέρας
809 2504 1052 2569 δέδωκάς
1105 2523 1193 2577 μοι
1240 2504 1332 2559 τὸν
1360 2505 1581 2577 χρυσὸν,
1627 2507 1931 2564 κατέϐαλον
1962 2511 2126 2565 αὑτὸν

544 2599 625 2661 είς
654 2598 756 2670 τὴν
789 2595 955 2669 τιμὴν
977 2596 1088 2650 τῶν
1114 2596 1299 2652 λίθων.
1321 2597 1430 2652 Καὶ
1465 2600 1513 2652 εί
1542 2598 1723 2670 βούλει
1758 2600 1886 2654 ίδείν
1908 2601 2127 2668 αὑτοὺς,

546 2691 667 2746 ἑλθέ
708 2691 766 2744 ἐν
798 2690 876 2760 τῷ
906 2691 1142 2762 όσπιτίῳ
1180 2709 1282 2762 μου
1307 2709 1320 2724 ·
1363 2693 1479 2746 ἐκεῖ
1503 2693 1612 2764 γὰρ
1643 2696 1851 2750 κεῖνται
1891 2696 1939 2750 οἱ
1970 2695 2128 2764 λίθοι,

544 2783 640 2839 καὶ
673 2782 836 2854 βλέπε
887 2784 982 2838 ἐάν
1030 2800 1114 2838 σοι
1165 2784 1461 2855 ἀρέσωσιν,
1518 2785 1642 2839 ἑπελ¹
1674 2785 1840 2861 αἴρῃς
1890 2806 1985 2842 σου
2038 2793 2129 2844 τδν

546 2876 770 2947 χρυσόν.
805 2872 1008 2931 Ἦλθεν
1037 2877 1094 2930 δέ
1144 2877 1330 2948 ἐκείνη
1378 2878 1784 2950 ἀσμενεστάτη.
1831 2875 1938 2935 Ἦν
1966 2881 2022 2936 δέ
2069 2882 2131 2937 τὸ

545 2973 836 3042 πτωχεῖον,
879 2973 962 3037 εἰς
1006 2971 1106 3041 μὲν
1157 2971 1227 3025 τὰ
1266 2972 1502 3039 ἀνάγαια
1547 2971 1669 3042 ἕχον
1707 2974 1807 3037 τὰς
1831 2976 2125 3042 γυναῖκας,

545 3064 626 3126 είς
663 3063 721 3118 δὲ
755 3064 822 3117 τὰ
845 3063 1143 3132 κατάγαια,
1169 3064 1295 3127 τοὺς
1323 3065 1540 3136 ἄνδρας.
1584 3067 2048 3136 Παραγενομένης
2072 3067 2128 3120 δέ

2242 567 2540 633 Αἰθιοπίας
2569 568 2666 624 καὶ
2709 571 2817 626 τῶν
2849 572 3117 638 Μαζίκων
3156 574 3384 648 καὶτῆς
3425 578 3831 651 Μαυριτανίας.

2215 597 2342 726 \‘Ev
2380 653 2424 726 ᾧ
2456 659 2574 726 ὄρει
2620 661 2862 717 οἰκοῦσιν
2913 663 3106 726 ἄνδρες
3134 667 3212 726 ὡς
3244 670 3690 726 πεντακισγίλιοι.
3741 675 3831 726 οϊ-

2252 657 2342 712 Ἐν
2380 653 2424 728 ᾧ
2456 659 2574 731 ὄρει
2620 661 2862 717 οἰκοῦσιν
2913 663 3106 737 ἀνδρες
3134 667 3212 731 ὡς
3244 670 3690 741 πεντακισχίλιοι,
3741 675 3834 728 οἵ·

2242 767 2382 815 τινες
2412 750 2703 823 διαφόρους
2744 753 2930 826 έχουσι
2961 758 3259 826 πολιτείας,
3297 759 3532 825 ἕκαστος
3557 762 3632 826 ὡς
3658 764 3831 820 δύνα-

2238 860 2329 898 ται
2360 845 2454 899 καὶ
2480 845 2556 910 ὼς
2583 846 2835 916 βούλεται
2860 866 2874 882 ·
2902 849 2978 914 ὡς
3030 850 3237 917 ἐξεῖναι
3283 853 3382 907 καὶ
3413 854 3577 925 μόνον
3615 855 3830 926 μένειν,

2239 934 2335 991 καὶ
2376 937 2650 1010 δεύτερον,
2714 942 2807 996 καὶ
2859 941 3172 998 πολλοστόν.
3223 944 3314 999 Ἐν
3364 947 3542 1018 τούτῳ
3579 947 3655 1020 τῷ
3703 950 3833 1022 ὄρει

2239 1031 2573 1101 ἀρτοκοπεῖά
2638 1034 2788 1088 ἐστιν
2841 1034 3002 1100 ἐπτά,
3044 1034 3471 1108 ὑπηρετούμενα
3521 1041 3830 1108 κάκείνοις,

2239 1124 2334 1179 καὶ
2365 1125 2479 1188 τοῖς
2513 1126 2590 1189 είς
2625 1125 2724 1195 τὴν
2765 1126 3085 1198 πανέρημον
3113 1129 3522 1201 ἀναχωρηταῖς,
3560 1133 3831 1204 ἀνδράσιν

2236 1211 2387 1270 οὖσιν
2442 1215 2769 1284 ἑξακοσίοις.
2819 1219 3173 1290 Παροικήσας
3213 1217 3307 1275 οὖν
3341 1222 3452 1290 ἐγὼ
3484 1224 3546 1276 ἐν
3586 1224 3666 1296 τῷ
3707 1225 3833 1298 ὄρει

2235 1309 2411 1380 τούτῳ
2441 1311 2689 1364 ἐνιαυτὸν
2722 1310 2862 1376 ὅλον,
2896 1311 2990 1365 καὶ
3043 1311 3212 1366 πολλά
3240 1313 3550 1384 ὠφεληθεὶς
3577 1318 3689 1372 ἀπὸ
3716 1313 3836 1374 τῶν

2239 1401 2531 1472 μακαρίων
2572 1401 2664 1456 καὶ
2690 1402 2853 1456 ὁσίων
2884 1402 3170 1474 Πατέρων,
3219 1406 3492 1474 ’Ᾱρσισίου
3525 1408 3624 1463 τοῦ
3659 1411 3837 1481 μεγά-

2235 1490 2352 1553 λου,
2383 1493 2479 1546 καὶ
2515 1493 2954 1559 Πουτουϐαοτοῦ,
2991 1495 3086 1549 καὶ
3123 1494 3403 1564 Ἀγίωνος,
3436 1499 3533 1552 καὶ
3563 1501 3832 1572 Κρονίου,

2235 1586 2333 1637 καὶ
2354 1583 2723 1654 Σεραπίωνος,
2745 1584 2838 1639 καὶ
2860 1585 3076 1650 πολλοῖς
3091 1587 3426 1661 διηγήμασιν
3445 1589 3836 1662 ἀρχαιοτέρων

2235 1680 2624 1751 πνευματικῶν
2646 1681 2910 1752 Πατέρων
2933 1681 3065 1754 παρ’
3081 1683 3262 1738 αὐτῶν
3278 1683 3636 1756 κεντρωθεὶς,
3660 1680 3835 1755 ἦλθον

2217 1771 2318 1836 ¹είς
2345 1771 2445 1843 τὴν
2471 1771 2677 1844 ἔρημον
2704 1773 2803 1844 τὴν
2833 1774 3124 1830 ἐνδοτάτω.
3165 1776 3256 1832 Ἐν
3276 1775 3355 1847 τῷ
3378 1776 3494 1848 ὄρει
3524 1775 3707 1846 τούτῳ
3724 1779 3833 1850 τῆς

2232 1865 2464 1937 Νιτρίας
2506 1864 2774 1936 ἐκκλησία
2809 1865 2910 1937 μία
2949 1867 3066 1921 ἐστὶ
3119 1869 3376 1940 μεγίστη.
3431 1871 3522 1924 Ἐν
3546 1870 3723 1944 ταύτῃ
3756 1875 3831 1943 τῇ

2232 1956 2504 2030 ἐκκλησίᾳ
2529 1959 2681 2029 τρεῖς
2719 1957 2963 2028 φοίνικες
2996 1961 3238 2026 ἑστᾶσιν,
3282 1962 3514 2028 ἕκαστος
3543 1962 3690 2034 έχων
3722 1965 3834 2034 μά·-

2234 2067 2394 2120 στιγα
2421 2051 2508 2121 ἐφ’
2533 2051 2729 2106 ἑαυτοῦ
2779 2053 3163 2126 κρεμαμένην.
3191 2055 3304 2109 Καὶ
3337 2056 3365 2108 6
3397 2055 3499 2122 μέν
3546 2057 3700 2110 ἐστιν
3743 2060 3831 2123 είς

2231 2141 2574 2213 ἐπιστροφὴν
2600 2142 2712 2196 τῶν
2751 2143 3004 2215 μοναχῶν
3030 2144 3142 2199 τῶν
3175 2145 3480 2200 πταιόντων
3500 2162 3517 2176 ·
3548 2146 3580 2200 6
3630 2147 3711 2212 δέ,
3745 2149 3830 2212 είς

2229 2234 2506 2307 τιμωρίαν
2530 2234 2766 2308 λῃστῶν,
2800 2235 2899 2290 ἐάν
2927 2253 2991 2305 γε
3025 2236 3311 2306 ἐμπέσωσι
3359 2254 3490 2292 ποτε
3511 2254 3530 2270 ο
3573 2238 3604 2292 6
3629 2239 3709 2302 δέ,
3745 2241 3831 2303 εἰς

2231 2326 2520 2397 διόρθωσιν
2543 2326 2656 2379 τῶν
2698 2328 3210 2399 περιτυγχανόντων
3251 2327 3348 2382 καὶ
3384 2329 3828 2382 ἐκπεπτωκότων

2230 2417 2576 2488 οίοισδήποτε
2618 2418 2964 2489 σφάλμασινο
2997 2417 3074 2482 ῶς
3104 2418 3315 2483 πάντας
3343 2419 3472 2483 τοὺς
3501 2420 3825 2484 πταίοντας,

2231 2507 2328 2561 καὶ
2373 2507 2855 2579 διελεγχομένους,
2893 2489 2989 2563 καλ
3037 2509 3372 2574 ὑπευθύνους
3415 2511 3647 2581 πληγῶν
3688 2510 3828 2564 καθ·

2232 2600 2496 2667 εστῶτας,
2535 2601 3076 2674 περιλαμϐάνειντδν
3094 2603 3334 2672 φοίνικα,
3364 2603 3828 2675 καὶλαμϐἀνοντα

2231 2693 2376 2749 κατὰ
2421 2692 2589 2750 νώτου
2633 2694 2803 2767 ῥητὰς
2839 2695 3014 2760 οὕτως
3065 2695 3428 2750 ἀπολύεσθαι.
3475 2699 3825 2769 Πρόσκειται

2231 2785 2288 2839 δὲ
2311 2789 2377 2858 τῇ
2412 2786 2678 2859 ἐκκλησίᾳ
2709 2787 3035 2859 ξενοδοχεῖον
3054 2789 3135 2852 εἰς
3163 2787 3191 2842 ὃ
3225 2788 3316 2842 τὸν
3335 2788 3640 2844 ἀπελθόντα
3669 2791 3823 2855 ξένον

2231 2878 2532 2944 δεξιοῦνται
2583 2881 2761 2935 πάντα
2801 2882 2891 2935 τὸν
2937 2882 3151 2953 χρόνον,
3221 2883 3328 2936 κᾶν
3384 2883 3478 2938 ἐπὶ
3527 2883 3733 2938 διετίαν
3789 2885 3824 2955 ἢ

2233 2972 2476 3043 τριετίαν
2505 2975 2690 3043 μεῖναι
2721 2974 2948 3048 θελήσῃ,
3011 2973 3205 3044 μέχρις
3238 2967 3300 3027 οὗ
3338 2974 3662 3046 αὐθαίρετος
3691 2978 3830 3030 ἀνα-

2235 3063 2482 3134 χωρῆσαι
2507 3063 2730 3139 θελήσῃ,
2757 3064 3396 3136 συγχωρήσαντες-αὑτῷ
3426 3067 3520 3120 ἐπὶ
3550 3067 3826 3138 ἑϐδομάδα

544 3154 741 3224 αὐτῆς,
798 3153 1009 3222 εἰσάγει
1062 3154 1234 3224 αὐτὴν
1270 3156 1350 3219 είς
1402 3154 1496 3209 τὸν
1550 3155 1793 3222 πυλῶνα,
1842 3157 1938 3212 καὶ
1979 3156 2370 3237 λέγει.ε“μίαν
2405 3157 2461 3209 ἐν
2490 3156 2663 3229 ἀργία
2698 3157 2912 3222 διάεαι·
2946 3157 3045 3221 τὰς
3077 3156 3272 3222 λοιπὰς
3298 3158 3516 3230 ἡμέρας
3543 3161 3828 3230 περισπῶ-

545 3248 683 3319 αὑτῇ
714 3250 742 3302 6
770 3247 958 3316 ἅγιοςο
998 3246 1067 3300 Τί
1097 3246 1272 3310 θέλεις
1317 3246 1538 3320 πρῶτον
1574 3247 1737 3315 ίδεῖν;
1779 3249 1907 3312 τοὺς
1943 3251 2133 3304 ὑακίν-

547 3339 694 3402 θους,
722 3337 905 3411 ἢτοῦς
937 3338 1315 3410 σμαράγδους;
1352 3338 1515 3406 Λέγει
1543 3339 1713 3410 αὑτῷ,
1761 3343 1827 3394 Ὃ
1850 3341 1997 3395 δοκεῖ
2026 3361 2128 3403 σοι,

558 3431 647 3493 Ὠς
681 3430 738 3483 δὲ
764 3430 956 3498 ἀνάγει
999 3429 1168 3500 αὐτὴν
1204 3430 1282 3495 είς
1312 3431 1381 3485 τὰ
1424 3431 1685 3501 ἀνάγαια,
1731 3432 1828 3487 καὶ
1861 3433 2133 3489 δείκνυσιν

547 3521 683 3592 αὑτῇ
721 3521 1257 3592 ἠκρωτηριασμένας
1279 3520 1966 3594 γυναῖκας,λελωϐημένας
1982 3523 2134 3594 ὄψεις

547 3615 810 3684 ἐχούσας·
864 3615 959 3668 καὶ
995 3614 1146 3683 λέγει
1195 3614 1355 3684 αὐτῇ,
1414 3614 1546 3668 Ἰδοὺ
1586 3615 1636 3668 οἱ
1694 3614 1976 3669 ὑάκινθοιο
2013 3613 2133 3670 εἶτα

550 3705 783 3774 κατάγει
814 3705 985 3776 αὐτὴν
1019 3707 1100 3770 είς
1126 3708 1196 3760 τά
1233 3706 1535 3774 κατάγαια,
1568 3706 1664 3759 καὶ
1687 3705 1959 3761 δείκνυσιν
1993 3709 2130 3780 αὑτῇ

546 3802 674 3864 τοὺς
699 3799 922 3873 ἄνδρας,
955 3801 1127 3856 είπὼν
1154 3815 1168 3831 '
1205 3801 1339 3856 Ἰδοὺ
1368 3801 1416 3854 οἱ
1451 3801 1759 3872 σμάραγδοι
1777 3820 1792 3838 ο
1815 3804 1909 3857 καὶ
1931 3803 2134 3873 νομίζω

548 3891 754 3947 τούτων
806 3892 1170 3964 τιμιωτέρους
1225 3891 1302 3964 μὴ
1361 3891 1679 3964 εὑρεθῆναι.
1733 3893 1862 3949 Ἐὰν
1911 3889 2008 3948 οὖν
2047 3910 2132 3947 σοι

551 3987 887 4058 ἀρέσκωσιν,
912 3986 1037 4040 ἐπεὶ
1065 3985 1197 4040 λάϐε
1225 4004 1316 4042 σου
1337 3986 1430 4041 τὸν
1460 3987 1685 4058 χρυσόν.
1713 3986 1933 4041 Τούτων
1952 3987 2134 4041 τοίνυν

546 4075 721 4141 οὔτως
751 4077 1056 4146 γεγονότων
1099 4077 1461 4148 διατραπεῖσα
1499 4079 1533 4150 ἡ
1585 4079 1856 4150 παρθένος
1887 4078 2130 4151 ἐξῆλθεν,

548 4170 643 4224 καὶ
663 4167 979 4224 ἀπελθοῦσα
1009 4169 1067 4222 ἑν
1097 4172 1164 4240 τῇ
1187 4168 1335 4241 οἰκία
1356 4170 1558 4240 ἑαυτῆς
1581 4171 1690 4224 ἀπὺ
1719 4170 1924 4242 πολλῆς
1950 4170 2133 4241 λύπης

549 4259 830 4329 ἐνόσησεν,
891 4260 974 4313 ὅτι
1032 4259 1094 4313 οὑ
1150 4259 1295 4314 κατά
1351 4259 1486 4314 Θεὸν
1544 4259 1706 4315 τοῦτο
1759 4261 2016 4330 ἐποίησεν
2071 4259 2134 4314 τὸ

547 4354 782 4422 πρᾶγμα
804 4394 818 4419 ,
846 4351 959 4406 ἀλλ’
990 4351 1373 4420 ἀναγκαστῶς.
1421 4352 1516 4416 Είς
1555 4352 1780 4422 ὕστερον
1811 4353 1870 4407 δέ
1907 4351 2136 4424 ηὐχαρί-

549 4461 748 4515 στησεν
789 4443 869 4515 τῷ
919 4443 1305 4515 πρεσϐυτέρῳ,
1353 4445 1450 4517 τῆς
1494 4447 1665 4516 κόρης
1695 4440 1763 4520 ἧς
1814 4445 2133 4518 ἐφρόντιζεν

2236 3262 2322 3300 σιν
2362 3247 2525 3301 αὑτὸν
2550 3247 2736 3303 λοιπὸν
2765 3250 2823 3303 ἐν
2850 3248 3056 3320 ἔργοις,
3085 3249 3119 3322 ἢ
3151 3250 3207 3302 ἐν
3232 3250 3410 3320 κήπῳ,
3443 3250 3476 3321 ῆ
3502 3251 3561 3304 ὲν
3591 3251 3824 3322 ἀρτοκο-

2235 3339 2396 3410 πείῳ,
2437 3339 2470 3410 ἢ
2508 3341 2566 3394 ἐν
2603 3341 2926 3413 μαγεφείῳ.
2961 3343 3042 3396 Εί·
3071 3343 3127 3397 δὲ
3161 3342 3441 3411 ἀξιόλογός
3484 3360 3570 3407 τις
3600 3345 3712 3414 εἴη,
3741 3345 3822 3398 δι-

2234 3430 2420 3486 δόασιν
2450 3433 2602 3505 αὐτῷ
2635 3433 2838 3504 βιϐλίον
2857 3435 3276 3503 ἀναγινώσκειν,
3305 3436 3382 3508 μὴ
3426 3437 3822 3508 συγχωρήσαν-

2233 3538 2327 3587 τες
2352 3523 2638 3596 αὑτῷ-ἔως
2678 3523 2847 3595 ἕκτης
2895 3524 3046 3596 ῶρας
3097 3526 3290 3596 μηδενὶ
3362 3529 3668 3597 συντυχεῖν.
3735 3527 3824 3581 Ἐν

2235 3615 2410 3689 τούτῳ
2450 3615 2528 3688 τῷ
2552 3617 2667 3689 ὄρει
2696 3617 2791 3672 καὶ
2813 3617 3304 3688 -ίατροιδιάγουσι,
3336 3619 3431 3672 καὶ
3477 3619 3821 3672 πλακουντά-

2241 3725 2365 3780 ριοι.
2395 3708 2712 3778 Κέχρηνται
2741 3707 2797 3761 δὲ
2824 3708 2919 3762 καὶ
2947 3711 3096 3780 οἴνῳ,
3127 3709 3223 3762 καὶ
3248 3709 3625 3780 πιπράσκεται
3656 3704 3818 3772 οἶνος.

2239 3799 2446 3863 Πάντες
2479 3798 2536 3852 δέ
2563 3793 2711 3853 οὗτοι
2737 3799 2928 3869 ὀθόνην
2963 3799 3286 3870 ἐργάζονται
3315 3802 3434 3862 ταῖς
3464 3801 3652 3870 χερσὶν
3691 3801 3823 3855 ἑαυο

2234 3891 2368 3959 τῶν,
2385 3891 2475 3956 ῶς
2503 3886 2646 3944 εῖναι
2671 3891 2799 3954 τοὺς
2827 3891 3039 3954 πάντας
3066 3891 3356 3955 ἀνενδεεῖς.
3389 3891 3500 3944 Καὶ
3531 3891 3629 3960 τῆς
3654 3891 3817 3944 ἐσπέ-

2240 4001 2341 4054 ρας
2393 3983 3000 4052 καταλαϐούσηςὲστιν
3053 3985 3276 4038 ἑστάναι
3315 3985 3411 4038 καὶ
3466 3983 3689 4037 ἀκούειν
3728 3984 3819 4052 ἀφ’

2236 4075 2476 4146 ἑκάστης
2525 4075 2712 4147 μονῆς,
2763 4075 2966 4147 ὕμνους
3016 4077 3112 4131 καὶ
3176 4076 3426 4147 ψαλμοὺς
3472 4077 3550 4146 τῷ
3601 4077 3819 4148 Χριστῷ

2236 4165 2553 4239 ᾀδομένους,
2595 4165 2690 4220 καὶ
2717 4164 3031 4238 προσευχὰς
3077 4165 3159 4231 είς
3202 4166 3467 4237 οὐρανοὺς
3499 4167 3817 4238 ἀναπεμπο-

2243 4260 2436 4332 μένας,
2467 4259 2542 4324 ῶς
2564 4258 2785 4331 νομίσαι
2804 4259 2928 4312 τινὰ
2953 4258 3252 4330 μετάρσιον
3285 4260 3344 4312 ἐν
3369 4257 3446 4330 τῷ
3479 4259 3579 4331 τῆς
3607 4260 3819 4330 τρυφῆς

2237 4353 2555 4426 παραδείσῳ
2576 4351 3011 4424 μετοικισθῆναι.
3034 4352 3146 4423 Τὴν
3169 4353 3226 4407 δέ
3243 4351 3541 4425 ἐκκλησίαν
3558 4354 3817 4426 Σαϐϐάτῳ

2245 4449 2345 4502 καὶ
2370 4449 2628 4518 κυριακῇ
2658 4445 3144 4517 καταλαμϐάνουσι
3190 4445 3370 4518 μόνον.
3414 4445 3593 4500 Ὀκτὼ
3613 4445 3669 4500 δέ
3686 4449 3818 4500 εἰσιν

551 4535 692 4607 μετά
762 4536 940 4607 γάμον
993 4536 1221 4591 ἀτέκνου
1281 4536 1687 4610 τελευτησάσης
1717 4577 1734 4604 ,
1789 4538 1885 4593 καὶ
1947 4537 2135 4594 λοιπόν
2167 4529 2214 4586 1)
2241 4537 2608 4612 πρεσϐύτεροι
2633 4534 3011 4608 ἀφηγούμενοι
3037 4535 3242 4607 ταύτης
3269 4535 3369 4606 τῆς
3396 4533 3691 4606 ἐκκλησίας
3713 4549 3731 4566 ·
3763 4537 3816 4588 ἐν

548 4625 754 4702 ταύτης
784 4629 864 4693 είς
894 4627 1014 4684 δέον
1052 4629 1555 4703 καταχρησαμένης
1575 4628 1656 4701 τῷ
1696 4629 1820 4702 βίῳ.

1134 4755 1387 4811 ΚΕΦΔΛ.
1446 4756 1522 4809 Z'.

973 4870 1114 4940 Περὶ
1145 4869 1266 4925 τῶν
1297 4870 1376 4925 ἐν·
1399 4869 1475 4938 τῇ
1499 4871 1725 4957 Naso/(1.

623 4999 1046 5072 Συντετυχηκὼς
1088 4999 1182 5054 οὖν
1228 4998 1446 5062 πολλοῖς
1495 4998 1603 5052 τῶν
1635 4998 1810 5067 ἁγίων
1858 4996 2004 5065 ἐγὼ,
2040 4999 2134 5051 καὶ

552 5094 897 5166 ἐνδιατρίψας
938 5095 1054 5156 τοῖς
1101 5093 1232 5165 περὶ
1264 5092 1364 5164 τὴν
1421 5090 1830 5162 Ἀλεξάνδρειαν
1859 5107 2134 5162 μοναστη-

553 5186 691 5261 ρίοις
725 5189 820 5241 ἐπὶ
847 5187 943 5258 ἐτη
969 5187 1118 5258 τρία,
1151 5185 1246 5240 καὶ
1281 5183 1670 5256 συνδιατρίψας
1696 5183 2005 5249 καλλίστοις
2038 5183 2135 5237 καὶ

555 5279 992 5342 σπουδαιοτάτοις
1050 5277 1312 5348 μεγάλοις
1363 5277 1626 5348 ἀνδράσιν
1696 5276 1773 5340 ὡς
1829 5276 2131 5346 δισχιλίοις,

555 5376 708 5448 πάσῃ
753 5375 922 5445 ἀρετῇ
985 5373 1458 5444 κεκοσμημένοις,
1514 5371 1877 5443 ἀναχωρήσας
1924 5369 2134 5424 ἐκεῖθεν

552 5462 717 5540 ἦλθον
744 5466 838 5519 ἐπὶ
861 5464 923 5518 τδ
951 5464 1075 5536 ὄρος
1105 5464 1204 5534 τῆς
1230 5465 1277 5517 Ν
1285 5465 1483 5535 ιτρίας.
1506 5464 1728 5529 Μεταξὺ
1759 5464 1816 5517 δέ
1847 5464 1939 5516 τοῦ
1973 5463 2134 5535 ὄρους

550 5560 742 5616 τούτου
792 5561 888 5614 καὶ
937 5559 1039 5630 τῆς
1080 5559 1489 5630 Ἀλεξανδρείας
1522 5559 1689 5630 λίμνη
1731 5561 1932 5620 κεῖται,
1963 5561 1995 5628 ἡ
2029 5576 2133 5612 κα-

550 5653 790 5725 λουμένη
816 5653 1024 5726 Μαρία.
1051 5653 1287 5724 Κατέχει
1317 5652 1373 5706 δὲ
1414 5651 1557 5724 α’ύτη
1592 5651 1688 5705 ἐπὶ
1719 5652 1870 5723 μίλια
1903 5651 2134 5723 ἑϐδομή·

550 5763 739 5803 κοντα.
775 5748 877 5800 Ἢν
901 5746 1257 5811 διαπλεύσας,
1285 5747 1374 5801 διὰ
1407 5747 1543 5818 μιᾶς
1578 5746 1668 5799 καὶ
1695 5745 1953 5817 ἡμισείας
1991 5744 2130 5814 ὴμέ-

551 5851 653 5906 ρας
681 5831 846 5909 ἦλθον
876 5839 954 5902 είς
990 5837 1049 5892 τὸ
1077 5838 1202 5908 ὄρος
1227 5839 1320 5892 ἐπὶ
1343 5837 1404 5892 τὸ
1437 5837 1602 5910 μέρος
1623 5837 1724 5909 τῆς
1750 5834 2126 5909 μεσημϐρίας,

2238 4625 2299 4706 ᾗς
2339 4629 2534 4702 μέχρις
2561 4621 2622 4684 οὗ
2647 4629 2715 4700 ζῇ
2744 4630 2773 4683 6
2804 4629 3024 4701 πρῶτος
3047 4627 3442 4701 πρεσϐύτερος,
3469 4626 3589 4680 οὑδὲ
3610 4619 3691 4688 εἷς
3715 4625 3817 4678 τῶν

2237 4723 2415 4777 ἀλλων
2445 4722 2504 4776 οὐ
2540 4720 2866 4793 προσφέρει,
2902 4720 2962 4774 οὑ
2994 4719 3230 4786 δικάζει,
3253 4720 3353 4790 οὑχ
3378 4716 3578 4790 ὁμιλεῖ,
3615 4715 3728 4770 ἀλλ’
3764 4718 3817 4768 ἐν

2237 4815 2442 4886 ἡσυχίᾳ
2459 4841 2462 4846 -
2477 4810 2626 4883 αὑτῷ
2655 4811 3088 4880 συγκαθέζονται
3112 4811 3293 4882 μόνον.

2309 4907 2445 4979 Περὶ
2485 4904 2785 4978 Ἀρσισίου.
2837 4900 3010 4968 Οὗτος
3057 4904 3086 4957 6
3141 4904 3321 4975 μέγας
3393 4903 3672 4975 Αρσίσιος,
3727 4902 3818 4958 καὶ

2238 5000 2389 5056 ἄλλοι
2427 4997 2618 5052 πολλοὶ
2644 4997 2902 5070 γέροντες
2934 4997 3045 5052 τῶν
3090 4996 3284 5066 ἁγίων,
3314 4998 3364 5050 οἰ
3396 4997 3493 5051 σὺν
3529 4995 3701 5068 αὑτῷ,
3730 4993 3818 5058 οὓς

2238 5093 2410 5163 ἠμεῖς-
2453 5090 2802 5162 ἑωράκαμεν,
2849 5088 3138 5161 σύγχρονοι
3203 5084 3348 5160 ἦσαν
3401 5089 3496 5140 τοῦ
3553 5087 3817 5159 μακαρίου

2251 5182 2570 5237 ’Δντωνίου.
2625 5181 2715 5234 Ἑν
2763 5173 2847 5243 οἷς
2880 5179 3122 5248 διηγεῖτο
3169 5174 3324 5242 οὗτος
3379 5178 3538 5242 αὐτὸς
3590 5179 3619 5231 6
3651 5178 3818 5248 μέγας

2249 5277 2527 5348 ’Λρσίσιος
2549 5276 2646 5330 καὶ
2690 5276 2781 5330 τὸν
2814 5275 3016 5346 Ἀμοῦν
3059 5273 3258 5327 εἰδέναι
3285 5271 3376 5326 τὸν
3406 5271 3733 5342 Νιτριὼτην,
3761 5267 3818 5325 οὗ

2235 5371 2334 5443 τὴν
2359 5369 2556 5442 ’ψυχὴν
2600 5365 2742 5423 εἶδεν
2783 5367 3315 5439 ἀναλαμϐανομένην
3369 5364 3474 5417 ὑπὸ
3517 5363 3766 5433 ἀγγέλων
3794 5366 3818 5415 6

2241 5462 2419 5533 μέγας
2456 5459 2765 5524 Ἀντώνιος,
2792 5459 2889 5514 καὶ
2915 5459 2995 5522 εἰς
3018 5458 3146 5518 τοὺς
3167 5456 3430 5529 οὐρανοὺς
3450 5454 3816 5525 ἀναγομένην.

2241 5554 2466 5622 Ἔλεγεν
2489 5553 2544 5607 δέ
2571 5570 2727 5617 ουτος
2755 5553 2850 5607 καὶ
2881 5551 3177 5623 Παχώμιον
3204 5551 3402 5604 εἰδέναι
3426 5549 3518 5603 τὸν
3545 5549 3817 5617 Ταϐεννη-

2239 5649 2461 5720 σιῶτην,
2496 5649 2665 5723 ἀνδρα
2687 5649 3030 5720 προφητικὸν
3059 5651 3306 5721 χάρισμα
3330 5646 3624 5719 ἐσχηκότα,
3661 5647 3816 5715 ἀρχιο

2240 5741 2538 5815 μανδρίτην
2572 5742 2832 5811 γεγονότα
2863 5741 3073 5813 ἀνδρῶν
3102 5741 3451 5813 τρισχιλίων,
3478 5740 3608 5813 περὶ
3640 5732 3702 5794 οὗ
3739 5740 3814 5804 εἰς

2240 5836 2467 5906 ὕστερον
2504 5835 2600 5901 τὰς
2628 5835 2827 5906 ἀρετὰς
2854 5834 3211 5906 διηγήσομαι.
