4060 6518
233 353 360 411 ίθξι

1478 346 1791 404 HISTORIA
1836 344 2192 401 L.\USlACA.

3316 352 3451 409 1022

227 459 484 528 smaragdi
517 467 571 517 et
613 458 879 530 hyacinth.
901 499 915 523 ,
966 472 1061 514 nec
1090 456 1200 514 scio
1228 471 1295 512 an
1330 457 1438 512 sint
1481 458 1681 523 furtivi,
1715 472 1780 512 an
1811 461 1857 518 Α
1887 455 2026 508 diem
2057 469 2216 509 unum
2244 463 2297 510 et
2326 454 2603 511 dimidium
2633 458 2751 513 veni
2791 458 2845 512 in
2877 468 3112 516 montem
3140 462 3206 519 ad
3244 474 3447 534 partem

223 553 445 621 alicujus
488 552 819 607 mercatoris.
848 549 962 605 Non
991 549 1332 605 constituitur
1375 549 1516 602 enim
1550 551 1630 603 eis
1662 564 1782 617 pre-

224 646 375 709 tium,
404 659 523 698 eum
553 644 956 698 :rstimationem
981 649 1259 710 superent;
1286 641 1372 707 qui
1399 640 1558 695 habet
1585 649 1784 704 autem,

225 735 404 788 vendit
429 748 519 787 eas
558 731 853 801 quingentis
874 730 1076 784 solidis.
1110 730 1165 783 Si
1194 743 1319 796 ergo
1349 728 1442 782 tibi
1476 729 1642 782 visum
1677 729 1785 782 fne-

223 826 293 879 rit
314 839 404 879 eas
424 824 683 891 accipere,
711 822 777 875 da
807 820 1121 890 quingentos
1145 819 1369 885 solidos,
1401 827 1555 887 potes
1586 833 1649 873 ex
1684 832 1785 872 una

221 927 432 984 gemma
471 914 711 982 accipere
748 909 1081 980 quingentos,
1122 909 1339 978 reliquis
1380 916 1555 961 autem
1608 907 1683 961 uti
1720 907 1787 961 ad

224 1004 533 1058 variandum
576 1002 830 1057 mundum
873 1001 993 1054 filia:
1032 1008 1135 1053 ture
1164 1001 1385 1054 sororis.
1431 1000 1577 1055 Cum
1612 1006 1789 1053 autem

226 1110 344 1165 qua
382 1094 654 1147 dicebatur
681 1092 828 1160 virgo
852 1098 957 1144 tota
991 1089 1245 1159 penderet
1273 1104 1302 1143 a
1337 1089 1537 1158 puella,
1579 1087 1785 1142 inesca-

224 1194 314 1239 tur
340 1184 453 1252 ejus
477 1182 729 1236 ornanda:
758 1180 1074 1249 cupiditate;
1114 1189 1167 1235 et
1197 1180 1419 1250 procidit
1449 1180 1513 1233 ad
1544 1179 1660 1248 ejus
1691 1194 1789 1245 pe-

225 1274 344 1340 des,
370 1282 424 1328 et
452 1273 585 1327 dixit
610 1291 624 1328 :
657 1272 805 1341 Rogo
835 1279 885 1326 te
910 1285 975 1325 ne
999 1271 1115 1339 quis
1135 1271 1268 1324 alius
1281 1285 1373 1324 eas
1393 1270 1634 1338 accipiat.
1663 1270 1789 1324 Eam

223 1378 353 1431 ergo
379 1361 689 1415 adhortatur
719 1371 959 1425 sanctus,
989 1360 1176 1414 dicens
1205 1378 1219 1415 :
1256 1360 1384 1414 Veni
1410 1374 1576 1429 usque
1604 1359 1670 1413 ad
1698 1361 1793 1414 do.

226 1469 371 1507 mum
393 1467 585 1516 meam,
618 1461 669 1506 et
691 1465 783 1505 eas
811 1452 1008 1519 aspice.
1047 1452 1138 1506 llla
1167 1459 1340 1505 autem
1376 1450 1584 1516 noluit;
1623 1450 1792 1503 sedei

227 1543 434 1611 praebet
475 1542 794 1612 quingentos
837 1541 1071 1610 solidos,
1118 1543 1342 1596 dicens:
1376 1541 1523 1610 Rogo
1556 1550 1629 1607 te,
1680 1542 1793 1609 ipse

225 1648 322 1689 eas
346 1642 402 1687 ut
425 1633 502 1687 vis
530 1646 696 1701 cape;
741 1632 864 1686 nolo
889 1631 1033 1687 enim
1072 1630 1256 1686 videre
1284 1630 1556 1685 hominem
1583 1631 1669 1699 qui
1698 1643 1792 1683 eas

225 1725 430 1779 vendit.
462 1724 590 1779 Cum
635 1732 812 1778 autem
856 1724 1170 1792 quingentos
1219 1721 1420 1777 solidos
1449 1722 1515 1777 ab
1551 1737 1612 1776 ea
1642 1736 1703 1776 ac
1737 1737 1794 1776 e-

1890 543 2316 599 nteridionalem.
2352 545 2406 600 In
2430 561 2534 616 quo
2556 558 2733 602 monte
2761 550 2857 603 sita
2882 560 2962 605 est
2988 551 3168 619 ingens
3198 556 3450 627 solitudo,

1888 648 2006 703 quae
2055 635 2281 703 pertinet
2318 651 2486 706 usque
2528 638 2591 691 ad
2640 637 2986 707 Ethiopiam.
3029 650 3082 695 et
3124 643 3369 711 Mazices,
3401 657 3456 703 et

1890 723 2280 780 Mauritaniam.
2322 727 2376 781 lit
2406 742 2470 782 eo
2497 739 2673 783 autem
2717 731 2953 785 habitant
2988 734 3053 787 ad
3084 737 3314 804 quinque
3341 741 3457 792 mil-

1888 815 1956 868 lia
2001 817 2232 870 virorum
2277 818 2440 894 (18)..
2468 821 2555 888 qui
2607 831 2822 877 utuntur
2869 825 3016 880 vario
3068 827 3189 881 vita:
3236 843 3449 897 genere,

1890 905 2254 975 unusquisque
2292 916 2349 961 ut
2390 918 2560 977 potest
2590 921 2644 965 et
2674 913 2812 978 vult,
2858 914 2989 968 adeo
3020 924 3077 970 ut
3105 916 3256 971 liceat
3286 926 3342 973 et
3367 934 3455 973 so-

1888 996 1994 1049 lum
2030 1013 2269 1065 manere,
2316 1009 2371 1053 et
2410 1016 2529 1055 cum
2560 1004 2782 1068 duobus,
2812 1014 2867 1059 et
2898 1006 3087 1075 tribus,
3129 1018 3325 1064 etcum
3354 1027 3457 1079 qua

1890 1084 2016 1137 velit
2046 1100 2288 1140 numero.
2330 1088 2385 1141 ln
2419 1089 2517 1142 hoc
2562 1103 2743 1147 monte
2789 1104 2909 1147 sunt
2945 1105 3148 1165 septem
3198 1100 3455 1167 pistrinze,

1889 1189 2009 1242 quae
2032 1183 2084 1228 et
2110 1174 2210 1229 illis
2231 1178 2488 1241 serviunt,
2521 1192 2574 1233 et
2613 1182 2944 1237 anachoretis
2969 1186 3058 1255 qui
3087 1197 3210 1241 sunt
3232 1188 3284 1242 in
3305 1201 3456 1245 vasta

1891 1265 2196 1332 solitudine,
2228 1267 2355 1322 viris
2404 1268 2670 1336 perfectis,
2719 1287 2939 1328 numero
2982 1280 3267 1332 sexcentis.
3320 1280 3454 1335 Cum

1890 1365 2167 1424 ergotnto
2195 1371 2336 1413 anno
2370 1359 2422 1413 in
2451 1370 2629 1414 monte
2663 1362 2983 1419 habitassem
3016 1369 3155 1434 apud
3188 1369 3371 1425 beatos
3406 1382 3460 1426 et

1892 1455 2107 1501 sanctos
2135 1446 2342 1512 Patres,
2407 1458 2665 1515 magnum
2731 1444 2995 1505 Arsisium
3068 1464 3125 1509 et
3194 1459 3461 1529 l’utupha-

1894 1544 2056 1599 stum,
2084 1545 2137 1590 et
2167 1536 2449 1606 Hagionem
2474 1536 2611 1609 (l9),
2638 1549 2693 1595 et
2712 1541 2986 1611 Cronium,
3010 1556 3064 1600 et
3092 1548 3459 1617 Serapionem,

1895 1635 1948 1680 et
1977 1627 2163 1681 multis
2191 1628 2543 1697 antiquiorum
2586 1631 2801 1687 Patrum
2833 1636 3157 1703 spiritalibus
3200 1642 3462 1695 narratio-

1900 1717 2077 1784 nibus,
2124 1718 2191 1772 ab
2234 1720 2363 1788 ipsis
2400 1736 2572 1776 essem
2603 1723 2924 1791 stimulatus,
2971 1731 3088 1783 veni
3131 1731 3183 1783 in
3224 1730 3463 1787 intimam

225 1818 393 1884 pisset
420 1822 632 1868 sanctus
662 1814 940 1881 Macarius,
971 1815 1060 1868 dat
1088 1828 1181 1867 eos
1214 1812 1280 1866 ad
1310 1826 1461 1866 usum
1486 1812 1792 1881 ptochmro-
1829 1814 1872 1872 Β
1898 1804 2259 1861 solitudinem.
2310 1808 2365 1861 in
2407 1810 2507 1864 hoc
2552 1822 2732 1867 monte
2762 1814 2941 1869 Nitriae
2972 1832 3074 1871 una
3111 1829 3191 1872 est
3231 1821 3461 1876 maxima

226 1905 362 1975 pbii.
393 1905 523 1960 Cum
550 1914 725 1959 autem
755 1906 978 1959 multum
1003 1914 1213 1973 tempus
1256 1903 1622 1972 prateriisset,
1664 1918 1795 1971 quo-

227 1994 374 2051 niam
402 2007 594 2063 magna
642 2001 755 2047 erat
784 1990 1176 2048 existimatione
1220 1991 1357 2060 apud
1406 1990 1797 2046 Alexandrinos

224 2082 310 2138 vir
340 2083 447 2148 ille,
499 2087 685 2149 utpote
702 2096 908 2135 summe
935 2080 1054 2149 pius
1084 2095 1147 2135 ac
1176 2080 1478 2135 misericors
1507 2079 1527 2151 (
1550 2078 1680 2132 vixit
1704 2093 1799 2133 au-

223 2182 337 2225 tem
356 2172 422 2225 ad
445 2180 659 2227 centum
681 2185 849 2239 usque
877 2185 1063 2235 annos,
1100 2170 1251 2239 cujus
1280 2178 1519 2239 tempore
1544 2185 1643 2223 nos
1663 2183 1797 2238 quo-

222 2277 332 2329 que
353 2260 592 2331 fuimus),
624 2262 904 2315 verebatur
928 2275 1048 2316 eum
1078 2262 1385 2317 admonere.
1414 2259 1649 2316 Tandem
1675 2273 1797 2313 eum

222 2367 348 2406 cum
380 2352 670 2409 invenisset
716 2354 767 2405 in
799 2352 1044 2420 ecclesia,
1076 2350 1205 2412 dicit
1230 2353 1279 2406 ei
1318 2369 1331 2404 :
1366 2351 1513 2421 Rogo
1546 2359 1619 2415 te,
1670 2349 1797 2419 quid

220 2442 381 2511 jubes
397 2442 468 2497 de
492 2442 773 2512 lapidibus,
798 2458 894 2510 pro
919 2443 1111 2511 quibus
1133 2441 1377 2497 dedimus
1405 2441 1606 2496 solidos
1640 2441 1797 2510 quiu-

220 2532 448 2603 gentos?
474 2532 565 2587 Ille
591 2532 640 2587 ei
662 2532 955 2602 respondit,
976 2531 1159 2587 dicens
1190 2549 1204 2585 :
1231 2531 1273 2586 A
1303 2547 1410 2601 quo
1437 2531 1525 2586 die
1544 2530 1672 2584 mihi
1701 2530 1799 2586 de-

224 2620 354 2675 disti
382 2636 592 2685 aurum,
639 2636 731 2675 eos
758 2623 988 2690 impendi
1030 2621 1083 2675 in
1109 2622 1337 2691 pretium
1362 2636 1712 2691 gemmarum,
1745 2628 1800 2676 et

223 2711 273 2765 si
300 2711 431 2766 velis
475 2726 567 2767 eas
614 2712 818 2772 videre.
846 2712 967 2769 veni
1016 2713 1067 2766 in
1113 2712 1398 2780 hospitium
1439 2728 1634 2767 meum.
1686 2712 1799 2766 Illic

227 2804 371 2856 enim
400 2803 516 2859 siue
560 2812 683 2859 sunt
707 2818 952 2877 gemnue,
1000 2812 1050 2859 et
1096 2803 1255 2869 vide;
1286 2804 1426 2874 quod
1472 2802 1519 2858 si
1560 2803 1653 2858 tibi
1694 2818 1798 2859 non

224 2894 496 2964 placeant,
529 2896 655 2952 tolle
680 2912 869 2953 aurum
889 2904 1072 2952 tuum.
1103 2896 1264 2952 Venit
1288 2904 1467 2952 autem
1496 2896 1581 2949 illa
1612 2896 1800 2952 luben-

229 2985 451 3042 tissime.
487 2988 723 3044 Habebat
748 3000 924 3045 autem
955 2988 1431 3057 ptocbotropbium
1456 2988 1507 3043 in
1534 2989 1797 3058 superiori

225 3079 443 3149 quidem
468 3089 614 3148 parte
634 3081 906 3146 mulieres,
928 3080 980 3134 in
1003 3079 1242 3136 inferiori
1262 3088 1438 3135 autem
1461 3080 1629 3134 viros.
1663 3079 1798 3135 Cum

1902 1895 2148 1963 ecclesia,
2179 1907 2232 1952 et
2261 1898 2311 1951 in
2343 1900 2453 1968 ipsa
2477 1901 2699 1957 ecclesia
2731 1914 2854 1958 sunt
2879 1915 2985 1960 tres
3014 1911 3221 1976 palmae,
3250 1926 3311 1964 ex
3350 1914 3467 1982 qui.

1900 1985 2004 2040 bus
2034 2001 2363 2057 unaquaeque
2400 1990 2558 2044 habet
2586 1992 2847 2060 flagellum
2878 1994 2991 2067 (20)
3022 2013 3359 2064 suspensum.
3406 2002 3489 2075 Et.

1898 2082 1981 2129 est
2009 2091 2169 2130 unum
2207 2078 2417 2147 quidem
2460 2081 2901 2151 ad‘castigandos
2938 2088 3225 2144 monachos
3254 2092 3342 2159 qui
3371 2092 3467 2148 de-

1900 2164 2176 2234 linquunt;
2227 2168 2453 2223 alterum
2504 2186 2631 2225 vero
2669 2173 2735 2226 ad
2786 2175 3077 2242 puniendos
3121 2177 3377 2246 latrones,
3423 2183 3467 2235 si

1900 2256 2113 2323 quando
2142 2256 2462 2325 inciderint;
2498 2262 2706 2317 tertium
2742 2278 2869 2319 vero
2900 2265 2966 2319 ad
3009 2268 3352 2338 corrigendos
3376 2287 3470 2328 eos

1901 2345 1989 2413 qui
2012 2345 2149 2400 forte
2181 2349 2425 2417 veniunt,
2458 2360 2512 2405 et
2538 2351 2589 2406 in
2618 2352 2791 2423 aliqua
2824 2353 3009 2410 delicta
3042 2357 3303 2426 incidunt;
3337 2362 3471 2417 adeo

1901 2442 1963 2487 ut
1986 2436 2289 2506 quicunque
2303 2439 2637 2509 delinquunt,
2652 2452 2706 2497 et
2722 2446 3105 2501 convincuntur
3134 2451 3390 2505 meruisse
3419 2460 3470 2509 nl

1900 2523 2027 2580 dent
2055 2541 2261 2595 plenas,
2314 2530 2540 2599 palmam
2569 2534 2987 2607 amplectantur,
3013 2547 3068 2592 et
3096 2546 3242 2609 tergo
3287 2542 3465 2613 plagas

1902 2615 2195 2682 prtelinitas
2221 2622 2507 2690 accipiant,
2539 2630 2593 2677 et
2616 2623 2693 2678 sic
2715 2623 3070 2681 dimittantur.
3101 2628 3271 2696 Prope
3298 2632 3469 2686 eccle-

1902 2703 2038 2760 siam
2060 2715 2235 2763 autem
2254 2712 2477 2779 positum
2502 2724 2584 2768 est
2607 2715 3015 2782 xenodochium,
3043 2718 3097 2773 in
3122 2734 3228 2788 quo
3253 2721 3468 2776 venien-

1904 2802 2009 2851 tem
2049 2795 2310 2866 hospitem
2344 2809 2452 2856 toto
2483 2811 2720 2873 tempore
2746 2802 3034 2878 accipiunt,
3060 2808 3218 2863 etiam
3247 2810 3293 2864 si
3327 2811 3471 2867 bien-

1904 2888 2049 2941 nium
2078 2899 2167 2944 aut
2199 2891 2489 2946 triennium
2517 2894 2744 2949 voluerit
2772 2912 3004 2964 manere,
3029 2900 3195 2958 donec
3220 2901 3347 2957 velit
3372 2918 3469 2960 sua

1901 2992 2089 3048 sponte
2112 2983 2379 3049 recedere,
2407 2985 2771 3051 permittentes
2795 2990 2839 3043 ei
2871 3007 2971 3045 una
3004 2992 3328 3053 hebdomada
3356 3016 3468 3055 ma-

1902 3087 2033 3128 nere
2075 3073 2127 3127 in
2157 3075 2287 3127 otio.
2334 3075 2463 3130 Aliis
2491 3085 2668 3132 autem
2695 3078 2882 3135 diebus
2910 3082 3161 3153 deinceps
3205 3101 3469 3159 occupant

225 3184 295 3224 ea
313 3178 488 3224 autem
505 3174 842 3237 accessisset,
861 3171 1273 3227 introduriteam
1302 3172 1355 3227 in
1370 3171 1714 3238 vestibulum,
1746 3182 1798 3227 et

1904 3176 2025 3216 eum
2055 3165 2107 3217 in
2128 3165 2399 3233 operibus,
2430 3176 2521 3221 aut
2549 3168 2598 3221 in
2628 3167 2802 3234 horto,
2829 3182 2919 3226 aut
2942 3172 2994 3226 in
3021 3173 3263 3243 pistrino,
3294 3190 3384 3234 aut
3416 3182 3466 3235 ia

229 3262 368 3316 dicit
397 3262 446 3316 ei
476 3270 693 3315 sanctus
723 3260 980 3315 Macarius
1013 3276 1027 3316 :
1059 3258 1194 3326 Quid
1223 3261 1302 3318 vis
1338 3262 1569 3329 primum
1588 3260 1797 3325 videre,

227 3350 574 3419 hyacinthos,
606 3365 672 3402 an
699 3348 1047 3416 smaragdos?
1077 3349 1148 3402 Ea
1177 3364 1303 3403 vero
1346 3349 1421 3403 illi
1457 3348 1582 3404 dicit
1609 3366 1624 3405 :
1648 3349 1801 3417 Quod

229 3441 328 3496 tibi
350 3440 579 3495 videtur.
606 3441 694 3494 ille
718 3455 845 3493 vero
861 3455 975 3493 cam
990 3441 1132 3494 ducit
1148 3441 1198 3493 in
1220 3448 1422 3509 partem
1450 3441 1800 3509 superiorem,

229 3538 289 3583 et
314 3530 544 3585 ostendit
570 3529 617 3584 ei
646 3528 930 3584 conscissis
975 3530 1199 3585 feminas
1244 3530 1528 3594 membris,
1561 3539 1615 3584 et
1643 3531 1802 3584 vulti-

229 3619 335 3673 bus
382 3623 505 3675 totis
552 3621 693 3675 varia
738 3621 1083 3675 morbositate
1130 3622 1394 3686 laceratis,
1439 3632 1493 3677 et
1540 3623 1665 3676 dicit
1711 3622 1797 3677 ei:

234 3709 379 3763 Ecce
407 3710 696 3780 hyacinthi.
736 3710 934 3765 Deinde
964 3712 1177 3766 deducit
1203 3728 1317 3773 eam
1350 3713 1400 3768 in
1428 3726 1637 3783 partem
1665 3713 1802 3769 infe-

228 3800 458 3863 riorem,
487 3810 539 3855 et
572 3801 805 3856 ostendit
828 3802 875 3856 ei
900 3803 1060 3867 viros,
1090 3802 1311 3858 dicens:
1346 3803 1484 3857 Ecce
1512 3804 1802 3872 smaragdi;

228 3899 291 3945 et
317 3891 562 3946 existimo
608 3907 712 3945 non
764 3892 989 3947 inveniri
1032 3895 1114 3946 his
1159 3894 1537 3962 pretiosiores;
1583 3896 1725 3965 quod
1757 3895 1804 3949 si

228 3981 332 4034 tibi
365 3995 468 4035 non
494 3981 757 4050 placeant,
807 3982 989 4052 accipe
1018 3997 1207 4037 aurum
1240 3992 1408 4037 tuum.
1441 3983 1533 4037 llis
1563 3998 1689 4052 ergo
1730 3985 1809 4039 sic

227 4070 422 4138 gestis,
468 4070 666 4137 pudore
694 4069 880 4125 affecta
905 4071 1054 4140 virgo
1082 4072 1230 4136 exiit,
1270 4079 1325 4127 et
1353 4072 1566 4129 domum
1596 4089 1813 4129 reversa

231 4175 487 4229 magnum
530 4163 732 4228 accepit
762 4162 1033 4230 dolorem,
1078 4164 1220 4232 quod
1264 4162 1401 4218 hanc
1446 4180 1556 4219 rem
1597 4181 1659 4219 ex
1705 4166 1811 4220 Deo

231 4263 347 4303 non
379 4250 608 4316 fecisset,
639 4250 731 4304 sed
761 4251 988 4306 adducta
1030 4253 1375 4308 necessitate.
1413 4254 1603 4309 Postea
1634 4265 1809 4309 autem

230 4342 438 4411 gratias
465 4343 574 4413 egit
600 4343 936 4414 presbytero,
975 4358 1096 4399 cum
1124 4346 1298 4415 puella
1327 4345 1479 4413 cujus
1506 4359 1686 4399 curam
1718 4360 1809 4413 ge-

233 4436 416 4501 rebat,
463 4445 582 4502 post
618 4442 828 4506 nuptias
857 4445 1066 4491 mortua
1093 4443 1236 4492 esset
1262 4437 1379 4494 sine
1419 4436 1618 4502 liberis,
1665 4437 1810 4505 ipsa-

1905 3256 2150 3322 coquina.
2198 3256 2347 3323 Quod
2389 3261 2430 3311 si
2465 3257 2624 3314 fuerit
2653 3259 2912 3330 quispiam
2943 3263 3091 3332 cujus
3121 3267 3192 3320 sit
3231 3268 3468 3325 habenda

1903 3343 2066 3410 ratio,
2098 3344 2222 3397 dant
2252 3345 2300 3400 ei
2333 3346 2523 3400 librum
2554 3347 2855 3417 legendum,
2890 3367 2994 3408 non
3027 3357 3390 3422 permittentes
3419 3363 3469 3416 ei

1905 3442 1959 3486 ut
1989 3447 2108 3486 cum
2137 3434 2246 3488 ullo
2271 3436 2601 3504 colloquitur
2632 3454 2801 3508 usque
2830 3441 2896 3495 ad
2940 3442 3125 3498 horam
3162 3456 3383 3502 sextam.
3417 3451 3469 3505 ln

1906 3524 2006 3579 hoc
2029 3537 2207 3580 monte
2238 3527 2441 3595 degunt
2459 3528 2618 3583 etiam
2651 3531 2841 3586 medici
2868 3540 2921 3587 et
2950 3533 3276 3602 placentarii.
3307 3540 3471 3593 Utun-

1907 3624 1990 3670 tur.
2029 3616 2187 3670 eiam
2218 3617 2361 3684 vino,
2414 3625 2468 3671 et
2514 3619 2689 3672 vinum
2733 3619 2837 3674 illic
2876 3623 3137 3678 venditur.
3188 3626 3248 3680 lli
3297 3639 3471 3684 autent

1908 3719 2093 3757 omnes
2133 3706 2244 3781 suis
2276 3705 2520 3759 manibus
2551 3706 2747 3761 faciunt
2780 3698 2972 3763 vestem
3005 3711 3219 3779 lineam,
3252 3714 3386 3769 adeo
3416 3728 3472 3772 ut

1906 3793 2009 3846 sint
2039 3808 2224 3848 omnes
2255 3794 2472 3849 minime
2511 3805 2747 3864 egentes.
2779 3796 2928 3852 Circa
2958 3798 3149 3857 horam
3172 3798 3471 3859 autem-nu-

1906 3899 2028 3936 nam
2059 3884 2183 3939 licet
2207 3894 2349 3939 stare
2367 3925 2382 3947 ,
2427 3893 2481 3939 et
2510 3886 2691 3950 audire
2720 3886 2774 3942 in
2802 3904 3119 3960 unoquoque
3148 3900 3469 3951 monasterio

1909 3976 2133 4043 hymnos
2170 3981 2224 4028 et
2262 3975 2495 4041 psalmos
2527 3975 2734 4031 Christo
2762 3988 3041 4047 canentes,
3083 3989 3138 4035 et
3184 3997 3367 4050 preces
3386 3987 3469 4041 tatl

1910 4062 2135 4131 hymnos
2176 4063 2502 4129 emittentes,
2532 4065 2667 4120 adeo
2697 4076 2752 4120 ut
2792 4067 3059 4123 existimet
3100 4072 3359 4140 quispiam
3403 4089 3471 4130 se

1907 4152 2140 4208 sublime
2187 4153 2382 4208 elatum
2412 4156 2814 4224 transmigrasse
2842 4158 2895 4210 in
2923 4158 3225 4225 paradisum
3256 4162 3471 4224 delicia-

1909 4258 2057 4307 rum;
2087 4244 2306 4298 vcniunt
2344 4254 2522 4300 autem
2551 4245 2616 4299 ad
2655 4247 2933 4301 ecclesiam
2966 4247 3197 4304 Sabbato
3222 4252 3390 4306 solum
3418 4262 3472 4308 et

1910 4331 2209 4387 Dominico.
2253 4334 2388 4388 Sunt
2416 4344 2590 4389 autem
2632 4346 2751 4390 octo
2782 4337 3079 4407 presbyteri
3117 4340 3202 4409 qui
3236 4355 3470 4410 praesunt

1911 4421 2033 4476 huic
2060 4424 2325 4490 ecclesiae,
2357 4425 2406 4479 in
2435 4441 2537 4495 qua
2559 4427 2787 4496 quandiu
2818 4428 2947 4482 vivit
2971 4430 3169 4498 primus
3198 4438 3472 4506 presbyter

229 4540 347 4596 que
402 4526 656 4597 deinceps
704 4529 981 4587 facultates
1035 4542 1161 4585 suas
1208 4529 1260 4584 in
1312 4536 1489 4587 rectos
1534 4543 1683 4583 usus.
1712 4543 1798 4582 cx-

1915 4513 2070 4584 hujus
2098 4518 2362 4587 ecclesiae,
2408 4517 2593 4571 nullus.
2623 4519 2760 4574 alius
2789 4519 2966 4584 offert,
2997 4536 3094 4576 nec
3118 4523 3338 4590 judicat,
3370 4542 3469 4583 nec

237 4615 448 4686 pendit.

844 4749 1070 4805 CAPUT
1104 4750 1212 4805 νει.

245 4881 374 4939 Vita
405 4882 597 4937 abbatis
640 4880 822 4954 Arrisit'
853 4883 965 4953 (l7)
1007 4894 1262 4954 et_eorum
1308 4885 1390 4954 qui
1430 4901 1544 4939 cum
1574 4900 1631 4939 eo
1667 4896 1808 4939 erant

784 4952 836 5005 in
865 4964 1029 5006 monte
1060 4952 1111 5006 Ν
1115 4956 1262 5007 itriw.

311 5063 447 5117 Cum
479 5076 577 5131 ego
604 5075 725 5116 cum
759 5062 941 5116 multis
968 5064 1163 5116 sanctis
1191 5077 1362 5117 essem
1392 5077 1728 5133 congressus,
1755 5073 1810 5119 et

227 5164 489 5209 versatus
516 5162 624 5207 tres
661 5166 829 5206 annos
869 5154 920 5205 in
965 5154 1300 5207 monasteriis
1340 5170 1459 5223 qua:
1505 5163 1632 5209 sunt
1669 5157 1808 5211 circa

226 5248 641 5311 Alexandriam,
684 5255 736 5301 et
763 5247 1071 5301 mansissem
1096 5262 1214 5301 cum
1247 5248 1450 5317 magnis
1479 5248 1807 5303 studiosissi-

230 5339 454 5408 rnisqne
482 5347 535 5391 et
566 5338 778 5405 Optimis
808 5337 933 5389 viris
974 5338 1186 5391 circiter
1212 5337 1295 5391 bis
1319 5337 1486 5403 mille,
1531 5339 1673 5393 Omni
1703 5338 1810 5392 vir-

232 5440 360 5484 tute
385 5430 621 5493 -ornatis,
652 5428 795 5482 illinc
823 5428 1076 5483 recedens
1104 5430 1221 5483 veni
1255 5429 1305 5483 in
1336 5439 1566 5485 montem
1604 5430 1807 5486 Nitriae.

227 5522 389 5576 Inter
429 5520 570 5574 hunc
610 5529 841 5574 montem
881 5528 1056 5573 autem
1101 5530 1153 5575 et
1192 5519 1560 5577 Alexandriam
1608 5524 1810 5591 positus

222 5620 327 5664 cst
363 5610 534 5673 lacus,
566 5610 653 5678 qui
699 5608 889 5664 dicitur
935 5609 1097 5662 Maria
1129 5625 1144 5668 :
1172 5610 1215 5664 is
1247 5619 1421 5664 autem
1462 5612 1700 5665 continet
1742 5612 1808 5666 ad

226 5699 409 5758 millia
458 5699 809 5770 septuaginta.
865 5698 1030 5765 Quem
1073 5715 1190 5759 cum
1239 5701 1667 5765 transmisisscm,
1715 5704 1809 5771 per

1918 4608 2079 4664 habet
2134 4624 2453 4676 sermonem,
2498 4610 2591 4667 sed
2652 4606 2811 4667 tacite
2873 4613 3045 4667 solum
3109 4630 3231 4670 cum
3290 4633 3354 4673 eo
3384 4634 3471 4673 se-

1917 4698 2064 4753 dent.

1987 4808 2091 4862 llic
2123 4822 2344 4878 magnus
2368 4809 2634 4875 Arsisins,
2665 4816 2721 4865 et
2746 4810 2833 4864 alii
2866 4812 3013 4865 multi
3040 4826 3159 4867 cum
3193 4827 3258 4868 eo
3284 4829 3462 4879 senes,

1915 4911 2045 4966 quos
2091 4912 2190 4952 nos
2235 4899 2485 4963 vidimus,
2517 4897 2731 4953 fuerunt
2756 4902 2986 4969 aequales
3018 4910 3253 4971 tempore
3283 4919 3471 4973 magno

1914 4987 2162 5041 Antonio.
2212 4989 2384 5057 Atque
2425 4988 2552 5042 mihi
2583 4990 2796 5057 quidem
2843 4993 3073 5046 narravit
3119 4993 3206 5048 hic
3248 5010 3471 5064 magnus

1913 5077 2143 5131 Arsisius
2181 5092 2242 5132 se
2286 5082 2455 5133 Anton
2501 5094 2709 5148 quoque
2752 5081 2950 5135 vidisse
2997 5081 3293 5149 Nitriotem,
3323 5088 3510 5160 cujus,

1913 5168 2141 5220 animam
2172 5167 2303 5220 vidit
2331 5168 2529 5222 assumi
2559 5169 2818 5223 Antonius
2846 5168 2913 5223 ab
2938 5171 3167 5236 angelis,
3198 5181 3253 5225 et
3274 5171 3325 5226 in
3355 5188 3463 5228 cm-

1912 5255 2019 5310 lum
2048 5256 2237 5310 deduci
2280 5256 2426 5326 (Vita
2456 5258 2681 5324 Antonii,
2713 5274 2760 5312 c.
2789 5259 2892 5325 52;
2926 5259 3091 5327 Rulli,
3121 5261 3160 5313 ι.
3192 5276 3247 5326 ll,
3274 5279 3322 5317 ε.
3355 5262 3471 5331 50).

1914 5343 1962 5399 ls
1990 5345 2200 5399 dicebat
2226 5360 2285 5401 se
2313 5347 2470 5400 etiam
2517 5346 2853 5401 l’achomium
2884 5350 3076 5404 vidisse
3117 5351 3473 5407 Tabennesio.

1918 5442 2048 5501 tem,
2078 5435 2249 5490 virum
2280 5436 2581 5505 prOphetica
2610 5438 2773 5507 gratia
2802 5440 3024 5507 clarum,
3058 5451 3135 5494 ter
3163 5442 3307 5495 mille
3333 5441 3470 5495 viro-

1918 5540 2033 5578 rum
2063 5526 2523 5583 arehimandritam
2548 5546 2559 5595 ;
2590 5528 2741 5598 cujus
2772 5530 2997 5585 narrabo
3044 5540 3221 5601 postea
3251 5532 3473 5589 virtutes

1921 5616 2096 5688 (Infra,
2131 5634 2171 5671 c.
2203 5618 2312 5690 '58).
