4060 6532
634 356 770 415 1023

1203 476 1426 533 CAPUT
1471 476 1596 532 VIII.

869 609 939 663 Dc
958 621 1130 665 sancto
1155 610 1315 664 Amon
1341 610 1452 681 (Ql)
1480 618 1526 664 et
1547 612 1657 681 ejus
1685 611 1916 680 conjuge.

687 743 905 798 Dicebat
922 752 1094 799 autem
1119 743 1286 796 Amon
1310 741 1408 796 hoc
1431 741 1586 795 modo
1610 741 1828 794 vixisse.
1853 739 1983 794 Cum
2005 749 2168 804 esset,

617 834 802 903 inquit,
841 835 1142 902 parentibus
1168 835 1383 887 orbatus
1413 833 1724 888 adolescens
1753 834 1964 886 circiter
1988 832 2170 903 viginti

613 923 748 978 duos
792 933 1154 986 annos,natus
1177 963 1192 987 ,
1225 924 1326 977 via
1355 937 1452 975 suo
1486 933 1673 990 patruo
1706 922 1911 976 mulieri
1956 921 2171 991 junctus

612 1022 694 1065 est
715 1012 1077 1075 matrimonio;
1106 1020 1155 1064 et
1187 1026 1305 1064 cum
1333 1026 1437 1064 non
1460 1020 1638 1078 posset
1659 1012 1918 1065 resistere
1943 1011 2172 1065 necessi-

615 1102 706 1154 tati
735 1115 888 1169 quam
920 1099 966 1154 ei
999 1100 1252 1154 afferebat
1295 1112 1509 1168 patruus
1535 1141 1549 1166 ,
1585 1101 1755 1154 visum
1788 1111 1868 1154 est
1899 1101 1969 1166 ei,
2001 1110 2054 1154 et
2081 1115 2172 1154 co-

611 1205 739 1243 rona
771 1190 1006 1244 redimiri
1036 1190 1171 1258 (‘22),
1202 1201 1254 1244 et
1304 1193 1490 1245 sedere
1537 1193 1589 1245 in
1632 1193 1885 1255 thalamo,
1916 1202 1966 1246 et
1996 1192 2169 1244 omnia

610 1282 871 1336 sustinere
901 1298 1017 1350 quae
1047 1283 1176 1334 (lunt
1220 1284 1269 1336 in
1301 1285 1658 1338 matrimonio.
1689 1283 1970 1352 Postquam
1997 1293 2169 1336 autem

610 1387 794 1428 omnes
821 1383 998 1426 essent
1027 1373 1244 1440 egressi,
1271 1375 1355 1443 qui
1387 1375 1438 1427 in
1469 1373 1700 1428 thalamo
1727 1383 1779 1427 et
1811 1375 1947 1426 lecto
1973 1373 2170 1427 dormi-

611 1473 756 1518 turos
780 1464 1184 1528 collocaveram,
1219 1465 1381 1533 surgit
1413 1465 1598 1519 beatus
1645 1466 1813 1518 Amon
1835 1506 1848 1529 ,
1885 1475 1938 1518 et
1978 1465 2172 1518 claudit

613 1555 784 1620 fures;
813 1566 864 1609 et
894 1555 1084 1609 sedens
1131 1564 1280 1608 vocat
1331 1557 1532 1608 beatam
1579 1567 1630 1610 et
1675 1572 1977 1625 germanam
2021 1571 2168 1609 suam

611 1649 907 1716 coniugem,
925 1657 975 1700 et
997 1650 1042 1702 ei
1068 1649 1221 1701 dicit:
1245 1648 1527 1713 Adesdum,
1549 1648 1760 1702 domina
1788 1658 1839 1702 et
1862 1649 2165 1718 soror(‘.’5),

610 1738 799 1790 deinde
846 1752 956 1790 rem
990 1737 1080 1789 tibi
1115 1737 1359 1789 narrabo.
1411 1737 1520 1790 lloc
1547 1753 1650 1805 quo
1681 1737 1946 1806 conjuncti
1985 1754 2169 1792 sumus

2068 351 2150 406 PA
2160 349 2389 406 LLADII

2197 481 2244 536 Α
2277 475 2432 528 tionis
2464 473 2708 528 virtutem
2755 474 3116 540 exercuisset,
3148 475 3198 528 in
3230 475 3332 529 vita
3361 475 3493 531 obiit
3523 478 3836 545 monastira,

3735 357 3855 412 102$

2270 563 2356 616 vel
2385 563 2560 630 potius
2590 563 2878 617 translatus
2904 571 2987 617 est
3028 572 3240 618 sanctus
3268 565 3464 628 Amon,
3497 576 3659 620 natus
3686 582 3839 620 sexa-

2271 651 2416 722 ginta
2459 653 2591 707 duos
2637 666 2825 717 annos,
2855 652 2934 706 bis
2977 652 3032 707 in
3080 667 3220 708 anno
3256 654 3443 710 videns
3479 656 3696 710 beatam
3730 661 3841 713 vita:

2271 755 2381 794 sua!
2409 751 2733 796 οοηεοηειη.

2342 831 2470 883 Cum
2502 832 2545 884 is
2575 845 2700 899 ergo
2730 831 2872 884 solus
2902 842 3044 885 esset
3081 832 3131 885 in
3176 831 3378 894 Nitriis,
3415 832 3594 886 ferunt
3620 833 3692 886 ad
3726 851 3839 888 eum

2273 935 2492 986 puerum
2545 919 2692 972 rabie
2739 905 3096 986 exagitatum,
3128 924 3355 975 vinctum
3404 925 3632 976 catenis.
3691 925 3846 978 Canis

2271 1010 2409 1062 enim
2434 1010 2676 1064 rabiosus
2695 1010 2985 1063 mordendo
3009 1010 3080 1064 illi
3106 1011 3304 1065 rabiem
3331 1012 3576 1065 dederat.
3597 1013 3844 1082 Seipsnm

2271 1114 2399 1168 ergo
2452 1107 2616 1154 totum
2667 1100 2916 1166 laniabat,
2949 1109 3007 1153 ut
3047 1103 3131 1168 qui
3179 1103 3568 1157 intolerabilem
3603 1107 3844 1158 morbum

2272 1191 2410 1244 ferre
2441 1206 2541 1244 non
2572 1201 2769 1260 posset.
2801 1193 3079 1262 Postquam
3109 1209 3235 1263 ergo
3259 1195 3389 1247 vidit
3417 1198 3535 1263 ejus
3569 1199 3842 1264 parentes,

2271 1280 2336 1334 ad
2367 1281 2768 1348 supplicandum
2795 1285 3141 1351 procedentes
3169 1303 3180 1338 :
3207 1284 3343 1350 Quid
3375 1287 3530 1350 mihi,
3554 1289 3749 1354 inquit,
3776 1291 3845 1340 Ea-

2273 1373 2429 1425 bores
2472 1372 2752 1436 cvhibetis,
2788 1390 2817 1424 o
2863 1374 3122 1436 homines,
3153 1391 3212 1428 ea
3267 1384 3506 1443 petentes
3557 1393 3684 1444 qua
3736 1393 3844 1430 mea

2273 1465 2462 1516 merita
2515 1475 2784 1532 superant,
2814 1479 2932 1517 cum
2965 1466 3013 1517 in
3049 1469 3238 1519 vestris
3270 1468 3514 1521 manibus
3555 1482 3758 1535 praesto
3787 1473 3848 1522 sit

2272 1553 2558 1605 auxilium?
2577 1553 2798 1606 Reddite
2815 1554 2950 1606 enim
2973 1555 3140 1607 vidum
3163 1556 3345 1610 bovem
3366 1573 3522 1626 quem
3544 1560 3845 1612 clanculum

2273 1640 2626 1708 OCCI(IISIIS,CI
2650 1657 2807 1695 sanus
2834 1644 3080 1696 reddetur
3100 1645 3251 1698 vobis
3281 1661 3434 1713 puer.
3464 1647 3542 1700 Illi
3575 1664 3710 1701 vero
3733 1664 3844 1702 cum

2274 1732 2497 1784 convicti
2532 1743 2742 1795 essent,
2779 1733 2880 1785 lacti
2913 1735 3148 1788 fecerunt
3191 1752 3308 1805 qua:
3334 1738 3481 1806 jussa
3527 1739 3769 1804 fuerant,
3801 1753 3848 1795 et

610 1827 1024 1889 matrimonium,
1057 1827 1184 1880 nihil
1232 1826 1387 1881 hahet
1434 1828 1704 1880 eximium.
1750 1828 1909 1882 Recte
1936 1843 2059 1896 ergo
2092 1828 2168 1880 fa-
2200 1820 2246 1876 Β
2273 1836 2335 1874 co
2363 1832 2546 1875 orante
2579 1838 2708 1889 puer
2738 1839 2894 1876 sanus
2924 1825 3112 1879 evasit.

607 1919 828 1977 ciemus,
854 1919 894 1970 si
920 1917 1110 1971 abhinc
1134 1919 1488 1987 unusquisque
1512 1930 1748 1972 nostrum
1773 1933 2009 1972 seorsum
2041 1920 2167 1972 dor-

608 2009 802 2072 mierit,
835 2016 893 2062 ut
919 2007 1132 2060 Christo
1163 2009 1481 2075 placeamus,
1508 2009 1755 2061 intactum
1781 2017 2014 2062 nostram
2045 2009 2164 2062 red-

608 2098 792 2152 dentes
844 2097 1210 2165 virginitatem.
1269 2099 1335 2152 Et
1381 2113 1498 2152 cum
1547 2113 1577 2152 e
1625 2100 1742 2151 sinu
1797 2113 1892 2152 suo
1949 2114 2166 2166 parvum

608 2189 840 2242 libellum
874 2189 1198 2255 protulisset,
1226 2199 1472 2254 tanquam
1504 2203 1566 2242 ex
1596 2203 1822 2256 persona
1852 2189 2090 2254 Apostoli
2117 2199 2168 2242 et

607 2277 919 2339 Servatoris,
953 2277 1158 2346 legebat
1203 2277 1409 2344 puellae,
1443 2293 1559 2347 quae
1595 2291 1705 2332 erat
1748 2279 1923 2347 ignara
1969 2280 2167 2332 littera-

607 2380 743 2428 rum,
772 2367 1049 2434 plurimam
1097 2366 1337 2420 lectionis
1390 2377 1613 2434 partem,
1665 2368 1920 2436 adj3cicns
1960 2384 2022 2421 ex
2072 2383 2164 2421 sua

604 2457 852 2510 divinitus
884 2457 1133 2524 inspirata
1161 2457 1421 2520 doctrina,
1455 2468 1507 2510 et
1539 2458 1588 2511 in
1619 2460 1745 2521 vita,
1779 2461 1828 2511 in
1859 2459 2162 2527 virginitate

604 2559 656 2604 et
682 2552 924 2604 castitate
953 2549 1191 2619 degenda
1218 2564 1333 2603 eam
1364 2550 1666 2603 instituens.
1719 2550 1831 2615 Quo
1863 2550 2057 2602 factum
2087 2558 2168 2604 est

605 2647 662 2692 ut
692 2637 774 2691 illa
814 2638 1010 2692 Christi
1059 2640 1222 2709 gratia
1266 2640 1486 2708 repleta,
1519 2640 1756 2694 diceret:
1785 2641 1896 2709 Ego
1937 2656 2163 2711 quoque,

604 2727 816 2782 domine
846 2729 934 2792 mi,
981 2743 1289 2798 persuasum
1339 2730 1508 2783 habeo
1555 2729 1667 2784 fore
1694 2741 1749 2783 ut
1777 2741 1975 2784 castam
2007 2733 2165 2784 vitam

606 2819 834 2872 libenter
857 2833 1040 2888 agam;
1072 2830 1125 2873 et
1147 2820 1190 2872 si
1215 2819 1338 2888 quid
1356 2820 1530 2887 j'ubes,
1557 2820 1658 2874 hoc
1685 2821 1934 2888 deinceps
1959 2821 2161 2874 faciam.

604 2911 693 2967 ΜΘ
721 2928 871 2981 vero,
905 2914 1037 2982 Ego,
1066 2913 1253 2983 inquit,
1279 2915 1444 2983 jubco
1473 2925 1525 2969 et
1557 2930 1684 2984 rogo
1727 2924 1782 2968 ut
1811 2916 2167 2985 unusquisque

604 3015 842 3061 nostrum
869 3022 1104 3062 seorsum
1136 3017 1366 3064 maneat.
1404 3011 1476 3062 Ea
1499 3024 1626 3063 vero
1657 3008 1756 3061 hoc
1788 3023 1889 3060 non
1921 3007 2053 3070 tulit,
2085 3005 2166 3058 di-

603 3110 765 3151 cens:
793 3096 1096 3151 Maneamus
1140 3098 1192 3152 in
1241 3099 1427 3153 eadem
1479 3098 1670 3165 domo,
1703 3097 1795 3151 sed
1839 3096 1892 3151 in
1938 3096 2162 3150 diversis

2343 1910 2698 1964 Accesserunt
2717 1922 2890 1967 autem
2915 1914 3003 1966 alii
3028 1914 3142 1983 ejus
3171 1916 3371 1970 visendi
3395 1920 3585 1985 gratia.
3616 1921 3698 1972 Ad
3723 1937 3846 1988 quos

2271 1999 2402 2052 dixit
2443 2001 2522 2052 vir
2559 2011 2790 2066 sanctus,
2823 2004 3058 2057 tentandi
3097 2019 3277 2058 eorum
3317 2007 3478 2060 animi
3521 2010 3697 2076 gratia
3726 2027 3739 2061 :
3766 2012 3847 2064 At.

2272 2086 2406 2140 ferte
2434 2089 2498 2141 ad
2531 2104 2615 2142 me
2659 2090 2855 2144 dolium
2887 2107 3069 2157 unum,
3099 2101 3156 2146 ut
3182 2094 3404 2149 habeam
3434 2098 3568 2150 satis
3600 2113 3757 2165 aqua:
3786 2101 3843 2153 ad

2269 2191 2361 2229 eos
2392 2179 2480 2246 qui
2511 2181 2727 2234 veniunt
2771 2183 3134 2250 excipiendos.
3188 2184 3227 2238 Ii
3255 2198 3430 2241 autem
3483 2191 3842 2256 promiserunt

2269 2266 2474 2336 seipsos
2504 2271 2776 2325 allaturos.
2823 2273 2953 2326 Cum
2986 2283 3159 2328 autem
3201 2276 3429 2330 alterum
3482 2282 3838 2347 paenituisset,

2269 2362 2356 2416 ubi
2387 2361 2438 2412 in
2466 2361 2638 2415 vicum
2669 2363 2920 2427 venisset,
2949 2363 3077 2418 dicit
3106 2366 3257 2419 alteri
3284 2384 3297 2420 :
3321 2366 3454 2421 Nolo
3483 2370 3740 2424 occidere
3764 2388 3842 2424 ca—

2268 2455 2483 2517 melum,
2515 2468 2686 2522 neque
2714 2455 2760 2507 ei
2789 2454 2985 2508 dolium
3015 2456 3305 2525 imponere,
3340 2474 3404 2513 ne
3436 2461 3730 2515 moriatur.
3759 2464 3840 2518 [lis

2268 2547 2476 2610 auditis,
2495 2546 2632 2600 alius
2659 2548 2770 2600 suis
2797 2547 2992 2614 junctis
3016 2550 3174 2602 asinis
3205 2565 3392 2618 magno
3423 2552 3612 2606 labore
3642 2555 3835 2608 dolium

2266 2651 2473 2689 sursum
2510 2637 2754 2703 portavit.
2801 2637 3135 2693 Praeveniens
3175 2649 3349 2694 autem
3382 2643 3560 2697 Amon
3591 2645 3642 2697 ei
3673 2644 3839 2698 dixit:

2265 2727 2432 2792 Quid?
2464 2726 2604 2794 quod
2653 2726 2781 2782 socii
2828 2728 2900 2781 tui
2941 2730 3170 2784 camelos
3207 2740 3289 2784 est
3330 2741 3576 2786 mortuus
3631 2733 3834 2788 interim

2265 2815 2386 2869 dum
2423 2818 2526 2870 huc
2550 2818 2783 2872 venisti?
2809 2819 2854 2872 ls
2901 2827 3075 2873 autem
3125 2836 3374 2876 reversus
3422 2823 3630 2877 invenit
3662 2841 3782 2878 eum
3811 2847 3834 2878 ει

2269 2905 2409 2973 lupis
2433 2905 2764 2961 devoratum.
2798 2907 2955 2961 Multa
2987 2923 3195 2977 quoque
3222 2911 3324 2963 alia
3359 2913 3445 2966 hic
3472 2915 3556 2966 vir
3588 2914 3735 2968 fecit-

2342 2996 2453 3050 lloc
2482 3006 2658 3051 autem
2689 2999 3001 3052 miraculum
3028 3004 3261 3055 narravit
3288 3002 3479 3056 beatus
3511 3005 3838 3060 Athanasius

2265 3087 2598 3143 Alexandriae
2619 3090 2922 3159 episcopus,
2945 3092 3183 3146 scribens
3206 3094 3256 3146 in
3284 3093 3401 3148 Vita
3425 3096 3673 3164 Antonii,
3703 3101 3836 3166 quod

604 3184 768 3238 lectis.
821 3184 1012 3240 Vivens
1041 3201 1166 3257 ergo
1195 3201 1317 3240 cum
1361 3202 1425 3241 ea
1449 3187 1632 3241 decem
1668 3196 1721 3241 et
1761 3196 1879 3238 octo
1917 3199 2084 3238 annos
2112 3186 2163 3238 in
2195 3171 2237 3232 C
2270 3194 2390 3234 cum
2443 3179 2725 3246 aliquando
2772 3181 3015 3235 monachi
3061 3183 3124 3237 ad
3171 3183 3339 3250 ipsnm
3382 3187 3533 3242 missi
3566 3199 3752 3243 essent
3776 3192 3838 3243 ab

605 3273 789 3327 iisdem
819 3275 1042 3342 aedibus,
1078 3283 1189 3329 toto
1219 3276 1304 3329 die
1337 3276 1556 3330 vacabat
1589 3276 1740 3330 horto
1768 3285 1820 3330 et
1850 3275 2162 3330 balsameto.

603 3360 931 3429 Operabatur
977 3361 1117 3415 enim
1165 3363 1492 3427 balsamum;
1527 3379 1644 3432 qua:
1689 3363 1951 3416 balsamns
2002 3362 2165 3416 instar

605 3450 725 3504 vitis
752 3450 1032 3518 plantatur,
1058 3459 1113 3504 ut
1136 3452 1185 3504 in
1217 3467 1316 3520 qua
1344 3452 1563 3506 colenda
1595 3461 1648 3505 et
1682 3452 1905 3518 putanda
1939 3452 2160 3504 multum

607 3540 798 3594 laboris
828 3550 1072 3609 ponatur.
1107 3541 1332 3610 Vespere
1368 3557 1496 3611 ergo
1523 3543 1738 3596 domum
1769 3543 2088 3611 ingrediens,
2113 3551 2165 3596 et

605 3631 802 3686 Biciens
836 3633 1101 3686 orationes
1127 3672 1141 3696 ,
1171 3647 1288 3686 cum
1316 3647 1379 3687 ea
1410 3633 1738 3688 comedebat.
1776 3634 1840 3687 Et
1863 3648 2041 3686 rursus
2071 3649 2167 3687 no-

604 3733 815 3778 cturnas
835 3738 1019 3792 preces
1046 3724 1290 3789 fundens,
1317 3733 1369 3777 et
1396 3725 1633 3795 synaxim
1665 3738 2164 3792 peragens,summo

606 3827 760 3866 mane
790 3813 901 3865 ibat
929 3811 979 3864 in
1015 3813 1242 3865 hortum.
1267 3811 1398 3866 Cum
1424 3814 1536 3866 haec
1566 3814 1643 3866 sic
1668 3814 1876 3877 lierent,
1900 3822 1952 3866 et
1977 3827 2164 3880 perve-

604 3902 769 3956 nisset
789 3911 1005 3968 uterque
1035 3902 1097 3953 ad
1131 3902 1568 3970 impatibilitatem
1599 3901 1778 3972 (Caute
1801 3902 1949 3971 lege),
1977 3902 2082 3955 vim
2111 3912 2164 3956 et

601 3991 890 4046 efﬁcaciam
922 3979 1156 4045 habuere
1187 4007 1372 4060 preces
1403 3992 1640 4046 Amonis.
1677 3992 1954 4047 Postremo
1988 4003 2162 4046 autem

601 4083 652 4138 ei
678 4081 802 4136 dicit
831 4082 918 4134 illa
949 4082 1099 4137 beata
1125 4098 1139 4137 :
1169 4082 1262 4136 Est
1286 4082 1481 4151 aliquid
1527 4081 1667 4151 quod
1715 4083 1807 4137 tibi
1849 4082 2044 4145 dicam,
2069 4082 2164 4134 do-

601 4174 745 4229 mine
790 4175 883 4239 mi,
914 4184 970 4228 ut
1017 4175 1061 4227 si
1109 4189 1194 4229 me
1240 4174 1492 4240 audieris,
1523 4176 1649 4229 mihi
1698 4175 1853 4244 plane
1904 4176 2166 4230 constabit

600 4265 738 4336 quod
782 4279 905 4319 vere
952 4279 1017 4318 ex
1049 4265 1158 4318 Deo
1188 4279 1272 4319 me
1316 4265 1521 4334 diligas.
1572 4265 1621 4319 Is
1646 4279 1772 4319 vero
1800 4265 1846 4321 ei
1876 4264 2042 4319 dicit:
2073 4265 2164 4319 Dic

603 4357 738 4426 quod
768 4356 918 4409 velis.
951 4355 1024 4409 Ea
1065 4370 1195 4409 vero
1226 4355 1352 4410 dicit
1396 4355 1470 4409 illi
1496 4371 1510 4408 :
1536 4354 1766 4424 IEquum
1805 4364 1887 4409 est
1913 4366 1967 4409 ut
1993 4365 2046 4409 tu
2076 4356 2164 4424 qui

604 4461 660 4499 cs
689 4447 768 4499 vir
793 4446 911 4514 pius
935 4455 988 4500 et
1014 4446 1316 4516 religiosus,
1357 4455 1412 4500 et
1441 4460 1658 4500 exerces
1683 4445 1976 4516 justitiam,
2007 4457 2061 4502 et
2087 4447 2163 4502 si-

2270 3271 2499 3325 Antonio
2524 3269 2661 3334 (erat
2686 3271 2824 3326 enim
2850 3275 2900 3326 in
2932 3274 3182 3329 interiore
3207 3276 3494 3331 solitudine
3523 3281 3836 3346 Antonius}.

2269 3373 2386 3413 cum
2418 3360 2485 3414 ad
2514 3362 2683 3428 ipsum
2729 3363 3014 3427 venissent,
3044 3367 3271 3419 surrexit
3299 3382 3486 3433 senex,
3519 3379 3580 3424 et
3607 3373 3836 3425 ambula-

2267 3450 2354 3504 bat
2376 3467 2494 3504 cum
2520 3452 2620 3505 eis.
2650 3453 2715 3507 Et
2739 3467 2856 3506 cum
2881 3463 3024 3508 esset
3049 3457 3362 3510 transiturus
3386 3457 3591 3527 Lycum
3621 3461 3834 3515 fluvium

2265 3558 2382 3596 cum
2414 3543 2530 3611 ejus
2553 3543 2810 3613 discipulo
2835 3545 3140 3612 Theodoro,
3173 3549 3460 3603 verebatur
3483 3553 3642 3615 exui,
3671 3569 3735 3607 ne
3763 3569 3838 3608 se-

2264 3632 2435 3703 ipsum
2465 3632 2668 3688 videret
2706 3635 2991 3704 aliquando
3023 3636 3218 3691 nttdum
3252 3656 3266 3691 :
3293 3649 3344 3692 et
3372 3639 3580 3696 interea
3622 3643 3748 3698 dum
3777 3645 3837 3698 de

2264 3737 2324 3776 ea
2353 3738 2411 3776 re
2439 3723 2744 3789 dissereret,
2769 3728 3014 3781 inventus
3055 3737 3139 3782 est
3182 3739 3324 3782 trans
3356 3729 3612 3796 ﬂuvium,
3663 3743 3720 3787 ut
3755 3736 3835 3803 qui

2263 3814 2464 3884 absque
2489 3815 2678 3885 cymba
2710 3816 2761 3869 in
2794 3817 2965 3872 extasi
2987 3817 3299 3888 traiecisset,
3335 3824 3630 3877 translatus
3660 3825 3728 3876 ab
3748 3839 3836 3878 an-

2265 3904 2384 3973 gelo
2409 3923 2420 3956 :
2449 3905 2642 3961 lratres
2664 3917 2839 3961 autem
2873 3917 3050 3962 natatu
3082 3910 3510 3964 transmiserunt.
3555 3912 3834 3981 Positqusnr

2263 4004 2440 4050 autem
2485 3997 2714 4052 accessit
2735 3998 2801 4052 ad
2833 3999 3116 4052 Antonium
3142 4040 3157 4063 ,
3192 4000 3393 4069 primus
3429 4001 3479 4055 ei
3510 4002 3651 4056 dixit
3679 4005 3834 4057 Anto-

2264 4084 2381 4140 nius
2407 4103 2419 4138 :
2444 4085 2574 4140 Cum
2603 4087 2742 4142 Deus
2763 4087 2888 4142 mihi
2919 4089 3080 4142 multa
3104 4089 3168 4143 de
3197 4097 3249 4144 te
3271 4091 3586 4156 revelassct,
3614 4102 3671 4146 et
3697 4101 3832 4146 tuam

2266 4177 2662 4232 translationem
2709 4177 2838 4231 mihi
2868 4179 3237 4248 significasset,
3263 4187 3316 4234 te
3352 4180 3417 4232 ad
3466 4195 3553 4235 me
3584 4184 3828 4237 accersiri

2265 4269 2588 4333 necessario,
2617 4277 2673 4323 ut
2711 4283 2830 4323 cum
2880 4271 3030 4324 nobis
3071 4271 3292 4325 invicem
3324 4271 3424 4324 frui
3458 4271 3718 4338 licuisset,
3746 4288 3831 4341 pro

2265 4358 2415 4412 nobis
2446 4358 2669 4412 invicem
2701 4359 3172 4415 intercederemus.
3202 4360 3333 4415 Cum
3357 4369 3539 4415 autem
3572 4377 3698 4416 eum
3727 4363 3829 4415 col-

2269 4448 2496 4504 locasset
2527 4449 2581 4502 in
2607 4449 2833 4518 quodam
2866 4449 2982 4504 loco
3009 4449 3162 4520 longe
3189 4459 3458 4520 separato,
3488 4450 3734 4505 hortatus
3758 4465 3830 4505 est

605 4534 798 4587 nnliter
833 4549 931 4602 ego
962 4534 1050 4602 qui
1085 4534 1327 4587 eamdem
1359 4533 1500 4588 viam
1525 4524 1765 4588 instituti
1803 4550 1922 4588 sum
1957 4545 2160 4601 secuta,
2190 4527 2242 4586 Ι)
2268 4556 2334 4597 ne
2372 4541 2644 4598 recederet
2692 4550 2814 4597 ante
2854 4543 3271 4598 translationem.
3315 4542 3450 4597 Cum
3502 4554 3688 4598 autem
3728 4544 3829 4611 ipse

605 4637 840 4675 seorsum
869 4637 1196 4687 nnuicamus,
1215 4631 1269 4676 ct
1290 4623 1441 4676 multi
1461 4639 1527 4677 ex
1548 4638 1612 4678 eo
1637 4624 1846 4693 capiant
1863 4625 2160 4680 utilitatem.

606 4715 718 4768 Non
748 4730 842 4783 par
870 4724 950 4769 est
979 4714 1116 4768 enim
1147 4724 1203 4769 ut
1226 4725 1438 4784 propter
1466 4731 1550 4771 me
1579 4724 1720 4771 tanta
1756 4725 1809 4771 et
1839 4716 1958 4772 talis
1987 4718 2165 4772 occul-

607 4815 742 4858 tctur
787 4815 870 4858 tua
913 4806 1081 4860 virtus
1127 4805 1472 4874 philosophias
1503 4847 1518 4873 ,
1563 4807 1652 4876 qui
1697 4821 1904 4860 mecum
1932 4809 2165 4874 'propter

605 4897 870 4952 Christum
907 4897 1178 4952 cohabitas
1210 4900 1259 4951 in
1287 4900 1549 4953 eaStitate.
1594 4898 1640 4953 ls
1670 4913 1799 4953 vero
1824 4912 1940 4952 cum
1972 4898 2020 4951 ei
2044 4913 2164 4966 gra-

607 4992 702 5043 tias
728 4989 942 5057 egisset,
977 4997 1030 5041 et
1054 4989 1273 5054 gloriam
1311 4989 1418 5042 Deo
1450 4989 1698 5052 dedisset,
1727 4990 1773 5043 ei
1807 4989 1970 5042 dicit:
1997 4989 2162 5043 Recte

605 5078 694 5132 tibi
724 5079 892 5131 visum
919 5086 1017 5141 est,
1046 5077 1256 5130 domina
1286 5087 1338 5132 et
1357 5093 1538 5144 soror;
1571 5089 1623 5134 et
1644 5080 1687 5133 si
1712 5079 1810 5134 hoc
1841 5080 1932 5133 tibi
1966 5079 2156 5149 placet,

606 5179 661 5223 tu
711 5168 901 5222 habeto
950 5166 1084 5220 hanc
1132 5167 1377 5234 domum;
1457 5184 1556 5242 ego
1622 5187 1752 5227 vero
1817 5171 2020 5235 abibo,
2109 5178 2162 5224 et

599 5261 754 5312 aliam
805 5258 932 5311 mihi
971 5259 1182 5310 domum
1235 5259 1441 5312 faciam.
1490 5259 1586 5323 Qui
1633 5273 1752 5312 cum
1796 5259 1860 5312 ab
1905 5273 1968 5314 ea
2021 5269 2164 5314 esset

600 5361 866 5412 egressus,
909 5345 1178 5414 ingressus
1206 5355 1287 5399 est
1324 5349 1374 5401 in
1406 5347 1659 5402 interiora
1706 5348 1902 5401 montis
1946 5349 2158 5413 Nitrize;

602 5436 1001 5490 nondum'enim
1033 5445 1156 5490 tunc
1187 5439 1292 5492 illic
1319 5448 1469 5492 erant
1494 5438 1782 5506 frequentia
1816 5440 2158 5504 monasteria,

601 5536 656 5581 et
682 5526 778 5580 sibi
818 5526 943 5581 fecit
979 5527 1113 5580 duos
1161 5528 1408 5581 cellarum
1446 5530 1638 5583 tholos.
1683 5531 1749 5583 Et
1785 5545 1904 5584 cum
1943 5530 2159 5584 vixisset

602 5619 730 5670 alios
760 5615 942 5686 viginti
971 5618 1101 5671 duos
1128 5632 1315 5681 annos,
1347 5628 1401 5674 et
1432 5628 1573 5674 recte
1600 5636 1856 5679 summam
1896 5623 2155 5678 exercita-

675 5729 690 5758 ¹
723 5729 817 5783 llic
845 5732 915 5784 0r
947 5731 1041 5787 fuit
1070 5732 1382 5800 Origcnista.

2267 4646 2507 4686 seorsum
2555 4632 2738 4686 fuisset
2782 4641 3178 4687 consummatus
3206 4674 3222 4700 ,
3265 4633 3392 4687 vidit
3423 4636 3697 4689 Antonius
3725 4635 3828 4701 ejus

2269 4725 2502 4778 animam
2523 4723 2574 4779 in
2603 4723 2796 4778 ccclum
2819 4733 3140 4793 assumptam
3165 4726 3230 4779 ab
3251 4725 3472 4794 angelis.
3495 4725 3593 4779 llic
3614 4740 3826 4793 estergo

2266 4816 2460 4880 Amon,
2484 4817 2569 4884 qui
2600 4816 2677 4870 sic
2703 4815 2854 4882 vixit,
2873 4824 2926 4869 et
2946 4816 3022 4868 sic
3046 4815 3194 4868 obiit.
3219 4815 3370 4868 Hunc
3392 4815 3594 4884 Lycum
3621 4815 3822 4868 Πυτίνῃ

2269 4919 2366 4973 ego
2387 4920 2506 4958 cum
2537 4915 2678 4959 metu
2709 4915 2937 4972 pontone
2964 4903 3244 4972 aliquando
3267 4898 3567 4968 transmisi;
3593 4915 3678 4960 est
3697 4905 3822 4960 enim

2271 4996 2409 5050 fossa
2433 5004 2486 5051 et
2507 4995 2762 5050 derivatio
2791 4997 2962 5064 magni
2995 4995 3118 5049 Nili.

2866 5129 3090 5185 CAPUT
3127 5130 3218 5186 IX.

2724 5240 2837 5294 Vita
2866 5239 3056 5294 abbatis
3085 5241 3100 5272 ¹
3136 5240 3208 5292 0r
3247 5239 3385 5309 (3i).

2338 5352 2393 5404 In
2424 5351 2522 5404 hoc
2550 5359 2729 5406 monte
2750 5351 2931 5405 Nitriae
2957 5351 3048 5405 fuit
3081 5351 3160 5405 vir
3188 5349 3523 5404 admirabilis
3553 5349 3732 5414 abbas,
3757 5347 3820 5403 Or

2265 5443 2498 5508 nomine,
2527 5441 2728 5495 habens
2749 5441 3064 5494 monasteria
3088 5440 3229 5494 mille
3252 5439 3496 5506 fratrum,
3531 5440 3706 5494 habitu
3729 5455 3815 5492 an-

2261 5534 2429 5603 gelico
2460 5533 2710 5602 prmditus
2741 5533 2933 5605 (Rulli,
2970 5536 3005 5587 Ι.
3041 5550 3096 5599 ιι,
3127 5550 3173 5586 c.
3202 5534 3295 5602 2);
3328 5542 3386 5588 ut
3415 5537 3504 5601 qui
3545 5551 3661 5588 cum
3690 5544 3818 5588 esset

2263 5623 2549 5694 nonaginta
2581 5639 2751 5680 annos
2783 5632 2970 5692 natus,
3005 5625 3134 5679 nihil
3167 5626 3440 5682 amisisset
3482 5630 3548 5681 de
3585 5640 3814 5695 corpore.
