4096 6522
259 349 402 419 1025

882 463 1133 521 ΚΕΦΔΛ.
1187 466 1269 521 Il'.

261 559 399 623 Βίος
430 550 542 610 τοῦ
570 553 745 625 ἁγίου
784 552 996 623 Ἀμοῦν
1021 554 1121 608 καί
1152 553 1265 623 τῆς
1292 553 1509 609 τούτου
1549 554 1848 624 συζύγου.

332 638 510 708 Οὗτος
541 642 729 711 ἔλεγεν
759 642 854 695 καὶ
885 641 980 695 τὸν
1028 640 1231 712 Ἀμοῦν
1275 640 1503 712 τοιούτῳ
1541 640 1729 711 τρόπῳ
1774 640 1856 709 βε-

260 732 522 787 ϐιωκέναι
542 747 557 762 ο
603 729 870 800 Ὀρφανδς
896 771 911 796 ,
941 730 1127 801 φησὶν,
1173 729 1436 799 ὑπάρχων
1468 729 1748 792 νεανίσκος
1778 727 1855 792 ὡς

257 824 397 878 ἐτῶν
424 822 598 874 εῐκοσι
632 820 759 886 δύο,
817 819 911 889 βία
941 819 1094 890 παρὰ
1126 819 1224 873 τοῦ
1272 819 1401 873 ἰδίου
1451 817 1596 871 θείου
1635 816 1856 887 γυναικὶ

260 908 622 978 συνεζεῦχθη.
648 908 759 959 Καὶ
784 906 859 977 μὴ
883 906 1132 974 δυνηθεὶς
1159 905 1480 974 ἀντιστῆναι
1508 908 1576 976 τῇ
1594 905 1689 958 τοῦ
1710 903 1854 957 θείου

261 997 505 1067 ἀνάγκη,
566 994 759 1063 ἔδοξεν,
811 992 909 1045 καὶ
958 990 1379 1060 στεφανοῦσθαι,
1422 993 1514 1044 καὶ
1566 994 1625 1044 ἐν
1663 989 1856 1061 παστῷ

262 1081 629 1146 καθέζεσθαι,
652 1081 747 1133 καὶ
770 1080 951 1133 πάντα
982 1079 1356 1149 μεμενηκέναι
1379 1080 1521 1133 κατά
1545 1079 1637 1132 τὸν
1657 1079 1854 1148 γάμον.

261 1171 425 1228 Μετά
456 1170 516 1224 δέ
548 1168 608 1222 τὸ
632 1167 869 1235 ἐξελθεῖν
903 1166 1111 1229 πάντας
1161 1169 1528 1238 κοιμήσοντας
1560 1167 1764 1229 αὐτοὺς
1799 1165 1859 1219 ἐν

261 1258 344 1330 τῷ
379 1255 576 1326 παστῷ
600 1257 697 1308 καὶ
716 1258 781 1324 τῇ
818 1252 1000 1323 κλίνῃ,
1026 1253 1265 1317 ἀναστὰς
1291 1255 1319 1306 6
1348 1255 1618 1325 μακάριος
1659 1252 1858 1323 ’Λμοῦν

264 1343 557 1401 ἀποκλείει
578 1343 678 1413 τὴν
713 1340 907 1413 θύραν,
939 1343 1035 1394 καὶ
1073 1341 1304 1404 καθίσας
1335 1340 1726 1411 προσκαλεῖται
1762 1340 1861 1412 τὴν

242 1431 552 1505 μακαρίαν
603 1429 770 1483 αὐτοῦ
822 1429 917 1481 καί⁵
952 1429 1181 1499 γνησίαν
1239 1428 1512 1498 σύζυγον,
1564 1429 1661 1483 καὶ
1712 1428 1860 1496 λέγει

268 1522 410 1591 αὐτῇ
430 1535 445 1548 ·
472 1518 647 1588 Δεῦρο
675 1516 762 1585 δὴ,
793 1516 960 1587 κυρία
1000 1518 1095 1569 καὶ
1124 1516 1352 1588 ἀδελφὴ,
1389 1514 1578 1569 λοιπὸν
1605 1516 1863 1587 διηγήσο-

270 1598 373 1678 μαί
411 1622 495 1659 σοι
521 1604 583 1657 τὸ
603 1604 840 1675 πρᾶγμα
863 1618 876 1632 ’
917 1603 945 1655 6
974 1602 1149 1672 γάμος
1192 1602 1253 1654 ὃν
1293 1603 1658 1673 ἐγαμήσαμεν
1707 1597 1862 1665 οὗτός

271 1699 434 1749 ἐστιν
484 1694 747 1761 περισσὸν
794 1690 935 1760 έχων
966 1690 1142 1744 οὐδέν.
1184 1689 1384 1755 Καλῶς
1426 1688 1520 1745 οὖν
1562 1691 1863 1762 ποιήσομεν

266 1783 460 1853 ήμεῖς,
515 1780 610 1833 ἐὰν
649 1777 759 1833 ἀπὸ
803 1777 898 1831 τοῦ
946 1778 1042 1832 νῦν
1080 1777 1311 1843 ἕκαστος
1355 1778 1511 1850 ήμῶν
1563 1777 1682 1832 κατ’
1729 1778 1864 1833 ἰδίαν

271 1868 619 1939 καθευδήσῃ,
652 1865 741 1920 ἵνα
781 1866 877 1918 καὶ
916 1865 995 1936 τῷ
1045 1865 1269 1937 Χριστῷ
1316 1866 1506 1921 λοιπὸν
1550 1867 1863 1940 ἀρέσωμεν,

271 1955 665 2027 ἐκτελέσαντες
716 1952 941 2007 ἄθικτον
991 1952 1153 2023 ἡμῶν
1211 1954 1313 2024 τήν
1366 1953 1686 2025 παρθενίαν.
1754 1954 1866 2010 Καὶ

270 2041 584 2111 ἐξενεγκὼν
616 2042 683 2094 ἐκ
723 2039 817 2093 τοῦ
858 2039 1064 2093 κόλπου
1105 2038 1311 2106 βιϐλίον
1351 2041 1759 2112 γεγραμμένον,
1791 2041 1868 2105 ώς

222 2198 223 2201 η
274 2133 346 2184 ἐκ
373 2128 673 2201 προσώπου
704 2125 801 2180 τοῦ
819 2127 1120 2181 ἀποστόλου
1150 2129 1246 2180 κα)⁵
1272 2126 1367 2181 τοῦ
1400 2128 1655 2199 Σωτῆρος
1675 2129 1866 2198 ἀνεγί-

274 2234 489 2272 νωσκεν
513 2219 581 2287 τῇ
615 2216 756 2287 κόρῃ
792 2213 1006 2284 ἀπείρῳ
1034 2212 1170 2285 οῦσῃ
1210 2213 1441 2285 Γραφῶν
1468 2230 1481 2244 ·
1525 2215 1587 2268 τὸ
1615 2215 1867 2269 πλεῖστον

279 2305 450 2377 μέρος
493 2302 596 2374 τῆς
632 2299 996 2371 ἀναγνώσεως
1054 2301 1371 2372 προστιθεὶς
1418 2301 1528 2355 ἀπὸ
1581 2303 1682 2372 τῆς
1732 2303 1867 2368 ἰδίας

279 2391 647 2447 θεοπνεύστου
670 2389 933 2454 διανοίας,
951 2388 1042 2442 τὸν
1066 2389 1197 2459 περὶ
1217 2387 1513 2459 παρθενίας
1534 2389 1628 2442 καὶ
1647 2389 1866 2457 ἁγνείας

276 2478 679 2551 εἰσηγούμενος
707 2478 846 2548 αὐτῇ
874 2476 1015 2547 βίον·
1050 2476 1126 2541 ὡς
1164 2479 1232 2548 τῇ
1281 2476 1463 2547 χάριτι
1500 2476 1596 2529 τοῦ
1627 2478 1866 2547 Χριστοῦ

278 2564 798 2637 πλήροςορηθεῖσαν
828 2563 1045 2633 ἐκείνην
1078 2564 1252 2616 εἰπεῖν
1278 2578 1293 2593 ’
1322 2561 1497 2631 Κάγὼ
1528 2562 1865 2633 πέπεισμαι,

280 2654 445 2725 κύριέ
480 2669 618 2722 μου,
652 2651 745 2703 τὸν
781 2650 945 2718 ἀγνδν
982 2650 1095 2719 βίον
1124 2649 1292 2720 ἡδέως
1341 2649 1531 2719 βιοῦσα
1558 2690 1572 2715 ,
1605 2650 1702 2702 καὶ
1729 2650 1783 2702 εἴ
1818 2668 1869 2704 τι

279 2740 551 2806 κελεύεις,
576 2738 734 2792 τοῦτο
752 2740 967 2807 ποιήσω
993 2738 1206 2791 λοιπόν.
1246 2737 1304 2790 Ὀ
1328 2738 1407 2805 δὲ,
1433 2737 1604 2791 Τοῦτο
1636 2738 1865 2806 κελεύω,

277 2831 441 2900 φησὶ,
478 2830 573 2881 καὶ
606 2826 937 2899 παρακαλῶ,
971 2826 1061 2879 ἵνα
1084 2825 1318 2888 ἕκαστος
1342 2826 1500 2897 ήμῶν
1524 2826 1634 2880 ἀπὸ
1659 2828 1752 2881 τοῦ
1776 2830 1869 2881 νῦν

277 2919 406 2973 κατ’
429 2917 566 2970 ἰδίαν
593 2917 750 2987 μένῃ.
789 2916 855 2969 Ἢ
885 2916 943 2968 δέ
964 2915 1067 2968 οὐκ
1094 2915 1354 2985 ἠνέσχετο
1376 2917 1607 2969 εἰποῦσα
1634 2934 1664 2987 θ,
1684 2916 1771 2970 Ἐν
1793 2917 1870 2988 τῷ

276 3004 430 3076 αὐτῷ
458 3006 596 3076 οἴκῳ
615 3004 909 3075 μείνωμεν,
940 3004 998 3055 ἐν
1027 3001 1307 3073 διαφόροις
1327 3002 1386 3056 δὲ
1417 3002 1649 3068 κλίναις.
1683 3005 1867 3075 Ζήσας

275 3094 376 3150 οὖν
404 3096 522 3166 μετ’
554 3094 728 3165 αὐτῆς
757 3094 817 3146 ἐν
840 3092 917 3163 τῷ
947 3090 1097 3162 αὑτῷ
1121 3091 1256 3162 οἴκῳ
1283 3091 1380 3162 ἐτη
1417 3091 1548 3146 δέκα
1577 3092 1747 3157 ὀκτὼ,
1776 3094 1865 3149 διά

275 3185 466 3253 πάσης
492 3182 705 3253 ἡμέρας
731 3181 1024 3251 ἐσχόλαζεν
1056 3182 1115 3232 ἐν
1137 3178 1216 3248 τῷ
1242 3179 1405 3250 κήπῳ
1442 3180 1536 3233 καὶ
1558 3180 1635 3250 τῷ
1661 3180 1863 3251 βαλοα-

279 3272 445 3343 μῶνι⁶
476 3270 891 3341 βαλσαμουργὸς
920 3268 1029 3338 γὰρ
1053 3263 1140 3339 ἦν’
1169 3267 1291 3337 ἥτις
1315 3266 1590 3337 βάλσαμος
1620 3271 1866 3340 ἀμπέλου

275 3362 436 3433 δίκην
468 3358 781 3429 φυτεύεται,
802 3357 1190 3428 γεωργουμένη
1226 3356 1321 3409 καὶ
1347 3356 1736 3428 κλαδευομένη,
1767 3375 1870 3412 πο-

277 3450 380 3503 λὺν
405 3450 608 3518 ἔχουσα
631 3448 811 3501 πόνον.
851 3445 1123 3515 Ἐσπέρας
1142 3442 1237 3499 οὐν
1263 3445 1647 3516 εἰσερχόμενος
1678 3448 1759 3511 εἰς
1779 3448 1873 3503 τὸν

276 3538 454 3605 οἰκον,
483 3541 579 3593 καὶ
603 3540 774 3592 ποιῶν
795 3538 983 3608 εὑχάς,
1012 3537 1198 3608 ήσθιεν
1223 3538 1341 3608 μετ’
1371 3539 1565 3608 αὐτῆς,
1595 3539 1691 3592 καὶ
1710 3539 1872 3593 πάλιν

275 3627 605 3698 νυκτερινὰς
641 3626 811 3679 ποιῶν
840 3626 1008 3696 εὐχὰς
1053 3626 1147 3679 καὶ
1200 3623 1449 3689 συνάξεις
1480 3665 1497 3690 ,
1549 3624 1654 3678 ὑπὸ
1702 3626 1872 3696 βαθὺν

276 3718 483 3791 ϐρθρον
509 3717 659 3770 ἀπίει
684 3717 763 3779 εἰς
795 3715 885 3769 τὸν
910 3714 1108 3785 κῆπον.
1135 3712 1351 3767 Τούτων
1379 3712 1551 3777 οὑτως
1585 3716 1870 3768 ἐπιτελου-

288 3808 495 3876 μένων,
543 3805 638 3858 καὶ
681 3803 1009 3874 ἀμφοτέρων
1059 3802 1138 3865 εἰς
1180 3801 1454 3856 ἀπάθειαν
1507 3803 1871 3873 ἐληλακότων,

277 3896 598 3965 ἐνήργησαν
648 3892 708 3946 αἰ
758 3893 916 3961 εὐχαὶ
968 3888 1065 3942 τοῦ
1097 3889 1254 3958 ἁγίου
1300 3887 1523 3959 Ἀμοῦν,
1575 3893 1671 3944 καὶ
1724 3889 1875 3959 λέγει

277 3982 435 4052 αὑτῴ
465 3982 533 4033 τά
562 3980 849 4033 τελευταῖα
893 3980 927 4049 ή
962 3981 1256 4047 μακαρῖτις
1285 3978 1493 4049 ὲκείνη⁶
1526 3979 1675 4048 Ἕχω
1707 3978 1788 4031 σοί
1821 3995 1875 4032 τι

292 4072 495 4136 εἰπεῖν,
533 4068 689 4137 κύριέ
726 4080 867 4136 μουο
919 4065 1029 4130 ἵνα,
1062 4065 1127 4118 ἄν
1164 4082 1265 4135 μου
1296 4064 1557 4136 ἀκούσῃς,
1602 4069 1876 4135 πληροφο-

281 4159 440 4233 ρηθῶ
470 4159 551 4210 ὅτι
581 4156 750 4219 ὄντως
780 4152 923 4208 κατά
955 4153 1091 4208 Θεὸν
1129 4153 1351 4224 ἀγαπᾷς
1385 4172 1475 4223 με.
1513 4156 1676 4223 Λέγει
1711 4156 1874 4227 αὐτῇ,

279 4247 422 4299 Ειπὲ
471 4245 499 4297 6
550 4244 756 4313 βούλει·
788 4244 935 4313 λέγει
961 4241 1109 4312 αὐτῷ
1143 4259 1156 4274 ’
1204 4242 1423 4294 Δίκαιόν
1471 4244 1587 4295 ἐστι
1644 4248 1875 4313 πρᾶγμα

284 4334 463 4405 ἄνδρα
512 4349 571 4384 σε
602 4332 733 4385 ὄντα
776 4331 1005 4401 θεοσεϐῆ
1048 4330 1140 4383 καὶ
1170 4328 1517 4400 δικαιοσύνην
1571 4332 1871 4397 ἀσκοῦντα,

279 4422 490 4494 ὁμοίως
529 4421 585 4474 δὲ
617 4420 711 4475 καὶ
744 4419 846 4490 ἐμὲ
889 4417 1231 4491 ἐζηλωκυῖαν
1274 4420 1373 4488 τὴν
1419 4419 1591 4490 αὐτήν
1624 4435 1708 4471 σοι
1758 4419 1875 4472 666v

281 4510 411 4565 κατ’
444 4510 581 4563 ίδίαν
614 4510 821 4581 μένειν,
853 4510 948 4563 καὶ
980 4509 1207 4573 πολλοὺς
1250 4498 1602 4578 ὠφελεῖσθαι.
1637 4508 1874 4562 Ἄτοπον
1901 4497 1955 4557 D

279 4601 397 4671 γάρ
424 4601 545 4652 ἐστι
573 4598 640 4651 δι’
678 4598 777 4669 ἐμὲ
819 4596 1162 4669 κρύπτεσθαι
1197 4613 1291 4649 σου
1344 4596 1443 4667 τὴν
1480 4596 1750 4668 τοσαύτην
1783 4600 1876 4651 καὶ

280 4687 549 4758 τοιαύτην
599 4687 803 4758 ἀρετὴν
852 4685 953 4756 τῆς
988 4684 1328 4755 φιλοσοφίας,
1384 4685 1743 4739 συνοικοῦντα
1785 4703 1876 4757 μοι

281 4778 375 4831 διὰ
400 4778 492 4830 τὸν
523 4777 728 4848 Κύριον
755 4779 812 4829 ἐν
838 4776 1052 4847 ἁγνείᾳ.
1096 4775 1153 4827 '0
1185 4776 1243 4828 δὲ
1282 4775 1685 4845 εὐχαριστήσας
1714 4776 1875 4847 αὐτῇ,

282 4872 385 4923 καὶ
417 4867 667 4931 δεδωκὼς
702 4866 858 4931 δόξαν
903 4865 980 4937 τῷ
1012 4865 1153 4934 Θεῷ,
1183 4865 1331 4935 λέγει
1364 4866 1501 4937 αὐτῇ
1523 4881 1538 4895 ⁸
1567 4864 1763 4929 Καλῶς
1796 4884 1878 4919 σοι

281 4957 492 5023 ἔδοξεν,
523 4958 690 5027 κυρία
715 4956 808 5010 καὶ
834 4954 1065 5025 ἀδελφή.
1103 4954 1214 5008 Καὶ
1246 4955 1295 5006 εἰ
1328 4952 1485 5007 τοῦτό
1517 4970 1599 5007 σοι
1630 4954 1875 5025 ἀρέσκει,

284 5046 382 5115 ἔχε
408 5046 472 5098 σὺ
506 5045 696 5097 τοῦτον
728 5044 819 5097 τὸν
845 5038 1015 5109 οἷκον,
1040 5044 1152 5111 ἐγὼ
1179 5041 1235 5093 δὲ
1267 5040 1521 5095 ἀπελθὼν
1543 5044 1754 5113 ποιήσω
1787 5062 1879 5114 μοι

285 5134 485 5202 ἕτερον
516 5129 686 5186 οἷκον.
721 5132 831 5186 Καὶ
863 5128 1098 5195 ἐξελθὼν
1129 5131 1225 5183 ἀπ’
1254 5130 1425 5199 αὐτῆς
1449 5130 1701 5202 εἰσῆλθεν
1734 5133 1878 5185 ἐνδό-

284 5240 453 5295 τερον
472 5222 566 5276 τοῦ
597 5224 696 5294 τῆς
729 5222 961 5293 Νιτρίας
986 5221 1167 5289 ὅρους.
1195 5219 1359 5273 Οΰπω
1382 5220 1489 5292 γὰρ
1520 5215 1588 5291 ἦν
1611 5224 1727 5275 ἐκεῖ
1755 5223 1876 5275 τότε

288 5314 494 5385 συνεχῆ
559 5312 921 5383 μοναστήρια.
973 5309 1265 5378 Οἰκοδομεῖ
1320 5308 1500 5382 ἐαυτῷ
1532 5310 1629 5363 δύο
1690 5310 1879 5377 θόλους

288 5402 547 5468 κελλίων,
578 5404 672 5455 καὶ
702 5402 903 5472 βιώσας
944 5398 1084 5453 ἀλλα
1127 5400 1299 5452 είκοσι
1347 5403 1442 5453 καὶ
1480 5400 1575 5453 δύο
1597 5401 1690 5473 ἔτη
1719 5405 1778 5456 ἐν
1810 5405 1877 5475 τῇ

288 5495 513 5565 ἐρήμῳ,
537 5493 633 5544 καὶ
661 5489 1016 5560 κατορθώσας
1036 5490 1116 5552 εἰς
1145 5488 1314 5558 ἄκρον
1340 5488 1437 5559 τὴν
1462 5488 1563 5558 τῆς
1589 5491 1879 5563 ἀσκήσεως

289 5585 518 5656 ἀρετὴν,
569 5584 629 5637 ἐν
662 5584 739 5655 τῷ
773 5583 999 5652 μονήρει
1049 5581 1149 5652 βίῳ
1182 5579 1498 5645 ἐτελεύτησε
1538 5597 1551 5611 ·
1590 5585 1782 5653 μᾶλλον
1821 5584 1879 5639 δὲ

292 5673 569 5746 ἐκοιμήθη
607 5676 635 5727 6
686 5673 839 5743 ἅγιος
897 5671 1097 5742 Ἀμοῦν
1122 5711 1136 5736 ,
1170 5673 1304 5727 ἐτῶν
1340 5673 1601 5745 ἑξήκοντα
1639 5678 1751 5747 δύο,
1799 5681 1879 5745 δίς

293 5765 391 5818 οῦτ
421 5764 575 5828 ἔτους
609 5766 750 5837 ὁρῶν
786 5766 884 5836 τὴν
915 5766 1194 5837 μακαρίαν
1221 5768 1449 5838 σύμϐιον
1480 5771 1667 5827 αὑτοῦ.

620 5866 890 5924 Ριτιτοι..
941 5867 1057 5925 Gn.
1104 5863 1373 5930 XXXIV.

1517 350 1880 418 HISTORIA
1918 329 2330 419 LAUSIACA."

3398 349 3536 417 1026

1883 473 1933 533 Α
2028 487 2210 541 Μόνου
2249 486 2344 541 οὑν
2382 483 2550 541 αὑτοῦ
2596 485 2653 539 ἐν
2700 486 2823 550 ταῖς
2870 484 3126 557 Νιτρίαις
3167 485 3530 557 ὑπάρχοντος,

1955 573 2213 645 φέρουσιν
2235 574 2403 628 παῖδα
2436 571 2722 626 λυσσῶντα
2752 573 2889 643 πρὸς
2921 572 3109 639 αὐτὸν,
3134 571 3360 625 ἁλύσεσι
3384 571 3533 624 δεδεο
3584 608 3585 611 η

1958 661 2121 732 μένον
2140 677 2154 691 ·
2182 660 2393 714 λυσσῶν
2420 660 2529 731 γὰρ
2566 660 2730 731 δήξας
2756 660 2922 725 κύων,
2969 660 3163 731 ἐκείνῳ
3196 662 3297 730 τὴν
3330 659 3534 712 λύσσαν

1962 748 2289 817 μετέδωκεν.
2340 748 2718 819 Ἐσπάρασσεν
2740 744 2834 801 οὖν
2866 748 3059 801 ἑαυτὸν
3082 747 3223 813 ὅλον,
3246 747 3533 816 ἀφορήτε.ς

1956 831 2095 902 έχων
2120 834 2181 887 τὸ
2214 834 2409 898 πάθος.
2450 831 2538 897 Ὡς
2564 833 2695 903 γοῦν
2726 834 2834 887 ίδεν
2855 834 3019 887 αὑτοῦ
3037 835 3163 897 τοὺς
3197 835 3374 902 γονεῖς
3398 832 3535 902 πρὸς

1955 920 2056 990 τὴν
2112 922 2320 976 ἱκεσίαν
2367 921 2705 993 χωροῦντας,
2735 921 2800 975 Τί
2844 939 2934 993 μοι
2983 921 3187 984 κόπους
3242 920 3534 990 παρέχετε,

1959 1010 2145 1079 φησὶν,
2177 1002 2223 1064 ὦ
2246 1008 2547 1081 ἄνθρωποι,
2575 1009 2643 1063 τά
2670 1009 2812 1079 ὑπὲρ
2846 1010 2945 1079 τὴν
2984 1008 3124 1079 ἐμὴν
3154 1008 3312 1073 ἀξίαν
3344 1005 3539 1076 ἐπιζη-

1957 1095 2177 1160 τοῦντες
2196 1137 2212 1164 ,
2243 1095 2460 1167 ἔχοντες
2495 1092 2590 1150 οὐν
2620 1098 2678 1151 ἐν
2706 1098 2862 1168 χερσὶ
2902 1097 2963 1149 τὸ
2999 1096 3284 1167 βοήθημας
3311 1095 3538 1149 ἀπόδοτε

1959 1183 2068 1255 γὰρ
2092 1186 2157 1254 τῇ
2193 1184 2337 1255 χήρᾳ
2363 1183 2454 1237 τδν
2483 1182 2612 1255 βοῦν
2634 1183 2694 1236 ὃν
2725 1182 3000 1252 λαθραίως
3028 1182 3419 1246 ἀπεκτείνατε,
3446 1182 3541 1234 καὶ

1962 1269 2122 1341 ὑγιὴς
2149 1272 2278 1340 ὑμῖν
2304 1272 2332 1323 6
2358 1273 2488 1335 παῖς
2514 1270 2930 1342 ἀποδοθήσεται.
2974 1271 3036 1323 Οί
3074 1270 3130 1324 δὲ
3160 1270 3236 1332 ὡς
3275 1269 3543 1339 ἠλέγχθη·-

1963 1375 2082 1423 σαν,
2119 1358 2404 1430 χαίροντες
2427 1362 2647 1413 ἐποίουν
2668 1362 2737 1413 τὰ
2764 1357 3202 1430 προσταχθέντα,
3234 1356 3331 1411 τοῦ
3355 1356 3542 1420 παιδὸς

1962 1446 2285 1515 ὑγιάναντος
2312 1446 2616 1518 εὐξαμένου
2646 1448 2832 1502 αὐτοῦ.

2038 1534 2221 1588 ’Λλλοι
2253 1535 2309 1588 δὲ
2339 1536 2595 1607 παρῆσαν
2622 1536 2759 1605 πρὸς
2791 1534 2955 1589 αὑτὸν
2978 1532 3324 1602 ἐπισκέψεως
3345 1532 3541 1586 ἕνεκαθ

1965 1621 2103 1693 πρὸς
2133 1618 2233 1684 οὓς
2260 1619 2574 1691 δοκιμάζων
2600 1621 2699 1693 τὴν
2727 1622 2956 1692 γνώμην
2984 1620 3166 1673 αὐτῶν
3198 1623 3226 1672 6
3258 1620 3398 1689 ἀνὴρ
3428 1619 3546 1670 ἐλε-

1965 1728 2061 1779 γεν
2084 1726 2099 1741 ’
2130 1711 2294 1764 Πίθον
2332 1730 2423 1782 μοι
2448 1712 2543 1765 ἕνα
2569 1712 2858 1782 κομίσατε,
2895 1710 2984 1763 ἵνα
3024 1710 3135 1779 έχω
3168 1707 3311 1778 ὕδωρ
3365 1706 3548 1760 ἱκανὸν

1892 1804 1939 1863 Β
1968 1799 2104 1871 πρὸς
2140 1794 2409 1872 ὑποδοχὴν
2441 1799 2550 1853 τῶν
2580 1799 2916 1870 ἐρχομένων.
2954 1798 3017 1849 Οἱ
3045 1796 3103 1849 δέ
3145 1795 3444 1865 ὑπέσχοντο
3480 1794 3547 1847 δι’

1966 1889 2147 1942 αὐτῶν
2181 1890 2446 1958 ἐνεγκεῖν.
2480 1885 2894 1957 Μεταμεληθείς
2927 1885 2984 1939 δέ
3012 1887 3040 1938 6
3080 1884 3268 1952 ἔτερος
3298 1899 3549 1953 παράγε·

1968 1977 2195 2047 νόμενος
2226 1977 2308 2040 εἰς
2335 1975 2435 2048 τὴν
2469 1973 2688 2047 κώμην,
2716 1973 2866 2042 λέγει
2921 1972 2997 2043 τῷ
3027 1972 3232 2043 έτέρῳ’
3263 1971 3379 2024 Οὐκ
3409 1971 3547 2023 ἀπο-

1966 2065 2144 2118 κτενῶ
2177 2081 2280 2136 μου
2329 2063 2426 2135 τὴν
2474 2062 2742 2132 κάμηλον,
2791 2061 2912 2115 οὑδέ
2950 2058 3236 2129 ἐπιτίθημι
3266 2058 3358 2111 τὸν
3392 2058 3551 2110 πίθον

1969 2152 2058 2206 ἐπ’
2093 2151 2285 2223 αὐτὴν,
2318 2151 2406 2204 ἵνα
2440 2151 2515 2221 μὴ
2562 2149 2833 2221 ἀποθάνῃ.
2886 2147 3154 2210 Ἀκούσας
3206 2146 3263 2199 δέ
3316 2144 3490 2199 ταῦτα
3521 2148 3551 2199 6

1966 2241 2148 2307 ἄλλος,
2181 2240 2282 2305 τὰς
2319 2240 2530 2302 οἰκείας
2559 2236 2862 2303 ὑποζεύξας
2889 2236 3068 2301 ϐνους,
3096 2232 3280 2304 πολλῷ
3317 2233 3552 2304 καμάτῳ

1966 2328 2057 2383 τὸν
2096 2329 2253 2382 πίθον
2286 2328 2619 2398 ἀπήνεγκεν.
2672 2322 2967 2396 Προλαϐὼν
3009 2323 3068 2377 δέ
3097 2321 3261 2375 αὑτὸν
3284 2323 3313 2375 6
3350 2320 3552 2391 ’Δμοῦν

1967 2413 2122 2470 εἷπεν
2147 2431 2161 2446 ·
2189 2415 2254 2469 Τί
2286 2416 2369 2468 ὅτι
2416 2416 2450 2485 ἡ
2489 2411 2736 2484 κάμηλος
2771 2411 2865 2465 τοῦ
2904 2409 3095 2482 ἐτέρου
3136 2426 3231 2461 σου
3262 2408 3547 2477 τέθνηκεν,

1967 2506 2073 2569 ἕως
2109 2506 2230 2558 ὅτου
2257 2503 2321 2555 σὺ
2356 2502 2591 2557 ἐνταῦθα
2632 2499 3056 2572 παραγέγονας;
3103 2498 3161 2551 Ὁ
3191 2497 3248 2551 δὲ
3282 2495 3551 2567 ὑποστρέ-

1967 2595 2100 2666 ψας,
2133 2590 2290 2664 εὗρεν
2310 2592 2481 2665 αὐτὴν
2504 2592 2612 2648 ἀπὸ
2649 2590 2831 2645 λύκων
2863 2588 3242 2661 βεϐρωμένην.
3286 2586 3466 2641 Πολλά
3487 2603 3550 2639 τε

1970 2683 2069 2739 καὶ
2092 2682 2228 2738 ἄλλα
2252 2683 2281 2734 6
2308 2682 2449 2753 ἀνὴρ
2475 2678 2826 2751 διεπράξατο.

2038 2771 2243 2826 Τούτου
2272 2770 2457 2841 θαῦμα
2483 2768 2788 2840 διηγήσατο
2814 2768 2843 2822 6
2865 2764 3139 2837 μακάριος
3180 2762 3499 2825 ’Δθανάσιος
3524 2764 3553 2815 6

1969 2861 2269 2923 ἐπίσκοπος
2342 2855 2783 2927 Ἀλεξανδρείας,
2865 2852 3086 2925 γράψας
3140 2851 3221 2915 εἰς
3270 2850 3363 2904 τὸν
3422 2850 3552 2920 περὶ

1982 2947 2270 3004 Ἀντωνίου
2307 2945 2444 3017 βίον,
2475 2944 2669 3014 ὄτιπέρ
2695 2959 2828 2996 ποτε
2850 2939 3098 3013 μοναχῶν
3130 2937 3555 2993 ἀποσταλέντων

1970 3038 2123 3109 παρά
2166 3035 2455 3091 Ἀντωνίου
2490 3034 2629 3104 πρὸς
2661 3030 2846 3096 αὑτὸν,
2893 3031 2989 3084 καὶ
3024 3027 3336 3098 φωνοῦντες
3366 3026 3551 3080 αὐτόν.

1891 3147 1935 3207 c
1969 3121 2079 3179 Ἦν
2099 3125 2208 3195 γὰρ
2240 3125 2300 3179 ἐν
2324 3125 2391 3194 τῇ
2442 3120 2692 3190 ἐσωτέρα
2728 3118 2922 3190 ἐρήμῳ
2944 3119 2972 3170 6
3014 3116 3322 3181 ’Λντώνιοςο
3374 3114 3463 3178 Ὠς
3496 3113 3556 3168 δέ

1971 3215 2208 3270 ἀπίεσαν
2242 3213 2381 3284 πρὸς
2413 3210 2597 3276 αὑτὸν,
2631 3209 2869 3270 ἀναστὰς
2894 3209 2923 3260 6
2950 3205 3130 3277 γέρων
3161 3202 3557 3275 συνεπορεύετο

1972 3306 2157 3366 αὐτοῖς
2185 3318 2199 3332 ⁸
2252 3302 2335 3355 ὅτι
2365 3296 2742 3371 παρέρχεσθαι
2790 3311 2922 3349 ποτε
2994 3293 3205 3365 μέλλων
3238 3292 3333 3346 τὸν
3377 3291 3557 3345 Λύκον

1974 3392 2219 3461 ποταμὸν
2263 3392 2381 3461 ἅμα
2427 3387 2689 3458 Θεοδώρῳ
2752 3384 2969 3456 μαθητῇ
3021 3382 3212 3449 αὐτοῦ,
3274 3379 3559 3434 εὐλαϐεῖτο

1973 3478 2369 3542 ἀποδύσασθαι,
2394 3476 2483 3529 ῖνα
2513 3476 2587 3545 μὴ
2610 3472 2818 3544 γυμνὸν
2843 3471 3037 3524 ἐαυτὸν
3073 3470 3159 3541 ἴδῃ
3183 3468 3337 3524 ποτέ.
3369 3470 3478 3522 Καὶ
3497 3468 3558 3519 ἐν

1974 3570 2050 3643 τῷ
2071 3570 2354 3640 διαπορεῖν
2374 3566 2537 3619 αὑτὸν
2559 3566 2639 3628 εἰς
2665 3564 2726 3616 τὸ
2747 3562 2921 3633 πέραν
2944 3560 3145 3631 εὑρέθη
3168 3558 3260 3611 τοῦ
3282 3554 3558 3627 ποταμοῦ,

1974 3662 2049 3723 ὼς
2082 3661 2139 3712 ἐν
2168 3658 2424 3711 ἐκστάσει
2453 3654 2702 3724 περάσας
2738 3653 2862 3723 δίχα
2904 3649 3153 3723 πορθμοῦ
3182 3650 3286 3703 ὑπὸ
3307 3648 3559 3718 ἀγγέλων

1978 3746 2347 3817 μετενεχθείς.
2377 3746 2441 3798 Ol
2470 3744 2527 3797 δὲ
2557 3742 2779 3812 ἀδελφοὶ
2808 3739 3069 3812 κολύμϐῳ
3093 3736 3556 3810 διεπόρθμευσαν.

1987 3834 2076 3898 Ὠς
2105 3835 2161 3888 δέ
2187 3821 2522 3905 παρεγένετο
2543 3832 2680 3902 πρὸς
2720 3828 3025 3891 Ἀντώνιον,
3051 3826 3266 3898 πρῶτος
3291 3826 3321 3878 6
3357 3825 3559 3878 ’Λντώ-

1976 3942 2089 3987 νιος
2112 3921 2264 3977 εἶπεν
2294 3923 2431 3994 πρὸς
2470 3921 2654 3975 αὐτόν’
2682 3918 2790 3973 Τοῦ
2816 3917 2951 3970 Θεοῦ
2987 3913 3440 3985 ἀποκαλυψαντός
3467 3929 3559 3984 μοι

1977 4012 2149 4065 πολλὰ
2187 4012 2318 4082 περὶ
2354 4008 2472 4078 σοῦ,
2503 4013 2597 4063 καὶ
2625 4008 2726 4077 τὴν
2779 4005 3070 4077 μετάθεσίν
3095 4020 3188 4056 σου
3216 4003 3560 4075 δηλώσαντός

1982 4120 2096 4174 μοι,
2127 4098 2443 4169 ἀναγκαίως
2486 4116 2546 4152 σε
2581 4097 2721 4167 πρὸς
2752 4095 2993 4166 ἐμαυτὸν
3038 4093 3557 4164 προσεκαλεσάμην,

1979 4191 2069 4244 ἵνα
2096 4189 2343 4259 ἀλλήλων
2369 4186 2802 4250 ἀπολαύσαντες,
2838 4185 2977 4254 ὑπὲρ
3013 4183 3257 4253 ἀλλήλων
3288 4182 3562 4253 πρεσϐεύ-

1980 4294 2187 4348 σωμεν.
2226 4276 2406 4339 Τἀξας
2437 4275 2481 4327 δ’
2525 4274 2686 4326 αὑτὸν
2733 4276 2790 4325 ἐν
2831 4274 2981 4343 τόπῳ
3025 4275 3132 4323 τινὶ
3162 4270 3560 4342 κεχωρισμένῳ

1982 4368 2222 4438 μακρὰν,
2267 4366 2344 4436 μὴ
2399 4365 2703 4434 ἀναχωρεῖν
2741 4361 2952 4415 ἐκεῖθεν
2985 4362 3150 4431 μέχρι
3188 4362 3287 4430 τῆς
3322 4360 3558 4432 μεταθέ-

1983 4473 2121 4521 σεως
2147 4453 2544 4526 προετρέψατο.
2570 4451 2965 4514 Τελειωθέντος
3004 4451 3065 4503 δέ
3091 4450 3259 4505 αὑτοῦ
3288 4452 3430 4504 κατά
3463 4452 3561 4521 μό-

1980 4564 2098 4613 νας,
2141 4548 2247 4602 ῐδεν
2287 4546 2453 4600 αὑτοῦ
2499 4548 2596 4616 τὴν
2619 4544 2801 4613 ψυχὴν
2839 4541 2868 4593 6
2911 4539 3197 4604 Ἀντώνιος
3236 4540 3559 4610 ἀναλαμϐα-

1980 4639 2211 4709 νομένην
2241 4638 2324 4700 εἰς
2367 4636 2458 4691 τὸν
2487 4635 2716 4706 οὐρανὸν
2746 4633 2851 4686 611:6
2889 4631 3159 4701 ἀγγέλων.
3202 4622 3372 4694 Οὗτός
3410 4631 3561 4684 ἐστιν

1980 4733 2007 4782 ό
2044 4725 2263 4796 Ἀμοῦν,
2300 4727 2330 4778 6
2377 4723 2553 4785 οὑτως
2589 4722 2813 4794 βιώσας,
2848 4721 2944 4773 καὶ
2988 4719 3163 4782 οὑτως
3202 4718 3557 4790 τελευτήσας,

1979 4820 2057 4882 ὡς
2102 4819 2194 4871 τὸν
2237 4817 2506 4888 μακάριον
2546 4813 2835 4867 ’Λντώνιον
2882 4810 2978 4881 τὴν
3011 4810 3188 4881 ψυχήν
3222 4810 3389 4865 αὐτοῦ
3432 4811 3562 4863 ἰδεῖν

1980 4910 2086 4963 ὑπὸ
2134 4910 2386 4979 ἀγγέλων
2434 4905 2781 4978 ἀναγομένην
2812 4907 2891 4969 εἰς
2926 4908 3017 4957 τὸν
3067 4901 3318 4973 οὐρανόν.
3359 4901 3562 4954 Τοῦτον

1977 5000 2071 5054 τὸν
2103 4999 2282 5052 Λύκον
2324 4997 2569 5066 ποταμὸν
2602 4995 2740 5065 μετά
2778 4991 2981 5054 δειλίας
3020 4988 3132 5058 ἐγὼ
3156 4988 3389 5061 πορθμῷ
3414 5005 3561 5059 παρη

1980 5089 2142 5161 ῇλθόν
2166 5104 2322 5141 ποτε.
2346 5083 2559 5156 Διώρυξ
2587 5083 2694 5154 γάρ
2726 5084 2843 5135 ἐστι
2866 5081 2962 5134 τοῦ
2988 5078 3229 5150 μεγάλου
3270 5079 3477 5134 Νείλου.

2572 5189 2823 5243 ΚΕΦΛΛ.
2881 5188 2957 5240 ϐ’.

2443 5294 2585 5359 Βίος
2622 5292 2727 5346 τοῦ
2767 5288 2918 5345 ἀϐϐᾶ
2952 5290 3078 5358 "Dp.

2064 5409 2153 5462 Ἐν
2180 5406 2260 5478 τῷ
2288 5406 2404 5477 ὄρει
2434 5404 2608 5474 τούτῳ
2637 5402 2733 5472 τῆς
2761 5399 2992 5472 Νιτρίας
3019 5398 3247 5467 γέγονεν
3288 5393 3430 5464 ἀνήρ
3471 5406 3563 5455 τις

1983 5498 2309 5568 θαυμάσιος,
2345 5495 2495 5550 ἀϐϐᾶ
2538 5493 2640 5566 Ὢρ
2675 5493 2847 5562 ὄνομα
2874 5488 2988 5561 (50)
3022 5487 3194 5557 αὐτῷ,
3222 5484 3421 5554 Πατήρ
3458 5498 3557 5551 μο-

1983 5596 2078 5657 νάς
2106 5594 2244 5664 ἔχων
2268 5589 2512 5659 ἀδελφῶν
2536 5586 2744 5657 χιλίων,
2778 5584 2964 5654 σχῆμα
2994 5580 3216 5651 ἔχοντας
3246 5570 3559 5664 ἀγγελικδν,

1983 5655 2306 5754 ἐνενήκοντα
2337 5655 2432 5751 ἔτη
2462 5655 2568 5731 που
2588 5677 2871 5746 ὑπάρχων,
2920 5670 3019 5725 οὐκ
3046 5666 3352 5724 ἀπεϐάλετο
3375 5655 3563 5754 ἐκ-τοῦ

1986 5750 2227 5844 πλήθους
2269 5770 2363 5824 τοῦ
2409 5750 2682 5839 σώματος,
2726 5761 2975 5833 λαμπρὸς
3025 5761 3164 5826 ἄγαν
3200 5757 3293 5810 καὶ
3341 5750 3561 5825 φαιδρὸς

3028 5864 3031 5865 ⁷
3081 5853 3154 5913 33
