4096 6512
532 339 669 405 1027

1981 338 2330 401 PALLADII

3659 349 3681 413 1
3693 352 3788 416 098

525 455 603 525 τῷ
635 452 933 527 προσώπῳ.
966 456 1041 520 ῶς
1069 454 1163 512 καὶ
1192 446 1477 529 ὁρώμενον
1502 454 1682 526 μόνον,
1712 452 2100 518 δυσωπήσιμον
2131 452 2181 509 Α
2206 454 2388 519 αὑτὸν,
2428 453 2524 509 καὶ
2544 454 2611 510 τὰ
2639 456 2829 527 ἱμάτια
2859 452 3023 515 αὐτοῦ
3046 458 3528 532 ἀποκρυψάμενον,
3559 464 3765 533 ἐλέγξας

526 542 666 600 εῖναι
691 544 782 600 τὸν
823 544 1011 615 ἄνδρα.
1061 540 1228 610 Οὗτος
1260 546 1429 599 πολλὰ
1462 544 1729 616 πρότερον
1755 542 1877 597 καθ’
1913 543 2105 598 ἐαυτὸν

526 634 772 700 ἀσκήσας
797 636 853 687 ἐν
894 636 960 705 τῇ
1005 635 1199 706 ἐρήμῳ
1224 636 1290 705 τῇ
1319 633 1666 704 πορῤωτέρᾳ,
1696 630 1925 703 ὕστερον
1955 631 2013 683 ἐν
2043 633 2108 702 τῇ

526 720 756 793 πλησίον
805 723 997 794 ἐρήμῳ
1028 722 1099 789 τὰ
1144 721 1485 793 μοναστήρια
1527 719 1945 790 συνεκρότησεν,
1991 718 2112 781 ἕλος

526 809 801 880 φυτεύσας
844 810 1031 880 χερσὶν
1078 808 1339 872 οίκείαις,
1389 806 1562 873 ξύλων
1592 807 1691 860 οὐκ
1734 808 1905 861 ὄντων
1950 807 2008 859 ἐν
2033 804 2112 876 τῷ

523 900 695 971 τόπῳ,
746 898 822 963 ώς
863 896 996 965 ὕλην
1038 893 1177 953 εἷναί
1224 913 1347 950 τινα
1402 898 1460 950 ἐν
1507 899 1572 967 τῇ
1626 896 1821 967 ἐρήμῳ
1872 895 2108 966 πυκνήν.

529 988 755 1055 Ἔλεγον
798 986 908 1057 7&9
948 987 1083 1055 ἡμῖν
1120 986 1170 1039 οί
1215 984 1344 1054 περὶ
1368 984 1534 1039 αύτδν
1581 984 1845 1056 Πατέρες,
1870 984 1952 1038 δτι
1987 983 2112 1037 ούδέ

526 1073 759 1141 βλαστὸς
786 1069 854 1144 ἦν
877 1058 979 1127 ὧδέ
1004 1089 1159 1138 ποτε,
1186 1072 1274 1125 ὅτε
1310 1073 1440 1143 πρὶν
1466 1072 1493 1124 ό
1523 1072 1662 1142 ἀνὴρ
1685 1072 1750 1125 ἐκ
1778 1072 1878 1143 τῆς
1901 1072 2110 1142 ἐρήμου

524 1163 860 1235 παρεγένετο
888 1180 904 1197 ·
945 1163 1243 1232 ἐφύτευσεν
1270 1162 1326 1215 δὲ
1369 1161 1531 1224 αὐτὸ,
1588 1161 1676 1215 ῐνα
1726 1163 1801 1231 μὴ
1854 1161 1943 1215 διά
1986 1178 2108 1215 τινα

522 1252 713 1322 χρείαν
743 1253 793 1305 οί
824 1252 1212 1323 συνερχόμενοι
1240 1250 1378 1319 πρὸς
1408 1248 1571 1303 αὐτὸν
1606 1249 1828 1316 ἀδελφοὶ
1858 1250 2105 1317 ἀναγκα-

522 1339 725 1393 σθῶσιν
791 1341 1114 1411 περιάγειν’
1176 1338 1315 1393 ἀλλὰ
1369 1338 1550 1391 πᾶσαν
1606 1337 1864 1406 πρόνοιαν
1924 1336 2109 1392 αὐτῶν

521 1428 777 1493 ἐποιεῖτο,
810 1426 1103 1495 εὐχόμενος
1127 1425 1206 1495 τῷ
1248 1424 1390 1495 Θεῷ,
1423 1426 1515 1477 καὶ
1536 1423 1677 1495 ὑπὲρ
1704 1424 1804 1493 τῆς
1833 1425 2108 1496 σωτηρίας

518 1518 700 1571 αὑτων
728 1516 1149 1587 ἀγωνιζόμενος,
1194 1518 1284 1571 ἵνα
1324 1518 1382 1568 ἐν
1428 1517 1617 1588 μηδενὶ
1663 1516 1956 1569 λείπωνται
1997 1516 2107 1569 τῶν

492 1606 856 1675 ιάνὰγκαίων,
886 1605 981 1659 καὶ
1020 1606 1095 1675 μή
1125 1606 1401 1676 πρόφασις
1422 1604 1605 1668 αύτοῖς
1638 1604 1911 1675 ῥᾳθυμίας
1941 1602 2105 1673 γένη-

515 1695 608 1749 ταί
635 1712 740 1758 τις.
788 1690 957 1757 Οὗτος
991 1696 1048 1747 ἐν
1081 1697 1147 1765 τῇ
1191 1695 1385 1765 ἐρήμῳ
1424 1693 1642 1763 πρῶτον
1667 1692 1890 1759 διάγων,
1917 1690 2103 1761 ήσθιεν

520 1781 619 1853 μὶν
653 1782 881 1853 βοτάνας
911 1783 1005 1835 καὶ⁵
1031 1779 1186 1852 ῥίζας
1219 1782 1509 1849 γλυκείας,
1544 1779 1725 1833 έπινεν
1748 1779 1805 1832 δὲ
1830 1782 1922 1833 καὶ
1957 1778 2103 1853 ὕδωρ
2132 1794 2180 1853 Β

516 1870 607 1923 ὅτε
636 1868 928 1940 ηὕρισκεν,
966 1871 1023 1921 ἐν
1070 1870 1258 1938 εὐχαῖς
1284 1869 1378 1921 καὶ
1408 1867 1597 1937 ὕμνοις
1629 1866 1891 1920 διατελῶν
1924 1866 2105 1921 πάντα

516 1959 610 2012 τὸν
646 1959 860 2030 χρόνον.
924 1958 1011 2022 Ὠς
1052 1959 1108 2011 δὲ
1150 1957 1337 2011 λοιπὸν
1389 1958 1487 2028 τήν
1519 1955 1735 2009 τελείαν
1780 1955 1873 2010 τοῦ
1917 1957 2107 2027 γήρως

519 2047 756 2116 ἔφθασεν
795 2048 1033 2117 ήλικίαν,
1084 2046 1315 2115 ἄγγελος
1342 2046 1492 2115 αὐτῷ
1522 2045 1773 2115 φαίνεται
1816 2047 1937 2099 κατ’
1974 2044 2107 2114 δναρ

518 2137 577 2188 ἐν
616 2138 683 2206 τῇ
715 2136 930 2207 ἐρήμῳ,
974 2136 1171 2203 λέγων,
1221 2134 1301 2187 ὅτι
1344 2134 1489 2206 Ἔσῃ
1524 2134 1604 2196 είς
1631 2133 1783 2197 ἔθνος
1821 2132 1982 2201 μέγα,
2012 2134 2106 2185 καὶ

517 2224 689 2278 πολὺν
705 2223 835 2277 λαὸν
877 2222 1237 2294 πιστευθήσῃ,
1283 2220 1496 2275 ἔσονται
1521 2223 1577 2275 δὲ
1608 2222 1655 2273 οἱ
1687 2220 1987 2290 σωζόμενοι
2018 2220 2107 2275 διὰ

523 2310 618 2365 σοῦ
663 2310 898 2380 χιλιάδες
932 2310 1096 2363 δέκα·
1141 2309 1349 2380 οὕσπερ
1390 2298 1485 2362 ἐὰν
1540 2308 1772 2363 ἐνταῦθα
1812 2310 2103 2382 κερδήσης,

517 2397 791 2451 τοσούτων
822 2396 991 2466 ἄρξῃς
1024 2397 1083 2449 ἐν
1109 2394 1186 2465 τῷ
1216 2395 1372 2447 αἰῶνι
1402 2394 1480 2463 τῷ
1505 2394 1767 2464 μέλλοντι.
1799 2394 1910 2448 Καὶ¹
1936 2395 2105 2465 μηδὲν

517 2486 813 2549 διστάσεις,
836 2485 1003 2555 φησὶν
1022 2488 1049 2537 6
1079 2484 1309 2552 ἄγγελος
1334 2484 1471 2553 πρὸς
1496 2483 1676 2538 αὐτόν.
1696 2484 1965 2537 Οὐδέποτε
1998 2484 2106 2556 γάρ

516 2591 605 2628 σοι
634 2573 810 2643 λείψει
841 2574 950 2628 τῶν
997 2574 1135 2646 πρὸς
1164 2573 1260 2644 τὴν
1296 2572 1509 2644 χρείαν,
1542 2573 1671 2644 ἄχρι
1709 2575 1808 2642 τῆς
1841 2573 2106 2643 τελευτῆς

520 2679 653 2727 σου,
695 2661 888 2724 ὁσάκις
929 2661 994 2714 ἂν
1032 2660 1337 2734 ἐπικαλέσῃ
1381 2660 1474 2713 τὸν
1514 2660 1669 2714 Θεόν.
1719 2659 1906 2714 Ταῦτα
1937 2661 2107 2715 ἀκού-

522 2765 654 2814 σας,
702 2751 796 2804 ἐπὶ
829 2751 927 2819 τὴν
961 2748 1186 2820 πλησίον
1216 2748 1425 2820 ἔρημον
1450 2747 1735 2819 ὥρμησεν,
1790 2749 2105 2819 καταμόνας

519 2838 740 2909 πρῶτον
768 2837 970 2905 διάγων
993 2854 1005 2866 ·
1054 2835 1311 2889 καλύϐιον
1343 2834 1451 2907 7&9
1483 2835 1679 2906 μικρόν
1715 2840 1768 2888 τι
1796 2835 1972 2907 ἐαυτῷ
2006 2854 2105 2891 κα-

518 2926 868 2987 τασκευάσας
889 2965 902 2989 ,
933 2924 1187 2993 λαχάνοις
1219 2922 1494 2985 συνθέτοις
1534 2924 1693 2994 μόνον
1726 2924 2068 2994 ἀρκούμενος
2088 2966 2102 2988 ,

519 3012 781 3075 πολλάκις
809 3012 865 3065 δὲ
894 3011 989 3064 καὶ
1019 3011 1086 3064 δι’
1113 3011 1411 3080 ἑϐδομάδος
1446 3010 1615 3081 μόνης
1643 3012 2101 3083 μεταλαμϐάνων,

2215 542 2378 596 αὑτὸν
2409 543 2503 597 ἐπὶ
2535 545 2773 611 πάντων,
2806 547 2887 611 είς
2924 548 3089 618 μέσον
3122 550 3191 603 τά
3234 551 3351 621 εῖδη
3392 555 3782 622 προσήνεγκεν*

2215 630 2355 686 ὥστε
2387 634 2587 703 μηκέτι
2616 635 2827 707 τολμᾷν
2859 654 2981 693 τινα
3011 640 3105 692 ἐπὶ
3130 640 3298 695 αύτοῦ
3320 641 3635 712 ψεύδεσθαι,
3666 661 3782 697 τοσ-

2212 718 2387 787 αύτην
2415 720 2579 792 χάριν
2606 723 2808 794 ἀρετῆς
2841 723 3080 796 ἔχοντος,
3119 727 3186 798 ήν
3212 728 3301 781 διὰ
3329 731 3432 798 τῆς
3478 729 3670 801 πολλῆς
3695 732 3784 785 καὶ

2215 805 2387 877 καλῆς
2421 807 2700 873 πολιτείας
2741 811 2893 882 αὐτῷ
2933 813 3274 881 συνελέξατο.
3314 811 3426 868 Ἦν
3466 816 3526 870 δέ
3562 817 3681 871 ίδεῖν
3724 818 3781 871 τὸ

2215 895 2418 965 πλῆθος
2446 895 2556 949 τῶν
2586 898 2685 951 σὺν
2714 898 2863 969 αύτῷ
2906 901 3158 971 μοναχῶν
3186 903 3259 962 ἐνῗ
3283 906 3347 974 τῇ
3377 903 3646 974 ἐκκλησίᾳ
3666 946 3679 970 ,
3710 906 3781 969 ὡς

2213 982 2470 1053 ἀγγέλων
2500 987 2699 1056 χοροὺς
2732 986 3045 1056 ὑμνούντων
3078 990 3169 1042 τὸν
3195 990 3347 1044 Θεόν.

2280 1065 2353 1143 ’ᾩ
2408 1072 2611 1143 πολλὴν
2659 1076 3107 1147 προσεμαρτύρει
3161 1077 3364 1148 ἀρετὴν
3418 1080 3570 1134 πᾶσα
3614 1080 3706 1150 μὲν
3750 1082 3785 1150 ή

2212 1160 2533 1233 ἀδελφότης,
2574 1162 2867 1233 ἐξαιρέτως
2898 1165 2955 1218 δέ
2997 1167 3030 1235 ή
3076 1165 3362 1236 ἄνθρωπος
3389 1167 3486 1221 τοῦ
3512 1166 3647 1220 Θεοῦ
3676 1168 3787 1222 Ms-

2211 1249 2370 1320 λάνη,
2402 1250 2511 1321 πρὸ
2556 1250 2692 1321 ἐμοῦ
2722 1250 3044 1305 εἰσελθοῦσα
3082 1254 3162 1315 είς
3186 1252 3346 1306 τοῦτο
3372 1254 3434 1307 τὸ
3464 1254 3612 1325 ὅρος.
3651 1256 3789 1325 Ἐγὼ

2210 1339 2321 1409 7&9
2353 1339 2517 1392 αὑτὸν
2546 1339 2607 1393 ού
2641 1339 2944 1412 κατείληφα
2975 1340 3173 1406 ζῶντα.
3207 1340 3396 1396 Ταῦτα
3429 1342 3488 1396 δέ
3525 1343 3704 1412 ἔλεγεν
3731 1346 3792 1398 ἐν

2209 1429 2322 1487 τοῖς
2346 1425 2683 1497 διηγήμασιν
2703 1427 3173 1497 άνδραγαθήματα
3199 1429 3293 1482 τοῦ
3319 1429 3539 1500 ἀνδρὸς.
3562 1430 3643 1483 ὅτι
3669 1432 3789 1485 οὕτε

2209 1513 2477 1582 ἐψεύσατό
2511 1530 2663 1579 ποτε,
2693 1512 2814 1568 οὕτε
2848 1516 3063 1585 ὤμοσεν
3082 1555 3097 1579 ,
3123 1516 3248 1569 οὕτε
3277 1519 3628 1588 κατηράσατό
3652 1536 3793 1584 τινι,

2207 1603 2330 1659 οὕτε
2362 1602 2518 1668 ἐκτὸς
2546 1604 2734 1675 χρείας
2763 1604 3022 1676 ἐλάλησέν
3048 1604 3101 1658 τί
3140 1622 3292 1659 ποτε.

2828 1725 3077 1782 ΚΕΦΑΛ.
3120 1725 3174 1780 l'.

2803 1836 2937 1905 Περί
2973 1837 3207 1906 Παμόώ.

2279 1942 2483 1997 Τούτου
2534 1941 2628 1998 τοῦ
2674 1942 2833 2017 ὅρους
2866 1947 3081 2014 ἐγένετο
3129 1948 3391 2021 πάροικος
3444 1949 3474 2002 ὀ
3520 1950 3787 2019 μακάριος

2211 2032 2450 2103 Παμϐὼ,
2487 2033 2807 2097 διδάσκαλος
2859 2038 3150 2108 Διοσκόρου
3190 2038 3279 2091 τοῦ
3332 2040 3670 2101 ἐπισκόπου,
3702 2040 3790 2092 καὶ

2224 2122 2561 2193 Ἀμμωνίου,
2611 2123 2707 2177 καὶ
2740 2124 3027 2190 Εύσεϐίου,
3059 2126 3153 2179 καὶ
3194 2127 3470 2198 Εύθυμίου
3498 2127 3612 2180 τῶν
3644 2128 3791 2182 ἀδελ-

2212 2211 2352 2281 φῶν,
2402 2212 2496 2265 καὶ
2536 2212 2845 2282 Ὠριγένους
2884 2213 2977 2267 τοῦ
3012 2214 3293 2284 ἀδελφιδοῦ
3334 2218 3665 2287 Δρακοντίω
3704 2218 3794 2270 άν-

2207 2300 2332 2373 δρδς
2358 2301 2569 2367 ἐνδόξου
2615 2300 2710 2353 καὶ
2746 2300 3081 2372 θαυμαστοῦ.
3120 2298 3291 2366 Οὗτος
3320 2305 3349 2357 6
3383 2303 3601 2374 Παμϐὼ
3630 2304 3795 2358 πολλὰ

2213 2390 2312 2460 μὲν
2350 2388 2446 2442 καὶ
2495 2387 2707 2458 μεγάλα
2758 2384 2903 2458 εἶχεν
2942 2390 3413 2461 ἀνδραγαθήματα
3452 2392 3550 2444 καὶ
3598 2410 3795 2463 προτε-
3852 2432 3855 2437 ι

2195 2478 2278 2549 φή
2289 2494 2434 2548 ματα
2456 2476 2683 2529 πλεῖστα
2700 2476 2794 2530 καὶ
2809 2476 3060 2548 διάφορα’
3085 2479 3142 2530 ἐν
3162 2472 3243 2541 οἷς
3258 2479 3531 2533 καὶτοῦτο
3546 2481 3713 2534 αὑτοῦ
3731 2477 3794 2550 ἦν

2209 2565 2595 2635 πλεονέκτημα
2628 2564 2685 2617 ἐν
2715 2566 2827 2627 τοῖς
2861 2565 3117 2635 μεγάλοις
3147 2562 3311 2619 αὐτοῦ
3346 2567 3792 2639 κατορθώμασιν·

2208 2651 2465 2706 τοσοῦτον
2516 2648 2584 2724 ἦν
2623 2650 2940 2721 ὑπερόπτης
2973 2653 3199 2722 χρυσίου
3234 2654 3328 2706 καί⁵
3354 2655 3645 2725 ἀργυρίου,
3674 2657 3796 2711 ὅσον

2212 2742 2411 2815 ἀπῄτει
2462 2744 2489 2795 6
2536 2738 2865 2803 Δεσποτικδς
2906 2739 3084 2805 λόγος.
3134 2741 3220 2794 Ἐν
3250 2736 3330 2805 οἷς
3363 2742 3604 2812 διηγεῖτό
3629 2762 3721 2815 μοι
3761 2746 3795 2815 ή

2210 2832 2458 2902 μακαρία
2506 2829 2749 2899 Μελάνη,
2784 2829 2864 2882 ὃτι
2903 2828 2993 2882 Ἐν
3025 2830 3219 2899 ἀρχαῖς
3262 2834 3677 2903 παραγινομένη
3719 2836 3800 2898 είς

2206 2922 2304 2994 τὴν
2346 2920 2756 2993 Ἀλεξάνδρειαν
2802 2917 2911 2973 ἀπὸ
2950 2919 3052 2989 τῆς
3092 2917 3308 2991 Ῥώμης
3331 2962 3345 2985 ,
3383 2922 3480 2974 καὶ
3512 2922 3798 2978 ἀκούσασα

2210 3011 2339 3080 περὶ
2392 3011 2490 3080 τῆς
2520 3007 2711 3062 τούτου
2752 3008 2988 3079 ἀρετῆς,
3041 3007 3138 3061 τοῦ
3185 3010 3456 3081 μακαρίου
3523 3012 3798 3083 Ἰσιδὼρου

517 3101 885 3171 ἀγράμματος
925 3100 1024 3169 μὲν
1072 3098 1150 3151 ῶν
1206 3097 1266 3151 τὸ
1296 3098 1514 3168 πρῶτον
1538 3137 1553 3163 ,
1587 3100 1777 3171 ἐπειδὴ
1816 3100 1872 3155 δὲ
1910 3103 1974 3154 ἐκ
2006 3102 2105 3171 τῆς
2135 3142 2175 3193 C
2208 3097 2303 3154 τοῦ
2356 3097 2736 3170 πρεσϐυτέρου
2778 3099 2875 3193 καὶ
2920 3096 3204 3193 ξενοδόχου
3240 3100 3370 3170 περὶ
3400 3099 3568 3154 αὑτοῦ
3600 3118 3691 3171 μοι
3720 3103 3799 3154 δι-

515 3189 729 3259 ἐρήμου
753 3188 833 3250 εἱς
854 3187 950 3257 τὴν
974 3185 1300 3256 οἰκουμένην
1325 3186 1546 3257 ήρχετο,
1574 3189 1731 3257 χάρις
1754 3189 1901 3260 αύτῷ
1923 3189 2106 3242 θεόθεν
2135 3177 2175 3195 “
2208 3187 2581 3259 ηγησαμένου,
2634 3185 2730 3239 καὶ
2772 3184 3139 3254 ὀδηγήσαντος
3166 3186 3304 3256 πρὸς
3361 3187 3524 3241 αύτδν
3578 3188 3659 3251 είς
3702 3189 3800 3257 τὴν

514 3275 739 3337 δίδοται,
776 3275 869 3326 καὶ
890 3272 987 3335 τὰς
1010 3272 1235 3343 Γραφάς
1266 3273 1465 3339 ἔξωθεν
1490 3274 1875 3344 άπεστήθιζεν.
1899 3274 2106 3329 Ἐπιδο-

516 3362 703 3423 θέντος
735 3360 845 3432 7&9
878 3359 1028 3429 αὐτῷ
1052 3359 1260 3429 βιϐλίου
1297 3361 1445 3431 παρὰ
1474 3361 1584 3413 τῶν
1604 3360 1868 3431 ἀδελφῶν,
1902 3362 1978 3427 ώς
2007 3362 2108 3434 ἐμ-

516 3466 705 3521 πειρος
729 3448 842 3502 τῶν
872 3448 1242 3518 γραμμάτων,
1273 3448 1447 3513 οὕτως
1476 3449 1663 3504 λοιπόν
1712 3451 2103 3520 ἀνεγίνωσκεν.

516 3538 743 3609 Είλήφει
780 3538 838 3592 δὲ
878 3536 973 3591 καὶ
1012 3537 1207 3607 ἐτέραν
1250 3537 1443 3607 χάριν,
1488 3538 1587 3609 τὴν
1639 3538 1782 3593 κατὰ
1837 3540 2108 3611 δαιμόνων

518 3630 776 3683 ἐλασίαν·
809 3629 884 3692 ὡς
913 3628 1142 3690 πολλοὺς
1175 3628 1285 3681 τῶν
1319 3628 1641 3698 πασχόντων
1672 3632 1768 3683 καὶ
1798 3629 1874 3702 μὴ
1920 3630 2108 3701 βουλο-

519 3718 715 3791 μένους
756 3718 955 3779 αὐτοὺς
1000 3718 1279 3787 παριστᾷν
1320 3715 1562 3786 βοῶντας
1602 3718 1770 3771 αὑτοῦ
1823 3720 1921 3790 τὴν
1958 3719 2109 3773 πολι-

513 3806 669 3860 τείαν
710 3824 724 3838 ο
777 3804 952 3868 ίάσεις
995 3820 1053 3856 τε
1084 3806 1181 3868 τὰς
1203 3803 1369 3867 ἄλλας
1396 3805 1664 3859 ἐπιτελῶν
1702 3808 1803 3860 ούκ
1835 3808 2069 3875 ἐπαύετο
2093 3849 2107 3875 ,

515 3897 592 3959 ώς
628 3892 962 3964 συναχθῆναι
995 3892 1132 3963 πρὸς
1173 3894 1339 3948 αὐτὸν
1373 3897 1645 3965 μοναχοῦς
1675 3899 1823 3967 τρεῖς
1844 3896 2107 3966 χιλιάδας.

528 3983 676 4037 Ἰδὼν
726 3984 769 4036 δ’
816 3982 968 4053 ἡμᾶς
1020 3984 1049 4033 6
1091 3981 1231 4053 ἀνὴρ
1261 4024 1275 4045 ,
1321 3982 1415 4035 καὶ
1454 3985 1761 4055 περιχαρὴς
1796 3985 2108 4055 γενόμενος,

516 4072 807 4142 ἠσπάσατο
845 4070 940 4125 καὶ
976 4069 1402 4140 περιεπτύξατο.
1455 4069 1635 4139 Νίψας
1675 4071 1731 4123 δὲ
1761 4075 1888 4135 τοὺς
1941 4073 2110 4137 πόδας

517 4159 676 4230 ήμῶν
712 4160 900 4229 χερσὶν
954 4157 1207 4220 οἰκείαις,
1242 4157 1381 4226 πρὸς
1424 4157 1781 4210 διδασκαλίαν
1824 4159 2106 4230 ἐτρέπετο.

522 4249 825 4319 Ἔμπειρος
847 4248 956 4317 7&9
981 4243 1047 4316 ἦν
1068 4247 1188 4299 λίαν
1212 4246 1321 4299 τῶν
1339 4247 1377 4299 Γ
1384 4248 1593 4315 ραφῶν,
1621 4246 1804 4301 θεόθεν
1828 4248 1926 4319 τὴν
1949 4249 2111 4320 χάριν

518 4336 723 4405 ταύτην
764 4335 1079 4405 δεξάμενος.
1135 4334 1315 4386 Πολλά
1368 4334 1425 4387 δὲ
1464 4334 1574 4390 τῶν
1638 4335 1871 4406 Γραφῶν
1941 4338 2111 4402 λύσας

518 4425 652 4493 ἡμῖν
687 4423 981 4490 κεφάλαια,
1022 4423 1117 4475 καὶ
1145 4422 1243 4493 τὴν
1276 4422 1557 4493 ὀρθόδοξον
1589 4424 1774 4477 πίστιν
1806 4426 2105 4496 παραδοὺς,

519 4513 614 4565 ἐπὶ
637 4512 736 4574 τὰς
758 4510 923 4581 εύχὰς
952 4513 1343 4583 προετρέπετο.
1376 4512 1535 4573 Ἐθος
1553 4512 1662 4581 7&9
1684 4515 1794 4575 τοῖς
1827 4514 2103 4583 μεγάλοις,

522 4600 598 4669 μή
634 4598 918 4669 προῖεσθαί
950 4616 1003 4651 τι
1034 4598 1134 4668 τῆς
1163 4599 1367 4669 σαρκὸς
1388 4640 1402 4662 ,
1438 4602 1568 4667 πρὶν
1603 4600 1701 4670 τὴν
1727 4605 2108 4675 πνευματικὴν

518 4689 730 4759 τροφὴν
750 4691 816 4759 τῇ
843 4690 989 4759 ψυχῇ
1021 4688 1363 4759 παραδοῦναι
1380 4704 1393 4717 ·
1433 4689 1572 4760 αὕτη
1600 4690 1656 4743 δέ
1680 4693 1828 4744 ἐστιν
1853 4692 1947 4744 τοῦ
1971 4694 2012 4745 Χ
2023 4710 2105 4763 ρι-

522 4776 652 4830 στοῦ
696 4777 973 4830 κοινωνία.
1015 4777 1435 4842 Μεταλαϐόντες
1469 4778 1562 4831 οῦν
1582 4779 1785 4849 ταύτης
1824 4781 1918 4835 καὶ
1941 4783 2108 4851 εὐχα-

520 4868 901 4937 ριστήσαντες,
954 4866 1045 4919 ἐπὶ
1091 4868 1190 4934 τὴν
1223 4868 1503 4939 τράπεζαν
1544 4868 1917 4939 προετρέπετο
1950 4866 2107 4934 αὖθις

520 4959 689 5027 ἡμᾶς,
726 4956 889 5019 αὐτὸς
917 4957 1005 5009 ἀεὶ
1026 4958 1135 5010 τῶν
1163 4958 1467 5012 σπουδαίων
1492 4958 1949 5031 ὑπομιμνήσκων,
1975 4964 2106 5015 καθ-

519 5049 724 5116 ήμενος
782 5046 879 5100 καὶ
923 5046 1099 5115 λέγων
1136 5048 1271 5117 ήμῖν
1325 5048 1392 5101 τὰ
1445 5048 1581 5115 πρὸς
1632 5050 1933 5121 σωτηρίαν.
1998 5045 2107 5106 Ἦν

524 5136 653 5205 γοῦν
683 5137 925 5199 τοιοῦτος
959 5139 987 5189 6
1012 5138 1153 5205 ἀνὴρ
1186 5136 1429 5201 ἐπίδοξος
1458 5141 1513 5190 ἐν
1540 5138 1755 5204 πολλοῖς
1786 5141 2067 5211 Πατρὰσιν
2086 5161 2103 5175 ·

518 5226 592 5290 ὼς
634 5224 847 5278 πολλῶν
898 5224 1152 5295 μοναχῶν
1196 5227 1330 5295 πρὸς
1353 5226 1515 5278 αὑτὸν
1540 5226 1871 5297 ἐρχομένων,
1897 5230 2105 5293 πάντας

520 5315 650 5376 τοὺς
728 5312 1006 5384 παρόντας
1065 5312 1331 5382 ἀδελφοὺς
1378 5314 1843 5384 συγκαλούμενον,
1886 5318 1947 5370 ἐν
2005 5321 2106 5390 μιᾷ

518 5402 702 5474 ἡμέρα
731 5401 801 5454 τά
836 5402 1023 5453 κελλία
1058 5404 1243 5465 αὐτοῖς
1273 5406 1470 5467 ποιεῖν,
1508 5403 1601 5456 τοῦ
1636 5404 1734 5474 μὲν
1777 5406 1948 5475 πηλὸν
1979 5408 2100 5460 ἐπι-

517 5490 782 5555 διδόντος,
813 5490 908 5542 τοῦ
935 5489 992 5541 δέ
1022 5490 1262 5550 πλίνθον.
1306 5491 1467 5545 ἄλλου
1502 5491 1557 5545 δέ
1588 5491 1731 5564 ὕδωρ
1762 5494 2099 5559 άντλοῦντος,

517 5576 679 5631 ἄλλου
722 5579 778 5631 δὲ
823 5577 957 5644 ξύλα
1011 5579 1324 5643 κόπτοντος.
1362 5581 1473 5634 Καὶ
1508 5582 1981 5637 ἀποτελεσθέντων
2005 5584 2102 5636 αύο

515 5667 629 5728 τοῖς
672 5666 781 5719 τῶν
828 5666 1071 5732 κελλίων,
1115 5668 1276 5731 αὐτὸς
1322 5670 1423 5731 τὰς
1474 5670 1662 5740 χρείας
1704 5672 1937 5741 ἐπήρκει
1987 5676 2101 5735 τοῖς

517 5755 855 5823 ἐρχομένοις.
904 5749 1074 5821 Οὗτος
1118 5756 1479 5827 ψευδάδελφόν
1533 5773 1662 5813 ποτε
1696 5759 1920 5815 ἐλθόντα
1966 5763 2099 5831 πρὸς

2208 3276 2435 3347 ἔρημον.
2482 3274 2566 3327 δτι
2596 3273 2952 3346 προσήνεγκα
2984 3271 3132 3343 αύτῷ
3163 3272 3533 3345 ἀργενταρίαν
3578 3292 3801 3347 τριακο-

2212 3368 2341 3419 σίων
2384 3363 2585 3434 λιτρῶν
2614 3360 2884 3434 άργύρου,
2916 3361 3351 3432 παρακαλέσασα
3388 3362 3554 3416 αὐτὸν
3592 3365 3656 3416 ἐκ
3690 3366 3801 3417 τῶν

2211 3451 2553 3524 πραγμάτων
2596 3467 2698 3520 μου
2744 3451 3058 3520 μετασχεῖν.
3108 3448 3167 3503 '0
3196 3449 3277 3515 δέ,
3310 3451 3467 3520 φησὶ,
3496 3450 3803 3521 καθεζόμεη

2212 3559 2320 3605 νος,
2358 3542 2449 3593 καὶ
2485 3538 2700 3591 πλέκων
2734 3536 2964 3600 θαλλοὺς
2986 3578 3000 3603 ,
3030 3536 3337 3608 ηὐλόγησέν
3378 3555 3443 3609 με
3474 3542 3624 3609 φωνῇ
3656 3543 3801 3613 μόνῃ

2211 3630 2412 3685 εἰπών’
2464 3629 2524 3683 Ὀ
2557 3629 2689 3692 Θεὸς
2717 3628 2877 3681 δώσει
2906 3645 2987 3681 σοι
3017 3627 3110 3681 τὸν
3142 3628 3350 3699 μισθόν.
3395 3630 3504 3682 Καὶ
3536 3630 3685 3698 λέγει
3720 3631 3801 3699 τῷ

2212 3721 2482 3791 οἰκονόμῳ
2537 3718 2703 3772 αὐτοῦ
2765 3717 3031 3789 Ὠριγένει
3058 3733 3075 3753 ο
3106 3717 3265 3785 Δέξαι
3320 3720 3414 3772 καὶ
3438 3721 3804 3791 οίκονόμησον

2212 3810 2352 3863 αὐτὰ
2382 3810 2517 3863 πᾶσι
2544 3810 2657 3870 τοῖς
2690 3806 2831 3862 κατὰ
2864 3806 3091 3875 Λιϐύην,
3124 3807 3219 3861 καὶ
3240 3810 3353 3871 τοῖς
3376 3811 3433 3862 ἐν
3463 3812 3583 3872 ταῖς
3613 3810 3804 3879 νήσοις

2212 3896 2458 3965 ἀδελφοῖς
2480 3912 2494 3927 ο
2544 3893 2716 3947 ταῦτα
2752 3894 2861 3965 7&9
2896 3894 2963 3948 τά
3014 3898 3351 3967 μοναστήρια
3381 3896 3602 3951 πένεται
3636 3899 3803 3951 πλέον

2213 3984 2366 4056 παρὰ
2413 3985 2479 4038 τὰ
2520 3983 2692 4039 ἄλλα·
2745 3985 3127 4054 παραγγείλας
3178 3985 3326 4056 αὐτῷ
3362 3987 3552 4056 μηδενὶ
3593 3988 3701 4040 τῶν
3744 3990 3804 4040 ἐν

2212 4074 2474 4145 Αἰγύπτῳ
2498 4073 2680 4127 δοῦναι
2700 4073 2794 4127 ἀπ’
2816 4074 3029 4127 ἐκείνου
3050 4073 3143 4127 τοῦ
3175 4075 3473 4145 χρήματος,
3504 4076 3591 4130 διά
3623 4076 3683 4127 τὸ
3707 4078 3801 4128 εύ-

2216 4163 2541 4234 πορωτέραν
2569 4159 2707 4214 εἶναι
2733 4160 2831 4231 τὴν
2857 4162 3064 4232 χώραν.
3101 4161 3245 4229 Ἐγὼ
3265 4161 3342 4226 δὲ,
3367 4164 3554 4231 φησὶν,
3584 4164 3802 4217 ἑστῶσα

2212 4250 2536 4321 ἐξεδεχόμην
2581 4250 2712 4319 παρ’
2741 4248 2909 4302 αὐτοῦ
2943 4250 3218 4317 εὐλογίαις
3258 4250 3657 4321 τιμηθῆναι,ἦ
3696 4252 3803 4305 κᾶν

2212 4340 2359 4410 λόγῳ
2390 4336 2719 4407 δοξασθῆναι
2750 4336 2842 4390 ἐπὶ
2887 4340 2954 4408 τῇ
2988 4337 3222 4410 τοσαύτῃ
3271 4338 3435 4391 δόσει.
3471 4339 3581 4391 Καὶ
3631 4342 3800 4409 μηδὲν

2213 4429 2348 4493 ὅλως
2381 4428 2510 4497 παρ’
2542 4424 2709 4479 αὑτοῦ
2732 4425 3048 4490 ἀκούσασα,
3075 4421 3228 4479 εἷπον
3257 4426 3404 4496 αύτῴ
3426 4467 3441 4491 ,
3472 4428 3558 4480 ὅτι
3598 4428 3799 4497 Κύριε,

2215 4517 2300 4569 ἵνα
2320 4515 2436 4585 ἴδῃς
2460 4512 2624 4566 πόσον
2646 4514 2812 4576 ἐστὶν,
2842 4512 3151 4580 τριακόσιαι
3170 4510 3348 4581 λίτραι
3369 4509 3615 4583 ἀργύρου
3637 4516 3797 4565 εἰσίν.

2222 4608 2283 4660 '0
2308 4607 2363 4659 δέ
2389 4604 2553 4658 πάλιν
2574 4604 2668 4656 καὶ
2695 4603 2787 4655 ἐπὶ
2803 4601 2976 4671 τούτῳ
3002 4603 3126 4673 μηδ’
3147 4601 3283 4663 ὅλως
3299 4603 3621 4666 ἀνανεύσας,
3642 4604 3675 4674 ἦ
3694 4606 3803 4657 κᾶν

2210 4694 2495 4766 προσεχὼν
2515 4692 2593 4761 τῷ
2626 4691 2807 4744 σκεύει
2846 4691 2945 4761 τῆς
2982 4690 3177 4761 θήκης,
3220 4690 3553 4761 ἀπεκρίνατό
3591 4709 3702 4761 μοι,
3732 4687 3802 4763 ’ῼ

2210 4784 2466 4852 ἐνήνοχας
2492 4780 2643 4847 αὐτὸ,
2660 4779 2870 4844 τέκνον,
2890 4780 3043 4850 παρὰ
3073 4778 3166 4832 σοῦ
3194 4779 3382 4849 μαθεῖν
3406 4780 3504 4849 τὴν
3524 4782 3801 4849 ποσότητα

2208 4872 2301 4925 τοῦ
2332 4871 2573 4942 σταθμοῦ
2606 4871 2796 4942 χρείαν
2827 4870 2929 4923 ούκ
2965 4869 3102 4939 ἔχει.
3134 4868 3193 4924 '0
3214 4870 3321 4939 7&9
3349 4870 3416 4922 τὰ
3450 4870 3552 4941 δρη
3574 4873 3799 4942 σταθμῐ-

2211 4979 2330 5027 σας,
2354 4962 2445 5014 καὶ
2471 4960 2571 5023 τὰς
2598 4961 2775 5021 νάπας
2808 4960 3010 5028 στήσας
3037 4956 3209 5028 ζυγῷ,
3248 4957 3431 5027 πολλῷ
3477 4959 3641 5011 πλέον
3682 4964 3801 5013 ἐπί-

2209 5068 2400 5105 σταται
2432 5049 2531 5119 τὴν
2557 5047 2830 5119 ποσότητα
2864 5047 2959 5100 τοῦ
3004 5048 3268 5119 ἀργύρου.
3315 5048 3379 5098 Εί
3408 5047 3506 5116 μὲν
3536 5049 3646 5117 7&9
3675 5049 3799 5117 ἐμοὶ

2208 5140 2369 5193 αὑτὸν
2393 5139 2597 5205 ἐδίδως,
2632 5138 2817 5201 καλῶς
2846 5138 2913 5191 ἄν
2945 5155 3034 5208 μοι
3063 5138 3156 5192 καὶ
3184 5137 3273 5190 τὸν
3306 5137 3548 5207 σταθμὸν
3577 5137 3795 5205 ἔλεγες·

2208 5229 2324 5283 εἰδὲ
2348 5228 2425 5298 τῷ
2446 5227 2567 5297 Θεῷ
2590 5229 2726 5281 αὐτὰ
2756 5228 3158 5299 προσήνεγκας,
3183 5226 3260 5297 τῷ
3284 5228 3379 5279 καὶ
3408 5228 3533 5290 τοὺς
3558 5227 3653 5281 δύο
3684 5229 3801 5279 (ῤϐοο

2209 5320 2333 5382 λοὺς
2370 5318 2445 5389 μὴ
2467 5316 2772 5385 παριδόντι,
2798 5317 2934 5370 ἀλλὰ
2957 5315 3119 5371 πλέον
3146 5316 3365 5369 πάντων
3390 5314 3613 5379 τούτους
3637 5320 3801 5387 τιμῆ-

2208 5424 2383 5469 σαντι,
2403 5406 2605 5470 σιώπα,
2620 5402 3078 5475 ἡσύχαζε.οὕτως
3101 5398 3193 5457 οῦν
3211 5403 3587 5474 ᾠκονόμησεν,
3606 5420 3798 5472 φησιν,

2211 5499 2243 5565 ἡ
2272 5495 2433 5565 χάρις
2464 5494 2559 5546 τοῦ
2591 5492 2797 5563 Κυρίου
2824 5496 2881 5546 ἐν
2916 5492 2995 5562 τῷ
3029 5492 3291 5546 είσελθεῖν
3333 5508 3399 5561 με
3448 5492 3528 5553 εἰς
3559 5484 3629 5544 τὸ’
3649 5492 3796 5560 ὅρος.

2207 5583 2340 5637 Μετ’
2369 5581 2547 5651 ὀλίγον
2587 5581 2779 5653 χρόνον
2806 5580 3135 5651 κεκοίμηται
3173 5580 3201 5632 ὁ
3226 5579 3518 5650 ἄνθρωπος
3545 5579 3681 5632 Θεοῦ
3717 5583 3794 5651 μὴ

2206 5672 2460 5743 νοσήσας,
2506 5672 2581 5741 μὴ
2634 5670 2881 5741 ἀλγήσας
2930 5686 2983 5722 τι
3027 5669 3133 5723 τῶν
3166 5670 3260 5722 τοῦ
3305 5669 3557 5740 σώματος
3593 5669 3795 5738 μελᾶν,

2205 5760 2341 5815 ἀλλὰ
2378 5760 2478 5831 τὴν
2504 5758 2739 5830 σπυρίδα
2770 5758 3139 5830 καταράπτων
3169 5758 3556 5827 μετεστείλατό
3584 5775 3672 5827 με,
3700 5764 3796 5811 καί
