4060 6532
290 334 311 387 Ι
324 327 427 383 029

288 456 403 503 erat
431 444 572 500 enim
602 440 746 495 vultu
770 436 936 492 nitido
955 440 1016 489 et
1042 432 1155 486 alae

293 541 399 595 lum
447 533 738 594 videretur,
770 529 853 582 vir
898 531 1041 581 esset
1086 518 1427 576 reverendus.
1472 516 1519 569 Is
1549 530 1670 570 cum
1708 516 1862 581 longe

294 638 417 684 ante
438 628 503 681 se
529 624 580 678 in
613 621 864 677 ulteriore
895 614 1223 672 exercuisset
1249 607 1554 670 solitudine,
1589 614 1776 676 postea
1809 606 1862 657 in

295 716 530 785 propiori
579 708 864 769 solitudine
905 702 1248 774 congregavit
1294 697 1649 761 monasteria,
1675 693 1865 761 palude

295 810 523 882 propriis
551 808 783 878 plantata
829 800 1094 860 manibus,
1125 811 1246 851 cum
1279 794 1420 863 ligna
1462 804 1569 844 non
1601 796 1783 844 essent
1814 787 1865 839 in

295 919 362 958 eo
385 903 523 967 loco,
547 898 681 952 adeo
701 905 758 949 ut
781 900 923 948 esset
947 889 1113 943 densa
1135 887 1266 939 silva
1290 883 1343 936 in
1368 878 1674 935 solitudine.
1710 877 1869 930 Dixe«

297 1001 420 1046 runt
448 989 592 1044 enim
619 986 773 1040 nobis
803 982 892 1050 qui
923 994 1043 1034 cum
1074 992 1139 1032 eo
1186 983 1341 1033 erant
1380 971 1584 1033 Patres,
1611 967 1751 1037 quod
1802 973 1870 1019 ne

298 1095 516 1153 germen
565 1077 783 1147 quidem
833 1074 939 1129 illic
985 1079 1121 1134 erat,
1145 1066 1356 1135 quando
1401 1064 1485 1115 vir
1524 1062 1610 1115 ille
1641 1059 1784 1112 venit
1804 1071 1869 1110 ex

299 1173 604 1232 solitudine.
638 1168 807 1239 Ipsam
832 1173 1007 1219 autem
1032 1157 1308 1232 plantavit.
1333 1170 1402 1210 ne
1428 1162 1643 1223 pr0pter
1671 1164 1757 1205 res
1779 1162 1872 1201 nc-

300 1265 581 1328 cessarias,
610 1261 697 1331 qui
732 1259 799 1312 ad
840 1259 1010 1325 ipsum
1052 1248 1444 1307 conveniebant
1474 1244 1685 1305 fratres,
1718 1253 1875 1307 coge-

302 1367 484 1417 rentur
509 1353 762 1416 circuire;
794 1348 889 1405 sed
929 1358 1114 1402 eorum
1153 1354 1367 1397 omnem
1415 1336 1636 1406 gerebat
1667 1345 1874 1392 curam,

306 1449 472 1507 Deum
501 1460 682 1507 erans,
711 1451 765 1497 et
785 1456 880 1510 pro
909 1451 1092 1494 eorum
1120 1434 1292 1488 salute
1335 1430 1637 1490 decertans,
1664 1432 1719 1477 ut
1745 1420 1878 1475 nihil

308 1543 386 1598 eis
415 1540 626 1594 deesset
652 1530 1033 1591 necessarium,
1064 1540 1161 1581 nec
1189 1531 1333 1578 esset
1355 1522 1436 1575 eis
1458 1518 1597 1573 ullus
1618 1512 1880 1569 socordiae

308 1637 619 1703 prmzextus.
660 1624 709 1677 ls
745 1623 976 1692 primum
1018 1616 1231 1686 quidem
1262 1614 1461 1682 degens
1489 1609 1542 1663 in
1572 1603 1879 1665 solitudine,

312 1701 633 1776 vescebatur
662 1712 840 1768 herbis
864 1720 918 1765 et
941 1707 1186 1763 dulcibus
1211 1701 1510 1761 radicibus:
1534 1708 1723 1766 aquam
1751 1706 1881 1762 quo-

308 1828 412 1883 que
432 1809 641 1865 bibebat
664 1803 878 1873 quando
900 1798 1224 1861 inveniebat,
1244 1794 1296 1847 in
1322 1791 1567 1861 precibus
1591 1796 1646 1842 et
1670 1783 1881 1855 hymnis
1917 1803 1958 1862 Β

312 1910 423 1957 toto
446 1911 683 1966 tempore
715 1905 1085 1965 perseverans.
1118 1886 1404 1954 Postquam
1436 1887 1611 1933 autem
1641 1872 1884 1945 pervenit

312 1993 377 2046 ad
406 1964 688 2061 perfectam
720 1964 931 2039 letalem
977 1977 1287 2036 senectutis,
1323 1972 1541 2039 angelus
1567 1971 1615 2022 ei
1646 1964 1885 2034 apparuit

312 2087 365 2136 iu
398 2080 618 2143 somnis,
651 2077 833 2131 dicens
859 2074 911 2126 in
950 2068 1237 2125 solitudine
1264 2082 1274 2115 :
1304 2063 1420 2116 Eris
1452 2061 1503 2114 in
1532 2064 1745 2128 gentem
1778 2067 1889 2106 ma-

312 2187 493 2243 gnam,
523 2179 577 2226 et
601 2183 823 2237 magnus
852 2175 953 2217 tua:
978 2160 1098 2215 lidei
1120 2157 1367 2213 credetur
1390 2151 1634 2221 populus.
1667 2147 1766 2215 Qui
1797 2161 1887 2213 per

318 2277 367 2319 te
397 2274 573 2318 autem
602 2261 733 2315 salvi
782 2258 928 2325 (ient,
953 2262 1111 2310 erunt
1139 2251 1317 2305 decies
1363 2248 1507 2302 miile
1534 2262 1546 2297 :
1571 2256 1704 2313 quos
1731 2240 1777 2293 si
1809 2240 1892 2290 hic

318 2356 646 2416 lucrifeceris
668 2397 682 2421 ,
707 2351 925 2408 totidem
971 2347 1065 2402 tibi
1097 2344 1356 2415 parebunt
1383 2341 1437 2394 in
1472 2338 1645 2391 futuro
1672 2335 1890 2391 saeculo.

318 2452 500 2521 Neque
546 2448 830 2519 quidquam
874 2439 1219 2499 dubitaveris,
1245 2435 1323 2489 ait
1365 2432 1415 2485 ei
1467 2425 1895 2498 Angelusmihil

319 2545 463 2602 enim
494 2541 589 2598 tibi
618 2540 830 2595 deﬁciet
858 2548 1038 2590 eorum
1070 2544 1189 2600 qua:
1219 2535 1346 2582 sunt
1372 2523 1438 2578 ad
1468 2535 1620 2575 usum
1650 2532 1897 2573 necessa-

322 2639 424 2700 ria,
458 2649 624 2704 usque
644 2634 708 2687 ad
734 2639 957 2685 mortem
990 2638 1153 2690 tuam,
1184 2621 1391 2691 quoties
1416 2617 1584 2670 Deum
1618 2616 1899 2667 invocave-

325 2730 423 2784 ris.
449 2730 570 2783 lltec
596 2740 715 2781 cum
744 2723 1003 2783 audisset,
1029 2716 1171 2771 venit
1193 2714 1257 2767 ad
1284 2710 1634 2782 propinquam
1657 2705 1900 2759 solitudi-

330 2831 476 2885 netn,
504 2830 743 2873 seorsum
789 2812 1015 2881 primum
1064 2808 1298 2873 degens,
1333 2802 1431 2855 sibi
1464 2797 1691 2868 quodam
1740 2809 1901 2863 parm

335 3199 495 3255 quam
525 3189 702 3235 autem
724 3173 868 3229 venit
894 3186 959 3226 ex
985 3166 1270 3222 solitudine
1293 3165 1342 3215 in
1368 3170 1563 3215 terram
1594 3154 1902 3215 habitatam,
1936 3166 1984 3231 ο

338 3249 391 3330 ei
414 3271 582 3344 gratia
620 3270 716 3323 fuit
759 3265 878 3318 data
910 3259 1185 3318 divinitus,
1219 3262 1272 3308 et
1297 3249 1599 3318 Scripturas
1625 3255 1905 3311 exprome-

340 3368 434 3423 bat
469 3361 796 3418 memoriter.
840 3354 901 3409 Ei
931 3354 1072 3409 enim
1124 3348 1257 3401 libro
1304 3345 1428 3395 dato
1468 3354 1495 3392 a
1536 3336 1807 3398 fratribus,
1840 3333 1907 3384 ita

338 3457 599 3526 deinceps
624 3450 829 3522 legebat
870 3457 1117 3515 tanquam
1148 3437 1351 3507 peritus
1381 3432 1696 3487 litterarum.
1742 3426 1910 3478 Aliam

340 3520 556 3621 quoque
638 3520 925 3615 acceperat
997 3534 1227 3608 gratiam
1261 3569 1276 3595 ,
1376 3537 1570 3591 nempe
1610 3520 1912 3574 daamonum

341 3608 788 3711 eXpellendoruui
805 3672 821 3696 ,
852 3629 985 3684 adeo
1015 3635 1071 3679 ut
1098 3621 1243 3677 multi
1274 3632 1336 3672 ex
1368 3616 1431 3669 iis
1462 3612 1550 3681 qui
1580 3608 1913 3667 laborabant,

342 3736 510 3792 etiam
540 3745 603 3786 eo
625 3728 858 3787 nolente,
888 3721 1180 3776 clamantes
1216 3714 1333 3779 ejus
1362 3707 1522 3761 vitam
1552 3700 1916 3757 ostenderent.

347 3824 501 3882 Alias
524 3832 734 3890 quoque
760 3786 1061 3868 curationes
1109 3819 1212 3858 non
1240 3797 1482 3854 cessabat
1504 3804 1778 3862 peragere.
1805 3786 1921 3852 Qun

346 3919 548 3970 factum
577 3919 659 3965 est
685 3915 744 3961 ut
771 3904 835 3958 ad
872 3916 991 3956 eum
1021 3893 1366 3951 convenirent
1396 3887 1497 3940 tria
1527 3880 1689 3937 millia
1737 3892 1923 3932 mona-

346 4010 597 4063 chorum.
627 4000 760 4054 Cum
787 4009 882 4050 eos
906 3999 1085 4045 autem
1106 3987 1187 4039 vir
1218 3984 1305 4036 ille
1326 3978 1564 4037 vidisset,
1592 3969 1773 4026 laetitia
1805 3966 1925 4020 alle-

346 4110 471 4154 ctus
502 4110 594 4151 eos
623 4087 893 4151 salutavit,
915 4091 971 4138 et
989 4077 1296 4147 complexus
1336 4078 1436 4125 est.
1467 4065 1602 4124 Cum
1644 4060 1807 4131 pedes
1835 4072 1927 4111 eo-

348 4204 474 4245 rum
532 4182 760 4255 propriis
803 4178 1035 4232 lavasset
1079 4167 1361 4227 manibus,
1408 4170 1697 4215 conversus
1735 4161 1814 4206 est
1862 4149 1926 4202 ad

352 4280 690 4341 doctrinam;
733 4279 848 4326 erat
893 4266 1034 4321 enim
1087 4259 1241 4314 valde
1286 4256 1486 4325 peritus
1534 4251 1850 4305 litterarum,
1876 4251 1932 4293 ut

354 4374 449 4442 qui
496 4371 631 4422 hanc
671 4362 891 4435 gratiam
937 4352 1230 4421 accepisset
1257 4346 1529 4400 divinitus.
1578 4338 1708 4392 Cum
1753 4344 1930 4388 autem

1366 4434 1377 4442 -
1581 4428 1645 4442 η.
1769 4422 1901 4442 ,ηις

354 4422 752 4527 έεῆιςνιιινθτδηι
786 4450 947 4505 multa
980 4443 1226 4499 solvisset
1265 4434 1467 4500 capita,
1499 4441 1551 4485 et
1579 4428 1737 4481 fidem
1769 4422 1934 4478 tradi-

355 4553 530 4611 disset
563 4544 910 4601 orthodoxam
941 4580 954 4603 ,
1000 4535 1312 4589 adhortatus
1339 4535 1419 4580 est
1447 4524 1509 4577 ad
1542 4534 1745 4590 preces.
1792 4515 1929 4568 Viris
1957 4534 2008 4594 Ι)

358 4643 506 4699 enim
536 4637 740 4708 magnis
778 4646 893 4685 mos
922 4639 1025 4691 est,
1054 4624 1182 4679 nihil
1220 4620 1399 4675 carnis
1428 4613 1729 4670 admittere,
1762 4607 1931 4671 prius-

360 4750 525 4808 quam
571 4727 813 4800 Spiritale
859 4723 1165 4776 alimentum
1198 4714 1386 4768 animae
1435 4704 1750 4761 tradiderint
1780 4718 1792 4761 ;
1825 4701 1937 4751 luce

361 4839 544 4884 autem
572 4832 655 4879 est
675 4816 873 4875 Christi
906 4809 1235 4868 communio.
1265 4804 1395 4858 Cum
1422 4799 1535 4868 ejus
1565 4810 1690 4864 ergo
1715 4793 1940 4846 fuissent

366 4919 676 4992 participes,
716 4921 773 4968 et
802 4909 1038 4979 egissent
1076 4900 1292 4973 gratias,
1325 4898 1565 4949 hortatus
1591 4899 1672 4944 est
1698 4887 1761 4941 ad
1793 4900 1940 4939 men-

366 5026 509 5075 sam,
538 5007 651 5077 ipse
679 5015 891 5069 semper
916 4998 1055 5051 inter
1080 4990 1370 5047 sedendum
1400 5000 1493 5040 eos
1523 4983 1817 5035 admonens
1846 4990 1942 5026 eo-

367 5116 490 5157 rum
521 5113 637 5169 qua:
666 5103 791 5151 sunt
820 5093 957 5146 bona
987 5097 1040 5142 et
1070 5086 1315 5140 honesta,
1347 5087 1401 5131 et
1429 5075 1609 5130 dicens
1630 5071 1705 5123 eis
1737 5085 1797 5123 ea
1827 5081 1944 5133 quae

373 5191 643 5263 pertinent
668 5186 731 5241 ad
763 5183 1011 5237 salutem.
1064 5175 1186 5231 Fuit
1210 5186 1336 5242 ergo
1368 5168 1452 5222 hic
1482 5167 1561 5217 vir
1590 5165 1763 5218 clarus
1810 5160 1947 5210 inter

374 5287 575 5342 multos
600 5282 807 5343 Patres,
832 5275 965 5327 adeo
996 5280 1052 5325 ut
1097 5282 1215 5322 cum
1248 5262 1395 5318 multi
1438 5258 1502 5311 ad
1539 5271 1657 5309 eum
1705 5251 1949 5304 venirent

376 5374 646 5438 monachi,
665 5382 850 5426 omnes
878 5368 1164 5434 prmsentes
1191 5356 1379 5410 fratres
1406 5362 1726 5408 convncans,
1759 5345 1809 5397 in
1842 5355 1948 5394 uno

376 5468 469 5522 die
507 5465 584 5520 eis
623 5462 787 5519 cellas
827 5457 1024 5510 faceret
1056 5470 1067 5503 :
1094 5464 1201 5503 uno
1250 5442 1461 5515 quidem
1512 5436 1953 5494 subministrante

380 5559 574 5628 lutum,
621 5555 790 5608 altero
828 5562 957 5603 vero
1008 5530 1265 5602 laterem,
1297 5536 1403 5590 alio
1448 5540 1622 5585 autem
1677 5525 1956 5580 hauriente

381 5663 596 5719 aquam.
625 5641 882 5700 Pet-fertis
910 5648 1088 5691 autem
1113 5629 1283 5694 cellis,
1309 5628 1424 5693 ipse
1451 5621 1722 5693 prtebehat
1746 5615 1960 5671 venien-

386 5745 531 5799 tibus
554 5754 668 5796 aure
694 5743 840 5792 erant
870 5724 1192 5786 necessaria.
1223 5722 1269 5777 Is
1296 5719 1489 5773 falsum
1515 5714 1752 5777 fratrem,
1783 5710 1867 5778 qui
1896 5706 1961 5759 ad

1564 300 1876 368 iusTomA
1919 304 2269 362 LAUSIACA.

1158 429 1200 485 ri
1219 430 1239 493 ,’
1260 426 1393 483 adeo
1418 433 1477 479 ut
1504 440 1625 479 cuin
1658 424 1742 478 vel
1775 437 1856 475 sn-
1883 425 1930 482 Λ
1959 432 2080 472 eum
2113 413 2399 484 aliquando
2428 418 2677 475 venerat,
2710 418 2763 465 et
2794 417 2970 465 vestes
3000 422 3124 464 snas
3150 410 3531 476 occultaverat.

3384 288 3522 365 lOSi

1970 523 2089 563 cum
2112 519 2292 560 coram
2322 502 2566 559 omnibus
2608 501 2892 571 arguisset,
2922 502 2973 555 in
3000 501 3232 556 medium
3261 503 3531 570 produxit.

1968 599 2084 666 Quo
2116 596 2311 650 factum
2343 603 2426 647 est
2452 601 2508 645 ut
2532 607 2688 647 nemo
2718 592 2935 645 auderet
2965 590 3215 659 deinceps
3244 592 3382 659 apud
3413 606 3535 645 eum

1972 688 2207 755 mentiri,
2239 701 2357 741 cum
2385 695 2579 739 tantam
2610 683 2830 736 haberet
2859 681 3104 753 gratiam,
3137 696 3293 751 quam
3326 697 3418 750 per
3445 682 3541 734 hoc

1973 790 2176 835 ncstam
2226 792 2376 832 suam
2429 777 2588 831 vitam
2634 774 2734 828 sibi
2776 776 3082 844 collegerat.
3116 773 3332 828 Licebat
3359 782 3539 827 autem

1974 869 2153 923 videre
2192 867 2579 921 multitudinem
2611 880 2798 920 eorum
2826 864 2916 933 qui
2947 878 3066 918 cum
3098 864 3211 932 ipso
3238 873 3391 917 erant
3423 878 3541 917 mo-

1975 961 2266 1015 nachotum
2314 959 2365 1013 in
2414 956 2671 1023 ecclesia,
2704 967 2953 1026 tanquam
2997 955 3304 1024 angelorum
3347 952 3543 1009 choros

1979 1052 2145 1105 Deum
2170 1050 2519 1105 laudantium.

2051 1147 2289 1215 Magnam
2322 1144 2443 1197 huic
2472 1149 2679 1205 sancto,
2707 1154 2805 1195 suo
2826 1136 3131 1194 testimonio
3161 1136 3341 1192 tribuit
3378 1135 3540 1190 virtu-

1981 1246 2086 1292 tem
2144 1236 2392 1291 universa
2438 1231 2741 1286 fraternitas
2773 1247 2788 1283 :
2818 1228 3084 1297 praecipue
3130 1234 3306 1281 autem
3354 1224 3546 1279 ancilla

1986 1328 2077 1382 Dci
2128 1325 2376 1388 Melania,
2425 1336 2543 1391 quae
2576 1321 2716 1374 hunc
2766 1328 2999 1372 montem
3030 1326 3156 1370 ante
3201 1328 3287 1371 me
3334 1323 3416 1369 est
3467 1316 3547 1366 iu-

1985 1434 2189 1491 grcssa.
2223 1418 2332 1487 Ego
2360 1416 2502 1471 enim
2536 1427 2654 1468 eum
2696 1426 2799 1465 non
2830 1407 3026 1464 oll‘endi
3055 1408 3257 1463 vivum.
3300 1408 3423 1459 llaec
3461 1419 3554 1458 au-

1986 1528 2091 1572 tem
2132 1514 2388 1585 praeclara
2436 1511 2504 1565 de
2544 1509 2648 1563 hoc
2682 1507 2796 1560 viro
2827 1504 3099 1567 narrabat,
3133 1500 3272 1570 quod
3320 1514 3419 1555 nec
3459 1514 3554 1551 un-

1989 1623 2146 1680 quam
2179 1608 2245 1661 sit
2269 1606 2541 1668 mentitus,
2583 1613 2754 1669 neque
2776 1593 3055 1667 iuraverit,
3088 1607 3261 1662 neque
3296 1591 3387 1645 ulli
3416 1589 3555 1644 male

1989 1704 2058 1756 sit
2092 1708 2355 1769 precatus,
2398 1706 2568 1761 neque
2605 1690 2813 1745 locutus
2839 1687 2907 1741 sit
2929 1685 3031 1739 nisi
3060 1699 3194 1753 opus
3220 1691 3383 1738 esset.

2611 1797 2831 1854 CAPUT
2875 1793 2939 1848 X7

2378 1917 2415 1970 tl
2422 1919 2493 1969 ita
2519 1913 2714 1969 abbatis
2741 1909 2939 1966 Pambo
2966 1905 3105 1979 (25).

2064 2036 2230 2106 llujus
2268 2031 2466 2086 montis
2496 2026 2673 2083 accola
2699 2023 2797 2079 fuit
2832 2022 2992 2076 etiam
3024 2019 3188 2073 abbas
3218 2017 3437 2079 Pantho,
3466 2017 3555 2084 qui

1995 2130 2091 2183 fuit
2122 2127 2371 2195 magister
2412 2117 2651 2177 Dioscuri
2686 2114 2920 2186 episcopi
2953 2109 3218 2166 Ammonii
3262 2119 3315 2162 et
3342 2108 3554 2162 Eusebii

1997 2235 2048 2276 et
2090 2217 2361 2288 Euthymii
2411 2214 2658 2277 fratrum,
2707 2214 2762 2261 ct
2796 2206 3043 2274 Origenis
3092 2201 3184 2255 lilii
3217 2198 3330 2268 (26)
3386 2199 3562 2253 fratris

2000 2313 2268 2369 Dracontii
2315 2309 2414 2362 viri
2464 2303 2683 2361 illustris
2731 2310 2784 2356 et
2822 2294 3168 2351 admirabilis.
3214 2293 3308 2345 llic
3358 2291 3557 2345 Pantho.

2000 2406 2162 2460 multa
2197 2400 2408 2471 qu‘dem
2441 2396 2669 2452 habebat
2696 2401 2750 2448 et
2779 2389 2920 2444 varia
2946 2385 3221 2456 privilegia
3248 2400 3261 2437 :
3289 2384 3425 2437 inter
3444 2398 3561 2436 can-—

2002 2510 2113 2552 tera
2157 2503 2335 2548 autem
2376 2506 2494 2560 qua:
2524 2495 2667 2542 recte
2697 2493 2751 2539 et
2774 2496 2840 2535 ex
2880 2479 3075 2532 virtute
3102 2475 3169 2528 ab
3205 2488 3272 2528 eo
3303 2472 3564 2542 gerebano

2003 2597 2108 2651 tur,
2151 2585 2253 2638 hoc
2290 2579 2521 2634 habebat
2574 2590 2677 2644 quo
2707 2582 2823 2627 erat
2868 2566 3085 2635 reliquis
3130 2564 3396 2633 superior,
3422 2562 3565 2631 quod

2004 2679 2205 2734 scilicet
2258 2686 2446 2727 aurum
2503 2676 2558 2722 et
2600 2671 2873 2732 argenturm
2922 2655 3269 2726 despiciebat,
3308 2663 3564 2724 quantum

2008 2770 2239 2839 posmlat
2284 2767 2420 2818 ratio
2469 2759 2754 2815 dominica.
2790 2752 2943 2807 Unde
2972 2748 3099 2802 mihi
3143 2744 3375 2800 narravit
3413 2744 3564 2799 beata

2007 2837 2225 2919 Melania
2252 2857 2392 2927 quod
2432 2869 2551 2907 cum
2598 2850 2666 2903 ab
2695 2848 2845 2902 initio
2874 2844 3038 2896 Roma
3073 2839 3308 2893 venisset
3343 2837 3568 2891 Alexauo

2009 2960 2198 3020 driam,
2247 2962 2301 3006 et
2347 2950 2413 3005 de
2441 2948 2558 3016 eius
2586 2944 2780 2996 virtute
2826 2935 3083 2988 audiisset
3113 2945 3143 2984 a
3174 2931 3327 2985 beato
3365 2928 3565 2983 Isidoro

2010 3049 2322 3120 presbytero
2350 3052 2404 3097 et
2432 3035 2761 3097 xenodocho,
2794 3029 2883 3098 qui
2906 3029 2971 3080 de
2995 3038 3058 3078 eo
3086 3021 3212 3075 mihi
3237 3019 3492 3083 narravit,
3515 3027 3572 3074 et

2013 3110 2078 3195 ad
2110 3110 2279 3207 ipsum
2317 3132 2535 3188 deduxit
2571 3129 2624 3183 in
2668 3122 3027 3181 solitudinem.
3075 3115 3155 3171 Ad
3204 3127 3343 3175 eum,
3371 3110 3568 3171 aiebat,

2014 3229 2165 3285 attuli
2196 3240 2320 3279 vasa
2356 3230 2604 3293 argentea
2645 3222 3002 3271 trecentarum
3046 3208 3298 3264 librarum
3345 3200 3573 3271 argenti,

2015 3335 2205 3393 rogans
2235 3332 2357 3373 eum
2397 3323 2455 3368 ut
2483 3324 2659 3366 rerum
2706 3319 2943 3362 mearum
2979 3313 3122 3357 esset
3168 3296 3452 3367 particeps.
3483 3290 3577 3345 ille

2016 3423 2215 3478 autem,
2245 3406 2435 3475 inquit,
2472 3411 2724 3471 operans,
2744 3406 2799 3450 et
2837 3406 3013 3447 ramos
3058 3400 3242 3444 texens
3286 3381 3591 3438 mihibene~

2019 3504 2174 3561 dixit.
2205 3512 2334 3552 voce
2377 3470 2567 3563 magna
2595 3489 2817 3544 dicens:
2843 3486 2982 3538 Deus
3010 3481 3099 3534 det
3125 3477 3217 3531 tibi
3256 3470 3576 3528 mercedem.

2022 3558 2090 3650 Et
2116 3558 2250 3647 dixit
2278 3603 2374 3643 suo
2400 3558 2682 3641 teconomo
2706 3576 2917 3643 Origeni
2941 3572 3070 3643 [Αι.,
3102 3558 3407 3634 Theodoro]
3436 3578 3451 3614 :
3478 3562 3581 3613 Ac.

2022 3686 2163 3753 cipe,
2192 3691 2247 3735 et
2276 3694 2335 3731 ea
2367 3677 2608 3743 dispenst
2639 3669 2901 3723 universa:
2930 3657 3243 3716 fraternitati
3273 3665 3393 3722 qua:
3418 3660 3501 3705 est
3529 3650 3581 3703 in

2024 3776 2189 3843 Libya
2230 3778 2285 3825 et
2312 3768 2364 3821 in
2397 3764 2602 3819 insulis.
2638 3759 2762 3813 “me
2788 3754 2929 3810 enim
2958 3744 3272 3804 monasteria
3302 3740 3470 3808 magis
3500 3737 3585 3791 in.

2026 3826 2247 3935 digerit:
2275 3860 2321 3913 ei
2354 3853 2664 3926 praecipiens
2720 3856 2776 3902 ut
2821 3856 2885 3898 ex
2941 3856 3005 3896 eo
3054 3836 3183 3891 nihil
3212 3834 3361 3887 daret
3406 3830 3474 3884 iis
3498 3826 3586 3895 qui

2028 3918 2182 4010 erant
2210 3952 2263 4004 in
2309 3918 2562 4018 Atigypto,
2595 3948 2873 4010 propterea
2903 3931 3044 4001 quod
3073 3929 3141 3981 sit
3176 3925 3321 3993 regio
3349 3918 3505 3974 ditior
3533 3922 3590 3969 et

2032 4007 2555 4102 abundantiori-ligo
2591 4007 2790 4089 autem,
2824 4022 3014 4090 inquit,
3047 4027 3192 4071 stans
3217 4007 3587 4079 exspectabam

2033 4145 2091 4189 ut
2118 4134 2200 4186 vel
2248 4121 2709 4183 benedictionibus
2756 4116 2822 4169 ab
2865 4128 2929 4167 eo
2969 4112 3283 4166 honorarer,
3316 4100 3400 4156 vel
3430 4097 3593 4151 verbo

2033 4226 2220 4281 saltem
2260 4218 2503 4273 laudarer
2533 4213 2603 4266 ob
2633 4216 2834 4263 tantum
2878 4203 3095 4255 donum.
3128 4194 3260 4249 Cum
3293 4204 3418 4244 vero
3462 4185 3594 4240 nihil

2035 4315 2252 4369 omnino
2281 4312 2348 4362 ah
2378 4324 2440 4361 eo
2488 4304 2793 4359 antliiSsem,
2827 4298 2874 4350 ei
2914 4292 3020 4345 dixi
3046 4307 3057 4340 :
3086 4285 3325 4345 Domine,
3355 4289 3412 4334 ut
3456 4277 3597 4332 scias

2038 4415 2291 4477 quantum
2323 4403 2411 4462 sit,
2453 4405 2576 4449 sunt
2606 4398 2857 4445 trecentae
2903 4384 3051 4437 libra:
3080 4375 3304 4447 argenti.
3332 4373 3378 4426 ls
3421 4377 3597 4423 autem

2041 4513 2226 4554 rursus
2256 4508 2374 4548 cum
2409 4489 2473 4542 ad
2508 4488 2607 4539 hoc
2637 4499 2702 4535 ne
2732 4464 2950 4534 omnino
2980 4471 3191 4540 quidem
3221 4462 3519 4523 annuisset,
3549 4466 3604 4511 et

2042 4604 2139 4644 nec
2177 4587 2241 4639 ad
2274 4581 2413 4636 vasis
2443 4576 2655 4647 quidem
2688 4572 2896 4625 thecam
2927 4558 3260 4618 attendisset,
3291 4548 3561 4619 respondit
3589 4564 3601 4598 :

2040 4682 2091 4735 ls
2121 4681 2203 4735 cui
2235 4676 2350 4729 hate
2390 4644 2635 4729 attulisti,
2680 4677 2713 4716 ο
2744 4659 2870 4722 lilia,
2916 4669 3021 4708 non
3051 4664 3184 4718 opus
3228 4644 3386 4698 habet
3413 4649 3471 4695 ut
3497 4655 3528 4693 a
3559 4650 3608 4691 te

2045 4774 2214 4827 discat
2265 4763 2613 4837 quantitatem
2664 4746 2932 4823 ponderis.
2961 4744 3060 4811 Qui
3105 4740 3244 4794 enim
3276 4742 3484 4788 montes
3513 4743 3608 4796 ap-

2047 4822 2229 4935 pendit
2257 4822 2311 4914 et
2347 4854 2511 4911 saltus
2555 4822 2750 4903 statera
2782 4839 2915 4911 (Ita.
2949 4849 3037 4896 λι..
3068 4831 3178 4897 12).
3229 4824 3396 4880 multo
3442 4822 3606 4887 magis

2049 4951 2150 5014 scit
2182 4953 2529 5024 quantitatem
2565 4943 2637 4997 tui
2664 4936 2890 5008 argenti.
2929 4932 2983 4985 Si
3029 4929 3170 4983 enim
3203 4924 3316 4975 htec
3357 4917 3487 4972 mihi
3516 4915 3610 4968 da.

2052 5067 2157 5114 res,
2191 5055 2335 5101 recte
2366 5038 2492 5095 mihi
2522 5033 2727 5107 pondus
2754 5028 3012 5088 dixisses;
3044 5017 3136 5073 sed
3163 5015 3209 5068 si
3232 5013 3339 5066 Deo
3368 5025 3428 5063 ea
3458 5006 3613 5060 obtuo

3094 5109 3191 5114 --__
3243 5108 3254 5114 _
3430 5102 3462 5114 ,_
3527 5112 3540 5114 _
3599 5095 3612 5114 _

2350 5148 2417 5187 ne
2444 5095 2579 5183 duos
2608 5123 2820 5194 quidem
2864 5116 3051 5170 obolos
3084 5109 3200 5183 (27)
3226 5102 3487 5173 despexit,
3521 5095 3614 5151 sed

2057 5249 2147 5285 eos
2199 5188 2314 5298 plits
2369 5236 2525 5291 quant
2573 5188 2748 5271 omnia
2798 5205 3079 5265 mstimav't
3124 5197 3315 5271 (Marci
3364 5209 3455 5257 xtl,
3506 5188 3617 5261 42),

2058 5339 2193 5379 tace.
2232 5322 2321 5375 Sic
2364 5332 2512 5387 ergo,
2566 5309 2756 5380 inquit,
2810 5296 3138 5371 dispensavit
3180 5290 3347 5361 gratia
3390 5282 3620 5346 Domini,

2059 5422 2181 5471 dum
2232 5416 2467 5482 ingressa
2516 5421 2632 5460 sum
2664 5404 2715 5455 in
2765 5398 2905 5451 hunc
2956 5398 3209 5444 montem.
3259 5378 3408 5435 Brevi
3447 5383 3620 5428 autem

2060 5517 2180 5580 post
2208 5517 2447 5574 tempore
2486 5496 2703 5554 dormiit
2734 5492 2892 5546 homo
2921 5484 3037 5546 Dei,
3067 5493 3166 5533 nec
3210 5484 3493 5545 ugrmans,
3529 5477 3626 5519 nec

3101 5568 3111 5577 .
3197 5579 3204 5580 γ
3274 5558 3359 5580 ___,
3390 5566 3621 5580 unum

2062 5558 2179 5580 I"""
2212 5558 2291 5561 --η
2321 5558 2335 5574 .

2062 5605 2112 5654 in
2145 5599 2251 5652 ulla
2283 5604 2431 5666 parte
2451 5585 2687 5657 corporis
2716 5580 2952 5634 dolorem
2980 5568 3235 5625 sentiens,
3269 5558 3363 5615 sed
3389 5566 3624 5625 sportaut

2064 5706 2353 5754 contexens
2385 5703 2469 5745 me
2499 5678 2765 5742 accersiit,
2815 5680 2868 5728 et
2905 5680 3024 5741 cum
3070 5661 3279 5718 adesset
3303 5653 3413 5723 jam
3456 5659 3629 5706 extre
