  <div class='ocr_page' id='page_1' title='image "/cluster/home/n/w/nwhite01/storage/ocr_20150623/34/hvd.32044019207760/527.png"; bbox 0 0 4060 6520; ppageno 0'>
   <div class='ocr_carea' id='block_1_1' title="bbox 536 276 668 331">
    <p class='ocr_par' dir='ltr' id='par_1_1' title="bbox 536 276 668 331">
     <span class='ocr_line' id='line_1_1' title="bbox 536 276 668 331; baseline 0.008 -1"><span class='ocrx_word' id='word_1_1' title='bbox 536 276 668 331; x_wconf 66' lang='grc'><strong>1051</strong></span> 
     </span>
    </p>
   </div>
   <div class='ocr_carea' id='block_1_2' title="bbox 528 475 2091 546">
    <p class='ocr_par' dir='ltr' id='par_1_2' title="bbox 528 475 2091 546">
     <span class='ocr_line' id='line_1_2' title="bbox 528 475 2091 546; baseline 0.012 -19"><span class='ocrx_word' id='word_1_2' title='bbox 528 475 667 529; x_wconf 89' lang='lat' dir='ltr'><strong>meis</strong></span> <span class='ocrx_word' id='word_1_3' title='bbox 700 477 972 543; x_wconf 89' lang='lat' dir='ltr'><strong>manibus,</strong></span> <span class='ocrx_word' id='word_1_4' title='bbox 1002 489 1062 535; x_wconf 82' lang='lat' dir='ltr'><strong>ut</strong></span> <span class='ocrx_word' id='word_1_5' title='bbox 1083 484 1185 537; x_wconf 80' lang='lat' dir='ltr'><strong>mei</strong></span> <span class='ocrx_word' id='word_1_6' title='bbox 1218 485 1550 542; x_wconf 91' lang='lat' dir='ltr'><strong>memineris.</strong></span> <span class='ocrx_word' id='word_1_7' title='bbox 1585 487 1890 543; x_wconf 87' lang='lat' dir='ltr'><strong>Nihilenim</strong></span> <span class='ocrx_word' id='word_1_8' title='bbox 1918 491 2091 546; x_wconf 84' lang='lat' dir='ltr'><strong>habeo</strong></span> 
     </span>
    </p>
   </div>
   <div class='ocr_carea' id='block_1_3' title="bbox 527 557 2093 637">
    <p class='ocr_par' dir='ltr' id='par_1_3' title="bbox 527 557 2093 637">
     <span class='ocr_line' id='line_1_3' title="bbox 527 557 2093 637; baseline 0.015 -29"><span class='ocrx_word' id='word_1_9' title='bbox 527 557 673 612; x_wconf 84' lang='lat' dir='ltr'><strong>aliud</strong></span> <span class='ocrx_word' id='word_1_10' title='bbox 700 561 842 628; x_wconf 91' lang='lat' dir='ltr'><strong>quod</strong></span> <span class='ocrx_word' id='word_1_11' title='bbox 876 563 971 616; x_wconf 91' lang='lat' dir='ltr'><strong>tibi</strong></span> <span class='ocrx_word' id='word_1_12' title='bbox 1002 564 1320 635; x_wconf 91' lang='lat' dir='ltr'><strong>relinquam.</strong></span> <span class='ocrx_word' id='word_1_13' title='bbox 1355 568 1420 622; x_wconf 84' lang='lat' dir='ltr'><strong>Et</strong></span> <span class='ocrx_word' id='word_1_14' title='bbox 1450 585 1572 624; x_wconf 85' lang='lat' dir='ltr'><strong>cum</strong></span> <span class='ocrx_word' id='word_1_15' title='bbox 1604 570 1707 626; x_wconf 92' lang='lat' dir='ltr'><strong>hoc</strong></span> <span class='ocrx_word' id='word_1_16' title='bbox 1734 573 1979 637; x_wconf 88' lang='lat' dir='ltr'><strong>dixisset,</strong></span> <span class='ocrx_word' id='word_1_17' title='bbox 2006 592 2093 630; x_wconf 81' lang='lat' dir='ltr'><strong>ex-</strong></span> 
     </span>
    </p>
   </div>
   <div class='ocr_carea' id='block_1_4' title="bbox 527 642 2086 730">
    <p class='ocr_par' dir='ltr' id='par_1_4' title="bbox 527 642 2086 730">
     <span class='ocr_line' id='line_1_4' title="bbox 527 642 2086 730; baseline 0.015 -37"><span class='ocrx_word' id='word_1_18' title='bbox 527 642 671 696; x_wconf 88' lang='lat' dir='ltr'><strong>cedit</strong></span> <span class='ocrx_word' id='word_1_19' title='bbox 709 644 828 699; x_wconf 79' lang='lat' dir='ltr'><strong>sine</strong></span> <span class='ocrx_word' id='word_1_20' title='bbox 861 646 1031 712; x_wconf 82' lang='lat' dir='ltr'><strong>febre,</strong></span> <span class='ocrx_word' id='word_1_21' title='bbox 1064 665 1186 703; x_wconf 93' lang='lat' dir='ltr'><strong>cum</strong></span> <span class='ocrx_word' id='word_1_22' title='bbox 1229 661 1372 706; x_wconf 91' lang='lat' dir='ltr'><strong>esset</strong></span> <span class='ocrx_word' id='word_1_23' title='bbox 1409 669 1679 709; x_wconf 89' lang='lat' dir='ltr'><strong>annorum</strong></span> <span class='ocrx_word' id='word_1_24' title='bbox 1725 662 2086 730; x_wconf 74' lang='lat' dir='ltr'><strong>septuaginta,</strong></span> 
     </span>
    </p>
   </div>
   <div class='ocr_carea' id='block_1_5' title="bbox 522 722 2088 816">
    <p class='ocr_par' dir='ltr' id='par_1_5' title="bbox 522 722 2088 816">
     <span class='ocr_line' id='line_1_5' title="bbox 522 722 2088 816; baseline 0.017 -39"><span class='ocrx_word' id='word_1_25' title='bbox 522 722 758 784; x_wconf 81' lang='lat' dir='ltr'><strong>Domino</strong></span> <span class='ocrx_word' id='word_1_26' title='bbox 779 733 1167 788; x_wconf 85' lang='lat' dir='ltr'><strong>commendans</strong></span> <span class='ocrx_word' id='word_1_27' title='bbox 1197 735 1464 804; x_wconf 76' lang='lat' dir='ltr'><strong>spiritum.</strong></span> <span class='ocrx_word' id='word_1_28' title='bbox 1500 741 1668 804; x_wconf 82' lang='lat' dir='ltr'><strong>Quem</strong></span> <span class='ocrx_word' id='word_1_29' title='bbox 1703 757 1825 797; x_wconf 92' lang='lat' dir='ltr'><strong>cum</strong></span> <span class='ocrx_word' id='word_1_30' title='bbox 1862 759 1963 816; x_wconf 89' lang='lat' dir='ltr'><strong>ego</strong></span> <span class='ocrx_word' id='word_1_31' title='bbox 1993 764 2088 803; x_wconf 88' lang='lat' dir='ltr'><strong>cu-</strong></span> 
     </span>
    </p>
   </div>
   <div class='ocr_carea' id='block_1_6' title="bbox 524 817 2089 896">
    <p class='ocr_par' dir='ltr' id='par_1_6' title="bbox 524 817 2089 896">
     <span class='ocr_line' id='line_1_6' title="bbox 524 817 2089 896; baseline 0.016 -31"><span class='ocrx_word' id='word_1_32' title='bbox 524 829 729 870; x_wconf 90' lang='lat' dir='ltr'><strong>rassem</strong></span> <span class='ocrx_word' id='word_1_33' title='bbox 761 817 895 886; x_wconf 76' lang='lat'><strong>(28),</strong></span> <span class='ocrx_word' id='word_1_34' title='bbox 929 828 984 873; x_wconf 89' lang='lat' dir='ltr'><strong>et</strong></span> <span class='ocrx_word' id='word_1_35' title='bbox 1015 820 1197 876; x_wconf 90' lang='lat' dir='ltr'><strong>linteis</strong></span> <span class='ocrx_word' id='word_1_36' title='bbox 1229 823 1401 878; x_wconf 78' lang='lat' dir='ltr'><strong>sancti</strong></span> <span class='ocrx_word' id='word_1_37' title='bbox 1431 840 1628 896; x_wconf 90' lang='lat' dir='ltr'><strong>corpus</strong></span> <span class='ocrx_word' id='word_1_38' title='bbox 1662 829 2008 886; x_wconf 83' lang='lat' dir='ltr'><strong>involvissem</strong></span> <span class='ocrx_word' id='word_1_39' title='bbox 2034 845 2089 890; x_wconf 87' lang='lat' dir='ltr'><strong>et</strong></span> 
     </span>
    </p>
   </div>
   <div class='ocr_carea' id='block_1_7' title="bbox 523 896 2084 982">
    <p class='ocr_par' dir='ltr' id='par_1_7' title="bbox 523 896 2084 982">
     <span class='ocr_line' id='line_1_7' title="bbox 523 896 2084 982; baseline 0.015 -32"><span class='ocrx_word' id='word_1_40' title='bbox 523 896 920 967; x_wconf 89' lang='lat' dir='ltr'><strong>deposuissem,</strong></span> <span class='ocrx_word' id='word_1_41' title='bbox 966 904 1165 958; x_wconf 88' lang='lat' dir='ltr'><strong>recessi</strong></span> <span class='ocrx_word' id='word_1_42' title='bbox 1209 920 1238 958; x_wconf 93' lang='lat' dir='ltr'><strong>a</strong></span> <span class='ocrx_word' id='word_1_43' title='bbox 1277 906 1589 976; x_wconf 84' lang='lat' dir='ltr'><strong>solitudine,</strong></span> <span class='ocrx_word' id='word_1_44' title='bbox 1631 928 1800 982; x_wconf 90' lang='lat' dir='ltr'><strong>usque</strong></span> <span class='ocrx_word' id='word_1_45' title='bbox 1839 915 1904 970; x_wconf 91' lang='lat' dir='ltr'><strong>ad</strong></span> <span class='ocrx_word' id='word_1_46' title='bbox 1942 917 2084 972; x_wconf 90' lang='lat' dir='ltr'><strong>diem</strong></span> 
     </span>
    </p>
   </div>
   <div class='ocr_carea' id='block_1_8' title="bbox 513 985 2083 1063">
    <p class='ocr_par' dir='ltr' id='par_1_8' title="bbox 513 985 2083 1063">
     <span class='ocr_line' id='line_1_8' title="bbox 513 985 2083 1063; baseline 0.016 -27"><span class='ocrx_word' id='word_1_47' title='bbox 513 985 712 1038; x_wconf 81' lang='lat' dir='ltr'><strong>mortis</strong></span> <span class='ocrx_word' id='word_1_48' title='bbox 744 1001 953 1041; x_wconf 83' lang='lat' dir='ltr'><strong>mecum</strong></span> <span class='ocrx_word' id='word_1_49' title='bbox 997 989 1203 1044; x_wconf 84' lang='lat' dir='ltr'><strong>habens</strong></span> <span class='ocrx_word' id='word_1_50' title='bbox 1242 991 1387 1046; x_wconf 85' lang='lat' dir='ltr'><strong>illam</strong></span> <span class='ocrx_word' id='word_1_51' title='bbox 1421 1004 1679 1063; x_wconf 90' lang='lat' dir='ltr'><strong>sportam.</strong></span> <span class='ocrx_word' id='word_1_52' title='bbox 1717 999 1814 1056; x_wconf 86' lang='lat' dir='ltr'><strong>Hic</strong></span> <span class='ocrx_word' id='word_1_53' title='bbox 1845 1001 2083 1060; x_wconf 88' lang='lat' dir='ltr'><strong>Pambon</strong></span> 
     </span>
    </p>
   </div>
   <div class='ocr_carea' id='block_1_9' title="bbox 519 1072 2080 1153">
    <p class='ocr_par' dir='ltr' id='par_1_9' title="bbox 519 1072 2080 1153">
     <span class='ocr_line' id='line_1_9' title="bbox 519 1072 2080 1153; baseline 0.017 -35"><span class='ocrx_word' id='word_1_54' title='bbox 519 1081 643 1119; x_wconf 89' lang='lat' dir='ltr'><strong>cum</strong></span> <span class='ocrx_word' id='word_1_55' title='bbox 668 1077 810 1122; x_wconf 86' lang='lat' dir='ltr'><strong>esset</strong></span> <span class='ocrx_word' id='word_1_56' title='bbox 841 1072 1158 1137; x_wconf 90' lang='lat' dir='ltr'><strong>moriturus,</strong></span> <span class='ocrx_word' id='word_1_57' title='bbox 1189 1073 1244 1128; x_wconf 93' lang='lat' dir='ltr'><strong>in</strong></span> <span class='ocrx_word' id='word_1_58' title='bbox 1296 1075 1413 1144; x_wconf 91' lang='lat' dir='ltr'><strong>ipsa</strong></span> <span class='ocrx_word' id='word_1_59' title='bbox 1465 1079 1594 1135; x_wconf 90' lang='lat' dir='ltr'><strong>hora</strong></span> <span class='ocrx_word' id='word_1_60' title='bbox 1639 1098 1915 1153; x_wconf 82' lang='lat' dir='ltr'><strong>excessus,</strong></span> <span class='ocrx_word' id='word_1_61' title='bbox 1955 1105 2080 1144; x_wconf 91' lang='lat' dir='ltr'><strong>eum</strong></span> 
     </span>
    </p>
   </div>
   <div class='ocr_carea' id='block_1_10' title="bbox 509 1151 2081 1239">
    <p class='ocr_par' dir='ltr' id='par_1_10' title="bbox 509 1151 2081 1239">
     <span class='ocr_line' id='line_1_10' title="bbox 509 1151 2081 1239; baseline 0.016 -37"><span class='ocrx_word' id='word_1_62' title='bbox 509 1151 992 1239; x_wconf 86' lang='lat' dir='ltr'><strong>circumstantibus</strong></span> <span class='ocrx_word' id='word_1_63' title='bbox 1005 1152 1237 1239; x_wconf 77' lang='lat' dir='ltr'><strong>Origene</strong></span> <span class='ocrx_word' id='word_1_64' title='bbox 1248 1161 1561 1232; x_wconf 86' lang='lat' dir='ltr'><strong>presbytero</strong></span> <span class='ocrx_word' id='word_1_65' title='bbox 1576 1181 1640 1220; x_wconf 87' lang='lat' dir='ltr'><strong>ac</strong></span> <span class='ocrx_word' id='word_1_66' title='bbox 1652 1151 1934 1226; x_wconf 86' lang='lat' dir='ltr'><strong>oeconomo</strong></span> <span class='ocrx_word' id='word_1_67' title='bbox 1947 1173 2081 1239; x_wconf 69' lang='lat'><strong>(29),</strong></span> 
     </span>
    </p>
   </div>
   <div class='ocr_carea' id='block_1_11' title="bbox 514 1232 2082 1322">
    <p class='ocr_par' dir='ltr' id='par_1_11' title="bbox 514 1232 2082 1322">
     <span class='ocr_line' id='line_1_11' title="bbox 514 1232 2082 1322; baseline 0.018 -38"><span class='ocrx_word' id='word_1_68' title='bbox 514 1241 572 1284; x_wconf 90' lang='lat' dir='ltr'><strong>et</strong></span> <span class='ocrx_word' id='word_1_69' title='bbox 599 1232 887 1291; x_wconf 83' lang='lat' dir='ltr'><strong>Ammonio</strong></span> <span class='ocrx_word' id='word_1_70' title='bbox 913 1238 1047 1294; x_wconf 88' lang='lat' dir='ltr'><strong>viris</strong></span> <span class='ocrx_word' id='word_1_71' title='bbox 1068 1241 1301 1312; x_wconf 83' lang='lat' dir='ltr'><strong>inclytis,</strong></span> <span class='ocrx_word' id='word_1_72' title='bbox 1330 1257 1383 1300; x_wconf 92' lang='lat' dir='ltr'><strong>et</strong></span> <span class='ocrx_word' id='word_1_73' title='bbox 1408 1248 1630 1318; x_wconf 90' lang='lat' dir='ltr'><strong>reliquis</strong></span> <span class='ocrx_word' id='word_1_74' title='bbox 1653 1251 1928 1322; x_wconf 79' lang='lat' dir='ltr'><strong>fratribus,</strong></span> <span class='ocrx_word' id='word_1_75' title='bbox 1947 1257 2082 1312; x_wconf 85' lang='lat' dir='ltr'><strong>dici-</strong></span> 
     </span>
    </p>
   </div>
   <div class='ocr_carea' id='block_1_12' title="bbox 512 1315 2083 1395">
    <p class='ocr_par' dir='ltr' id='par_1_12' title="bbox 512 1315 2083 1395">
     <span class='ocr_line' id='line_1_12' title="bbox 512 1315 2083 1395; baseline 0.019 -29"><span class='ocrx_word' id='word_1_76' title='bbox 512 1322 603 1368; x_wconf 88' lang='lat' dir='ltr'><strong>tur</strong></span> <span class='ocrx_word' id='word_1_77' title='bbox 631 1315 734 1372; x_wconf 91' lang='lat' dir='ltr'><strong>hoc</strong></span> <span class='ocrx_word' id='word_1_78' title='bbox 763 1318 1002 1376; x_wconf 80' lang='lat' dir='ltr'><strong>dixisse:</strong></span> <span class='ocrx_word' id='word_1_79' title='bbox 1038 1323 1117 1378; x_wconf 80' lang='lat' dir='ltr'><strong>Ex</strong></span> <span class='ocrx_word' id='word_1_80' title='bbox 1149 1342 1257 1395; x_wconf 90' lang='lat' dir='ltr'><strong>quo</strong></span> <span class='ocrx_word' id='word_1_81' title='bbox 1277 1330 1400 1383; x_wconf 86' lang='lat' dir='ltr'><strong>veni</strong></span> <span class='ocrx_word' id='word_1_82' title='bbox 1429 1330 1482 1383; x_wconf 92' lang='lat' dir='ltr'><strong>in</strong></span> <span class='ocrx_word' id='word_1_83' title='bbox 1512 1315 1656 1388; x_wconf 83' lang='lat' dir='ltr'><strong>hunc</strong></span> <span class='ocrx_word' id='word_1_84' title='bbox 1690 1335 1868 1391; x_wconf 92' lang='lat' dir='ltr'><strong>locum</strong></span> <span class='ocrx_word' id='word_1_85' title='bbox 1897 1315 2083 1395; x_wconf 84' lang='lat' dir='ltr'><strong>solitu-</strong></span> 
     </span>
    </p>
   </div>
   <div class='ocr_carea' id='block_1_13' title="bbox 434 1397 2076 1494">
    <p class='ocr_par' dir='ltr' id='par_1_13' title="bbox 434 1397 2076 1494">
     <span class='ocr_line' id='line_1_13' title="bbox 434 1397 2076 1494; baseline 0.018 -45"><span class='ocrx_word' id='word_1_86' title='bbox 434 1429 463 1485; x_wconf 32' lang='grc' dir='ltr'>κ</span> <span class='ocrx_word' id='word_1_87' title='bbox 511 1397 675 1466; x_wconf 91' lang='lat' dir='ltr'><strong>dinis,</strong></span> <span class='ocrx_word' id='word_1_88' title='bbox 720 1410 774 1456; x_wconf 92' lang='lat' dir='ltr'><strong>et</strong></span> <span class='ocrx_word' id='word_1_89' title='bbox 820 1419 996 1459; x_wconf 87' lang='lat' dir='ltr'><strong>meam</strong></span> <span class='ocrx_word' id='word_1_90' title='bbox 1034 1408 1293 1466; x_wconf 77' lang='lat' dir='ltr'><strong>aedificavi</strong></span> <span class='ocrx_word' id='word_1_91' title='bbox 1330 1415 1540 1477; x_wconf 88' lang='lat' dir='ltr'><strong>cellam,</strong></span> <span class='ocrx_word' id='word_1_92' title='bbox 1569 1419 1637 1471; x_wconf 84' lang='lat' dir='ltr'><strong>‘et</strong></span> <span class='ocrx_word' id='word_1_93' title='bbox 1685 1419 1773 1475; x_wconf 90' lang='lat' dir='ltr'><strong>hic</strong></span> <span class='ocrx_word' id='word_1_94' title='bbox 1816 1422 2076 1494; x_wconf 90' lang='lat' dir='ltr'><strong>habitavi,</strong></span> 
     </span>
    </p>
   </div>
   <div class='ocr_carea' id='block_1_14' title="bbox 447 1483 2076 1570">
    <p class='ocr_par' dir='ltr' id='par_1_14' title="bbox 447 1483 2076 1570">
     <span class='ocr_line' id='line_1_14' title="bbox 447 1483 2076 1570; baseline 0.02 -36"><span class='ocrx_word' id='word_1_95' title='bbox 507 1483 690 1538; x_wconf 88' lang='lat' dir='ltr'><strong>nullus</strong></span> <span class='ocrx_word' id='word_1_96' title='bbox 720 1483 824 1542; x_wconf 92' lang='lat' dir='ltr'><strong>fuit</strong></span> <span class='ocrx_word' id='word_1_97' title='bbox 846 1488 962 1544; x_wconf 88' lang='lat' dir='ltr'><strong>dies</strong></span> <span class='ocrx_word' id='word_1_98' title='bbox 983 1506 1091 1560; x_wconf 90' lang='lat' dir='ltr'><strong>quo</strong></span> <span class='ocrx_word' id='word_1_99' title='bbox 1125 1509 1233 1549; x_wconf 90' lang='lat' dir='ltr'><strong>non</strong></span> <span class='ocrx_word' id='word_1_100' title='bbox 1267 1498 1464 1567; x_wconf 89' lang='lat' dir='ltr'><strong>aliquid</strong></span> <span class='ocrx_word' id='word_1_101' title='bbox 1491 1504 1671 1570; x_wconf 90' lang='lat' dir='ltr'><strong>operis</strong></span> <span class='ocrx_word' id='word_1_102' title='bbox 1698 1506 1915 1562; x_wconf 80' lang='lat' dir='ltr'><strong>fecerim</strong></span> <span class='ocrx_word' id='word_1_103' title='bbox 1940 1483 2076 1567; x_wconf 74' lang='lat' dir='ltr'><strong>meis</strong></span> 
     </span>
    </p>
   </div>
   <div class='ocr_carea' id='block_1_15' title="bbox 457 1555 2076 1662">
    <p class='ocr_par' dir='ltr' id='par_1_15' title="bbox 457 1555 2076 1662">
     <span class='ocr_line' id='line_1_15' title="bbox 457 1555 2076 1662; baseline 0.02 -46"><span class='ocrx_word' id='word_1_104' title='bbox 457 1555 468 1567; x_wconf 85' lang='grc'><em>’</em></span> <span class='ocrx_word' id='word_1_105' title='bbox 507 1566 800 1623; x_wconf 88' lang='lat' dir='ltr'><strong>manibus:</strong></span> <span class='ocrx_word' id='word_1_106' title='bbox 852 1587 956 1627; x_wconf 92' lang='lat' dir='ltr'><strong>nec</strong></span> <span class='ocrx_word' id='word_1_107' title='bbox 982 1555 1202 1632; x_wconf 79' lang='lat' dir='ltr'><strong>memini</strong></span> <span class='ocrx_word' id='word_1_108' title='bbox 1229 1593 1314 1633; x_wconf 87' lang='lat' dir='ltr'><strong>me</strong></span> <span class='ocrx_word' id='word_1_109' title='bbox 1357 1555 1428 1635; x_wconf 70' lang='lat' dir='ltr'><strong>ab</strong></span> <span class='ocrx_word' id='word_1_110' title='bbox 1457 1555 1638 1653; x_wconf 69' lang='lat' dir='ltr'><strong>aliquo</strong></span> <span class='ocrx_word' id='word_1_111' title='bbox 1676 1604 1870 1656; x_wconf 86' lang='lat' dir='ltr'><strong>panem</strong></span> <span class='ocrx_word' id='word_1_112' title='bbox 1909 1594 2076 1662; x_wconf 80' lang='lat' dir='ltr'><strong>gratis</strong></span> 
     </span>
    </p>
   </div>
   <div class='ocr_carea' id='block_1_16' title="bbox 506 1647 2074 1743">
    <p class='ocr_par' dir='ltr' id='par_1_16' title="bbox 506 1647 2074 1743">
     <span class='ocr_line' id='line_1_16' title="bbox 506 1647 2074 1743; baseline 0.02 -42"><span class='ocrx_word' id='word_1_113' title='bbox 506 1647 694 1705; x_wconf 87' lang='lat' dir='ltr'><strong>datum</strong></span> <span class='ocrx_word' id='word_1_114' title='bbox 725 1657 1069 1723; x_wconf 86' lang='lat' dir='ltr'><strong>comedisse;</strong></span> <span class='ocrx_word' id='word_1_115' title='bbox 1100 1676 1202 1714; x_wconf 91' lang='lat' dir='ltr'><strong>nec</strong></span> <span class='ocrx_word' id='word_1_116' title='bbox 1229 1677 1316 1717; x_wconf 93' lang='lat' dir='ltr'><strong>me</strong></span> <span class='ocrx_word' id='word_1_117' title='bbox 1349 1664 1401 1717; x_wconf 94' lang='lat' dir='ltr'><strong>in</strong></span> <span class='ocrx_word' id='word_1_118' title='bbox 1435 1667 1575 1724; x_wconf 88' lang='lat' dir='ltr'><strong>hanc</strong></span> <span class='ocrx_word' id='word_1_119' title='bbox 1612 1671 1801 1726; x_wconf 90' lang='lat' dir='ltr'><strong>horam</strong></span> <span class='ocrx_word' id='word_1_120' title='bbox 1845 1677 2074 1743; x_wconf 65' lang='lat' dir='ltr'><strong>paenitet</strong></span> 
     </span>
    </p>
   </div>
   <div class='ocr_carea' id='block_1_17' title="bbox 505 1733 2146 1824">
    <p class='ocr_par' dir='ltr' id='par_1_17' title="bbox 505 1733 2146 1824">
     <span class='ocr_line' id='line_1_17' title="bbox 505 1733 2146 1824; baseline 0.021 -40"><span class='ocrx_word' id='word_1_121' title='bbox 505 1733 671 1804; x_wconf 78' lang='lat'><strong>716</strong></span> <span class='ocrx_word' id='word_1_122' title='bbox 708 1736 936 1807; x_wconf 86' lang='lat' dir='ltr'><strong>alicujus</strong></span> <span class='ocrx_word' id='word_1_123' title='bbox 973 1745 1259 1810; x_wconf 85' lang='lat' dir='ltr'><strong>sermonis,</strong></span> <span class='ocrx_word' id='word_1_124' title='bbox 1293 1763 1452 1816; x_wconf 85' lang='lat' dir='ltr'><strong>quem</strong></span> <span class='ocrx_word' id='word_1_125' title='bbox 1496 1752 1721 1811; x_wconf 78' lang='lat' dir='ltr'><strong>dixerim</strong></span> <span class='ocrx_word' id='word_1_126' title='bbox 1755 1769 1852 1824; x_wconf 87' lang='lat' dir='ltr'><strong>;et</strong></span> <span class='ocrx_word' id='word_1_127' title='bbox 1880 1761 1959 1815; x_wconf 90' lang='lat' dir='ltr'><strong>sic</strong></span> <span class='ocrx_word' id='word_1_128' title='bbox 2005 1763 2070 1817; x_wconf 90' lang='lat' dir='ltr'><strong>ad</strong></span> <span class='ocrx_word' id='word_1_129' title='bbox 2097 1763 2146 1824; x_wconf 90' lang='lat' dir='ltr'><strong>B</strong></span> 
     </span>
    </p>
   </div>
   <div class='ocr_carea' id='block_1_18' title="bbox 504 1815 2071 1913">
    <p class='ocr_par' dir='ltr' id='par_1_18' title="bbox 504 1815 2071 1913">
     <span class='ocr_line' id='line_1_18' title="bbox 504 1815 2071 1913; baseline 0.02 -45"><span class='ocrx_word' id='word_1_130' title='bbox 504 1815 674 1871; x_wconf 91' lang='lat' dir='ltr'><strong>Deum</strong></span> <span class='ocrx_word' id='word_1_131' title='bbox 702 1822 919 1886; x_wconf 88' lang='lat' dir='ltr'><strong>recedo,</strong></span> <span class='ocrx_word' id='word_1_132' title='bbox 949 1832 1008 1877; x_wconf 89' lang='lat' dir='ltr'><strong>ut</strong></span> <span class='ocrx_word' id='word_1_133' title='bbox 1036 1826 1126 1894; x_wconf 89' lang='lat' dir='ltr'><strong>qui</strong></span> <span class='ocrx_word' id='word_1_134' title='bbox 1157 1843 1259 1883; x_wconf 90' lang='lat' dir='ltr'><strong>nec</strong></span> <span class='ocrx_word' id='word_1_135' title='bbox 1289 1815 1406 1900; x_wconf 86' lang='lat' dir='ltr'><strong>pius</strong></span> <span class='ocrx_word' id='word_1_136' title='bbox 1441 1835 1656 1902; x_wconf 89' lang='lat' dir='ltr'><strong>quidem</strong></span> <span class='ocrx_word' id='word_1_137' title='bbox 1692 1815 1768 1895; x_wconf 43' lang='lat' dir='ltr'><strong>ac,</strong></span> <span class='ocrx_word' id='word_1_138' title='bbox 1788 1843 2071 1913; x_wconf 85' lang='lat' dir='ltr'><strong>religiosus</strong></span> 
     </span>
    </p>
   </div>
   <div class='ocr_carea' id='block_1_19' title="bbox 501 1904 2071 1984">
    <p class='ocr_par' dir='ltr' id='par_1_19' title="bbox 501 1904 2071 1984">
     <span class='ocr_line' id='line_1_19' title="bbox 501 1904 2071 1984; baseline 0.022 -33"><span class='ocrx_word' id='word_1_139' title='bbox 501 1913 620 1953; x_wconf 90' lang='lat' dir='ltr'><strong>esse</strong></span> <span class='ocrx_word' id='word_1_140' title='bbox 650 1904 933 1971; x_wconf 74' lang='lat' dir='ltr'><strong>cmperim.</strong></span> <span class='ocrx_word' id='word_1_141' title='bbox 966 1905 1080 1963; x_wconf 85' lang='lat' dir='ltr'><strong>Hoc</strong></span> <span class='ocrx_word' id='word_1_142' title='bbox 1112 1926 1328 1982; x_wconf 90' lang='lat' dir='ltr'><strong>quoque</strong></span> <span class='ocrx_word' id='word_1_143' title='bbox 1365 1916 1431 1970; x_wconf 89' lang='lat' dir='ltr'><strong>de</strong></span> <span class='ocrx_word' id='word_1_144' title='bbox 1461 1933 1528 1972; x_wconf 88' lang='lat' dir='ltr'><strong>eo</strong></span> <span class='ocrx_word' id='word_1_145' title='bbox 1560 1919 1805 1978; x_wconf 89' lang='lat' dir='ltr'><strong>ferebant</strong></span> <span class='ocrx_word' id='word_1_146' title='bbox 1833 1904 2071 1984; x_wconf 65' lang='lat' dir='ltr'><strong>testimov</strong></span> 
     </span>
    </p>
   </div>
   <div class='ocr_carea' id='block_1_20' title="bbox 501 1980 2071 2076">
    <p class='ocr_par' dir='ltr' id='par_1_20' title="bbox 501 1980 2071 2076">
     <span class='ocr_line' id='line_1_20' title="bbox 501 1980 2071 2076; baseline 0.019 -42"><span class='ocrx_word' id='word_1_147' title='bbox 501 1980 652 2037; x_wconf 90' lang='lat' dir='ltr'><strong>nium</strong></span> <span class='ocrx_word' id='word_1_148' title='bbox 673 1983 874 2042; x_wconf 89' lang='lat' dir='ltr'><strong>Christi</strong></span> <span class='ocrx_word' id='word_1_149' title='bbox 889 1991 1031 2045; x_wconf 82' lang='lat' dir='ltr'><strong>servi</strong></span> <span class='ocrx_word' id='word_1_150' title='bbox 1055 1980 1317 2064; x_wconf 86' lang='lat' dir='ltr'><strong>Origenes</strong></span> <span class='ocrx_word' id='word_1_151' title='bbox 1337 2006 1391 2052; x_wconf 92' lang='lat' dir='ltr'><strong>et</strong></span> <span class='ocrx_word' id='word_1_152' title='bbox 1409 2001 1750 2068; x_wconf 87' lang='lat' dir='ltr'><strong>Ammonius,</strong></span> <span class='ocrx_word' id='word_1_153' title='bbox 1770 2009 1913 2076; x_wconf 91' lang='lat' dir='ltr'><strong>quod</strong></span> <span class='ocrx_word' id='word_1_154' title='bbox 1937 2026 2071 2064; x_wconf 88' lang='lat' dir='ltr'><strong>nun-</strong></span> 
     </span>
    </p>
   </div>
   <div class='ocr_carea' id='block_1_21' title="bbox 497 2068 2066 2155">
    <p class='ocr_par' dir='ltr' id='par_1_21' title="bbox 497 2068 2066 2155">
     <span class='ocr_line' id='line_1_21' title="bbox 497 2068 2066 2155; baseline 0.019 -37"><span class='ocrx_word' id='word_1_155' title='bbox 497 2081 658 2148; x_wconf 82' lang='lat' dir='ltr'><strong>quam</strong></span> <span class='ocrx_word' id='word_1_156' title='bbox 688 2068 758 2123; x_wconf 91' lang='lat' dir='ltr'><strong>de</strong></span> <span class='ocrx_word' id='word_1_157' title='bbox 787 2085 850 2155; x_wconf 82' lang='lat' dir='ltr'><strong>re</strong></span> <span class='ocrx_word' id='word_1_158' title='bbox 881 2073 1060 2142; x_wconf 88' lang='lat' dir='ltr'><strong>aliqua</strong></span> <span class='ocrx_word' id='word_1_159' title='bbox 1108 2077 1492 2152; x_wconf 81' lang='lat' dir='ltr'><strong>interrogatus,</strong></span> <span class='ocrx_word' id='word_1_160' title='bbox 1545 2102 1666 2155; x_wconf 70' lang='lat' dir='ltr'><strong>quae</strong></span> <span class='ocrx_word' id='word_1_161' title='bbox 1700 2068 1801 2144; x_wconf 45' lang='lat' dir='ltr'><strong>vel-</strong></span> <span class='ocrx_word' id='word_1_162' title='bbox 1825 2091 1890 2145; x_wconf 91' lang='lat' dir='ltr'><strong>ad</strong></span> <span class='ocrx_word' id='word_1_163' title='bbox 1919 2091 2066 2147; x_wconf 84' lang='lat' dir='ltr'><strong>Scri~</strong></span> 
     </span>
    </p>
   </div>
   <div class='ocr_carea' id='block_1_22' title="bbox 497 2143 2065 2243">
    <p class='ocr_par' dir='ltr' id='par_1_22' title="bbox 497 2143 2065 2243">
     <span class='ocr_line' id='line_1_22' title="bbox 497 2143 2065 2243; baseline 0.018 -41"><span class='ocrx_word' id='word_1_164' title='bbox 497 2143 735 2218; x_wconf 81' lang='lat' dir='ltr'><strong>pturam,</strong></span> <span class='ocrx_word' id='word_1_165' title='bbox 768 2153 854 2207; x_wconf 91' lang='lat' dir='ltr'><strong>vel</strong></span> <span class='ocrx_word' id='word_1_166' title='bbox 886 2156 952 2208; x_wconf 91' lang='lat' dir='ltr'><strong>ad</strong></span> <span class='ocrx_word' id='word_1_167' title='bbox 973 2158 1242 2215; x_wconf 87' lang='lat' dir='ltr'><strong>actionem</strong></span> <span class='ocrx_word' id='word_1_168' title='bbox 1269 2143 1614 2234; x_wconf 51' lang='lat' dir='ltr'><strong>nEgOtiiimi&#39;e</strong></span> <span class='ocrx_word' id='word_1_169' title='bbox 1645 2172 1863 2242; x_wconf 88' lang='lat' dir='ltr'><strong>aliquod</strong></span> <span class='ocrx_word' id='word_1_170' title='bbox 1896 2177 2065 2243; x_wconf 88' lang='lat' dir='ltr'><strong>perti-</strong></span> 
     </span>
    </p>
   </div>
   <div class='ocr_carea' id='block_1_23' title="bbox 496 2237 2065 2313">
    <p class='ocr_par' dir='ltr' id='par_1_23' title="bbox 496 2237 2065 2313">
     <span class='ocr_line' id='line_1_23' title="bbox 496 2237 2065 2313; baseline 0.019 -29"><span class='ocrx_word' id='word_1_171' title='bbox 496 2243 672 2301; x_wconf 89' lang='lat' dir='ltr'><strong>neret,</strong></span> <span class='ocrx_word' id='word_1_172' title='bbox 698 2237 880 2291; x_wconf 88' lang='lat' dir='ltr'><strong>statim</strong></span> <span class='ocrx_word' id='word_1_173' title='bbox 912 2243 1274 2313; x_wconf 89' lang='lat' dir='ltr'><strong>responderit,</strong></span> <span class='ocrx_word' id='word_1_174' title='bbox 1305 2250 1398 2304; x_wconf 92' lang='lat' dir='ltr'><strong>sed</strong></span> <span class='ocrx_word' id='word_1_175' title='bbox 1424 2251 1660 2309; x_wconf 83' lang='lat' dir='ltr'><strong>dixerit:</strong></span> <span class='ocrx_word' id='word_1_176' title='bbox 1694 2237 1943 2312; x_wconf 76' lang='lat' dir='ltr'><strong>Nondum</strong></span> <span class='ocrx_word' id='word_1_177' title='bbox 1984 2261 2065 2313; x_wconf 87' lang='lat' dir='ltr'><strong>in-</strong></span> 
     </span>
    </p>
   </div>
   <div class='ocr_carea' id='block_1_24' title="bbox 495 2317 2064 2405">
    <p class='ocr_par' dir='ltr' id='par_1_24' title="bbox 495 2317 2064 2405">
     <span class='ocr_line' id='line_1_24' title="bbox 495 2317 2064 2405; baseline 0.018 -37"><span class='ocrx_word' id='word_1_178' title='bbox 495 2317 617 2370; x_wconf 83' lang='lat' dir='ltr'><strong>veni</strong></span> <span class='ocrx_word' id='word_1_179' title='bbox 631 2319 773 2387; x_wconf 92' lang='lat' dir='ltr'><strong>quod</strong></span> <span class='ocrx_word' id='word_1_180' title='bbox 788 2325 1141 2390; x_wconf 84' lang='lat' dir='ltr'><strong>respondeam</strong></span> <span class='ocrx_word' id='word_1_181' title='bbox 1166 2344 1342 2399; x_wconf 79' lang='lat' dir='ltr'><strong>;s:epe</strong></span> <span class='ocrx_word' id='word_1_182' title='bbox 1360 2344 1537 2388; x_wconf 87' lang='lat' dir='ltr'><strong>autem</strong></span> <span class='ocrx_word' id='word_1_183' title='bbox 1564 2339 1937 2405; x_wconf 62' lang='lat' dir='ltr'><strong>praeterieram</strong></span> <span class='ocrx_word' id='word_1_184' title='bbox 1955 2351 2064 2398; x_wconf 89' lang='lat' dir='ltr'><strong>tres</strong></span> 
     </span>
    </p>
   </div>
   <div class='ocr_carea' id='block_1_25' title="bbox 493 2406 2059 2480">
    <p class='ocr_par' dir='ltr' id='par_1_25' title="bbox 493 2406 2059 2480">
     <span class='ocr_line' id='line_1_25' title="bbox 493 2406 2059 2480; baseline 0.019 -30"><span class='ocrx_word' id='word_1_185' title='bbox 493 2413 731 2465; x_wconf 87' lang='lat' dir='ltr'><strong>menses,</strong></span> <span class='ocrx_word' id='word_1_186' title='bbox 756 2411 810 2457; x_wconf 90' lang='lat' dir='ltr'><strong>et</strong></span> <span class='ocrx_word' id='word_1_187' title='bbox 834 2419 941 2458; x_wconf 91' lang='lat' dir='ltr'><strong>non</strong></span> <span class='ocrx_word' id='word_1_188' title='bbox 968 2406 1127 2462; x_wconf 83' lang='lat' dir='ltr'><strong>dabat</strong></span> <span class='ocrx_word' id='word_1_189' title='bbox 1154 2427 1508 2480; x_wconf 70' lang='lat' dir='ltr'><strong>responsum,</strong></span> <span class='ocrx_word' id='word_1_190' title='bbox 1543 2419 1732 2474; x_wconf 85' lang='lat' dir='ltr'><strong>dicens</strong></span> <span class='ocrx_word' id='word_1_191' title='bbox 1757 2440 1770 2476; x_wconf 86' lang='lat'><strong>:</strong></span> <span class='ocrx_word' id='word_1_192' title='bbox 1809 2422 2059 2480; x_wconf 79' lang='lat' dir='ltr'><strong>Nondum</strong></span> 
     </span>
    </p>
   </div>
   <div class='ocr_carea' id='block_1_26' title="bbox 490 2486 2061 2569">
    <p class='ocr_par' dir='ltr' id='par_1_26' title="bbox 490 2486 2061 2569">
     <span class='ocr_line' id='line_1_26' title="bbox 490 2486 2061 2569; baseline 0.018 -35"><span class='ocrx_word' id='word_1_193' title='bbox 490 2486 902 2551; x_wconf 89' lang='lat' dir='ltr'><strong>comprehendi.</strong></span> <span class='ocrx_word' id='word_1_194' title='bbox 946 2488 1077 2544; x_wconf 88' lang='lat' dir='ltr'><strong>Tam</strong></span> <span class='ocrx_word' id='word_1_195' title='bbox 1109 2495 1448 2553; x_wconf 88' lang='lat' dir='ltr'><strong>considerate</strong></span> <span class='ocrx_word' id='word_1_196' title='bbox 1481 2502 1696 2569; x_wconf 89' lang='lat' dir='ltr'><strong>quidem</strong></span> <span class='ocrx_word' id='word_1_197' title='bbox 1727 2522 1790 2560; x_wconf 79' lang='lat' dir='ltr'><strong>ex</strong></span> <span class='ocrx_word' id='word_1_198' title='bbox 1825 2508 1934 2561; x_wconf 89' lang='lat' dir='ltr'><strong>Deo</strong></span> <span class='ocrx_word' id='word_1_199' title='bbox 1970 2512 2061 2563; x_wconf 89' lang='lat' dir='ltr'><strong>da-</strong></span> 
     </span>
    </p>
   </div>
   <div class='ocr_carea' id='block_1_27' title="bbox 487 2563 2058 2662">
    <p class='ocr_par' dir='ltr' id='par_1_27' title="bbox 487 2563 2058 2662">
     <span class='ocr_line' id='line_1_27' title="bbox 487 2563 2058 2662; baseline 0.021 -46"><span class='ocrx_word' id='word_1_200' title='bbox 487 2563 579 2617; x_wconf 89' lang='lat' dir='ltr'><strong>bat</strong></span> <span class='ocrx_word' id='word_1_201' title='bbox 602 2581 885 2635; x_wconf 86' lang='lat' dir='ltr'><strong>responsa,</strong></span> <span class='ocrx_word' id='word_1_202' title='bbox 904 2581 1009 2626; x_wconf 89' lang='lat' dir='ltr'><strong>uta</strong></span> <span class='ocrx_word' id='word_1_203' title='bbox 1036 2575 1143 2629; x_wconf 89' lang='lat' dir='ltr'><strong>Dco</strong></span> <span class='ocrx_word' id='word_1_204' title='bbox 1165 2592 1286 2632; x_wconf 89' lang='lat' dir='ltr'><strong>eum</strong></span> <span class='ocrx_word' id='word_1_205' title='bbox 1310 2584 1455 2636; x_wconf 91' lang='lat' dir='ltr'><strong>omni</strong></span> <span class='ocrx_word' id='word_1_206' title='bbox 1478 2595 1623 2640; x_wconf 88' lang='lat' dir='ltr'><strong>metu</strong></span> <span class='ocrx_word' id='word_1_207' title='bbox 1643 2604 1832 2644; x_wconf 89' lang='lat' dir='ltr'><strong>omnes</strong></span> <span class='ocrx_word' id='word_1_208' title='bbox 1846 2594 2058 2662; x_wconf 82' lang='lat' dir='ltr'><strong>accipe-</strong></span> 
     </span>
    </p>
   </div>
   <div class='ocr_carea' id='block_1_28' title="bbox 487 2650 2057 2742">
    <p class='ocr_par' dir='ltr' id='par_1_28' title="bbox 487 2650 2057 2742">
     <span class='ocr_line' id='line_1_28' title="bbox 487 2650 2057 2742; baseline 0.021 -45"><span class='ocrx_word' id='word_1_209' title='bbox 487 2655 630 2701; x_wconf 87' lang='lat' dir='ltr'><strong>rent.</strong></span> <span class='ocrx_word' id='word_1_210' title='bbox 658 2650 950 2706; x_wconf 88' lang='lat' dir='ltr'><strong>Dicebatur</strong></span> <span class='ocrx_word' id='word_1_211' title='bbox 969 2656 1114 2709; x_wconf 92' lang='lat' dir='ltr'><strong>enim</strong></span> <span class='ocrx_word' id='word_1_212' title='bbox 1135 2658 1276 2714; x_wconf 88' lang='lat' dir='ltr'><strong>hanc</strong></span> <span class='ocrx_word' id='word_1_213' title='bbox 1302 2663 1558 2720; x_wconf 81' lang='lat' dir='ltr'><strong>virtutem</strong></span> <span class='ocrx_word' id='word_1_214' title='bbox 1577 2669 1741 2723; x_wconf 89' lang='lat' dir='ltr'><strong>etiam</strong></span> <span class='ocrx_word' id='word_1_215' title='bbox 1761 2688 1923 2742; x_wconf 91' lang='lat' dir='ltr'><strong>supra</strong></span> <span class='ocrx_word' id='word_1_216' title='bbox 1939 2691 2057 2730; x_wconf 90' lang='lat' dir='ltr'><strong>ma-</strong></span> 
     </span>
    </p>
   </div>
   <div class='ocr_carea' id='block_1_29' title="bbox 484 2736 2053 2824">
    <p class='ocr_par' dir='ltr' id='par_1_29' title="bbox 484 2736 2053 2824">
     <span class='ocr_line' id='line_1_29' title="bbox 484 2736 2053 2824; baseline 0.021 -42"><span class='ocrx_word' id='word_1_217' title='bbox 484 2743 651 2799; x_wconf 83' lang='lat' dir='ltr'><strong>gnum</strong></span> <span class='ocrx_word' id='word_1_218' title='bbox 671 2736 987 2802; x_wconf 87' lang='lat' dir='ltr'><strong>Antonium,</strong></span> <span class='ocrx_word' id='word_1_219' title='bbox 1010 2749 1065 2794; x_wconf 88' lang='lat' dir='ltr'><strong>et</strong></span> <span class='ocrx_word' id='word_1_220' title='bbox 1083 2755 1248 2811; x_wconf 77' lang='lat' dir='ltr'><strong>super</strong></span> <span class='ocrx_word' id='word_1_221' title='bbox 1272 2760 1462 2802; x_wconf 92' lang='lat' dir='ltr'><strong>omnes</strong></span> <span class='ocrx_word' id='word_1_222' title='bbox 1488 2763 1706 2808; x_wconf 86' lang='lat' dir='ltr'><strong>sanctos</strong></span> <span class='ocrx_word' id='word_1_223' title='bbox 1727 2759 2053 2824; x_wconf 81' lang='lat' dir='ltr'><strong>exercuisse,</strong></span> 
     </span>
    </p>
   </div>
   <div class='ocr_carea' id='block_1_30' title="bbox 485 2822 2050 2908">
    <p class='ocr_par' dir='ltr' id='par_1_30' title="bbox 485 2822 2050 2908">
     <span class='ocr_line' id='line_1_30' title="bbox 485 2822 2050 2908; baseline 0.02 -42"><span class='ocrx_word' id='word_1_224' title='bbox 485 2826 682 2884; x_wconf 88' lang='lat' dir='ltr'><strong>nempe</strong></span> <span class='ocrx_word' id='word_1_225' title='bbox 702 2826 762 2871; x_wconf 90' lang='lat' dir='ltr'><strong>ut</strong></span> <span class='ocrx_word' id='word_1_226' title='bbox 783 2830 929 2876; x_wconf 89' lang='lat' dir='ltr'><strong>esset</strong></span> <span class='ocrx_word' id='word_1_227' title='bbox 956 2822 1008 2876; x_wconf 92' lang='lat' dir='ltr'><strong>in</strong></span> <span class='ocrx_word' id='word_1_228' title='bbox 1038 2822 1310 2892; x_wconf 90' lang='lat' dir='ltr'><strong>loquendo</strong></span> <span class='ocrx_word' id='word_1_229' title='bbox 1341 2844 1629 2890; x_wconf 86' lang='lat' dir='ltr'><strong>accuratus</strong></span> <span class='ocrx_word' id='word_1_230' title='bbox 1668 2846 1722 2892; x_wconf 93' lang='lat' dir='ltr'><strong>et</strong></span> <span class='ocrx_word' id='word_1_231' title='bbox 1750 2822 2050 2908; x_wconf 76' lang='lat' dir='ltr'><strong>perfectus.</strong></span> 
     </span>
    </p>
   </div>
   <div class='ocr_carea' id='block_1_31' title="bbox 1089 2947 1444 3006">
    <p class='ocr_par' dir='ltr' id='par_1_31' title="bbox 1089 2947 1444 3006">
     <span class='ocr_line' id='line_1_31' title="bbox 1089 2947 1444 3006; baseline 0.011 -4"><span class='ocrx_word' id='word_1_232' title='bbox 1089 2947 1321 3006; x_wconf 78' lang='lat' dir='ltr'><strong>CAPUT</strong></span> <span class='ocrx_word' id='word_1_233' title='bbox 1349 2951 1444 3006; x_wconf 84' lang='grc' dir='ltr'><strong>Χῐ.</strong></span> 
     </span>
    </p>
   </div>
   <div class='ocr_carea' id='block_1_32' title="bbox 940 3033 1606 3119">
    <p class='ocr_par' dir='ltr' id='par_1_32' title="bbox 940 3033 1606 3119">
     <span class='ocr_line' id='line_1_32' title="bbox 940 3033 1606 3119; baseline 0.023 -32"><span class='ocrx_word' id='word_1_234' title='bbox 940 3033 1057 3091; x_wconf 97' lang='lat' dir='ltr'><strong>Vita</strong></span> <span class='ocrx_word' id='word_1_235' title='bbox 1081 3039 1288 3096; x_wconf 82' lang='lat' dir='ltr'><strong>abbatis</strong></span> <span class='ocrx_word' id='word_1_236' title='bbox 1321 3044 1446 3099; x_wconf 86' lang='lat' dir='ltr'><strong>Pior</strong></span> <span class='ocrx_word' id='word_1_237' title='bbox 1472 3048 1606 3119; x_wconf 79' lang='grc'><strong>(50).</strong></span> 
     </span>
    </p>
   </div>
   <div class='ocr_carea' id='block_1_33' title="bbox 539 3137 2048 3232">
    <p class='ocr_par' dir='ltr' id='par_1_33' title="bbox 539 3137 2048 3232">
     <span class='ocr_line' id='line_1_33' title="bbox 539 3137 2048 3232; baseline 0.027 -42"><span class='ocrx_word' id='word_1_238' title='bbox 539 3137 744 3195; x_wconf 84' lang='lat' dir='ltr'><strong>Fertur</strong></span> <span class='ocrx_word' id='word_1_239' title='bbox 780 3155 960 3200; x_wconf 90' lang='lat' dir='ltr'><strong>autem</strong></span> <span class='ocrx_word' id='word_1_240' title='bbox 993 3163 1193 3218; x_wconf 63' lang='lat' dir='ltr'><strong>praeter</strong></span> <span class='ocrx_word' id='word_1_241' title='bbox 1207 3157 1310 3211; x_wconf 88' lang='lat' dir='ltr'><strong>alia</strong></span> <span class='ocrx_word' id='word_1_242' title='bbox 1334 3158 1450 3214; x_wconf 66' lang='lat' dir='ltr'><strong>haec</strong></span> <span class='ocrx_word' id='word_1_243' title='bbox 1477 3176 1691 3232; x_wconf 89' lang='lat' dir='ltr'><strong>quoque</strong></span> <span class='ocrx_word' id='word_1_244' title='bbox 1712 3167 1854 3223; x_wconf 91' lang='lat' dir='ltr'><strong>actio</strong></span> <span class='ocrx_word' id='word_1_245' title='bbox 1875 3175 2048 3232; x_wconf 89' lang='lat' dir='ltr'><strong>sancti</strong></span> 
     </span>
    </p>
   </div>
   <div class='ocr_carea' id='block_1_34' title="bbox 475 3217 2046 3312">
    <p class='ocr_par' dir='ltr' id='par_1_34' title="bbox 475 3217 2046 3312">
     <span class='ocr_line' id='line_1_34' title="bbox 475 3217 2046 3312; baseline 0.026 -40"><span class='ocrx_word' id='word_1_246' title='bbox 475 3217 741 3292; x_wconf 79' lang='lat' dir='ltr'><strong>Pambon,</strong></span> <span class='ocrx_word' id='word_1_247' title='bbox 777 3231 920 3296; x_wconf 92' lang='lat' dir='ltr'><strong>quod</strong></span> <span class='ocrx_word' id='word_1_248' title='bbox 949 3217 1092 3300; x_wconf 87' lang='lat' dir='ltr'><strong>Pior,</strong></span> <span class='ocrx_word' id='word_1_249' title='bbox 1124 3239 1213 3306; x_wconf 92' lang='lat' dir='ltr'><strong>qui</strong></span> <span class='ocrx_word' id='word_1_250' title='bbox 1243 3255 1300 3294; x_wconf 90' lang='lat' dir='ltr'><strong>se</strong></span> <span class='ocrx_word' id='word_1_251' title='bbox 1331 3241 1382 3294; x_wconf 93' lang='lat' dir='ltr'><strong>in</strong></span> <span class='ocrx_word' id='word_1_252' title='bbox 1416 3217 1522 3298; x_wconf 69' lang='lat' dir='ltr'><strong>vita</strong></span> <span class='ocrx_word' id='word_1_253' title='bbox 1549 3217 1833 3306; x_wconf 61' lang='lat' dir='ltr'><strong>exercebat</strong></span> <span class='ocrx_word' id='word_1_254' title='bbox 1854 3270 2046 3312; x_wconf 90' lang='lat' dir='ltr'><strong>mona-</strong></span> 
     </span>
    </p>
   </div>
   <div class='ocr_carea' id='block_1_35' title="bbox 473 3305 2042 3408">
    <p class='ocr_par' dir='ltr' id='par_1_35' title="bbox 473 3305 2042 3408">
     <span class='ocr_line' id='line_1_35' title="bbox 473 3305 2042 3408; baseline 0.026 -53"><span class='ocrx_word' id='word_1_255' title='bbox 473 3305 629 3370; x_wconf 87' lang='lat' dir='ltr'><strong>stica,</strong></span> <span class='ocrx_word' id='word_1_256' title='bbox 661 3308 727 3362; x_wconf 89' lang='lat' dir='ltr'><strong>ad</strong></span> <span class='ocrx_word' id='word_1_257' title='bbox 753 3311 872 3378; x_wconf 88' lang='lat' dir='ltr'><strong>ejus</strong></span> <span class='ocrx_word' id='word_1_258' title='bbox 899 3316 1088 3371; x_wconf 85' lang='lat' dir='ltr'><strong>cellam</strong></span> <span class='ocrx_word' id='word_1_259' title='bbox 1121 3305 1415 3390; x_wconf 81' lang='lat' dir='ltr'><strong>aliquando</strong></span> <span class='ocrx_word' id='word_1_260' title='bbox 1444 3331 1726 3394; x_wconf 87' lang='lat' dir='ltr'><strong>accedens.</strong></span> <span class='ocrx_word' id='word_1_261' title='bbox 1765 3340 2042 3408; x_wconf 89' lang='lat' dir='ltr'><strong>proprium</strong></span> 
     </span>
    </p>
   </div>
   <div class='ocr_carea' id='block_1_36' title="bbox 473 3392 2042 3489">
    <p class='ocr_par' dir='ltr' id='par_1_36' title="bbox 473 3392 2042 3489">
     <span class='ocr_line' id='line_1_36' title="bbox 473 3392 2042 3489; baseline 0.026 -50"><span class='ocrx_word' id='word_1_262' title='bbox 473 3403 669 3455; x_wconf 83' lang='lat' dir='ltr'><strong>panem</strong></span> <span class='ocrx_word' id='word_1_263' title='bbox 701 3392 913 3450; x_wconf 91' lang='lat' dir='ltr'><strong>detulit.</strong></span> <span class='ocrx_word' id='word_1_264' title='bbox 945 3399 1080 3453; x_wconf 86' lang='lat' dir='ltr'><strong>Cum</strong></span> <span class='ocrx_word' id='word_1_265' title='bbox 1109 3419 1232 3458; x_wconf 91' lang='lat' dir='ltr'><strong>eum</strong></span> <span class='ocrx_word' id='word_1_266' title='bbox 1263 3417 1444 3464; x_wconf 90' lang='lat' dir='ltr'><strong>autem</strong></span> <span class='ocrx_word' id='word_1_267' title='bbox 1480 3392 1723 3470; x_wconf 85' lang='lat' dir='ltr'><strong>Pambon</strong></span> <span class='ocrx_word' id='word_1_268' title='bbox 1741 3392 2042 3489; x_wconf 65' lang='lat' dir='ltr'><strong>reprehen—</strong></span> 
     </span>
    </p>
   </div>
   <div class='ocr_carea' id='block_1_37' title="bbox 470 3473 2041 3568">
    <p class='ocr_par' dir='ltr' id='par_1_37' title="bbox 470 3473 2041 3568">
     <span class='ocr_line' id='line_1_37' title="bbox 470 3473 2041 3568; baseline 0.024 -42"><span class='ocrx_word' id='word_1_269' title='bbox 470 3473 661 3541; x_wconf 87' lang='lat' dir='ltr'><strong>disset,</strong></span> <span class='ocrx_word' id='word_1_270' title='bbox 681 3477 900 3534; x_wconf 88' lang='lat' dir='ltr'><strong>dicens:</strong></span> <span class='ocrx_word' id='word_1_271' title='bbox 933 3483 1044 3538; x_wconf 89' lang='lat' dir='ltr'><strong>Cur</strong></span> <span class='ocrx_word' id='word_1_272' title='bbox 1075 3488 1178 3543; x_wconf 91' lang='lat' dir='ltr'><strong>hoc</strong></span> <span class='ocrx_word' id='word_1_273' title='bbox 1203 3489 1378 3548; x_wconf 90' lang='lat' dir='ltr'><strong>fecisti</strong></span> <span class='ocrx_word' id='word_1_274' title='bbox 1411 3496 1435 3548; x_wconf 88' lang='lat'><strong>?</strong></span> <span class='ocrx_word' id='word_1_275' title='bbox 1465 3503 1746 3568; x_wconf 90' lang='lat' dir='ltr'><strong>respondit</strong></span> <span class='ocrx_word' id='word_1_276' title='bbox 1771 3473 1931 3562; x_wconf 46' lang='lat' dir='ltr'><strong>Plior:</strong></span> <span class='ocrx_word' id='word_1_277' title='bbox 1964 3507 2041 3566; x_wconf 87' lang='lat' dir='ltr'><strong>Ne</strong></span> 
     </span>
    </p>
   </div>
   <div class='ocr_carea' id='block_1_38' title="bbox 469 3563 2039 3648">
    <p class='ocr_par' dir='ltr' id='par_1_38' title="bbox 469 3563 2039 3648">
     <span class='ocr_line' id='line_1_38' title="bbox 469 3563 2039 3648; baseline 0.027 -41"><span class='ocrx_word' id='word_1_278' title='bbox 469 3563 525 3610; x_wconf 90' lang='lat' dir='ltr'><strong>te</strong></span> <span class='ocrx_word' id='word_1_279' title='bbox 555 3573 856 3628; x_wconf 85' lang='lat' dir='ltr'><strong>gravarem.</strong></span> <span class='ocrx_word' id='word_1_280' title='bbox 891 3564 1072 3636; x_wconf 87' lang='lat' dir='ltr'><strong>Itaque</strong></span> <span class='ocrx_word' id='word_1_281' title='bbox 1123 3574 1320 3630; x_wconf 90' lang='lat' dir='ltr'><strong>tacitus</strong></span> <span class='ocrx_word' id='word_1_282' title='bbox 1349 3593 1474 3633; x_wconf 84' lang='lat' dir='ltr'><strong>eum</strong></span> <span class='ocrx_word' id='word_1_283' title='bbox 1514 3563 1737 3640; x_wconf 83' lang='lat' dir='ltr'><strong>dimisit.</strong></span> <span class='ocrx_word' id='word_1_284' title='bbox 1769 3589 1898 3646; x_wconf 87' lang='lat' dir='ltr'><strong>Post</strong></span> <span class='ocrx_word' id='word_1_285' title='bbox 1935 3563 2039 3648; x_wconf 59' lang='lat' dir='ltr'><strong>ali;</strong></span> 
     </span>
    </p>
   </div>
   <div class='ocr_carea' id='block_1_39' title="bbox 466 3652 2035 3740">
    <p class='ocr_par' dir='ltr' id='par_1_39' title="bbox 466 3652 2035 3740">
     <span class='ocr_line' id='line_1_39' title="bbox 466 3652 2035 3740; baseline 0.027 -47"><span class='ocrx_word' id='word_1_286' title='bbox 466 3652 731 3710; x_wconf 90' lang='lat' dir='ltr'><strong>quantum</strong></span> <span class='ocrx_word' id='word_1_287' title='bbox 747 3657 926 3702; x_wconf 88' lang='lat' dir='ltr'><strong>autem</strong></span> <span class='ocrx_word' id='word_1_288' title='bbox 953 3657 1214 3723; x_wconf 89' lang='lat' dir='ltr'><strong>temporis</strong></span> <span class='ocrx_word' id='word_1_289' title='bbox 1245 3663 1510 3718; x_wconf 89' lang='lat' dir='ltr'><strong>accedens</strong></span> <span class='ocrx_word' id='word_1_290' title='bbox 1541 3682 1767 3740; x_wconf 87' lang='lat' dir='ltr'><strong>magnus</strong></span> <span class='ocrx_word' id='word_1_291' title='bbox 1796 3672 2035 3734; x_wconf 89' lang='lat' dir='ltr'><strong>Pambon</strong></span> 
     </span>
    </p>
   </div>
   <div class='ocr_carea' id='block_1_40' title="bbox 465 3727 2034 3817">
    <p class='ocr_par' dir='ltr' id='par_1_40' title="bbox 465 3727 2034 3817">
     <span class='ocr_line' id='line_1_40' title="bbox 465 3727 2034 3817; baseline 0.025 -39"><span class='ocrx_word' id='word_1_292' title='bbox 465 3727 532 3780; x_wconf 87' lang='lat' dir='ltr'><strong>ad</strong></span> <span class='ocrx_word' id='word_1_293' title='bbox 576 3729 768 3784; x_wconf 85' lang='lat' dir='ltr'><strong>cellam</strong></span> <span class='ocrx_word' id='word_1_294' title='bbox 814 3732 960 3799; x_wconf 81' lang='lat' dir='ltr'><strong>Pior,</strong></span> <span class='ocrx_word' id='word_1_295' title='bbox 995 3753 1191 3806; x_wconf 89' lang='lat' dir='ltr'><strong>panem</strong></span> <span class='ocrx_word' id='word_1_296' title='bbox 1230 3759 1390 3800; x_wconf 92' lang='lat' dir='ltr'><strong>suum</strong></span> <span class='ocrx_word' id='word_1_297' title='bbox 1435 3727 2034 3817; x_wconf 48' lang='lat' dir='ltr'><strong>secumymadefactum</strong></span> 
     </span>
    </p>
   </div>
   <div class='ocr_carea' id='block_1_41' title="bbox 463 3813 2037 3916">
    <p class='ocr_par' dir='ltr' id='par_1_41' title="bbox 463 3813 2037 3916">
     <span class='ocr_line' id='line_1_41' title="bbox 463 3813 2037 3916; baseline 0.025 -53"><span class='ocrx_word' id='word_1_298' title='bbox 463 3813 666 3867; x_wconf 90' lang='lat' dir='ltr'><strong>attulit.</strong></span> <span class='ocrx_word' id='word_1_299' title='bbox 693 3815 774 3870; x_wconf 86' lang='lat' dir='ltr'><strong>Ab</strong></span> <span class='ocrx_word' id='word_1_300' title='bbox 803 3833 869 3872; x_wconf 82' lang='lat' dir='ltr'><strong>eo</strong></span> <span class='ocrx_word' id='word_1_301' title='bbox 897 3833 1081 3876; x_wconf 90' lang='lat' dir='ltr'><strong>autem</strong></span> <span class='ocrx_word' id='word_1_302' title='bbox 1114 3839 1352 3898; x_wconf 89' lang='lat' dir='ltr'><strong>rogatus,</strong></span> <span class='ocrx_word' id='word_1_303' title='bbox 1385 3848 1619 3902; x_wconf 89' lang='lat' dir='ltr'><strong>quanam</strong></span> <span class='ocrx_word' id='word_1_304' title='bbox 1656 3839 1725 3894; x_wconf 91' lang='lat' dir='ltr'><strong>de</strong></span> <span class='ocrx_word' id='word_1_305' title='bbox 1753 3858 1910 3898; x_wconf 87' lang='lat' dir='ltr'><strong>causa</strong></span> <span class='ocrx_word' id='word_1_306' title='bbox 1940 3861 2037 3916; x_wconf 90' lang='lat' dir='ltr'><strong>pa-</strong></span> 
     </span>
    </p>
   </div>
   <div class='ocr_carea' id='block_1_42' title="bbox 461 3901 2033 3988">
    <p class='ocr_par' dir='ltr' id='par_1_42' title="bbox 461 3901 2033 3988">
     <span class='ocr_line' id='line_1_42' title="bbox 461 3901 2033 3988; baseline 0.025 -40"><span class='ocrx_word' id='word_1_307' title='bbox 461 3909 585 3951; x_wconf 88' lang='lat' dir='ltr'><strong>nem</strong></span> <span class='ocrx_word' id='word_1_308' title='bbox 604 3901 874 3958; x_wconf 89' lang='lat' dir='ltr'><strong>attulisset</strong></span> <span class='ocrx_word' id='word_1_309' title='bbox 892 3907 1276 3980; x_wconf 91' lang='lat' dir='ltr'><strong>madefactum,</strong></span> <span class='ocrx_word' id='word_1_310' title='bbox 1309 3901 1590 3988; x_wconf 80' lang='lat' dir='ltr'><strong>respondit</strong></span> <span class='ocrx_word' id='word_1_311' title='bbox 1611 3924 1884 3985; x_wconf 85' lang='lat' dir='ltr'><strong>Pambon:</strong></span> <span class='ocrx_word' id='word_1_312' title='bbox 1911 3901 2033 3988; x_wconf 83' lang='lat' dir='ltr'><strong>Ideo</strong></span> 
     </span>
    </p>
   </div>
   <div class='ocr_carea' id='block_1_43' title="bbox 460 3981 1655 4071">
    <p class='ocr_par' dir='ltr' id='par_1_43' title="bbox 460 3981 1655 4071">
     <span class='ocr_line' id='line_1_43' title="bbox 460 3981 1655 4071; baseline 0.024 -38"><span class='ocrx_word' id='word_1_313' title='bbox 460 3981 746 4052; x_wconf 88' lang='lat' dir='ltr'><strong>madefeci,</strong></span> <span class='ocrx_word' id='word_1_314' title='bbox 778 4002 848 4042; x_wconf 91' lang='lat' dir='ltr'><strong>ne</strong></span> <span class='ocrx_word' id='word_1_315' title='bbox 875 4005 973 4060; x_wconf 89' lang='lat' dir='ltr'><strong>ego</strong></span> <span class='ocrx_word' id='word_1_316' title='bbox 1001 4008 1217 4066; x_wconf 90' lang='lat' dir='ltr'><strong>quoque</strong></span> <span class='ocrx_word' id='word_1_317' title='bbox 1249 4007 1301 4054; x_wconf 88' lang='lat' dir='ltr'><strong>te</strong></span> <span class='ocrx_word' id='word_1_318' title='bbox 1329 3981 1655 4071; x_wconf 55' lang='lat' dir='ltr'><strong>gravaremu</strong></span> 
     </span>
    </p>
   </div>
   <div class='ocr_carea' id='block_1_44' title="bbox 1048 4135 1439 4204">
    <p class='ocr_par' dir='ltr' id='par_1_44' title="bbox 1048 4135 1439 4204">
     <span class='ocr_line' id='line_1_44' title="bbox 1048 4135 1439 4204; baseline 0.026 -15"><span class='ocrx_word' id='word_1_319' title='bbox 1048 4135 1278 4204; x_wconf 87' lang='lat' dir='ltr'><strong>CAPUT</strong></span> <span class='ocrx_word' id='word_1_320' title='bbox 1323 4142 1439 4200; x_wconf 80' lang='lat' dir='ltr'><strong>XII.</strong></span> 
     </span>
    </p>
   </div>
   <div class='ocr_carea' id='block_1_45' title="bbox 460 4214 2026 4357">
    <p class='ocr_par' dir='ltr' id='par_1_45' title="bbox 460 4214 2026 4357">
     <span class='ocr_line' id='line_1_45' title="bbox 460 4214 2026 4357; baseline 0.022 -88"><span class='ocrx_word' id='word_1_321' title='bbox 460 4214 577 4271; x_wconf 86' lang='lat' dir='ltr'><strong>Vita</strong></span> <span class='ocrx_word' id='word_1_322' title='bbox 619 4220 824 4278; x_wconf 84' lang='lat' dir='ltr'><strong>abbatis</strong></span> <span class='ocrx_word' id='word_1_323' title='bbox 866 4227 1136 4284; x_wconf 81' lang='lat' dir='ltr'><strong>Ammonii</strong></span> <span class='ocrx_word' id='word_1_324' title='bbox 1184 4234 1296 4357; x_wconf 55' lang='lat' dir='ltr'><strong>(Si!)</strong></span> <span class='ocrx_word' id='word_1_325' title='bbox 1336 4246 1384 4288; x_wconf 79' lang='lat' dir='ltr'><strong>et</strong></span> <span class='ocrx_word' id='word_1_326' title='bbox 1435 4239 1664 4307; x_wconf 80' lang='lat' dir='ltr'><strong>fratrum</strong></span> <span class='ocrx_word' id='word_1_327' title='bbox 1707 4245 1868 4301; x_wconf 74' lang='lat' dir='ltr'><strong>simul</strong></span> <span class='ocrx_word' id='word_1_328' title='bbox 1907 4264 2026 4304; x_wconf 83' lang='lat' dir='ltr'><strong>cum</strong></span> 
     </span>
     <span class='ocr_line' id='line_1_46' title="bbox 1093 4318 1381 4357; baseline 0.007 -2"><span class='ocrx_word' id='word_1_329' title='bbox 1093 4318 1261 4357; x_wconf 78' lang='lat' dir='ltr'><strong>sorori</strong></span> <span class='ocrx_word' id='word_1_330' title='bbox 1302 4323 1381 4357; x_wconf 82' lang='lat' dir='ltr'><strong>us.</strong></span> 
     </span>
    </p>
   </div>
   <div class='ocr_carea' id='block_1_46' title="bbox 1093 4318 1381 4360">
    <p class='ocr_par' dir='ltr' id='par_1_46' title="bbox 1093 4318 1381 4360">
     <span class='ocr_line' id='line_1_47' title="bbox 1093 4318 1381 4360; baseline 0.021 -6"><span class='ocrx_word' id='word_1_331' title='bbox 1093 4318 1381 4360; x_wconf 73' lang='grc' dir='ltr'><strong>δονονιυιιδ.</strong></span> 
     </span>
    </p>
   </div>
   <div class='ocr_carea' id='block_1_47' title="bbox 442 4745 2017 4833">
    <p class='ocr_par' dir='ltr' id='par_1_47' title="bbox 442 4745 2017 4833">
     <span class='ocr_line' id='line_1_48' title="bbox 442 4745 2017 4833; baseline 0.022 -44"><span class='ocrx_word' id='word_1_332' title='bbox 442 4751 550 4807; x_wconf 86' lang='lat' dir='ltr'><strong>que</strong></span> <span class='ocrx_word' id='word_1_333' title='bbox 579 4745 990 4811; x_wconf 89' lang='lat' dir='ltr'><strong>monasterium,</strong></span> <span class='ocrx_word' id='word_1_334' title='bbox 1009 4747 1248 4806; x_wconf 89' lang='lat' dir='ltr'><strong>virorum</strong></span> <span class='ocrx_word' id='word_1_335' title='bbox 1277 4753 1489 4811; x_wconf 88' lang='lat' dir='ltr'><strong>scilicet</strong></span> <span class='ocrx_word' id='word_1_336' title='bbox 1517 4767 1571 4812; x_wconf 90' lang='lat' dir='ltr'><strong>et</strong></span> <span class='ocrx_word' id='word_1_337' title='bbox 1598 4762 1909 4833; x_wconf 89' lang='lat' dir='ltr'><strong>mulierum,</strong></span> <span class='ocrx_word' id='word_1_338' title='bbox 1944 4769 2017 4825; x_wconf 92' lang='lat' dir='ltr'><strong>ita</strong></span> 
     </span>
    </p>
   </div>
   <div class='ocr_carea' id='block_1_48' title="bbox 441 4825 2016 4912">
    <p class='ocr_par' dir='ltr' id='par_1_48' title="bbox 441 4825 2016 4912">
     <span class='ocr_line' id='line_1_49' title="bbox 441 4825 2016 4912; baseline 0.022 -37"><span class='ocrx_word' id='word_1_339' title='bbox 441 4830 501 4876; x_wconf 90' lang='lat' dir='ltr'><strong>ut</strong></span> <span class='ocrx_word' id='word_1_340' title='bbox 535 4825 668 4878; x_wconf 89' lang='lat' dir='ltr'><strong>satis</strong></span> <span class='ocrx_word' id='word_1_341' title='bbox 692 4842 945 4899; x_wconf 87' lang='lat' dir='ltr'><strong>magnum</strong></span> <span class='ocrx_word' id='word_1_342' title='bbox 973 4831 1335 4894; x_wconf 90' lang='lat' dir='ltr'><strong>intercederet</strong></span> <span class='ocrx_word' id='word_1_343' title='bbox 1358 4842 1612 4908; x_wconf 90' lang='lat' dir='ltr'><strong>spatium.</strong></span> <span class='ocrx_word' id='word_1_344' title='bbox 1633 4846 1898 4912; x_wconf 88' lang='lat' dir='ltr'><strong>Quoniam</strong></span> <span class='ocrx_word' id='word_1_345' title='bbox 1915 4868 2016 4908; x_wconf 92' lang='lat' dir='ltr'><strong>au-</strong></span> 
     </span>
    </p>
   </div>
   <div class='ocr_carea' id='block_1_49' title="bbox 438 4908 2013 4998">
    <p class='ocr_par' dir='ltr' id='par_1_49' title="bbox 438 4908 2013 4998">
     <span class='ocr_line' id='line_1_50' title="bbox 438 4908 2013 4998; baseline 0.025 -40"><span class='ocrx_word' id='word_1_346' title='bbox 438 4914 546 4960; x_wconf 92' lang='lat' dir='ltr'><strong>tem</strong></span> <span class='ocrx_word' id='word_1_347' title='bbox 584 4908 871 4980; x_wconf 86' lang='lat' dir='ltr'><strong>insigniter</strong></span> <span class='ocrx_word' id='word_1_348' title='bbox 903 4915 1096 4973; x_wconf 90' lang='lat' dir='ltr'><strong>doetus</strong></span> <span class='ocrx_word' id='word_1_349' title='bbox 1128 4931 1244 4976; x_wconf 86' lang='lat' dir='ltr'><strong>erat</strong></span> <span class='ocrx_word' id='word_1_350' title='bbox 1277 4925 1514 4981; x_wconf 88' lang='lat' dir='ltr'><strong>virorum</strong></span> <span class='ocrx_word' id='word_1_351' title='bbox 1533 4908 1772 4998; x_wconf 80' lang='lat' dir='ltr'><strong>optimus</strong></span> <span class='ocrx_word' id='word_1_352' title='bbox 1793 4937 2013 4997; x_wconf 80' lang='lat' dir='ltr'><strong>Ammo-</strong></span> 
     </span>
    </p>
   </div>
   <div class='ocr_carea' id='block_1_50' title="bbox 435 4990 2014 5092">
    <p class='ocr_par' dir='ltr' id='par_1_50' title="bbox 435 4990 2014 5092">
     <span class='ocr_line' id='line_1_51' title="bbox 435 4990 2014 5092; baseline 0.026 -52"><span class='ocrx_word' id='word_1_353' title='bbox 435 4990 580 5054; x_wconf 89' lang='lat' dir='ltr'><strong>nius,</strong></span> <span class='ocrx_word' id='word_1_354' title='bbox 603 4994 850 5060; x_wconf 69' lang='lat' dir='ltr'><strong>quaadam</strong></span> <span class='ocrx_word' id='word_1_355' title='bbox 867 4999 1063 5057; x_wconf 88' lang='lat' dir='ltr'><strong>civitas</strong></span> <span class='ocrx_word' id='word_1_356' title='bbox 1087 5002 1421 5064; x_wconf 89' lang='lat' dir='ltr'><strong>desideravit</strong></span> <span class='ocrx_word' id='word_1_357' title='bbox 1439 4990 1789 5074; x_wconf 45' lang='lat' dir='ltr'><strong>eum-habere</strong></span> <span class='ocrx_word' id='word_1_358' title='bbox 1809 5023 2014 5092; x_wconf 84' lang='lat' dir='ltr'><strong>episco-</strong></span> 
     </span>
    </p>
   </div>
   <div class='ocr_carea' id='block_1_51' title="bbox 435 5076 2007 5164">
    <p class='ocr_par' dir='ltr' id='par_1_51' title="bbox 435 5076 2007 5164">
     <span class='ocr_line' id='line_1_52' title="bbox 435 5076 2007 5164; baseline 0.025 -40"><span class='ocrx_word' id='word_1_359' title='bbox 435 5086 584 5140; x_wconf 87' lang='lat' dir='ltr'><strong>pum.</strong></span> <span class='ocrx_word' id='word_1_360' title='bbox 619 5076 721 5141; x_wconf 87' lang='lat' dir='ltr'><strong>Qui</strong></span> <span class='ocrx_word' id='word_1_361' title='bbox 759 5093 882 5134; x_wconf 91' lang='lat' dir='ltr'><strong>cum</strong></span> <span class='ocrx_word' id='word_1_362' title='bbox 908 5087 1274 5144; x_wconf 87' lang='lat' dir='ltr'><strong>accessissent</strong></span> <span class='ocrx_word' id='word_1_363' title='bbox 1307 5092 1371 5146; x_wconf 89' lang='lat' dir='ltr'><strong>ad</strong></span> <span class='ocrx_word' id='word_1_364' title='bbox 1411 5093 1630 5154; x_wconf 78' lang='lat' dir='ltr'><strong>beatum</strong></span> <span class='ocrx_word' id='word_1_365' title='bbox 1661 5076 2007 5164; x_wconf 76' lang='lat' dir='ltr'><strong>Timotheum</strong></span> 
     </span>
    </p>
   </div>
   <div class='ocr_carea' id='block_1_52' title="bbox 431 5158 2009 5253">
    <p class='ocr_par' dir='ltr' id='par_1_52' title="bbox 431 5158 2009 5253">
     <span class='ocr_line' id='line_1_53' title="bbox 431 5158 2009 5253; baseline 0.025 -43"><span class='ocrx_word' id='word_1_366' title='bbox 431 5158 767 5231; x_wconf 83' lang='lat' dir='ltr'><strong>cpiscOpum,</strong></span> <span class='ocrx_word' id='word_1_367' title='bbox 789 5179 1048 5234; x_wconf 87' lang='lat' dir='ltr'><strong>rogarunt</strong></span> <span class='ocrx_word' id='word_1_368' title='bbox 1070 5186 1192 5226; x_wconf 91' lang='lat' dir='ltr'><strong>eum</strong></span> <span class='ocrx_word' id='word_1_369' title='bbox 1222 5177 1376 5232; x_wconf 90' lang='lat' dir='ltr'><strong>uteis</strong></span> <span class='ocrx_word' id='word_1_370' title='bbox 1391 5181 1704 5253; x_wconf 82' lang='lat' dir='ltr'><strong>episcopum</strong></span> <span class='ocrx_word' id='word_1_371' title='bbox 1731 5189 2009 5249; x_wconf 88' lang='lat' dir='ltr'><strong>ordinaret</strong></span> 
     </span>
    </p>
   </div>
   <div class='ocr_carea' id='block_1_53' title="bbox 427 5240 2002 5343">
    <p class='ocr_par' dir='ltr' id='par_1_53' title="bbox 427 5240 2002 5343">
     <span class='ocr_line' id='line_1_54' title="bbox 427 5240 2002 5343; baseline 0.026 -51"><span class='ocrx_word' id='word_1_372' title='bbox 427 5240 797 5304; x_wconf 84' lang='lat' dir='ltr'><strong>Ammonium.</strong></span> <span class='ocrx_word' id='word_1_373' title='bbox 830 5249 924 5304; x_wconf 89' lang='lat' dir='ltr'><strong>Ille</strong></span> <span class='ocrx_word' id='word_1_374' title='bbox 949 5264 1130 5309; x_wconf 90' lang='lat' dir='ltr'><strong>autem</strong></span> <span class='ocrx_word' id='word_1_375' title='bbox 1159 5257 1320 5314; x_wconf 89' lang='lat' dir='ltr'><strong>dicit:</strong></span> <span class='ocrx_word' id='word_1_376' title='bbox 1354 5240 1619 5322; x_wconf 62' lang='lat' dir='ltr'><strong>Adducite</strong></span> <span class='ocrx_word' id='word_1_377' title='bbox 1649 5285 1775 5326; x_wconf 92' lang='lat' dir='ltr'><strong>eum</strong></span> <span class='ocrx_word' id='word_1_378' title='bbox 1797 5275 1862 5329; x_wconf 92' lang='lat' dir='ltr'><strong>ad</strong></span> <span class='ocrx_word' id='word_1_379' title='bbox 1897 5293 2002 5343; x_wconf 89' lang='lat' dir='ltr'><strong>me,</strong></span> 
     </span>
    </p>
   </div>
   <div class='ocr_carea' id='block_1_54' title="bbox 425 5333 2004 5426">
    <p class='ocr_par' dir='ltr' id='par_1_54' title="bbox 425 5333 2004 5426">
     <span class='ocr_line' id='line_1_55' title="bbox 425 5333 2004 5426; baseline 0.026 -51"><span class='ocrx_word' id='word_1_380' title='bbox 425 5333 479 5376; x_wconf 85' lang='lat' dir='ltr'><strong>et</strong></span> <span class='ocrx_word' id='word_1_381' title='bbox 498 5342 594 5395; x_wconf 70' lang='lat' dir='ltr'><strong>ego</strong></span> <span class='ocrx_word' id='word_1_382' title='bbox 615 5346 736 5385; x_wconf 85' lang='lat' dir='ltr'><strong>cum</strong></span> <span class='ocrx_word' id='word_1_383' title='bbox 759 5335 910 5388; x_wconf 85' lang='lat' dir='ltr'><strong>vobis</strong></span> <span class='ocrx_word' id='word_1_384' title='bbox 935 5338 1218 5394; x_wconf 84' lang='lat' dir='ltr'><strong>ordinabo.</strong></span> <span class='ocrx_word' id='word_1_385' title='bbox 1240 5342 1375 5397; x_wconf 85' lang='lat' dir='ltr'><strong>Cum</strong></span> <span class='ocrx_word' id='word_1_386' title='bbox 1401 5361 1529 5417; x_wconf 80' lang='lat' dir='ltr'><strong>ergo</strong></span> <span class='ocrx_word' id='word_1_387' title='bbox 1542 5365 1662 5405; x_wconf 86' lang='lat' dir='ltr'><strong>cum</strong></span> <span class='ocrx_word' id='word_1_388' title='bbox 1692 5369 1888 5426; x_wconf 81' lang='lat' dir='ltr'><strong>magno</strong></span> <span class='ocrx_word' id='word_1_389' title='bbox 1907 5376 2004 5416; x_wconf 87' lang='lat' dir='ltr'><strong>au-</strong></span> 
     </span>
    </p>
   </div>
   <div class='ocr_carea' id='block_1_55' title="bbox 425 5411 2005 5501">
    <p class='ocr_par' dir='ltr' id='par_1_55' title="bbox 425 5411 2005 5501">
     <span class='ocr_line' id='line_1_56' title="bbox 425 5411 2005 5501; baseline 0.025 -39"><span class='ocrx_word' id='word_1_390' title='bbox 425 5411 554 5465; x_wconf 75' lang='lat' dir='ltr'><strong>xilio</strong></span> <span class='ocrx_word' id='word_1_391' title='bbox 574 5413 871 5472; x_wconf 85' lang='lat' dir='ltr'><strong>ivisscntad</strong></span> <span class='ocrx_word' id='word_1_392' title='bbox 889 5438 1009 5475; x_wconf 89' lang='lat' dir='ltr'><strong>cum</strong></span> <span class='ocrx_word' id='word_1_393' title='bbox 1027 5427 1621 5500; x_wconf 81' lang='lat' dir='ltr'><strong>comprclicniilendum,</strong></span> <span class='ocrx_word' id='word_1_394' title='bbox 1645 5438 1688 5491; x_wconf 88' lang='lat' dir='ltr'><strong>is</strong></span> <span class='ocrx_word' id='word_1_395' title='bbox 1705 5456 2005 5501; x_wconf 76' lang='lat' dir='ltr'><strong>conversus</strong></span> 
     </span>
    </p>
   </div>
   <div class='ocr_carea' id='block_1_56' title="bbox 421 5495 2002 5588">
    <p class='ocr_par' dir='ltr' id='par_1_56' title="bbox 421 5495 2002 5588">
     <span class='ocr_line' id='line_1_57' title="bbox 421 5495 2002 5588; baseline 0.024 -41"><span class='ocrx_word' id='word_1_396' title='bbox 421 5495 577 5549; x_wconf 87' lang='lat' dir='ltr'><strong>estin</strong></span> <span class='ocrx_word' id='word_1_397' title='bbox 603 5499 802 5570; x_wconf 81' lang='lat' dir='ltr'><strong>fugam.</strong></span> <span class='ocrx_word' id='word_1_398' title='bbox 837 5505 970 5557; x_wconf 82' lang='lat' dir='ltr'><strong>Cum</strong></span> <span class='ocrx_word' id='word_1_399' title='bbox 1019 5509 1444 5566; x_wconf 79' lang='lat' dir='ltr'><strong>vidissctautcm</strong></span> <span class='ocrx_word' id='word_1_400' title='bbox 1485 5531 1543 5569; x_wconf 93' lang='lat' dir='ltr'><strong>se</strong></span> <span class='ocrx_word' id='word_1_401' title='bbox 1566 5519 1676 5588; x_wconf 86' lang='lat' dir='ltr'><strong>jam</strong></span> <span class='ocrx_word' id='word_1_402' title='bbox 1697 5539 1817 5579; x_wconf 88' lang='lat' dir='ltr'><strong>csse</strong></span> <span class='ocrx_word' id='word_1_403' title='bbox 1849 5544 2002 5583; x_wconf 86' lang='lat' dir='ltr'><strong>com-</strong></span> 
     </span>
    </p>
   </div>
   <div class='ocr_carea' id='block_1_57' title="bbox 418 5581 2004 5682">
    <p class='ocr_par' dir='ltr' id='par_1_57' title="bbox 418 5581 2004 5682">
     <span class='ocr_line' id='line_1_58' title="bbox 418 5581 2004 5682; baseline 0.024 -51"><span class='ocrx_word' id='word_1_404' title='bbox 418 5581 771 5651; x_wconf 87' lang='lat' dir='ltr'><strong>prehensum,</strong></span> <span class='ocrx_word' id='word_1_405' title='bbox 789 5597 939 5643; x_wconf 86' lang='lat' dir='ltr'><strong>stans</strong></span> <span class='ocrx_word' id='word_1_406' title='bbox 958 5606 1051 5643; x_wconf 92' lang='lat' dir='ltr'><strong>cos</strong></span> <span class='ocrx_word' id='word_1_407' title='bbox 1083 5594 1325 5662; x_wconf 79' lang='lat' dir='ltr'><strong>rogabat.</strong></span> <span class='ocrx_word' id='word_1_408' title='bbox 1347 5597 1480 5653; x_wconf 87' lang='lat' dir='ltr'><strong>Cum</strong></span> <span class='ocrx_word' id='word_1_409' title='bbox 1504 5601 1536 5653; x_wconf 91' lang='lat' dir='ltr'><strong>ii</strong></span> <span class='ocrx_word' id='word_1_410' title='bbox 1567 5615 1746 5661; x_wconf 88' lang='lat' dir='ltr'><strong>autem</strong></span> <span class='ocrx_word' id='word_1_411' title='bbox 1774 5626 1881 5665; x_wconf 93' lang='lat' dir='ltr'><strong>non</strong></span> <span class='ocrx_word' id='word_1_412' title='bbox 1907 5631 2004 5682; x_wconf 64' lang='lat' dir='ltr'><strong>pa~</strong></span> 
     </span>
    </p>
   </div>
   <div class='ocr_carea' id='block_1_58' title="bbox 417 5667 1998 5767">
    <p class='ocr_par' dir='ltr' id='par_1_58' title="bbox 417 5667 1998 5767">
     <span class='ocr_line' id='line_1_59' title="bbox 417 5667 1998 5767; baseline 0.021 -52"><span class='ocrx_word' id='word_1_413' title='bbox 417 5675 624 5729; x_wconf 86' lang='lat' dir='ltr'><strong>rcrcnt,</strong></span> <span class='ocrx_word' id='word_1_414' title='bbox 648 5667 850 5736; x_wconf 80' lang='lat' dir='ltr'><strong>juravit</strong></span> <span class='ocrx_word' id='word_1_415' title='bbox 880 5688 1043 5727; x_wconf 71' lang='lat' dir='ltr'><strong>senex</strong></span> <span class='ocrx_word' id='word_1_416' title='bbox 1076 5691 1142 5730; x_wconf 89' lang='lat' dir='ltr'><strong>se</strong></span> <span class='ocrx_word' id='word_1_417' title='bbox 1192 5693 1309 5733; x_wconf 85' lang='lat' dir='ltr'><strong>rem</strong></span> <span class='ocrx_word' id='word_1_418' title='bbox 1332 5696 1448 5739; x_wconf 89' lang='lat' dir='ltr'><strong>non</strong></span> <span class='ocrx_word' id='word_1_419' title='bbox 1495 5687 1790 5759; x_wconf 82' lang='lat' dir='ltr'><strong>suscipere,</strong></span> <span class='ocrx_word' id='word_1_420' title='bbox 1822 5667 1998 5767; x_wconf 69' lang='lat' dir='ltr'><strong>neque</strong></span> 
     </span>
    </p>
   </div>
   <div class='ocr_carea' id='block_1_59' title="bbox 1993 288 2306 348">
    <p class='ocr_par' dir='ltr' id='par_1_59' title="bbox 1993 288 2306 348">
     <span class='ocr_line' id='line_1_60' title="bbox 1993 288 2306 348; baseline 0.019 -6"><span class='ocrx_word' id='word_1_421' title='bbox 1993 288 2306 348; x_wconf 73' lang='lat' dir='ltr'><strong>PALLADII</strong></span> 
     </span>
    </p>
   </div>
   <div class='ocr_carea' id='block_1_60' title="bbox 533 392 2170 474">
    <p class='ocr_par' dir='ltr' id='par_1_60' title="bbox 533 392 2170 474">
     <span class='ocr_line' id='line_1_61' title="bbox 533 392 2170 474; baseline 0.008 -30"><span class='ocrx_word' id='word_1_422' title='bbox 533 406 653 446; x_wconf 92' lang='lat' dir='ltr'><strong>mus</strong></span> <span class='ocrx_word' id='word_1_423' title='bbox 682 392 956 460; x_wconf 74' lang='lat' dir='ltr'><strong>stimulus,</strong></span> <span class='ocrx_word' id='word_1_424' title='bbox 999 393 1130 450; x_wconf 89' lang='lat' dir='ltr'><strong>dicit</strong></span> <span class='ocrx_word' id='word_1_425' title='bbox 1175 398 1349 455; x_wconf 83' lang='lat' dir='ltr'><strong>mihi:</strong></span> <span class='ocrx_word' id='word_1_426' title='bbox 1392 401 1536 473; x_wconf 86' lang='lat' dir='ltr'><strong>Cape</strong></span> <span class='ocrx_word' id='word_1_427' title='bbox 1591 401 1732 458; x_wconf 87' lang='lat' dir='ltr'><strong>hanc</strong></span> <span class='ocrx_word' id='word_1_428' title='bbox 1782 413 2022 474; x_wconf 87' lang='lat' dir='ltr'><strong>sportam</strong></span> <span class='ocrx_word' id='word_1_429' title='bbox 2060 418 2090 456; x_wconf 87' lang='lat' dir='ltr'><strong>a</strong></span> <span class='ocrx_word' id='word_1_430' title='bbox 2119 411 2170 474; x_wconf 77' lang='grc' dir='ltr'>Α</span> 
     </span>
    </p>
   </div>
   <div class='ocr_carea' id='block_1_61' title="bbox 3643 323 3772 382">
    <p class='ocr_par' dir='ltr' id='par_1_61' title="bbox 3643 323 3772 382">
     <span class='ocr_line' id='line_1_62' title="bbox 3643 323 3772 382; baseline 0.039 -4"><span class='ocrx_word' id='word_1_431' title='bbox 3643 323 3772 382; x_wconf 68' lang='lat' dir='ltr'><strong>i033</strong></span> 
     </span>
    </p>
   </div>
   <div class='ocr_carea' id='block_1_62' title="bbox 2195 419 3767 504">
    <p class='ocr_par' dir='ltr' id='par_1_62' title="bbox 2195 419 3767 504">
     <span class='ocr_line' id='line_1_63' title="bbox 2195 419 3767 504; baseline 0.018 -39"><span class='ocrx_word' id='word_1_432' title='bbox 2195 422 2356 504; x_wconf 78' lang='lat' dir='ltr'><strong>posse</strong></span> <span class='ocrx_word' id='word_1_433' title='bbox 2387 419 2574 504; x_wconf 85' lang='lat' dir='ltr'><strong>egredi</strong></span> <span class='ocrx_word' id='word_1_434' title='bbox 2605 435 2636 478; x_wconf 91' lang='lat' dir='ltr'><strong>e</strong></span> <span class='ocrx_word' id='word_1_435' title='bbox 2659 422 2972 485; x_wconf 90' lang='lat' dir='ltr'><strong>solitudine.</strong></span> <span class='ocrx_word' id='word_1_436' title='bbox 3003 428 3104 487; x_wconf 90' lang='lat' dir='ltr'><strong>Ubi</strong></span> <span class='ocrx_word' id='word_1_437' title='bbox 3125 441 3307 489; x_wconf 89' lang='lat' dir='ltr'><strong>autem</strong></span> <span class='ocrx_word' id='word_1_438' title='bbox 3339 448 3451 491; x_wconf 90' lang='lat' dir='ltr'><strong>non</strong></span> <span class='ocrx_word' id='word_1_439' title='bbox 3481 435 3767 504; x_wconf 79' lang='lat' dir='ltr'><strong>cedebant,</strong></span> 
     </span>
    </p>
   </div>
   <div class='ocr_carea' id='block_1_63' title="bbox 2193 496 3766 582">
    <p class='ocr_par' dir='ltr' id='par_1_63' title="bbox 2193 496 3766 582">
     <span class='ocr_line' id='line_1_64' title="bbox 2193 496 3766 582; baseline 0.019 -32"><span class='ocrx_word' id='word_1_440' title='bbox 2193 496 2325 566; x_wconf 90' lang='lat' dir='ltr'><strong>ipsis</strong></span> <span class='ocrx_word' id='word_1_441' title='bbox 2347 501 2680 574; x_wconf 88' lang='lat' dir='ltr'><strong>videntibus,</strong></span> <span class='ocrx_word' id='word_1_442' title='bbox 2701 523 2917 582; x_wconf 89' lang='lat' dir='ltr'><strong>arrepto</strong></span> <span class='ocrx_word' id='word_1_443' title='bbox 2945 514 3128 572; x_wconf 84' lang='lat' dir='ltr'><strong>forfice</strong></span> <span class='ocrx_word' id='word_1_444' title='bbox 3149 519 3427 575; x_wconf 88' lang='lat' dir='ltr'><strong>sinistram</strong></span> <span class='ocrx_word' id='word_1_445' title='bbox 3457 537 3649 576; x_wconf 88' lang='lat' dir='ltr'><strong>aurem</strong></span> <span class='ocrx_word' id='word_1_446' title='bbox 3665 525 3766 581; x_wconf 83' lang='lat' dir='ltr'><strong>sibi</strong></span> 
     </span>
    </p>
   </div>
   <div class='ocr_carea' id='block_1_64' title="bbox 2190 579 3771 680">
    <p class='ocr_par' dir='ltr' id='par_1_64' title="bbox 2190 579 3771 680">
     <span class='ocr_line' id='line_1_65' title="bbox 2190 579 3771 680; baseline 0.019 -47"><span class='ocrx_word' id='word_1_447' title='bbox 2190 579 2426 638; x_wconf 90' lang='lat' dir='ltr'><strong>abscidit</strong></span> <span class='ocrx_word' id='word_1_448' title='bbox 2445 587 2511 641; x_wconf 93' lang='lat' dir='ltr'><strong>ad</strong></span> <span class='ocrx_word' id='word_1_449' title='bbox 2529 588 2694 645; x_wconf 91' lang='lat' dir='ltr'><strong>imum</strong></span> <span class='ocrx_word' id='word_1_450' title='bbox 2720 579 2913 665; x_wconf 77' lang='lat' dir='ltr'><strong>usque,</strong></span> <span class='ocrx_word' id='word_1_451' title='bbox 2931 598 3011 653; x_wconf 90' lang='lat' dir='ltr'><strong>eis</strong></span> <span class='ocrx_word' id='word_1_452' title='bbox 3038 601 3226 657; x_wconf 90' lang='lat' dir='ltr'><strong>dicens</strong></span> <span class='ocrx_word' id='word_1_453' title='bbox 3250 621 3265 658; x_wconf 89' lang='lat'><strong>:</strong></span> <span class='ocrx_word' id='word_1_454' title='bbox 3294 603 3455 680; x_wconf 58' lang='lat' dir='ltr'><strong>Ijiunc</strong></span> <span class='ocrx_word' id='word_1_455' title='bbox 3481 604 3771 677; x_wconf 76' lang='lat' dir='ltr'><strong>intelligite</strong></span> 
     </span>
    </p>
   </div>
   <div class='ocr_carea' id='block_1_65' title="bbox 2191 662 3767 759">
    <p class='ocr_par' dir='ltr' id='par_1_65' title="bbox 2191 662 3767 759">
     <span class='ocr_line' id='line_1_66' title="bbox 2191 662 3767 759; baseline 0.018 -43"><span class='ocrx_word' id='word_1_456' title='bbox 2191 662 2306 759; x_wconf 76' lang='lat' dir='ltr'><strong>fieri</strong></span> <span class='ocrx_word' id='word_1_457' title='bbox 2333 683 2448 759; x_wconf 68' lang='lat' dir='ltr'><strong>non</strong></span> <span class='ocrx_word' id='word_1_458' title='bbox 2472 687 2631 741; x_wconf 89' lang='lat' dir='ltr'><strong>posse</strong></span> <span class='ocrx_word' id='word_1_459' title='bbox 2653 685 2713 731; x_wconf 91' lang='lat' dir='ltr'><strong>ut</strong></span> <span class='ocrx_word' id='word_1_460' title='bbox 2732 662 2832 750; x_wconf 77' lang='lat' dir='ltr'><strong>ego</strong></span> <span class='ocrx_word' id='word_1_461' title='bbox 2855 680 2978 737; x_wconf 89' lang='lat' dir='ltr'><strong>fiam</strong></span> <span class='ocrx_word' id='word_1_462' title='bbox 3007 686 3151 753; x_wconf 92' lang='lat' dir='ltr'><strong>quod</strong></span> <span class='ocrx_word' id='word_1_463' title='bbox 3182 703 3268 741; x_wconf 90' lang='lat' dir='ltr'><strong>me</strong></span> <span class='ocrx_word' id='word_1_464' title='bbox 3287 670 3503 759; x_wconf 71' lang='lat' dir='ltr'><strong>cogitis,</strong></span> <span class='ocrx_word' id='word_1_465' title='bbox 3531 662 3767 744; x_wconf 50' lang='lat' dir='ltr'><strong>cumules</strong></span> 
     </span>
    </p>
   </div>
   <div class='ocr_carea' id='block_1_66' title="bbox 2187 749 3768 838">
    <p class='ocr_par' dir='ltr' id='par_1_66' title="bbox 2187 749 3768 838">
     <span class='ocr_line' id='line_1_67' title="bbox 2187 749 3768 838; baseline 0.018 -38"><span class='ocrx_word' id='word_1_466' title='bbox 2187 749 2478 816; x_wconf 89' lang='lat' dir='ltr'><strong>prohibeat</strong></span> <span class='ocrx_word' id='word_1_467' title='bbox 2502 771 2572 811; x_wconf 80' lang='lat' dir='ltr'><strong>ne</strong></span> <span class='ocrx_word' id='word_1_468' title='bbox 2597 759 2665 814; x_wconf 91' lang='lat' dir='ltr'><strong>ad</strong></span> <span class='ocrx_word' id='word_1_469' title='bbox 2691 749 3055 820; x_wconf 85' lang='lat' dir='ltr'><strong>sacerdotium</strong></span> <span class='ocrx_word' id='word_1_470' title='bbox 3085 749 3421 838; x_wconf 73' lang='lat' dir='ltr'><strong>provehatur</strong></span> <span class='ocrx_word' id='word_1_471' title='bbox 3449 749 3499 828; x_wconf 84' lang='lat' dir='ltr'><strong>is</strong></span> <span class='ocrx_word' id='word_1_472' title='bbox 3521 773 3612 828; x_wconf 92' lang='lat' dir='ltr'><strong>cui</strong></span> <span class='ocrx_word' id='word_1_473' title='bbox 3639 784 3768 829; x_wconf 87' lang='lat' dir='ltr'><strong>sunt</strong></span> 
     </span>
    </p>
   </div>
   <div class='ocr_carea' id='block_1_67' title="bbox 2187 843 3765 922">
    <p class='ocr_par' dir='ltr' id='par_1_67' title="bbox 2187 843 3765 922">
     <span class='ocr_line' id='line_1_68' title="bbox 2187 843 3765 922; baseline 0.019 -40"><span class='ocrx_word' id='word_1_474' title='bbox 2187 843 2347 887; x_wconf 91' lang='lat' dir='ltr'><strong>aures</strong></span> <span class='ocrx_word' id='word_1_475' title='bbox 2375 849 2687 908; x_wconf 65' lang='lat' dir='ltr'><strong>amputatae.</strong></span> <span class='ocrx_word' id='word_1_476' title='bbox 2713 843 2849 900; x_wconf 90' lang='lat' dir='ltr'><strong>Cum</strong></span> <span class='ocrx_word' id='word_1_477' title='bbox 2873 848 2951 904; x_wconf 91' lang='lat' dir='ltr'><strong>sic</strong></span> <span class='ocrx_word' id='word_1_478' title='bbox 2975 864 3104 922; x_wconf 88' lang='lat' dir='ltr'><strong>ergo</strong></span> <span class='ocrx_word' id='word_1_479' title='bbox 3132 868 3257 908; x_wconf 91' lang='lat' dir='ltr'><strong>eum</strong></span> <span class='ocrx_word' id='word_1_480' title='bbox 3285 855 3649 920; x_wconf 86' lang='lat' dir='ltr'><strong>dimisissent,</strong></span> <span class='ocrx_word' id='word_1_481' title='bbox 3683 872 3765 911; x_wconf 82' lang='lat' dir='ltr'><strong>re-</strong></span> 
     </span>
    </p>
   </div>
   <div class='ocr_carea' id='block_1_68' title="bbox 2185 929 3764 1002">
    <p class='ocr_par' dir='ltr' id='par_1_68' title="bbox 2185 929 3764 1002">
     <span class='ocr_line' id='line_1_69' title="bbox 2185 929 3764 1002; baseline 0.018 -34"><span class='ocrx_word' id='word_1_482' title='bbox 2185 929 2491 989; x_wconf 89' lang='lat' dir='ltr'><strong>cesserunt,</strong></span> <span class='ocrx_word' id='word_1_483' title='bbox 2518 935 2575 980; x_wconf 91' lang='lat' dir='ltr'><strong>et</strong></span> <span class='ocrx_word' id='word_1_484' title='bbox 2592 929 2659 984; x_wconf 90' lang='lat' dir='ltr'><strong>ad</strong></span> <span class='ocrx_word' id='word_1_485' title='bbox 2687 932 3007 1002; x_wconf 90' lang='lat' dir='ltr'><strong>episcopum</strong></span> <span class='ocrx_word' id='word_1_486' title='bbox 3029 938 3314 994; x_wconf 87' lang='lat' dir='ltr'><strong>venientes</strong></span> <span class='ocrx_word' id='word_1_487' title='bbox 3336 940 3452 996; x_wconf 71' lang='lat' dir='ltr'><strong>haec</strong></span> <span class='ocrx_word' id='word_1_488' title='bbox 3475 942 3527 997; x_wconf 89' lang='lat' dir='ltr'><strong>ei</strong></span> <span class='ocrx_word' id='word_1_489' title='bbox 3557 957 3764 996; x_wconf 84' lang='lat' dir='ltr'><strong>renun-</strong></span> 
     </span>
    </p>
   </div>
   <div class='ocr_carea' id='block_1_69' title="bbox 2185 998 3762 1093">
    <p class='ocr_par' dir='ltr' id='par_1_69' title="bbox 2185 998 3762 1093">
     <span class='ocr_line' id='line_1_70' title="bbox 2185 998 3762 1093; baseline 0.019 -42"><span class='ocrx_word' id='word_1_490' title='bbox 2185 998 2407 1093; x_wconf 63' lang='lat' dir='ltr'><strong>tiarunt.</strong></span> <span class='ocrx_word' id='word_1_491' title='bbox 2443 1007 2493 1062; x_wconf 83' lang='lat' dir='ltr'><strong>Is</strong></span> <span class='ocrx_word' id='word_1_492' title='bbox 2515 1019 2696 1066; x_wconf 89' lang='lat' dir='ltr'><strong>autem</strong></span> <span class='ocrx_word' id='word_1_493' title='bbox 2723 998 2806 1071; x_wconf 80' lang='lat' dir='ltr'><strong>eis</strong></span> <span class='ocrx_word' id='word_1_494' title='bbox 2835 998 2997 1073; x_wconf 84' lang='lat' dir='ltr'><strong>dicit:</strong></span> <span class='ocrx_word' id='word_1_495' title='bbox 3030 1018 3154 1076; x_wconf 72' lang='lat' dir='ltr'><strong>limc</strong></span> <span class='ocrx_word' id='word_1_496' title='bbox 3188 1023 3271 1076; x_wconf 86' lang='lat' dir='ltr'><strong>lex</strong></span> <span class='ocrx_word' id='word_1_497' title='bbox 3303 1023 3356 1078; x_wconf 93' lang='lat' dir='ltr'><strong>in</strong></span> <span class='ocrx_word' id='word_1_498' title='bbox 3387 1040 3492 1079; x_wconf 91' lang='lat' dir='ltr'><strong>usu</strong></span> <span class='ocrx_word' id='word_1_499' title='bbox 3515 1026 3587 1080; x_wconf 87' lang='lat' dir='ltr'><strong>sit</strong></span> <span class='ocrx_word' id='word_1_500' title='bbox 3617 1027 3762 1093; x_wconf 88' lang='lat' dir='ltr'><strong>apud</strong></span> 
     </span>
    </p>
   </div>
   <div class='ocr_carea' id='block_1_70' title="bbox 2181 1079 3764 1159">
    <p class='ocr_par' dir='ltr' id='par_1_70' title="bbox 2181 1079 3764 1159">
     <span class='ocr_line' id='line_1_71' title="bbox 2181 1079 3764 1159; baseline 0.017 -25"><span class='ocrx_word' id='word_1_501' title='bbox 2181 1079 2418 1139; x_wconf 67' lang='lat' dir='ltr'><strong>Iudaeos.</strong></span> <span class='ocrx_word' id='word_1_502' title='bbox 2452 1087 2583 1144; x_wconf 83' lang='lat' dir='ltr'><strong>Mihi</strong></span> <span class='ocrx_word' id='word_1_503' title='bbox 2604 1101 2783 1147; x_wconf 89' lang='lat' dir='ltr'><strong>autem</strong></span> <span class='ocrx_word' id='word_1_504' title='bbox 2815 1097 2859 1150; x_wconf 88' lang='lat' dir='ltr'><strong>si</strong></span> <span class='ocrx_word' id='word_1_505' title='bbox 2885 1099 2971 1152; x_wconf 91' lang='lat' dir='ltr'><strong>vel</strong></span> <span class='ocrx_word' id='word_1_506' title='bbox 3001 1109 3307 1156; x_wconf 85' lang='lat' dir='ltr'><strong>truncatum</strong></span> <span class='ocrx_word' id='word_1_507' title='bbox 3341 1079 3570 1159; x_wconf 88' lang='lat' dir='ltr'><strong>naribus</strong></span> <span class='ocrx_word' id='word_1_508' title='bbox 3589 1079 3764 1159; x_wconf 70' lang='lat' dir='ltr'><strong>addu-</strong></span> 
     </span>
    </p>
   </div>
   <div class='ocr_carea' id='block_1_71' title="bbox 2182 1167 3758 1256">
    <p class='ocr_par' dir='ltr' id='par_1_71' title="bbox 2182 1167 3758 1256">
     <span class='ocr_line' id='line_1_72' title="bbox 2182 1167 3758 1256; baseline 0.017 -38"><span class='ocrx_word' id='word_1_509' title='bbox 2182 1167 2374 1222; x_wconf 82' lang='lat' dir='ltr'><strong>xeritis</strong></span> <span class='ocrx_word' id='word_1_510' title='bbox 2402 1172 2493 1239; x_wconf 89' lang='lat' dir='ltr'><strong>qui</strong></span> <span class='ocrx_word' id='word_1_511' title='bbox 2530 1173 2600 1226; x_wconf 91' lang='lat' dir='ltr'><strong>sit</strong></span> <span class='ocrx_word' id='word_1_512' title='bbox 2639 1175 2800 1233; x_wconf 91' lang='lat' dir='ltr'><strong>bonis</strong></span> <span class='ocrx_word' id='word_1_513' title='bbox 2837 1181 3100 1245; x_wconf 90' lang='lat' dir='ltr'><strong>moribus,</strong></span> <span class='ocrx_word' id='word_1_514' title='bbox 3153 1200 3254 1256; x_wconf 88' lang='lat' dir='ltr'><strong>ego</strong></span> <span class='ocrx_word' id='word_1_515' title='bbox 3294 1203 3422 1241; x_wconf 91' lang='lat' dir='ltr'><strong>eum</strong></span> <span class='ocrx_word' id='word_1_516' title='bbox 3467 1189 3758 1244; x_wconf 88' lang='lat' dir='ltr'><strong>ordinabo.</strong></span> 
     </span>
    </p>
   </div>
   <div class='ocr_carea' id='block_1_72' title="bbox 2181 1245 3758 1340">
    <p class='ocr_par' dir='ltr' id='par_1_72' title="bbox 2181 1245 3758 1340">
     <span class='ocr_line' id='line_1_73' title="bbox 2181 1245 3758 1340; baseline 0.016 -39"><span class='ocrx_word' id='word_1_517' title='bbox 2181 1245 2386 1305; x_wconf 90' lang='lat' dir='ltr'><strong>Euntes</strong></span> <span class='ocrx_word' id='word_1_518' title='bbox 2416 1268 2544 1325; x_wconf 87' lang='lat' dir='ltr'><strong>ergo</strong></span> <span class='ocrx_word' id='word_1_519' title='bbox 2578 1272 2701 1313; x_wconf 91' lang='lat' dir='ltr'><strong>eum</strong></span> <span class='ocrx_word' id='word_1_520' title='bbox 2722 1276 2909 1316; x_wconf 88' lang='lat' dir='ltr'><strong>rursus</strong></span> <span class='ocrx_word' id='word_1_521' title='bbox 2941 1245 3222 1336; x_wconf 58' lang='lat' dir='ltr'><strong>rogabanf.</strong></span> <span class='ocrx_word' id='word_1_522' title='bbox 3261 1270 3396 1325; x_wconf 90' lang='lat' dir='ltr'><strong>Cum</strong></span> <span class='ocrx_word' id='word_1_523' title='bbox 3425 1273 3545 1340; x_wconf 89' lang='lat' dir='ltr'><strong>ipse</strong></span> <span class='ocrx_word' id='word_1_524' title='bbox 3573 1285 3758 1327; x_wconf 73' lang='lat' dir='ltr'><strong>autem</strong></span> 
     </span>
    </p>
   </div>
   <div class='ocr_carea' id='block_1_73' title="bbox 2179 1346 3760 1412">
    <p class='ocr_par' dir='ltr' id='par_1_73' title="bbox 2179 1346 3760 1412">
     <span class='ocr_line' id='line_1_74' title="bbox 2179 1346 3760 1412; baseline 0.018 -28"><span class='ocrx_word' id='word_1_525' title='bbox 2179 1346 2287 1386; x_wconf 90' lang='lat' dir='ltr'><strong>non</strong></span> <span class='ocrx_word' id='word_1_526' title='bbox 2321 1348 2555 1404; x_wconf 87' lang='lat' dir='ltr'><strong>pareret,</strong></span> <span class='ocrx_word' id='word_1_527' title='bbox 2590 1346 2826 1412; x_wconf 87' lang='lat' dir='ltr'><strong>aggressi</strong></span> <span class='ocrx_word' id='word_1_528' title='bbox 2855 1357 2984 1403; x_wconf 91' lang='lat' dir='ltr'><strong>sunt</strong></span> <span class='ocrx_word' id='word_1_529' title='bbox 3009 1365 3133 1406; x_wconf 88' lang='lat' dir='ltr'><strong>eum</strong></span> <span class='ocrx_word' id='word_1_530' title='bbox 3161 1355 3247 1407; x_wconf 88' lang='lat' dir='ltr'><strong>vel</strong></span> <span class='ocrx_word' id='word_1_531' title='bbox 3288 1355 3340 1410; x_wconf 89' lang='lat' dir='ltr'><strong>vi</strong></span> <span class='ocrx_word' id='word_1_532' title='bbox 3382 1356 3678 1410; x_wconf 86' lang='lat' dir='ltr'><strong>adducere.</strong></span> <span class='ocrx_word' id='word_1_533' title='bbox 3708 1356 3760 1411; x_wconf 81' lang='lat' dir='ltr'><strong>Is</strong></span> 
     </span>
    </p>
   </div>
   <div class='ocr_carea' id='block_1_74' title="bbox 2179 1423 3756 1510">
    <p class='ocr_par' dir='ltr' id='par_1_74' title="bbox 2179 1423 3756 1510">
     <span class='ocr_line' id='line_1_75' title="bbox 2179 1423 3756 1510; baseline 0.015 -40"><span class='ocrx_word' id='word_1_534' title='bbox 2179 1427 2360 1473; x_wconf 90' lang='lat' dir='ltr'><strong>autem</strong></span> <span class='ocrx_word' id='word_1_535' title='bbox 2389 1423 2467 1478; x_wconf 90' lang='lat' dir='ltr'><strong>eis</strong></span> <span class='ocrx_word' id='word_1_536' title='bbox 2495 1424 2715 1493; x_wconf 88' lang='lat' dir='ltr'><strong>juravit,</strong></span> <span class='ocrx_word' id='word_1_537' title='bbox 2748 1429 2974 1485; x_wconf 88' lang='lat' dir='ltr'><strong>dicens:</strong></span> <span class='ocrx_word' id='word_1_538' title='bbox 3023 1434 3078 1488; x_wconf 89' lang='lat' dir='ltr'><strong>Si</strong></span> <span class='ocrx_word' id='word_1_539' title='bbox 3111 1453 3198 1492; x_wconf 87' lang='lat' dir='ltr'><strong>me</strong></span> <span class='ocrx_word' id='word_1_540' title='bbox 3236 1440 3557 1510; x_wconf 86' lang='lat' dir='ltr'><strong>cocgeritis,</strong></span> <span class='ocrx_word' id='word_1_541' title='bbox 3588 1441 3756 1495; x_wconf 86' lang='lat' dir='ltr'><strong>etiam</strong></span> 
     </span>
    </p>
   </div>
   <div class='ocr_carea' id='block_1_75' title="bbox 2177 1498 3757 1591">
    <p class='ocr_par' dir='ltr' id='par_1_75' title="bbox 2177 1498 3757 1591">
     <span class='ocr_line' id='line_1_76' title="bbox 2177 1498 3757 1591; baseline 0.017 -39"><span class='ocrx_word' id='word_1_542' title='bbox 2177 1498 2416 1572; x_wconf 87' lang='lat' dir='ltr'><strong>linguam</strong></span> <span class='ocrx_word' id='word_1_543' title='bbox 2451 1522 2624 1562; x_wconf 89' lang='lat' dir='ltr'><strong>meam</strong></span> <span class='ocrx_word' id='word_1_544' title='bbox 2659 1513 2990 1570; x_wconf 85' lang='lat' dir='ltr'><strong>exscindam.</strong></span> <span class='ocrx_word' id='word_1_545' title='bbox 3031 1517 3106 1573; x_wconf 88' lang='lat' dir='ltr'><strong>Eo</strong></span> <span class='ocrx_word' id='word_1_546' title='bbox 3135 1520 3318 1589; x_wconf 87' lang='lat' dir='ltr'><strong>itaque</strong></span> <span class='ocrx_word' id='word_1_547' title='bbox 3340 1498 3475 1591; x_wconf 67' lang='lat' dir='ltr'><strong>post</strong></span> <span class='ocrx_word' id='word_1_548' title='bbox 3517 1498 3638 1579; x_wconf 77' lang='lat' dir='ltr'><strong>hzec</strong></span> <span class='ocrx_word' id='word_1_549' title='bbox 3669 1527 3757 1581; x_wconf 81' lang='lat' dir='ltr'><strong>di-</strong></span> 
     </span>
    </p>
   </div>
   <div class='ocr_carea' id='block_1_76' title="bbox 2175 1584 3757 1668">
    <p class='ocr_par' dir='ltr' id='par_1_76' title="bbox 2175 1584 3757 1668">
     <span class='ocr_line' id='line_1_77' title="bbox 2175 1584 3757 1668; baseline 0.02 -32"><span class='ocrx_word' id='word_1_550' title='bbox 2175 1584 2363 1649; x_wconf 84' lang='lat' dir='ltr'><strong>misso.</strong></span> <span class='ocrx_word' id='word_1_551' title='bbox 2399 1605 2766 1651; x_wconf 88' lang='lat' dir='ltr'><strong>recesserunt.</strong></span> <span class='ocrx_word' id='word_1_552' title='bbox 2810 1597 2982 1667; x_wconf 90' lang='lat' dir='ltr'><strong>llujus</strong></span> <span class='ocrx_word' id='word_1_553' title='bbox 3008 1602 3278 1658; x_wconf 86' lang='lat' dir='ltr'><strong>Ammonii</strong></span> <span class='ocrx_word' id='word_1_554' title='bbox 3312 1604 3490 1662; x_wconf 88' lang='lat' dir='ltr'><strong>fertur</strong></span> <span class='ocrx_word' id='word_1_555' title='bbox 3512 1609 3620 1666; x_wconf 87' lang='lat' dir='ltr'><strong>hoc</strong></span> <span class='ocrx_word' id='word_1_556' title='bbox 3655 1615 3757 1668; x_wconf 81' lang='lat' dir='ltr'><strong>mi-</strong></span> 
     </span>
    </p>
   </div>
   <div class='ocr_carea' id='block_1_77' title="bbox 2175 1672 3755 1762">
    <p class='ocr_par' dir='ltr' id='par_1_77' title="bbox 2175 1672 3755 1762">
     <span class='ocr_line' id='line_1_78' title="bbox 2175 1672 3755 1762; baseline 0.018 -40"><span class='ocrx_word' id='word_1_557' title='bbox 2175 1672 2438 1731; x_wconf 83' lang='lat' dir='ltr'><strong>raculum.</strong></span> <span class='ocrx_word' id='word_1_558' title='bbox 2466 1675 2774 1748; x_wconf 84' lang='lat' dir='ltr'><strong>Nunquam,</strong></span> <span class='ocrx_word' id='word_1_559' title='bbox 2795 1680 3064 1751; x_wconf 87' lang='lat' dir='ltr'><strong>inquiunt,</strong></span> <span class='ocrx_word' id='word_1_560' title='bbox 3088 1687 3130 1739; x_wconf 92' lang='lat' dir='ltr'><strong>si</strong></span> <span class='ocrx_word' id='word_1_561' title='bbox 3149 1690 3367 1756; x_wconf 89' lang='lat' dir='ltr'><strong>quando</strong></span> <span class='ocrx_word' id='word_1_562' title='bbox 3389 1696 3567 1762; x_wconf 86' lang='lat' dir='ltr'><strong>turpis</strong></span> <span class='ocrx_word' id='word_1_563' title='bbox 3595 1698 3755 1750; x_wconf 82' lang='lat' dir='ltr'><strong>volu-</strong></span> 
     </span>
    </p>
   </div>
   <div class='ocr_carea' id='block_1_78' title="bbox 2175 1756 3754 1844">
    <p class='ocr_par' dir='ltr' id='par_1_78' title="bbox 2175 1756 3754 1844">
     <span class='ocr_line' id='line_1_79' title="bbox 2175 1756 3754 1844; baseline 0.018 -36"><span class='ocrx_word' id='word_1_564' title='bbox 2175 1756 2338 1822; x_wconf 90' lang='lat' dir='ltr'><strong>ptatis</strong></span> <span class='ocrx_word' id='word_1_565' title='bbox 2357 1763 2660 1818; x_wconf 70' lang='lat' dir='ltr'><strong>caruncula:</strong></span> <span class='ocrx_word' id='word_1_566' title='bbox 2683 1763 3007 1822; x_wconf 88' lang='lat' dir='ltr'><strong>insnrrectio</strong></span> <span class='ocrx_word' id='word_1_567' title='bbox 3023 1770 3144 1837; x_wconf 89' lang='lat' dir='ltr'><strong>ejus</strong></span> <span class='ocrx_word' id='word_1_568' title='bbox 3166 1787 3366 1843; x_wconf 89' lang='lat' dir='ltr'><strong>corpus</strong></span> <span class='ocrx_word' id='word_1_569' title='bbox 3385 1777 3612 1844; x_wconf 87' lang='lat' dir='ltr'><strong>invasit,</strong></span> <span class='ocrx_word' id='word_1_570' title='bbox 3630 1796 3754 1835; x_wconf 83' lang='lat' dir='ltr'><strong>eor-</strong></span> 
     </span>
    </p>
   </div>
   <div class='ocr_carea' id='block_1_79' title="bbox 2172 1837 3753 1919">
    <p class='ocr_par' dir='ltr' id='par_1_79' title="bbox 2172 1837 3753 1919">
     <span class='ocr_line' id='line_1_80' title="bbox 2172 1837 3753 1919; baseline 0.02 -31"><span class='ocrx_word' id='word_1_571' title='bbox 2172 1837 2290 1903; x_wconf 91' lang='lat' dir='ltr'><strong>pori</strong></span> <span class='ocrx_word' id='word_1_572' title='bbox 2313 1853 2413 1895; x_wconf 92' lang='lat' dir='ltr'><strong>suo</strong></span> <span class='ocrx_word' id='word_1_573' title='bbox 2429 1846 2671 1912; x_wconf 87' lang='lat' dir='ltr'><strong>pepercit</strong></span> <span class='ocrx_word' id='word_1_574' title='bbox 2698 1864 2713 1913; x_wconf 89' lang='lat'><strong>;</strong></span> <span class='ocrx_word' id='word_1_575' title='bbox 2748 1849 2841 1903; x_wconf 88' lang='lat' dir='ltr'><strong>sed</strong></span> <span class='ocrx_word' id='word_1_576' title='bbox 2860 1849 3064 1906; x_wconf 86' lang='lat' dir='ltr'><strong>ferrum</strong></span> <span class='ocrx_word' id='word_1_577' title='bbox 3088 1855 3325 1911; x_wconf 90' lang='lat' dir='ltr'><strong>candens</strong></span> <span class='ocrx_word' id='word_1_578' title='bbox 3355 1859 3470 1912; x_wconf 90' lang='lat' dir='ltr'><strong>suis</strong></span> <span class='ocrx_word' id='word_1_579' title='bbox 3488 1864 3753 1919; x_wconf 86' lang='lat' dir='ltr'><strong>membris</strong></span> 
     </span>
    </p>
   </div>
   <div class='ocr_carea' id='block_1_80' title="bbox 2169 1919 3752 2013">
    <p class='ocr_par' dir='ltr' id='par_1_80' title="bbox 2169 1919 3752 2013">
     <span class='ocr_line' id='line_1_81' title="bbox 2169 1919 3752 2013; baseline 0.02 -42"><span class='ocrx_word' id='word_1_580' title='bbox 2169 1919 2508 1990; x_wconf 90' lang='lat' dir='ltr'><strong>admovebat,</strong></span> <span class='ocrx_word' id='word_1_581' title='bbox 2528 1927 2665 1984; x_wconf 84' lang='lat' dir='ltr'><strong>adeo</strong></span> <span class='ocrx_word' id='word_1_582' title='bbox 2686 1938 2745 1984; x_wconf 89' lang='lat' dir='ltr'><strong>ut</strong></span> <span class='ocrx_word' id='word_1_583' title='bbox 2773 1941 2918 1986; x_wconf 79' lang='lat' dir='ltr'><strong>esset</strong></span> <span class='ocrx_word' id='word_1_584' title='bbox 2943 1942 3088 1990; x_wconf 91' lang='lat' dir='ltr'><strong>totus</strong></span> <span class='ocrx_word' id='word_1_585' title='bbox 3109 1939 3400 1999; x_wconf 89' lang='lat' dir='ltr'><strong>ulceratus.</strong></span> <span class='ocrx_word' id='word_1_586' title='bbox 3418 1942 3551 2013; x_wconf 82' lang='lat' dir='ltr'><strong>Ejus</strong></span> <span class='ocrx_word' id='word_1_587' title='bbox 3568 1957 3752 2001; x_wconf 76' lang='lat' dir='ltr'><strong>autem</strong></span> 
     </span>
    </p>
   </div>
   <div class='ocr_carea' id='block_1_81' title="bbox 2169 2007 3752 2100">
    <p class='ocr_par' dir='ltr' id='par_1_81' title="bbox 2169 2007 3752 2100">
     <span class='ocr_line' id='line_1_82' title="bbox 2169 2007 3752 2100; baseline 0.02 -45"><span class='ocrx_word' id='word_1_588' title='bbox 2169 2017 2356 2059; x_wconf 89' lang='lat' dir='ltr'><strong>mensa</strong></span> <span class='ocrx_word' id='word_1_589' title='bbox 2383 2007 2510 2062; x_wconf 88' lang='lat' dir='ltr'><strong>talis</strong></span> <span class='ocrx_word' id='word_1_590' title='bbox 2528 2009 2677 2066; x_wconf 88' lang='lat' dir='ltr'><strong>fuita</strong></span> <span class='ocrx_word' id='word_1_591' title='bbox 2701 2014 2991 2083; x_wconf 87' lang='lat' dir='ltr'><strong>juventute</strong></span> <span class='ocrx_word' id='word_1_592' title='bbox 3023 2035 3193 2090; x_wconf 88' lang='lat' dir='ltr'><strong>usque</strong></span> <span class='ocrx_word' id='word_1_593' title='bbox 3209 2024 3276 2078; x_wconf 91' lang='lat' dir='ltr'><strong>ad</strong></span> <span class='ocrx_word' id='word_1_594' title='bbox 3311 2007 3572 2091; x_wconf 76' lang='lat' dir='ltr'><strong>mortem,</strong></span> <span class='ocrx_word' id='word_1_595' title='bbox 3603 2033 3752 2100; x_wconf 85' lang='lat' dir='ltr'><strong>quod</strong></span> 
     </span>
    </p>
   </div>
   <div class='ocr_carea' id='block_1_82' title="bbox 2167 2087 3751 2183">
    <p class='ocr_par' dir='ltr' id='par_1_82' title="bbox 2167 2087 3751 2183">
     <span class='ocr_line' id='line_1_83' title="bbox 2167 2087 3751 2183; baseline 0.021 -45"><span class='ocrx_word' id='word_1_596' title='bbox 2167 2087 2352 2142; x_wconf 91' lang='lat' dir='ltr'><strong>crudis</strong></span> <span class='ocrx_word' id='word_1_597' title='bbox 2381 2091 2591 2148; x_wconf 91' lang='lat' dir='ltr'><strong>scilicet</strong></span> <span class='ocrx_word' id='word_1_598' title='bbox 2611 2109 2928 2154; x_wconf 87' lang='lat' dir='ltr'><strong>vesceretur</strong></span> <span class='ocrx_word' id='word_1_599' title='bbox 2953 2119 2967 2167; x_wconf 92' lang='lat'><strong>;</strong></span> <span class='ocrx_word' id='word_1_600' title='bbox 2997 2087 3137 2158; x_wconf 85' lang='lat' dir='ltr'><strong>nihil</strong></span> <span class='ocrx_word' id='word_1_601' title='bbox 3171 2107 3321 2162; x_wconf 84' lang='lat' dir='ltr'><strong>enim</strong></span> <span class='ocrx_word' id='word_1_602' title='bbox 3367 2127 3614 2183; x_wconf 88' lang='lat' dir='ltr'><strong>unquam</strong></span> <span class='ocrx_word' id='word_1_603' title='bbox 3651 2132 3751 2172; x_wconf 86' lang='lat' dir='ltr'><strong>co-</strong></span> 
     </span>
    </p>
   </div>
   <div class='ocr_carea' id='block_1_83' title="bbox 2166 2170 3750 2266">
    <p class='ocr_par' dir='ltr' id='par_1_83' title="bbox 2166 2170 3750 2266">
     <span class='ocr_line' id='line_1_84' title="bbox 2166 2170 3750 2266; baseline 0.021 -44"><span class='ocrx_word' id='word_1_604' title='bbox 2166 2170 2416 2266; x_wconf 57' lang='lat' dir='ltr'><strong>medebat</strong></span> <span class='ocrx_word' id='word_1_605' title='bbox 2447 2177 2591 2244; x_wconf 89' lang='lat' dir='ltr'><strong>quod</strong></span> <span class='ocrx_word' id='word_1_606' title='bbox 2625 2179 2734 2266; x_wconf 77' lang='lat' dir='ltr'><strong>igni</strong></span> <span class='ocrx_word' id='word_1_607' title='bbox 2764 2181 2957 2240; x_wconf 83' lang='lat' dir='ltr'><strong>fuisset</strong></span> <span class='ocrx_word' id='word_1_608' title='bbox 2985 2188 3282 2253; x_wconf 89' lang='lat' dir='ltr'><strong>admotum.</strong></span> <span class='ocrx_word' id='word_1_609' title='bbox 3309 2170 3510 2263; x_wconf 64' lang='lat' dir='ltr'><strong>preter</strong></span> <span class='ocrx_word' id='word_1_610' title='bbox 3526 2170 3750 2266; x_wconf 80' lang='lat' dir='ltr'><strong>panem.</strong></span> 
     </span>
    </p>
   </div>
   <div class='ocr_carea' id='block_1_84' title="bbox 2166 2249 3750 2338">
    <p class='ocr_par' dir='ltr' id='par_1_84' title="bbox 2166 2249 3750 2338">
     <span class='ocr_line' id='line_1_85' title="bbox 2166 2249 3750 2338; baseline 0.022 -34"><span class='ocrx_word' id='word_1_611' title='bbox 2166 2249 2333 2308; x_wconf 82' lang='lat' dir='ltr'><strong>Vetus</strong></span> <span class='ocrx_word' id='word_1_612' title='bbox 2356 2265 2538 2312; x_wconf 87' lang='lat' dir='ltr'><strong>autem</strong></span> <span class='ocrx_word' id='word_1_613' title='bbox 2571 2269 2626 2315; x_wconf 92' lang='lat' dir='ltr'><strong>et</strong></span> <span class='ocrx_word' id='word_1_614' title='bbox 2655 2249 2878 2320; x_wconf 80' lang='lat' dir='ltr'><strong>Novum</strong></span> <span class='ocrx_word' id='word_1_615' title='bbox 2915 2249 3329 2330; x_wconf 71' lang='lat' dir='ltr'><strong>Testamentum</strong></span> <span class='ocrx_word' id='word_1_616' title='bbox 3374 2249 3599 2336; x_wconf 51' lang='lat' dir='ltr'><strong>diceb&#39;at</strong></span> <span class='ocrx_word' id='word_1_617' title='bbox 3631 2299 3750 2338; x_wconf 86' lang='lat' dir='ltr'><strong>me-</strong></span> 
     </span>
    </p>
   </div>
   <div class='ocr_carea' id='block_1_85' title="bbox 2163 2336 3747 2434">
    <p class='ocr_par' dir='ltr' id='par_1_85' title="bbox 2163 2336 3747 2434">
     <span class='ocr_line' id='line_1_86' title="bbox 2163 2336 3747 2434; baseline 0.023 -48"><span class='ocrx_word' id='word_1_618' title='bbox 2163 2336 2388 2392; x_wconf 90' lang='lat' dir='ltr'><strong>moriter</strong></span> <span class='ocrx_word' id='word_1_619' title='bbox 2415 2340 2526 2408; x_wconf 73' lang='grc'><strong>(52)</strong></span> <span class='ocrx_word' id='word_1_620' title='bbox 2555 2360 2569 2407; x_wconf 88' lang='lat'><strong>;</strong></span> <span class='ocrx_word' id='word_1_621' title='bbox 2598 2354 2652 2398; x_wconf 90' lang='lat' dir='ltr'><strong>et</strong></span> <span class='ocrx_word' id='word_1_622' title='bbox 2685 2347 2737 2400; x_wconf 92' lang='lat' dir='ltr'><strong>in</strong></span> <span class='ocrx_word' id='word_1_623' title='bbox 2772 2349 3055 2408; x_wconf 90' lang='lat' dir='ltr'><strong>doctorum</strong></span> <span class='ocrx_word' id='word_1_624' title='bbox 3097 2356 3340 2414; x_wconf 88' lang='lat' dir='ltr'><strong>virorum</strong></span> <span class='ocrx_word' id='word_1_625' title='bbox 3394 2361 3655 2434; x_wconf 88' lang='lat' dir='ltr'><strong>Origeuis</strong></span> <span class='ocrx_word' id='word_1_626' title='bbox 3691 2379 3747 2423; x_wconf 87' lang='lat' dir='ltr'><strong>et</strong></span> 
     </span>
    </p>
   </div>
   <div class='ocr_carea' id='block_1_86' title="bbox 2163 2417 3746 2512">
    <p class='ocr_par' dir='ltr' id='par_1_86' title="bbox 2163 2417 3746 2512">
     <span class='ocr_line' id='line_1_87' title="bbox 2163 2417 3746 2512; baseline 0.023 -41"><span class='ocrx_word' id='word_1_627' title='bbox 2163 2417 2394 2491; x_wconf 83' lang='lat' dir='ltr'><strong>Didymi,</strong></span> <span class='ocrx_word' id='word_1_628' title='bbox 2419 2434 2473 2478; x_wconf 87' lang='lat' dir='ltr'><strong>et</strong></span> <span class='ocrx_word' id='word_1_629' title='bbox 2503 2424 2666 2481; x_wconf 79' lang='lat' dir='ltr'><strong>Pierii</strong></span> <span class='ocrx_word' id='word_1_630' title='bbox 2690 2438 2745 2484; x_wconf 90' lang='lat' dir='ltr'><strong>et</strong></span> <span class='ocrx_word' id='word_1_631' title='bbox 2774 2432 3036 2504; x_wconf 72' lang='lat' dir='ltr'><strong>Stephani</strong></span> <span class='ocrx_word' id='word_1_632' title='bbox 3069 2441 3290 2512; x_wconf 89' lang='lat' dir='ltr'><strong>scriptis</strong></span> <span class='ocrx_word' id='word_1_633' title='bbox 3337 2446 3412 2500; x_wconf 91' lang='lat' dir='ltr'><strong>ita</strong></span> <span class='ocrx_word' id='word_1_634' title='bbox 3457 2417 3579 2505; x_wconf 65' lang='grc' dir='ltr'><strong>εῗπι</strong></span> <span class='ocrx_word' id='word_1_635' title='bbox 3615 2470 3746 2508; x_wconf 77' lang='lat' dir='ltr'><strong>ver-</strong></span> 
     </span>
    </p>
   </div>
   <div class='ocr_carea' id='block_1_87' title="bbox 2161 2511 3745 2602">
    <p class='ocr_par' dir='ltr' id='par_1_87' title="bbox 2161 2511 3745 2602">
     <span class='ocr_line' id='line_1_88' title="bbox 2161 2511 3745 2602; baseline 0.023 -48"><span class='ocrx_word' id='word_1_636' title='bbox 2161 2511 2328 2569; x_wconf 90' lang='lat' dir='ltr'><strong>satus,</strong></span> <span class='ocrx_word' id='word_1_637' title='bbox 2361 2514 2420 2560; x_wconf 93' lang='lat' dir='ltr'><strong>ut</strong></span> <span class='ocrx_word' id='word_1_638' title='bbox 2453 2512 2700 2581; x_wconf 78' lang='lat' dir='ltr'><strong>sexagies</strong></span> <span class='ocrx_word' id='word_1_639' title='bbox 2725 2526 2956 2572; x_wconf 89' lang='lat' dir='ltr'><strong>centena</strong></span> <span class='ocrx_word' id='word_1_640' title='bbox 2995 2522 3160 2578; x_wconf 89' lang='lat' dir='ltr'><strong>millia</strong></span> <span class='ocrx_word' id='word_1_641' title='bbox 3185 2511 3478 2584; x_wconf 17' lang='lat' dir='ltr'><strong>iversuum</strong></span> <span class='ocrx_word' id='word_1_642' title='bbox 3510 2549 3745 2602; x_wconf 87' lang='lat' dir='ltr'><strong>percur—</strong></span> 
     </span>
    </p>
   </div>
   <div class='ocr_carea' id='block_1_88' title="bbox 2159 2585 3742 2690">
    <p class='ocr_par' dir='ltr' id='par_1_88' title="bbox 2159 2585 3742 2690">
     <span class='ocr_line' id='line_1_89' title="bbox 2159 2585 3742 2690; baseline 0.018 -53"><span class='ocrx_word' id='word_1_643' title='bbox 2159 2585 2310 2650; x_wconf 90' lang='lat' dir='ltr'><strong>rerit,</strong></span> <span class='ocrx_word' id='word_1_644' title='bbox 2346 2596 2404 2642; x_wconf 93' lang='lat' dir='ltr'><strong>ut</strong></span> <span class='ocrx_word' id='word_1_645' title='bbox 2432 2590 2499 2644; x_wconf 90' lang='lat' dir='ltr'><strong>de</strong></span> <span class='ocrx_word' id='word_1_646' title='bbox 2529 2608 2596 2646; x_wconf 84' lang='lat' dir='ltr'><strong>eo</strong></span> <span class='ocrx_word' id='word_1_647' title='bbox 2629 2593 2813 2652; x_wconf 87' lang='lat' dir='ltr'><strong>ferunt</strong></span> <span class='ocrx_word' id='word_1_648' title='bbox 2864 2603 3232 2682; x_wconf 81' lang='lat' dir='ltr'><strong>testimonium</strong></span> <span class='ocrx_word' id='word_1_649' title='bbox 3287 2615 3472 2683; x_wconf 84' lang='lat' dir='ltr'><strong>magni</strong></span> <span class='ocrx_word' id='word_1_650' title='bbox 3510 2585 3742 2690; x_wconf 41' lang='lat' dir='ltr'><strong>(quoque</strong></span> 
     </span>
     <span class='ocr_line' id='line_1_90' title="bbox 2159 2665 2926 2690; baseline 0 0"><span class='ocrx_word' id='word_1_651' title='bbox 2159 2665 2343 2690; x_wconf 58' lang='lat'><strong>“-1---</strong></span> <span class='ocrx_word' id='word_1_652' title='bbox 2381 2671 2430 2690; x_wconf 69' lang='grc' dir='ltr'><strong>ξ-</strong></span> <span class='ocrx_word' id='word_1_653' title='bbox 2479 2675 2592 2690; x_wconf 25' lang='grc' dir='ltr'><strong>ξίν.</strong></span> <span class='ocrx_word' id='word_1_654' title='bbox 2654 2677 2688 2690; x_wconf 66' lang='grc' dir='ltr'><strong>ε.</strong></span> <span class='ocrx_word' id='word_1_655' title='bbox 2830 2681 2869 2690; x_wconf 89' lang='grc'>..</span> <span class='ocrx_word' id='word_1_656' title='bbox 2914 2685 2926 2690; x_wconf 88' lang='grc'><strong>-</strong></span> 
     </span>
    </p>
   </div>
   <div class='ocr_carea' id='block_1_89' title="bbox 2158 2665 3740 2759">
    <p class='ocr_par' dir='ltr' id='par_1_89' title="bbox 2158 2665 3740 2759">
     <span class='ocr_line' id='line_1_91' title="bbox 2158 2665 3740 2759; baseline 0.027 -41"><span class='ocrx_word' id='word_1_657' title='bbox 2158 2665 2345 2722; x_wconf 87' lang='lat' dir='ltr'><strong>Patres</strong></span> <span class='ocrx_word' id='word_1_658' title='bbox 2381 2671 2435 2724; x_wconf 94' lang='lat' dir='ltr'><strong>in</strong></span> <span class='ocrx_word' id='word_1_659' title='bbox 2473 2675 2785 2736; x_wconf 91' lang='lat' dir='ltr'><strong>solitudine.</strong></span> <span class='ocrx_word' id='word_1_660' title='bbox 2827 2681 2998 2754; x_wconf 85' lang='lat' dir='ltr'><strong>Hujus</strong></span> <span class='ocrx_word' id='word_1_661' title='bbox 3033 2673 3214 2745; x_wconf 78' lang='lat' dir='ltr'><strong>autem</strong></span> <span class='ocrx_word' id='word_1_662' title='bbox 3267 2665 3551 2753; x_wconf 38' lang='lat' dir='ltr'><strong>feru‘irtur1</strong></span> <span class='ocrx_word' id='word_1_663' title='bbox 3572 2665 3740 2759; x_wconf 47' lang='lat' dir='ltr'><strong>etilm</strong></span> 
     </span>
    </p>
   </div>
   <div class='ocr_carea' id='block_1_90' title="bbox 2157 2753 3740 2845">
    <p class='ocr_par' dir='ltr' id='par_1_90' title="bbox 2157 2753 3740 2845">
     <span class='ocr_line' id='line_1_92' title="bbox 2157 2753 3740 2845; baseline 0.027 -43"><span class='ocrx_word' id='word_1_664' title='bbox 2157 2753 2476 2845; x_wconf 62' lang='lat' dir='ltr'><strong>prophetia.</strong></span> <span class='ocrx_word' id='word_1_665' title='bbox 2512 2757 2745 2817; x_wconf 87' lang='lat' dir='ltr'><strong>Tantum</strong></span> <span class='ocrx_word' id='word_1_666' title='bbox 2777 2753 2959 2822; x_wconf 86' lang='lat' dir='ltr'><strong>autem</strong></span> <span class='ocrx_word' id='word_1_667' title='bbox 3019 2773 3232 2830; x_wconf 88' lang='lat' dir='ltr'><strong>valebat</strong></span> <span class='ocrx_word' id='word_1_668' title='bbox 3275 2778 3330 2833; x_wconf 93' lang='lat' dir='ltr'><strong>in</strong></span> <span class='ocrx_word' id='word_1_669' title='bbox 3382 2787 3740 2845; x_wconf 82' lang='lat' dir='ltr'><strong>consolandis</strong></span> 
     </span>
    </p>
   </div>
   <div class='ocr_carea' id='block_1_91' title="bbox 2156 2831 3737 2932">
    <p class='ocr_par' dir='ltr' id='par_1_91' title="bbox 2156 2831 3737 2932">
     <span class='ocr_line' id='line_1_93' title="bbox 2156 2831 3737 2932; baseline 0.027 -46"><span class='ocrx_word' id='word_1_670' title='bbox 2156 2831 2412 2894; x_wconf 81' lang='lat' dir='ltr'><strong>fratribus</strong></span> <span class='ocrx_word' id='word_1_671' title='bbox 2455 2841 2548 2910; x_wconf 89' lang='lat' dir='ltr'><strong>qui</strong></span> <span class='ocrx_word' id='word_1_672' title='bbox 2580 2855 2737 2901; x_wconf 89' lang='lat' dir='ltr'><strong>erant</strong></span> <span class='ocrx_word' id='word_1_673' title='bbox 2782 2849 2838 2904; x_wconf 90' lang='lat' dir='ltr'><strong>in</strong></span> <span class='ocrx_word' id='word_1_674' title='bbox 2889 2853 3208 2925; x_wconf 89' lang='lat' dir='ltr'><strong>solitudine,</strong></span> <span class='ocrx_word' id='word_1_675' title='bbox 3243 2831 3511 2932; x_wconf 76' lang='lat' dir='ltr'><strong>quantum</strong></span> <span class='ocrx_word' id='word_1_676' title='bbox 3550 2873 3737 2928; x_wconf 81' lang='lat' dir='ltr'><strong>nullus</strong></span> 
     </span>
    </p>
   </div>
   <div class='ocr_carea' id='block_1_92' title="bbox 2153 2917 2310 2974">
    <p class='ocr_par' dir='ltr' id='par_1_92' title="bbox 2153 2917 2310 2974">
     <span class='ocr_line' id='line_1_94' title="bbox 2153 2917 2310 2974; baseline 0.025 -4"><span class='ocrx_word' id='word_1_677' title='bbox 2153 2917 2310 2974; x_wconf 90' lang='lat' dir='ltr'><strong>alius.</strong></span> 
     </span>
    </p>
   </div>
   <div class='ocr_carea' id='block_1_93' title="bbox 2223 3010 3734 3114">
    <p class='ocr_par' dir='ltr' id='par_1_93' title="bbox 2223 3010 3734 3114">
     <span class='ocr_line' id='line_1_95' title="bbox 2223 3010 3734 3114; baseline 0.024 -48"><span class='ocrx_word' id='word_1_678' title='bbox 2223 3010 2339 3069; x_wconf 83' lang='lat' dir='ltr'><strong>Hoc</strong></span> <span class='ocrx_word' id='word_1_679' title='bbox 2364 3015 2413 3070; x_wconf 93' lang='lat' dir='ltr'><strong>ei</strong></span> <span class='ocrx_word' id='word_1_680' title='bbox 2447 3032 2548 3074; x_wconf 92' lang='lat' dir='ltr'><strong>suo</strong></span> <span class='ocrx_word' id='word_1_681' title='bbox 2578 3020 2833 3094; x_wconf 74' lang='lat' dir='ltr'><strong>suffragio</strong></span> <span class='ocrx_word' id='word_1_682' title='bbox 2857 3027 3133 3087; x_wconf 88' lang='lat' dir='ltr'><strong>tribuebat</strong></span> <span class='ocrx_word' id='word_1_683' title='bbox 3157 3035 3441 3106; x_wconf 78' lang='lat' dir='ltr'><strong>Evagrius,</strong></span> <span class='ocrx_word' id='word_1_684' title='bbox 3477 3045 3572 3114; x_wconf 88' lang='lat' dir='ltr'><strong>qui</strong></span> <span class='ocrx_word' id='word_1_685' title='bbox 3611 3060 3734 3103; x_wconf 85' lang='lat' dir='ltr'><strong>erat</strong></span> 
     </span>
    </p>
   </div>
   <div class='ocr_carea' id='block_1_94' title="bbox 2069 3098 3735 3186">
    <p class='ocr_par' dir='ltr' id='par_1_94' title="bbox 2069 3098 3735 3186">
     <span class='ocr_line' id='line_1_96' title="bbox 2069 3098 3735 3186; baseline 0.022 -36"><span class='ocrx_word' id='word_1_686' title='bbox 2069 3109 2115 3173; x_wconf 70' lang='grc' dir='ltr'><em>ε</em></span> <span class='ocrx_word' id='word_1_687' title='bbox 2150 3098 2234 3152; x_wconf 89' lang='lat' dir='ltr'><strong>vir</strong></span> <span class='ocrx_word' id='word_1_688' title='bbox 2261 3099 2602 3160; x_wconf 88' lang='lat' dir='ltr'><strong>discernendi</strong></span> <span class='ocrx_word' id='word_1_689' title='bbox 2627 3107 2676 3162; x_wconf 88' lang='lat' dir='ltr'><strong>vi</strong></span> <span class='ocrx_word' id='word_1_690' title='bbox 2710 3111 2992 3178; x_wconf 67' lang='lat' dir='ltr'><strong>praeditus,</strong></span> <span class='ocrx_word' id='word_1_691' title='bbox 3021 3131 3079 3169; x_wconf 86' lang='lat' dir='ltr'><strong>se</strong></span> <span class='ocrx_word' id='word_1_692' title='bbox 3109 3119 3311 3174; x_wconf 91' lang='lat' dir='ltr'><strong>nullum</strong></span> <span class='ocrx_word' id='word_1_693' title='bbox 3336 3098 3617 3184; x_wconf 69' lang='lat' dir='ltr'><strong>hominem</strong></span> <span class='ocrx_word' id='word_1_694' title='bbox 3648 3135 3735 3186; x_wconf 81' lang='lat' dir='ltr'><strong>vi-</strong></span> 
     </span>
    </p>
   </div>
   <div class='ocr_carea' id='block_1_95' title="bbox 2148 3182 3732 3275">
    <p class='ocr_par' dir='ltr' id='par_1_95' title="bbox 2148 3182 3732 3275">
     <span class='ocr_line' id='line_1_97' title="bbox 2148 3182 3732 3275; baseline 0.024 -39"><span class='ocrx_word' id='word_1_695' title='bbox 2148 3182 2412 3275; x_wconf 70' lang='lat' dir='ltr'><strong>disse_qui</strong></span> <span class='ocrx_word' id='word_1_696' title='bbox 2445 3199 2594 3275; x_wconf 73' lang='lat' dir='ltr'><strong>esset</strong></span> <span class='ocrx_word' id='word_1_697' title='bbox 2609 3195 2780 3263; x_wconf 88' lang='lat' dir='ltr'><strong>magis</strong></span> <span class='ocrx_word' id='word_1_698' title='bbox 2811 3197 3129 3266; x_wconf 88' lang='lat' dir='ltr'><strong>impatihilis</strong></span> <span class='ocrx_word' id='word_1_699' title='bbox 3151 3203 3287 3274; x_wconf 80' lang='grc'>(55),</span> <span class='ocrx_word' id='word_1_700' title='bbox 3323 3218 3378 3263; x_wconf 90' lang='lat' dir='ltr'><strong>et</strong></span> <span class='ocrx_word' id='word_1_701' title='bbox 3408 3182 3626 3270; x_wconf 73' lang='lat' dir='ltr'><strong>alienus</strong></span> <span class='ocrx_word' id='word_1_702' title='bbox 3658 3182 3732 3275; x_wconf 67' lang='lat' dir='ltr'><strong>ab</strong></span> 
     </span>
    </p>
   </div>
   <div class='ocr_carea' id='block_1_96' title="bbox 2147 3267 3552 3366">
    <p class='ocr_par' dir='ltr' id='par_1_96' title="bbox 2147 3267 3552 3366">
     <span class='ocr_line' id='line_1_98' title="bbox 2147 3267 3552 3366; baseline 0.023 -48"><span class='ocrx_word' id='word_1_703' title='bbox 2147 3267 2401 3323; x_wconf 92' lang='lat' dir='ltr'><strong>omnibus</strong></span> <span class='ocrx_word' id='word_1_704' title='bbox 2433 3273 2598 3327; x_wconf 90' lang='lat' dir='ltr'><strong>animi</strong></span> <span class='ocrx_word' id='word_1_705' title='bbox 2627 3279 3135 3344; x_wconf 89' lang='lat' dir='ltr'><strong>perturbationibus</strong></span> <span class='ocrx_word' id='word_1_706' title='bbox 3161 3267 3367 3359; x_wconf 36' lang='lat' dir='ltr'><strong>&#39;(Caute</strong></span> <span class='ocrx_word' id='word_1_707' title='bbox 3397 3293 3552 3366; x_wconf 78' lang='lat' dir='ltr'><strong>lege).</strong></span> 
     </span>
    </p>
   </div>
   <div class='ocr_carea' id='block_1_97' title="bbox 2217 3360 3729 3464">
    <p class='ocr_par' dir='ltr' id='par_1_97' title="bbox 2217 3360 3729 3464">
     <span class='ocr_line' id='line_1_99' title="bbox 2217 3360 3729 3464; baseline 0.026 -51"><span class='ocrx_word' id='word_1_708' title='bbox 2217 3360 2338 3433; x_wconf 83' lang='lat' dir='ltr'><strong>[Hic</strong></span> <span class='ocrx_word' id='word_1_709' title='bbox 2368 3365 2509 3421; x_wconf 91' lang='lat' dir='ltr'><strong>idem</strong></span> <span class='ocrx_word' id='word_1_710' title='bbox 2545 3373 2923 3432; x_wconf 91' lang='lat' dir='ltr'><strong>sanctissimus</strong></span> <span class='ocrx_word' id='word_1_711' title='bbox 2961 3394 3087 3435; x_wconf 92' lang='lat' dir='ltr'><strong>eum</strong></span> <span class='ocrx_word' id='word_1_712' title='bbox 3130 3397 3161 3437; x_wconf 94' lang='lat' dir='ltr'><strong>a</strong></span> <span class='ocrx_word' id='word_1_713' title='bbox 3209 3384 3421 3442; x_wconf 73' lang='lat' dir='ltr'><strong>Rumno</strong></span> <span class='ocrx_word' id='word_1_714' title='bbox 3460 3398 3729 3464; x_wconf 86' lang='lat' dir='ltr'><strong>temporis</strong></span> 
     </span>
    </p>
   </div>
   <div class='ocr_carea' id='block_1_98' title="bbox 2143 3443 3727 3540">
    <p class='ocr_par' dir='ltr' id='par_1_98' title="bbox 2143 3443 3727 3540">
     <span class='ocr_line' id='line_1_100' title="bbox 2143 3443 3727 3540; baseline 0.025 -44"><span class='ocrx_word' id='word_1_715' title='bbox 2143 3443 2291 3500; x_wconf 92' lang='lat' dir='ltr'><strong>illius</strong></span> <span class='ocrx_word' id='word_1_716' title='bbox 2322 3449 2582 3516; x_wconf 56' lang='lat' dir='ltr'><strong>praefecto</strong></span> <span class='ocrx_word' id='word_1_717' title='bbox 2599 3458 2837 3522; x_wconf 81' lang='lat' dir='ltr'><strong>praetorii</strong></span> <span class='ocrx_word' id='word_1_718' title='bbox 2876 3463 3167 3533; x_wconf 88' lang='lat' dir='ltr'><strong>multiplici</strong></span> <span class='ocrx_word' id='word_1_719' title='bbox 3201 3443 3611 3540; x_wconf 61' lang='lat' dir='ltr'><strong>supplicatione</strong></span> <span class='ocrx_word' id='word_1_720' title='bbox 3637 3498 3727 3534; x_wconf 84' lang='lat' dir='ltr'><strong>ro-</strong></span> 
     </span>
    </p>
   </div>
   <div class='ocr_carea' id='block_1_99' title="bbox 2140 3530 3724 3620">
    <p class='ocr_par' dir='ltr' id='par_1_99' title="bbox 2140 3530 3724 3620">
     <span class='ocr_line' id='line_1_101' title="bbox 2140 3530 3724 3620; baseline 0.027 -42"><span class='ocrx_word' id='word_1_721' title='bbox 2140 3535 2295 3598; x_wconf 87' lang='lat' dir='ltr'><strong>gatus</strong></span> <span class='ocrx_word' id='word_1_722' title='bbox 2325 3530 2538 3600; x_wconf 88' lang='lat' dir='ltr'><strong>fuisset,</strong></span> <span class='ocrx_word' id='word_1_723' title='bbox 2577 3544 2636 3590; x_wconf 93' lang='lat' dir='ltr'><strong>ut</strong></span> <span class='ocrx_word' id='word_1_724' title='bbox 2674 3555 2870 3610; x_wconf 85' lang='lat' dir='ltr'><strong>magno</strong></span> <span class='ocrx_word' id='word_1_725' title='bbox 2915 3544 3009 3601; x_wconf 93' lang='lat' dir='ltr'><strong>illo</strong></span> <span class='ocrx_word' id='word_1_726' title='bbox 3040 3530 3359 3613; x_wconf 29' lang='lat' dir='ltr'><strong>iAmmonio</strong></span> <span class='ocrx_word' id='word_1_727' title='bbox 3396 3530 3724 3620; x_wconf 86' lang='lat' dir='ltr'><strong>Constanti-</strong></span> 
     </span>
    </p>
   </div>
   <div class='ocr_carea' id='block_1_100' title="bbox 2139 3613 3722 3718">
    <p class='ocr_par' dir='ltr' id='par_1_100' title="bbox 2139 3613 3722 3718">
     <span class='ocr_line' id='line_1_102' title="bbox 2139 3613 3722 3718; baseline 0.027 -56"><span class='ocrx_word' id='word_1_728' title='bbox 2139 3613 2376 3680; x_wconf 87' lang='lat' dir='ltr'><strong>n0polim</strong></span> <span class='ocrx_word' id='word_1_729' title='bbox 2411 3616 2481 3671; x_wconf 93' lang='lat' dir='ltr'><strong>ob</strong></span> <span class='ocrx_word' id='word_1_730' title='bbox 2510 3625 2845 3680; x_wconf 86' lang='lat' dir='ltr'><strong>necessarias</strong></span> <span class='ocrx_word' id='word_1_731' title='bbox 2874 3633 3042 3687; x_wconf 91' lang='lat' dir='ltr'><strong>eremi</strong></span> <span class='ocrx_word' id='word_1_732' title='bbox 3073 3637 3315 3695; x_wconf 88' lang='lat' dir='ltr'><strong>actiones</strong></span> <span class='ocrx_word' id='word_1_733' title='bbox 3366 3644 3722 3718; x_wconf 83' lang='lat' dir='ltr'><strong>adveniente,</strong></span> 
     </span>
    </p>
   </div>
   <div class='ocr_carea' id='block_1_101' title="bbox 2137 3692 3728 3804">
    <p class='ocr_par' dir='ltr' id='par_1_101' title="bbox 2137 3692 3728 3804">
     <span class='ocr_line' id='line_1_103' title="bbox 2137 3692 3728 3804; baseline 0.015 -53"><span class='ocrx_word' id='word_1_734' title='bbox 2137 3692 2253 3764; x_wconf 85' lang='lat' dir='ltr'><strong>ipse</strong></span> <span class='ocrx_word' id='word_1_735' title='bbox 2281 3713 2496 3770; x_wconf 91' lang='lat' dir='ltr'><strong>quoque</strong></span> <span class='ocrx_word' id='word_1_736' title='bbox 2531 3704 2849 3775; x_wconf 87' lang='lat' dir='ltr'><strong>dignaretur</strong></span> <span class='ocrx_word' id='word_1_737' title='bbox 2885 3716 3094 3782; x_wconf 88' lang='lat' dir='ltr'><strong>venire,</strong></span> <span class='ocrx_word' id='word_1_738' title='bbox 3137 3722 3499 3784; x_wconf 85' lang='lat' dir='ltr'><strong>vehementer</strong></span> <span class='ocrx_word' id='word_1_739' title='bbox 3521 3732 3579 3787; x_wconf 91' lang='lat' dir='ltr'><strong>id</strong></span> <span class='ocrx_word' id='word_1_740' title='bbox 3602 3694 3728 3804; x_wconf 64' lang='lat' dir='ltr'><strong>pre:</strong></span> 
     </span>
     <span class='ocr_line' id='line_1_104' title="bbox 2137 3781 3138 3804; baseline 0 0"><span class='ocrx_word' id='word_1_741' title='bbox 2137 3781 2380 3804; x_wconf 62' lang='grc' dir='ltr'><strong>ΛΑηιὲι---</strong></span> <span class='ocrx_word' id='word_1_742' title='bbox 2412 3801 2494 3804; x_wconf 47' lang='grc' dir='ltr'><strong>,Αλ</strong></span> <span class='ocrx_word' id='word_1_743' title='bbox 2519 3788 2600 3804; x_wconf 66' lang='lat'><strong>_.0,</strong></span> <span class='ocrx_word' id='word_1_744' title='bbox 2655 3791 2687 3804; x_wconf 76' lang='grc' dir='ltr'><strong>ιο</strong></span> <span class='ocrx_word' id='word_1_745' title='bbox 3129 3802 3138 3804; x_wconf 67' lang='lat'><strong><em>_</em></strong></span> 
     </span>
    </p>
   </div>
   <div class='ocr_carea' id='block_1_102' title="bbox 2135 3781 3722 3888">
    <p class='ocr_par' dir='ltr' id='par_1_102' title="bbox 2135 3781 3722 3888">
     <span class='ocr_line' id='line_1_105' title="bbox 2135 3781 3722 3888; baseline 0.02 -57"><span class='ocrx_word' id='word_1_746' title='bbox 2135 3781 2382 3838; x_wconf 88' lang='lat' dir='ltr'><strong>cantibus</strong></span> <span class='ocrx_word' id='word_1_747' title='bbox 2407 3788 2610 3842; x_wconf 86' lang='lat' dir='ltr'><strong>sanctis</strong></span> <span class='ocrx_word' id='word_1_748' title='bbox 2637 3791 2970 3850; x_wconf 86' lang='lat' dir='ltr'><strong>diversarum</strong></span> <span class='ocrx_word' id='word_1_749' title='bbox 2989 3781 3392 3868; x_wconf 82' lang='lat' dir='ltr'><strong>provinciarum</strong></span> <span class='ocrx_word' id='word_1_750' title='bbox 3420 3781 3722 3888; x_wconf 51' lang='lat' dir='ltr'><strong>episcolpis,</strong></span> 
     </span>
     <span class='ocr_line' id='line_1_106' title="bbox 2135 3862 3105 3888; baseline 0 0"><span class='ocrx_word' id='word_1_751' title='bbox 2135 3862 2359 3888; x_wconf 60' lang='lat' dir='ltr'><strong>nl::-_---</strong></span> <span class='ocrx_word' id='word_1_752' title='bbox 2399 3884 2488 3888; x_wconf 35' lang='grc' dir='ltr'><strong>,μγ</strong></span> <span class='ocrx_word' id='word_1_753' title='bbox 2597 3873 2609 3888; x_wconf 81' lang='grc' dir='ltr'>ι</span> <span class='ocrx_word' id='word_1_754' title='bbox 2686 3875 2716 3888; x_wconf 77' lang='grc' dir='ltr'>η</span> <span class='ocrx_word' id='word_1_755' title='bbox 2974 3882 2985 3888; x_wconf 86' lang='grc'><strong>-</strong></span> <span class='ocrx_word' id='word_1_756' title='bbox 3019 3883 3029 3888; x_wconf 83' lang='grc'><strong>-</strong></span> <span class='ocrx_word' id='word_1_757' title='bbox 3099 3886 3105 3888; x_wconf 91' lang='grc'>.</span> 
     </span>
    </p>
   </div>
   <div class='ocr_carea' id='block_1_103' title="bbox 2133 3862 3719 3956">
    <p class='ocr_par' dir='ltr' id='par_1_103' title="bbox 2133 3862 3719 3956">
     <span class='ocr_line' id='line_1_107' title="bbox 2133 3862 3719 3956; baseline 0.028 -42"><span class='ocrx_word' id='word_1_758' title='bbox 2133 3862 2363 3956; x_wconf 65' lang='lat' dir='ltr'><strong>aliisque</strong></span> <span class='ocrx_word' id='word_1_759' title='bbox 2393 3862 3064 3942; x_wconf 69' lang='lat' dir='ltr'><strong>quampluribuseremitis</strong></span> <span class='ocrx_word' id='word_1_760' title='bbox 3088 3886 3200 3956; x_wconf 86' lang='lat' dir='ltr'><strong>(qui</strong></span> <span class='ocrx_word' id='word_1_761' title='bbox 3225 3891 3291 3946; x_wconf 93' lang='lat' dir='ltr'><strong>ad</strong></span> 
     </span>
    </p>
   </div>
   <div class='ocr_carea' id='block_1_104' title="bbox 2131 3944 3720 4049">
    <p class='ocr_par' dir='ltr' id='par_1_104' title="bbox 2131 3944 3720 4049">
     <span class='ocr_line' id='line_1_108' title="bbox 2131 3944 3720 4049; baseline 0.028 -52"><span class='ocrx_word' id='word_1_762' title='bbox 2131 3944 2386 4016; x_wconf 68' lang='lat' dir='ltr'><strong>basilicae,</strong></span> <span class='ocrx_word' id='word_1_763' title='bbox 2417 3969 2578 4022; x_wconf 89' lang='lat' dir='ltr'><strong>quam</strong></span> <span class='ocrx_word' id='word_1_764' title='bbox 2613 3957 2729 4027; x_wconf 93' lang='lat' dir='ltr'><strong>ipse</strong></span> <span class='ocrx_word' id='word_1_765' title='bbox 2765 3944 3562 4049; x_wconf 60' lang='lat' dir='ltr'><strong>condiderat;convenerant),</strong></span> <span class='ocrx_word' id='word_1_766' title='bbox 3601 4001 3720 4041; x_wconf 88' lang='lat' dir='ltr'><strong>me-</strong></span> 
     </span>
    </p>
   </div>
   <div class='ocr_carea' id='block_1_105' title="bbox 2130 4036 3718 4134">
    <p class='ocr_par' dir='ltr' id='par_1_105' title="bbox 2130 4036 3718 4134">
     <span class='ocr_line' id='line_1_109' title="bbox 2130 4036 3718 4134; baseline 0.027 -52"><span class='ocrx_word' id='word_1_767' title='bbox 2130 4043 2403 4089; x_wconf 91' lang='lat' dir='ltr'><strong>moratum</strong></span> <span class='ocrx_word' id='word_1_768' title='bbox 2440 4036 2714 4096; x_wconf 71' lang='lat' dir='ltr'><strong>Bullinum</strong></span> <span class='ocrx_word' id='word_1_769' title='bbox 2756 4050 2992 4117; x_wconf 89' lang='lat' dir='ltr'><strong>propriis</strong></span> <span class='ocrx_word' id='word_1_770' title='bbox 3011 4055 3265 4112; x_wconf 89' lang='lat' dir='ltr'><strong>manibus</strong></span> <span class='ocrx_word' id='word_1_771' title='bbox 3293 4036 3542 4134; x_wconf 74' lang='lat' dir='ltr'><strong>suscepit</strong></span> <span class='ocrx_word' id='word_1_772' title='bbox 3557 4083 3718 4124; x_wconf 86' lang='lat' dir='ltr'><strong>sacro</strong></span> 
     </span>
     <span class='ocr_line' id='line_1_110' title="bbox 2130 4113 2727 4134; baseline 0.022 0"><span class='ocrx_word' id='word_1_773' title='bbox 2130 4113 2272 4134; x_wconf 55' lang='grc' dir='ltr'><strong>μη.-</strong></span> <span class='ocrx_word' id='word_1_774' title='bbox 2463 4121 2476 4134; x_wconf 84' lang='grc'><strong>-</strong></span> <span class='ocrx_word' id='word_1_775' title='bbox 2524 4133 2528 4134; x_wconf 39' lang='grc' dir='ltr'><em>κ</em></span> <span class='ocrx_word' id='word_1_776' title='bbox 2697 4127 2727 4134; x_wconf 59' lang='grc' dir='ltr'>κ</span> 
     </span>
    </p>
   </div>
   <div class='ocr_carea' id='block_1_106' title="bbox 2129 4113 3715 4209">
    <p class='ocr_par' dir='ltr' id='par_1_106' title="bbox 2129 4113 3715 4209">
     <span class='ocr_line' id='line_1_111' title="bbox 2129 4113 3715 4209; baseline 0.027 -43"><span class='ocrx_word' id='word_1_777' title='bbox 2129 4113 2279 4170; x_wconf 90' lang='lat' dir='ltr'><strong>fonte</strong></span> <span class='ocrx_word' id='word_1_778' title='bbox 2311 4121 2652 4178; x_wconf 89' lang='lat' dir='ltr'><strong>mundatum.</strong></span> <span class='ocrx_word' id='word_1_779' title='bbox 2690 4113 2874 4192; x_wconf 68' lang='lat' dir='ltr'><strong>Queni</strong></span> <span class='ocrx_word' id='word_1_780' title='bbox 2894 4149 3006 4189; x_wconf 72' lang='lat' dir='ltr'><strong>sua:</strong></span> <span class='ocrx_word' id='word_1_781' title='bbox 3048 4113 3490 4202; x_wconf 61' lang='lat' dir='ltr'><strong>conversationis</strong></span> <span class='ocrx_word' id='word_1_782' title='bbox 3515 4154 3715 4209; x_wconf 87' lang='lat' dir='ltr'><strong>merito</strong></span> 
     </span>
    </p>
   </div>
   <div class='ocr_carea' id='block_1_107' title="bbox 2127 4198 3713 4305">
    <p class='ocr_par' dir='ltr' id='par_1_107' title="bbox 2127 4198 3713 4305">
     <span class='ocr_line' id='line_1_112' title="bbox 2127 4198 3713 4305; baseline 0.028 -55"><span class='ocrx_word' id='word_1_783' title='bbox 2127 4198 2418 4268; x_wconf 89' lang='lat' dir='ltr'><strong>plurimum</strong></span> <span class='ocrx_word' id='word_1_784' title='bbox 2452 4220 2741 4267; x_wconf 82' lang='lat' dir='ltr'><strong>veneratus</strong></span> <span class='ocrx_word' id='word_1_785' title='bbox 2774 4225 2878 4280; x_wconf 91' lang='lat' dir='ltr'><strong>est,</strong></span> <span class='ocrx_word' id='word_1_786' title='bbox 2914 4229 3103 4275; x_wconf 90' lang='lat' dir='ltr'><strong>sancto</strong></span> <span class='ocrx_word' id='word_1_787' title='bbox 3138 4223 3430 4286; x_wconf 85' lang='lat' dir='ltr'><strong>Ammonio</strong></span> <span class='ocrx_word' id='word_1_788' title='bbox 3482 4239 3713 4305; x_wconf 89' lang='lat' dir='ltr'><strong>cupiens</strong></span> 
     </span>
    </p>
   </div>
   <div class='ocr_carea' id='block_1_108' title="bbox 2129 4279 3709 4380">
    <p class='ocr_par' dir='ltr' id='par_1_108' title="bbox 2129 4279 3709 4380">
     <span class='ocr_line' id='line_1_113' title="bbox 2129 4279 3709 4380; baseline 0.03 -47"><span class='ocrx_word' id='word_1_789' title='bbox 2129 4279 2181 4334; x_wconf 81' lang='lat' dir='ltr'><strong>in</strong></span> <span class='ocrx_word' id='word_1_790' title='bbox 2210 4287 2465 4343; x_wconf 91' lang='lat' dir='ltr'><strong>omnibus</strong></span> <span class='ocrx_word' id='word_1_791' title='bbox 2511 4292 2738 4349; x_wconf 67' lang='lat' dir='ltr'><strong>obedire</strong></span> <span class='ocrx_word' id='word_1_792' title='bbox 2775 4312 2788 4348; x_wconf 91' lang='lat'><strong>:</strong></span> <span class='ocrx_word' id='word_1_793' title='bbox 2823 4300 2914 4367; x_wconf 86' lang='lat' dir='ltr'><strong>qui</strong></span> <span class='ocrx_word' id='word_1_794' title='bbox 2969 4305 3131 4370; x_wconf 90' lang='lat' dir='ltr'><strong>paulo</strong></span> <span class='ocrx_word' id='word_1_795' title='bbox 3162 4317 3284 4376; x_wconf 89' lang='lat' dir='ltr'><strong>post</strong></span> <span class='ocrx_word' id='word_1_796' title='bbox 3333 4279 3600 4378; x_wconf 66' lang='lat' dir='ltr'><strong>dormivit</strong></span> <span class='ocrx_word' id='word_1_797' title='bbox 3654 4327 3709 4380; x_wconf 89' lang='lat' dir='ltr'><strong>in</strong></span> 
     </span>
     <span class='ocr_line' id='line_1_114' title="bbox 2129 4361 2556 4380; baseline 0.026 0"><span class='ocrx_word' id='word_1_798' title='bbox 2129 4361 2192 4380; x_wconf 59' lang='grc' dir='ltr'>η</span> <span class='ocrx_word' id='word_1_799' title='bbox 2265 4368 2276 4379; x_wconf 93' lang='grc'><strong>.</strong></span> <span class='ocrx_word' id='word_1_800' title='bbox 2543 4374 2556 4380; x_wconf 76' lang='grc'><strong><em>-</em></strong></span> 
     </span>
    </p>
   </div>
   <div class='ocr_carea' id='block_1_109' title="bbox 2126 4361 3712 4470">
    <p class='ocr_par' dir='ltr' id='par_1_109' title="bbox 2126 4361 3712 4470">
     <span class='ocr_line' id='line_1_115' title="bbox 2126 4361 3712 4470; baseline 0.029 -54"><span class='ocrx_word' id='word_1_801' title='bbox 2126 4361 2374 4434; x_wconf 85' lang='lat' dir='ltr'><strong>Domino,</strong></span> <span class='ocrx_word' id='word_1_802' title='bbox 2405 4374 2760 4445; x_wconf 89' lang='lat' dir='ltr'><strong>sepultusque</strong></span> <span class='ocrx_word' id='word_1_803' title='bbox 2790 4361 2874 4436; x_wconf 77' lang='lat' dir='ltr'><strong>est</strong></span> <span class='ocrx_word' id='word_1_804' title='bbox 2907 4361 3203 4444; x_wconf 47' lang='lat' dir='ltr'><strong>in&#39;basilic&#39;a</strong></span> <span class='ocrx_word' id='word_1_805' title='bbox 3238 4409 3358 4462; x_wconf 67' lang='lat' dir='ltr'><strong>quae</strong></span> <span class='ocrx_word' id='word_1_806' title='bbox 3398 4361 3712 4470; x_wconf 57' lang='lat' dir='ltr'><strong>appellati:</strong></span> 
     </span>
     <span class='ocr_line' id='line_1_116' title="bbox 2126 4445 2905 4470; baseline 0.027 -13"><span class='ocrx_word' id='word_1_807' title='bbox 2126 4445 2343 4470; x_wconf 23' lang='lat' dir='ltr'><strong>nam,”</strong></span> <span class='ocrx_word' id='word_1_808' title='bbox 2499 4457 2510 4468; x_wconf 90' lang='lat'><strong>.</strong></span> <span class='ocrx_word' id='word_1_809' title='bbox 2644 4461 2654 4470; x_wconf 98' lang='lat'><strong>.</strong></span> <span class='ocrx_word' id='word_1_810' title='bbox 2891 4465 2905 4470; x_wconf 87' lang='lat'><strong>-</strong></span> 
     </span>
    </p>
   </div>
   <div class='ocr_carea' id='block_1_110' title="bbox 2703 4657 3106 4721">
    <p class='ocr_par' dir='ltr' id='par_1_110' title="bbox 2703 4657 3106 4721">
     <span class='ocr_line' id='line_1_117' title="bbox 2703 4657 3106 4721; baseline 0.025 -10"><span class='ocrx_word' id='word_1_811' title='bbox 2703 4657 2936 4718; x_wconf 85' lang='lat' dir='ltr'><strong>CAPUT</strong></span> <span class='ocrx_word' id='word_1_812' title='bbox 2964 4664 3106 4721; x_wconf 83' lang='lat' dir='ltr'><strong>XI&quot;.</strong></span> 
     </span>
    </p>
   </div>
   <div class='ocr_carea' id='block_1_111' title="bbox 2493 4757 3334 4848">
    <p class='ocr_par' dir='ltr' id='par_1_111' title="bbox 2493 4757 3334 4848">
     <span class='ocr_line' id='line_1_118' title="bbox 2493 4757 3334 4848; baseline 0.025 -37"><span class='ocrx_word' id='word_1_813' title='bbox 2493 4757 2613 4814; x_wconf 87' lang='lat' dir='ltr'><strong>Vita</strong></span> <span class='ocrx_word' id='word_1_814' title='bbox 2637 4762 2848 4820; x_wconf 78' lang='lat' dir='ltr'><strong>abbatis</strong></span> <span class='ocrx_word' id='word_1_815' title='bbox 2882 4765 3165 4838; x_wconf 84' lang='lat' dir='ltr'><strong>Benjamin</strong></span> <span class='ocrx_word' id='word_1_816' title='bbox 3197 4776 3334 4848; x_wconf 78' lang='grc'><strong>(51).</strong></span> 
     </span>
    </p>
   </div>
   <div class='ocr_carea' id='block_1_112' title="bbox 2188 4864 3697 4968">
    <p class='ocr_par' dir='ltr' id='par_1_112' title="bbox 2188 4864 3697 4968">
     <span class='ocr_line' id='line_1_119' title="bbox 2188 4864 3697 4968; baseline 0.025 -49"><span class='ocrx_word' id='word_1_817' title='bbox 2188 4864 2246 4920; x_wconf 81' lang='lat' dir='ltr'><strong>in</strong></span> <span class='ocrx_word' id='word_1_818' title='bbox 2274 4867 2378 4924; x_wconf 91' lang='lat' dir='ltr'><strong>hoc</strong></span> <span class='ocrx_word' id='word_1_819' title='bbox 2405 4882 2592 4929; x_wconf 91' lang='lat' dir='ltr'><strong>monte</strong></span> <span class='ocrx_word' id='word_1_820' title='bbox 2621 4875 2808 4932; x_wconf 71' lang='lat' dir='ltr'><strong>Nitriae</strong></span> <span class='ocrx_word' id='word_1_821' title='bbox 2837 4879 2938 4936; x_wconf 91' lang='lat' dir='ltr'><strong>fuit</strong></span> <span class='ocrx_word' id='word_1_822' title='bbox 2965 4885 3046 4938; x_wconf 89' lang='lat' dir='ltr'><strong>vir</strong></span> <span class='ocrx_word' id='word_1_823' title='bbox 3077 4886 3437 4960; x_wconf 87' lang='lat' dir='ltr'><strong>admirabilis,</strong></span> <span class='ocrx_word' id='word_1_824' title='bbox 3473 4899 3570 4968; x_wconf 86' lang='lat' dir='ltr'><strong>qui</strong></span> <span class='ocrx_word' id='word_1_825' title='bbox 3600 4917 3697 4956; x_wconf 78' lang='lat' dir='ltr'><strong>vo-</strong></span> 
     </span>
    </p>
   </div>
   <div class='ocr_carea' id='block_1_113' title="bbox 2114 4950 3696 5054">
    <p class='ocr_par' dir='ltr' id='par_1_113' title="bbox 2114 4950 3696 5054">
     <span class='ocr_line' id='line_1_120' title="bbox 2114 4950 3696 5054; baseline 0.023 -51"><span class='ocrx_word' id='word_1_826' title='bbox 2114 4950 2341 5007; x_wconf 91' lang='lat' dir='ltr'><strong>cabatur</strong></span> <span class='ocrx_word' id='word_1_827' title='bbox 2369 4953 2671 5025; x_wconf 90' lang='lat' dir='ltr'><strong>Benjamin,</strong></span> <span class='ocrx_word' id='word_1_828' title='bbox 2708 4962 2798 5030; x_wconf 91' lang='lat' dir='ltr'><strong>qui</strong></span> <span class='ocrx_word' id='word_1_829' title='bbox 2822 4974 2968 5020; x_wconf 90' lang='lat' dir='ltr'><strong>recte</strong></span> <span class='ocrx_word' id='word_1_830' title='bbox 2990 4975 3045 5021; x_wconf 91' lang='lat' dir='ltr'><strong>et</strong></span> <span class='ocrx_word' id='word_1_831' title='bbox 3065 4985 3133 5024; x_wconf 89' lang='lat' dir='ltr'><strong>ex</strong></span> <span class='ocrx_word' id='word_1_832' title='bbox 3165 4973 3367 5031; x_wconf 88' lang='lat' dir='ltr'><strong>virtute</strong></span> <span class='ocrx_word' id='word_1_833' title='bbox 3587 4988 3696 5054; x_wconf 87' lang='lat' dir='ltr'><strong>egit</strong></span> 
     </span>
    </p>
   </div>
   <div class='ocr_carea' id='block_1_114' title="bbox 2111 5036 3692 5124">
    <p class='ocr_par' dir='ltr' id='par_1_114' title="bbox 2111 5036 3692 5124">
     <span class='ocr_line' id='line_1_121' title="bbox 2111 5036 3692 5124; baseline 0.025 -37"><span class='ocrx_word' id='word_1_834' title='bbox 2111 5036 2273 5090; x_wconf 90' lang='lat' dir='ltr'><strong>annis</strong></span> <span class='ocrx_word' id='word_1_835' title='bbox 2302 5039 2596 5109; x_wconf 90' lang='lat' dir='ltr'><strong>octoginta.</strong></span> <span class='ocrx_word' id='word_1_836' title='bbox 2630 5043 2868 5110; x_wconf 85' lang='lat' dir='ltr'><strong>Quicum</strong></span> <span class='ocrx_word' id='word_1_837' title='bbox 2897 5064 3109 5108; x_wconf 88' lang='lat' dir='ltr'><strong>summe</strong></span> <span class='ocrx_word' id='word_1_838' title='bbox 3130 5057 3389 5116; x_wconf 88' lang='lat' dir='ltr'><strong>virtutem</strong></span> <span class='ocrx_word' id='word_1_839' title='bbox 3407 5036 3692 5124; x_wconf 62' lang='lat' dir='ltr'><strong>exercuis-</strong></span> 
     </span>
    </p>
   </div>
   <div class='ocr_carea' id='block_1_115' title="bbox 2111 5120 3689 5206">
    <p class='ocr_par' dir='ltr' id='par_1_115' title="bbox 2111 5120 3689 5206">
     <span class='ocr_line' id='line_1_122' title="bbox 2111 5120 3689 5206; baseline 0.022 -35"><span class='ocrx_word' id='word_1_840' title='bbox 2111 5127 2211 5183; x_wconf 89' lang='lat' dir='ltr'><strong>set,</strong></span> <span class='ocrx_word' id='word_1_841' title='bbox 2231 5120 2482 5191; x_wconf 88' lang='lat' dir='ltr'><strong>dignatus</strong></span> <span class='ocrx_word' id='word_1_842' title='bbox 2504 5125 2604 5180; x_wconf 84' lang='lat' dir='ltr'><strong>fuit</strong></span> <span class='ocrx_word' id='word_1_843' title='bbox 2630 5130 2802 5198; x_wconf 84' lang='lat' dir='ltr'><strong>gratia</strong></span> <span class='ocrx_word' id='word_1_844' title='bbox 2831 5136 3196 5206; x_wconf 86' lang='lat' dir='ltr'><strong>curationum,</strong></span> <span class='ocrx_word' id='word_1_845' title='bbox 3221 5144 3358 5200; x_wconf 90' lang='lat' dir='ltr'><strong>adeo</strong></span> <span class='ocrx_word' id='word_1_846' title='bbox 3377 5161 3437 5200; x_wconf 87' lang='lat' dir='ltr'><strong>ut</strong></span> <span class='ocrx_word' id='word_1_847' title='bbox 3461 5152 3689 5205; x_wconf 86' lang='lat' dir='ltr'><strong>cuicun-</strong></span> 
     </span>
    </p>
   </div>
   <div class='ocr_carea' id='block_1_116' title="bbox 2108 5208 3687 5290">
    <p class='ocr_par' dir='ltr' id='par_1_116' title="bbox 2108 5208 3687 5290">
     <span class='ocr_line' id='line_1_123' title="bbox 2108 5208 3687 5290; baseline 0.024 -36"><span class='ocrx_word' id='word_1_848' title='bbox 2108 5219 2213 5272; x_wconf 91' lang='lat' dir='ltr'><strong>que</strong></span> <span class='ocrx_word' id='word_1_849' title='bbox 2245 5221 2437 5261; x_wconf 81' lang='lat' dir='ltr'><strong>manus</strong></span> <span class='ocrx_word' id='word_1_850' title='bbox 2457 5208 2824 5279; x_wconf 87' lang='lat' dir='ltr'><strong>imposuisset,</strong></span> <span class='ocrx_word' id='word_1_851' title='bbox 2844 5228 2937 5272; x_wconf 88' lang='lat' dir='ltr'><strong>aut</strong></span> <span class='ocrx_word' id='word_1_852' title='bbox 2964 5223 3108 5289; x_wconf 89' lang='lat' dir='ltr'><strong>quod</strong></span> <span class='ocrx_word' id='word_1_853' title='bbox 3125 5225 3488 5287; x_wconf 81' lang='lat' dir='ltr'><strong>benedixerat</strong></span> <span class='ocrx_word' id='word_1_854' title='bbox 3511 5237 3687 5290; x_wconf 90' lang='lat' dir='ltr'><strong>oleum</strong></span> 
     </span>
    </p>
   </div>
   <div class='ocr_carea' id='block_1_117' title="bbox 2107 5287 3686 5387">
    <p class='ocr_par' dir='ltr' id='par_1_117' title="bbox 2107 5287 3686 5387">
     <span class='ocr_line' id='line_1_124' title="bbox 2107 5287 3686 5387; baseline 0.022 -47"><span class='ocrx_word' id='word_1_855' title='bbox 2107 5287 2365 5351; x_wconf 90' lang='lat' dir='ltr'><strong>dedisset,</strong></span> <span class='ocrx_word' id='word_1_856' title='bbox 2401 5292 2490 5360; x_wconf 88' lang='lat' dir='ltr'><strong>qui</strong></span> <span class='ocrx_word' id='word_1_857' title='bbox 2523 5292 2801 5352; x_wconf 89' lang='lat' dir='ltr'><strong>laborabat</strong></span> <span class='ocrx_word' id='word_1_858' title='bbox 2829 5287 3152 5361; x_wconf 80' lang='lat' dir='ltr'><strong>liberaretur</strong></span> <span class='ocrx_word' id='word_1_859' title='bbox 3184 5311 3253 5364; x_wconf 90' lang='lat' dir='ltr'><strong>ab</strong></span> <span class='ocrx_word' id='word_1_860' title='bbox 3290 5317 3440 5369; x_wconf 91' lang='lat' dir='ltr'><strong>omni</strong></span> <span class='ocrx_word' id='word_1_861' title='bbox 3469 5321 3686 5387; x_wconf 64' lang='lat' dir='ltr'><strong>aegritu-</strong></span> 
     </span>
     <span class='ocr_line' id='line_1_125' title="bbox 2116 5368 2925 5387; baseline 0.015 0"><span class='ocrx_word' id='word_1_862' title='bbox 2277 5369 2337 5387; x_wconf 79' lang='grc' dir='ltr'><strong>η.</strong></span> <span class='ocrx_word' id='word_1_863' title='bbox 2470 5375 2526 5387; x_wconf 91' lang='grc'><strong>.-</strong></span> <span class='ocrx_word' id='word_1_864' title='bbox 2617 5386 2620 5387; x_wconf 36' lang='grc' dir='ltr'><em>ν</em></span> <span class='ocrx_word' id='word_1_865' title='bbox 2800 5382 2812 5387; x_wconf 81' lang='grc'><strong>-</strong></span> <span class='ocrx_word' id='word_1_866' title='bbox 2895 5385 2925 5387; x_wconf 60' lang='grc' dir='ltr'>η</span> 
     </span>
    </p>
   </div>
   <div class='ocr_carea' id='block_1_118' title="bbox 2106 5368 3682 5464">
    <p class='ocr_par' dir='ltr' id='par_1_118' title="bbox 2106 5368 3682 5464">
     <span class='ocr_line' id='line_1_126' title="bbox 2106 5368 3682 5464; baseline 0.023 -42"><span class='ocrx_word' id='word_1_867' title='bbox 2106 5368 2253 5426; x_wconf 89' lang='lat' dir='ltr'><strong>dine.</strong></span> <span class='ocrx_word' id='word_1_868' title='bbox 2274 5369 2480 5442; x_wconf 84' lang='lat' dir='ltr'><strong>Hicqni</strong></span> <span class='ocrx_word' id='word_1_869' title='bbox 2513 5385 2658 5429; x_wconf 88' lang='lat' dir='ltr'><strong>tanta</strong></span> <span class='ocrx_word' id='word_1_870' title='bbox 2679 5382 2844 5448; x_wconf 84' lang='lat' dir='ltr'><strong>gratia</strong></span> <span class='ocrx_word' id='word_1_871' title='bbox 2875 5385 3072 5456; x_wconf 83' lang='lat' dir='ltr'><strong>dignus</strong></span> <span class='ocrx_word' id='word_1_872' title='bbox 3095 5368 3682 5464; x_wconf 53' lang='lat' dir='ltr'><strong>fucratbabitusfocto</strong></span> 
     </span>
    </p>
   </div>
   <div class='ocr_carea' id='block_1_119' title="bbox 2105 5455 3680 5554">
    <p class='ocr_par' dir='ltr' id='par_1_119' title="bbox 2105 5455 3680 5554">
     <span class='ocr_line' id='line_1_127' title="bbox 2105 5455 3680 5554; baseline 0.024 -49"><span class='ocrx_word' id='word_1_873' title='bbox 2105 5455 2387 5510; x_wconf 88' lang='lat' dir='ltr'><strong>mensibus</strong></span> <span class='ocrx_word' id='word_1_874' title='bbox 2424 5467 2552 5514; x_wconf 88' lang='lat' dir='ltr'><strong>ante</strong></span> <span class='ocrx_word' id='word_1_875' title='bbox 2574 5462 2781 5518; x_wconf 89' lang='lat' dir='ltr'><strong>obitum</strong></span> <span class='ocrx_word' id='word_1_876' title='bbox 2815 5467 2916 5522; x_wconf 88' lang='lat' dir='ltr'><strong>fuit</strong></span> <span class='ocrx_word' id='word_1_877' title='bbox 2941 5455 3295 5544; x_wconf 82' lang='lat' dir='ltr'><strong>hydropicus,</strong></span> <span class='ocrx_word' id='word_1_878' title='bbox 3327 5492 3383 5535; x_wconf 86' lang='lat' dir='ltr'><strong>et</strong></span> <span class='ocrx_word' id='word_1_879' title='bbox 3414 5486 3536 5554; x_wconf 89' lang='lat' dir='ltr'><strong>ejus</strong></span> <span class='ocrx_word' id='word_1_880' title='bbox 3561 5503 3680 5541; x_wconf 85' lang='lat' dir='ltr'><strong>cor-</strong></span> 
     </span>
    </p>
   </div>
   <div class='ocr_carea' id='block_1_120' title="bbox 2104 5543 3678 5628">
    <p class='ocr_par' dir='ltr' id='par_1_120' title="bbox 2104 5543 3678 5628">
     <span class='ocr_line' id='line_1_128' title="bbox 2104 5543 3678 5628; baseline 0.024 -39"><span class='ocrx_word' id='word_1_881' title='bbox 2104 5555 2206 5608; x_wconf 86' lang='lat' dir='ltr'><strong>pus</strong></span> <span class='ocrx_word' id='word_1_882' title='bbox 2229 5555 2403 5607; x_wconf 91' lang='lat' dir='ltr'><strong>usque</strong></span> <span class='ocrx_word' id='word_1_883' title='bbox 2420 5543 2555 5598; x_wconf 86' lang='lat' dir='ltr'><strong>adeo</strong></span> <span class='ocrx_word' id='word_1_884' title='bbox 2578 5546 2854 5618; x_wconf 90' lang='lat' dir='ltr'><strong>intumuit,</strong></span> <span class='ocrx_word' id='word_1_885' title='bbox 2878 5564 2942 5608; x_wconf 93' lang='lat' dir='ltr'><strong>ut</strong></span> <span class='ocrx_word' id='word_1_886' title='bbox 2972 5543 3194 5628; x_wconf 81' lang='lat' dir='ltr'><strong>propter</strong></span> <span class='ocrx_word' id='word_1_887' title='bbox 3222 5543 3678 5626; x_wconf 45' lang='lat' dir='ltr'><strong>dolores-inveni-</strong></span> 
     </span>
    </p>
   </div>
   <div class='ocr_carea' id='block_1_121' title="bbox 2108 5627 3678 5709">
    <p class='ocr_par' dir='ltr' id='par_1_121' title="bbox 2108 5627 3678 5709">
     <span class='ocr_line' id='line_1_129' title="bbox 2108 5627 3678 5709; baseline 0.022 -33"><span class='ocrx_word' id='word_1_888' title='bbox 2108 5633 2255 5679; x_wconf 81' lang='lat' dir='ltr'><strong>rclur</strong></span> <span class='ocrx_word' id='word_1_889' title='bbox 2285 5627 2423 5680; x_wconf 86' lang='lat' dir='ltr'><strong>alius</strong></span> <span class='ocrx_word' id='word_1_890' title='bbox 2447 5627 2550 5684; x_wconf 80' lang='lat' dir='ltr'><strong>Job</strong></span> <span class='ocrx_word' id='word_1_891' title='bbox 2576 5635 2745 5687; x_wconf 89' lang='lat' dir='ltr'><strong>nostri</strong></span> <span class='ocrx_word' id='word_1_892' title='bbox 2784 5641 3062 5709; x_wconf 88' lang='lat' dir='ltr'><strong>temporis.</strong></span> <span class='ocrx_word' id='word_1_893' title='bbox 3093 5643 3227 5699; x_wconf 88' lang='lat' dir='ltr'><strong>Cum</strong></span> <span class='ocrx_word' id='word_1_894' title='bbox 3253 5663 3356 5703; x_wconf 88' lang='lat' dir='ltr'><strong>nos</strong></span> <span class='ocrx_word' id='word_1_895' title='bbox 3373 5661 3558 5708; x_wconf 86' lang='lat' dir='ltr'><strong>autem</strong></span> <span class='ocrx_word' id='word_1_896' title='bbox 3594 5673 3678 5709; x_wconf 85' lang='lat' dir='ltr'><strong>as-</strong></span> 
     </span>
    </p>
   </div>
   <div class='ocr_carea' id='block_1_122' title="bbox 2107 5711 3676 5808">
    <p class='ocr_par' dir='ltr' id='par_1_122' title="bbox 2107 5711 3676 5808">
     <span class='ocr_line' id='line_1_130' title="bbox 2107 5711 3676 5808; baseline 0.022 -47"><span class='ocrx_word' id='word_1_897' title='bbox 2107 5711 2428 5779; x_wconf 83' lang='lat' dir='ltr'><strong>sumpsissct</strong></span> <span class='ocrx_word' id='word_1_898' title='bbox 2466 5714 2756 5774; x_wconf 86' lang='lat' dir='ltr'><strong>Dioscorus</strong></span> <span class='ocrx_word' id='word_1_899' title='bbox 2778 5721 3087 5794; x_wconf 78' lang='lat' dir='ltr'><strong>cpiscopus,</strong></span> <span class='ocrx_word' id='word_1_900' title='bbox 3107 5731 3197 5798; x_wconf 90' lang='lat' dir='ltr'><strong>qui</strong></span> <span class='ocrx_word' id='word_1_901' title='bbox 3222 5738 3354 5788; x_wconf 91' lang='lat' dir='ltr'><strong>tunc</strong></span> <span class='ocrx_word' id='word_1_902' title='bbox 3378 5746 3500 5791; x_wconf 90' lang='lat' dir='ltr'><strong>crat</strong></span> <span class='ocrx_word' id='word_1_903' title='bbox 3529 5753 3676 5808; x_wconf 83' lang='lat' dir='ltr'><strong>pres-</strong></span> 
     </span>
    </p>
   </div>
  </div>
