4096 6530
327 358 470 429 1033

1565 360 1931 423 HISTORIA
1971 363 2364 426 LAUSIACA.

3475 370 3616 437 1034

320 466 414 521 τοῦ
444 466 757 522 τελευταίου
794 468 1136 540 κεντήματος
1165 468 1303 541 πρὸς
1330 470 1679 540 ἀπαρτισμὸν
1726 470 1912 536 ὄντος,
1944 476 1988 531 Α
2021 472 2145 525 σθαι
2177 472 2238 525 τὸ
2261 473 2518 543 πρᾶγμα,
2549 472 2681 543 μηδέ
2701 472 2962 527 δύνασθαι
2985 473 3217 537 ἐξελθεῖν
3239 478 3335 547 τῆς
3366 479 3605 549 ἐρήμου,

320 550 471 619 λέγει
513 570 626 622 μοι,
658 554 819 618 Δέξαι
847 555 1050 623 ταύτην
1100 552 1199 625 τὴν
1232 553 1471 623 σπυρίδα
1508 555 1575 607 ἐκ
1621 554 1731 607 τῶν
1763 553 1914 623 ἐμῶν

321 637 547 707 χειρῶν,
582 638 668 691 ἵνα
696 637 975 709 μέμνησαι
1006 655 1132 708 μου.
1162 638 1325 691 Ἀλλο
1352 640 1462 711 γάρ
1486 656 1567 692 σοι
1598 640 1698 692 οὐκ
1730 639 1838 710 ἔχω
1859 638 1914 693 τί

320 722 661 791 καταλείψω.
681 720 1351 792 Ἐκλιμπάνειάπύρεττος
1366 721 1502 775 ἐτῶν
1518 722 1914 793 ἐϐδομήκοντα,

325 805 712 876 παραθέμενος
735 806 813 875 τῷ
843 805 1034 877 Κυρίῳ
1060 805 1122 859 τὸ
1160 805 1379 875 πνεῦμα
1398 821 1413 836 ⁸
1446 806 1507 858 ὃν
1536 807 1917 876 ἐνταφιάσασα

322 888 459 956 ἐγὼ,
484 891 580 943 καὶ
599 890 816 952 ὀθόναις
833 889 894 941 τὸ
913 888 1074 957 σῶμα
1094 888 1190 941 τοῦ
1212 889 1369 957 ἁγίου
1394 888 1639 955 ἐλίξασα,
1668 892 1762 944 καὶ
1787 892 1917 945 ἀπο-

322 973 531 1044 θεμένη
551 1015 566 1037 ,
598 974 773 1038 οὕτως
810 974 1139 1045 ἀνεχώρησα
1181 974 1281 1045 τῆς
1309 977 1541 1046 ἐρήμου,
1568 974 1675 1039 ἕως
1705 975 1918 1047 ἡμέρας

323 1057 561 1113 Θανάτου
604 1062 703 1130 τὴν
747 1060 983 1132 σπυρίδα
1022 1062 1241 1132 ἐκείνην
1293 1059 1413 1131 μεθ’
1456 1060 1655 1131 ἑαυτῆς
1697 1060 1917 1130 ἔχουσα.

324 1138 501 1206 0610;
532 1145 563 1196 6
614 1132 828 1214 Παμδὼ
876 1144 1137 1215 τελευτᾷν
1168 1144 1401 1215 μέλλων,
1447 1144 1571 1196 κατ’
1610 1143 1783 1212 αὐτὴν
1818 1144 1918 1210 τήν

325 1225 483 1296 ῶραν
518 1228 612 1281 τοῦ
644 1228 1001 1299 ἐκλιμπάνειν
1031 1228 1214 1294 αὑτὸν,
1256 1228 1606 1299 παρεστῶσιν
1654 1227 1918 1298 Ὠριγένει

322 1310 408 1381 τῷ
440 1310 801 1384 πρεσϐυτέρῳ
842 1312 938 1365 καὶ
980 1311 1273 1382 οἰκονόμῳ.
1318 1313 1414 1365 καὶ
1475 1310 1795 1382 Ἀμμωνίῳ,
1826 1312 1920 1363 ἀν-

323 1395 489 1465 δράσι
537 1397 919 1467 περιὸοήτοις,
976 1396 1135 1449 τοῦτο
1193 1396 1411 1465 λέγεται
1462 1398 1775 1468 εἰρηκέναι,
1838 1397 1921 1449 ὅτι

339 1478 464 1549 Ἀφ’
494 1473 555 1531 06
583 1476 745 1549 ἦλθον
775 1482 855 1544 είς
900 1480 991 1533 τὸν
1020 1482 1189 1533 τόπον
1210 1479 1401 1533 τοῦτον
1436 1480 1535 1549 τῆς
1569 1481 1798 1551 ἐρήμου,
1825 1482 1921 1531 καὶ

324 1562 657 1633 ᾤκοδόμησά
686 1581 789 1632 μου
829 1564 928 1633 τὴν
961 1563 1183 1629 κέλλαν,
1212 1563 1308 1617 καὶ
1332 1561 1526 1634 ᾤκησα
1560 1563 1749 1617 ἐνθάδε
1770 1604 1784 1628 ,
1820 1563 1921 1617 οὑκ

326 1648 490 1709 ἐκτὸς
511 1647 675 1717 ἔργου
700 1646 807 1699 τῶν
828 1647 980 1717 ἐμῶν
1001 1648 1202 1718 χειρῶν
1221 1646 1499 1718 πεποίηκα
1519 1648 1734 1720 ἡμέραν
1754 1649 1883 1718 μίαν
1904 1663 1917 1677 ’

324 1730 450 1784 οὐδὲ
480 1734 768 1801 μέμνημαι
815 1730 1025 1815 δωρεάν
1062 1730 1229 1815 ἄρτον
1274 1731 1465 1800 φαγὼν
1514 1731 1621 1784 ἀπό
1653 1747 1828 1815 τινος·
1859 1730 1920 1783 06

2041 555 2128 617 Ὠς
2176 555 2235 609 δὲ
2282 557 2346 608 06
2397 555 2741 626 συνεχώρουν
2794 555 2977 626 αὐτῷ,
3022 557 3329 626 βλεπόντων
3385 563 3608 619 πάντων

2019 650 2358 719 ἀφαρπάσας
2403 650 2623 720 ψαλίδα,
2671 652 2734 704 τὸ
2785 653 3076 723 ἀριστερὸν
3126 649 3219 715 06;
3269 656 3459 709 ἐαυτοῦ
3499 658 3607 722 ἕως

2018 731 2111 784 τοῦ
2143 732 2417 803 πυθμένος
2438 734 2715 804 ἐψάλισεν,
2754 735 2928 803 λέγων
2964 736 3170 801 αὐτοῖς,
3208 739 3327 792 Κᾶν
3361 740 3485 793 ἀπὸ.
3506 739 3607 793 τοῦ

2018 814 2114 867 νῦν
2147 816 2665 887 πεπληροφόρησθε,
2714 819 2796 871 ὅτι
2828 818 3086 872 ἀδύνατόν
3118 837 3185 889 με
3213 822 3467 888 γενέσθαι
3495 821 3609 875 λοι-

2020 897 2120 951 πὸν
2148 898 2285 969 ὅπερ
2312 902 2469 953 αὐτοὶ
2501 900 2863 969 ἀναγκάζετε,
2900 901 2995 954 τοῦ
3029 902 3194 971 νόμου
3234 905 3610 976 ἀπαγορεύον-

2018 996 2130 1047 τος,
2161 982 2474 1053 ώτότμητον
2501 986 2580 1045 είς
2612 985 2911 1055 ἱερωσύνην
2931 987 3007 1056 μὴ
3032 986 3392 1056 προάγεσθαι.
3416 985 3607 1052 Οῦτως

2020 1060 2113 1119 οὖν
2176 1066 2407 1133 ἀφέντες
2466 1067 2630 1121 αὑτὸν
2690 1068 3072 1141 ἀνεχώρησαν,
3132 1072 3224 1122 καὶ
3278 1071 3609 1135 ἀπελθόντες

2020 1147 2367 1217 ἀπήγγειλαν
2398 1150 2572 1204 ταῦτα
2593 1150 2669 1220 τῷ
2703 1153 3008 1223 ἐπισκόπῳ.
3051 1155 3110 1207 '0
3138 1154 3194 1206 δὲ
3219 1154 3370 1222 λέγει
3402 1156 3607 1221 αὐτοῖς,

2021 1223 2191 1293 Οὗτος
2237 1234 2265 1284 6
2298 1232 2459 1302 νόμος
2520 1234 2670 1305 παρὰ
2709 1234 2983 1299 Ἰουδαίοις
3036 1236 3435 1290 πολιτευέσθω·
3486 1238 3611 1308 ἐμοὶ

2021 1314 2077 1367 δὲ
2125 1316 2219 1368 καὶ
2253 1316 2599 1385 ρινότμητον,
2658 1317 2752 1371 ἐάν
2804 1318 3066 1389 ἐνέγκητε
3105 1320 3265 1391 μόνον
3316 1322 3467 1389 ἀξιον
3497 1326 3613 1387 τοῖς

2022 1396 2245 1467 τρόποις
2299 1397 2450 1461 ὄντα,
2496 1398 2812 1470 χειροτονῶ.
2889 1402 3243 1467 Ἀπελθόντες
3293 1400 3388 1458 οὖν
3448 1406 3611 1460 πάλιν

2023 1480 2370 1552 παρεκάλουν
2400 1484 2583 1537 αὐτόν.
2620 1486 2711 1555 Μὴ
2748 1485 3068 1557 πειθομένου
3105 1491 3162 1543 δέ
3199 1490 3291 1543 τοῦ
3332 1491 3477 1543 ὁσίου
3512 1494 3611 1546 ἀν-

2021 1563 2166 1634 δρὸς,
2212 1565 2535 1635 ἐπεχείρουν
2580 1569 2674 1621 καὶ
2727 1567 2845 1638 βίαν
2890 1574 3189 1640 προσάγειν
3239 1574 3410 1642 αὐτῷ.
3465 1576 3523 1627 Ὀ
3552 1575 3612 1629 δὲ

2022 1647 2327 1717 διωμόσατο
2364 1650 2547 1713 αύτοῖς
2594 1652 2795 1717 είπὼν,
2832 1652 2913 1706 ὅτι
2970 1653 3096 1709 Ἐάν
3132 1656 3482 1727 ἀναγκάσητέ
3519 1675 3611 1727 με,

2025 1734 2119 1786 καὶ
2152 1733 2249 1802 τήν
2284 1734 2536 1801 γλῶσσάν
2573 1752 2675 1804 μου
2703 1736 3014 1808 ἀποτέμνω.
3062 1739 3187 1793 Ἐπὶ
3208 1740 3418 1805 τούτοις
3448 1742 3614 1811 ἀφέν-

328 1817 713 1887 μεταμέλομαι
739 1816 843 1880 ἕως
864 1814 966 1883 τῆς
992 1816 1119 1886 ἄρτι
1145 1810 1296 1887 ὥρας
1326 1818 1417 1870 ἐπὶ
1446 1817 1522 1887 τῷ
1549 1816 1694 1887 λόγῳ
1720 1810 1764 1884 ᾧ
1797 1815 1921 1869 ἐλά·
1953 1816 1995 1871 Β
2024 1834 2115 1881 τες
2150 1818 2312 1871 αὑτὸν
2362 1818 2743 1890 ἀνεχώρησαν.
2796 1822 3000 1876 Τούτου
3051 1823 3143 1876 τοῦ
3181 1826 3337 1893 ἁγίου
3382 1810 3610 1895 Ἀμμω-

323 1899 490 1970 λησα.
520 1901 629 1954 Καὶ
658 1899 829 1963 οὕτως
856 1899 1169 1971 ἀπέρχομαι
1199 1901 1335 1971 πρὸς
1366 1900 1457 1953 τὸν
1488 1900 1642 1964 Θεὸν,
1678 1900 1753 1964 ώς
1782 1899 1917 1970 μηδέ

321 1984 639 2055 ἀρξάμενος
681 1985 776 2039 τοῦ
817 1986 1111 2040 θεοσεϐεῖν.
1140 1987 1640 2058 Προσεμαρτύρουν
1673 1986 1729 2039 δὲ
1770 1985 1918 2056 αύτῷ

324 2071 425 2124 καὶ
454 2072 503 2123 οἱ
533 2070 712 2124 δοῦλοι
751 2072 845 2125 τοῦ
875 2071 1115 2142 Χριστοῦ
1154 2072 1440 2144 Ὦριγένης
1473 2072 1569 2126 καλ⁵
1610 2071 1919 2143 Ἀμμώνιος

325 2154 707 2223 ἀφηγούμενοι
766 2156 922 2224 ήμίν,
977 2157 1060 2209 ὅτι
1113 2156 1370 2210 οὐδέποτε
1419 2154 1716 2228 ἐρωτηθεὶς
1760 2153 1919 2223 λόγον

325 2239 487 2308 παρά
521 2257 665 2303 τινος
712 2240 745 2310 ἢ
781 2242 1116 2314 Γραφικὸνῆ
1149 2242 1307 2297 ἀλλον
1346 2242 1468 2295 τινά
1509 2240 1918 2313 πραγματικὸν,

325 2322 495 2387 εὐθὺς
538 2324 571 2394 ἢ
622 2327 878 2397 παραυτά
930 2328 1291 2399 ἀπεκρίνατο,
1326 2328 1440 2381 ἀλλ’
1476 2326 1662 2397 ἔλεγεν
1696 2326 1920 2399 μηδέπω

327 2408 430 2476 τὴν
466 2408 761 2479 ἀπόκρισιν
800 2411 1117 2483 εὑρηκέναι.
1156 2412 1425 2475 Πολλάκις
1453 2412 1509 2465 δέ
1554 2410 1803 2481 παρῆλθε
1826 2408 1921 2464 καὶ

327 2490 623 2562 τρίμηνον,
672 2492 769 2545 καὶ
806 2493 907 2546 οὑκ
953 2494 1124 2547 ἐδίδου
1177 2495 1492 2566 ἀπόκρισιν,
1546 2494 1719 2558 λέγων
1754 2495 1922 2565 μήπω

329 2578 743 2648 κατειληφέναι.
788 2581 946 2635 Οὕτω
987 2582 1173 2651 μέντοι
1236 2583 1333 2646 τάς
1398 2585 1705 2652 ἀποφάσεις
1749 2580 1921 2634 ἐδίδου

330 2666 827 2736 περιεσκεμμένως
856 2668 998 2722 κατὰ
1026 2667 1180 2732 Θεὸν,
1210 2668 1285 2731 ώς
1328 2668 1424 2722 ἀπ’
1454 2666 1619 2720 αὑτοῦ
1651 2664 1745 2719 τοῦ
1785 2665 1922 2719 Θεοῦ

335 2750 479 2818 μετά
526 2752 729 2815 παντὸς
769 2752 1096 2821 φὸὗουιτοὺς
1141 2753 1349 2817 πάντας
1398 2752 1648 2823 δέχεσθαι
1697 2751 1921 2815 ταύτας.

332 2833 559 2905 Ταύτην
588 2833 698 2907 γάρ
727 2836 827 2905 τήν
852 2838 1056 2907 ἀρετὴν
1091 2837 1309 2906 ἐλέγετο
1334 2837 1428 2890 καὶ
1460 2837 1600 2907 ὑπὲρ
1632 2836 1721 2889 τὸν
1749 2835 1925 2907 μέγαν

344 2916 656 2983 Ἀντώνιον,
700 2920 794 2973 καὶ
829 2920 969 2990 ὑπὲρ
1010 2923 1217 2984 πάντας
1256 2922 1383 2984 τοὺς
1415 2919 1603 2987 ἁγίους
1632 2920 1923 2990 ἐσχηκέναι

330 3001 435 3073 τήν
465 3002 547 3064 είς
572 3002 699 3066 τοὺς
725 3003 916 3070 λόγους
941 3005 1249 3075 ἀκρίὸειαν.

916 3124 1169 3180 ΚΕΦΔΛ.
1238 3125 1341 3178 IA'.

953 3233 1092 3303 Περὶ
1134 3234 1307 3301 Πίωρ.

404 3354 638 3423 Φέρεται
665 3354 721 3408 δὲ
745 3354 881 3425 πρδς
909 3358 1023 3419 τοῖς
1048 3356 1229 3420 ἄλλοις
1253 3357 1348 3410 καὶ
1374 3357 1513 3429 αῦτη
1538 3357 1571 3429 ή
1598 3354 1798 3428 πρᾶξις
1827 3352 1924 3409 τοῦ

333 3438 495 3505 ἁγίου
520 3437 731 3509 Παμϐώ
752 3454 766 3469 '
797 3440 880 3493 ὅτι
907 3441 935 3493 6
961 3442 1233 3514 μακάριος
1258 3444 1409 3514 Πίωρ
1426 3446 1453 3496 6
1482 3440 1726 3513 ἀσκητὴς
1747 3452 1926 3510 παρα-

332 3522 517 3577 ϐαλὼν
543 3522 711 3576 αὐτοῦ
754 3528 820 3596 τῇ
868 3526 1035 3599 κίλλῃ
1065 3530 1215 3592 ποτέ,
1248 3529 1377 3581 ίδιον
1408 3526 1685 3598 βαστάσας
1720 3527 1926 3596 ἀπήνε-

330 3621 471 3673 γκεν
498 3605 681 3676 ἀρτον.
722 3608 1043 3679 Ἐγκληθεὶς
1076 3610 1131 3663 δὲ
1163 3609 1291 3681 παρ’
1320 3610 1507 3672 αὑτοῦ,
1548 3609 1705 3672 Τίνος
1739 3608 1926 3660 ἕνεκεν

331 3690 496 3744 τοῦτο
546 3693 886 3764 πεποίηκας;
935 3694 1273 3767 ἀπεκρίνατο
1311 3698 1339 3749 6
1388 3696 1560 3764 Πίωρ,
1592 3694 1711 3747 Ἵνα
1752 3694 1826 3765 μή
1867 3709 1926 3746 σε

334 3776 587 3859 βαρήσω,
642 3777 703 3831 ὃν
726 3781 1019 3859 σιωπήσας
1052 3778 1226 3859 061w;
1260 3780 1570 3859 ἀπέλυσενΖ
1605 3780 1761 3859 Μετά
1806 3795 1927 3859 τινα

333 3848 529 3919 χρόνον
566 3848 910 3919 παραϐάλλει
944 3852 972 3904 6
1026 3850 1199 3921 μέγας
1258 3850 1470 3922 Παμόὼ
1510 3853 1575 3922 τῇ
1628 3850 1791 3922 κέλλῃ
1830 3848 1925 3902 τοῦ

334 3931 518 4001 Πίωρ⁶
548 3933 642 3986 καὶ
671 3931 869 4003 βρέξας
888 3934 981 3987 τὸν
1004 3936 1169 4005 ἀρτον
1185 3935 1375 4001 αὐτοῦ,
1398 3934 1570 3997 οὕτως
1592 3935 1924 4005 ἀπήνεγκεν.

348 4015 679 4085 Ἐρωτηθεὶς
704 4017 762 4070 δὲ
789 4019 919 4090 παρ’
949 4020 1115 4073 06106
1159 4020 1226 4073 δι’
1253 4020 1321 4090 ἢν
1348 4021 1527 4074 αἰτίαν
1557 4018 1927 4090 βεϐρεγμένον

336 4100 675 4169 ἀπήνεγκεν,
712 4102 1042 4174 ἀπεκρίνετο
1074 4106 1101 4157 ὀ
1132 4102 1363 4175 [109.6(6-
1390 4104 1509 4157 Ἵνα
1558 4105 1635 4175 μὴ
1678 4103 1833 4171 κάγώ
1869 4119 1927 4156 σε

339 4182 589 4255 βαρήσω,
625 4185 846 4258 ἐόρεξα.

928 4296 1179 4350 ΚΕΦΑΛ.
1214 4296 1316 4351 ΙΒ’.

867 4400 1006 4469 Περὶ
1048 4403 1405 4471 Ἀμμωνίου.

2023 1900 2136 1955 νίου
2165 1901 2391 1972 φέρεται
2418 1902 2575 1955 τοῦτο
2602 1902 2663 1956 τὸ
2685 1902 2886 1973 θαῦμα.
2912 1906 3202 1970 Οὐδέποτε,
3222 1909 3378 1978 φησὶ,
3404 1908 3480 1976 τῷ
3509 1925 3615 1961 σω·

2027 1984 2209 2055 ματίῳ
2240 1983 2407 2037 αὑτοῦ
2433 1985 2625 2055 ἡδονῆς
2655 1988 3038 2058 ἐπαναστάσης
3064 1990 3265 2042 ἀτόπου
3304 1992 3612 2058 γεγονυίας,

2021 2068 2115 2123 τοῦ
2154 2068 2382 2139 σαρκίον
2432 2069 2597 2122 αὑτοῦ
2633 2070 2911 2140 ἐφείσατο,
2953 2072 3089 2126 ἀλλά
3122 2074 3339 2145 σίδηρον
3370 2075 3617 2145 ἐκπυραο

2023 2149 2244 2215 κτώσας
2274 2151 2586 2222 προσετίθει
2619 2156 2732 2218 τοῖς
2766 2153 2983 2226 μέλεσιν
3018 2158 3237 2223 ἑαυτοῦ,
3269 2159 3345 2222 ώς
3382 2160 3616 2214 πάντοτε

2023 2236 2186 2291 αὑτὸν
2251 2235 2568 2306 ἡλκωμένον
2617 2233 2779 2293 εἶναι.
2825 2239 2889 2292 Ἡ
2926 2239 3110 2309 μέντοι
3144 2243 3393 2313 τράπεζα
3446 2244 3616 2299 αὑτοῦ

2022 2323 2246 2393 τοιαύτη
2269 2323 2492 2392 γέγονεν
2524 2324 2586 2376 ἐκ
2610 2324 2864 2395 νεότητος
2893 2324 2998 2388 ἕως
3034 2325 3266 2381 θανάτου
3296 2326 3613 2399 ώμοφαγία.

2024 2402 2193 2458 Οὐδὲν
2236 2408 2344 2476 γὰρ
2380 2405 2408 2457 ὃ
2450 2405 2537 2459 διὰ
2572 2408 2743 2477 πυρὸς
2762 2408 2884 2460 διίει
2918 2407 3129 2479 ἕφαγέν
3162 2427 3292 2463 ποτε
3325 2411 3483 2474 ἐκτὸς
3514 2412 3617 2482 ἀρ-

2023 2504 2138 2541 του.
2195 2488 2433 2542 Παλαιὰν
2475 2488 2532 2541 δὲ
2582 2489 2678 2543 καὶ
2721 2490 2928 2561 Καινὴν
2959 2492 3182 2564 Γραφὴν
3212 2492 3616 2565 ἀπεστήθισεν·

2026 2578 2121 2631 καὶ
2144 2579 2201 2629 ἐν
2226 2577 2658 2648 συγγράμμασιν
2684 2578 2894 2649 ἀνδρῶν
2927 2580 3169 2648 λογάδων
3206 2582 3514 2652 Ὠριγένους
3555 2598 3619 2635 τε

2026 2661 2122 2713 καὶ
2152 2659 2408 2730 Διδύμου,
2445 2663 2540 2714 καὶ
2571 2662 2815 2731 Πιερίου,
2841 2665 2936 2716 καὶ
2963 2665 3237 2734 Στεφάνου
3267 2666 3482 2736 διῆλθεν
3512 2684 3619 2736 μυ-

2028 2744 2218 2816 ριάδας
2253 2745 2562 2811 ἑξακοσίας.
2600 2746 2784 2799 Ταῦτα
2812 2747 2869 2801 δέ
2910 2748 3283 2820 μαρτυροῦσιν
3326 2750 3477 2821 αὑτῷ
3522 2752 3619 2805 καὶ

2025 2829 2075 2880 οί
2119 2828 2346 2897 μεγάλοι
2392 2830 2491 2898 τῆς
2533 2829 2741 2900 ἐρήμου
2789 2831 3051 2901 Πατέρες.
3104 2831 3307 2885 Τούτου
3357 2836 3453 2886 καὶ
3481 2852 3619 2905 προς

2028 2914 2247 2983 φητεῖαι
2303 2913 2586 2985 φέρονται.
2649 2914 3067 2985 Παρακλητικὸς
3119 2916 3177 2970 δέ
3234 2912 3304 2988 ἦν
3363 2917 3620 2975 τοσοῦτον

2028 2999 2137 3061 τοῖς
2169 2999 2226 3050 ἐν
2256 3002 2321 3070 τῇ
2350 3001 2544 3072 ἐρήμῳ
2568 3000 2840 3070 ἀδελφοῖς,
2866 3003 2916 3055 εί
2947 3002 3039 3055 καί
3069 3018 3152 3066 τις
3185 3003 3367 3068 ἀλλος.

2107 3104 2302 3176 Τούτῳ
2330 3107 2548 3176 ψήφους
2597 3107 2766 3160 ἐδίδου
2794 3110 2823 3161 6
2862 3109 3135 3180 μακάριος
3168 3108 3439 3181 Εὑὰγριος
3479 3110 3622 3183 ἀνὴρ

2036 3192 2484 3263 πνευματοφόρος
2538 3194 2633 3246 καὶ
2700 3193 3059 3265 διακριτικδς,
3095 3196 3293 3264 λέγων,
3343 3196 3425 3248 ὃτι
3484 3197 3623 3250 Ούδέ

2040 3291 2172 3328 ποτε
2199 3276 2365 3327 06106
2405 3277 2783 3348 ἀπαθέστερον
2832 3279 3053 3350 ἑώρακα
3109 3280 3418 3350 ἄνθρωπον.
3454 3276 3625 3345 Οὗτος

2032 3361 2061 3412 6
2086 3363 2356 3430 μακάριος
2385 3361 2609 3424 πολλαῖς
2664 3364 2900 3426 ἱκεσίαις
2954 3365 3438 3435 καταδυσωπηθεὶς
3470 3369 3625 3438 παρὰ

2045 3443 2328 3515 Ῥουφίνου
2384 3447 2479 3502 τοῦ
2530 3450 2653 3502 κατ’
2706 3450 2883 3503 ἐκεῖνο
2942 3451 3138 3521 καιροῦ
3208 3453 3453 3524 ἐπάρχου
3505 3454 3618 3509 τῶν

2034 3531 2409 3601 πραιτωρίων,
2446 3534 2524 3593 είς
2556 3533 2683 3595 τοὺς
2728 3536 2955 3605 καιροὺς
2978 3536 3223 3598 ἐκείνους
3254 3537 3503 3602 ἐλθόντος
3526 3540 3623 3594 τοῦ

2038 3614 2276 3683 μεγάλου
2356 3616 2671 3687 Ἀμμωνίου
2718 3621 2775 3671 ἐν
2844 3620 3263 3675 Κωνσταντίνου
3320 3623 3477 3675 πόλει
3533 3624 3623 3679 διὰ

2035 3700 2227 3768 χρείας
2256 3699 2365 3752 τῶν
2392 3701 2493 3770 τῆς
2536 3704 2744 3772 ἐρήμου
2772 3702 3029 3767 πολιτῶν,
3090 3704 3290 3767 ἱκανῶς
3334 3707 3623 3779 παρακλη-

2044 3782 2179 3846 θεὶς,
2219 3788 2316 3836 καὶ
2356 3784 2509 3856 παρὰ
2538 3784 2649 3838 τῶν
2689 3786 2856 3855 ἁγίων
2888 3787 3224 3853 ἐπισκόπων,
3262 3791 3368 3842 τῶν
3404 3794 3468 3844 ἐκ
3502 3792 3623 3848 δια-

2036 3866 2218 3936 φόρων
2236 3867 2537 3937 ἐπαρχιῶν,
2560 3871 2653 3922 καὶ
2671 3870 2949 3939 ἀπἀὑτῆς
2973 3871 3071 3941 τῆς
3102 3872 3311 3943 ἐρήμου
3333 3875 3626 3945 συνεληλυγ

2037 3950 2231 4013 Θότων,
2284 3952 2362 4013 είς
2402 3953 2469 4007 τὰ
2515 3955 2817 4007 καταθέσια
2866 3954 2976 4007 τῶν
3027 3957 3196 4025 ἁγίων
3229 3950 3401 4027 οὗπερ
3460 3960 3629 4025 αὐτὸς

2036 4031 2249 4086 ἔκτισεν
2277 4036 2581 4106 μαρτυρίου
2623 4036 2736 4107 (45)
2760 4078 2774 4103 ,
2806 4040 2865 4091 ἐν
2894 4040 3078 4104 αὐτοῖς
3106 4043 3221 4103 τοῖς
3272 4040 3625 4108 καταθεσίοις

2036 4118 2358 4188 ἀποδέχεται
2388 4120 2477 4175 τὸν
2523 4120 2802 4190 Ῥουφῖνον
2832 4123 2859 4175 ό
2889 4122 3043 4193 ἅγιος
3077 4125 3184 4178 ἀπὸ
3215 4124 3308 4179 τοῦ
3347 4128 3623 4196 ἀχράντου

2040 4202 2420 4272 βαπτίσματος
2478 4206 2632 4275 παρά
2687 4207 2794 4259 τῶν
2840 4208 3176 4273 ἐπισκόπων,
3228 4209 3288 4261 ὃν
3349 4209 3622 4283 ἐσεϐάσθη

2038 4285 2203 4349 ἀξίως
2225 4285 2326 4355 τῆς
2378 4287 2541 4339 06106
2596 4288 2914 4355 πολιτείας,
2972 4292 3052 4355 είς
3089 4292 3265 4346 πάντα
3307 4293 3626 4358 ὑπακούσας

2038 4368 2116 4437 τῷ
2177 4370 2309 4439 ὁσίῳ
2350 4370 2507 4444 ἀνδρὶ
2555 4373 2870 4444 Ἀμμωνίῳ.
2929 4376 3025 4439 Ὃς
3060 4379 3176 4447 μετ’
3224 4376 3404 4444 ὀλίγον
3432 4378 3626 4449 χρόνον

2039 4456 2329 4525 κοιμᾶται,
2387 4456 2484 4509 καὶ
2532 4456 2802 4511 θάπτεται
2832 4461 2891 4510 ἐν
2917 4458 2996 4529 τῷ
3038 4461 3325 4533 μαρτυρίῳ
3359 4462 3437 4533 τῷ
3466 4462 3622 4529 λεγο-

426 4522 841 4615 ὐΔςΑμμὼνιος
861 4518 1019 4615 οὗτος
1040 4525 1558 4615 μαθητὴς-γεγονὼς
1574 4525 1669 4615 τοῦ
1695 4527 1929 4615 μεγάλου
1964 4517 2008 4572 ί)
2043 4517 2190 4609 μένῳ
2230 4517 2632 4609 Ῥουφινιαναῖς
2668 4543 2803 4613 (44).
2850 4536 2926 4595 Οὔ
2956 4517 3019 4595 τὸ
3038 4517 3252 4615 ’μνῆμᾶ
3282 4517 3500 4612 λέγεται
3531 4517 3623 4601 θε-

338 4606 556 4677 Παμϐὼ
590 4609 709 4679 ἄμα
734 4610 914 4680 τρισὶν
945 4610 1192 4680 ἀδελφοῖς
1218 4611 1447 4681 ἑτέροις,
1477 4612 1570 4666 καὶ
1595 4612 1748 4666 δυσὶν
1780 4613 1933 4669 ἀδελ-

341 4696 504 4763 φαῖς,
552 4694 631 4757 είς
660 4693 829 4764 ἀκρον
880 4694 1154 4764 φιλοθεϊας
1201 4696 1523 4763 ἐλάσαντες,
1570 4697 1933 4767 κατειλήφασι

338 4778 441 4850 τὴν
480 4779 708 4849 ἔρημον,
752 4778 846 4833 καὶ
894 4780 1213 4852 ἀμφοτέρας
1257 4782 1356 4844 τάς
1411 4784 1579 4851 μονὰς
1632 4784 1753 4837 κατ’
1800 4784 1934 4837 ἰδίαν

340 4864 676 4933 ποιήσαντες
720 4864 832 4917 τῶν
884 4880 944 4917 τε
984 4864 1195 4936 ἀνδρῶν
1233 4868 1328 4921 καὶ
1376 4868 1483 4921 τῶν
1523 4870 1822 4936 γυναικῶν,
1858 4869 1935 4933 ὡς

343 4948 532 5002 ἱκανὸν
574 4948 803 5019 ἀπέχειν
850 4949 946 5003 ἀπ’
993 4950 1237 5023 ἀλλήλων
1292 4953 1589 5026 διάστημα.
1672 4957 1824 5009 Ἐπεὶ
1876 4956 1935 5009 δὲ

342 5032 468 5086 καθ’
512 5034 823 5106 ὑπερϐολὴν
862 5034 1144 5104 φιλόλογος
1173 5032 1240 5107 ῆν
1275 5039 1303 5090 ὀ
1335 5040 1554 5109 ἀριστος
1587 5040 1695 5095 τῶν
1724 5041 1935 5112 ἀνδρῶν

353 5118 691 5189 Ἀμμώνιος,
728 5121 884 5183 πόλις
921 5138 1005 5185 τις
1033 5123 1224 5174 τούτου
1253 5123 1469 5194 ἠράσθη
1520 5126 1600 5189 είς
1632 5125 1787 5199 λόγον
1817 5129 1935 5180 ἐπι-

345 5202 579 5272 σκοπῆς.
636 5203 747 5259 Καὶ
805 5204 1199 5275 προσελθόντες
1246 5208 1497 5279 Τιμοθέῳ
1540 5209 1618 5281 τῷ
1677 5210 1936 5281 μακαρίῳ

344 5287 655 5357 ἐπισκόπῳ,
708 5289 1056 5361 παρεκάλουν
1109 5289 1273 5343 αὑτὸν
1319 5295 1699 5363 χειροτονῆσαι
1750 5296 1936 5360 αὐτοῖς

343 5371 645 5425 ἐπίσκοπον
688 5374 779 5427 τὸν
819 5374 1148 5445 Ἀμμώνιον.
1210 5379 1264 5430 '0
1290 5378 1346 5430 δὲ
1386 5378 1537 5448 λέγει
1578 5382 1759 5445 αὐτοῖς
1783 5400 1794 5411 ·
1834 5383 1934 5437 Φέ-

347 5457 470 5527 ρετέ
498 5475 588 5527 μοι
634 5459 797 5511 αὑτὸν
834 5460 931 5514 καὶ
972 5461 1265 5531 χειροτονεῖ)
1303 5464 1430 5534 ὑμῖν
1470 5466 1678 5521 τοῦτον.
1743 5467 1935 5521 Ἀπελ-

346 5538 554 5593 θόντων
587 5538 680 5595 οὖν
710 5543 889 5597 αὐτῶν
924 5544 1061 5613 μετά
1096 5545 1348 5616 βοηθείας
1379 5549 1583 5619 πολλῆς
1617 5554 1695 5615 είς
1722 5551 1782 5603 τὸ
1808 5551 1935 5603 συλ-

346 5626 607 5681 λαϐέσθαι
661 5628 847 5692 αὐτὸν,
880 5633 959 5693 είς
998 5634 1178 5703 φυγὴν
1217 5628 1373 5699 0610;
1414 5638 1650 5710 ἐτράπη.
1710 5638 1855 5692 Ἰδὼν
1881 5640 1939 5692 δὲ

350 5713 436 5766 ὅτι
472 5712 659 5767 λοιπὸν
692 5714 1044 5786 κατελήφθη,
1078 5720 1210 5783 στάς
1252 5722 1555 5791 παρεκάλει
1596 5723 1812 5785 αύτούς.
1848 5725 1938 5793 Μὴ

350 5796 693 5866 πειθομένων
735 5797 789 5850 δὲ
836 5800 1036 5869 αὐτῶν,
1087 5804 1181 5856 καὶ
1213 5804 1483 5877 διώμνυτο
1511 5808 1585 5878 μὴ
1646 5809 1937 5877 καταδέχε-

2044 4623 2304 4694 ραπεύειν
2338 4625 2546 4690 πάντας
2571 4629 2697 4689 τοὺς
2728 4628 3168 4700 ριγιαζομένους.

2618 4736 2867 4790 ΚΕΦΑΛ.
2913 4736 3007 4789 ll".

2576 4841 2715 4909 Περὶ
2756 4843 3097 4913 Βενιαμείν.

2127 4946 2215 5003 Ἐν
2242 4946 2416 5018 τούτῳ
2441 4948 2517 5018 τῷ
2539 4947 2655 5019 ὄρει
2696 4949 2795 5019 τῆς
2828 4949 3058 5021 Νιτρίας
3102 4951 3324 5019 γέγονεν
3369 4954 3509 5027 ἀνήρ
3537 4972 3624 5019 τις

2044 5031 2379 5103 θαυμαστὸς,
2433 5031 2659 5101 ὀνόματι
2716 5030 3008 5103 Βενιαμεὶν
3055 5033 3412 5106 καλούμενος,
3478 5038 3624 5110 ζωὴν

2046 5114 2250 5186 βιώσας
2289 5117 2544 5188 ἐνάρετον
2572 5117 2769 5184 ἐτεσιν,
2797 5118 3151 5189 ὀγδοήκοντα.
3186 5120 3298 5174 Καὶ
3321 5122 3402 5186 είς
3454 5124 3625 5196 ἀκρον

2044 5202 2289 5273 ἀσκήσας
2318 5202 2418 5272 τὴν
2472 5203 2672 5272 ἀρετὴν
2705 5201 3020 5273 κατηξιώθη
3075 5205 3414 5276 χαρίσματος
3452 5208 3624 5277 ἰαμά-

2044 5304 2173 5350 των,
2209 5286 2282 5349 ώς
2312 5287 2473 5339 παντὶ
2497 5280 2541 5354 ᾧ
2582 5286 2647 5339 ἂν
2680 5290 2866 5357 χεῖρας
2895 5287 3157 5351 ἐπετίθει,
3187 5288 3219 5358 ἢ
3258 5287 3434 5343 ἔλαιον
3470 5293 3626 5346 εύλο-

2045 5371 2221 5440 γήσας
2256 5370 2449 5435 ἐδίδου,
2513 5371 2692 5441 πάσης
2758 5370 3135 5442 ἀπηλλάττετο
3220 5373 3531 5445 ἀρρωστίας
3596 5378 3626 5431 6

2046 5458 2448 5529 ἐνοχλούμενος.
2486 5452 2654 5521 Οὗτος
2710 5459 2740 5511 ὁ
2781 5458 2875 5512 τοῦ
2922 5458 3247 5527 τηλικούτου
3283 5462 3625 5533 χαρίσματος

2046 5544 2407 5613 καταξιωθεὶς
2443 5544 2549 5615 πρὸ
2578 5543 2721 5596 ὀκτὼ
2754 5544 2940 5615 μηνῶν
2971 5543 3070 5613 τῆς
3102 5545 3415 5617 κοιμήσεως
3447 5547 3621 5618 ὑδρω-

2046 5634 2262 5687 πίασεν.
2293 5634 2405 5687 Καὶ
2438 5632 2531 5685 ἐπὶ
2558 5630 2809 5685 τοσοῦτον
2840 5630 3103 5696 ώγκωσεν
3130 5631 3189 5684 τὸ
3232 5632 3403 5707 ,σῶμα
3454 5631 3623 5687 αὑτοῦ

2047 5723 2112 5791 τῇ
2147 5721 2372 5789 οἰδήσει,
2409 5719 2483 5781 ώς
2514 5717 2672 5773 ἄλλον
2711 5714 2833 5769 ’1ὼὸ
2866 5718 2987 5778 ταῖς
3009 5714 3301 5785 ἀλγηδόσιν
3334 5716 3623 5787 εὑρεθῆναι

2052 5809 2108 5860 ὲν
2141 5809 2249 5869 τοῖς
2311 5803 2599 5875 ἡμετέροις
2659 5803 2892 5873 καιροῖς,
2941 5798 3284 5867 Παραλασὺν
3337 5799 3430 5855 οῦν
3481 5802 3624 5872 ἡμᾶς
3686 5800 3699 5811 ’
