4096 6500
557 318 699 387 1035

2005 317 2352 380 PALLADII

3683 320 3812 395 1035

551 431 848 499 Διόσκορος
874 429 904 481 δ
933 425 1253 493 ἐπίσκοπος,
1287 429 1407 481 τότε
1448 428 1503 481 δὲ
1541 429 1910 498 πρεσϐύτερος
1941 427 2014 479 ὢν
2042 428 2134 480 τοῦ
2164 433 2210 488 Α
2241 428 2270 498 ἢ
2312 428 2623 500 λῃστρικοῖς
2688 431 2721 498 ἢ
2787 429 3117 492 θαλαττίοις.
3189 429 3357 498 Δεῦρο
3411 425 3528 490 οὖν,
3583 430 3804 500 ἀδελφὴ

548 514 710 584 δρους
731 511 834 580 τῆς
864 511 1116 582 Νιτρίας,
1147 511 1247 582 ἐμέ
1301 528 1359 564 τε
1417 513 1512 566 καὶ
1571 513 1662 565 τὸν
1702 512 1971 581 μακάριον
1997 509 2128 562 an-

551 614 726 666 γριον,
782 594 934 663 λέγει
979 595 1360 666 ήμῖν·Δεῦτε,
1421 596 1644 665 βλέπετε
1693 595 1813 647 νέον
1871 594 2011 656 Ἰὼϐ,
2070 593 2127 648 ἐν

550 679 778 750 τοιούτῳ
835 678 985 750 ὄγκῳ
1049 677 1322 749 σώματος,
1397 677 1562 731 πάθει
1606 677 1832 746 ἀνιάτῳ,
1889 677 2128 748 ἄμετρον

553 762 892 833 κεκτημένον
934 762 1306 832 εὐχαριστίαν.
1350 761 1700 824 Ἀπελθόντες
1751 762 1844 816 οῦν
1900 761 2127 814 ἐθεασά-

559 848 703 915 μεθα
737 845 992 898 τοσοῦτον
1032 845 1195 913 δγκον
1248 844 1340 896 τοῦ
1401 843 1650 915 σώματος
1696 842 1884 908 αὑτοῦ,
1927 844 2002 905 ὡς
2051 843 2125 912 μὴ

547 927 811 992 δύνασθαι
871 928 960 980 τὸν
1025 925 1224 998 μικρὸν
1278 925 1539 982 δάκτυλον
1572 931 1671 999 τῆς
1722 927 1904 998 χειρὸς
1961 923 2125 978 αὑτοῦ

547 1010 979 1084 περιλαμϐάνειν
1004 1013 1127 1072 ταῖς
1174 1008 1266 1062 δύο
1323 1013 1482 1080 χερσὶ
1541 1012 1650 1064 τῶν
1691 1010 1994 1065 δακτύλων.
2032 1008 2124 1078 Μὴ

545 1096 832 1166 δυνάμενοι
863 1095 920 1150 δέ
946 1098 1110 1166 ἡμεῖς
1143 1097 1472 1162 ἐνατενιζειν
1507 1099 1572 1164 τῇ
1603 1096 1697 1149 τοῦ
1727 1093 1935 1156 πάθους
1958 1091 2128 1145 δεινό-

545 1197 688 1250 τητι,
717 1181 845 1242 τοὺς
872 1179 1187 1250 ὀφθαλμοὺς
1210 1179 1369 1251 ήμῶν
1403 1181 1497 1233 ἀπ’
1557 1180 1736 1233 αὐτῶν
1783 1178 2125 1248 ἀπεστρέφο-

547 1280 668 1336 ρεν.
710 1262 841 1316 Τότε
867 1262 1015 1330 λέγει
1043 1264 1176 1333 ἡμῖν
1205 1266 1232 1316 ό
1264 1264 1538 1334 μακάριος
1575 1266 1782 1327 ἐκεῖνος
1815 1261 2122 1330 Βενιαμείν·

546 1344 814 1410 Ιιᾲῦξασθε,
830 1345 1020 1410 τέκνα,
1043 1347 1132 1399 ἵνα
1157 1347 1230 1417 μή
1257 1364 1358 1416 μου
1385 1349 1411 1399 0
1434 1346 1635 1399 ἔσωθεν
1651 1347 1748 1399 ἄνθ
1760 1363 1937 1417 ρωπος
1956 1344 2126 1414 ὑδρωο

472 1433 476 1437 ’
545 1429 741 1500 ιτιάσῃ.
786 1428 960 1482 Τοῦτο
1001 1429 1111 1500 γάρ
1159 1429 1222 1482 τὸ
1261 1430 1421 1502 σῶμα
1469 1428 1593 1482 οὔτε
1651 1447 1720 1501 με
1783 1427 2126 1481 εύπαθοῦντα

545 1512 776 1582 ὥνησεν,
813 1512 936 1564 οὗτε
968 1512 1351 1567 δυσπαθοῦντα
1383 1513 1752 1581 παρέϐλαψεν.
1801 1513 1941 1574 Τοὺς
1979 1509 2126 1564 ὀκτὼ

545 1595 636 1650 οῦν
665 1597 840 1666 μῆνας
872 1598 1114 1660 ἐκείνους
1148 1597 1340 1668 δίφρος
1394 1598 1544 1666 αυτῴ
1591 1598 1929 1660 πλατύτατος
1963 1597 2122 1664 γέγου

545 1696 654 1745 νεν,
684 1681 744 1733 ἐν
775 1672 819 1745 ᾧ
845 1679 1204 1743 ἀδιαλείπτως
1261 1680 1574 1744 ἐκαθέζετο,
1605 1681 1804 1752 μηκέτι
1857 1683 1918 1733 ἐν
1969 1681 2123 1752 κλίνῃ

2227 513 2322 565 ἐπὶ
2366 512 2459 566 10v
2489 516 2697 584 μονήρη
2728 514 2842 583 βίον
2894 512 3162 583 ἔλθωμεν,
3200 513 3287 566 ἵνα
3311 515 3405 568 καὶ
3459 514 3530 568 τά
3575 515 3675 568 τοῦ
3703 534 3810 570 πα-

2231 595 2358 664 τρὸς
2412 598 2572 666 ήμῶν
2605 597 2984 667 κερδήσωμεν,
3042 597 3138 649 καὶ
3189 594 3286 657 τάς
3323 596 3501 666 ψυχὰς
3542 596 3704 667 ήμῶν
3738 599 3811 670 μὴ

2227 676 2603 751 ἀπολέσωμεν.
2655 682 2891 752 Ἤρεσεν
2926 676 3020 733 οὖν
3050 680 3380 750 ἀμφοτέροις
3407 681 3436 731 ὁ
3472 680 3679 742 σκοπὸς
3720 683 3808 736 τοῦ

2239 763 2507 832 μονήρους
2547 764 2684 834 βίου.
2713 761 3035 833 Εύρέθησαν
3071 759 3163 814 οῦν
3193 762 3349 824 ἄλλος
3378 762 3500 816 κατ’
3532 763 3667 818 ἄλλο
3694 765 3809 817 δια-

2230 845 2556 912 φωνοῦντες.
2611 847 2986 918 Μερισάμενοι
3027 846 3086 898 δὲ
3133 847 3201 899 τά
3261 848 3544 918 χρήματα,
3599 847 3698 900 καὶ
3745 849 3810 901 τὰ

2227 925 2390 982 λοιπά
2424 931 2624 994 πάντα,
2656 929 2753 982 τοῦ
2801 930 2900 1000 μὲν
2932 930 3137 982 σκοποῦ
3174 931 3381 1000 είχοντο
3427 929 3667 992 ἕκαστος
3720 931 3810 984 τοῦ

2227 1010 2428 1080 ἀρέσαι
2459 1012 2599 1083 Θεῷ,
2635 1012 3019 1085 ἐνηλλαγμένῃ
3061 1012 3118 1066 δὲ
3162 1015 3228 1083 τῇ
3280 1012 3556 1081 πολιτεία.
3625 1013 3686 1066 '0
3719 1014 3810 1081 μὲν

2228 1095 2336 1164 γάρ
2377 1097 2558 1149 πάντα
2597 1097 3000 1167 διασκορπίσας
3046 1096 3246 1149 ἔδωκεν
3287 1096 3675 1164 ἀσκητηρίοις,
3727 1097 3813 1150 καί

2228 1177 2565 1248 ἐκκλησίαις,
2597 1181 2693 1232 καὶ
2740 1180 3011 1247 φυλακαῖς
3038 1194 3052 1208 ·
3103 1179 3199 1231 καὶ
3245 1179 3553 1248 τεχνίιῖριον
3612 1177 3812 1246 ἔμαθεν

2227 1261 2348 1314 ὅθεν
2376 1261 2466 1316 τὸν
2489 1262 2653 1333 ἄρτον
2679 1264 2997 1334 πορίσηται,
3015 1262 3111 1315 καὶ
3125 1264 3192 1331 τῇ
3213 1261 3448 1331 ἀσκήσει
3477 1261 3812 1331 προσέσχεν,

2229 1345 2321 1396 καὶ
2364 1347 2430 1416 τῇ
2477 1347 2775 1416 προσευχῇ.
2819 1345 2878 1399 ’0
2924 1345 2981 1398 δὲ
3023 1345 3208 1412 ἕτερος
3249 1343 3440 1396 τούτου
3478 1343 3657 1414 μηδὲν
3699 1344 3812 1397 δια-

2232 1427 2733 1498 σκορπίσας,,ἀλλά
2790 1429 3024 1498 ποιήσας
3056 1427 3234 1495 ἐαυτῷ
3282 1426 3675 1496 μοναστήριον,
3724 1427 3814 1480 καὶ

2229 1511 2673 1583 προσλαϐόμενος
2705 1511 2966 1579 ἀδελφοὺς
2991 1511 3203 1578 ὀλίγους
3227 1550 3242 1576 ,
3288 1510 3466 1562 πάντα
3524 1511 3683 1575 ξένον
3706 1511 3816 1563 ἑδε-

2229 1594 2426 1660 ξιοῦτο,
2453 1599 2632 1649 πάντα
2660 1596 2940 1668 ἄρρωστον
2972 1594 3330 1664 ἐθεράπευεν,
3373 1595 3556 1648 πάντα
3586 1593 3815 1662 γέροντα

2228 1680 2599 1748 περιεκράτει,
2640 1679 2804 1732 παντὶ
2832 1678 3024 1751 πένητι
3055 1679 3320 1748 παρεῖχεν
3352 1677 3492 1730 κατά
3533 1675 3816 1729 Σάὸδατον

544 1765 836 1815 ἀναπεσεῖν
883 1762 1214 1832 δυνάμενος,
1273 1763 1362 1816 διά
1398 1764 1498 1825 τάς
1541 1765 1735 1826 λοιπάς
1792 1764 1981 1834 χρείας
2029 1765 2122 1817 τοῦ
2154 1774 2198 1830 Β
2228 1763 2319 1814 καὶ
2351 1762 2636 1833 Κυριακὴν
2687 1764 2836 1833 τρεῖς
2893 1761 2926 1833 ἢ
2997 1761 3268 1830 τέσσαρας
3312 1759 3601 1831 τραπέζας
3632 1759 3813 1812 ἱστῶν·

544 1845 815 1914 σώματος.
855 1845 964 1896 Kal
1002 1847 1060 1897 ἐν
1085 1845 1260 1916 τούτῳ
1290 1844 1365 1898 ὢν
1396 1847 1473 1917 τῷ
1499 1847 1702 1917 ἀνιάτῳ
1733 1846 1898 1902 πάθει
1929 1845 2122 1910 ἄλλους

547 1930 664 1980 ἰᾶτο
678 1929 802 1989 τοὺς
837 1930 896 1979 ἐν
918 1927 1258 2000 οίοισδήποτε
1283 1925 1376 1982 οὖν
1400 1933 1670 1998 νοσήμασι
1694 1932 2120 2002 κατεχομένους.

557 2013 879 2078 Ἀναγκαῖον
918 2010 1107 2062 τοίνυν
1161 2012 1460 2083 ἡγησάμην
1498 2013 1874 2084 ἐξηγήσασθαι
1928 2015 2121 2068 τούτου

541 2093 635 2146 τοῦ
694 2093 853 2161 ἁγίου
880 2093 941 2145 τὸ
999 2093 1190 2159 πάθος,
1227 2095 1314 2148 ἵνα
1369 2097 1444 2165 μὴ
1507 2095 1847 2163 ξενιζωμεθα
1890 2097 2018 2151 ὅταν
2069 2115 2121 2152 τι

544 2176 928 2243 περιστατικδν
963 2176 1194 2241 δικαίοις
1234 2179 1461 2248 ἀνδράσι
1516 2181 1808 2252 συμϐαίνῃ.
1856 2181 2124 2254 Τελευτή-

548 2277 737 2322 σαντος
775 2259 831 2312 δὲ
855 2261 949 2313 τοῦ
971 2263 1222 2329 γενναίου
1257 2263 1489 2327 ἐκείνου,
1541 2263 1609 2317 τά
1648 2265 1776 2333 φλία
1820 2266 1918 2335 τῆς
1951 2266 2122 2338 θύρας

545 2342 759 2413 ἐπήρθη
784 2343 877 2396 καὶ
923 2345 979 2398 al
1038 2345 1406 2415 παραστάδες,
1469 2347 1555 2400 ἵνα
1597 2347 1798 2418 δυνηθῇ
1858 2349 1918 2400 τὸ
1963 2348 2122 2419 σῶμα

541 2425 888 2496 ἐξενεχθῆναι
917 2429 1018 2498 τῆς
1058 2429 1275 2498 κέλλης.
1313 2429 1580 2493 Τοσοῦτος
1637 2426 1706 2500 ἦν
1750 2435 1778 2485 ό
1814 2432 1978 2500 δγκος
2025 2433 2122 2486 τοῦ

543 2511 792 2578 σώματος
839 2509 932 2563 τοῦ
983 2512 1254 2582 μακαρίου
1301 2513 1395 2565 καὶ
1445 2514 1689 2584 ἀοιδίμου
1735 2517 1975 2588 Πατέρος
2023 2518 2122 2570 Ba-

543 2593 782 2661 νιαμείν.

1131 2684 1179 2738 Κ
1194 2684 1387 2740 ΕΦΑΛ.
1425 2684 1514 2738 ΙΔ’.

1025 2789 1158 2855 Περὶ
1206 2790 1643 2842 Ἀπολλωνίου.

626 2894 980 2957 Ἀπολλώνιός
1007 2911 1089 2956 τις
1112 2893 1338 2963 όνόματι
1361 2895 1472 2946 ἀπὸ
1503 2894 1960 2964 πραγματευτῶν,
1985 2895 2121 2948 ἀπο-

541 2993 842 3062 ταξάμενος
872 2992 963 3043 καὶ
995 2991 1226 3060 οἰκήσας
1258 2990 1320 3042 10
1361 2989 1487 3058 δρος
1534 2992 1634 3059 τῆς
1681 2990 1931 3058 Νιτρίας,
1984 2995 2120 3063 μήτε

541 3079 736 3146 τέχνην
768 3074 828 3128 τὸ
861 3074 1048 3126 λοιπζν
1081 3073 1272 3142 μαθεῖν
1293 3073 1614 3141 δυνάμενος,
1654 3077 1788 3143 μήτε
1821 3075 1916 3128 ἐπὶ
1944 3074 2118 3145 ἄσκη-

543 3179 626 3212 σιν
704 3158 1006 3230 γραφικὴν,
1070 3156 1148 3226 τῷ
1209 3158 1658 3228 παραϐεϐηκέναι
1726 3161 1824 3228 τὴν
1882 3159 2117 3228 ἠλικίαν,

542 3243 712 3312 ζήσας
762 3241 819 3293 ἐν
877 3239 956 3309 τῷ
1000 3239 1116 3310 δρει
1170 3238 1341 3292 εἴκοσι
1369 3239 1484 3308 ἔτη,
1542 3239 1747 3310 ταύτην
1811 3242 1968 3312 ἔσχεν
2021 3243 2121 3314 τὴν

540 3327 796 3396 ἀσκησιν.
842 3324 936 3377 Ἐκ
969 3324 1078 3376 τῶν
1125 3323 1271 3376 ίδίων
1303 3325 1603 3395 χρημάτων
1636 3327 1729 3380 καὶ
1759 3325 1867 3380 τῶν
1903 3328 2120 3382 οἰκείων

540 3411 717 3464 πόνων
751 3410 979 3462 παντοῖα
1007 3408 1228 3476 ἰατρικά
1262 3409 1356 3460 καὶ
1395 3407 1695 3479 κελλαρικά
1743 3409 2031 3482 ἀγοράζων
2064 3415 2120 3464 ἐν

538 3496 604 3562 τῇ
646 3490 1042 3564 Ἀλεξανδρείᾳ,
1075 3492 1224 3564 πάσῃ
1254 3494 1318 3562 τῇ
1349 3491 1667 3563 ἀδελφότητι
1695 3496 1775 3558 είς
1811 3498 1910 3559 τὰς
1932 3496 2121 3561 νόσους

540 3577 792 3646 ἐπήρκει.
856 3576 966 3629 Kal
1021 3571 1090 3646 ἦν
1126 3576 1254 3628 ἰδεῖν
1303 3577 1466 3630 αὑτὸν
1513 3578 1731 3649 δρθριον
1787 3580 1950 3650 μέχρι
2020 3582 2117 3651 τῆς

538 3659 766 3730 ὲννάτης
839 3657 986 3731 ὥρας
1059 3660 1391 3714 κυκλεύοντα
1469 3662 1536 3716 τά
1621 3665 1955 3734 ἀσκητήρια,
2025 3671 2121 3720 καὶ

540 3745 903 3814 μοναστήρια,
932 3745 1026 3796 καὶ
1054 3744 1235 3808 πάσας
1271 3743 1478 3814 σκηνάς
1526 3746 1624 3808 τάς
1674 3749 1812 3813 ἐκεῖ,
1846 3750 1988 3803 κατά
2029 3750 2122 3803 θύ-

541 3841 636 3902 ραν
665 3826 1046 3896 είσερχόμενον
1073 3829 1168 3880 καὶ⁴
1218 3829 1644 3895 ἐπισκοποῦντα,
1679 3833 1753 3901 μή
1788 3849 1873 3896 τις
1898 3836 2120 3887 ἀνάκει-

537 3927 647 3964 ται.
705 3908 1036 3974 Ἐδάσταζεν
1089 3911 1144 3963 δὲ
1193 3913 1473 3980 σταφίδας,
1518 3916 1668 3984 ῥοάς,
1700 3917 1804 3978 ῶά,
1862 3917 2116 3984 σιλίγνια,

538 3986 614 4045 ὧν
681 3993 985 4048 ἐπιδὲονται
1047 3996 1096 4048 oi
1150 3997 1612 4067 ἀρρωστοῦντες,
1678 4001 1882 4072 ταύτην
1940 4002 2119 4072 ἐαυτῷ

537 4077 918 4132 λυσιτελοῦσαν
941 4078 1117 4151 εὑρὼν
1165 4081 1441 4136 πολιτείαν
1463 4086 1540 4146 είς
1561 4085 1621 4137 10
1651 4085 1832 4154 γῆρας
1863 4085 1955 4138 τοῦ
1984 4088 2119 4156 Χρι-

538 4163 664 4214 στοῦ
697 4162 879 4226 δοῦλος
900 4181 913 4195 ·
955 4167 1102 4229 ὅστις
1131 4167 1389 4238 τελευτᾷν
1439 4167 1666 4238 μέλλων,
1717 4171 1890 4242 ὁμοίῳ
1919 4172 2115 4224 ἐαυτοῦ

537 4245 942 4316 καταλιμπάνει
996 4249 1066 4302 τὰ
1127 4251 1422 4321 γρυτάρια,
1491 4254 1878 4322 παρακαλέσας
1953 4256 2116 4309 αὑτὸν

535 4330 741 4400 ταύτην
765 4333 1004 4387 ἐκτελεῖν
1023 4334 1123 4404 τὴν
1153 4333 1451 4390 διακονίαν.
1485 4339 1953 4408 Πεντακισχιλίων
2006 4342 2114 4412 γάρ

535 4413 828 4466 οἰκούντων
907 4417 1247 4486 μοναζόντων
1313 4421 1374 4476 τὸ
1449 4419 1574 4490 ὅρος
1655 4424 1869 4484 ἐκεῖνο,
1956 4426 2115 4493 χρεία

535 4497 632 4548 ml
659 4497 759 4565 τῆς
789 4500 1046 4576 τοιαύτης
1077 4502 1444 4573 ἐπισκέψεως,
1507 4504 1594 4558 διά
1636 4505 1698 4573 τὸ
1723 4504 1928 4578 ἔρημον
1973 4502 2112 4562 εἶναι

536 4579 629 4634 τὶν
655 4580 844 4638 τόπον.

1032 4672 1282 4726 ΚΕΦΛΛ.
1329 4673 1431 4738 IE',
1483 4673 1600 4740 ις’.

878 4767 1016 4835 Περὶ
1047 4771 1320 4836 Παησίου
1367 4772 1465 4824 καὶ
1516 4771 1776 4828 Ἡσαΐου.

604 4868 832 4941 Ἔτερός
865 4889 949 4935 τις
988 4873 1226 4944 Παήσιος
1258 4875 1349 4930 καὶ
1387 4876 1616 4937 Ἡσαΐας
1667 4873 1809 4926 οὕτω
1839 4873 2108 4946 καλούμε-

532 4969 613 5006 νοι
632 4952 850 5024 ἀδελφοὶ
883 4956 1128 5027 ὑπῆρχον
1181 4957 1383 5029 πατρὸς
1427 4960 1671 5026 ἐμπόρου
1703 4958 2108 5030 Σπανοδρόμου.

532 5036 742 5100 υἵτινες
771 5038 864 5090 τοῦ
907 5040 1114 5107 πατρὸς
1135 5039 1314 5092 αὐτῶν
1339 5041 1766 5112 τελευτήσαντος
1785 5041 2111 5112 ἐμερίσαντο

529 5121 600 5172 τά
628 5119 944 5191 ὑπάρχοντα
971 5124 1027 5174 ἐν
1063 5125 1321 5192 κινητοῖς,
1353 5122 1387 5177 ά
1420 5123 1574 5194 ἔσχον
1605 5128 1662 5176 ἐν
1689 5125 1788 5194 μὲν
1812 5126 2111 5196 νομίσμασι

530 5207 1016 5275 πεντακισχιλίοις,
1057 5208 1115 5260 ἐν
1146 5208 1381 5278 ἱματίοις
1427 5210 1484 5262 δὲ
1518 5209 1614 5262 καὶ
1656 5213 1896 5274 οἰκέταις
1935 5212 2002 5264 τά
2025 5214 2112 5265 εύ-

532 5289 777 5361 ρεθέντα.
798 5284 957 5344 Οὗτοι
990 5291 1107 5361 μετ’
1131 5291 1375 5364 ἀλλήλων
1407 5293 1733 5361 έσκέψαντο,
1757 5299 1850 5348 καὶ
1882 5295 2113 5366 συμϐου-

530 5371 779 5436 λεύοντες
817 5374 1030 5437 ἑαυτοῖς
1065 5376 1251 5444 ἐλεγον
1283 5376 1420 5444 πρὸς
1449 5377 1734 5448 ἀλλήλους·
1780 5379 1903 5431 Ἐπὶ
1950 5379 2109 5432 ποίαν

533 5455 758 5522 μέθοδον
787 5457 1032 5529 ἔλθωμεν
1085 5459 1223 5529 βίου,
1285 5462 1516 5531 άδελφές
1569 5462 1664 5516 ἐὰν
1720 5461 1964 5533 ἔλθωμεν
2014 5465 2109 5516 ἐπὶ

524 5542 626 5608 τὴν
683 5541 975 5612 ἐμπορίαν,
1034 5544 1100 5614 ἣν
1151 5546 1414 5617 μετῆλθεν
1469 5547 1496 5599 ὁ
1546 5545 1730 5617 πατὴρ
1786 5546 1960 5617 ήμῶν,
2015 5549 2108 5600 καὶ

531 5624 694 5690 ἡμεῖς
779 5626 986 5695 ἑτέροις
1045 5629 1242 5698 ἔχομεν
1310 5629 1636 5698 καταλεῖ-ζιαι
1716 5633 1840 5694 τους
1912 5630 2105 5696 πόνους

526 5705 704 5783 ηειῷν.
743 5707 900 5771 Ἴσως
926 5710 982 5763 δὲ
1005 5714 1097 5764 καὶ
1124 5713 1387 5777 κινδύνοις
1422 5714 1865 5786 περιπεσούμεθα
1891 5718 2105 5780 πάντως

1716 5633 1840 5694 τους

2226 1847 2348 1908 106;
2377 1845 2732 1915 λειπομένους
2777 1843 3066 1912 ἐδεξιοῦτο.
3127 1844 3316 1916 Τούτῳ
3364 1843 3443 1913 τῷ
3489 1845 3688 1914 τρόπῳ
3726 1844 3815 1896 τὸν

2227 1929 2421 1982 ἑαυτοῦ
2467 1930 2581 1999 βίον
2632 1930 3042 1999 κατηνάλωσεν.
3085 1927 3304 1982 Τούτων
3337 1923 3430 1981 οῦν
3482 1927 3814 1997 ἀμφοτέρων

2224 2013 2666 2086 τελευτησάντων
2686 2054 2700 2079 ,
2738 2014 2986 2082 διάφοροι
3019 2011 3362 2083 μακαρισμοὶ
3387 2012 3674 2081 ἑκατέρων
3706 2011 3816 2078 ἐγέο

2226 2113 2378 2151 νοντο
2410 2097 2559 2167 παρά
2589 2097 2699 2148 τῶν
2751 2094 3020 2164 ἀδελφῶν,
3081 2094 3156 2154 ὼς
3213 2095 3544 2165 ἀμφοτέρων
3589 2093 3815 2146 τελείων

2227 2183 2284 2234 ἐν
2316 2182 2482 2252 ἀρετῇ
2531 2179 2883 2250 εὑρεθέντων.
2939 2179 3049 2232 Kal
3092 2181 3203 2240 τοῖς
3241 2177 3340 2246 μὲν
3383 2178 3626 2246 ἡρεσκεν
3665 2179 3697 2230 ὀ
3727 2177 3812 2230 τοῦ

2226 2265 2372 2332 ἅπαξ
2405 2265 2820 2334 ἀποταξαμένου
2862 2263 2997 2334 βίος,
3031 2266 3145 2324 τοῖς
3182 2262 3239 2314 δὲ
3268 2263 3296 2314 0
3332 2265 3659 2326 κοινωνικὸς
3682 2263 3815 2334 πρὸς

2228 2349 2435 2412 πάντας
2462 2353 2589 2412 τοὺς
2617 2349 2927 2420 δεομένους.
2955 2345 3292 2407 Φιλονεικίας
3333 2342 3426 2400 οὖν
3457 2348 3813 2416 ἐμπεσούσης

2226 2435 2319 2486 ἐπὶ
2340 2436 2406 2503 τῇ
2430 2433 2672 2502 διαφόρῳ
2714 2432 2962 2501 πολιτείᾳ
2995 2430 3200 2485 τούτων
3244 2428 3354 2482 τῶν
3404 2429 3709 2501 μακαρίων
3749 2433 3814 2506 τῇ

2229 2516 2570 2585 ἀδελφότητι,
2641 2516 2877 2584 μάλιστα
2913 2514 3010 2566 ἐπὶ
3064 2517 3176 2576 τοῖς
3215 2512 3496 2582 διαφόροις
3547 2512 3811 2579 ἐπαίνοις,

2228 2600 2561 2669 ἀπέρχονται
2593 2599 2732 2668 πρὸς
2775 2597 2868 2649 τὸν
2906 2595 3177 2667 μακάριον
3225 2597 3318 2649 καὶ
3372 2597 3529 2664 ἆγιον
3577 2593 3811 2664 Παμῦὼ,

2229 2684 2323 2737 καὶ
2375 2682 2720 2736 ἀνατίθενται
2764 2681 2915 2752 αύτῷ
2954 2682 3052 2752 τὴν
3098 2683 3224 2752 περὶ
3273 2682 3478 2736 τούτων
3505 2682 3812 2753 ἐπίκρισιν,

2229 2767 2506 2836 ἀξιοῦντες
2545 2767 2737 2836 μαθεῖν
2772 2767 2897 2836 παρ’
2927 2766 3094 2832 αὐτοῦ
3134 2767 3232 2838 την
3271 2769 3482 2838 ἀμείνω
3505 2767 3808 2822 πολιτείαν.

2240 2856 2298 2905 '0
2329 2854 2383 2906 δὲ
2412 2853 2561 2921 λέγει
2584 2853 2788 2915 αὐτοῖς·
2831 2852 3152 2924 Ἀμφότεροι
3184 2851 3380 2906 τέλειοί
3420 2856 3526 2905 είσι
3551 2855 3696 2924 πρὸς
3725 2852 3812 2906 τὸν

2228 2940 2451 3008 Κύριον.
2513 2940 2570 2991 ’0
2613 2941 2711 3008 μὲν
2741 2939 2851 3010 γάρ
2903 2941 3256 3011 Ἀὀράμιαῖον
3311 2939 3623 3002 ἐξετέλεσεν
3654 2939 3814 3008 ἔργον

2226 3022 2562 3090 δεξιούμενοι,
2588 3024 2816 3084 πάντας·
2860 3024 2888 3075 ὁ
2923 3023 2978 3074 δὲ
3005 3022 3099 3074 τοῦ
3139 3025 3422 3092 προφήτου
3467 3021 3656 3074 Ἠλίου
3673 3022 3736 3075 10
3753 3022 3813 3074 ά-

2077 3105 2118 3145 Γ
2151 3113 2193 3172 c
2229 3123 2298 3160 κα
2308 3107 2446 3177 μπὲς
2474 3106 2571 3159 τοῦ
2593 3107 2758 3175 ζήλου
2777 3107 2874 3174 τῆς
2893 3106 3027 3175 πρὸς
3039 3105 3172 3157 Θεὸν
3187 3106 3604 3175 εύαρεστήσεως
3632 3105 3810 3159 ἐνεδέ-

2227 3191 2374 3254 ξχ-το,
2402 3191 2509 3242 Kal
2531 3190 2640 3242 τῶν
2684 3189 2780 3258 μὲν
2817 3188 3103 3256 λεγόντων,
3137 3188 3256 3240 Τῶν
3286 3188 3462 3239 ποδῶν
3502 3203 3601 3240 σου
3642 3189 3812 3241 ἀπτό-

2229 3274 2388 3343 μεθα,
2418 3273 2536 3335 πῶς
2559 3272 2788 3325 δυνατὸν
2815 3267 2955 3324 εἶναι
2977 3271 3200 3333 τούτους
3223 3270 3391 3334 ίσους,
3411 3272 3812 3340 προτιμώντων

2222 3359 2386 3410 τινῶν
2416 3359 2506 3411 τὸν
2534 3357 2798 3428 ἀσκητὴν,
2823 3357 2918 3410 καὶ
2937 3358 3224 3424 λεγόντων,
3251 3356 3329 3408 ὅτι
3359 3349 3525 3417 Οὗτος
3553 3357 3619 3409 τὸ
3644 3357 3813 3425 εὐαγ-

2222 3441 2439 3509 γελικὸν
2473 3441 2838 3511 πεπλήρωκεν
2873 3443 3222 3510 πρόσταγμα,
3258 3441 3326 3493 τὰ
3373 3445 3554 3494 πάντα
3623 3441 3812 3511 πωλή-

2225 3541 2344 3590 σας,
2377 3525 2468 3576 καί⁵
2511 3523 2851 3588 διαδεδωκὼς
2905 3525 3158 3593 πτωχοῖς,
3223 3524 3318 3576 καὶ
3378 3525 3814 3594 προσκαρτερῶν

2222 3613 2343 3674 ταῖς
2370 3613 2579 3682 εὐχαῖς,
2608 3610 2752 3664 κατά
2780 3612 2955 3662 πᾶσαν
2983 3609 3192 3678 ἡμέραν
3221 3609 3315 3659 καὶ
3339 3606 3490 3676 ῶραν
3518 3608 3617 3660 καὶ
3642 3611 3812 3662 νύκτα

2221 3699 2313 3748 τὸν
2353 3695 2584 3765 σταυρὸν
2613 3694 2917 3764 βαστάζων,
2953 3693 3047 3744 καὶ
3079 3690 3389 3745 ἀκολουθῶν
3439 3690 3516 3760 τῷ
3565 3693 3810 3764 Σωτῆρι,

2222 3778 2329 3833 τῶν
2368 3777 2421 3830 δὲ
2456 3780 2583 3847 περὶ
2616 3777 2708 3832 τοῦ
2733 3780 2918 3848 ἐτέρου
2961 3773 3558 3844 ἀντιφιλονεικούντων,
3587 3777 3672 3829 ὅτι
3701 3778 3810 3832 Καὶ

2221 3856 2395 3924 οὗτος,
2429 3851 2667 3931 δεόμεθά
2698 3879 2813 3926 σου,
2837 3859 3078 3912 τοσαῦτα
3107 3859 3200 3911 καὶ
3234 3856 3457 3923 τοιαῦτα
3520 3859 3810 3930 σπλάγχνα

2223 3943 2541 4010 ἐπεδείξατο
2577 3947 2658 4012 είς
2686 3947 2898 4006 πάντας
2942 3944 3071 4005 τοὺς
3113 3941 3423 4012 δεομένους,
3470 3941 3545 4006 ὼς
3581 3943 3678 3996 καὶ
3728 3948 3808 4008 εἰς

2221 4031 2392 4095 αύτάς
2450 4032 2552 4094 τὰς
2585 4030 2895 4099 λεωφόρους
2941 4027 3296 4098 ἐξερχόμενον
3354 4027 3655 4096 καθῆσθαι,
3716 4030 3809 4085 καὶ

2226 4114 2356 4178 τοὺς
2391 4113 2745 4184 θλιϐομένους
2799 4113 3054 4179 συνάγειν
3099 4111 3195 4164 καὶ
3243 4111 3539 4180 ἐπαρκεῖν·
3603 4110 3700 4163 καὶ
3747 4111 3807 4164 ού

2226 4200 2387 4269 μόνον
2428 4203 2528 4270 τὴν
2569 4200 2705 4253 ἰδίαν
2736 4197 2916 4270 ψυχὴν
2949 4198 3242 4258 ἀνέπαυεν,
3295 4195 3430 4247 άλλά
3489 4193 3589 4248 καὶ
3629 4195 3807 4248 ἄλλων

2226 4285 2457 4348 πολλῶν,
2490 4285 2823 4354 νοσοκομῶν,
2854 4283 2950 4336 καὶ
2978 4280 3286 4346 ἐπικουρῶν
3315 4295 3328 4308 ·
3362 4278 3510 4347 λέγει
3553 4281 3742 4343 αὐτοῖς
3779 4283 3807 4338 ό

2229 4371 2501 4439 μακάριος
2541 4367 2772 4438 Παμϐὡ·
2803 4367 2972 4420 Πάλιν
3008 4367 3136 4436 ὑμῖν
3167 4363 3307 4434 ἐρῶ·
3338 4362 3641 4432 ἀμφότεροί
3670 4368 3807 4416 εἰσιν

2148 4469 2192 4525 ι)
2225 4456 2326 4506 ίσοι
2381 4453 2516 4524 πρὸς
2563 4452 2655 4508 10v
2686 4451 2913 4523 Κύριον·
2960 4451 3191 4504 ἕκαστον
3233 4447 3289 4500 δὲ
3331 4447 3485 4517 ὑμῶν
3530 4447 3804 4518 πληροφο-

2223 4541 2374 4609 ρήσω
2403 4538 2531 4608 περὶ
2556 4537 2758 4593 αὐτῶν.
2792 4532 2958 4600 Οὗτος
2991 4537 3040 4588 εί
3079 4533 3154 4605 μὴ
3183 4534 3340 4606 ήσκει
3366 4531 3608 4604 τοσαύτῃ
3633 4535 3801 4604 ἀκρό-

2219 4640 2362 4694 τητι,
2397 4622 2499 4676 οὑκ
2567 4622 2633 4676 ἂν
2665 4622 2882 4690 ἐγένετο
2933 4620 3081 4687 ἄξιος
3112 4622 3176 4690 τῇ
3210 4616 3302 4670 τοῦ
3334 4616 3591 4688 Σωτῆρος
3641 4619 3802 4688 ήμῶν

2218 4707 2514 4777 ἀγαθότητι
2572 4706 2952 4776 συγκριθῆναι.
3002 4704 3238 4767 Ἐκεῖνος
3289 4701 3451 4757 πάλιν
3501 4701 3804 4758 ἀναπαύων

2218 4791 2343 4854 τοὺς
2380 4789 2588 4855 ξένους,
2623 4791 2716 4842 καὶ
2747 4792 2858 4850 τοῖς
2884 4789 3157 4858 δεομένοις
3175 4786 3462 4849 διακονῶν,
3487 4786 3800 4856 ἰσόρροπος,

2220 4870 2362 4923 κατά
2394 4869 2648 4938 δύναμιν,
2697 4870 2790 4921 τοῦ
2824 4868 3028 4939 Κυρίου
3061 4865 3457 4919 ἀναδέδεικται.
3488 4865 3661 4927 Αὐτὸς
3688 4866 3800 4935 γάρ

2219 4954 2392 5022 λέγει·
2444 4954 2585 5022 Ἐγὼ
2618 4953 2716 5004 οὐκ
2741 4948 2903 5022 ἦλθον
2932 4949 3342 5020 διακονηθῆναι,
3368 4947 3507 5001 άλλά
3549 4949 3787 5017 διακονῆ·

2223 5054 2332 5090 σαι.
2369 5037 2626 5098 Διάκονος
2649 5036 2724 5088 ῶν
2759 5029 3052 5098 xal061o;,
3079 5034 3127 5084 εἰ
3168 5033 3262 5086 καὶ
3301 5031 3452 5086 δοκεῖ
3494 5033 3556 5084 τὸ
3597 5034 3662 5086 ἐκ
3707 5032 3799 5084 τοῦ

2224 5122 2391 5175 κόπου
2413 5121 2558 5191 ἐχειν
2587 5121 2826 5190 φορτίον,
2879 5118 3012 5170 ἀλλά
3045 5119 3136 5170 καὶ
3186 5119 3287 5185 τὴν
3322 5115 3454 5187 παρ’
3473 5116 3616 5169 αὑτά
3654 5111 3799 5185 εἶχεν

2221 5209 2550 5263 ἀνάπαυσιν.
2597 5203 2916 5269 Ἑκδέξασθε
2945 5203 2998 5257 δὲ
3027 5201 3248 5272 μικρὸν,
3287 5201 3376 5270 ἵνα
3399 5202 3493 5254 καὶ
3517 5202 3666 5272 παρά
3704 5200 3796 5252 τοῦ

2218 5291 2354 5346 Θεοῦ
2411 5291 2655 5362 δέξωμαι
2699 5289 2796 5360 τὴν
2847 5290 2974 5359 περὶ
3031 5288 3213 5341 αὐτῶν
3279 5287 3655 5357 ἀποκάλυψιν·
3702 5285 3798 5339 καὶ

2223 5375 2359 5446 μετά
2391 5376 2566 5429 ταῦτα
2615 5375 2858 5434 ἐλθόν-τες
2920 5370 3255 5441 μαθήσεσθε.
3307 5371 3653 5434 Διαλιπόντες
3702 5363 3798 5422 οὖν

2219 5457 2407 5526 ὀλίγας
2437 5459 2672 5530 ἡμέρας,
2703 5453 2866 5526 ⁴ἦλθον
2893 5455 3057 5510 πάλιν
3084 5455 3214 5526 περὶ
3259 5454 3465 5508 τούτων
3504 5454 3597 5508 τὸν
3625 5454 3796 5524 μέγαν

2221 5541 2690 5613 παρακαλοῦντες.
2730 5540 2792 5592 ’0
2818 5540 2873 5592 δὲ
2903 5541 3175 5611 μακάριος
3215 5539 3554 5611 ἀπεκρίνατο
3578 5578 3593 5600 ,
3623 5539 3795 5606 λέγων

2221 5631 2421 5694 αὐτοῖς,
2455 5628 2530 5691 ῶς
2575 5629 2699 5680 Ἐπὶ
2738 5626 2872 5678 Θεοῦ
2907 5627 3249 5698 ἀμφοτέρους
3295 5621 3435 5681 εἶδον
3479 5625 3593 5696 ἅμα
3634 5623 3792 5686 ἑστῶ-

2221 5730 2316 5776 τας
2351 5713 2407 5766 ἐν
2433 5711 2509 5781 τῷ
2553 5711 2882 5784 παραδείσῳ,
