4060 6536
1519 264 1836 329 HISTORIA
1873 257 2221 318 LAUSIACA.
3350 250 3486 306 1038

1068 400 1281 467 inquam
1321 402 1379 449 et
1427 390 1639 446 beatum
1682 387 1813 441 Eva-
1848 379 1899 440 Α
1923 396 2071 450 ergo,
2097 379 2279 443 frater,
2309 376 2470 429 vitam
2500 371 2874 441 aggrediamur
2917 367 3294 426 monasticam,
3333 368 3390 416 ut
3438 365 3497 414 et

1041 449 1254 551 Adeste,
1290 486 1467 542 videte
1509 477 1823 547 novum_.lub
1927 449 2094 542 patris
2121 467 2287 522 nostri
2316 466 2581 520 lucremur
2609 460 2908 523 facultates,
2953 466 3006 510 et
3035 464 3245 509 nostras
3287 449 3499 505 animas

1928 540 2033 617 non
2066 559 2371 629 perdamus.
2401 553 2606 609 Placuit
2639 565 2767 618 ergo
2790 549 3025 616 utrisque
3047 558 3241 613 scopus
3270 540 3497 596 vitaeso-

1931 654 2142 716 litariae,
2174 649 2267 704 sed
2299 645 2502 702 inventi
2529 650 2651 697 sunt
2692 640 2829 694 alius
2858 639 2910 692 in
2965 636 3069 690 alio
3114 635 3501 700 discrepantes.

1932 742 2064 799 Cum
2099 741 2275 809 itaque
2314 736 2571 808 pecunias
2599 732 2924 794 divisissent,
2976 735 3031 781 et
3071 724 3275 791 reliqua
3302 721 3500 782 omnia,

1936 832 2077 886 hunc
2107 807 2442 898 quidemisibi
2481 836 2700 891 scopum
2729 825 3142 889 preposuerunt,
3165 820 3223 866 ut
3253 811 3363 865 Deo
3392 807 3505 877 plac

1939 930 2140 981 cerent,
2182 917 2277 972 sed
2306 916 2518 969 diverso
2548 912 2670 965 vine
2692 909 2953 963 instituto.
2986 900 3299 981 Unuqenim
3327 895 3505 953 omnia

1940 1011 2273 1077 diSpcrgens,
2317 1006 2463 1059 dedit
2486 986 2916 1065 monasteriis,et
2962 986 3230 1055 ecclesiis,
3255 998 3311 1045 et
3332 1000 3508 1042 cusm»

1941 1102 2064 1165 diis,
2095 1109 2150 1154 et
2174 1112 2293 1152 cum
2325 1105 2492 1150 artem
2534 1091 2824 1151 didicisset,
2852 1104 2918 1145 ex
2945 1103 3043 1154 qua
3068 1085 3169 1139 sibi
3198 1094 3387 1151 panem
3417 1092 3510 1147 pa-

1945 1200 2107 1253 raret,
2151 1185 2519 1242 exercitationi
2550 1196 2766 1251 operam
2808 1180 2969 1233 dabat
2993 1188 3045 1230 et
3076 1172 3330 1227 orationi.
3368 1169 3513 1223 Alter

1945 1290 2120 1336 autem
2148 1278 2263 1346 ejus
2283 1276 2414 1330 nihil
2437 1274 2706 1342 dispersit,
2737 1270 2828 1324 sed
2861 1269 3002 1322 facto
3031 1265 3131 1319 sibi
3170 1258 3515 1317 monasterio,

1947 1381 2002 1425 et
2042 1365 2223 1435 paucis
2248 1364 2535 1431 assumptis
2584 1361 2853 1423 fratribus,
2881 1356 3173 1427 quemlibet
3223 1350 3518 1420 excipiebat

1950 1462 2233 1530 hospitem,
2264 1455 2553 1528 quemlibet
2600 1452 2822 1508 curabat
2848 1458 3126 1519 azgrotum,
3168 1442 3411 1517 quemvis
3436 1457 3521 1497 se-

278 1534 405 1566 ...“
436 1534 557 1550 νων
585 1534 856 1548 ...ν.....υ....
892 1534 1027 1545 ην..
1053 1534 1135 1544 ν-.
1261 1534 1391 1541 _--__
1715 1534 1728 1549 κ
1804 1534 1844 1547 ,,

278 1586 334 1642 in
367 1600 470 1653 qua
514 1584 733 1639 sedebat
761 1581 995 1647 assidue,
1036 1588 1098 1634 ut
1137 1578 1227 1647 qui
1272 1591 1378 1631 non
1410 1582 1586 1642 posset
1630 1571 1684 1625 in
1712 1570 1849 1625 lecto
1951 1569 2075 1608 "8m
2128 1550 2417 1610 τθῑῖηειηῑο
2452 1546 2621 1600 Willis
2663 1540 2881 1613 Pauperi
2924 1539 3127 1603 dabat;
3185 1534 3421 1591 sabbato
3465 1540 3522 1586 ει

367 1623 470 1653 ψ...
515 1623 733 1639 seu...“
761 1623 995 1647 ..-.........,
1044 1623 1098 1634 ...
1138 1623 1227 1647 .,_.
1273 1623 1377 1631 ..-η
1411 1623 1585 1642 ,.-__--
1713 1623 1756 1625 __

276 1676 619 1737 accumbere,
662 1681 879 1742 propter
903 1686 963 1725 ea
996 1685 1116 1740 qua:
1144 1677 1266 1723 sunt
1287 1665 1495 1735 corpori
1524 1661 1846 1718 necessaria.

1988 1641 2248 1704 inminica,
2273 1648 2384 1694 tres
2422 1646 2513 1691 aut
2541 1644 2767 1704 quatuor
2790 1645 3003 1687 mensas
3024 1637 3283 1693 statuens,
3311 1638 3406 1681 eos
3429 1623 3523 1693 qui

2300 1731 2307 1742 .
2442 1729 2454 1741 .
2498 1728 2509 1739 .
2551 1728 2563 1742 .
2621 1734 2635 1742 .
2692 1724 2798 1742 η--
2835 1722 2986 1742 μμ-
3018 1722 3174 1742 -ε.--.
3219 1731 3367 1742 -..-...
3398 1728 3523 1742 Mn,

277 1722 619 1737 "ww".-.
666 1722 869 1742 ,ν--τη-
908 1722 961 1725 -ν
1002 1722 1109 1740 γη
1150 1722 1159 1723 κ
1384 1722 1397 1735 ,

277 1766 414 1823 Cum
442 1774 621 1820 autem
653 1763 921 1817 laboraret
965 1761 1066 1815 hoc
1104 1758 1298 1814 morbo
1328 1754 1721 1817 immedicabili,
1751 1766 1853 1806 me-
1883 1744 1931 1804 B
1957 1743 2111 1789 3'1"“
2153 1731 2311 1802 θςεηί
2341 1728 2658 1796 emiPlebi“-
2692 1724 2804 1779 “00
2834 1722 2991 1777 πιοάο
3018 1722 3177 1775 Vitam
3218 1731 3370 1773 suam
3397 1728 3526 1769 (⁵0³⁸·

284 1860 513 1914 debatur
539 1857 657 1912 aliis
686 1857 773 1924 qui
797 1855 1115 1912 tenebantur
1139 1851 1412 1921 quibusvis
1434 1846 1851 1919 egritudinibus;

1988 1824 2202 1895 umpsit.
2248 1821 2521 1876 Ambobus
2557 1828 2731 1873 autem
2762 1816 3007 1879 mortuis,
3041 1813 3266 1867 diversas
3297 1809 3527 1865 beatitu-

1997 1919 2008 1924 -
2224 1917 2236 1924 .
2420 1915 2434 1924 .
2477 1913 2488 1924 ι
2590 1922 2596 1924 Α
2755 1910 2777 1924 ιι
2839 1917 2850 1924 .
2889 1909 2922 1924 οι
2985 1922 3000 1924 -
3084 1914 3240 1924 ΛΑ-.-
3277 1900 3409 1924 ...η-Δ
3442 1911 3495 1924 -.τι

284 1900 503 1914 ..νυ-η..
539 1900 657 1912 -..η
686 1900 773 1924 .,...
800 1900 1105 1912 ,νη-..-νη
1143 1900 1409 1921 ,-----.,,
1436 1900 1511 1919 --ο
1550 1900 1553 1901 ν

282 1951 654 2008 Necessarium
680 1950 859 2018 itaque
874 1946 1022 2013 duxi,
1049 1944 1289 2000 morbum
1312 1942 1467 2010 hujus
1494 1939 1661 1994 sancti
1694 1950 1858 2006 expo-

1997 1919 2110 1972 ines
2138 1917 2377 1981 utrisque
2404 1913 2668 1968 dabantur
2696 1926 2725 1963 a
2754 1909 3005 1964 fratribus
3023 1949 3036 1970 ,
3062 1914 3245 1974 utpote
3271 1900 3409 1973 quod
3438 1911 3527 1954 es-

2065 2016 2071 2018 Α
2119 2008 2129 2018 .
2281 2004 2313 2018 ,ο
2437 2004 2448 2018 ι
2581 2002 2591 2011 ο
2632 2010 2734 2018 .,,._
2794 1996 3008 2018 ‘__r_-.:
3051 2012 3062 2018 -
3099 2004 3142 2018 ,ιι
3177 1994 3291 2018 λιιι..
3317 1991 3525 2018 ι..ιέι-1η...

287 1991 654 2008 ι“ι⁴νυῠσιιιιυιιι
680 1991 1022 2018 ιυ-Ὶι-νυκσ--ν
1049 1991 1288 2000 u--:-——-_-
1314 1991 1464 2010 ---δν-τ
1495 1991 1532 1994 -ν
1563 1991 1566 1992 ν
1603 1991 1606 1992 ν
1634 1991 1640 1992 ,
1766 1991 1779 2006 .

287 2058 440 2110 nere,
470 2058 537 2098 ne
576 2041 728 2098 nobis
757 2040 990 2093 alienum
1018 2035 1279 2098 videatur.
1328 2033 1372 2087 si
1407 2030 1535 2085 viris
1560 2029 1716 2098 justas
1754 2026 1857 2080 an-
1959 2016 2077 2063 sent
2119 2004 2315 2059 inventi
2347 2004 2502 2057 ambo
2546 2002 2740 2055 virtute.
2793 1996 3011 2066 perfecti
3051 2012 3064 2048 ε
3095 2004 3149 2049 et
3176 1994 3293 2047 aliis
3315 1991 3526 2061 quidem

1999 2101 2012 2110 .
2117 2100 2129 2110 .
2190 2107 2198 2110 _
2270 2097 2301 2110 ο-
2405 2096 2414 2106 -
2575 2092 2621 2110 ηε
2664 2089 3093 2110 _-,-s__.:-_--_-s-
3142 2085 3259 2110 ..1ιέη
3300 2096 3424 2110 ..Α-Λ
3469 2096 3526 2110 οη

268 297 401 355 i037

258 412 411 481 byter
454 406 649 463 montis
690 405 888 470 Nitriae,
929 417 1014 456 me

259 504 477 573 grium,
546 498 682 556 dicit
751 494 912 551 nobis
971 508 985 545 :

261 592 350 660 qui
379 593 431 646 in
462 596 608 644 tanto
632 585 871 656 corporis
897 582 1084 637 morbo
1110 589 1164 635 et
1191 585 1337 632 tanto
1368 585 1572 629 tumore
1601 572 1827 624 immeno

263 700 377 738 sam
409 682 568 737 habet
593 677 899 747 patientiam
927 689 1045 729 cum
1077 670 1362 742 gratiarum
1392 663 1619 720 actione.
1660 662 1828 715 Acce-

264 774 453 828 dentes
480 783 608 838 ergo
634 766 859 821 vidimus
889 773 1087 819 tantam
1118 761 1310 815 molem
1337 756 1453 825 ejus
1481 749 1740 820 corporis,
1770 754 1832 800 ut

267 878 488 934 parvum
516 859 632 931 ejus
660 858 879 928 digitum
914 871 1021 910 non
1050 863 1322 923 possemus
1348 842 1629 913 complecti
1656 840 1832 910 digitis

266 956 489 1009 duarum
513 963 786 1004 manuum.
821 946 952 1001 Cum
981 953 1159 998 autem
1191 938 1360 994 morbi
1388 936 1702 1006 gravitatem
1727 944 1833 983 non

268 1057 549 1113 possemus
575 1040 694 1095 lixis
736 1037 904 1093 oculis
935 1033 1145 1097 intueri,
1180 1039 1390 1086 nostros
1418 1028 1598 1082 oculos
1627 1030 1836 1078 averte-

272 1140 479 1192 bamus.
535 1133 687 1188 Tunc
714 1130 843 1186 dicit
928 1129 1084 1183 nobis
1148 1125 1338 1181 beatus
1384 1121 1472 1176 ille
1519 1117 1836 1187 Benjamin:

270 1228 451 1291 Orate,
483 1223 598 1289 lilii,
632 1238 700 1276 ne
746 1234 897 1275 meus
940 1218 1180 1273 internus
1210 1216 1370 1269 homo
1399 1211 1469 1268 sit
1495 1206 1838 1281 hydropicus.

273 1317 385 1371 Hoc
411 1313 552 1369 enim
601 1325 795 1377 corpus
822 1323 994 1379 neque
1016 1322 1136 1362 cum
1177 1306 1314 1361 bene
1358 1317 1418 1358 se
1447 1301 1686 1361 haberet,
1716 1293 1843 1351 mihi

274 1406 563 1476 quidquam
596 1401 813 1472 profuit,
846 1413 1019 1469 neque
1063 1412 1182 1452 cum
1240 1395 1395 1458 male,
1441 1406 1526 1447 me
1553 1389 1705 1445 hesit.
1743 1385 1847 1440 Illis

273 1511 406 1566 ergo
436 1502 558 1550 octo
585 1491 856 1548 mensibus
891 1491 1027 1545 facta
1050 1498 1135 1544 est
1162 1487 1234 1541 illi
1261 1486 1391 1541 sella
1421 1483 1675 1538 latissima
1711 1478 1846 1549 (55),

285 2137 410 2207 quis
442 2148 599 2189 casus
642 2130 871 2186 accidat.
920 2127 1147 2197 Egregia
1192 2139 1319 2193 ergo
1348 2122 1439 2176 illo
1466 2120 1580 2174 viro
1627 2124 1855 2181 mortuo,

289 2228 561 2283 sublatum
587 2234 669 2278 est
708 2223 867 2278 limen
910 2219 1032 2275 osni
1066 2225 1120 2272 et
1149 2225 1352 2285 postes,
1383 2220 1439 2267 ut
1462 2218 1642 2280 posset
1670 2220 1861 2274 corpus

293 2317 478 2373 efferri
506 2332 571 2371 ex
601 2315 757 2370 cella.
790 2313 957 2367 Tanta
1009 2316 1126 2366 erat
1150 2306 1320 2362 moles
1355 2301 1596 2373 corporis
1643 2299 1778 2355 beati
1813 2306 1864 2352 et

293 2407 482 2479 inclyti
512 2405 676 2476 patris
709 2400 1005 2471 Benjamin.

884 2530 1109 2589 CAPUT
1141 2529 1282 2585 XIV.

306 2654 426 2708 Vita
451 2651 711 2725 Apollonii
734 2649 846 2717 (56)
879 2648 967 2725 ιιιιὶ
1009 2641 1463 2725 cognominabatur
1488 2638 1592 2694 ἀπὸ
1626 2655 1871 2710 πραγμα-

642 2710 849 2779 «est;
874 2710 925 2771 ill
956 2727 1030 2772 est
1060 2710 1091 2770 ἆ
1134 2710 1550 2785 ησθοιὶαιονὶὺιιι.

375 2865 600 2934 Quidam
655 2861 967 2930 Apollonius
1010 2856 1225 2912 nomine
1282 2855 1383 2908 ἀπὸ
1449 2854 1875 2925 mugienti-teras,

308 2960 364 3015 ω
402 2966 503 3022 est,
551 2971 577 3009 a
610 2952 1043 3023 negotia'otibus,
1090 2964 1213 3005 cum
1254 2946 1453 3002 mundo
1502 2942 1879 3002 renuntiasset,

308 3063 368 3111 et
398 3059 628 3104 montem
673 3046 856 3101 Nili-ia:
896 3042 1220 3103 habitasset,
1254 3048 1305 3093 et
1352 3053 1447 3092 nec
1478 3048 1644 3091 artem
1672 3033 1881 3088 discere

312 3150 515 3211 pusset,
546 3154 645 3193 nec
668 3139 889 3201 litteras,
922 3134 1061 3204 quod
1090 3142 1244 3187 aetate
1274 3137 1417 3185 esset
1456 3136 1760 3197 provectus,
1808 3123 1883 3178 vi-
1912 3112 1959 3176 C
1992 3104 2054 3158 El
2081 3116 2198 3155 cum
2231 3098 2320 3152 3m
2351 3095 2475 3165 (μιίά

308 3232 446 3301 giuti
474 3228 626 3285 anuis
655 3227 845 3297 quibus
874 3225 1005 3277 vixit
1045 3223 1095 3278 in
1127 3228 1327 3284 monte,
1360 3219 1495 3271 hunc
1524 3214 1707 3269 habuit
1728 3228 1886 3269 exer-

314 3323 646 3378 citationem.
675 3319 798 3373 Suis
848 3315 1086 3386 pecuniis
1126 3325 1181 3368 et
1225 3312 1336 3367 suis
1382 3310 1650 3365 laboribus
1702 3320 1887 3360 emens

319 3411 653 3469 Alexandria:
684 3423 806 3462 vasa
840 3405 1039 3460 medica
1072 3418 1228 3456 omne
1252 3415 1420 3469 genus
1463 3398 1601 3469 ('57),
1626 3396 1889 3450 universas

319 3500 639 3558 fraternitati
693 3514 756 3553 ea
808 3493 1178 3565 suppeditabat
1228 3490 1292 3543 ad
1324 3489 1538 3543 morbos
1570 3502 1584 3540 :
1616 3496 1669 3541 et
1699 3484 1892 3538 licebat

319 3608 445 3648 eum
473 3591 653 3645 videre
676 3604 703 3641 a
737 3587 906 3653 prima
935 3586 1051 3638 luce
1080 3596 1244 3651 usque
1270 3580 1333 3633 ad
1367 3578 1550 3633 horam
1583 3591 1775 3629 nonam
1806 3575 1893 3628 di-

322 3690 655 3736 scurrentem
693 3676 939 3732 obeundo
988 3675 1329 3736 monasteria,
1376 3683 1431 3726 et
1478 3670 1672 3723 ostium
1719 3668 1896 3737 ingre-

324 3774 583 3838 dientem,
615 3780 668 3826 et
692 3771 952 3825 visentem
971 3782 1095 3821 num
1122 3765 1237 3834 quis
1260 3762 1623 3817 decumberet.
1650 3757 1899 3813 Portabat

322 3871 507 3920 autem
537 3876 690 3915 uvam
725 3873 957 3930 passam,
991 3856 1128 3910 mala
1154 3853 1359 3922 punica,
1393 3866 1512 3915 ova,
1566 3864 1752 3917 panem
1791 3847 1900 3900 sili-

324 3955 567 4024 glneum,
601 3960 653 4006 et
682 3966 744 4005 ea
772 3948 962 4019 quibus
993 3960 1127 4015 Opus
1151 3945 1349 3998 habent
1382 3942 1589 4010 aegroti.
1620 3940 1764 3994 Hanc
1800 3935 1901 3991 sibi

327 4046 696 4099 conferentem
731 4042 934 4097 invenit
960 4040 1083 4095 vita:
1113 4040 1373 4092 rationem
1406 4050 1573 4104 usque
1598 4033 1661 4087 ad
1698 4030 1901 4085 senium

326 4138 529 4193 Christi
578 4148 785 4190 servus.
816 4135 913 4198 Qui
943 4148 1061 4187 cum
1094 4136 1237 4183 esset
1286 4127 1593 4187 rnoritnrus,
1628 4120 1778 4176 alteri
1806 4119 1905 4173 sibi

326 4227 495 4281 simili
521 4239 614 4280 sua
636 4223 854 4293 reliquit
881 4221 1089 4286 frivola,
1116 4234 1309 4282 rogans
1337 4232 1456 4269 eum
1483 4224 1536 4269 ut
1564 4213 1706 4268 idem
1737 4210 1911 4264 obiret

332 4318 711 4373 ministerium.
746 4315 875 4368 Nam
901 4329 1019 4367 cum
1047 4311 1284 4381 quinque
1330 4307 1497 4361 millia
1525 4303 1906 4359 monachorum

335 4411 489 4467 illum
546 4421 779 4463 montem
822 4407 1084 4470 habitent,
1130 4404 1220 4458 tali
1249 4416 1460 4472 quoque
1489 4412 1622 4470 opus
1647 4404 1728 4452 est
1757 4407 1911 4451 cura«

337 4504 509 4570 tione,
531 4500 671 4572 quod
699 4500 771 4556 sit
797 4500 945 4555 locus
975 4496 1241 4552 desertus.

810 4610 1054 4667 CAPITA
1084 4607 1174 4664 XV
1212 4606 1295 4661 ET
1320 4603 1461 4663 XVI.

763 4725 879 4781 Vita
906 4723 1086 4780 Pwesii
1116 4730 1162 4775 et
1200 4717 1359 4773 Isaia:
1390 4714 1529 4782 (38).

420 4864 523 4919 Alii
546 4860 782 4918 Paesius
811 4868 865 4914 et
894 4856 1061 4912 Isaias
1091 4853 1306 4909 nomine
1336 4849 1549 4904 fuerunt
1583 4846 1797 4909 fratres,
1834 4858 1925 4912 pa-

342 4966 430 5011 tre
457 4962 753 5009 mercatore
784 4948 1065 5020 llispanico
1091 4945 1236 5017 (59),
1266 4941 1354 5009 qui
1381 4938 1593 5009 quidem
1634 4949 1753 4990 cum
1777 4941 1926 5002 pater

342 5061 539 5104 eorum
567 5052 708 5099 esset
731 5050 992 5103 mortuus,
1039 5037 1335 5093 diviserunt
1362 5030 1641 5085 facultates
1670 5039 1802 5094 quas
1831 5022 1927 5076 ha-

350 5138 554 5192 bebant
610 5134 664 5188 in
712 5131 1031 5187 mobilibus:
1065 5131 1118 5183 in
1165 5124 1400 5181 nummis
1437 5120 1653 5192 quidem
1695 5116 1927 5186 quinque

348 5228 548 5292 millia,
580 5226 630 5280 in
652 5223 887 5278 vestibus
913 5230 1088 5274 autem
1118 5226 1174 5271 et
1200 5216 1367 5271 servis
1395 5226 1513 5282 quae
1559 5209 1771 5263 iuventa
1817 5204 1931 5256 fne-

350 5329 498 5377 rnnt.
550 5317 587 5372 li
620 5317 759 5371 inter
800 5328 859 5369 se
898 5310 1290 5372 deliberatum,
1322 5314 1376 5360 et
1410 5302 1510 5357 sibi
1560 5299 1923 5356 consulentes,

344 5410 604 5466 dicebant
634 5426 645 5462 :
671 5407 946 5474 Quodnam
979 5403 1098 5456 vitae
1129 5401 1229 5455 iter
1256 5394 1634 5467 ingredicmur,
1663 5407 1696 5444 ο
1726 5385 1930 5443 frater?

343 5506 411 5561 Si
450 5514 797 5558 exerceamus
821 5503 1178 5553 mercaturam
1205 5504 1360 5559 quam
1392 5495 1542 5557 pater
1566 5492 1747 5538 noster
1770 5492 1926 5534 exer-

346 5597 491 5661 cuit,
525 5610 626 5650 nos
648 5592 1010 5661 relinquemus
1037 5586 1159 5640 aliis
1198 5588 1409 5637 nostros
1440 5576 1668 5639 labores,
1699 5583 1751 5628 et
1796 5570 1935 5625 forte

348 5688 659 5747 incidemus
702 5683 754 5739 in
797 5678 1032 5753 pericula
1076 5677 1160 5733 vel
1195 5676 1458 5731 latronum
1490 5669 1571 5727 vel
1614 5664 1793 5723 maris.
1826 5665 1934 5730 Age

1962 2100 2205 2169 placebat
2233 2097 2341 2151 vita
2368 2096 2502 2163 ejus,
2536 2092 2623 2160 qui
2663 2089 3095 2150 renuntiaverat;
3142 2085 3260 2137 aliis
3300 2096 3424 2135 vero
3468 2096 3529 2131 ea

1964 2205 2080 2258 qua:
2122 2184 2547 2243 communicabat
2595 2180 2840 2235 omnibus
2889 2176 3187 2245 egentibus.
3239 2171 3371 2224 Cum
3403 2183 3532 2237 ergo

1966 2281 2104 2335 inter
2163 2277 2353 2331 fratres
2419 2272 2692 2327 incidisset
2740 2267 3034 2329 contentio,
3082 2270 3307 2332 propter
3347 2259 3535 2312 horum

1967 2373 2240 2427 beatorum
2284 2366 2552 2421 diversum
2618 2360 2741 2415 vita:
2808 2359 3105 2414 institutum
3138 2396 3151 2415 ,
3203 2362 3254 2405 et
3305 2348 3537 2403 maxime

1971 2474 2188 2536 promer
2211 2461 2398 2516 laudes
2439 2459 2700 2521 diversas,
2734 2452 2935 2507 vadunt
2969 2449 3034 2503 ad
3070 2448 3283 2503 beatum
3314 2440 3538 2503 Pambo,

1971 2566 2026 2611 et
2076 2554 2141 2608 ad
2189 2568 2309 2606 eum
2353 2549 2624 2610 referunt,
2692 2552 2748 2599 ut
2799 2542 2865 2596 de
2908 2540 3005 2593 hac
3060 2551 3119 2591 re
3182 2530 3540 2598 respondeat,

1974 2648 2211 2702 volentes
2241 2644 2379 2699 scire
2407 2650 2646 2694 utranam
2689 2638 2757 2689 sit
2801 2632 2992 2688 melior
3032 2629 3153 2683 vita:
3184 2625 3339 2679 ratio.
3372 2620 3419 2674 Is
3448 2634 3547 2672 au-

1978 2749 2083 2796 tem
2118 2737 2195 2792 eis
2221 2733 2387 2790 dicit:
2423 2728 2645 2798 Utrique
2670 2735 2796 2780 sunt
2822 2720 3041 2791 perfecti
3071 2716 3207 2785 apud
3245 2714 3432 2767 Deum.
3460 2707 3547 2763 Al-

1980 2841 2061 2887 ter
2082 2828 2295 2902 quidem
2344 2825 2553 2879 functus
2585 2829 2667 2875 est
2692 2831 2909 2872 munere
2958 2811 3203 2874 Abrahae,
3249 2807 3337 2876 qui
3364 2815 3551 2858 omnes

1983 2899 2319 2991 excipiebat;
2346 2916 2481 2970 alter
2521 2928 2646 2966 vero
2677 2908 2913 2976 suscepit
2957 2899 3315 2958 ﬁrmissimum
3347 2903 3402 2951 et
3428 2906 3551 2948 con-

1985 2987 2372 3067 stantissimum
2398 3005 2568 3058 zelum
2603 3001 2730 3055 Elim
2760 2996 3053 3067 prophetae,
3082 2998 3140 3045 ut
3172 2991 3279 3044 Deo
3301 2987 3554 3056 placeret.

2481 3110 2564 3148 em
2594 3093 2641 3148 ei
2672 3090 2914 3145 dicerent
2945 3105 2956 3138 :
2989 3080 3265 3151 Quomodo
3298 3076 3411 3132 ﬁeri
3461 3090 3554 3142 po-

1993 3204 2126 3258 test,
2154 3194 2266 3257 dic,
2299 3200 2625 3258 qnmsnmus,
2659 3181 2812 3236 nobis
2844 3176 3003 3247 pedes
3036 3184 3154 3227 tuos
3180 3166 3565 3251 attingentibus

1994 3244 2130 3357 (40),
2164 3292 2219 3336 ut
2250 3244 2441 3333 lii-sint
2466 3244 2717 3344 aequales.
2755 3244 2990 3338 Cumque
3023 3264 3113 3317 alii
3154 3244 3563 3317 exercitatorem

1994 3352 2307 3444 praeferrent
2330 3380 2383 3425 et
2408 3369 2681 3422 dicerent:
2711 3363 3040 3424 Praeceptum
3070 3352 3303 3422 implevit
3332 3364 3563 3418 evange-

1999 3461 2362 3530 licum,utqui
2387 3458 2563 3512 omnia
2594 3450 2885 3508 \Cllditiel‘il
2918 3458 2968 3502 et
2991 3445 3197 3501 dederit
3226 3438 3564 3512 pauperibus.

2001 3567 2158 3609 noctu
2197 3562 2251 3608 et
2281 3552 2369 3605 diu
2402 3560 2747 3619 perseverans
2777 3542 2829 3596 in
2867 3536 3215 3598 orationibus,
3258 3546 3469 3587 crucem
3495 3528 3569 3581 [θη

2000 3662 2140 3709 reus,
2178 3653 2231 3698 et
2256 3654 2482 3710 sequens
2511 3638 2881 3696 Servatorcm;
2912 3640 3095 3684 contra
3139 3633 3313 3677 autem
3364 3619 3451 3673 alii
3499 3618 3569 3671 de

2000 3741 2167 3792 altero
2192 3733 2595 3793 contenderent,
2638 3727 2875 3781 dicentes
2907 3737 2924 3775 :
2953 3720 3065 3782 llic,
3098 3716 3441 3769 obsecramus
3490 3717 3565 3769 te,

2005 3836 2081 3882 lnl
2111 3834 2163 3879 et
2194 3824 2315 3878 talia
2361 3822 2565 3876 viscera
2598 3812 2833 3870 ostendit
2886 3810 2938 3863 in
2989 3820 3175 3861 omnes
3223 3811 3462 3872 egentes,
3521 3806 3574 3849 ut

2004 3916 2176 3971 exiret
2220 3922 2273 3968 et
2313 3911 2524 3965 sederet
2555 3909 2605 3960 in
2654 3907 2750 3957 viis
2778 3901 2956 3969 regiis,
3012 3905 3065 3952 et
3097 3895 3186 3966 qui
3217 3901 3369 3947 erant
3396 3886 3577 3942 afﬂicd

2006 4009 2312 4077 colligeret,
2367 3993 2438 4055 ‘et
2510 4012 2669 4070 opem
2741 3992 2950 4057 ferret;
3024 4001 3197 4057 neque
3227 3984 3395 4039 solum
3423 3993 3571 4033 suam

2008 4094 2272 4154 recreavit
2304 4092 2557 4152 animam,
2588 4085 2681 4139 sed
2713 4082 2871 4137 etiam
2918 4079 3166 4143 aliorum,
3213 4083 3438 4142 tegrotos
3489 4084 3581 4123 cu-

2013 4203 2158 4249 rans,
2187 4194 2233 4238 et
2261 4182 2339 4236 eis
2383 4181 2516 4233 dans
2546 4172 2822 4228 auxilium.
2858 4170 2919 4223 Et
2961 4167 3089 4222 dicit
3120 4165 3304 4217 beatus
3346 4158 3580 4213 Pantho:

2016 4282 2221 4335 Rursus
2251 4273 2401 4327 vobis
2440 4269 2609 4321 dicam
2638 4283 2649 4318 :
2683 4261 2842 4317 ambo
2881 4268 3004 4315 sunt
3054 4269 3207 4325 pares
3237 4251 3373 4322 apud
3408 4249 3586 4303 Domi-
3656 4316 3660 4320 .

2018 4385 2167 4433 num,
2221 4362 2503 4432 unicuique
2534 4368 2711 4413 autem
2757 4361 2990 4407 vestrum
3036 4348 3104 4402 de
3144 4346 3206 4399 iis
3243 4339 3585 4398 satisfaciam.

1941 4482 1997 4542 Ι)
2023 4461 2117 4515 llic
2144 4457 2189 4513 si
2238 4471 2341 4511 non
2373 4464 2544 4521 usque
2577 4447 2711 4503 adeo
2740 4459 2800 4499 se
2848 4439 3209 4502 exercuisset,
3264 4450 3369 4488 non
3406 4430 3592 4484 fuisset

2023 4552 2213 4622 dignus
2240 4555 2296 4602 ut
2316 4547 2460 4600 illum
2494 4538 2715 4596 bonitati
2745 4535 2887 4589 illius
2928 4541 3315 4599 compararem.
3349 4525 3438 4579 Ille
3466 4537 3591 4577 rur-

2025 4612 2117 4698 sus
2138 4640 2226 4711 qui
2252 4634 2532 4693 recreabat
2579 4644 2640 4683 ac
2695 4624 2965 4681 reficiebat
3019 4619 3280 4687 hospites,
3318 4624 3373 4669 et
3415 4612 3598 4680 egenis

2029 4729 2386 4792 ministrabat,
2415 4734 2664 4781 ostensus
2692 4726 2776 4773 est
2820 4713 3041 4770 Domino
3068 4726 3164 4779 pro
3193 4708 3397 4763 viribus
3415 4719 3596 4774 aequa-

2030 4828 2117 4882 lis.
2144 4824 2258 4892 lpse
2294 4820 2434 4874 enim
2464 4815 2596 4869 dixit
2629 4831 2640 4865 :
2677 4811 2787 4878 Ego
2838 4822 2943 4860 non
2994 4804 3111 4859 veni
3163 4798 3475 4862 ministrari,
3505 4798 3600 4851 sed

2033 4889 2339 4975 ministrare
2363 4908 2581 4979 (Matth.
2616 4905 2733 4973 xx).
2768 4901 2862 4956 Hic
2888 4913 3015 4967 ergo
3054 4896 3293 4948 minister
3328 4890 3429 4945 etsi
3458 4889 3604 4943 vide-

2032 5013 2188 5065 batur
2217 5006 2415 5059 habere
2458 5013 2592 5053 onus
2638 5010 2701 5049 ex
2734 4994 2930 5052 labore,
2962 4997 3194 5042 attamen
3218 4981 3442 5050 exipso
3470 4994 3604 5048 quo-

2032 5116 2138 5170 que
2171 5096 2357 5152 habuit
2410 5087 2817 5145 recreationcm.
2843 5080 3157 5145 Exspectate
3205 5082 3380 5127 autem
3423 5069 3608 5138 paulu-

2038 5164 2169 5256 lum,
2199 5200 2308 5245 uta
2339 5186 2447 5241 Deo
2473 5195 2684 5252 quoque
2716 5177 2782 5229 de
2828 5174 2908 5226 his
2936 5171 3156 5225 habeam
3204 5164 3611 5227 revelationem,

2038 5296 2088 5339 et
2122 5288 2301 5351 postea
2332 5249 2512 5330 scietis
2538 5284 2657 5324 cum
2688 5261 2962 5319 veneritis.
2998 5255 3318 5312 Intertnissis
3349 5266 3474 5322 ergo
3503 5249 3607 5303 ali-

2041 5347 2170 5445 quot
2192 5373 2288 5427 tlie'
2315 5383 2377 5423 us
2397 5365 2694 5443 redierunt.
2717 5358 2782 5411 de
2805 5356 2886 5409 his
2908 5354 3149 5421 Magnum
3170 5347 3316 5402 illum
3340 5350 3611 5413 rogantes.

2041 5431 2217 5523 éetiex
2249 5470 2424 5516 autem
2452 5440 2728 5523 respondit
2754 5448 2881 5510 illis,
2906 5445 3088 5499 dicens
3113 5459 3127 5494 :
3153 5443 3288 5496 Ante
3310 5439 3471 5491 Deum
3500 5431 3641 5504 (ιι),

2043 5559 2193 5615 vobis
2233 5557 2449 5625 loquor;
2501 5548 2603 5603 vidi
2665 5551 2919 5610 utrosque
2971 5535 3129 5593 simul
3180 5541 3381 5590 stantes
3426 5531 3477 5585 in
3526 5545 3617 5597 pa-

2049 5650 2245 5709 radiso.
3103 5642 3150 5653 “
