4060 6570
552 302 686 366 10:9

1125 432 1347 489 CAPUT
1401 432 1557 489 XVII.
1578 480 1589 485 ,

960 544 1076 599 Vita
1107 544 1324 599 Macarii
1342 512 1568 617 junitiris
1599 543 1734 616 (te).

633 658 855 726 Quidam
879 668 1034 714 aetate
1078 659 1276 730 iunior,
1303 659 1514 713 nomine
1538 657 1796 712 Macarius
1813 696 1826 720 ,
1856 654 2042 712 decem
2066 665 2123 711 et

562 762 686 806 octo
709 767 877 806 annos
898 762 1070 816 natus,
1098 766 1219 806 eum
1245 750 1448 805 luderet
1470 765 1589 804 cum
1614 750 1722 802 suis
1743 749 2029 818 atqualibus
2056 748 2123 802 ad

566 845 737 899 lacum
766 845 854 913 qui
886 844 1079 898 dicitur
1106 842 1289 905 Maria,
1317 855 1537 909 pascens
1559 855 1749 908 pecora
1773 840 1971 895 caedem
2001 841 2125 894 fecit

567 936 992 988 involuntariam.
1021 933 1067 986 is
1096 946 1215 986 cum
1247 931 1443 985 nemini
1478 930 1578 984 hoc
1605 930 1845 994 dixisset,
1894 930 2040 984 venit
2070 930 2120 983 in

565 1023 924 1085 solitudinem,
948 1030 1003 1077 et
1031 1036 1095 1075 eo
1118 1021 1377 1089 processit
1397 1028 1536 1075 metu
1565 1029 1620 1075 et
1643 1021 1733 1073 Dei
1753 1029 1806 1072 et
1827 1018 2120 1085 hominum,

564 1122 622 1166 ut
653 1127 755 1165 non
783 1111 1011 1166 senserit
1038 1124 1096 1164 se
1128 1110 1294 1164 tribus
1346 1111 1499 1165 annis
1527 1110 1785 1164 mansisse
1820 1109 1935 1163 sine
1983 1117 2123 1163 tecto

563 1204 613 1254 in
665 1202 967 1256 solitudine.
1029 1202 1122 1256 Est
1169 1211 1344 1256 autem
1394 1202 1480 1255 illa
1531 1209 1671 1257 terra
1724 1202 1907 1267 arida,
1962 1201 2118 1270 idque

562 1292 737 1345 sciunt
762 1305 971 1356 omnes,
1001 1298 1107 1345 tam
1150 1292 1239 1360 qui
1267 1291 1537 1346 auditione
1585 1300 1922 1359 acceperunt,
1964 1306 2120 1359 quam

559 1380 648 1448 qui
671 1395 732 1434 ex
763 1382 873 1449 ipsa
902 1390 1099 1435 norunt
1121 1380 1467 1445 experientia.
1495 1380 1590 1433 llic
1610 1380 1719 1447 ipse
1742 1379 1997 1433 Macarius
2021 1377 2122 1433 sibi

560 1480 741 1539 postea
772 1471 1053 1526 aedificavit
1075 1471 1351 1534 cellulam;
1380 1479 1569 1524 etcum
1592 1470 1642 1523 iu
1667 1485 1725 1523 ea
1756 1470 2122 1523 vixissctalios

558 1562 743 1629 viginti
773 1568 828 1615 et
852 1562 1081 1630 quinque
1106 1575 1295 1625 annos,
1333 1568 1472 1613 tanta
1500 1560 1665 1629 gratia
1697 1559 1886 1627 dignus
1922 1568 2003 1612 est
2023 1560 2118 1612 ha-

559 1651 727 1716 bitus,
770 1659 826 1705 ut
870 1651 1154 1705 solitudine
1185 1649 1298 1721 (45)
1330 1648 1625 1704 delectatus
1671 1650 1965 1718 despiceret
2007 1650 2120 1705 daa-

559 1756 761 1796 mones.
793 1741 904 1811 Ego
930 1757 1047 1796 cum
1076 1756 1142 1796 eo
1171 1750 1412 1795 versatus
1460 1741 1616 1807 longo
1646 1749 1905 1809 tempore,
1947 1741 2015 1795 ab
2052 1755 2118 1796 eo

557 1836 716 1891 didici
745 1835 1011 1903 quomodo
1050 1836 1236 1889 affecta
1266 1843 1408 1888 esset
1436 1836 1551 1903 ejus
1575 1835 1709 1888 ratio
1735 1834 1802 1889 ob
1846 1842 2117 1902 peccatum

554 1926 735 1981 caedis.
769 1925 1199 1989 Dicebutautem,
1235 1935 1437 1979 tantum
1484 1925 1670 1979 abesse
1719 1933 1775 1979 ut
1804 1925 2035 1988 doleret,
2064 1933 2122 1979 ut

552 2016 710 2070 etiam
749 2015 945 2084 gratias
999 2021 1179 2082 ageret
1226 2011 1291 2064 de
1321 2011 1543 2066 crimine
1573 2010 1758 2064 caedis.
1810 2009 1928 2063 Fuit
1973 2008 2117 2063 enim

554 2107 726 2160 caedes
756 2102 1104 2158 involuntaria
1131 2100 1260 2155 mihi
1282 2115 1437 2154 causa
1453 2100 1655 2153 salutis.
1678 2098 1891 2153 Dicebat
1913 2108 2115 2164 autem,

553 2209 618 2249 ex
663 2196 948 2263 Scripturis
998 2193 1224 2247 efferens
1271 2191 1632 2245 testimonium
1673 2190 1865 2254 czedis,
1914 2206 2032 2260 quae
2087 2206 2117 2243 a

553 2301 745 2357 magno
766 2285 858 2340 Dei
891 2300 1048 2338 servo
1078 2284 1256 2351 Moyse
1302 2280 1435 2335 facta
1465 2283 1561 2335 fuit
1603 2280 1653 2334 in
1695 2280 1943 2352 Aigypto,
1977 2280 2117 2347 quod

554 2377 653 2429 nisi
681 2384 896 2444 propter
920 2374 1139 2438 caedem,
1174 2387 1222 2428 et
1250 2383 1445 2426 metum
1462 2372 1771 2438 Pharaonis,
1800 2387 1904 2427 non
1927 2372 2118 2441 dignus

556 2467 767 2521 habitus
799 2467 984 2521 fuisset
1015 2466 1222 2532 Moyses
1263 2465 1468 2519 visione
1500 2464 1726 2527 Domini,
1767 2474 1820 2518 et
1851 2473 1992 2516 tanto
2020 2464 2118 2518 doc

552 2574 640 2621 no,
674 2567 727 2613 et
754 2560 1148 2625 conscriptione
1175 2566 1478 2612 sanctorum
1510 2559 1842 2626 eloquiorum
1864 2557 2111 2626 Spiritus.

547 2649 679 2704 Nam
709 2665 829 2703 cum
860 2648 1129 2719 elfugisset
1150 2664 1214 2704 ex
1240 2648 1493 2719 zEgypto,
1527 2650 1767 2717 pervenit
1795 2650 1846 2702 in
1879 2659 2112 2704 montem

547 2742 692 2797 Sina.
728 2742 851 2795 Hcce
873 2749 1046 2796 autem
1079 2741 1198 2796 dico
1243 2754 1347 2795 non
1378 2741 1616 2797 muniens
1646 2741 1786 2805 viam
1810 2741 1874 2795 ad
1902 2741 2105 2795 cuidem

544 2831 808 2900 aliquam;
857 2832 951 2884 sed
983 2830 1160 2897 potius
1198 2831 1483 2885 ostendens
1532 2846 1652 2885 esse
1688 2832 1847 2885 etiam
1894 2831 2113 2885 virtutes

546 2937 663 2993 qum
708 2922 950 2975 oriuntur
1000 2936 1068 2976 ex
1102 2936 1252 2987 casu,
1296 2922 1507 2989 quando
1556 2937 1660 2975 non
1710 2923 1820 2975 vult
1870 2924 1987 2990 quis
2016 2937 2108 2975 sua

544 3020 732 3079 sponte
757 3013 822 3066 ad
855 3012 1049 3067 bonum
1082 3012 1354 3067 accedere.
1399 3013 1478 3067 Ex
1511 3012 1792 3066 virtutibus
1821 3014 1962 3066 enim
1993 3013 2111 3067 alia:

543 3107 754 3174 quidem
814 3101 937 3161 sunt
982 3120 1100 3175 qute
1148 3121 1215 3161 ex
1260 3107 1533 3161 Voluntate
1584 3115 1638 3161 et
1683 3121 1747 3160 ex
1788 3117 1968 3160 neStro
1997 3105 2110 3158 ani-
2138 3137 2182 3198 α

540 3197 613 3249 mi
656 3197 894 3250 instituto
943 3196 1378 3265 proficiscuntur;
1428 3196 1546 3252 alia:
1564 3211 1692 3253 vero
1729 3212 1847 3267 quae
1875 3212 1940 3251 ex
1983 3210 2108 3251 casu

544 3296 853 3346 nascuntur.

1112 3401 1336 3456 CAPUT
1358 3399 1542 3456 XVIII.

989 3509 1105 3567 Vita
1136 3512 1327 3567 abbatis
1356 3512 1405 3566 Ν
1411 3513 1667 3570 athanael.

614 3622 691 3678 Ex
748 3622 1017 3678 veteribus
1055 3624 1253 3678 sanctis
1282 3622 1377 3677 fuit
1416 3623 1628 3695 quidam
1669 3624 1822 3687 alius,
1879 3623 2109 3692 Optimus

538 3713 736 3773 Christi
762 3713 983 3778 athleta,
1017 3714 1233 3769 nomine
1261 3714 1576 3771 Nathanael.
1611 3715 1743 3769 Eum
1772 3731 1870 3785 ego
1900 3732 2004 3771 non
2030 3716 2110 3769 of-

539 3806 680 3864 fendi
710 3807 763 3861 in
785 3821 973 3871 carne;
999 3807 1289 3863 dormierat
1315 3806 1455 3862 enim
1479 3806 1778 3871 quindecim
1805 3806 1960 3861 annis
1987 3817 2108 3862 ante

537 3912 713 3955 meum
743 3898 1029 3958 adventum
1060 3900 1112 3953 in
1142 3908 1401 3956 montem.
1448 3897 1577 3956 Cum
1610 3908 1785 3955 autem
1820 3898 1870 3952 in
1900 3913 1996 3953 eos
2026 3899 2104 3953 in-

537 3988 784 4044 cidissem
815 3990 902 4058 qui
935 4004 1054 4044 cum
1088 3989 1187 4044 hoc
1215 3999 1403 4044 sancto
1432 4004 1492 4043 se
1519 3995 1886 4055 exercuerant,
1919 3998 1973 4045 et
2005 3988 2110 4045 fuc-

536 4089 658 4136 rant
681 4082 727 4136 ei
752 4089 991 4151 tempore
1014 4081 1264 4150 aequales,
1295 4081 1362 4136 de
1383 4080 1478 4133 viri
1509 4081 1703 4135 virtute
1733 4081 1973 4136 lubenter
1990 4094 2107 4137 sum

536 4185 631 4226 eos
658 4173 980 4226 sciscitatus.
1003 4172 1125 4226 Mihi
1156 4171 1459 4240 autemejus
1480 4187 1689 4241 quoque
1717 4172 1903 4226 cellam
1929 4181 2108 4227 osten-

536 4265 761 4330 derunt,
793 4266 844 4318 in
890 4281 988 4334 qua
1021 4266 1194 4318 nullus
1230 4264 1403 4319 adhuc
1433 4264 1656 4329 habitat,
1687 4263 1825 4333 quod
1854 4263 1922 4319 sit
1949 4272 2108 4319 terra:

539 4357 788 4411 habitata:
812 4355 1178 4425 propinquior.
1210 4356 1301 4409 llle
1326 4356 1467 4410 enim
1497 4354 1681 4408 beatus
1705 4364 1825 4408 tunc
1846 4368 1965 4409 eam
1989 4368 2109 4409 con-

538 4450 688 4504 didit.
717 4448 927 4515 quando
954 4448 1055 4500 rari
1091 4446 1301 4501 fuerant
1345 4446 1697 4500 anachorctte.
1729 4446 1971 4501 Narravit
2011 4461 2103 4499 au-

538 4548 645 4591 tem
669 4536 794 4590 mihi
823 4535 1084 4604 egregiam
1109 4536 1221 4604 ejus
1245 4537 1707 4597 exercitationem;
1754 4549 1944 4602 nempe
1966 4536 2102 4603 quod

544 4634 748 4681 tantam
790 4626 1034 4683 habuerit
1084 4626 1134 4679 in
1190 4625 1318 4678 cella
1360 4624 1725 4689 tolerantiam,
1754 4632 1810 4678 ut
1839 4639 2105 4692 nunquam

538 4724 775 4779 dimotus
802 4723 871 4777 sit
898 4738 928 4777 a
956 4722 1244 4791 preposito.
1271 4722 1403 4774 Cum
1435 4722 1500 4775 ab
1526 4719 1677 4774 initio
1707 4718 1893 4778 fuisset
1921 4721 2109 4776 illusus

541 4831 569 4866 a
602 4814 867 4880 dtemone,
892 4812 981 4881 qui
1001 4827 1185 4866 omnes
1217 4810 1409 4876 illudit,
1439 4811 1527 4878 qui
1551 4827 1669 4865 eum
1694 4811 1798 4865 labi
1832 4811 2027 4867 fecerat
2055 4812 2107 4865 in

539 4906 843 4959 socordiam
875 4914 928 4957 et
953 4903 1113 4958 animi
1146 4916 1455 4966 maerorem,
1479 4912 1530 4957 et
1553 4918 1675 4957 eum
1697 4917 1727 4957 e
1754 4904 1886 4956 cella
1914 4917 2108 4969 exege-

536 5005 617 5050 rat
645 4995 816 5065 (visus
842 5003 923 5046 est
951 4994 1091 5048 enim
1120 5006 1238 5046 esse
1269 4993 1434 5047 tristis
1466 5004 1519 5047 et
1552 4992 1731 5047 animo
1758 4993 1878 5062 angi
1910 4993 1961 5046 in
1992 4994 2104 5061 pri-

538 5105 623 5143 ma
639 5085 817 5157 cella),
840 5086 983 5145 illinc
1002 5086 1179 5155 itaque
1204 5086 1480 5149 recedens,
1507 5086 1785 5140 aedificavit
1811 5086 1967 5138 aliam
1988 5101 2109 5153 pro-

538 5180 867 5248 pinquiorem
900 5193 1055 5248 pago.
1107 5178 1387 5247 Postquam
1418 5192 1543 5246 ergo
1574 5177 1793 5245 perfecit
1822 5176 2030 5242 cellam,
2055 5186 2109 5230 et

539 5272 590 5322 in
617 5285 679 5324 ea
705 5269 960 5324 habitavit
981 5279 1087 5323 tres
1114 5268 1195 5322 vel
1218 5280 1444 5337 quatuor
1467 5267 1917 5331 menses,accedi|
1949 5276 2108 5323 noctu

536 5362 747 5417 daunon
778 5370 1017 5415 tauream
1051 5370 1237 5413 tenens
1278 5360 1415 5414 sicut
1445 5361 1677 5419 lictores.
1713 5374 1819 5428 pra-
1844 5374 1903 5413 se
1933 5360 2109 5417 ferens

536 5452 767 5517 speciem
814 5454 998 5508 militis
1046 5454 1234 5521 pannis
1264 5451 1452 5514 induti,
1486 5458 1539 5505 et
1568 5459 1749 5504 taurea
1797 5449 1908 5519 (44)
1940 5449 2110 5506 edens

537 5546 812 5612 strepitus.
857 5546 953 5600 Cui
997 5559 1325 5609 succensus,
1369 5544 1500 5598 dixit
1550 5543 1735 5599 beatus
1765 5541 2057 5596 Nathauael
2094 5561 2107 5597 :

537 5634 667 5707 Quis
697 5643 749 5688 tu
796 5650 854 5691 es
900 5636 987 5703 qui
1018 5635 1133 5690 lucc
1180 5633 1307 5690 facis
1339 5635 1391 5689 in
1428 5649 1547 5688 meo
1596 5633 1862 5703 hospitio?
1894 5635 2107 5693 Daemon

539 5732 717 5785 a‘itciu
743 5724 1015 5792 reapoudit
1044 5744 1054 5776 :
1082 5726 1189 5795 Ego
1212 5738 1327 5778 sum
1356 5724 1446 5793 qui
1490 5733 1539 5778 te
1565 5737 1627 5777 ex
1663 5732 1748 5777 tua
1778 5723 1944 5792 prima
1977 5722 2108 5779 cella

2004 296 2322 354 PALL-ADII

3679 306 3805 365 ιωθ

2154 434 2200 493 Α
2227 454 2402 524 exegi,
2429 464 2482 509 et
2511 470 2650 510 nunc
2678 455 2800 510 veni
2827 464 2883 509 ut
2911 465 2962 510 te
2992 471 3058 510 ex
3077 456 3178 511 hac
3199 469 3412 525 quoque
3442 453 3644 522 fugem.
3668 452 3798 508 Cum

2224 558 2353 613 ergo
2383 546 2720 614 cognovisset
2740 546 2925 599 beatus
2950 545 3239 599 Natbanael
3270 558 3328 597 se
3359 543 3528 597 fuisse
3557 543 3795 605 illusum,

2225 650 2470 691 reversus
2509 645 2592 691 est
2622 637 2687 690 ad
2714 639 2935 705 primam
2985 637 3211 700 cellam;
3260 645 3312 689 et
3360 633 3536 700 spatio
3588 633 3798 701 triginta

2222 737 2426 795 septem
2471 743 2729 782 annorum
2769 743 2873 782 non
2899 738 2980 783 est
3008 743 3257 798 egressus
3282 739 3433 783 extra
3470 728 3640 791 fores,
3670 742 3798 782 cou-

2226 818 2447 872 tendens
2474 832 2592 872 cum
2622 819 2885 884 daemone,
2917 819 3007 889 qui
3034 829 3109 872 tot
3145 826 3200 873 et
3248 827 3390 872 tanta
3414 818 3467 873 ei
3512 816 3717 872 fecerat
3745 827 3800 870 ut

2225 924 2350 963 eum
2377 918 2667 977 cogeretex
2691 908 2825 962 cella
2855 910 3055 977 egredi,
3082 918 3136 962 ut
3154 926 3217 962 ne
3240 924 3301 963 ea
3333 922 3556 962 narrare
3584 907 3798 975 quidem

2222 998 2399 1053 liceat.
2427 998 2597 1064 Atque
2626 998 2765 1052 inter
2792 1006 2982 1053 caetera
3005 998 3213 1067 quidem
3239 997 3339 1051 hoc
3355 994 3696 1051 machinatus
3722 1004 3801 1048 est

2224 1088 2482 1142 bonorum
2530 1086 2798 1149 inimicus,
2838 1103 3030 1157 nempe
3074 1097 3130 1142 ut
3157 1103 3278 1142 eum
3322 1088 3523 1158 probro
3544 1102 3613 1140 ac
3642 1086 3805 1141 dedc-

2222 1192 2345 1231 core
2362 1177 2625 1242 afficeret,
2651 1176 2716 1231 ad
2743 1177 2857 1246 ejus
2881 1178 3295 1247 abrumpendum
3327 1178 3656 1233 institutum.

2291 1267 2423 1323 Cum
2449 1276 2654 1337 septem
2705 1269 2874 1324 sancti
2903 1269 3136 1337 episcopi
3165 1279 3407 1324 sanctum
3439 1270 3792 1333 invisisseut,

2223 1368 2396 1412 autex
2425 1359 2513 1414 Dei
2550 1359 2902 1428 provndentia,
2933 1370 3024 1414 aut
3048 1377 3111 1416 ex
3142 1362 3479 1430 suggestione
3512 1360 3659 1414 illius
3691 1369 3806 1414 ten-

2224 1450 2460 1515 tationis,
2493 1465 2613 1505 eum
2657 1452 3045 1520 propemodum
3089 1452 3394 1507 deturbavit
3422 1468 3451 1505 a
3498 1453 3805 1521 proposito.

2223 1542 2353 1596 Cum
2382 1544 2522 1596 enim
2553 1543 2786 1611 episcopi
2827 1551 3105 1612 postquam
3134 1558 3254 1598 eum
3286 1545 3619 1610 invisisseut,
3653 1557 3805 1597 oras-

2223 1643 2366 1698 sent,
2397 1642 2451 1688 et
2480 1640 2597 1700 post
2640 1632 2934 1687 orationem
2961 1633 3190 1698 exirent,
3224 1648 3290 1686 ne
3311 1647 3553 1702 gressum
3583 1631 3803 1697 quidem

2225 1740 2387 1778 unum
2421 1723 2567 1791 pcdis
2596 1737 2690 1778 eos
2736 1723 3018 1777 comitatus
3048 1732 3127 1776 est
3157 1721 3235 1776 vir
3255 1725 3522 1790 egregius,
3552 1738 3625 1778 ne
3654 1723 3805 1778 daret

2154 1784 2194 1839 Β
2226 1814 2395 1867 locum
2438 1811 2653 1867 inimico
2690 1812 2971 1868 bonorum.
3003 1812 3063 1867 Ei
3088 1828 3215 1882 ergo
3242 1814 3426 1867 dicunt
3446 1814 3666 1869 diaconi
3691 1814 3805 1880 epi-

2222 1916 2504 1972 scoporum
2535 1918 2550 1955 :
2581 1901 2816 1971 Superbe
2846 1912 2894 1956 te
2915 1902 3077 1971 geris,
3105 1917 3136 1954 ο
3163 1902 3347 1966 abbas,
3373 1903 3461 1970 qui
3490 1916 3598 1955 non
3630 1902 3802 1956 deduc

2222 1996 2299 2049 cis
2350 1995 2648 2062 episcopos.
2690 1994 2736 2048 is
2790 2009 2915 2051 vero
2951 1993 3080 2049 dicit
3125 1993 3203 2047 eis
3234 2011 3246 2044 :
3282 1993 3393 2062 Ego
3432 2002 3487 2047 et
3550 1992 3802 2047 dominos

2222 2102 2371 2142 meos
2391 2088 2674 2156 epi>c0pos
2696 2088 2835 2152 colo,
2853 2095 2906 2140 et
2933 2100 3143 2141 omnem
3163 2085 3362 2140 clerum
3380 2086 3626 2149 honoro;
3658 2098 3802 2136 sm

2220 2195 2323 2248 que
2350 2192 2449 2248 ego
2484 2189 2730 2246 peccator
2754 2178 2989 2235 omnium
3035 2176 3307 2237 hominum
3339 2177 3688 2245 peripsema:
3724 2176 3803 2230 bis

2218 2283 2395 2325 autem
2429 2271 2678 2324 omnibus
2707 2278 2764 2323 et
2792 2270 2887 2324 toti
2919 2268 3069 2334 vitae,
3098 2269 3239 2339 quod
3272 2270 3325 2323 in
3358 2283 3442 2323 me
3462 2278 3573 2335 est,
3602 2282 3803 2339 μωρο-

2217 2360 2322 2413 sito
2380 2372 2501 2413 sum
2573 2363 2847 2412 mortuus.
2910 2357 3028 2428 Ego
3088 2357 3228 2414 enim
3254 2357 3427 2412 habeo
3451 2372 3799 2428 scopumoc-

2217 2448 2440 2512 cultum,
2467 2462 2625 2518 quem
2646 2447 2747 2501 scit
2770 2446 3024 2502 Dominus
3040 2447 3127 2515 qui
3150 2448 3296 2502 novit
3323 2448 3537 2503 occulta
3559 2448 3673 2503 mei
3694 2464 3800 2504 cor-

2221 2542 2325 2608 dis,
2353 2557 2449 2595 cur
2477 2556 2571 2596 eos
2601 2556 2706 2594 non
2733 2556 2850 2595 sum
2877 2543 3178 2597 comitatus.

2284 2632 2573 2701 Cunmrgo
2600 2632 2685 2687 hic
2711 2647 2921 2702 quoque
2950 2644 3098 2687 actus
3134 2648 3238 2687 non
3280 2635 3640 2689 successisset
3685 2635 3798 2689 da-

2216 2723 2384 2787 moni,
2406 2737 2589 2777 rursus
2612 2723 2767 2777 talem
2791 2723 3011 2791 suscipit
3038 2723 3275 2791 figuram.
3295 2723 3498 2778 Novem
3524 2726 3799 2780 mensibus

2214 2825 2338 2871 ante
2363 2817 2738 2870 dormitionem
2769 2817 2980 2869 athletae
3008 2816 3412 2869 transformatus
3442 2828 3527 2871 est
3564 2818 3619 2871 in
3665 2833 3795 2884 pne.

2216 2922 2331 2958 rum
2374 2905 2655 2963 duodecim
2686 2920 2853 2960 annos
2884 2916 3092 2971 uatum,
3128 2914 3375 2975 tauquam
3407 2916 3662 2977 agentem
3692 2910 3798 2964 asi-

2214 3012 2338 3049 num
2376 3011 2561 3064 panem
2592 2995 2645 3050 in
2671 3006 2850 3065 sporta
2883 2996 3159 3054 ferentem.
3193 2996 3292 3062 Qui
3341 3014 3472 3067 puer
3503 3015 3630 3053 cum
3679 3014 3795 3054 sero

2213 3101 2434 3153 vespere
2462 3092 2602 3139 esset
2632 3100 2795 3154 prope
2823 3085 3040 3152 cellam,
3072 3086 3352 3142 simulabat
3380 3089 3651 3144 cecidisse
3694 3091 3793 3144 asie

2214 3192 2360 3241 noni,
2392 3184 2446 3230 et
2472 3191 2529 3230 sc
2551 3176 2824 3230 clamare“:
2852 3176 2998 3229 Abba
3032 3175 3344 3241 Nathauael,
3375 3178 3642 3233 miserere
3670 3181 3793 3245 mei,

2216 3274 2268 3318 et
2294 3265 2503 3336 porrige
2529 3265 2655 3319 mihi
2682 3279 2919 3319 manum.
2952 3265 3046 3320 llle
3063 3277 3235 3321 autem
3259 3268 3463 3322 audivit
3491 3270 3683 3339 utique
3708 3285 3795 3324 vo-

2212 3369 2329 3409 cem
2354 3355 2536 3422 pueri;
2569 3365 2621 3410 et
2646 3366 2832 3424 aperto
2854 3355 2991 3410 ostio
3019 3357 3190 3421 cella),
3223 3369 3367 3412 stans
3398 3359 3545 3411 intus
3572 3360 3622 3413 ei
3654 3360 3794 3413 diee-

2214 3449 2303 3503 bat
2335 3466 2347 3500 :
2384 3449 2511 3516 Quis
2541 3464 2598 3504 es
2624 3491 2638 3513 ,
2670 3460 2722 3504 et
2768 3450 2892 3517 quid
2941 3450 3019 3504 vis
3068 3450 3159 3504 tibi
3208 3450 3438 3504 faciam?
3486 3451 3794 3521 Respondet

2212 3536 2419 3594 daemon
2451 3554 2467 3593 :
2504 3538 2612 3608 Fgo
2640 3554 2756 3592 sum
2805 3539 2959 3609 hujus
3007 3541 3251 3594 monachi
3283 3542 3554 3609 minister,
3584 3553 3639 3597 et
3689 3544 3794 3599 fero

2215 3643 2406 3696 panes,
2440 3630 2688 3696 quoniam
2716 3639 2799 3684 est
2825 3646 2991 3701 agape
3020 3633 3091 3686 tui
3123 3634 3228 3688 noti
3261 3634 3470 3697 fratris;
3503 3644 3562 3690 et
3586 3650 3709 3689 cras
3733 3636 3793 3689 il-

2212 3720 2512 3775 lucesceute
2542 3719 2774 3774 Sabbato
2805 3737 2937 3789 opus
2966 3730 3047 3776 est
3071 3724 3452 3777 oblationibus.
3485 3724 3641 3794 Rogo
3671 3742 3792 3795 ergo

2212 3818 2263 3865 te
2288 3825 2352 3865 ne
2377 3825 2461 3865 me
2483 3809 2766 3876 despicias,
2801 3828 2867 3865 ne
2892 3812 3115 3867 devorer
3144 3814 3211 3867 ab
3234 3815 3458 3885 hymnis.
3489 3816 3631 3870 Sunt
3651 3821 3790 3871 enim

2212 3899 2413 3969 hyaenae
2442 3900 2494 3963 in
2526 3901 2606 3955 bis
2635 3902 2787 3956 locis.
2820 3903 2977 3959 Stans
3002 3919 3132 3975 ergo
3161 3915 3335 3960 mutus
3366 3907 3558 3962 beatus
3590 3907 3790 3961 Natha-

2212 3992 2351 4055 uacl,
2383 4006 2489 4059 pra:
2522 3992 2719 4061 ingenti
2748 3992 2863 4062 ejus
2889 3995 3248 4050 misericordia
3278 3997 3549 4068 caligabat
3577 4008 3791 4052 cuntur.

2211 4085 2363 4137 batus
2390 4081 2698 4149 visceribus,
2746 4094 2797 4138 et
2829 4086 3107 4152 reputabat
3135 4087 3272 4153 apud
3315 4102 3373 4141 se
3402 4088 3535 4155 quid
3568 4087 3789 4155 faceret,

2209 4173 2392 4230 dicens
2423 4190 2437 4228 :
2470 4176 2574 4229 Aut
2606 4175 2834 4229 futurum
2865 4190 2942 4230 est
2973 4188 3024 4230 ut
3056 4179 3418 4247 transgredior
3446 4182 3785 4241 mandatum,

2207 4273 2297 4317 aut
2325 4280 2353 4316 a
2384 4264 2653 4332 proposito
2674 4264 2934 4318 excidam.
2967 4264 3151 4320 Postea
3179 4269 3257 4333 pia
3282 4269 3420 4334 apud
3452 4283 3510 4321 se
3536 4281 3787 4334 reputans

2207 4358 2529 4427 cognitione,
2557 4357 2690 4413 dixit
2719 4375 2733 4413 :
2763 4358 2946 4411 Melius
2974 4368 3053 4412 est
3084 4376 3148 4414 ne
3176 4360 3489 4414 labefactem
3523 4370 3603 4414 tot
3628 4378 3788 4416 anuo-

2210 4463 2323 4500 rum
2357 4450 2681 4516 propositum
2712 4449 2775 4501 ad
2802 4449 3085 4519 iguoiniuia
3115 4451 3455 4506 afﬁciendum
3481 4462 3537 4507 et
3573 4457 3785 4508 vincen-

2212 4541 2335 4594 dum
2364 4542 2648 4595 diabolum.
2676 4540 2809 4596 Cum
2850 4542 3026 4610 itaque
3056 4543 3332 4595 Dominum
3366 4555 3637 4610 rogasset,
3668 4524 3787 4597 dicit

2214 4644 2376 4697 puero
2404 4631 2491 4699 qui
2522 4645 2641 4683 cum
2682 4645 2748 4684 eo
2779 4632 3093 4699 loquebatur
3120 4650 3133 4684 :
3164 4634 3319 4695 Audi,
3359 4649 3513 4701 puer,
3548 4648 3644 4689 aut
3672 4638 3785 4705 qui,

2212 4734 2419 4787 cunque
2438 4720 2531 4772 sis.
2556 4718 2728 4775 Credo
2750 4722 2801 4774 iu
2830 4722 2991 4775 Deum
3024 4740 3175 4789 quem
3198 4729 3337 4789 colu,
3367 4726 3457 4793 qui
3486 4728 3787 4780 dominatur

2211 4811 2378 4863 cuivis
2406 4811 2631 4880 spiritui,
2664 4812 2804 4879 quod
2849 4813 2893 4867 si
2940 4813 3137 4867 auxilio
3181 4830 3369 4868 revera
3418 4832 3608 4885 egeas,
3659 4819 3786 4871 Deos

2214 4900 2309 4954 tibi
2336 4902 2504 4955 mittet
2536 4902 2821 4966 auxilium;
2848 4912 2900 4956 et
2930 4918 3099 4972 neque
3128 4904 3352 4974 hymnus,
3387 4923 3564 4974 neque
3596 4910 3784 4975 aliquid

2213 4990 2351 5045 aliud
2379 4989 2471 5044 tibi
2498 4990 2635 5044 male
2661 4990 2845 5058 faciet;
2876 4994 2956 5045 sin
2979 5001 3154 5046 autem
3182 5008 3239 5047 es
3262 4997 3506 5056 tentatio,
3537 4997 3642 5050 hoc
3664 5014 3786 5063 quo-

2212 5094 2315 5148 que
2350 5079 2486 5134 Deus
2517 5080 2645 5135 mihi
2672 5082 2863 5135 exhinc
2886 5082 2994 5148 jam
3026 5083 3309 5147 revelabit,
3338 5095 3391 5137 et
3419 5085 3613 5139 clauso
3638 5088 3781 5141 cella:

2212 5170 2348 5224 ostio
2380 5179 2461 5225 est
2488 5172 2775 5240 ingressus.
2830 5171 3037 5227 Pudore
3083 5185 3257 5228 autem
3307 5176 3533 5230 affectus
3578 5179 3780 5232 damon

2210 5264 2350 5329 quod
2379 5263 2457 5317 sic
2486 5279 2694 5333 quoque
2732 5275 2871 5320 esset
2889 5268 3080 5330 victus,
3112 5268 3373 5321 resolutus
3401 5277 3487 5323 est
3530 5270 3586 5323 in
3619 5271 3780 5324 turbi-

2213 5366 2355 5417 nem,
2382 5353 2699 5423 onagrisque
2721 5355 3107 5410 exsultantibus
3135 5371 3195 5410 ac
3226 5357 3551 5426 fugientibus
3574 5370 3628 5414 et
3651 5372 3781 5414 stre-

2212 5444 2378 5514 pitum
2402 5444 2681 5499 edentibus
2707 5446 3058 5513 assimilatus,
3088 5450 3164 5503 sic
3188 5454 3422 5504 evanuit.

2285 5535 2393 5592 lloc
2422 5535 2515 5589 fuit
2541 5544 2808 5591 certamen
2837 5537 2977 5592 beati
3005 5539 3315 5603 Nathanael,
3341 5554 3395 5595 et
3422 5541 3507 5595 hac
3533 5554 3662 5597 sunt
3687 5544 3782 5595 vir-

2213 5635 2351 5683 tutes
2381 5629 2495 5697 ejus
2535 5629 2959 5695 exercitationis,
3010 5641 3065 5686 et
3104 5647 3275 5701 pugna
3309 5634 3505 5688 invicte
3535 5638 3779 5695 adversm

2214 5722 2601 5787 adversarium;
2635 5730 2688 5778 et
2717 5720 2805 5777 hic
2836 5722 2949 5792 ejus
2976 5723 3199 5780 celebris
3226 5727 3349 5780 vitae
3383 5726 3528 5783 linis.
