4096 6514
198 376 347 465 ,ιοιι

824 486 1075 543 ΚΕΦΑΛ.
1118 485 1216 541 IZ'.

206 567 348 642 Περί
389 574 697 642 Μακαρίου
722 573 829 625 τοῦ
861 571 1156 626 ἀκούσιον
1180 570 1377 637 φόνον
1398 567 1797 639 ποιήσαντος,

282 660 570 729 Νεώτερός
614 674 699 721 τις
736 659 804 725 τῇ
834 654 1023 725 ἡλικίᾳ
1080 654 1305 723 ὀνόματι
1370 654 1677 725 Μακάριος,
1725 657 1801 722 ὡς

208 741 350 794 ἐτῶν
374 740 679 806 δεκαοκτὼ,
718 741 775 793 ἐν
800 738 878 809 τῷ
905 737 1121 802 παίζειν
1150 736 1313 790 αὐτὸν
1342 736 1481 807 μετά
1503 737 1611 790 τῶν
1640 757 1803 810 συνη-

207 820 397 880 λίκων
437 825 591 895 παρὰ
639 826 739 895 τὴν
789 823 989 894 λίμνην
1038 822 1139 893 τὴν
1192 822 1495 893 λεγομένην
1556 824 1799 895 Μαρίαν,

207 908 522 979 τετράποδα
544 908 748 978 νέμων,
789 907 1045 960 ἀκούσιον
1075 905 1372 976 εἰργάσατο
1399 906 1581 975 φόνον.
1632 901 1803 971 Οὗτος

213 994 410 1064 μηδενὶ
462 991 631 1064 μηδὲν
680 988 920 1060 εἰρηκὼς
967 988 1377 1057 καταλαμϐάνει
1429 988 1529 1059 τὴν
1571 988 1799 1060 ἔρημον,

210 1078 308 1131 καὶ
336 1077 418 1140 εἰς
449 1075 707 1129 τοσοῦτον
739 1074 939 1145 ἤλασεν
971 1071 1137 1140 φόϐον
1167 1072 1309 1125 θεῖόν
1343 1090 1403 1125 τε
1457 1074 1551 1126 καὶ
1586 1074 1800 1145 ἀνθρώ-

211 1178 391 1223 πινον,
417 1159 493 1221 ὡς
516 1157 916 1227 ἀναισθητῆσαι
950 1156 1112 1208 αὑτὸν
1135 1156 1377 1226 τριετίαν
1419 1156 1649 1225 ἀστεγον
1680 1158 1799 1226 μεί-

208 1262 382 1299 ναντα
407 1246 465 1297 ἐν
490 1244 557 1313 τῇ
583 1243 796 1313 ἐρήμῳ.
829 1238 1097 1309 Ἀϐροχος
1124 1239 1230 1309 δέἡ
1271 1242 1342 1309 γῆ
1390 1241 1573 1311 ἐκείνη
1624 1241 1801 1311 ὑπάρ-

207 1347 297 1401 χει
324 1347 337 1360 ·
372 1326 653 1382 καὶτοῦτο
683 1328 833 1380 ἴσασι
865 1328 1087 1389 πάντες,
1116 1325 1211 1378 καὶ
1241 1328 1287 1379 οἰ
1309 1326 1397 1378 διὰ
1438 1326 1612 1395 λόγων
1644 1328 1801 1395 γενό-

212 1428 393 1483 μενοι,
429 1411 525 1465 καὶ
553 1412 602 1463 οί
633 1409 721 1462 διὰ
750 1409 853 1479 τῆς
882 1408 1077 1478 πείρας
1104 1409 1294 1478 αὐτῆς.
1343 1409 1400 1461 Ὀ
1436 1410 1599 1473 αὐτὸς
1645 1403 1801 1475 οὗτος

208 1495 503 1569 Μακάριος
535 1493 764 1564 ὕστερον
800 1490 1154 1562 ᾠκοδόμησεν
1196 1492 1373 1562 ἐαυτῷ
1419 1491 1658 1545 κελλίον·
1707 1493 1803 1547 καὶ

212 1580 394 1654 ζήσας
424 1581 485 1632 ἐν
509 1576 659 1647 αὐτῷ
678 1576 815 1631 ἀλλα
852 1574 1194 1629 εἰκοσιπέντε
1241 1577 1361 1647 ἐτη,
1399 1577 1645 1630 τοιούτου
1700 1595 1802 1648 χα-

217 1664 490 1734 ρίσματος
521 1658 754 1730 ἠξιώθη,
787 1658 865 1723 ὠς
892 1658 1229 1713 καταπτύειν
1257 1659 1555 1730 δαιμόνων,
1602 1662 1801 1730 ἐντρυ-

214 1746 333 1817 φῶν
379 1748 446 1816 τῇ
495 1744 773 1814 μονότητι.
815 1743 1006 1814 Τούτῳ
1061 1742 1235 1796 πολλά
1288 1745 1649 1814 συγχρονίσας
1692 1743 1803 1812 ἐγὼ

1533 372 1901 436 HISTORIA
1938 375 2329 438 LAUSIACA.

1847 488 1893 549 Α
1931 486 2248 558 ἐνεπαίχθη,
2277 486 2605 558 ὑποστρέφει
2634 482 2789 552 αὗθις
2837 487 2917 551 εἰς
2954 487 3054 558 τὴν
3096 488 3321 560 πρώτην
3365 492 3492 546 σκέ-

3357 380 3500 449 1042

1909 589 2036 643 πην.
2079 574 2191 628 Καὶ
2233 573 2527 646 πληρώσας
2563 574 2860 645 τριάκοντα
2922 574 3017 626 καὶ
3059 574 3198 627 ἐπτά
3241 574 3358 646 ἐτη,
3393 577 3493 647 οὐχ

1910 655 2154 730 ὑπερέϐη
2202 658 2294 712 τὸν
2338 658 2521 723 οὐδὸν,
2577 658 2964 728 φιλονεικήσας
3012 657 3092 727 τῷ
3142 657 3386 728 δαίμονι·
3433 660 3495 725 δς

1912 741 2151 794 τοσαῦτα
2180 740 2331 810 αύτῷ
2366 739 2692 807 ἐνεδείξατο,
2732 740 2819 793 ῑνα
2842 740 3005 793 αὑτὸν
3036 741 3322 814 ἀναγκάσῃ
3350 742 3495 808 ἐξελ-

1911 822 2026 875 θεῖν
2053 826 2116 876 ἐκ
2145 826 2242 893 τῆς
2270 825 2501 895 κέ).λης;”
2522 826 2623 879 ὅσα
2658 824 2781 879 οὔτε
2813 825 2931 879 ἔστι
2972 826 3356 898 διηγήσασθαι.
3403 829 3495 884 Ἐν

1909 900 1992 968 οἷς
2017 908 2111 960 καὶ
2141 907 2321 961 τοῦτο’
2367 909 2740 979 Ἐπιτηρήσας
2778 911 2806 962 0
2855 909 3144 979 μισόκαλος
3187 912 3493 981 ἐπηρεάσαι

1908 991 2097 1044 τοῦτον
2152 992 2483 1045 ἐσπούδασεν
2540 995 2621 1056 εἰς
2681 992 2924 1063 ἐγκοπὴν
2990 995 3089 1063 τῆς
3158 996 3490 1065 προθέσεως.

1921 1074 2095 1129 Ἐπτά
2123 1077 2437 1129 ἐπισκόπων
2472 1077 2644 1145 ἁγίων
2674 1075 3139 1146 ἐπισκεψαμένων
3177 1079 3267 1132 τὸν
3315 1080 3492 1148 ἅγιον,

1909 1158 1941 1229 ἢ
1978 1158 2042 1212 ἐκ
2074 1158 2210 1212 Θεοῦ
2235 1160 2515 1231 προνοίας,
2547 1161 2580 1231 ἢ
2606 1161 2665 1225 ἐξ
2685 1161 2995 1225 ὑποθέσεως
3018 1161 3110 1213 τοῦ
3159 1161 3491 1232 πειρασμοῦ,

1910 1243 1970 1307 ἐξ
1990 1243 2201 1297 ἐκείνου
2236 1245 2365 1313 παρ’
2403 1244 2585 1312 ὀλίγον
2619 1245 2781 1299 αὐτὸν
2828 1244 3114 1310 ἐξώκειλεν
3141 1246 3240 1315 τῆς
3297 1248 3494 1315 προθέ-

1913 1344 2072 1388 σεως.
2106 1326 2227 1379 Τῶν
2250 1328 2359 1399 γὰρ
2400 1328 2715 1381 ἐπισκόπων
2750 1330 2888 1399 μετά
2920 1331 3021 1399 τὴν
3072 1329 3361 1399 ἐπίσκεψιν
3399 1331 3492 1383 εύ-

1912 1408 2182 1478 ξαμένων,
2208 1410 2305 1463 καί
2333 1411 2471 1481 μετὰ
2504 1411 2601 1481 τὴν
2622 1410 2787 1481 εὐχὴν
2823 1411 3097 1476 ἐξιόντων,
3124 1413 3183 1465 ού
3216 1414 3493 1485 προέπεμ-

1908 1490 2009 1561 ψεν
2036 1493 2235 1556 αὐτοὺς
2267 1494 2295 1546 0
2348 1496 2598 1563 γενναῖος
2630 1493 2749 1547 ούδέ
2788 1493 2939 1564 βῆμα
2986 1494 3164 1558 ποδὸς,
3198 1496 3285 1549 ἴνα
3316 1497 3389 1567 μὴ
3420 1497 3495 1567 δῷ

1910 1576 2091 1647 χώραν
2116 1575 2195 1646 τῷ
2233 1576 2533 1648 μισοκάλῳ.
2568 1578 2836 1645 Λέγουσιν
2864 1577 3012 1647 αύτῷ
3042 1579 3090 1630 οί
3129 1578 3367 1632 διάκονοι
3387 1580 3495 1633 τῶν

1910 1660 2248 1726 ἐπισκόπων,
2297 1660 2678 1731 Ὑπερήφανον
2710 1663 2942 1732 πρᾶγμα
2965 1662 3197 1734 ἐργάζῃ,
3222 1663 3387 1723 ἀϐϐᾶ.
3420 1662 3496 1736 μὴ

1912 1744 2260 1813 προπέμπων
2292 1745 2419 1809 τοὺς
2472 1744 2827 1809 ἐπισκόπους.
2884 1744 2942 1797 '0
2994 1744 3051 1797 δέ
3091 1745 3241 1814 λέγει
3290 1747 3493 1807 αὐτοῖς’

210 1830 523 1912 ἐμάνθανον
578 1830 708 1899 παρ’
757 1826 924 1881 αὑτοῦ
978 1827 1095 1891 πῶς
1152 1827 1322 1881 αὐτοῦ
1371 1830 1401 1881 0
1452 1828 1803 1900 διαλογισμὸς
1841 1862 1885 1921 Β
1911 1826 2053 1895 Ἐγὼ
2082 1829 2179 1882 καὶ
2220 1830 2347 1892 τοὺς
2381 1828 2605 1900 κυρίους
2650 1846 2752 1899 μου
2796 1830 2925 1891 τοὺς
2968 1830 3302 1892 ἐπισκόπους
3329 1828 3494 1892 σέϐω,

209 1907 487 1970 διάκειται
518 1913 611 1967 ἐπὶ
645 1915 711 1985 τῇ
743 1912 839 1966 τοῦ
871 1913 1035 1981 φόνου
1085 1912 1355 1984 ἁμαρτίᾳ.
1406 1915 1502 1976 Ὃς
1555 1912 1807 1967 τοσοῦτον

211 1998 407 2066 ἔλεγεν
435 1998 666 2067 ἀπέχειν
719 1995 923 2067 λύπης,
958 1995 1034 2058 ὼς
1079 1995 1173 2049 καὶ
1212 1998 1697 2066 προσευχαριστεῖν
1738 2000 1825 2069 τῇς

206 2080 307 2135 τοῦ
341 2082 506 2151 φόνου
536 2080 711 2151 αίτίᾳ.
764 2079 1065 2149 Γεγένηται
1106 2080 1216 2149 γάρ
1281 2085 1394 2148 μδι,
1448 2081 1635 2149 φησὶν,
1676 2080 1809 2133 ὑπό-

212 2164 371 2226 θεσις
412 2163 693 2232 σωτηρίας
739 2164 769 2216 0
803 2162 1058 2222 ἀκούσιος
1094 2162 1276 2230 φόνος.
1330 2162 1559 2230 Ἔλεγεν
1587 2163 1643 2216 δέ
1700 2164 1810 2217 ἀπὸ

208 2248 448 2319 Γραφῶν
484 2248 664 2318 φέρων
696 2247 796 2318 τὴν
832 2247 1143 2317 μαρτυρίαν
1176 2246 1270 2299 τοῦ
1317 2248 1458 2300 κατά
1487 2248 1579 2299 τὸν
1632 2247 1804 2318 μέγαν

208 2333 527 2404 θεράποντα
555 2331 650 2385 τοῦ
680 2330 818 2384 Θεοῦ
855 2331 1137 2396 Μωῦσέως
1191 2332 1285 2384 τοῦ
1316 2332 1458 2385 κατά
1490 2333 1598 2404 τὴν
1640 2333 1809 2401 Δί’γυ⁴

206 2434 347 2470 πτον
372 2417 558 2485 φόνου,
588 2417 671 2469 ὅτι
698 2417 759 2468 Et
788 2416 864 2485 μὴ
884 2415 971 2468 διά
986 2415 1077 2468 τὸν
1104 2415 1268 2483 φόϐον
1285 2415 1379 2468 τοῦ
1404 2418 1588 2485 φόνου,
1619 2419 1719 2471 ούκ
1742 2418 1810 2471 ἀν

207 2500 458 2568 Μωῦσῆς
504 2497 711 2569 ἠξιώθη
745 2498 846 2568 τῆς
883 2500 1220 2569 Δεσποτικῆς
1259 2498 1534 2565 θεοπτίας,
1575 2502 1670 2554 καὶ
1711 2500 1811 2570 τῆς

207 2582 487 2651 τοσαύτης
528 2584 759 2653 δωρεᾶς,
815 2583 909 2635 καὶ
966 2583 1068 2653 τῆς
1116 2585 1443 2654 συγγραφῆς
1481 2585 1591 2637 τῶν
1636 2585 1811 2653 ἁγίων

207 2665 390 2734 λόγων
416 2664 512 2718 τοῦ
539 2665 878 2734 Πνεύματος,
913 2667 961 2717 εί
1002 2665 1078 2736 μὴ
1106 2666 1182 2735 τῷ
1214 2666 1324 2718 δέει
1353 2666 1447 2719 τοῦ
1466 2667 1668 2735 Φαραώ
1692 2684 1705 2698 ·
1737 2668 1807 2721 δι’

208 2748 239 2802 δ
261 2748 492 2819 ἔδρασεν
517 2748 577 2815 ἐξ
606 2747 905 2817 Δίγύπτου,
934 2749 1028 2801 καὶ
1050 2747 1383 2818 κατείληφεν
1402 2748 1463 2801 τὸ
1484 2750 1610 2820 ὅρος
1655 2751 1807 2806 Σινᾶ.

209 2830 403 2895 ταῦτα
453 2831 513 2885 δέ
543 2832 690 2900 λέγω
752 2830 865 2899 ἐγὼ
905 2831 1003 2902 οὐχ
1038 2830 1301 2885 ὁδοποιῶν
1333 2833 1415 2896 εἰς
1448 2832 1609 2902 φόνον
1662 2834 1806 2901 τινὰ,

209 2914 351 2969 ἀλλά
377 2914 579 2985 μᾶλλον
604 2914 997 2980 ὑποδεικνύων,
1046 2915 1130 2969 ὅτι
1161 2915 1272 2968 είσὶ
1301 2916 1397 2970 καὶ
1423 2917 1812 2985 περιστατικαὶ

210 2997 435 3069 ἀρεταὶ,
470 2998 599 3051 ὅταν
659 3000 735 3069 μὴ
791 2998 1022 3069 ἑκουσίᾳ
1069 2999 1267 3074 γνώμῃ
1340 2999 1422 3070 τῷ
1487 3000 1677 3070 ἀγαθῷ
1727 3017 1813 3064 τις

213 3081 544 3152 προσελθεῖν
595 3080 849 3155 βουληθῇ.
888 3082 1010 3136 Τῶν
1056 3082 1165 3151 γάρ
1214 3082 1427 3157 ἀρετῶν
1477 3086 1533 3139 αἱ
1566 3083 1674 3155 μέν
1706 3085 1811 3138 εἰσι

220 3166 638 3243 προαιρετικαὶ,
671 3166 729 3222 αἰ
753 3165 810 3219 δὲ
841 3166 1249 3238 περιστατικαί.

818 3325 1071 3381 ΚΕΦᾹΛ.
1112 3328 1221 3381 lH’.

753 3436 894 3506 Περί
923 3436 1277 3504 Ναθαναήλ.

285 3580 519 3650 Ἕτερός
564 3596 649 3643 τις
682 3580 789 3632 τῶν
827 3579 998 3647 ἁγίων
1023 3580 1246 3649 γέγονεν
1273 3579 1382 3632 τῶν
1426 3578 1674 3634 παλαιῶν
1699 3579 1813 3649 ἄρι-

218 3682 349 3727 στος
374 3663 615 3735 ἀθλητὴς
640 3663 735 3716 τοῦ
766 3663 1028 3733 Χριστοῦ,
1064 3664 1288 3733 ὀνόματι
1319 3664 1635 3733 Ναθαναήλ.
1665 3663 1802 3715 T06-

213 3767 310 3803 τον
366 3746 479 3816 ἐγὼ
528 3749 587 3800 ἐν
632 3748 795 3818 σαρκὶ
843 3747 903 3798 οὐ
951 3747 1296 3816 κατείληφα·
1350 3746 1654 3817 κεκοίμητο
1696 3747 1807 3817 γὰρ

215 3834 329 3905 πρὸ
355 3832 455 3902 τῆς
485 3832 626 3900 ἐμῆς
679 3830 887 3883 εἰσόδου
930 3831 986 3884 ἐν
1032 3829 1111 3900 τῷ
1151 3829 1270 3895 όρει
1325 3830 1433 3900 πρὸ
1470 3829 1606 3881 ἐτῶν
1659 3828 1812 3881 δεκα-

215 3916 404 3970 πέντε.
469 3914 597 3977 Τοῖς
648 3913 706 3966 δέ
748 3914 1126 3983 συνασκήσασι
1166 3912 1246 3983 τῷ
1302 3913 1445 3984 ἀγίῳ
1483 3912 1658 3983 τούτῳ
1718 3912 1813 3965 καὶ

217 3996 612 4071 συγχρονίσασι
638 3995 971 4068 περιτυχὼν,
1017 3997 1363 4066 φιλοφρόνως
1405 3995 1638 4066 ἠρώτων
1681 3995 1811 4065 περὶ

213 4083 317 4153 τῆς
339 4081 439 4134 τοῦ
471 4080 663 4151 ἀνδρὸς
696 4082 919 4150 ἀρετῆς.
954 4078 1205 4143 Ἐδειξαν
1221 4078 1278 4131 δέ
1299 4096 1390 4147 μοι
1411 4079 1567 4133 αὐτοὶ
1589 4079 1684 4131 καὶ
1705 4079 1807 4147 τὴν

218 4166 447 4230 κέλλαν,
479 4165 557 4227 εἰς
585 4165 652 4236 ἢν
677 4164 811 4235 ᾤκει
845 4182 942 4234 μεν
963 4164 1147 4217 οὐκέτι
1194 4163 1370 4226 οὐδεὶς
1419 4162 1510 4215 διά
1539 4163 1600 4216 τὸ
1641 4163 1811 4230 ἐγγυ-

214 4252 367 4321 τέρω
393 4245 536 4301 εἶναι
567 4251 666 4319 τῆς
690 4248 1038 4319 οἰκουμένης.
1079 4248 1318 4310 Ἐκεῖνος
1339 4246 1448 4317 γάρ
1482 4248 1509 4299 0
1538 4246 1812 4316 μακάριος

213 4334 344 4386 τότε
366 4332 539 4402 αὐτὴν
556 4332 771 4385 ἔκτισεν
806 4332 896 4385 ὅτε
924 4333 1142 4385 σπάνιοι
1170 4327 1313 4403 ἦσαν
1347 4332 1397 4382 οί
1433 4332 1804 4402 ἀναχωρηταί.

216 4416 524 4487 Διηγοῦντο
557 4416 615 4468 δέ
662 4434 752 4487 μοι
800 4414 958 4469 τοῦτο
1000 4416 1130 4490 περὶ
1170 4413 1336 4469 αὑτοῦ
1391 4414 1671 4486 ἐξαίρετον
1712 4416 1812 4483 τῆς

217 4503 535 4578 ἀσκήσεως·
558 4503 640 4556 ὅτι
654 4500 920 4572 τοσαύτην
940 4500 1097 4573 ἔσχεν
1114 4500 1394 4573 ὑπομονὴν
1415 4503 1472 4553 ἐν
1494 4500 1571 4567 τῷ
1591 4498 1807 4570 κελλίῳ,

217 4586 296 4649 ώς
332 4585 410 4655 μὴ
450 4584 781 4653 σαλευθῆναί
817 4602 947 4638 ποτε
976 4584 1168 4638 τοῦτον
1190 4586 1299 4640 ἀπὸ
1332 4586 1433 4655 τῆς
1467 4584 1810 4655 προθέσεως⁶

214 4672 276 4723 ἐν
310 4664 394 4732 οἷς
417 4670 743 4740 ἐμωιχθείς
765 4670 888 4722 κατ’
914 4669 1087 4742 ἀρχὰς
1108 4670 1262 4739 παρὰ
1285 4669 1380 4722 τοῦ
1410 4670 1578 4721 πᾶσιν
1608 4666 1813 4738 ἐμπαί-

216 4754 407 4817 ζοντος
422 4754 518 4806 καὶ
536 4753 855 4815 ἀπατῶντος
878 4752 1154 4822 δαίμονος,
1169 4751 1264 4805 τοῦ
1281 4753 1374 4806 κα)⁵
1387 4751 1572 4805 τοῦτον
1592 4753 1658 4822 τῇ
1678 4752 1814 4821 ἀκη-

213 4839 308 4909 δίᾳ
336 4837 748 4907 περιϐαλόντος,
778 4839 870 4890 καὶ
888 4838 987 4910 τῆς
1018 4838 1215 4910 κέλλης
1249 4838 1411 4892 αὐτὸν
1436 4836 1813 4903 ἐξελάσαντος.

224 4921 455 4985 Ἔδοξεν
488 4922 598 4993 γάρ
622 4922 857 4993 ἀκηδιᾷν
880 4923 959 4985 είς
1010 4923 1109 4995 τὴν
1148 4920 1372 4992 πρώτην
1400 4920 1617 4973 κέλλαν.
1662 4921 1818 4973 Ἀναο

219 5006 482 5075 χωρήσας
512 5005 729 5076 ἐκείνης
766 5004 1020 5059 ἀπελθὼν
1068 5006 1237 5076 ἄλλην
1263 5007 1478 5059 ἔκτισεν
1510 5001 1817 5073 πλησιώτε-

221 5106 316 5162 ρον
353 5089 570 5162 κώμης.
600 5091 754 5143 Μετά
782 5086 875 5144 οὖν
901 5091 965 5144 τὸ
996 5091 1213 5145 τελέσαι
1247 5089 1347 5160 τὴν
1370 5088 1587 5151 κέλλαν,
1624 5089 1720 5141 καὶ
1759 5088 1818 5139 ἐν

218 5175 365 5244 αὐτῇ
400 5174 644 5243 οἰκῆσαι,
679 5176 817 5245 μετὰ
839 5177 990 5246 τρεῖς
1016 5174 1192 5245 μῆνας
1225 5174 1258 5241 ἢ
1308 5173 1603 5242 τέσσαρας,
1638 5187 1819 5241 παρα-

216 5261 435 5329 γίνεται
463 5262 491 5313 0
513 5260 723 5330 δαίμων
755 5262 812 5311 ἐν
869 5261 1047 5326 νυκτὶ,
1089 5259 1326 5329 ταυρέαν
1351 5258 1594 5327 κατέχων
1630 5257 1818 5328 ὥσπερ

214 5347 269 5399 οἰ
313 5344 523 5414 δήμιοι,
570 5346 755 5415 σχῆμα
794 5345 932 5415 έχων
973 5342 1306 5416 στρατιώτου
1355 5343 1814 5412 ῥακοδυτοῦντος,

214 5429 433 5498 ψόφους
461 5430 831 5501 ἐργαζόμενος
861 5432 926 5499 τῆ
960 5429 1189 5501 ταυρέα.
1226 5428 1365 5499 Πρὸς
1407 5428 1466 5480 ὃν
1518 5427 1821 5498 ἀχθόμενος

216 5515 414 5582 Ξλεγεν
444 5517 472 5566 0
499 5515 771 5583 μακάριος
810 5513 1126 5583 Ναθαναὴλ,
1175 5512 1351 5579 λέγων
1401 5511 1550 5582 αὐτῷ
1578 5527 1592 5541 ο
1621 5513 1719 5577 Τίς
1770 5508 1820 5565 εί

219 5600 317 5661 σὺ,
345 5598 429 5651 ὅτι
464 5598 640 5653 ταῦτα
671 5598 804 5669 δρᾷς
836 5599 894 5651 ἐν
925 5600 991 5668 τῇ
1022 5600 1130 5669 ἐμῇ
1172 5596 1356 5667 ξενίας
1411 5596 1468 5649 '0
1519 5596 1576 5649 δέ
1612 5597 1821 5669 δαίμων

220 5682 567 5752 ἀπεκρίνετο
586 5697 602 5713 ο
646 5682 788 5749 Ἐγώ
818 5699 912 5752 εμι
945 5684 973 5736 0
1007 5684 1102 5735 καὶ
1146 5680 1210 5732 ἐκ
1240 5680 1340 5748 τῆς
1368 5677 1593 5751 πρώτης
1620 5680 1820 5752 κέλλης

220 5767 430 5830 ἐλάσας
462 5782 554 5830 σε,
588 5766 683 5819 καὶ
724 5765 820 5819 νῦν
848 5762 1012 5837 ἦλθον
1046 5765 1140 5818 καὶ
1193 5766 1257 5818 ἐκ
1310 5763 1513 5834 ταύτης
1556 5765 1823 5834 φυγαδεῦ-

227 5851 322 5910 σαί
348 5867 427 5910 σε,
488 5850 779 5923 Ἐγνωκὼς
818 5851 909 5905 οὖν
954 5853 982 5906 ό
1040 5850 1310 5925 μακάριος
1362 5848 1681 5923 Ναθαναὴλ,
1738 5850 1819 5905 ότι

1911 1913 2007 1965 καὶ
2041 1913 2217 1966 πάντα
2237 1912 2327 1965 τὸν
2358 1912 2562 1983 κλῆρον
2590 1911 2757 1982 τιμῶ,
2798 1912 2894 1965 καὶ
2934 1914 3153 1965 πάντων
3193 1911 3497 1984 ἀνθρώπων

1910 1994 2022 2064 ἐγὼ
2059 1999 2087 2049 0
2128 1995 2453 2065 ἁμαρτωλὸς
2494 1995 2807 2065 περίψημα.
2871 1996 3011 2049 [ἰᾶσι
3048 1996 3105 2047 δέ
3152 1997 3363 2057 τούτοις
3401 1998 3497 2050 καὶ

1911 2078 2017 2149 ὅλῳ
2045 2080 2122 2150 τῷ
2165 2079 2264 2150 βίῳ
2294 2080 2418 2132 ὅσον
2446 2078 2509 2131 τὸ
2543 2078 2631 2131 ἐπ’
2664 2079 2788 2148 ἐμοὶ
2808 2080 2874 2148 τῇ
2917 2078 3173 2149 προθέσει
3202 2080 3495 2134 ἀπέθανον.

1915 2165 2065 2235 Ἐχω
2097 2166 2205 2234 γὰρ
2238 2162 2623 2233 κεκρυμμένον
2668 2163 2890 2225 σκοπὸν,
2926 2163 2984 2215 ὃν
3021 2158 3163 2216 οἶδεν
3210 2166 3237 2216 0
3274 2165 3496 2238 Κύριος,

1911 2250 1939 2301 0
1967 2249 2062 2302 καὶ
2085 2249 2152 2300 τὰ
2184 2250 2405 2319 κρυπτά
2436 2248 2533 2319 τῆς
2557 2246 2698 2318 ἐμῆς
2724 2248 2955 2318 καρδίας
2997 2249 3175 2314 εἰδὼς,
3212 2249 3299 2303 διὰ
3339 2252 3393 2303 τί
3435 2251 3497 2303 ού

1912 2332 2121 2402 προέπε
2132 2333 2269 2402 μψα.

1998 2445 2332 2514 Ἀστοχήσας
2356 2444 2414 2497 δέ
2440 2445 2467 2497 0
2490 2446 2701 2515 δαίμων
2729 2446 2822 2499 καὶ
2852 2447 2911 2500 ἐν
2938 2446 3115 2517 τούτῳ
3137 2446 3215 2516 τῷ
3238 2446 3498 2517 δράματι,

1914 2531 2101 2599 σχῆμα
2144 2528 2307 2582 πάλιν
2336 2528 2577 2583 τοιοῦτον
2611 2516 3093 2601 ύπέρχεταιίηρδ
3114 2516 3279 2585 ἐννέα
3308 2534 3499 2602 μηνῶν

1912 2612 2014 2680 τῆς
2046 2613 2355 2683 κοιμήσεως
2380 2613 2472 2666 τοῦ
2507 2614 2743 2683 ἀθλητοῦ
2774 2613 3221 2685 μεταμορφοῦται
3255 2616 3334 2677 είς
3370 2632 3499 2668 παι-

1913 2695 2098 2766 δάριον
2124 2697 2399 2761 δεκαετές,
2427 2697 2503 2762 ὡς
2526 2696 2751 2752 ἐλαῦνον
2780 2699 2900 2753 ὄνον
2930 2700 3126 2769 ἄρτους
3156 2702 3215 2753 ἐν
3251 2702 3500 2771 σαργάνῃ

1915 2778 2275 2849 βαστάζοντα.
2300 2782 2407 2834 Καὶ
2433 2783 2723 2853 γενόμενος
2758 2783 3001 2852 ἑσπέρας
3028 2782 3251 2853 βαθείας
3273 2772 3500 2852 πλησίον

1913 2862 2014 2931 τῆς
2064 2864 2255 2919 τούτου
2306 2864 2537 2935 κέλλης,
2591 2865 2999 2936 ἐσχηματίσατο
3029 2867 3105 2930 ὡς
3152 2869 3501 2921 πεπτωκέναι

1912 2946 2001 2999 τὸν
2036 2946 2175 3011 ὄνον,
2211 2950 2306 3002 καὶ
2332 2949 2536 3019 κράξον
2578 2950 2639 3003 τὸ
2674 2950 2917 3015 παιδίον,
2965 2951 3135 3005 ’Λϐϐᾶ
3168 2952 3501 3023 Ναθαναὴλ,

1914 3029 2135 3099 ἐλέησόν
2181 3049 2269 3101 με,
2303 3034 2398 3085 καὶ
2436 3032 2523 3095 δός
2558 3050 2648 3103 μοι
2678 3037 2857 3107 χεῖρα.
2897 3035 3167 3087 Ἤκουσεν
3208 3035 3263 3089 δέ
3294 3038 3501 3100 ἐκεῖνος

1913 3115 2012 3183 τῆς
2044 3115 2231 3185 φωνῆς
2261 3116 2355 3169 τοῦ
2383 3116 2596 3169 παιδίου
2622 3118 2807 3187 δῆθεν,
2833 3119 2927 3172 καὶ
2957 3118 3175 3182 ἀνοίξας
3202 3118 3304 3189 τὴν
3329 3119 3503 3188 θύραν

1840 3208 1884 3267 (ς
1916 3202 2015 3270 τῆς
2047 3200 2265 3270 κέλλης,
2313 3201 2420 3254 έσω
2459 3202 2632 3265 ἐστὼς
2662 3201 2841 3258 ἐλάλει
2880 3202 3061 3270 αὐτῷ’
3090 3202 3187 3266 Τίς
3219 3199 3290 3266 εί,
3324 3204 3418 3256 καὶ
3449 3204 3503 3257 τί

1918 3282 2092 3347 θέλεις
2126 3286 2335 3356 ποιήσω
2364 3302 2482 3351 σοις
2522 3286 2905 3357 Ἀποκρίνεται
2937 3289 2965 3341 0
2993 3285 3229 3357 δαίμωνε
3272 3284 3412 3355 Ἐγὼ
3444 3286 3505 3341 δά

1916 3369 2030 3438 εἰμι
2065 3370 2218 3423 τοῦδε
2253 3369 2349 3422 τοῦ
2391 3370 2627 3441 μοναχοῦ
2680 3372 2744 3425 τὸ
2795 3371 3116 3442 μελλάκιον,
3166 3371 3260 3424 καὶ
3302 3372 3505 3441 ἁρτους

1914 3454 2195 3524 ἀποφέρω.
2264 3456 2482 3526 Ἐπειδὴ
2528 3457 2724 3525 ἀγάπη
2767 3456 2915 3510 ἐστὶν
2943 3455 3039 3508 τοῦ
3084 3455 3179 3508 σοῦ
3223 3456 3503 3525 γνωρίμου

1913 3539 2068 3593 τοῦδε
2097 3539 2191 3593 τοῦ
2220 3539 2475 3608 ἀδελφοῦ,
2506 3528 2601 3593 καί¹
2627 3538 2815 3609 αὔριον
2836 3538 3116 3593 Σαϐϐάτω
3146 3538 3503 3608 διαφαύοντος

1915 3624 2073 3695 χρεία
2097 3624 2206 3676 τῶν
2235 3623 2579 3695 προσφορῶν.
2618 3624 2819 3691 Δέομαι
2845 3623 2940 3679 οῦν
2991 3640 3085 3676 σου
3125 3624 3198 3693 μή
3245 3640 3312 3693 με
3355 3641 3501 3695 παρ-

1918 3709 2053 3779 ίδῃς,
2094 3710 2169 3777 μή
2210 3725 2335 3761 ποτε
2384 3708 2478 3761 καὶ
2511 3707 2615 3761 ὑπὸ
2660 3708 2861 3762 ύαινῶν
2896 3707 3109 3779 βρωθῶ.
3152 3707 3353 3762 Πολλαὶ
3394 3709 3503 3780 γὰρ

1916 3790 2098 3845 ῦαιναί
2136 3792 2275 3843 εἰσιν
2318 3792 2374 3843 ἐν
2408 3793 2521 3854 τοῖς
2568 3791 2775 3855 τόποις.
2840 3790 3019 3854 Ἐνεδς
3058 3790 3153 3844 οὖν
3200 3790 3445 3860 ἐστηκὼς
3473 3792 3504 3843 0

1918 3875 2186 3945 μακάριος
2218 3873 2543 3944 Ναθαναὴλ,
2596 3874 2702 3927 ὑπὸ
2734 3874 2938 3945 πολλῆς
2990 3872 3335 3943 συμπαθείας
3370 3874 3503 3943 σφό-

1914 3958 2015 4029 δρα
2077 3955 2313 4025 ἰλιγγία,
2366 3957 2771 4029 ταραττόμενος
2819 3959 2933 4019 τοῖς
2990 3956 3351 4026 σπλάγχνοις,
3409 3956 3505 4010 καὶ

1915 4026 2192 4107 ἐλογίζετο
2237 4038 2291 4091 τί
2325 4026 2574 4109 ποιησει,
2614 4026 2819 4107 λέγων,
2866 4040 2936 4092 Ἦ
2979 4038 3083 4107 τῆς
3126 4038 3348 4108 ἐντολῆς
3395 4039 3504 4109 ἔχω
3552 4064 3555 4065 ν

1915 4125 2191 4187 ἐκπεσεῖν,
2227 4123 2262 4195 ἢ
2300 4124 2399 4193 τῆς
2452 4122 2764 4194 προθέσεως
2810 4122 3179 4191 ἐξολισθῆσαι.
3233 4123 3503 4191 ’Υστερον

1916 4207 2372 4278 ἐπιλογισάμενος
2396 4206 2475 4276 τῷ
2496 4202 2711 4259 εὐσεϐεῖ
2732 4205 3004 4277 λογισμῷ,
3033 4202 3188 4258 εἶπεν
3217 4207 3276 4259 ἐν
3298 4206 3499 4275 ἐαυτῷ’

1919 4292 2175 4362 Ἀμεινόν
2210 4294 2327 4344 ἐστι
2380 4291 2441 4343 τὸ
2477 4291 2552 4361 μὴ
2590 4289 2851 4345 σαλεῦσαι
2886 4289 3155 4343 τοσούτων
3186 4289 3337 4342 ἐτῶν*
3362 4290 3500 4360 πρό-

1916 4376 2085 4440 θεσιν,
2116 4378 2195 4439 είς
2240 4373 2505 4445 αἰσχύνην
2540 4374 2635 4427 καὶ
2666 4368 2837 4445 ἧτταν
2882 4371 2977 4426 τοῦ
3016 4372 3284 4427 διαϐόλου.
3328 4374 3505 4444 Προσ-

1918 4462 2215 4531 ευξάμενος
2239 4460 2417 4513 τοίνυν
2442 4457 2519 4529 τῷ
2550 4457 2761 4530 Κυρίῳ,
2784 4458 2933 4525 λέγει
2984 4458 3119 4528 πρὸς
3148 4458 3221 4525 τῷ
3247 4458 3498 4514 λαλοῦντι

1840 4558 1894 4618 D
1919 4546 2080 4615 δῆθεν
2117 4544 2333 4615 παιδίῳ⁶
2372 4545 2661 4608 Ἀκουσον,
2692 4542 2975 4613 παιδίον,ἢ
3005 4543 3153 4604 ὅστις
3174 4542 3237 4613 δή
3270 4559 3398 4595 ποτε
3428 4538 3503 4609 εῐ,

1921 4628 2166 4683 πιστεύω
2196 4629 2277 4691 εἰς
2306 4628 2397 4681 τὸν
2433 4627 2491 4679 ἐν
2514 4619 2558 4695 ᾧ
2592 4627 2841 4696 λατρεύω
2868 4626 2947 4698 τῷ
2979 4626 3295 4689 δεσπόζοντι
3322 4627 3505 4697 πάσης

1918 4713 2117 4783 πνοῆς’
2158 4713 2240 4765 ὅτι
2264 4712 2314 4763 εί
2345 4709 2568 4781 χρῄζεις
2596 4710 2769 4773 ὅντως
2808 4709 3081 4781 βοηθείας,
3124 4710 3330 4778 πέμπει
3362 4726 3445 4762 σοι
3475 4712 3507 4763 0

1917 4795 2050 4859 Θεός
2084 4813 2185 4866 μου
2232 4794 2507 4864 βοήθειαν,
2537 4794 2630 4847 καὶ
2657 4792 2781 4847 οὕτε
2813 4809 2871 4844 σε
2912 4792 3113 4858 ὕαιναι,
3146 4792 3269 4845 οὔτε
3296 4809 3350 4844 τι
3376 4793 3506 4846 ἄλλο

1917 4880 2187 4948 ἀδικήσει.
2236 4878 2300 4931 Εἰ
2339 4879 2395 4929 δὲ
2432 4876 2742 4946 πειρασμός
2773 4893 2856 4939 τις
2887 4870 2957 4940 εί,
3000 4876 3094 4929 καὶ
3122 4874 3280 4929 τοῦτο
3305 4876 3334 4927 0
3371 4875 3505 4938 Θεός

1921 4982 2024 5034 μου
2077 4960 2327 5015 ἐντεῦθεν
2375 4960 2476 5030 ῆδη
2510 4959 2571 5013 τὸ
2616 4959 2801 5028 δρᾶμα
2849 4958 3192 5027 ἀποκαλύψει
3246 4975 3372 5028 μοι·
3411 4959 3505 5011 καὶ

1919 5049 2141 5108 κλείσας
2190 5046 2290 5116 τὴν
2341 5043 2510 5115 θύραν
2559 5045 2657 5111 τῆς
2692 5043 2886 5113 κέλλης
2924 5043 3191 5113 ἐνδοτέρω
3238 5042 3503 5113 ἀπῆλθεν.

1920 5131 2236 5202 Δίσχυνθεὶς
2286 5129 2344 5181 δὲ
2377 5130 2405 5180 0
2438 5126 2652 5197 δαίμων
2690 5126 2786 5180 καὶ
2818 5127 2912 5180 ἐπὶ
2940 5128 3116 5199 ταύτῃ
3140 5130 3207 5199 τῇ
3237 5128 3377 5199 ἧττα
3408 5128 3506 5180 αύ-

1920 5218 2039 5281 τοῦ,
2090 5218 2171 5279 εἰς
2209 5214 2449 5267 λαίλαπα
2492 5211 2728 5282 ἀνελύθη
2752 5252 2767 5278 ,
2801 5214 2895 5265 καὶ
2923 5215 3003 5275 εἰς
3047 5213 3311 5284 όνάγρους
3347 5230 3505 5284 σκιρ.

1920 5304 2130 5363 τῶντας
2196 5298 2290 5352 καὶ
2344 5296 2665 5365 φεύγοντας,
2725 5298 2819 5349 καὶ
2878 5296 3084 5367 ψόφους
3140 5299 3233 5365 ἀφ’
3298 5296 3507 5351 ἑαυτῶν

1920 5384 2257 5445 ἀπολύοντας
2338 5379 2725 5451 ἐξομοιωθεὶς,
2814 5378 2986 5444 οὕτως
3073 5382 3309 5451 ἄφαντος
3380 5380 3506 5451 ὲγέ-

1921 5489 2062 5527 νετο.

1994 5594 2165 5648 Τοῦτο
2190 5593 2252 5648 τὸ
2276 5590 2439 5648 ἆθλον
2456 5589 2548 5645 τοῦ
2580 5588 2857 5662 μακαρίου
2883 5586 3202 5660 Ναθαναὴλ,
3230 5588 3324 5642 καὶ
3348 5581 3507 5643 αὗται

1925 5678 2090 5733 αὑτοῦ
2145 5679 2203 5731 αἰ
2258 5676 2454 5749 ἀρεταὶ
2490 5675 2587 5746 τῆς
2632 5674 2961 5745 ἀσκήσεως,
3012 5672 3106 5725 καὶ
3160 5672 3193 5742 ἡ
3242 5672 3507 5742 ἀήττητος

1929 5766 2078 5835 μάχη
2136 5760 2273 5833 πρὸς
2310 5761 2401 5814 τὸν
2439 5758 2769 5824 ἀντίπαλον,
2819 5757 2915 5810 καὶ
2965 5754 3106 5826 αῦτη
3146 5754 3311 5808 αὐτοῦ
3352 5756 3385 5825 ἠ
3426 5755 3506 5809 δι-

1928 5844 2141 5921 αγωγὴ,
2175 5846 2266 5901 καὶ
2295 5844 2353 5899 τὸ
2384 5862 2444 5897 πε
2458 5844 2511 5916 pl
2544 5843 2706 5897 αὐτὸν
2732 5839 2825 5896 τοῦ
2852 5838 3095 5910 ἀοιδίμου
3133 5838 3249 5910 βίον
3283 5838 3451 5906 τέλος.
