4096 6506
604 326 761 389 1043

1152 435 1404 491 ιιεοΑΑ.
1450 434 1553 505 Ie',
1581 436 1667 489 ιιι.

909 519 1048 591 Περι
1079 521 1387 589 Μακαρίου
1420 519 1523 572 τοῦ
1557 517 1907 587 Αἰγυπτίου.

684 605 766 660 Τὰ
798 603 939 659 κατὰ
970 604 1097 667 τοὺς
1121 604 1313 671 ἁγίους
1340 604 1435 656 καί⁵
1468 602 1771 664 ἀθανάτους
1798 598 2052 669 Ματέρας
2077 598 2204 653 Μα-

616 690 805 762 κάριον
846 689 936 743 τὸν
966 687 1290 757 Αἰγύπτιον,
1337 688 1433 740 καὶ
1472 686 1759 755 Μακάριον
1801 684 1891 736 τὸν
1950 682 2205 750 Ἀλεξαν-

615 776 782 847 δρέα,
820 774 949 837 τοὺς
996 772 1283 841 γενναίους
1331 770 1533 843 ἄνδρας
1576 769 1677 825 καὶ
1726 765 2205 835 ἀκαταγωνίστους

616 857 890 928 ἀθλητάς,
950 854 1046 909 τοῦ
1076 855 1333 925 ἐναρέτου
1376 854 1495 924 βίου
1551 850 1689 908 ἆθλα
1725 852 1895 906 πολλά
1934 850 2062 905 ὄντα
2110 852 2206 905 καὶ

621 941 867 1012 μεγάλα,
922 938 1021 992 καὶ
1073 936 1271 1009 μικροῦ
1317 937 1426 991 δεῖν
1454 936 1726 991 δύσπιστα
1762 938 1876 999 τοῖς
1920 934 2201 1001 ἀπίστοις,

616 1024 758 1077 ὀκνῶ
783 1020 1176 1093 διηγήσασθαι,
1208 1020 1303 1073 καὶ
1332 1023 1516 1092 γραφῇ
1554 1017 1910 1091 παραδοῦναι,
1960 1018 2033 1088 μή
2073 1033 2204 1069 ποτε

619 1109 713 1159 καὶ
743 1104 976 1174 ψεύστου
1007 1104 1165 1169 δόξαν
1214 1102 1635 1173 ἀπενέγκωμαι.
1688 1102 1811 1155 Ὀτι
1845 1101 1904 1155 δὲ
1947 1100 2206 1154 ἀπολλύει

619 1189 825 1259 Κύριος
874 1190 1083 1252 πάντας
1130 1188 1259 1251 τοὺς
1303 1187 1601 1251 λαλοῦντας
1648 1186 1710 1241 τὸ
1749 1184 1982 1254 ψεῦδος,
2017 1183 2206 1254 σαφῶς

621 1275 766 1328 ἐστιν
793 1273 919 1326 ἰδεῖν
949 1270 1375 1342 ἀποφηνάμενον
1406 1269 1467 1323 τὸ
1494 1268 1719 1338 Πνεῦμα
1744 1269 1805 1321 τὸ
1833 1266 2010 1336 ἅγιον.

704 1356 871 1427 Ἐμοῦ
917 1357 1097 1409 τοίνυν
1146 1356 1219 1426 μή
1266 1354 1600 1425 ψευδομένου
1647 1353 1734 1408 διὰ
1780 1354 1880 1424 τὴν
1915 1352 2076 1423 χάριν
2109 1349 2205 1415 τοῦ

621 1441 853 1512 Κυρίου,
899 1439 1190 1492 πιστότατε
1244 1437 1355 1489 τῶν
1395 1438 1605 1508 ἀνδρῶν
1655 1436 1861 1497 Λαῦσε,
1913 1436 2006 1488 καὶ
2044 1433 2206 1496 αὐτὸς

627 1525 702 1595 μὴ
744 1522 963 1577 ἀπίστει
1010 1524 1119 1583 τοῖς
1153 1520 1260 1574 τῶν
1301 1521 1473 1590 άγίων
1520 1521 1777 1590 Πατέρων
1817 1518 2023 1584 ἄθλοις,
2072 1518 2207 1571 άλλά

627 1606 830 1677 μᾶλλον
878 1603 1288 1673 ἐγκαλλωπίζου
1340 1603 1545 1656 τούτων
1598 1603 1704 1657 τῶν
1765 1600 2062 1671 ἀοιδίμων,
2112 1600 2207 1652 καὶ

622 1690 793 1755 ὅντως
824 1687 1143 1760 μακαρίων,
1186 1686 1294 1740 τῶν
1336 1685 1455 1739 κατ’
1492 1685 1653 1752 ἀξίαν
1683 1684 1790 1738 τῶν
1822 1684 1987 1739 ὁσίων
2031 1682 2207 1738 ἄθλων

622 1773 802 1827 αὐτῶν
829 1773 927 1841 τῆς
950 1771 1237 1838 ἀσκήσεως
1266 1771 1363 1824 καὶ
1386 1770 1453 1824 τά
1481 1770 1724 1840 ὀνόματα
1752 1769 2134 1837 κεκτημένων.

708 1856 766 1909 '0
809 1859 907 1926 μὲν
937 1853 1152 1925 πρῶτος
1192 1852 1431 1925 ἀθλητὴς
1462 1851 1558 1906 τοῦ
1601 1851 1875 1921 Χριστοῦ,
1918 1852 2207 1923 Μακάριος

622 1939 868 2009 ὀνόματι,
894 1936 1191 2004 Αἰγύπτιος
1225 1936 1303 2007 τῷ
1332 1937 1479 2002 γένει
1504 1936 1749 2007 ὑπῆρχεν
1772 1951 1784 1965 ’
1817 1938 1843 1988 6
1871 1934 1928 1988 δὲ
1955 1932 2205 2005 δεύτερος

622 2026 690 2092 τῇ
716 2021 937 2093 ἡλικία,
968 2019 1184 2089 πρῶτος
1213 2019 1269 2072 δὲ
1318 2020 1429 2082 τοῖς
1466 2019 1847 2089 προτερήμασι
1892 2017 2000 2070 τῶν
2043 2034 2206 2087 μοναο

623 2103 759 2175 χῶν,
807 2104 904 2159 καὶ
935 2103 1098 2165 αὑτὸς
1143 2103 1431 2173 Μακάριος
1473 2100 1809 2172 καλούμενος
1840 2099 1917 2170 τῷ
1956 2100 2204 2170 ὀνόματι,

639 2186 1036 2256 ⁹Λλεξανδρέων
1067 2184 1290 2254 πολίτης
1331 2184 1587 2254 γέγονεν,
1629 2186 1963 2257 τραγήματα
2000 2183 2210 2255 πιπρά-

628 2286 795 2324 σκων.

700 2352 810 2407 Καὶ
859 2351 927 2405 τά
981 2351 1085 2423 μὲν
1134 2350 1327 2421 πρῶτα
1378 2350 1715 2422 διηγήσομαι
1761 2349 1856 2403 τοῦ
1911 2348 2210 2418 Αἰγυπτίου

627 2435 917 2507 Μακαρίου
945 2437 1043 2497 τὰς
1087 2436 1313 2506 ἀρετάς,
1350 2434 1408 2497 ὃς
1439 2435 1638 2499 ἔζησεν
1665 2434 1734 2499 τά
1778 2434 2071 2505 σύμπαντα
2113 2433 2208 2504 ἐτη

628 2519 973 2589 ἐνενήκοντα.
1038 2518 1172 2571 Ἀπὸ
1209 2518 1419 2572 τούτων
1470 2521 1529 2572 ἐν
1562 2521 1629 2589 τῇ
1687 2518 1876 2588 ἐρήμῳ
1910 2517 2212 2586 πεποίηκεν

627 2603 890 2674 ἐξήκοντα
938 2602 1054 2673 ἐτη.
1086 2602 1527 2673 Τριακονταετὴς
1572 2600 1811 2654 ἀνελθὼν
1849 2601 2113 2672 νεώτερος
2144 2602 2211 2672 τῇ

628 2687 816 2758 ἡλικίᾳ
857 2686 1124 2759 σφριγῶν,
1168 2686 1409 2758 τοσαύτῃ
1452 2679 1605 2748 οὗτος
1636 2686 1908 2756 ἐχρήσατο
1944 2684 2214 2755 καρτερίᾳ

628 2773 808 2825 πόνων
849 2769 1168 2841 ἀσκητικῶν
1200 2772 1257 2823 ἐν
1288 2771 1428 2833 ὅλοις
1467 2769 1600 2823 δέκα
1638 2769 1842 2834 ἐτεσιν,
1890 2767 1968 2832 ώς
2012 2766 2214 2836 πολλῆς

631 2854 723 2906 καὶ
774 2853 1018 2924 μεγάλης
1066 2851 1258 2906 τοῦτον
1300 2852 1601 2924 ἀξιωθῆναι
1645 2852 2012 2922 διακρίσεως
2070 2850 2213 2903 ὥστε

630 2938 914 2991 καλεῖσθαι
978 2937 1139 2990 αὑτὸν
1195 2936 1684 3008 παιδαριογέροντα
1708 2975 1723 2997 ,
1778 2935 1963 3006 ἐπειδὴ
2021 2936 2214 2990 θᾶττον

630 3022 729 3091 τῆς
776 3021 993 3088 ἡλικίας
1033 3019 1339 3091 προέκοψεν
1381 3022 1499 3082 ταῖς
1529 3021 1773 3090 ἀρεταῖς.
1830 3018 2210 3089 Τεσσαρακον-

2101 319 2455 381 PALLADII

2233 435 2280 493 Α
2308 433 2419 494 τοῖς
2452 429 2848 502 ῥᾳθυμοτέρως
2902 428 3015 483 τῶν
3053 428 3159 494 ἔξω
3193 428 3445 500 μοναχιῖη
3490 428 3637 482 ἐστιν
3665 432 3859 503 εὑρεθῆ.

3740 314 3859 382 Ῑθίί

2304 532 2393 568 ναι
2439 512 2788 584 ἀδηφαγίαν,
2836 512 2870 583 ἢ
2914 511 3071 583 παρὰ
3117 515 3232 575 τοῖς
3279 508 3430 566 οὖσιν
3463 513 3524 565 ἐν
3564 514 3674 576 τοῖς
3702 515 3859 580 τόποις

2306 598 2559 660 ἐκείνοις,
2590 597 2683 650 καὶ
2707 596 2795 651 διὰ
2819 596 2918 667 τὴν
2948 598 3148 651 σπάνιν
3177 596 3287 649 τῶν
3312 596 3538 669 χρειῶν,
3574 597 3666 650 καὶ
3688 599 3769 651 διὰ
3787 600 3861 653 τὸν

2304 680 2445 734 κατὰ
2488 679 2621 733 Θεὸν
2666 680 2828 749 ζῆλον
2862 678 2972 733 τῶν
3004 679 3400 733 κατοικούντων
3431 681 3553 732 ἐκεῖ
3580 721 3594 741 ,
3635 681 3717 733 ἀεὶ
3752 682 3862 754 πρὸς

2304 765 2570 836 ἀλλήλους
2609 766 2856 821 ἐκάστων
2902 763 3354 834 φιλονεικούντων
3403 763 3752 836 ὑπερϐαίνειν
3790 768 3861 820 ’ὢν

2305 851 2538 921 πλησίον
2570 853 2692 915 ταῖς
2726 849 3007 920 διαφόροις
3038 850 3359 913 πολιτείαις.

2378 935 2515 1006 Περὶ
2547 934 2603 987 δὲ
2644 935 2743 1005 τῆς
2775 934 2944 1005 ἄλλης
2972 934 3262 1005 ἀσκήσεως
3285 931 3479 985 τούτου
3508 930 3607 984 τοῦ
3645 932 3862 1003 οὐρανίου

2306 1020 2520 1090 ἀνδρὸς,
2548 1020 2717 1073 Μακα
2728 1018 2843 1089 ρίου
2868 1018 3035 1087 λέγω,
3069 1016 3289 1084 ἐλέγετο
3316 1010 3477 1080 οὗτος
3504 1018 3534 1068 6
3566 1014 3718 1084 ἅγιος
3739 1018 3863 1070 ἀδια-

2306 1104 2543 1168 λείπτως
2591 1102 2934 1167 ἐξίστασθαι,
2984 1101 3082 1155 καὶ
3129 1100 3331 1170 μᾶλλον
3359 1099 3439 1169 τῷ
3485 1099 3693 1152 πλείονι
3720 1101 3865 1170 χρόνῳ

2307 1187 2751 1258 προσδιατρίϐειν
2780 1186 2920 1257 Θεῷ,
2949 1187 2983 1257 ἢ
3015 1188 3129 1249 τοῖς
3170 1184 3263 1238 ὑπ’
3290 1184 3527 1254 οὐρανὸν
3557 1184 3864 1255 πράγμασιν.

2307 1268 2383 1327 Οὑ
2412 1271 2507 1325 καὶ
2526 1271 2761 1342 διάφορα
2791 1272 3050 1340 φέρονται
3082 1268 3362 1339 θαύματα.

2391 1356 2556 1426 ’Δνήρ
2605 1371 2690 1419 τις
2749 1353 3050 1421 Αἰγύπτιος
3093 1352 3305 1415 ἄσωτος
3342 1348 3603 1421 ἐρασθεὶς
3646 1350 3867 1418 γυναικὸς

2308 1438 2599 1508 ἐλευθέρας
2629 1438 2929 1508 ὑπάνδρου,
2958 1436 3055 1490 καὶ
3089 1437 3166 1506 μὴ
3191 1435 3497 1505 δυνάμενος
3526 1433 3695 1504 αὑτήν
3716 1432 3869 1485 δελεάο

2309 1539 2437 1585 σαι,
2486 1519 2576 1574 διὰ
2604 1519 2704 1591 τὴν
2740 1518 3099 1591 σωφροσύνην
3141 1516 3348 1585 ταύτης
3383 1516 3529 1588 πρὸς
3574 1515 3666 1568 τὸν
3694 1515 3872 1585 παρθε-

2308 1604 2455 1658 νικὸν
2480 1603 2650 1674 αὑτῆς
2674 1602 2864 1672 ἄνδρα,
2895 1600 3318 1671 προσωμίλησεν
3345 1600 3507 1669 γόητι
3554 1600 3584 1652 6
3636 1598 3870 1669 κακόσχο-

2307 1689 2420 1752 λος,
2456 1687 2635 1755 λέγων
2676 1685 2851 1757 αὐτῷ,
2891 1687 2960 1739 Ἢ
3008 1685 3126 1739 ἕλον
3168 1683 3375 1753 ταύτην
3400 1685 3488 1747 είς
3532 1681 3594 1735 τὸ
3620 1680 3868 1751 ἀγαπῆσαί

2238 1777 2277 1831 Β
2311 1790 2399 1842 με,
2442 1771 2475 1843 ἢ
2524 1760 2762 1842 ἐργασαί
2799 1787 2850 1822 τι
2895 1771 2959 1836 τῇ
3008 1771 3174 1839 τέχνῃ
3222 1784 3340 1830 σου,
3376 1766 3467 1820 ἵνα
3499 1766 3635 1836 ῥίψῃ
3671 1766 3872 1834 αὑτηνδ

2310 1858 2449 1928 ἀνὴρ
2481 1855 2673 1924 αὑτῆς.
2703 1852 2899 1907 Λαϐὼν
2923 1848 3015 1906 οὖν
3037 1853 3065 1905 6
3087 1853 3219 1922 γόης
3236 1852 3298 1904 τὸ
3326 1851 3516 1904 ἰκανὸν
3551 1849 3679 1919 παρ’
3704 1847 3866 1916 αὑτοῦ,

2310 1941 2585 2011 ἐχρήσατο
2629 1940 2751 2001 ταῖς
2797 1934 2995 1990 ἐαυτοῦ
3043 1934 3323 2004 γοητείαις
3370 1934 3472 1987 καὶ
3522 1932 3867 2003 μαγγανείαις.

2311 2024 2424 2077 Καὶ
2480 2022 2557 2094 μὴ
2594 2022 2845 2093 δυνηθεὶς
2904 2020 3075 2089 αὑτῆς
3113 2020 3377 2089 ἐκστῆσαι
3409 2018 3511 2072 τὸν
3560 2016 3681 2070 νοῦν
3730 2015 3869 2078 εἰςτὸ

2310 2107 2487 2177 τούτῳ
2535 2104 2861 2168 συνθέσθαι,
2898 2102 3314 2175 παρασκευάζει
3342 2102 3521 2173 αὑτὴν
3572 2100 3647 2164 ώς
3696 2097 3868 2170 φοράδα

2313 2192 2548 2260 φανῆναι
2575 2191 2689 2253 τοῖς
2718 2188 2890 2259 αὐτὴν
2917 2186 3234 2258 θεωμένοις.
3262 2187 3509 2251 Ἐξωθεν
3531 2187 3708 2239 τοίνυν
3730 2184 3867 2236 ἐλθὼν

2311 2277 2340 2329 6
2388 2274 2529 2344 ἀνὴρ
2572 2272 2763 2343 αὐτῆς,
2797 2274 2854 2325 ἐν
2904 2272 3144 2342 σχήματι
3185 2270 3416 2342 φοράδος
3455 2270 3561 2339 τὴν
3591 2266 3869 2334 ἑαυτοῦδτνρ

2312 2361 2477 2413 ναῖκα
2517 2356 2744 2411 ἔϐλεπεν
2765 2373 2778 2387 ·
2810 2357 2905 2410 καὶ
2937 2355 3033 2408 ἐπὶ
3058 2357 3157 2424 τῆς
3192 2353 3386 2407 ἐαυτοῦ
3416 2354 3614 2423 κοίτης
3646 2352 3867 2407 κατακλι-

2319 2440 2457 2505 θεὶς,
2510 2440 2785 2507 ἐξενίζετο
2833 2440 2916 2493 ὃτι
2956 2441 3038 2502 εἰς
3084 2442 3177 2492 τὸν
3202 2437 3484 2507 κράϐατον
3518 2436 3683 2491 αὑτοῦ
3728 2434 3868 2506 φορὰς

2316 2524 2580 2579 ἀνέκειτο.
2634 2520 2828 2585 Κλαίει
2883 2517 2977 2583 οὖν
3015 2524 3044 2576 6
3076 2522 3215 2591 ἀνὴρ
3245 2521 3450 2590 αὐτῆς,
3495 2519 3594 2573 καὶ
3619 2517 3865 2589 ὀδύρεται,

2320 2608 2395 2680 μὴ
2418 2609 2689 2678 εὑρίσκων
2709 2606 2768 2660 τὸ
2793 2607 3030 2677 πρᾶγμα
3047 2622 3062 2638 ⁸
3093 2606 3186 2660 καὶ
3214 2606 3287 2669 ώς
3316 2603 3560 2675 νομίζων
3590 2603 3709 2673 ζώῳ
3728 2619 3868 2673 προσ-

2312 2692 2522 2762 ομιλεῖν
2547 2733 2561 2757 ,
2602 2692 2949 2764 ἀποκρίσεως
2998 2690 3100 2744 οὑκ
3163 2688 3459 2758 ἐτύγχανεν
3490 2729 3506 2749 ,
3548 2686 3868 2759 ὀργιζομένης

2317 2776 2419 2845 τῆς
2464 2775 2745 2844 γυναικός.
2790 2775 2915 2828 Ἐπὶ⁵
2937 2774 3149 2836 τούτοις
3186 2771 3587 2842 παρακαλέσας
3616 2773 3732 2835 τοὺς
3759 2788 3869 2841 πρε-

2323 2860 2618 2930 σϐυτέρους
2662 2858 2759 2928 τῆς
2794 2857 3025 2928 κώμης,
3070 2858 3150 2919 εἰς
3194 2855 3285 2908 τὸν
3332 2849 3487 2909 οἷκον
3531 2854 3762 2922 εἰσάγει,
3794 2852 3870 2907 καὶ

2317 2943 2559 2998 δείκνυσι
2582 2941 2787 3013 ταύτην
2815 2941 3020 3004 αὐτοῖς.
3046 2941 3109 2993 Οἱ
3137 2939 3192 2992 δέ
3216 2939 3325 2992 οὐδ’
3354 2937 3513 2992 αὑτοὶ
3543 2940 3769 3009 συνῆκαν
3789 2936 3869 3005 τὴν

2319 3027 2604 3097 συμφοράν
2656 3024 2756 3096 τὴν
2806 3021 3221 3078 καταλαϐοῦσαν
3281 3020 3506 3084 αὐτούς.
3580 3021 3698 3073 Ἐπὶ
3748 3022 3870 3091 τρεῖς

631 3104 830 3177 ταετὴς
862 3104 972 3175 γάρ
1002 3104 1295 3173 γενόμενος
1326 3102 1468 3157 κατά
1501 3104 1829 3173 πνευμάτων
1848 3101 2039 3156 ἔλαϐεν
2064 3101 2214 3167 ἐξου-
2242 3108 2289 3173 c
2317 3110 2497 3162 τοίνυν
2533 3109 2747 3178 ἡμέρας
2773 3106 2897 3160 οὔτε
2927 3106 3120 3177 χόρτου
3161 3104 3580 3176 μετελάμϐανεν
3609 3104 3680 3166 ὡς
3707 3103 3867 3172 φορὰς,

633 3188 920 3259 σιαστικὴν
985 3187 1247 3257 δύναμιν,
1318 3186 1415 3239 καὶ
1464 3186 1711 3257 χάρισμα
1770 3188 2051 3255 ἰαμάτων,
2118 3187 2213 3240 καὶ

635 3271 854 3341 πνεῦμα
887 3272 1271 3341 προρρήσεων.
1308 3268 1640 3340 Κατηξιώθη
1664 3270 1720 3323 δὲ
1749 3270 1841 3322 καὶ
1864 3270 1963 3339 τῆς
1993 3271 2213 3341 ἐντίμου

636 3353 957 3427 ἱερωσύνης.
986 3355 1175 3425 Τούτῳ
1206 3357 1443 3425 συνῆσαν
1468 3353 1562 3407 δύο
1587 3354 1823 3424 μαθηταὶ
1853 3355 1932 3416 εἰς
1961 3352 2059 3424 τήν
2088 3354 2217 3424 Epu—

640 3456 740 3509 μον
771 3440 871 3507 τὴν
918 3436 1185 3491 ἐνδοτάτω
1206 3476 1221 3502 ,
1275 3438 1374 3507 τήν
1408 3436 1752 3507 καλουμένην
1796 3438 1996 3506 Σκῆτιν
2017 3452 2029 3466 ’
2081 3431 2155 3490 ὧν
2187 3437 2218 3489 6

639 3522 741 3593 μὲν
769 3514 848 3583 είς
877 3519 1057 3573 αὑτῶν
1080 3515 1149 3590 ἦν
1170 3519 1321 3590 αὑτῷ
1344 3520 1645 3591 ὑπηρέτης,
1677 3522 1905 3592 πλησίον
1935 3520 2101 3575 αὑτοῦ
2128 3519 2220 3575 διὰ

638 3605 842 3667 παντὸς
899 3604 1290 3675 εὑρισκόμενος
1342 3605 1429 3658 διὰ
1478 3605 1541 3657 τὸ
1601 3605 1731 3668 τοὺς
1802 3606 2218 3677 εἰσερχομένους

638 3686 1074 3762 θεραπεύεσθαιο
1134 3690 1163 3742 6
1213 3690 1269 3743 δὲ
1324 3683 1405 3753 εἷς
1457 3688 1725 3762 ἀνεχώρει
1786 3688 1909 3742 κατ’
1962 3690 2098 3744 ἰδίαν
2137 3692 2219 3754 εἰς

637 3777 850 3832 κέλλαν.

709 3862 918 3933 Χρόνου
962 3860 1020 3913 δὲ
1051 3857 1458 3929 προκόψαντος,
1490 3857 1786 3929 διορατικῷ
1827 3857 2035 3928 ὄμματι
2081 3873 2220 3928 προ-

641 3944 845 4016 ϐλέψας
874 3947 902 3997 6
933 3946 1086 4013 ἀγιος
1114 3943 1269 4011 λέγει
1305 3941 1386 4012 τῷ
1421 3942 1784 4013 ὑπηρετοῦντι
1815 3942 1965 4013 αὑτῷ
1997 3941 2220 4011 ὀνόματι

652 4032 898 4102 Ἰωάννῃ,
941 4030 1020 4093 είς
1053 4026 1282 4098 ὕστερον
1325 4027 1381 4081 δὲ
1427 4028 1706 4099 γενομένῳ
1741 4027 2098 4099 πρεσϐυτέρῳ
2141 4027 2223 4088 είς

638 4114 733 4167 τὸν
777 4115 943 4167 τόπον
982 4112 1078 4166 τοῦ
1113 4112 1268 4181 ἁγίου
1299 4111 1591 4183 Μακαρίου
1639 4110 2074 4183 (πρεσϐυτερίου
2112 4108 2223 4181 γάρ

638 4197 848 4268 ἠξιώθη
905 4198 934 4250 6
986 4196 1160 4267 μέγας
1208 4194 1578 4269 Μακάριος),
1635 4196 1717 4249 δτι
1770 4195 2039 4248 ’Δκουσόν
2084 4210 2222 4265 μου,

643 4281 843 4350 ἀδελφέ
884 4281 1130 4346 Ἰωάννη,
1156 4279 1253 4331 καὶ
1273 4279 1511 4348 ἀνάσχου
1543 4295 1645 4349 μου
1666 4279 1767 4349 τῆς
1790 4278 2095 4341 νουθεσίας,
2127 4276 2226 4331 καὶ

646 4363 968 4430 συνενέγκαι
993 4379 1075 4414 σοι
1097 4359 1232 4430 ἔχει.
1256 4361 1503 4434 Πειράζῃ
1522 4361 1651 4433 γὰρ,
1677 4362 1833 4433 φησι,
1860 4361 1952 4414 καὶ¹
1974 4360 2225 4431 πειράζει

2318 3192 2439 3261 ρὺτε
2496 3192 2661 3258 ἄρτου
2705 3191 2781 3254 ώς
2823 3189 3147 3260 ἄνθρωπος,
3198 3188 3528 3259 ἀμφοτέρων
3568 3186 3867 3257 ἐστερημένη

2316 3281 2427 3330 τῶν
2470 3274 2710 3347 τροφῶν.
2744 3274 2912 3336 Τέλος
2936 3316 2950 3337 ,
2984 3274 3072 3327 ἵνα
3103 3272 3331 3344 δοξασθῃ
3363 3273 3391 3324 6
3421 3271 3561 3334 Θεὸς
3580 3312 3596 3337 ,
3638 3274 3726 3325 καὶ
3750 3271 3865 3339 φανῇ

2319 3364 2352 3433 ἡ
2377 3360 2547 3433 ἁρετὴ
2570 3360 2663 3413 τοῦ
2690 3358 2847 3426 ἁγίου
2884 3358 3198 3429 Μακαρίου,
3230 3357 3395 3427 ἀνέϐη
3425 3359 3524 3411 ἐπὶ
3546 3358 3645 3427 τὴν
3675 3354 3866 3423 καρδίαν

2318 3445 2413 3500 τοῦ
2442 3444 2632 3513 ἀνδρὸς
2659 3442 2831 3511 αὑτῆς
2861 3443 3090 3509 ἀγαγεῖν
3114 3441 3280 3512 αὑτὴν
3304 3443 3383 3504 είς
3403 3442 3509 3511 τὴν
3534 3441 3731 3511 ἔρημον
3757 3435 3865 3507 πρὸς

2320 3528 2413 3582 τὸν
2465 3527 2612 3580 ὅσιον
2648 3526 2850 3595 ἀνδραο
2906 3525 3003 3578 καὶ
3050 3526 3349 3595 φορτιάσας
3382 3525 3559 3594 αὐτὴν
3589 3524 3662 3585 ὡς
3702 3523 3865 3582 ἵππον,

2321 3610 2493 3673 οὑτως
2519 3610 2687 3679 αὐτὴν
2718 3610 2927 3679 ἢγαγεν
2951 3611 3031 3672 είς
3062 3609 3162 3679 τὴν
3195 3608 3399 3679 ἔρημον
3435 3607 3570 3661 ἔνθα
3602 3606 3725 3677 ᾤκει
3749 3601 3866 3657 ὸτοῦ

2320 3694 2456 3748 Θεοῦ
2507 3694 2816 3765 ἄνθρωπος.
2870 3694 2958 3746 Ἐν
2991 3693 3047 3746 δὲ
3085 3692 3164 3763 τῷ
3212 3692 3429 3761 ἐγγίσαι
3459 3693 3659 3755 αὑτοὺς
3680 3729 3695 3753 ,
3722 3691 3867 3759 είστήη

2322 3795 2511 3830 κεισαν
2534 3780 2585 3831 οἰ
2610 3775 2834 3847 ἀδελφοὶ
2862 3776 3090 3847 πλησίον
3114 3775 3214 3845 τῆς
3245 3774 3438 3844 κέλλης
3463 3775 3560 3827 τοῦ
3592 3774 3740 3841 ἁγίου
3768 3772 3866 3826 Μα-

2321 3861 2541 3932 καρίου,
2570 3861 2984 3931 ἀπομαχόμενοι
3013 3860 3091 3931 τῷ
3119 3859 3274 3931 ἀνδρὶ
3296 3859 3492 3928 αὐτῆς,
3518 3860 3610 3912 καὶ
3632 3858 3865 3925 λέγοντες,

2326 3947 2393 4001 Τί
2435 3948 2643 4017 ήγαγες
2698 3938 2801 3999 ὦδε
2848 3944 2948 4018 τὴν
2988 3946 3197 4014 φοράδα
3237 3944 3479 4015 ταύτην;
3526 3941 3867 4011 Ἀποκρίνεται

2323 4032 2496 4100 λέγων
2530 4031 2713 4094 αὐτοῖς
2748 4032 2975 4096 ἐκεῖνος,
3013 4030 3131 4083 Ἵνα
3161 4030 3353 4101 ἐλεηθῇ
3386 4032 3449 4099 τῇ
3495 4028 3756 4099 προσευχῇ
3790 4022 3865 4078 τοῦ

2324 4117 2557 4170 δικαίου.
2584 4117 2645 4167 Οἱ
2680 4115 2737 4168 δὲ
2763 4114 2900 4184 πρὸς
2926 4111 3109 4168 αὑτόν·
3140 4114 3205 4165 Τί
3233 4114 3340 4183 γάρ
3364 4115 3479 4182 ἔχει
3512 4113 3707 4178 κακόν;
3730 4108 3867 4176 Λέγει

2324 4200 2504 4262 αὐτοῖς
2541 4200 2767 4262 ἐκεῖνος,
2810 4199 2913 4251 “HV
2940 4199 3105 4267 ὁρᾶτε
3138 4196 3347 4267 φοράδα
3369 4197 3599 4265 ταύτην,
3630 4194 3757 4264 γυνή
3779 4207 3864 4263 μου

2322 4278 2392 4354 ἦν
2424 4282 2614 4346 ἀθλία,
2649 4282 2741 4334 καὶ
2781 4280 2882 4338 οὐκ
2915 4275 3033 4333 οίδα
3081 4278 3197 4343 πῶς
3241 4278 3548 4350 μετεϐλήθη
3581 4280 3658 4340 είς
3689 4277 3863 4329 ἵππον

2326 4366 2422 4419 καὶ
2455 4365 2690 4436 σήμερον
2724 4365 2837 4434 ἔχει
2866 4366 3015 4435 τρεῖς
3044 4364 3255 4435 ἡμέρας
3296 4362 3525 4433 μηδενὸς
3563 4357 3864 4428 γευσαμένη.

649 4462 710 4499 σε
764 4445 827 4497 τὸ
885 4444 1104 4514 πνεῦμα
1158 4444 1256 4514 τῆς
1313 4444 1703 4515 φιλαργυρίας.
1758 4445 1916 4500 Οὕτω
1962 4445 2072 4517 γάρ
2111 4445 2223 4513 ἐγὼ
2256 4448 2299 4503 D
2328 4450 2391 4502 Οἰ
2431 4448 2487 4501 δὲ
2532 4449 2866 4510 ἀκούσαντες
2897 4446 3072 4501 ταῦτα
3112 4448 3444 4516 ἀναφέρουσι
3487 4442 3568 4516 τῷ
3613 4444 3868 4513 θεράποντι

649 4531 893 4601 ἑώρακα.
936 4529 1047 4582 Καὶ
1072 4523 1209 4591 οἶδα,
1264 4530 1346 4583 δτι
1374 4529 1469 4583 ἐάν
1507 4548 1607 4602 μου
1639 4530 1882 4602 ἀνάσχῃς
1917 4531 2017 4601 τῆς
2047 4546 2225 4602 παρα-ν

648 4615 927 4686 κλήσεως,
968 4613 1303 4683 τελειωθήσῃ
1355 4615 1414 4667 ἐν
1451 4613 1528 4685 τῷ
1560 4615 1707 4687 ἔργῳ
1743 4616 1837 4669 τοῦ
1873 4617 2008 4670 Θεοῦ
2043 4619 2101 4670 ἐν
2149 4614 2227 4686 τῷ

649 4699 799 4768 τὸπῳ
827 4696 1022 4767 τούτῳ,
1062 4696 1156 4750 καὶ
1183 4694 1513 4768 δοξασθήσῃ,
1550 4701 1645 4751 καὶ
1687 4698 1883 4769 μάστιξ
1914 4701 2015 4753 οὑκ
2053 4700 2229 4769 ἐγγιεῖ

648 4782 728 4855 τῷ
757 4778 1075 4850 σκηνώματί
1126 4794 1243 4832 σου.
1289 4779 1415 4832 Ἐὰν
1453 4780 1512 4836 δέ
1561 4797 1661 4851 μου
1703 4783 2095 4855 παρακούσης,
2130 4781 2226 4835 τοῦ

652 4864 816 4934 Γιεζῆ
842 4865 963 4935 ἥξει
992 4864 1084 4917 ἐπὶ
1112 4864 1171 4916 σὲ
1206 4864 1276 4917 τά
1311 4864 1464 4937 τέλη,
1495 4858 1558 4918 οὑ
1585 4866 1679 4919 καὶ
1710 4868 1809 4937 τὴν
1843 4867 1997 4920 νόσον
2027 4868 2224 4930 νοσεῖς.

649 4948 855 5022 Συνέϐη
886 4950 946 5003 δέ
992 4950 1154 5003 αὑτὸν
1195 4949 1290 5002 τοῦ
1337 4950 1434 5020 μὲν
1466 4950 1619 5019 ἁγίου
1646 4950 1840 5005 τούτου
1880 4951 2228 5023 παρακοῦσαι

653 5033 795 5107 μετά
848 5034 949 5105 τὴν
992 5034 1252 5105 κοίμησιν
1296 5033 1392 5087 τοῦ
1435 5032 1705 5088 ἀθανάτου
1740 5036 2069 5106 Μακαρίου,
2121 5036 2228 5090 ὑπ-

650 5114 881 5173 ακοῦσαι
929 5117 987 5170 δέ
1015 5117 1179 5170 αὐτὸν
1206 5119 1282 5191 τῷ
1310 5116 1401 5170 τὸν
1446 5115 1649 5170 Ἰούδαν
1671 5120 1737 5189 τῇ
1775 5118 2112 5191 φιλαργυρίᾳ
2157 5121 2224 5190 τῇ

652 5199 859 5271 ἀγχόνῃ
888 5198 1229 5271 προσάψαντι
1255 5214 1269 5229 ο
1304 5201 1397 5252 καὶ
1449 5200 1587 5270 μετά
1612 5200 1748 5255 ἄλλα
1785 5201 2080 5255 δεκαπέντε
2106 5200 2228 5273 ἐτη,

652 5287 821 5356 ἤγουν
850 5283 1044 5347 εἴκοσι,
1081 5282 1253 5345 οὑτως
1284 5282 1444 5335 αὑτὸν
1475 5282 1861 5351 ἐλεφαντιάσαι
1892 5286 2229 5355 νοσφισάμε-

653 5386 745 5423 νον
780 5366 849 5420 τά
876 5365 985 5419 τών
1010 5364 1264 5435 πτωχῶν,
1294 5364 1369 5428 ώς
1407 5365 1481 5435 μὴ
1508 5367 1797 5437 εὑρεθῆναι
1825 5371 1881 5424 ἐν
1904 5368 1981 5439 τῷ
2016 5369 2229 5438 σώματι

656 5453 912 5524 ἀκέραιον
942 5449 1105 5503 τόπον
1138 5451 1193 5502 ἐν
1234 5442 1279 5517 ᾧ
1307 5466 1390 5513 τις
1426 5449 1687 5504 δάκτυλον
1720 5452 1904 5522 πήξοι.
1947 5452 2059 5507 Καὶ
2087 5451 2225 5522 αῦτη

651 5538 831 5600 τοίνυν
860 5537 1008 5589 ἐστὶν
1036 5538 1070 5607 ή
1101 5533 1407 5607 προφητεία
1432 5532 1526 5586 τοῦ
1561 5535 1715 5603 ἁγίου
1745 5536 2051 5611 Μακαρίου.

726 5622 863 5691 Περὶ
913 5623 1009 5694 μὲν
1036 5620 1128 5676 οὑν
1162 5617 1419 5691 βρώσεως
1451 5615 1547 5669 καί⁸
1572 5618 1782 5683 πόσεως
1824 5620 2076 5692 περιττόν
2110 5620 2227 5675 ἐστι

654 5704 749 5760 καὶ
787 5706 845 5758 τὸ
876 5702 1236 5779 διηγήσασθαι
1271 5699 1402 5772 περὶ
1446 5698 1672 5768 τούτων,
1706 5705 1867 5759 ὁπότε
1914 5705 2031 5761 οὐδὲ
2070 5705 2223 5777 παρὰ

2327 4531 2422 4587 τοῦ
2454 4532 2694 4603 Χριστοῦ
2728 4531 3020 4603 Μακαρίῳ,
3053 4531 3184 4601 περὶ
3211 4531 3381 4600 αὑτῆς
3416 4530 3569 4585 ἔνδον
3599 4540 3865 4599 προσευχο⁴

2332 4616 2476 4686 μένῳ
2498 4631 2511 4645 ⁸
2545 4612 2909 4684 ἀπεκαλύφθη
2947 4614 3057 4685 γάρ
3086 4614 3236 4686 αὐτῷ
3268 4615 3377 4668 ἀπὸ
3405 4613 3566 4677 Θεοῦ,
3597 4604 3870 4681 ἀπερχομέ-

2326 4716 2432 4754 νων
2476 4698 2656 4752 αὑτῶν
2687 4698 2825 4769 πρὸς
2854 4698 3038 4757 αὐτόν.
3079 4700 3191 4752 Καὶ
3235 4697 3324 4751 διὰ
3362 4697 3522 4752 τοῦτο
3566 4693 3868 4766 προσηύχετο

2329 4783 2715 4854 φανερωθῆναι
2746 4781 2895 4853 αὑτῷ
2923 4783 3023 4852 τὴν
3056 4782 3237 4837 αἰτίαν
3269 4782 3339 4836 δι’
3374 4784 3443 4855 ἢν
3477 4780 3635 4835 τοῦτο
3663 4777 3865 4847 ἐγένετο.

2329 4868 2475 4938 ἀπερ
2524 4865 2621 4920 καὶ
2664 4866 2898 4937 ἤκουσεν
2949 4866 3005 4919 ἐν
3056 4868 3124 4937 τῇ
3165 4868 3443 4938 προσευχῇ
3477 4866 3655 4920 πάντα
3687 4863 3757 4924 ὡς
3790 4855 3865 4910 καὶ

2328 4951 2568 5021 ἐγένετο.
2640 4949 3001 5021 ’Λπεκρίνατο
3046 4950 3104 5004 δὲ
3152 4952 3182 5004 6
3239 4950 3395 5020 ἀγιος
3452 4949 3729 5019 Μακάριος
3772 4941 3864 5001 τοῖς

2329 5034 2728 5103 ἀπαγγείλασιν
2768 5032 2918 5103 αὑτῷ
2961 5033 3248 5103 ἀδελφοῖς,
3278 5034 3362 5087 ὅτι
3390 5034 3600 5103 φοράδα
3633 5030 3711 5093 τίς
3757 5039 3863 5079 ποτε

2331 5118 2567 5177 ἐνταῦθα
2600 5119 2837 5189 ἢγαγεν,
2872 5117 3047 5186 λέγων
3081 5117 3299 5181 αὐτοῖς’
3342 5117 3531 5188 Ὑμεῖς
3576 5118 3725 5170 ἵπποι
3763 5106 3864 5175 ἐστὶ

2330 5203 2380 5255 Ol
2410 5201 2517 5255 τῶν
2569 5188 2752 5254 ἵππων
2799 5200 3011 5272 ἔχοντες
3050 5199 3178 5264 τοὺς
3223 5201 3572 5271 ὀφθαλμούς⁸
3618 5197 3786 5265 ἐκείνη
3819 5188 3865 5243 δι

2330 5288 2468 5357 γυνή
2511 5287 2690 5352 ἐστιν,
2745 5287 2821 5349 ὡς
2888 5287 2981 5341 καὶ
3047 5286 3308 5356 ἐκτίσθη,
3368 5287 3445 5357 μή
3496 5293 3866 5354 μετασχηματι·

2336 5373 2545 5439 σθεῖσα,
2573 5372 2709 5427 ἀλλά
2752 5373 2911 5443 μόνον
2945 5372 3103 5426 τοῦτο
3140 5373 3441 5442 φαινομένη
3470 5374 3583 5435 τοῖς
3606 5363 3865 5439 ὀφθαλμοῖς

2332 5454 2442 5507 τῶν
2472 5455 2858 5526 ἠπατημένων.
2909 5457 3017 5509 Καὶ
3041 5455 3444 5526 προσαχθείσης
3482 5452 3626 5522 αὑτῷ
3670 5448 3864 5513 ταύτης»

2333 5539 2634 5609 εὐλογήσας
2693 5538 2866 5608 ὕδωρ,
2924 5539 3020 5593 καὶ
3070 5540 3177 5591 ἀπὸ
3230 5539 3474 5609 κορυφῆς
3528 5535 3713 5606 ἐκχέας
3750 5526 3862 5596 αὐτῇ

2332 5624 2534 5693 γυμνῇ,
2554 5620 2832 5690 ἐπηύξατο
2858 5623 2924 5691 τῇ
2952 5620 3156 5692 ταύτης
3176 5621 3407 5692 κεφαλῇ.
3438 5614 3867 5689 Καὶπαραχρῆμι,

2333 5705 2586 5777 ἐποίησεν
2629 5704 2799 5776 αὐτὴν
2843 5707 2972 5760 πᾶσι
3019 5707 3129 5766 τοῖς
3172 5703 3339 5779 όρώσι
3370 5706 3600 5775 γυναῖκα
3641 5700 3858 5774 φανῆναι.
