4060 6510
182 352 318 408 1045

277 427 309 436 Π
612 470 859 528 CAPITA
901 467 1023 522 XIX
1063 464 1149 519 ET
1189 461 1309 516 XX.

186 616 302 673 Vita
358 606 551 663 abbatis
602 599 1120 739 Μαῖαν-ἰὶάίβρεῖἕξξ,
1158 606 1205 652 et
1251 594 1470 649 Macarii
1522 594 1747 649 Alexan-

857 688 954 726 rmi
1096 707 1112 722 .

857 688 954 726 rmt
980 688 1112 726 ιω).

249 811 565 867 Sanctorum
595 816 649 862 et
678 804 1052 859 immortalium
1082 801 1317 864 Patrum,
1346 795 1561 851 Macarii
1585 793 1752 864 Δεω-

182 903 273 969 ptii
305 910 362 957 et
409 899 617 954 Macarii
650 894 1000 950 Alexandrini
1035 889 1226 961 (Rufi,
1254 888 1293 942 ι.
1327 903 1394 953 ιι,
1427 903 1476 940 c.
1508 886 1599 950 28,
1636 883 1732 953 99)

182 989 509 1060 egregiorum
539 997 594 1042 et
634 986 949 1039 invictorum
980 983 1296 1036 athletarum
1315 1020 1329 1043 ,
1368 978 1605 1031 honesta:
1633 976 1755 1031 vitae

181 1080 491 1145 certamina,
538 1094 657 1147 qua:
687 1084 810 1131 sunt
837 1074 1003 1129 multa
1030 1082 1084 1128 et
1128 1084 1340 1138 magna,
1371 1079 1421 1123 et
1468 1066 1755 1123 incredulis

183 1187 346 1241 prope
372 1166 719 1231 incredibilia,
749 1176 803 1221 et
831 1179 1050 1219 narrare
1081 1176 1265 1216 vereor
1288 1170 1340 1215 et
1360 1158 1573 1226 scriptis
1604 1171 1755 1211 man-

184 1266 345 1326 dare,
390 1276 455 1315 ne
488 1259 623 1312 forte
651 1257 756 1311 mei
788 1265 1036 1322 tanquam
1081 1250 1353 1305 mendacis
1401 1248 1495 1302 (iat
1532 1247 1754 1302 mentio.

184 1353 334 1420 Quod
366 1360 538 1406 autem
569 1349 708 1402 Dens
737 1347 921 1415 perdat
958 1359 1145 1399 omnes
1178 1343 1264 1411 qui
1294 1346 1579 1411 loquuntur
1608 1355 1758 1394 nien-

183 1445 394 1499 dacium
426 1440 597 1513 (Psal.
636 1440 724 1509 v),
758 1439 879 1493 licet
918 1444 1101 1505 aperte
1129 1434 1308 1489 videre
1332 1440 1515 1487 sancto
1559 1428 1759 1500 Spiritu

183 1536 581 1609 pronuntiante.

254 1650 388 1705 Cum
415 1663 514 1719 ego
539 1660 667 1714 ergo
697 1658 790 1713 per
818 1642 907 1698 Dei
929 1638 1148 1709 gratiam
1178 1653 1282 1692 non
1308 1636 1556 1699 mentiar,
1588 1633 1760 1690 homi-

185 1756 312 1796 num
340 1738 642 1793 ﬁilelissime
669 1735 859 1797 Lause,
891 1746 957 1786 ne
977 1730 1052 1785 sis
1080 1744 1286 1798 quoque
1313 1728 1426 1795 ipse
1454 1725 1759 1781 incredulus

182 1831 255 1885 de
277 1830 490 1884 Patrum
511 1823 923 1887 certaminibus;
946 1820 1037 1874 sed
1060 1816 1287 1889 gloriare
1312 1816 1489 1885 potius
1515 1814 1566 1867 in
1596 1831 1760 1869 inmu-

185 1922 387 1976 latione
424 1916 819 1974 exercitationis
846 1926 1029 1967 eorum
1060 1909 1149 1978 qui
1194 1922 1320 1963 vere
1356 1915 1483 1960 sunt
1526 1903 1760 1973 Macarii,

187 2012 293 2066 hoc
315 2019 399 2065 est
424 2008 585 2064 beati.

259 2127 433 2192 Atque
459 2118 660 2190 primus
686 2114 895 2186 quidem
921 2110 1117 2167 Christi
1145 2108 1374 2176 athleta,
1414 2108 1629 2165 nomine
1660 2108 1767 2162 Ma.

186 2214 391 2279 carius,
422 2222 536 2267 erat
562 2223 756 2280 genere
787 2208 1102 2278 Egyptius;
1130 2204 1396 2261 secundus
1422 2213 1602 2259 autem
1631 2215 1764 2260 aeta-

187 2314 264 2366 te,
287 2302 379 2357 sed
408 2302 463 2355 in
486 2299 549 2355 iis
570 2313 688 2367 quae
708 2308 829 2352 sunt
855 2295 1233 2351 monachorum
1260 2295 1541 2362 principum,
1566 2294 1766 2362 primas

188 2402 367 2462 partes
396 2390 663 2452 obtinens,
694 2388 781 2458 qui
808 2388 921 2455 ipse
939 2400 1149 2454 quoque
1173 2384 1461 2437 vocabatur
1482 2385 1762 2452 Maearius,

184 2492 305 2539 erat
329 2478 736 2545 Alexandrinus,
768 2477 856 2547 qui
884 2476 1144 2532 vendebat
1169 2474 1410 2529 bellaria.

263 2612 329 2666 Et
358 2612 581 2680 primum
608 2610 823 2679 quidem
855 2609 1082 2664 narrabo
1110 2610 1335 2663 virtutes
1358 2607 1573 2662 Macarii
1603 2606 1771 2679 Egy-

184 2706 313 2776 ptii,
340 2704 428 2773 qui
457 2706 587 2758 vixit
630 2703 915 2773 nonaginta
945 2715 1115 2755 annos
1153 2701 1409 2767 integros.
1462 2699 1541 2753 Ex
1585 2698 1668 2752 bis
1719 2700 1771 2753 in

183 2797 480 2851 solitudine
501 2810 669 2849 annos
694 2794 992 2861 sexaginta.
1022 2790 1153 2845 Cum
1178 2791 1390 2862 triginta
1417 2806 1586 2845 annos
1612 2803 1772 2846 natus

185 2885 543 2948 ascendisset,
576 2895 821 2951 essetque
868 2893 1023 2938 :etate
1063 2882 1276 2951 junior,
1328 2892 1433 2935 tam
1485 2882 1773 2938 toleranter

188 2978 315 3031 tulit
344 2976 555 3030 labores
583 2972 984 3028 exercitationis
1008 2982 1172 3026 totum
1200 2973 1541 3036 decennium,
1574 2982 1630 3026 ut
1660 2990 1770 3028 ma-

184 3083 295 3137 gna
326 3067 551 3137 quadam
582 3075 635 3121 et
661 3065 852 3135 insigni
881 3065 1073 3132 dignus
1104 3065 1389 3119 haberetur
1416 3065 1768 3136 discretione,

186 3159 330 3214 adeo
380 3168 435 3213 ut
484 3168 761 3212 vocaretur
816 3154 1238 3232 παιδαριογέρων,
1273 3156 1321 3208 id
1352 3166 1454 3222 est,
1489 3157 1541 3211 in
1583 3158 1771 3225 puerili
1800 3140 1846 3203 C

186 3258 352 3302 aetate
381 3265 543 3303 senex
562 3290 576 3312 ,
606 3247 856 3317 quoniam
885 3248 1040 3301 citius
1069 3261 1226 3316 quam
1260 3261 1353 3315 pro
1393 3256 1547 3301 :etate
1603 3249 1778 3316 profe—

184 3345 348 3395 cierat
373 3338 671 3392 virtutibus.
714 3338 843 3391 Cum
890 3339 1031 3390 cnim
1060 3346 1204 3392 esset
1231 3338 1576 3410 quadraginta
1606 3356 1778 3395 annos

189 3439 371 3493 mtas,
402 3440 453 3485 et
482 3438 795 3497 potestatem
826 3428 1032 3497 accepit
1074 3439 1258 3485 contra
1290 3430 1506 3499 spiritus
1527 3472 1543 3496 ,
1578 3442 1631 3487 et
1657 3448 1779 3503 gra-

188 3522 326 3574 tiam
350 3523 702 3588 curationum,
727 3529 779 3574 et
801 3521 1043 3588 spiritum
1063 3522 1354 3575 futurorum
1380 3522 1739 3591 praedictionis
1759 3541 1774 3584 ;

188 3613 388 3682 dignus
438 3627 649 3682 quoque
700 3620 782 3666 cst
833 3612 1045 3667 habitus
1096 3612 1408 3667 honorando
1454 3615 1774 3669 sacerdotio.

187 3705 331 3757 Cum
361 3718 426 3757 eo
454 3703 756 3756 habitarunt
782 3702 887 3757 duo
912 3702 1154 3771 discipuli
1187 3704 1237 3758 in
1263 3704 1442 3757 intima
1468 3705 1774 3770 solitudine,

189 3810 317 3864 qua:
348 3805 565 3847 vocatur
590 3794 747 3850 Scete
778 3809 791 3846 :
824 3808 890 3848 ex
932 3794 1121 3863 quibus
1152 3811 1283 3847 unus
1315 3796 1527 3861 quidem
1576 3806 1690 3850 erat
1727 3798 1776 3851 ei

192 3887 464 3952 minister,
491 3886 576 3954 qui
606 3900 817 3951 semper
847 3900 1011 3953 prope
1042 3886 1211 3953 ipsum
1237 3888 1622 3949 inveniebatur,
1655 3904 1776 3954 pro-

193 3987 323 4046 pter
363 3993 455 4033 eos
498 3979 587 4046 qui
632 3979 910 4032 veniebant
942 3987 997 4030 ut
1035 3987 1379 4044 curarentur;
1421 3980 1555 4034 alter
1602 3993 1778 4037 autem

190 4087 443 4127 seorsum
472 4070 689 4124 sedebat
720 4071 770 4125 in
802 4070 960 4125 cella.

278 4184 605 4239 Procedente
624 4192 799 4237 autem
826 4191 1086 4251 tempore,
1109 4197 1230 4238 cum
1252 4194 1467 4237 sanctus
1489 4181 1781 4251 perapicaci

191 4278 361 4335 oculo
386 4271 736 4344 praevidisset,
766 4274 893 4327 dicit
912 4288 1008 4327 suo
1035 4274 1294 4335 ministro,
1326 4271 1515 4327 Joanni
1540 4272 1781 4338 nomine,

192 4369 294 4436 qui
328 4373 511 4434 postea
544 4366 710 4419 factus
740 4372 822 4417 est
850 4364 1125 4431 presbyter
1152 4362 1202 4415 in
1234 4362 1350 4416 loco
1376 4363 1543 4417 sancti
1566 4361 1785 4416 Macarii

196 4458 599 4526 (presbyteratu
627 4456 767 4508 enim
789 4453 979 4523 dignus
1000 4453 1169 4508 fuerat
1193 4453 1403 4508 habitus
1429 4469 1651 4522 magnos
1674 4454 1782 4508 Ma-

1442 338 1762 397 HlSTORIA
1800 331 2162 392 LAUSIACA.

1771 459 1820 511 Δ
1853 462 2029 521 posset
2061 450 2222 520 figere
2264 446 2506 516 digitum.
2538 441 2659 496 lliec
2686 443 2769 493 est
2799 428 3073 503 prophetia
3099 419 3265 480 sancti
3309 418 3413 472 Ma-

3281 320 3415 376 1046

1851 560 2003 599 Cill'll.

1925 640 2001 690 Ac
2024 635 2091 690 de
2115 634 2238 689 cibo
2275 630 2487 701 quidem
2518 633 2573 679 et
2598 621 2812 694 potione
2857 619 3301 687 supervacaneum
3336 611 3418 701 est

1854 727 2055 789 dicere,
2085 739 2204 776 cuin
2242 688 2340 774 nec
2367 716 2502 781 apud
2534 727 2625 768 eos
2650 706 2983 763 socordiores
3016 695 3302 753 monachos
3328 688 3421 758 qui

1856 822 1982 868 sunt
2043 779 2238 865 'extra
2311 779 2542 857 inveniri
2610 794 2784 869 possit
2868 790 3152 861 ingluvies,
3181 792 3270 837 aut
3314 779 3422 869 ulla

1857 905 1903 960 ci
1935 921 1989 957 ra
2021 904 2280 958 delectum
2312 909 2364 952 et
2393 895 2674 950 discrimen
2708 885 2919 943 vivendi
2947 880 3081 936 ratio
3117 877 3216 930 alia
3263 871 3331 926 ab
3358 868 3424 923 iis

1858 996 1946 1062 qui
1977 992 2177 1046 suntin
2211 990 2316 1043 illis
2362 987 2513 1047 locis,
2541 997 2660 1035 cum
2706 986 2922 1048 propter
2969 972 3199 1036 inopiam
3244 973 3423 1059 rerum

1862 1084 2306 1147 necessariarum,
2340 1088 2450 1131 tum
2472 1074 2631 1129 etiam
2658 1075 2870 1138 propter
2897 1062 3067 1118 zelum
3116 1055 3202 1127 qui
3243 1059 3325 1106 est
3369 1048 3423 1102 itt

1864 1181 2058 1241 Deum,
2110 1185 2427 1242 unoquoque
2471 1162 2825 1221 contendente
2869 1158 3085 1212 vincere
3130 1149 3426 1221 proximum

1858 1267 2083 1321 diversis
2113 1264 2233 1318 vita:
2263 1259 2535 1316 institutis.

1933 1358 2006 1411 De
2034 1355 2139 1411 alia
2175 1366 2351 1408 autem
2394 1346 2770 1405 exercitatione
2812 1336 3043 1398 caelestis
3091 1332 3250 1402 hujus
3292 1324 3428 1389 viri,

1864 1449 2074 1504 Macarii
2123 1448 2357 1516 inquam,
2390 1440 2662 1497 dicebatur
2691 1437 2775 1490 hic
2803 1440 3021 1488 sanctus
3061 1440 3180 1481 esse
3222 1418 3433 1475 assidue

1865 1542 1913 1595 in
1942 1538 2163 1605 exstasi,
2189 1514 2244 1592 et
2272 1535 2462 1602 majori
2490 1541 2726 1597 tempore
2756 1541 2876 1580 cum
2908 1522 3014 1576 Deo
3040 1514 3242 1572 versari
3272 1523 3430 1578 qnam

1864 1631 2019 1698 hujus
2043 1600 2224 1683 mundi
2254 1600 2410 1681 rebus
2437 1619 2682 1689 occupari
2716 1616 2862 1689 (46);
2883 1612 3033 1683 cujus
3061 1608 3221 1663 etiam
3246 1600 3432 1657 ferun-

1864 1731 1950 1774 tur
1977 1720 2185 1774 diversa
2214 1716 2487 1772 miracula.

1938 1811 2216 1881 [Egyptius
2259 1806 2472 1876 quidam
2512 1801 2824 1857 libidinosus
2853 1791 3020 1864 (Ruﬁ‘.
3068 1788 3106 1844 ι.
3147 1802 3205 1852 ιι,
3237 1800 3286 1838 ε.
3314 1780 3430 1881 2b),

1866 1915 2050 1973 captus
2077 1914 2260 1956 amore
2288 1898 2563 1966 cujusdam
2605 1892 2841 1948 mulieris
2869 1890 3133 1956 ingenuae,
3162 1893 3280 1949 qua:
3322 1874 3437 1928 viro

1866 2002 2136 2063 nupserat,
2168 2007 2287 2046 cum
2319 2004 2423 2043 non
2461 1996 2641 2058 posset
2670 1998 2789 2039 eam
2820 1981 3061 2034 inescare
3094 1978 3309 2043 propter
3338 1981 3437 2035 pu-

1866 2056 2097 2139 dicitiam
2121 2056 2171 2138 et
2195 2056 2494 2136 castitatem
2516 2090 2640 2144 erga
2664 2060 3276 2141 conjugemvirginitatis
3299 2056 3439 2129 (4⁸1),

1866 2174 2116 2230 convenit
2149 2170 2417 2240 improbus
2442 2166 2899 2237 praestigiatorem,
2925 2157 3107 2212 dicens
3136 2169 3149 2205 :
3184 2151 3290 2204 Aut
3316 2161 3434 2201 eam

1868 2266 2027 2321 incita
2061 2273 2115 2317 ut
2146 2236 2420 2326 meamet,
2448 2236 2541 2311 aut
2568 2264 2680 2309 arte
2704 2264 2789 2307 tua
2820 2249 2974 2305 effice
2999 2255 3052 2300 ut
3076 2244 3190 2312 ejus
3220 2236 3441 2292 maritus

1868 2374 1987 2416 eam
2010 2355 2261 2411 dimittat.
2288 2352 2420 2409 Cum
2441 2365 2568 2422 ergo
2594 2345 2944 2419 praestigiator
2964 2339 3094 2394 satis
3120 2334 3186 2389 ab
3209 2346 3273 2386 eo
3299 2341 3443 2384 acce-

1871 2451 2055 2520 pisset,
2089 2462 2214 2502 usus
2242 2457 2323 2500 est
2346 2446 2457 2498 suis
2482 2439 2763 2512 prastigiis
2788 2448 2841 2492 et
2887 2425 3362 2520 incantationibus?
3392 2429 3444 2474 et

1869 2556 1990 2595 cum
2022 2554 2126 2591 non
2158 2546 2334 2605 posset
2361 2534 2476 2604 ejus
2505 2533 2737 2585 animum
2765 2538 2983 2581 movere
3006 2528 3063 2575 ut
3088 2518 3138 2573 ei
3163 2511 3446 2569 assentire-

1872 2638 1978 2695 tur,
2010 2604 2173 2680 ellicit
2197 2635 2255 2679 ut
2282 2624 2553 2678 videretur
2580 2634 2713 2689 equa
2742 2617 2807 2672 iis
2834 2614 2921 2682 qui
2946 2625 3062 2666 eam
3086 2604 3444 2662 intuebantur.

1872 2718 2001 2775 Cum
2030 2732 2158 2788 ergo
2185 2716 2313 2771 foris
2337 2715 2570 2770 venisset
2592 2713 2707 2780 ejus
2733 2705 2973 2767 maritus,
3000 2698 3199 2768 aspexit
3226 2705 3444 2747 uxorem

1872 2828 2024 2867 suam
2053 2813 2103 2864 in
2132 2809 2298 2863 forma
2328 2822 2510 2876 equm;
2542 2817 2770 2871 cumque
2796 2801 2847 2852 in
2870 2804 2966 2850 s’uo
2996 2794 3134 2848 lecto
3161 2786 3446 2844 cubuisset,

1873 2904 2103 2956 alienum
2135 2900 2182 2955 ei
2213 2899 2491 2954 videbatur
2519 2895 2657 2965 quod
2684 2898 2734 2946 in
2764 2903 2859 2945 suo
2886 2884 3046 2942 cubili
3069 2897 3201 2953 equa
3220 2880 3445 2947 jaceret.

1876 2995 1993 3048 Flet
2023 3007 2148 3062 ergo
2179 2992 2296 3059 ejus
2327 2990 2563 3051 maritus,
2596 2996 2650 3039 et
2680 2984 3000 3037 lamentatur
3028 2973 3166 3045 quod
3197 2983 3311 3024 rem
3343 2981 3448 3020 non

1878 3061 2152 3147 inveniat;
2185 3090 2239 3135 et
2262 3078 2400 3149 quod
2442 3076 2754 3130 existimans
2781 3086 2841 3126 se
2868 3065 3060 3135 alloqui
3092 3061 3333 3121 bestiam,
3360 3069 3450 3109 re-

1878 3190 2129 3246 sponsum
2176 3189 2279 3226 non
2312 3177 2645 3238 assequatur,
2692 3173 3043 3235 prmterquam
3074 3153 3214 3224 quod
3250 3149 3452 3204 solum-

1878 3239 2038 3321 modo
2087 3280 2205 3320 eam
2256 3262 2472 3316 videbat
2514 3257 2691 3313 irasci.
2740 3252 2891 3310 Unde
2937 3248 3105 3315 magis
3156 3239 3453 3313 angebatur

1876 3359 2077 3421 animo,
2106 3371 2224 3410 cum
2256 3352 2574 3421 intelligeret
2599 3362 2717 3402 eain
2747 3359 2865 3400 esse
2895 3356 3045 3398 snam
3075 3351 3324 3400 uxorein,
3356 3348 3454 3387 cu-

1877 3449 2036 3503 riosis
2088 3459 2264 3501 autem
2312 3445 2587 3499 hominum
2644 3438 2849 3494 artibus
2900 3448 3022 3490 esse
3084 3440 3337 3486 mutatam
3400 3424 3454 3479 in

1879 3554 2089 3608 equam.
2124 3537 2219 3591 llis
2256 3535 2323 3589 de
2353 3533 2529 3586 causis
2575 3529 2802 3584 accersit
2844 3524 2950 3580 vici
2992 3522 3356 3593 presbyteros,
3402 3524 3456 3571 et

1879 3631 2095 3684 domum
2124 3626 2357 3691 adducit,
2391 3634 2445 3679 et
2472 3622 2551 3677 eis
2573 3635 2690 3676 eam
2721 3618 2993 3680 ostendit;
3026 3613 3119 3669 sed
3150 3627 3250 3667 nec
3280 3611 3315 3664 ii
3365 3624 3458 3663 co-

1879 3730 2177 3793 gnoverunt
2197 3720 2550 3775 calamitatem
2578 3729 2697 3786 qua:
2724 3715 2773 3771 ei
2799 3714 3081 3768 acciderat.
3110 3709 3303 3763 Tribus
3329 3694 3487 3775 ergoﬁ

1881 3814 2072 3870 diebus
2118 3827 2288 3882 neque
2318 3809 2494 3865 fenum
2523 3806 2754 3862 comedit
2783 3814 2836 3857 ut
2876 3818 3033 3872 equa,
3069 3814 3237 3868 neque
3268 3812 3456 3867 panem

1885 3915 1940 3959 ut
1965 3904 2147 3965 homo,
2174 3912 2398 3972 utroque
2427 3898 2683 3952 alimento
2712 3895 2938 3965 privata.
2966 3890 3201 3945 Tandem
3232 3895 3290 3942 ut
3320 3887 3459 3941 Deus

1880 3994 2313 4069 gloriﬁcaretur,
2364 4000 2418 4045 et
2470 3987 2743 4041 videretur
2783 3986 2947 4037 virtus
2990 3981 3155 4035 sancti
3202 3977 3414 4034 Macarii
3443 4018 3459 4041 ,

1884 4083 2125 4137 ascendit
2152 4082 2202 4135 in
2231 4096 2324 4135 cor
2354 4079 2523 4133 mariti
2545 4078 2660 4146 ejus
2682 4076 2874 4129 dueere
2895 4088 3010 4127 eam
3040 4073 3090 4125 in
3114 4069 3456 4124 solitudinem

1885 4175 1951 4229 ad
1985 4182 2226 4227 sanctum
2256 4171 2425 4226 virum
2451 4183 2466 4234 ;
2498 4177 2694 4222 etcum
2725 4180 2840 4219 eam
2870 4164 3100 4230 capistro
3144 4160 3358 4229 ligasset
3406 4166 3461 4212 ut

1885 4281 2098 4336 equam,
2142 4264 2293 4318 duxit
2322 4263 2374 4317 in
2405 4260 2765 4316 solitudinem.
2798 4257 2931 4310 Dum
2970 4263 3144 4309 autem
3173 4253 3461 4322 appropin-

1887 4365 2159 4428 quassent,
2188 4363 2447 4409 stetertmt
2472 4351 2662 4406 fratres
2692 4363 2856 4419 prope
2877 4347 3064 4401 cellam
3092 4345 3262 4400 sancti
3288 4345 3461 4398 Maca-

1890 4450 1955 4504 rii
1995 4463 2116 4503 cum
2146 4446 2263 4516 ejus
2292 4448 2482 4499 marito
2508 4440 2909 4505 contendentes,
2940 4446 2992 4492 et
3040 4435 3279 4491 dicentes
3311 4452 3323 4487 :
3353 4434 3463 4489 Cur

190 4562 228 4603 c
252 4548 403 4617 arius)
427 4563 444 4601 :
472 4547 604 4603 Audi
636 4561 742 4611 me,
771 4522 933 4600 frater
953 4542 1207 4612 Joannes,
1239 4553 1292 4598 et
1323 4544 1400 4599 fer
1424 4560 1575 4614 isquo
1601 4543 1781 4599 animo
1815 4522 1863 4582 ι)
1891 4540 1993 4594 huc
2015 4537 2281 4592 adduxisti
2312 4536 2448 4590 hanc
2476 4532 2704 4604 equam?
2731 4530 2779 4584 Is
2804 4537 2981 4583 autem
3011 4526 3140 4582 dicit
3170 4543 3183 4579 :
3213 4524 3280 4581 Ut
3302 4524 3461 4578 mise~

195 4653 382 4694 meam
410 4638 848 4702 admonitionem,
894 4649 1063 4704 eaque
1105 4635 1198 4689 tibi
1240 4634 1496 4705 proderit.
1539 4633 1784 4688 Tentaris

189 4730 375 4797 enim,
405 4729 602 4799 inquit,
634 4740 686 4783 et
718 4739 768 4783 te
798 4738 966 4782 tentat
993 4726 1207 4795 spiritus
1236 4727 1491 4782 avaritiae.
1524 4725 1613 4780 Sic
1640 4725 1784 4780 enim

192 4821 315 4877 vidi
342 4838 355 4875 :
382 4832 435 4879 et
458 4822 571 4875 scio
594 4820 732 4887 quod
758 4819 801 4873 si
826 4834 995 4873 meam
1018 4832 1170 4881 aequo
1190 4819 1365 4871 animo
1388 4817 1570 4872 tuleris
1591 4818 1787 4873 adhor-

194 4911 464 4981 tationem
487 4950 503 4976 ,
534 4910 585 4965 in
618 4908 709 4963 Dei
743 4910 931 4963 timore
976 4907 1434 4961 consummaberis
1473 4917 1524 4959 et
1574 4907 1623 4960 in
1670 4907 1789 4977 ejus

191 5018 395 5074 opere,
426 5013 481 5058 et
507 5000 560 5055 in
587 5005 690 5055 isto
721 5000 856 5063 loco,
885 5007 939 5053 et
964 4996 1283 5063 laudaberis,
1315 5007 1368 5051 et
1409 4997 1474 5051 ad
1509 5005 1654 5049 tuunt
1700 5007 1778 5049 ta-

191 5094 556 5153 bernaculum
604 5108 708 5146 non
754 5089 1197 5161 apptOpinquabit
1237 5088 1523 5156 flagellum.
1560 5088 1706 5153 Quod
1738 5086 1785 5140 si

188 5202 319 5243 non
364 5185 626 5250 audieris,
660 5186 711 5238 in
758 5193 809 5238 te
840 5183 1014 5236 veniet
1058 5180 1174 5233 linis
1226 5178 1371 5233 ϐίαιιὶ
1415 5176 1518 5247 (ιγ
1552 5177 1680 5247 Reg.
1711 5173 1783 5245 v),

178 5280 364 5349 cujus
391 5280 519 5333 vitio
548 5279 778 5333 laboras.
811 5276 1043 5344 Contigit
1071 5284 1246 5328 autem
1275 5285 1328 5327 ut
1364 5280 1551 5326 sancto
1573 5270 1787 5340 quidem

180 5386 316 5426 non
348 5367 607 5424 obedierit
633 5378 751 5436 post
777 5367 891 5436 ejus
920 5373 1143 5419 mortem
1162 5404 1177 5430 ,
1208 5362 1299 5417 sed
1329 5360 1587 5415 obedierit
1618 5360 1666 5415 ci
1697 5360 1785 5428 qui

174 5462 368 5519 Judze
396 5460 628 5529 alligavit
675 5460 923 5527 laqueum
955 5466 1171 5525 pr0pter
1212 5454 1507 5506 avaritiam.
1558 5453 1621 5506 Et
1670 5460 1790 5519 post

170 5555 341 5623 alios
372 5552 671 5621 quindecim
713 5560 804 5602 aut
833 5550 1010 5617 viginti
1039 5559 1225 5609 annos,
1257 5560 1378 5598 cum
1412 5547 1543 5597 bona
1594 5557 1791 5611 paupe-

176 5660 330 5715 rum
363 5644 464 5699 sibi
492 5652 819 5709 usurpasset,
850 5643 923 5695 ita
950 5639 1206 5695 laboravit
1231 5637 1567 5705 elephantia,
1601 5644 1656 5688 nt
1683 5650 1786 5688 non

174 5735 545 5807 inveniretur
575 5734 779 5815 integer
800 5730 947 5785 locus
976 5730 1026 5785 in
1051 5728 1165 5810 t-jus
1193 5740 1437 5797 corpore,
1467 5726 1519 5781 in
1544 5741 1645 5809 quo
1672 5726 1788 5793 quis

1888 4628 2171 4685 ricordiam
2200 4635 2554 4697 consequatur
2582 4622 2751 4678 sancti
2795 4620 3054 4677 oratione.
3088 4617 3163 4672 illi
3212 4631 3339 4672 vero
3380 4616 3461 4669 di-

1889 4730 2018 4778 cunt
2039 4722 2103 4776 ad
2134 4736 2255 4775 eum
2290 4737 2303 4774 :
2336 4719 2469 4786 Quid
2494 4718 2615 4772 mali
2650 4715 2849 4769 habet?
2878 4714 2971 4771 lile
2994 4714 3071 4770 eis
3096 4712 3222 4768 dicit
3246 4727 3260 4765 :
3289 4708 3459 4775 Quam

1892 4812 2085 4867 videtis
2113 4826 2323 4881 equam,
2354 4826 2415 4865 ea
2446 4809 2635 4863 misera
2671 4817 2784 4861 erat
2816 4821 2948 4857 uxor
2978 4818 3126 4866 mea;
3157 4814 3326 4871 neque
3350 4797 3462 4852 scio

1893 4901 2335 4969 quemadmodum
2367 4907 2563 4954 mutata
2594 4897 2664 4952 sit
2695 4897 2744 4951 in
2768 4908 2981 4962 equam,
3014 4900 3189 4958 ellum
3212 4897 3333 4940 sunt
3353 4894 3463 4941 tres

1893 4993 2009 5046 dies
2032 5007 2096 5046 ex
2120 5005 2226 5060 quo
2257 4988 2382 5043 nihil
2417 4987 2667 5041 comedit.
2703 4986 2738 5039 ll
2770 4993 2944 5036 autem
2977 4994 3098 5033 cum
3132 4978 3243 5030 bare
3271 4975 3457 5029 audiis-

1892 5092 2030 5148 sent,
2064 5083 2298 5137 referunt
2321 5080 2385 5134 ad
2412 5094 2623 5134 servum
2656 5077 2748 5131 Dei
2780 5073 3062 5129 Macarium
3093 5084 3160 5126 eo
3183 5068 3291 5141 jam
3322 5068 3465 5123 intus

1896 5189 1990 5243 pro
2017 5174 2105 5228 illa
2148 5184 2372 5236 orante;
2407 5170 2454 5224 ei
2486 5167 2625 5222 enim
2660 5166 2797 5221 Deus
2831 5162 3182 5224 revelaverat,
3224 5158 3353 5225 ipsis
3394 5158 3461 5213 ait

1894 5278 2015 5318 eum
2044 5261 2410 5321 venientibus;
2442 5269 2493 5313 et
2525 5258 2642 5312 ideo
2668 5254 2851 5309 orabat
2880 5262 2936 5307 ut
2962 5251 3061 5307 sibi
3102 5250 3464 5305 declat-aretur

1894 5368 2054 5409 causa
2098 5364 2313 5421 prOpter
2342 5365 2499 5420 quam
2527 5348 2629 5402 hoc
2655 5354 2923 5401 evenerat.
2961 5339 3250 5411 Respondit
3286 5347 3461 5401 autem

1893 5455 2105 5501 sanctus
2152 5441 2413 5497 Macarius
2462 5439 2708 5493 fratribus
2769 5435 2857 5506 qui
2912 5434 2960 5489 ei
3022 5428 3463 5487 renuntiaverunt

1893 5536 2176 5608 quemdam
2226 5535 2347 5588 illuc
2376 5547 2570 5602 equum
2600 5529 2902 5594 adduxisse,
2932 5525 3116 5581 dicens
3146 5539 3160 5576 :
3196 5522 3325 5592 Equi
3368 5533 3463 5583 vos

1894 5628 2044 5692 estis,
2072 5627 2158 5697 qui
2190 5625 2397 5680 habetis
2438 5637 2692 5694 equorum
2719 5620 2933 5683 oculos;
2962 5617 3051 5673 illa
3080 5615 3219 5670 enim
3264 5621 3347 5667 est
3386 5614 3462 5666 fo-

1895 5722 2035 5785 mina
2065 5722 2135 5785 ita
2167 5730 2221 5786 ut
2249 5728 2327 5780 est
2356 5727 2553 5783 creata,
2588 5731 2691 5773 non
2721 5712 3111 5771 transformata,
3146 5706 3240 5763 scd
3268 5705 3344 5760 sic
3374 5718 3464 5760 δον
