4060 6506
637 330 776 386 1οη

2085 332 2410 391 PALLADII

3771 348 3888 405 “HS

647 459 755 512 lum
796 472 1056 527 apparens
1097 459 1264 514 oculis
1295 475 1477 514 eorum
1515 460 1604 528 qui
1644 467 1768 513 sunt
1813 459 2040 527 decepti.
2089 459 2217 524 Quae
2245 458 2294 517 Α
2392 457 2520 511 Dico
2541 467 2714 510 autem
2743 467 2982 512 sanctum
3014 461 3296 514 Macarium
3321 452 3773 530 Alexandrinum,
3803 468 3879 533 qui

643 565 764 605 cum
786 560 926 605 esset
952 552 1198 618 adducta,
1218 567 1512 622 aquamque
1532 553 1911 616 benedixisset,
1942 553 2068 605 etin
2092 552 2207 618 ejus

644 640 800 694 nudas
825 649 981 709 caput
1007 642 1300 707 infudisset,
1327 656 1487 709 super
1505 641 1618 710 ejus
1642 651 1796 708 caput
1819 651 1898 696 est
1931 651 2202 710 precatus;

644 735 928 802 statimque
979 732 1151 786 effecit
1197 743 1253 785 ut
1302 733 1546 786 omnibus
1590 733 1888 787 videntibus
1937 733 2204 787 videretur

642 823 856 876 femina.
901 822 1030 876 Cum
1070 831 1242 875 autem
1270 822 1514 890 jussisset
1542 825 1586 876 ei
1619 824 1789 876 cibum
1837 824 2033 887 afferri,
2082 823 2205 878 fecit

642 921 700 968 ut
726 912 1050 975 comederet,
1087 921 1140 965 et
1164 927 1278 965 eam
1325 915 1400 966 sic
1429 923 1662 966 curatam
1705 914 1905 967 dimisit
1943 929 2063 968 cum
2106 928 2202 967 suo

639 1006 848 1070 marito,
891 1003 998 1057 Deo
1023 1011 1237 1071 agentes
1266 1004 1482 1072 gratias.
1527 1004 1654 1057 Eam
1705 1012 1878 1058 autem
1925 1003 2200 1057 admonuit

636 1096 716 1149 vir
762 1095 877 1160 Dei,
927 1095 1004 1148 sic
1050 1095 1231 1148 dicens
1263 1111 1276 1147 :
1306 1094 1576 1163 Nunquam
1626 1095 1903 1149 ecclesiam
1952 1096 2196 1160 deseras,

635 1198 900 1250 nunquam
929 1183 1199 1238 abstineas
1227 1199 1255 1236 a
1281 1186 1652 1239 communione
1678 1185 1873 1240 Christi
1895 1201 2199 1242 sacramen-

635 1283 827 1328 torum.
858 1275 981 1329 Haec
1008 1276 1147 1328 enim
1182 1277 1272 1328 tibi
1303 1277 1633 1340 acciderunt,
1669 1278 1802 1344 quod
1827 1276 1935 1345 jam
1968 1278 2196 1348 quinque

635 1364 981 1418 hebdomadis
1007 1380 1110 1419 non
1135 1367 1403 1420 accessisti
1432 1367 1497 1419 ad
1524 1367 1832 1421 intemerata
1865 1369 2028 1423 nostri
2071 1369 2194 1424 Ser-

635 1459 834 1511 vatoris
856 1467 1208 1511 sacramenta.

700 1551 814 1602 Alia
845 1558 923 1602 est
961 1551 1099 1601 actio
1143 1563 1346 1616 magna:
1391 1549 1506 1616 ejus
1556 1549 1970 1604 exercitationis.
2004 1550 2192 1622 Magno

630 1639 750 1693 vitm
780 1655 887 1692 sure
916 1651 1150 1706 tempore
1179 1654 1207 1692 a
1233 1639 1364 1693 cella
1394 1653 1484 1691 sua
1517 1638 1569 1692 in
1600 1639 1871 1693 dimidium
1895 1658 2058 1711 usque
2087 1653 2191 1696 sta-

628 1728 772 1780 dium
805 1729 1004 1782 fodicns
1027 1728 1346 1792 cuniculum,
1372 1741 1630 1781 summam
1653 1729 1825 1782 effecit
1846 1731 2145 1798 speluncam
2172 1751 2186 1799 ;

2313 554 2428 598 erat
2452 547 2726 616 presbyter
2748 563 2927 600 earum
2955 563 3072 617 qua:
3101 550 3350 603 dicuntur
3377 550 3672 605 Cellarum.
3701 553 3756 606 lu
3781 558 3881 622 qui-

2311 639 2411 689 bus
2435 634 2598 689 Cellis
2625 653 2724 705 ego
2750 653 2940 693 novem
2969 654 3134 692 annos
3165 640 3428 706 habitans,
3464 657 3528 695 ex
3565 643 3762 710 quibus
3786 656 3880 699 tres

2311 739 2480 779 annos
2507 741 2712 780 mecum
2742 729 2872 780 vixit
2909 729 2996 780 ille
3025 728 3316 794 Macarius,
3350 733 3400 784 in
3431 734 3619 799 quiete
3651 735 3873 799 sedens,

2306 815 2419 882 ejus
2458 815 2670 884 quidem
2719 818 2932 885 optima:
2981 819 3189 872 vivendi
3238 823 3462 874 rationis
3505 821 3618 874 alia
3665 823 3868 888 quidem

2303 906 2407 959 vidi
2437 922 2594 973 opera
2624 917 2678 961 et
2715 911 2861 976 signa
2884 950 2899 974 ,
2931 911 3031 964 alia
3061 927 3190 966 vero
3217 911 3377 967 didici
3427 914 3497 966 ab
3527 913 3599 968 iis
3630 917 3722 982 qui
3767 930 3871 968 eius

2302 1008 2366 1047 eo
2395 996 2664 1049 vixerunt.

2372 1083 2420 1137 is
2449 1101 2568 1138 cum
2600 1088 2735 1153 apud
2767 1103 3013 1156 magnum
3059 1092 3225 1145 virum
3257 1101 3308 1146 et
3338 1094 3552 1148 Patrem
3587 1095 3871 1149 Antonium

2297 1174 2497 1230 electos
2531 1177 2717 1244 palmas
2740 1194 2914 1232 ramos
2945 1180 3183 1248 vidisset,
3213 1199 3345 1251 quos
3374 1186 3488 1252 ipse
3517 1187 3872 1244 laboraverat.

2297 1268 2446 1334 petiit
2471 1268 2538 1321 ab
2566 1283 2630 1323 eo
2660 1286 2821 1323 unum
2852 1272 3175 1339 manipulum
3197 1288 3467 1328 ramorum
3496 1276 3719 1344 palmae.
3749 1279 3876 1331 Dixit

2294 1366 2468 1410 autem
2493 1359 2539 1412 ei
2572 1360 2868 1414 Antonius:
2901 1363 3164 1429 Scriptum
3211 1373 3292 1417 est
3315 1381 3328 1416 :
3353 1365 3466 1417 Non
3521 1366 3874 1431 concupisces

2293 1464 2378 1503 res
2411 1450 2630 1518 proximi
2667 1454 2737 1505 lui
2771 1453 2944 1523 (Deut.
2978 1454 3094 1523 vti).
3131 1455 3193 1507 Et
3237 1471 3354 1509 cum
3387 1457 3438 1508 id
3470 1459 3654 1510 solum
3706 1458 3872 1509 dixis—

2290 1551 2409 1606 set,
2461 1544 2590 1596 rami
2621 1560 2804 1598 omnes
2833 1550 3010 1599 statim
3043 1557 3284 1614 tauquam
3322 1549 3387 1601 ab
3428 1549 3552 1618 igne
3605 1550 3870 1603 torrefactl

2289 1642 2432 1686 sunt.
2460 1633 2609 1699 Quod
2634 1635 2844 1701 quidem
2879 1652 2996 1689 cum
3029 1638 3243 1690 vidisset
3272 1640 3531 1692 Antonius
3550 1680 3568 1704 ,
3595 1641 3733 1693 dixit
3765 1642 3869 1693 Ma-

2287 1725 2430 1777 cario
2477 1741 2492 1780 :
2541 1726 2677 1779 Ecce
2739 1727 2969 1794 Spiritus
3019 1741 3232 1784 sanctus
3276 1734 3535 1798 requievit
3585 1745 3866 1801 superte.

626 1819 745 1872 etsi
795 1818 1004 1885 quando
1035 1819 1333 1886 complures
1363 1819 1410 1872 ei
1452 1829 1629 1872 essent
1661 1819 1895 1882 molesti,
1929 1823 2128 1874 occulte
2158 1838 2188 1876 e
2221 1819 2264 1876 Β
2293 1816 2500 1881 erisque
2553 1816 2681 1870 mihi
2713 1818 2961 1885 deinceps
2993 1820 3161 1873 “Tres
3195 1835 3429 1874 mearum
3469 1825 3759 1876 νίηυωω-

625 1924 718 1964 sua
747 1909 875 1962 cella
910 1909 1187 1977 egrediens
1209 1952 1222 1974 ,
1255 1909 1365 1963 ibat
1409 1910 1462 1963 in
1493 1909 1820 1976 speluncam,
1853 1926 2023 1979 neque
2049 1912 2194 1978 quis-

624 2016 780 2068 quam
811 2016 931 2054 eum
963 2001 1285 2054 inveniebat.
1318 2000 1561 2054 Narravit
1592 2009 1766 2054 autem
1796 2001 1948 2055 nobis
1979 2001 2188 2070 quidam

623 2105 686 2145 ex
718 2091 967 2144 studiosis
997 2091 1109 2158 ejus
1142 2089 1431 2155 discipulis,
1478 2090 1616 2160 quod
1647 2091 1900 2145 recedens
1929 2107 2092 2160 usque
2122 2093 2186 2147 ad

623 2180 927 2247 speluncam
979 2195 1073 2248 per
1114 2180 1434 2244 cuniculum,
1481 2179 1695 2234 dicebat
1740 2181 1916 2250 viginti
1967 2192 2189 2250 quatuor

621 2274 927 2337 orationes;
958 2283 1010 2326 et
1041 2272 1270 2339 rediens,
1306 2272 1544 2325 totidem.

693 2364 768 2419 De
795 2379 857 2419 eo
883 2365 1008 2418 exiit
1046 2365 1204 2427 fama,
1234 2365 1372 2433 quod
1401 2375 1663 2418 mortuum
1692 2367 1963 2423 suscitavit
1989 2369 2182 2437 (lium,

619 2452 656 2506 Ι.
693 2469 749 2518 ll,
777 2471 820 2508 c.
850 2453 975 2522 28);
1010 2463 1064 2508 ut
1107 2456 1447 2522 persuaderet
1477 2456 1725 2509 ltwretico
1756 2457 1843 2526 qui
1875 2473 1977 2511 non
2017 2463 2186 2514 confi-

619 2545 823 2597 tebatur
851 2560 968 2599 esse
998 2547 1435 2600 resurrecﬁonem
1467 2561 1771 2616 corporum.
1823 2548 1888 2602 Et
1917 2547 2013 2603 fuit
2055 2566 2184 2606 cou-

617 2647 766 2691 stans
794 2635 908 2690 haec
939 2636 1070 2689 fama
1104 2638 1153 2689 in
1177 2637 1480 2692 solitudine.

685 2746 764 2799 Ad
803 2746 944 2800 hunc
968 2759 1206 2801 sanctum
1235 2748 1492 2802 adductus
1538 2760 1616 2802 est
1647 2751 1924 2818 aliquando
1952 2767 1979 2806 a
2011 2762 2179 2810 matre

614 2840 824 2907 pr0pria
859 2840 1178 2894 lamentante
1207 2842 1516 2896 adolescens
1552 2845 1639 2909 qui
1665 2844 1951 2897 vexabatur
1995 2861 2022 2897 a
2071 2847 2180 2900 daa-

615 2945 794 2994 ntone,
843 2946 871 2983 a
917 2931 1119 2984 duobus
1169 2931 1594 2987 adolescentibus
1644 2951 1708 2988 cx
1762 2946 1981 3006 utraque
2030 2947 2178 3006 parte

614 3023 951 3076 constrictus.
987 3022 1136 3076 llunc
1174 3033 1347 3078 autem
1376 3025 1448 3078 ita
1479 3026 1702 3079 vexabat
1730 3026 1959 3080 dmmon.
1994 3028 2172 3082 Trium

612 3113 909 3168 modiorum
938 3127 1098 3181 panes
1130 3127 1404 3182 postquam
1437 3115 1786 3181 comedisset,
1818 3125 1873 3169 et
1901 3118 2170 3186 amphora:

2367 1903 2500 1956 llinc
2531 1921 2710 1958 rursus
2740 1921 2860 1959 eum
2912 1911 3113 1962 invenit
3157 1911 3397 1964 diabolus
3443 1914 3494 1964 in
3524 1913 3824 1967 solitudine
3845 1956 3862 1980 ,

2294 2007 2514 2060 eurpore
2544 1996 2696 2050 valde
2726 1998 3030 2068 defatigato,
3062 2009 3114 2054 et
3142 2001 3270 2054 dicit
3312 2002 3377 2055 ad
3406 2019 3528 2057 eum
3564 2020 3580 2057 :
3610 2005 3755 2058 Ecce
3783 2019 3863 2060 ao-

2291 2084 2472 2152 cepisti
2502 2088 2720 2155 gratiam
2764 2090 3008 2150 Antonii;
3038 2105 3131 2143 cur
3175 2107 3279 2145 non
3313 2093 3474 2145 uteris
3499 2095 3856 2157 auctoritate,

2289 2182 2341 2227 et
2368 2189 2394 2226 a
2427 2175 2532 2229 Deo
2561 2179 2696 2245 petis
2717 2178 2889 2232 cibum
2919 2188 2976 2232 et
3004 2182 3142 2234 vires
3170 2183 3234 2234 ad
3266 2184 3369 2235 iter
3398 2185 3858 2252 ingrediendum?

2289 2263 2339 2319 Is
2369 2277 2544 2320 autem
2577 2269 2704 2322 dicit
2728 2271 2794 2323 ad
2827 2287 2985 2326 eum:
3018 2274 3194 2327 Virtus
3223 2290 3338 2329 mea
3367 2285 3422 2329 et
3447 2276 3569 2330 laus
3603 2295 3728 2331 mea
3762 2279 3858 2332 Do-

2286 2356 2479 2420 minus,
2515 2368 2570 2410 tu
2616 2369 2792 2414 autem
2837 2377 2905 2416 ne
2942 2368 3231 2420 tentaveris
3277 2380 3492 2420 servum
3545 2367 3666 2422 Dei.
3719 2369 3861 2422 Facit

2285 2457 2413 2511 ergo
2463 2445 2701 2502 diabolus
2746 2458 2801 2503 ut
2848 2453 2894 2504 ei
2929 2453 3236 2520 phantasma
3265 2467 3564 2523 appareat,
3621 2460 3858 2512 carneis:

2284 2548 2442 2587 onera
2487 2537 2726 2603 bajulans
2773 2550 2825 2593 et
2867 2556 3050 2595 errans
3096 2558 3190 2612 per
3231 2545 3605 2611 solitudinem,
3662 2548 3862 2602 hat-eus

2282 2627 2458 2678 omnia
2490 2627 2554 2679 ad
2586 2643 2734 2681 usum
2763 2632 3083 2687 necessaria.
3119 2633 3217 2700 Qui
3261 2649 3379 2689 cum
3423 2636 3657 2690 vidisset
3689 2639 3858 2690 Mat:-

2282 2713 2437 2778 rium,
2474 2731 2635 2783 prope
2664 2733 2784 2773 eum
2817 2723 3033 2775 assedit.
3069 2723 3115 2776 ls
3161 2738 3334 2778 autem
3383 2728 3698 2794 suspicatus
3747 2744 3862 2782 esse

2282 2805 2610 2871 phantasma,
2645 2809 2779 2862 sicut
2817 2822 2952 2876 erat,
2975 2816 3206 2868 constitit
3233 2815 3298 2868 ad
3325 2819 3595 2871 orandum
3620 2835 3635 2882 ;
3667 2819 3713 2871 is
3742 2836 3862 2873 vero

2279 2899 2520 2965 protinus
2543 2914 2572 2953 a
2605 2910 2743 2955 terra
2788 2901 2884 2955 fuit
2909 2903 3204 2970 absorptus.

2346 3010 2642 3079 Aliquando
2673 3029 2853 3068 rursus
2883 3017 3022 3069 venit
3062 3017 3146 3072 hic
3168 3020 3425 3075 Macarius
3460 3024 3862 3078 Alexandrinus

2277 3100 2343 3153 ad
2370 3116 2614 3170 magnum
2640 3104 2924 3160 Macarium
2947 3108 3036 3176 qui
3059 3121 3170 3163 erat
3194 3112 3243 3164 in
3267 3112 3443 3167 Scete.
3471 3115 3538 3169 Et
3560 3129 3689 3168 cum
3709 3116 3860 3169 ambo

612 3207 769 3260 unius
798 3203 1073 3259 cnicensis
1122 3203 1238 3274 (48)
1266 3220 1452 3274 aquam
1499 3206 1713 3262 bibisse,
1735 3248 1749 3272 ,
1794 3218 2017 3276 umque
2056 3225 2177 3264 ενα,
2202 3192 2246 3252 C
2279 3201 2460 3245 essent
2488 3193 2660 3246 Nilum
2693 3197 3057 3251 transmissuri
3078 3237 3093 3263 ,
3129 3201 3322 3254 accidit
3347 3211 3402 3254 ut
3432 3203 3532 3270 ipsi
3569 3206 3858 3256 maximum

610 3303 782 3359 etans,
811 3296 961 3351 cibos
992 3296 1286 3350 resolvebat
1315 3298 1365 3350 in
1391 3312 1656 3365 vaporem.
1683 3298 1763 3352 Ab
1789 3313 1853 3353 eo
1874 3300 2036 3365 enim,
2065 3316 2170 3356 non

608 3398 761 3439 secus
788 3399 850 3437 ac
879 3386 999 3454 igne
1027 3387 1474 3441 consumebantur
1501 3403 1619 3454 qua:
1657 3390 1959 3443 comederat
1985 3398 2038 3445 et
2088 3393 2168 3446 bi-

609 3476 777 3529 berat.
823 3475 916 3530 Est
947 3476 1087 3531 enim
1119 3476 1250 3530 ordo
1278 3493 1483 3546 quoque
1512 3478 1808 3533 dazmomtm
1847 3482 1933 3550 qui
1981 3483 2173 3537 dicitttr

607 3567 808 3633 igneus.
841 3566 974 3620 Sunt
1001 3567 1140 3620 enim
1171 3567 1468 3620 dt-mouum
1501 3584 1708 3638 quoque
1735 3571 1868 3624 sicut
1899 3571 2170 3628 hominum

605 3656 953 3722 differentias,
987 3672 1088 3710 non
1134 3668 1327 3711 mutata
1374 3661 1623 3728 essentia,
1676 3676 1857 3716 verum
1901 3665 2171 3719 voluntate

605 3749 874 3802 distincta.
909 3750 1000 3803 llic
1021 3764 1148 3817 ergo
1171 3751 1480 3806 adolescens
1501 3767 1618 3806 cum
1648 3754 1695 3807 ei
1727 3763 1896 3808 mater
1919 3771 2021 3809 non
2045 3772 2171 3825 sup-

605 3840 882 3906 peditaret,
912 3853 1052 3908 saspe
1075 3855 1166 3893 sua
1193 3841 1497 3896 comedebat
1523 3858 1880 3913 excrementa,
1909 3858 1962 3901 et
1984 3848 2167 3902 lotium

602 3929 829 3984 bibebat.
868 3929 1050 3984 Fleute
1081 3946 1208 4000 ergo
1255 3932 1370 3999 ejus
1401 3943 1586 3998 matre,
1618 3942 1671 3988 et
1698 3935 1922 3991 alienam
1963 3941 2043 3992 sui
2077 3939 2168 3994 filii

601 4030 862 4075 mmrente
905 4021 1281 4087 calamitatem,
1311 4033 1362 4076 et
1390 4035 1630 4078 sanctum
1677 4027 1828 4083 valde
1872 4030 2168 4087 obtestante

597 4123 651 4165 et
679 4122 915 4180 rogante.
949 4114 1096 4168 illum
1143 4116 1405 4184 accipiens
1454 4118 1684 4172 invictus
1728 4119 1923 4176 Christi
1970 4125 2163 4178 athleta

599 4201 875 4267 Macarius,
904 4205 1122 4270 supplex
1164 4220 1257 4272 pro
1287 4219 1352 4258 eo
1400 4205 1563 4261 Deum
1594 4211 1779 4265 oravit.
1829 4212 1954 4267 Post
2000 4232 2162 4270 unum

599 4303 774 4348 autem
806 4304 897 4348 aut
918 4296 1139 4350 alterum
1163 4299 1324 4363 diem,
1347 4302 1552 4356 remisit
1572 4302 1778 4358 daemon
1805 4307 2161 4363 vexationem.

597 4382 745 4438 Tunc
769 4396 897 4451 ergo
929 4383 1226 4439 dicitmatri
1258 4387 1609 4444 adolescentis
1691 4403 1912 4449 sanctus
1983 4396 2158 4451 Maca-

598 4475 752 4530 rius:
781 4473 1045 4539 Quantum
1068 4477 1146 4529 vis
1170 4486 1225 4529 ut
1252 4477 1390 4532 filius
1421 4488 1539 4532 tuus
1565 4481 1843 4535 comedat?
1875 4483 1961 4535 Illa
1984 4492 2161 4538 autem

2283 3291 2573 3348 pontonem
2609 3285 3042 3354 ingrederentur;
3075 3289 3124 3342 in
3151 3305 3305 3358 quem
3340 3292 3571 3360 ingressi
3607 3305 3736 3347 sunt
3763 3295 3859 3347 duo

2278 3373 2473 3428 tribuni
2523 3391 2645 3430 cum
2687 3393 2876 3446 magno
2923 3378 3058 3434 fastu
3089 3391 3142 3435 et
3169 3393 3424 3450 apparatu
3451 3425 3468 3448 ,
3500 3395 3562 3438 ut
3598 3389 3690 3455 qui
3725 3388 3858 3441 intus

2276 3463 2534 3520 haberent
2561 3467 2780 3523 rhedam
2827 3480 2990 3524 totam
3022 3487 3249 3541 aeneam,
3279 3485 3331 3528 et
3361 3490 3528 3544 equos
3575 3478 3745 3530 frenis
3773 3493 3857 3530 an-

2275 3556 2398 3615 reis.
2431 3564 2485 3611 et
2513 3559 2769 3626 quosdam
2798 3575 2889 3615 eos
2919 3564 3177 3632 stipantcs
3210 3566 3403 3621 milites
3423 3609 3438 3630 ,
3475 3569 3769 3631 satellites,
3802 3582 3855 3623 et

2276 3659 2466 3710 pueros
2501 3649 2774 3716 torquibus
2805 3661 2858 3705 et
2887 3655 3064 3707 aureis
3106 3657 3254 3708 zonis
3284 3667 3523 3712 ornatos.
3562 3659 3856 3728 P05tquam

2272 3749 2399 3804 ergo
2423 3737 2614 3793 tribuni
2647 3742 2889 3796 viderunt
2917 3745 3058 3814 ipsos
3081 3749 3351 3802 veteribus
3379 3752 3578 3817 pannis
3616 3753 3854 3817 indutos,

2272 3837 2325 3879 et
2355 3829 2600 3884 sedentes
2630 3831 2682 3884 in
2711 3836 2902 3901 angulo
2931 3879 2943 3901 ,
2979 3838 3227 3893 humilem
3259 3841 3398 3894 illam
3433 3852 3490 3895 et
3519 3852 3744 3898 tenuem
3776 3849 3852 3898 vi-

2280 3918 2435 3972 vendi
2465 3923 2723 3976 rationem
2765 3925 2968 3981 beatam
3009 3928 3349 3998 judicabant;
3382 3947 3523 3987 unus
3568 3945 3753 3990 autem
3792 3952 3854 3992 ex

2271 4006 2402 4072 ipsis
2434 4011 2658 4066 tribunis
2682 4015 2811 4068 dixit
2838 4017 2901 4069 ad
2934 4019 3074 4085 ipsos
3102 4037 3115 4070 :
3145 4020 3288 4074 Beati
3313 4023 3442 4076 estis
3467 4040 3562 4078 vos
3586 4027 3676 4091 qui
3702 4042 3853 4080 mun-

2275 4097 2400 4151 dum
2434 4099 2676 4156 illuditis.
2709 4105 3054 4174 Respondeas
3081 4122 3254 4166 autem
3287 4113 3574 4182 Macarius,
3612 4119 3701 4185 qui
3736 4130 3850 4171 erat

2269 4188 2521 4256 urbanus,
2551 4193 2686 4248 dixit
2729 4196 2806 4249 eis
2832 4215 2842 4248 :
2871 4197 2975 4251 Nos
3004 4201 3214 4266 quidem
3247 4204 3504 4257 mundum
3533 4206 3807 4260 illusimus
3829 4249 3844 4270 ,

2267 4297 2362 4336 vus
2391 4294 2567 4340 autem
2616 4288 2778 4343 illusit
2822 4292 3068 4348 mundus.
3101 4295 3247 4349 Scias
3289 4308 3470 4351 autem
3523 4308 3577 4353 te
3621 4315 3728 4353 non
3763 4312 3843 4354 tua

2266 4385 2455 4440 Sponte
2483 4378 2583 4433 hoc
2607 4380 2825 4447 dlxisse,
2850 4383 2941 4438 sed
2973 4387 3276 4453 prophetice
3298 4405 3313 4443 :
3339 4391 3499 4444 ambo
3521 4393 3671 4444 enim
3695 4409 3845 4444 wea-

2267 4480 2385 4518 mur
2418 4469 2657 4539 Macarii,
2692 4473 2790 4529 hoc
2819 4487 2918 4542 est,
2955 4478 3112 4532 beati.
3146 4481 3190 4533 ls
3230 4491 3403 4536 autem
3441 4481 3560 4550 eius
3588 4500 3842 4538 sermone

595 4563 890 4628 respondit,
921 4564 1103 4620 dicens
1137 4582 1150 4619 :
1185 4565 1332 4635 Rogo
1365 4577 1444 4636 te,
1473 4569 1600 4637 jube
1630 4585 1748 4624 eum
1775 4571 1946 4626 solum
1986 4588 2163 4629 come-

2279 4570 2639 4628 :ompunctus,
2673 4578 2793 4620 cum
2822 4568 3036 4623 domum
3066 4572 3328 4640 venisset,
3362 4585 3547 4628 vestes
3599 4591 3800 4629 exuens
3823 4615 3838 4638 ,

593 4651 718 4707 dere
745 4652 928 4708 decem
960 4653 1122 4709 libras
1154 4658 1321 4724 panis.
1357 4659 1483 4713 Eam
1533 4669 1708 4714 autem
1751 4661 2060 4732 increpans,
2106 4673 2164 4720 ut

591 4759 706 4813 qua:
745 4745 962 4798 nimium
994 4745 1224 4813 dixerat,
1272 4749 1405 4803 dixit
1437 4767 1449 4802 :
1484 4750 1527 4804 Ο
1555 4752 1771 4818 mulier,
1804 4768 1898 4808 cur
1930 4754 2031 4809 hoc
2076 4755 2161 4809 di-

589 4836 750 4890 xisti?
777 4836 1014 4908 Cumque
1041 4850 1243 4908 septem
1272 4841 1387 4896 dies
1417 4853 1626 4898 orasset
1653 4859 1772 4898 cum
1793 4844 2020 4915 jejunio,
2061 4861 2159 4900 ex-

589 4927 742 4996 pulso
785 4929 852 4983 ab
878 4945 943 4984 eo
979 4931 1285 4999 pernicioso
1315 4932 1557 4988 daemone
1585 4935 1857 5002 ingluviei,
1889 4937 2161 4991 constituit

588 5020 634 5074 ei
671 5021 921 5074 vescendi
951 5023 1208 5076 rationem
1231 5023 1296 5076 ad
1323 5033 1431 5078 tres
1453 5040 1618 5094 usque
1645 5026 1803 5080 libras
1832 5030 1999 5095 panis,
2025 5043 2155 5097 quas

587 5112 806 5165 deberet
829 5113 940 5180 ipse
968 5113 1249 5170 comedere
1279 5115 1320 5170 sl
1348 5128 1676 5184 operaretur.
1705 5119 1833 5173 Cum
1867 5120 1967 5175 hoc
1997 5122 2155 5179 modo

586 5201 677 5254 Dei
709 5203 875 5268 gratia
908 5216 1125 5270 puerum
1157 5205 1516 5275 emundasset,
1549 5223 1670 5262 eum
1717 5210 1870 5264 matri
1901 5211 2150 5268 reddidit.

653 5289 757 5344 lias
807 5305 892 5344 res
941 5292 1276 5348 admirabiles
1322 5304 1375 5349 et
1422 5307 1612 5364 praeter
1657 5300 1961 5368 Opinionem
2018 5303 2152 5359 fecit

582 5379 722 5435 Deus
755 5397 848 5452 per
869 5393 1108 5439 sanctum
1142 5385 1446 5452 Macarium,
1470 5391 1617 5458 cujus
1640 5391 1955 5450 immortalis
1976 5395 2150 5452 anima

581 5487 718 5525 nunc
746 5481 827 5527 est
854 5489 975 5527 cum
1006 5477 1225 5545 angelis.
1253 5477 1383 5531 Eum
1409 5494 1507 5549 ego
1537 5497 1637 5537 non
1661 5485 1913 5550 conveni,
1947 5486 2150 5542 obierat

580 5563 717 5614 cuitu
749 5578 886 5617 anno
915 5575 1194 5634 antequam
1225 5583 1324 5637 ego
1355 5571 1662 5639 ingrederer
1695 5575 1745 5629 in
1778 5578 2145 5633 solitudinem.

579 5651 816 5709 Coitveni
843 5667 1015 5710 autem
1046 5673 1166 5712 eum
1195 5661 1282 5727 qui
1315 5671 1427 5715 erat
1453 5665 1566 5731 ejus
1587 5667 1761 5720 socius
1785 5669 1838 5722 in
1871 5670 1991 5724 fidei
2024 5685 2150 5739 ope-

582 5741 744 5807 ribus.
776 5753 831 5800 et
859 5745 998 5801 idem
1030 5750 1328 5805 venerabile
1358 5767 1548 5809 nomen
1579 5757 1720 5822 quod
1755 5760 1865 5824 ipse
1898 5759 2142 5816 habebat.

2267 4647 2460 4718 delegit
2487 4653 2646 4708 vitam
2695 4670 2852 4725 agere
2877 4659 3170 4715 solitariam
3191 4702 3206 4729 ,
3236 4662 3428 4718 multas
3462 4665 3674 4720 faciens
3701 4666 3834 4720 eiec-

2267 4757 2537 4814 mosynas.

2336 4834 2541 4891 Rursus
2577 4851 2695 4892 cum
2723 4840 3008 4910 aliquando
3036 4847 3286 4915 cupiisset
3313 4849 3457 4903 vesci
3486 4851 3611 4905 uvis
3646 4867 3832 4907 recen-

2265 4923 2402 4977 tibus
2432 4927 2783 4999 perbellisque
2812 4932 2876 4985 ad
2912 4949 2971 4988 se
3001 4937 3198 5002 missis,
3232 4940 3523 4994 ostendens
3553 4945 3830 4997 continen-

2265 5014 2411 5081 tiam,
2454 5032 2544 5072 eas
2591 5020 2732 5074 misit
2775 5023 2840 5076 ad
2891 5025 3048 5080 alium
3093 5025 3305 5082 fratrem
3339 5030 3716 5094 laborantem,
3746 5034 3828 5101 qui

2263 5106 2377 5175 ipse
2405 5123 2613 5179 quoque
2640 5127 2767 5166 uvas
2797 5114 3150 5172 desiderabat.
3184 5119 3281 5186 Qui
3311 5134 3432 5173 cum
3463 5135 3562 5174 eas
3593 5125 3827 5188 accepis-

2260 5207 2361 5264 set,
2391 5209 2443 5254 et
2470 5217 2656 5270 magna
2687 5204 2907 5258 affectus
2937 5218 3074 5261 esset
3103 5209 3306 5272 lgetitia.
3336 5225 3489 5265 suam
3531 5213 3714 5265 celare
3743 5228 3824 5266 vo

2259 5289 2373 5343 lens
2405 5293 2798 5358 continentiam,
2831 5306 2921 5349 eas
2961 5297 3102 5353 misit
3131 5300 3196 5353 ad
3241 5301 3400 5354 alium
3434 5302 3658 5356 fratrem
3691 5303 3825 5356 labe-

2258 5390 2486 5444 rantem,
2519 5382 2607 5450 qui
2638 5384 2749 5450 ipse
2778 5401 2984 5456 quoque
3008 5404 3126 5443 eum
3152 5391 3325 5444 cibum
3358 5402 3671 5460 appeteret.
3695 5393 3817 5446 Cum

2259 5471 2348 5526 ille
2374 5488 2584 5542 quoque
2629 5479 2916 5544 accepisset
2944 5521 2959 5545 ,
2993 5496 3176 5535 rursus
3208 5481 3307 5535 hoc
3338 5483 3513 5550 ipsum
3544 5484 3702 5545 fecit,
3732 5483 3820 5536 etsi

2257 5566 2370 5631 ipse
2400 5568 2550 5621 valde
2581 5570 2719 5623 vesci
2749 5580 2984 5638 cuperet.
3015 5572 3302 5642 Postquam
3333 5585 3512 5628 autem
3537 5577 3605 5628 ad
3640 5575 3818 5628 multos

2256 5658 2446 5715 fratres
2476 5662 2665 5717 deinde
2694 5673 2950 5718 venerunt
2992 5680 3108 5719 uvae
3135 5707 3149 5731 ,
3181 5681 3300 5721 cum
3351 5669 3530 5722 nullus
3562 5669 3642 5722 eis
3686 5666 3815 5720 vesti

2257 5752 2533 5820 voluisset,
2568 5766 2868 5824 postremus
2896 5757 2980 5826 qui
3015 5773 3102 5811 eas
3157 5769 3443 5828 acceperat
3468 5803 3483 5825 ,
3511 5775 3601 5814 cas
3647 5773 3814 5814 rursus
