4096 6510
139 368 292 437 1049

1408 358 1781 426 HISTORIA
1817 356 2209 423 LAUSIACA.

3285 318 3429 428 1050

135 483 437 549 Κελεὺσας
478 483 535 539 δέ
562 482 703 555 αὑτῇ
736 482 1169 555 προσενεχθῆναι
1215 481 1452 555 τροφάς,
1486 480 1742 551 ἐποίησεν
1771 478 1819 538 Δ
1917 477 2008 548 Τῷ
2039 478 2096 531 δὲ
2129 477 2386 551 ὁμοζὺγῳ
2417 478 2610 535 τούτου
2662 480 2777 544 τοῖς
2820 480 3004 553 ἔργοις
3028 478 3127 553 τῆς
3162 482 3419 548 πίστεως,

135 568 320 639 αὐτὴν
350 569 550 638 φαγεῖν
572 584 588 598 ·
623 568 723 623 καὶ
746 567 923 633 οὕτως
949 569 1243 639 ἰασάμενος
1268 568 1439 639 αὐτὴν
1467 567 1738 620 ἀπέλυσεν

139 652 292 724 μετὰ
342 651 439 706 τοῦ
496 652 630 706 ίδίου
681 652 912 723 ἀνδρὸς,
963 652 1421 723 εὐχαριστοῦντας
1467 651 1546 722 τῷ
1593 650 1733 721 Θεῷ.

151 736 432 790 Ύπέθετο
470 736 528 789 δὲ
578 737 718 807 αὑτῇ
750 738 778 789 6
812 736 915 794 τοῦ
944 736 1184 807 Χριστοῦ
1216 736 1523 807 ἄνθρωπος,
1566 732 1739 788 είπὼν

136 823 311 894 αὑτῇ·
345 822 633 893 Μηδέποτε
662 822 999 891 ἀπολειφθῇς
1026 821 1127 885 τῆς
1177 821 1527 893 Ἐκκλησίας,
1572 820 1737 892 μηδέ-

139 926 283 962 ποτε
337 909 591 981 ἀπόσχῃς
646 908 747 978 τῆς
784 907 1074 971 κοινωνίας
1120 907 1229 961 τῶν
1274 907 1593 978 μυστηρίων
1640 904 1736 959 τοῦ

136 993 413 1063 Χριστοῦ.
451 992 639 1047 Ταῦτα
672 992 784 1064 γάρ
819 1010 902 1046 τοι
933 992 1160 1061 συνέϐη,
1186 992 1248 1045 τὸ
1275 992 1365 1045 ἐπὶ
1395 991 1557 1045 πέντε
1588 989 1738 1043 ἐϐδο-

140 1078 325 1148 μάδας
366 1077 443 1148 μὴ
474 1076 939 1148 προσεληλυθέναι
970 1094 1030 1131 σε
1068 1078 1179 1140 τοῖς
1207 1076 1497 1149 ἀχράντοις
1528 1091 1737 1147 μυστη-

140 1163 289 1231 ρίοις
317 1162 418 1215 τοῦ
449 1161 706 1234 Σωτῆρος
738 1162 919 1233 ἡμῶν.

218 1297 397 1368 Ἀλλη
429 1298 594 1351 πάλιν
620 1296 821 1368 πρᾶξις
843 1299 944 1368 τῆς
976 1298 1221 1368 μεγάλης
1237 1295 1404 1351 αὑτοῦ
1425 1298 1733 1367 ἀσκήσεωςο

151 1383 249 1436 Ἕν
277 1384 360 1455 τῷ
421 1383 620 1454 μακρῷ
653 1384 754 1454 τῆς
788 1382 934 1452 ζωῆς
966 1383 1133 1437 αὑτοῦ
1160 1384 1337 1453 χρόνῳ
1370 1383 1475 1435 ὑπὸ
1511 1383 1610 1451 τὴν
1634 1382 1738 1451 γῆν

141 1468 387 1536 ποιήσας
416 1466 654 1537 σύριγγα
676 1468 991 1537 ὀρύγματος
1022 1467 1130 1521 ἀπὸ
1165 1468 1264 1537 τῆς
1293 1466 1492 1537 κέλλης
1542 1465 1737 1519 ἑαυτοῦ

144 1549 350 1620 μέχρις
374 1550 698 1620 ἡμισταδίου
731 1551 808 1615 εἰς
855 1550 916 1604 τὸ
949 1551 1119 1621 ἀκρον
1153 1550 1419 1619 σπήλαιον
1473 1550 1735 1603 ἀπετέλε-

140 1651 261 1687 σεν.
302 1635 416 1687 Καὶ
472 1633 526 1686 εί
559 1651 689 1687 ποτε
750 1633 995 1697 πλείονες
1025 1633 1176 1705 αὑτῷ
1222 1632 1449 1704 ῶχλουν,
1481 1632 1737 1703 κρυπτῶς

141 1720 209 1772 ἐκ
236 1719 343 1787 τῆς
373 1719 568 1790 κέλλης
623 1718 788 1772 αὑτοῦ
836 1718 995 1786 ἐξιὼν
1027 1720 1179 1774 ἀπίει
1219 1720 1298 1782 είς
1345 1719 1407 1773 τὸ
1450 1718 1734 1789 σπήλαιον,

139 1804 243 1888 καὶ
275 1804 453 1888 οὐδεὶς
498 1802 1003 1888 αὑτὺνᾉηῦ-ρισκεν.
1041 1804 1315 1888 ηΔιηγεῖτο
1360 1798 1452 1888 οῦν
1483 1805 1614 1888 ἡμῖν
1652 1820 1733 1888 τις
1766 1833 1810 1888 Β

137 1887 258 1941 τῶν
289 1886 597 1941 σπουδαίων
636 1886 802 1940 αὑτοῦ
845 1887 1102 1957 μαθητῶν
1153 1886 1358 1954 λέγων,
1406 1887 1488 1940 ὅτι
1532 1884 1736 1939 Ἀπιὼν

138 1971 254 2032 ἕως
299 1968 397 2023 τοῦ
434 1968 701 2039 σπηλαίου
734 1970 820 2023 διὰ
852 1971 953 2040 τῆς
995 1970 1255 2041 σύριγγος
1284 1971 1736 2039 εἰκοσιτέσσαρας

141 2052 325 2105 ἐποίει
368 2051 703 2122 προσευχὰς,
744 2052 842 2106 καί¹
896 2054 1192 2124 ἐρχόμενος
1231 2053 1393 2106 πάλιν
1422 2052 1522 2115 τὰς
1542 2052 1732 2115 αὑτάς.

218 2138 295 2189 [Is
307 2138 362 2206 9‘.
388 2138 578 2191 τούτου
605 2136 826 2207 ἐξῆλθεν
855 2139 1035 2207 φήμη,
1060 2139 1141 2190 ὅτι
1164 2137 1258 2190 καὶ
1278 2136 1469 2207 νεκρὸν
1492 2136 1732 2207 ἤγειρεν,

144 2220 239 2273 ῖνα
271 2222 555 2291 αἱρετικὸν
587 2220 752 2291 πείσῃ
786 2221 879 2274 τὸν
917 2221 991 2291 μὴ
1020 2218 1392 2290 ὁμολογοῦντα
1438 2219 1737 2273 ἀνάστασιν

144 2297 291 2356 εἶναι
320 2306 615 2373 σωμάτων.
661 2305 772 2358 Καὶ
812 2304 951 2375 αῦτη
981 2306 1014 2376 η
1045 2305 1203 2376 φήμη
1233 2303 1455 2374 ἐκράτει
1490 2304 1620 2377 περὶ
1639 2305 1736 2357 αὑ-

139 2386 241 2441 τοῦ
273 2388 338 2440 ἐν
364 2391 429 2459 τῇ
462 2388 677 2459 ἐρήμῳ.

226 2541 424 2611 Τούτῳ
450 2540 528 2611 τῷ
548 2542 690 2613 ἁγίῳ
720 2544 874 2615 ἀνδρί
896 2542 1243 2615 προσηνέχθη
1267 2542 1351 2607 τίς
1381 2561 1512 2597 ποτε
1558 2542 1735 2597 νεανί-

142 2644 280 2689 σκος
310 2624 634 2693 δαιμονιῶν,
677 2627 832 2697 παρά
864 2626 965 2696 τῆς
1009 2626 1146 2690 ἰδίας
1184 2628 1389 2699 μητρὸς
1411 2627 1736 2698 ὀλοφυρομέ-

139 2728 242 2781 νης
276 2709 411 2779 περὶ
456 2708 641 2773 αὑτὸν,
695 2710 816 2762 δυσί
871 2710 1175 2773 νεανίσκοις
1238 2710 1618 2781 συνδεδεμένος
1674 2712 1733 2779 ἐξ

140 2790 430 2863 ἑκατέρων
474 2792 583 2845 τῶν
633 2794 833 2863 μερῶν.
898 2794 996 2856 Ὃς
1040 2792 1246 2864 ταύτην
1287 2794 1385 2864 τὴν
1452 2795 1734 2865 ἐνέργειαν

144 2874 342 2947 εῖχενό
361 2875 596 2946 δαίμων,
626 2876 762 2946 μετά
786 2876 848 2929 τὸ
875 2878 1069 2947 φαγεῖν
1098 2877 1267 2945 τριῶν
1292 2877 1487 2947 μοδίων
1514 2880 1732 2946 ἄρτους,

145 2960 245 3015 καὶ
281 2964 429 3015 πιεῖν
458 2960 1041 3030 άμφορέαΚιλικίσιον
1086 2960 1299 3026 ὓδατος,
1332 2960 1476 3029 άπερ
1505 2962 1731 3032 ἐρευγό-

146 3062 312 3113 μενος
343 3045 426 3107 εἰς
456 3042 632 3113 ἀτμὸν
690 3043 913 3097 ἀνέλυεν
960 3044 1027 3097 τὰ
1075 3040 1362 3114 βρώματα.
1408 3043 1594 3107 Οῦτως
1627 3046 1735 3116 γὰρ

143 3127 506 3197 ἀνηλίσκοντο
535 3126 604 3180 τὰ
635 3126 915 3197 βρωθέντα
940 3126 1068 3197 παρ’
1111 3126 1277 3180 αὑτοῦ
1334 3128 1429 3180 καί
1477 3127 1731 3193 ποθέντα,

1842 560 1938 614 καὶ
1989 561 2068 632 τῷ
2114 562 2392 634 ὁμωνύμῳ
2441 562 2537 617 τοῦ
2592 564 2890 635 σεϐασμίου
2944 564 3228 634 ὀνόματος,
3276 566 3421 634 λέγω

1838 644 1903 716 δὴ
1956 645 2037 717 τῷ
2078 648 2221 719 ἀγίῳ
2265 649 2537 722 Μακαρίῳ
2584 650 2664 721 τῷ
2716 650 3062 720 Ἀλεξανδρεῖ
3095 690 3111 715 ,
3168 650 3422 704 συντετύ-

1839 743 1987 798 χηκα
2056 731 2413 803 πρεσϐυτέρῳ
2472 733 2587 787 ὄντι
2650 733 2759 787 τῶν
2809 734 3119 803 λεγομένων
3167 734 3418 788 κελλίων.

1846 810 1943 875 Εἰς
1970 812 2007 868 ἃ
2035 816 2224 869 κελλία
2266 816 2585 890 παρῴκησα
2613 818 2724 887 ἐγὼ
2754 819 3033 872 ἐνναετίαν
3056 835 3069 847 ·
3100 819 3155 872 ἐν
3186 813 3267 883 οἷς
3292 820 3420 891 τρία

1839 892 1936 965 ἐτη
1979 915 2070 968 μοι
2097 900 2368 971 ἐπέζησεν
2400 904 2428 955 6
2483 902 2753 974 μακάριος
2779 896 2934 965 οὗτος
2964 902 3331 973 καθεζόμενος
3360 905 3419 955 ἐν

1836 978 2062 1053 ἠσυχίᾳ.
2099 984 2210 1037 Καὶ
2233 984 2301 1037 τά
2337 984 2438 1055 μὲν
2466 982 2605 1039 εἶδον
2634 986 2744 1055 ἐγὼ
2790 987 2923 1059 παρ’
2959 986 3125 1041 αὑτοῦ
3156 991 3255 1054 τῆς
3294 987 3419 1061 ἀρί-

1841 1086 1977 1141 στης
2000 1068 2167 1121 αὑτοῦ
2198 1068 2474 1133 πολιτείας
2507 1071 2643 1142 ἔργα
2675 1071 2768 1123 καὶ
2804 1074 3028 1142 σημεῖα,
3065 1071 3134 1125 τὰ
3174 1071 3232 1124 δὲ
3268 1072 3420 1143 παρά

1840 1156 1945 1209 τῶν
1973 1152 2146 1224 τούτῳ
2175 1154 2604 1225 συμϐιωσάντων
2626 1156 2945 1227 μεμάθηκα,
2972 1156 3040 1209 τὰ
3074 1155 3129 1208 δὲ
3162 1158 3256 1212 καὶ
3288 1155 3419 1227 παρ’

1838 1238 2043 1311 ἐτέρων
2075 1237 2337 1292 πλειόνων
2366 1238 2601 1308 ἀκήκοα.

1910 1357 2080 1429 υῦτος
2130 1364 2464 1435 θεασάμενός
2496 1381 2630 1418 ποτε
2674 1363 2826 1436 παρά
2858 1363 2937 1436 τῷ
2972 1364 3192 1435 μεγάλῳ
3242 1365 3419 1436 Πατρὶ

1851 1447 2123 1518 ’Δντωνίῳ
2170 1447 2298 1517 βαΐα
2345 1448 2601 1513 ἐκλεκτά,
2644 1448 2807 1501 αὑτὸν
2855 1448 3220 1519 ἐργαζόμενον
3249 1449 3418 1519 ᾔτησε

1839 1530 1971 1601 παρ’
2017 1531 2184 1585 αὑτοῦ
2222 1532 2351 1603 μίαν
2403 1533 2608 1602 δέσμην
2649 1532 2756 1585 τῶν
2788 1531 2980 1601 βαῖων.
3011 1528 3145 1585 Εἶπε
3180 1532 3237 1585 δὲ
3281 1531 3417 1600 πρὸς

1838 1616 2003 1671 αὑτὸν
2047 1619 2074 1669 6
2122 1615 2406 1681 Ἀντώνιος
2432 1634 2444 1647 ·
2486 1617 2836 1687 Γέγραπται,
2897 1617 3011 1671 υὺκ
3052 1616 3419 1688 ἐπιθυμήσεις

1836 1700 1906 1753 τὰ
1935 1698 2029 1751 τοῦ
2060 1700 2288 1771 πλησίον
2325 1701 2455 1771 σους⁸
2490 1700 2585 1753 καὶ
2619 1699 2781 1771 μόνον
2812 1699 3080 1765 εἰπόντος,
3112 1700 3316 1762 εὑθέως
3346 1699 3419 1754 τά

1841 1784 1966 1855 βαΐα
2014 1786 2212 1853 πάντα,
2244 1786 2319 1850 ὡς
2359 1787 2462 1840 ὑπὸ
2496 1786 2667 1857 πυρὸς
2714 1786 2951 1859 ἐφρύγη.
3002 1787 3181 1858 Ὅπερ
3235 1786 3357 1842 ίδὼν
3389 1787 3419 1840 6

1852 1868 2154 1935 Ἀντώνιος,
2187 1871 2292 1940 ἔφη
2318 1870 2396 1941 τῷ
2430 1870 2720 1939 Μακαρίῳ,
2765 1872 2895 1925 ’1ὃοὺ
2929 1871 3314 1925 ἀναπέπαυται
3354 1870 3418 1924 τὸ

1837 1953 2064 2024 Πνεῦμα
2088 1956 2180 2007 ἐπὶ
2207 1956 2287 2022 σέ,
2323 1956 2417 2009 καὶ
2444 1957 2546 2029 ἐσῃ
2575 1973 2667 2028 μοι
2696 1957 2884 2010 λοιπὸν
2909 1956 3016 2012 τῶν
3033 1956 3183 2028 ἐμῶν
3205 1956 3416 2029 ἀρετῶν

1837 2037 2193 2110 κληρονόμος.

1920 2183 2161 2239 Ἐκεῖθεν
2200 2184 2363 2241 πάλιν
2419 2186 2584 2241 αὑτὸν
2630 2188 2659 2241 6
2711 2185 2959 2252 διάϐολος
3017 2177 3180 2257 εὗρεν
3226 2187 3285 2241 ἐν
3348 2188 3417 2259 τῇ

1838 2270 2030 2341 ἐρήμῳ
2056 2270 2177 2325 λίαν
2226 2274 2549 2343 κεκμηκὸτα
2573 2270 2652 2343 τῷ
2704 2272 2941 2343 σώματι,
2978 2272 3073 2325 καί
3115 2288 3249 2343 φησι
3283 2271 3422 2343 πρὸς

1838 2354 2019 2407 αὑτόν·
2060 2354 2190 2407 ’ἰδοὺ
2222 2354 2319 2427 τὴν
2357 2356 2516 2428 χάριν
2542 2356 2771 2427 εἴληφας
2823 2355 3132 2410 Ἀντωνίου.
3174 2356 3239 2409 Τί
3285 2356 3421 2427 δῆτα

1844 2437 1919 2508 μὴ
1948 2438 2217 2509 κέχρησαι
2244 2438 2322 2509 τῷ
2367 2439 2678 2511 ἀξιώματι;
2723 2438 2817 2491 καὶ
2869 2440 3040 2503 αἰτεῖς
3078 2438 3232 2510 παρὰ
3280 2440 3417 2494 Θεοῦ

1838 2521 2103 2592 βρώματα
2160 2526 2252 2578 καὶ
2294 2524 2445 2595 ἰσχὺν
2505 2524 2640 2595 πρὸς
2696 2524 2795 2595 τὴν
2847 2522 3197 2596 ὁδοιπορίαν;
3252 2524 3310 2578 Ὀ
3362 2525 3420 2579 δέ

1836 2624 1971 2676 φησι
2001 2608 2136 2678 πρὸς
2166 2608 2362 2662 αὑτόνο
2424 2608 2600 2678 ’ἰσχύς
2638 2628 2738 2681 μου
2794 2611 2889 2663 καὶ
2938 2609 3175 2682 ὕμνησίς
3237 2626 3340 2680 μου
3387 2610 3418 2662 6

1837 2692 2042 2762 Κύριός
2080 2695 2229 2745 ἐστιν
2258 2709 2273 2723 ο
2301 2692 2365 2746 σὺ
2398 2694 2455 2747 δὲ
2486 2695 2585 2747 οὑκ
2608 2695 2962 2765 ἐκπειράσεις
2994 2696 3084 2749 τὸν
3107 2694 3294 2749 δοῦλον
3321 2694 3416 2748 τοῦ

1836 2777 1995 2831 Θεοῦ.
2026 2779 2178 2831 Ποιεῖ
2203 2772 2296 2832 οὖν
2326 2778 2599 2849 φαντασία
2631 2781 2660 2832 6
2691 2779 2936 2843 διάϐολος
2973 2780 3218 2851 κάμηλον
3251 2777 3419 2848 ἀχθο-

1837 2861 2002 2932 φόρον
2038 2861 2126 2915 διὰ
2170 2861 2270 2932 τῆς
2317 2862 2527 2933 ἐρήμου
2573 2861 2942 2935 πλαζομένην,
2974 2862 3203 2934 ἔχουσαν
3238 2866 3417 2916 πάντα

1835 2947 1907 3000 τά
1944 2945 2081 3016 πρὸς
2118 2944 2216 3015 τὴν
2251 2945 2441 3018 χρείαν
2467 2947 2750 3017 ἐπιτήδεια
2771 2964 2787 2979 ⁸
2810 2947 2931 3018 ἥτις
2961 2947 3144 3000 ἰδοῦσα
3171 2948 3261 3000 τὸν
3290 2949 3415 3001 Μα-

1838 3030 2030 3100 κάριον
2065 3028 2375 3100 ἔμπροσθεν
2414 3030 2579 3083 αὑτοῦ
2619 3030 2899 3085 ἐκάθισεν.
2946 3029 3005 3084 '0
3037 3031 3095 3084 δὲ
3124 3030 3411 3084 ὑπολαϐὼν

1837 3113 1966 3165 αὑτὸ
1997 3114 2287 3183 φάντασμα
2316 3110 2478 3178 εἶναι,
2506 3115 2642 3185 ὅπερ
2676 3116 2770 3169 καὶ
2790 3110 2880 3183 ἦν,
2906 3115 3036 3186 ἔστη
3065 3118 3145 3180 εἰς
3181 3132 3419 3188 προσευ-

144 3187 366 3275 (bc-61:6
391 3210 585 3282 πυρός.
622 3187 780 3263 δέστι
827 3210 936 3282 γὰρ
990 3187 1083 3265 καὶ
1126 3210 1313 3280 τάγμα
1360 3210 1654 3281 δαιμονίων
1675 3187 1735 3265 τδ
1761 3187 1804 3247 C
1839 3204 1980 3288 X‘h‘f:
2006 3204 2040 3272 ἡ
2066 3202 2330 3288 δὲίειὲοὺςί
2353 3204 2433 3267 εἷς
2463 3204 2561 3274 τὴν
2600 3204 2702 3288 ξῆν
2732 3204 3033 3276 κατεπόθη.

144 3294 447 3365 λεγόμενον
464 3293 711 3363 πύρινον.
743 3294 1007 3363 Διαφοραὶ
1030 3295 1139 3366 γάρ
1160 3295 1266 3347 είσι
1289 3294 1397 3347 τῶν
1417 3295 1729 3364 δαιμονίων,

146 3376 303 3430 ὥσπε
312 3394 344 3448 ρ
368 3376 593 3431 καὶτῶν
614 3375 941 3448 ἀνθρώπων,
962 3377 1063 3431 οὑκ
1089 3376 1278 3439 οὐσίας
1303 3377 1732 3449 ἀλλασσομένης,

147 3458 288 3512 ἀλλά
358 3458 460 3528 τῆς
498 3457 724 3527 γνώμης
784 3458 1194 3530 ἀλλοιουμένης.
1256 3454 1426 3525 Οὗτος
1471 3461 1651 3517 τοίνυν
1707 3462 1736 3514 6

146 3543 440 3606 νεανίσκος
472 3543 547 3613 μὴ
577 3543 994 3613 ἐπαρκούμενος
1010 3544 1165 3615 παρὰ
1187 3545 1288 3615 τῆς
1333 3546 1470 3609 ἰδίας
1502 3545 1733 3618 μητρὸς,

144 3626 417 3688 πολλάκις
454 3627 552 3695 τὴν
584 3626 722 3681 ἰδίαν
774 3627 961 3699 ἢσθιεν
1008 3630 1232 3698 κόπρον,
1273 3631 1366 3684 καὶ
1415 3631 1507 3685 τὸν
1541 3630 1734 3685 ἑαυτοῦ

144 3710 338 3763 ἔπινεν
375 3710 556 3780 οὖρον.
587 3711 896 3784 κλαιούσης
925 3708 1018 3766 οῦν
1056 3715 1155 3784 τῆς
1184 3714 1390 3787 μητρὸς
1422 3714 1609 3783 αὑτοῦ,
1641 3716 1735 3770 καὶ

145 3795 360 3865 σφόδρα
395 3795 709 3866 ἀνιωμένης
760 3796 853 3848 ἐπὶ
892 3799 961 3867 τῇ
1001 3800 1257 3869 συμφορᾷ
1311 3799 1610 3870 ἀπορρήτῳ
1640 3798 1733 3852 τοῦ

145 3876 268 3931 υἰοῦ
298 3878 497 3946 αὐτῆς,
527 3878 622 3931 καὶ
655 3878 827 3933 πολλά
851 3880 1280 3950 παρακαλούσης
1307 3881 1399 3934 τὸν
1425 3883 1604 3949 ἅγιον,
1639 3881 1735 3933 καὶ

144 3960 437 4030 δεομένης,
485 3960 666 4014 λαϐὼν
722 3964 928 4017 ἐκεῖνον
966 3966 995 4016 6
1048 3964 1317 4033 ἀήττητος
1367 3964 1608 4032 ἀθλητὴς
1640 3964 1735 4017 τοῦ

145 4045 392 4116 Χριστοῦ
432 4045 743 4116 Μακάριος.
784 4047 1059 4117 ἐπηύξατο
1113 4048 1267 4118 αὑτῷ
1306 4048 1399 4101 τὸν
1450 4048 1585 4101 Θεὸν
1625 4050 1738 4101 ἰκε-

143 4126 348 4181 τεύων.
375 4128 487 4180 Καὶ
527 4130 664 4197 μετά
698 4129 824 4199 μίαν
871 4132 963 4184 καὶ
987 4130 1251 4201 δευτέραν
1277 4131 1489 4201 ἡμέραν
1523 4131 1736 4185 ὑπελώ-

145 4226 325 4280 φησεν
357 4209 448 4262 τοῦ
484 4210 659 4264 δεινοῦ
690 4213 896 4277 πάθους
918 4217 945 4267 6
966 4214 1195 4284 δαίμων.
1222 4214 1385 4282 Λέγει
1409 4213 1502 4268 οὖν
1525 4215 1644 4267 τότε
1667 4218 1732 4287 τῇ

142 4292 243 4344 τοῦ
284 4293 573 4345 νεανίσκου
603 4296 852 4366 μητέριὸ
881 4298 1033 4365 ἆγιος
1066 4298 1376 4367 Μακάριος,
1413 4300 1584 4352 Πόσον
1611 4300 1732 4355 ἐθέ-

143 4375 263 4437 λεις
285 4376 491 4428 ἐσθίειν
530 4395 625 4430 σου
651 4380 740 4431 τὸν
767 4380 908 4445 υἰόν;
947 4380 1007 4433 Ἡ
1029 4381 1087 4434 δὲ
1110 4384 1448 4453 ἀπεκρίνατο
1476 4383 1731 4451 λέγουσα·

149 4460 363 4529 Δέομαί
394 4478 510 4525 σου,
545 4462 861 4533 δεκάλιτρον
897 4464 1157 4519 κέλευσον
1205 4468 1394 4537 ἄρτου.
1444 4468 1734 4539 Ἐπιτιμήυ

1909 3280 2078 3349 Οὗτος
2116 3286 2257 3363 ἀνὴρ
2278 3287 2561 3357 Μακάριος
2581 3280 2856 3352 πολιτικὸς
2877 3288 3139 3359 ὑπάρχων
3162 3290 3412 3364 συνήφθη

1836 3368 1967 3423 ποτὲ
1994 3368 2069 3439 τῷ
2108 3369 2329 3439 μεγάλῳ
2353 3371 2645 3443 Μακαρίῳ,
2678 3372 2773 3426 καὶ
2802 3372 2877 3437 ὼς
2928 3372 3154 3443 ἔμελλον
3190 3374 3416 3445 διαπορ-

1836 3453 2059 3527 θμεύειν
2082 3453 2173 3507 τὸν
2202 3454 2414 3520 Νεῖλον,
2443 3455 2641 3526 συνέϐη
2661 3456 2922 3509 είσελθείν
2945 3457 3143 3521 αὐτοὺς
3175 3461 3256 3521 είς
3284 3477 3419 3530 πορ-

1837 3541 2024 3611 θμεῖον
2060 3539 2335 3611 μέγιστον,
2371 3541 2430 3592 ἐν
2462 3533 2506 3608 ᾧ
2532 3539 2807 3610 τριϐοῦνοί
2853 3558 2996 3603 τινες
3025 3541 3166 3611 μετὰ
3218 3542 3417 3596 πολλοῦ

1836 3624 2049 3693 κόμπου
2075 3623 2518 3695 εἰσεληλύθησαν,
2548 3623 2721 3694 ρέδιον
2745 3624 2960 3694 ἔχοντες
2987 3624 3300 3695 όλόχαλκον,
3321 3626 3418 3680 καὶ

1835 3708 2258 3781 χρυσοχαλίνους
2307 3707 2529 3773 ἵππους,
2566 3707 2661 3759 καὶ
2690 3706 3024 3779 δορυφόρους
3054 3710 3207 3773 τινὰς
3251 3726 3419 3781 στρα-

1834 3796 2055 3861 τιώτας,
2086 3797 2175 3850 καί
2208 3795 2559 3868 κλοιοφόρους
2608 3796 2802 3860 παῖδας
2830 3795 3209 3867 χρυσοξώνους
3240 3796 3415 3860 τινάς.

1848 3880 1934 3943 Ὠς
1963 3876 2056 3934 οὖν
2087 3879 2195 3933 ῖδον
2247 3882 2374 3944 τοὺς
2411 3882 2679 3951 μοναχοὺς
2723 3881 2773 3933 οἰ
2806 3880 3077 3950 τριϐοῦνοι
3114 3881 3257 3950 ῥάκη
3309 3897 3418 3933 πα-

1835 3962 1963 4017 λαιά
1990 3963 2391 4034 ἐνδεδυμένους,
2424 3965 2522 4016 καὶ
2543 3962 2889 4035 καθημένους
2933 3965 3014 4027 είς
3046 3964 3149 4032 τὴν
3189 3964 3415 4031 γωνίαν,

1834 4047 2172 4119 ἐμακάριζον
2208 4049 2390 4102 αὐτῶν
2436 4048 2536 4119 τὴν
2564 4046 2863 4101 εὐτέλειαν.
2920 4043 3016 4110 Εἷς
3043 4046 3100 4100 δέ
3144 4046 3204 4111 ἐξ
3234 4047 3414 4101 αὑτῶν

1833 4131 1943 4184 τῶν
1990 4130 2286 4204 τριϐούνων
2340 4131 2444 4202 ἐφη
2490 4131 2630 4201 πρὸς
2670 4130 2907 4194 αὑτοὺς,
2962 4129 3245 4197 Μακάριοι
3287 4131 3413 4182 ἐστε

1836 4219 1993 4289 ὑμεῖς
2024 4218 2073 4269 οἱ
2106 4216 2186 4286 τῷ
2228 4216 2422 4286 κόσμῳ
2469 4215 2857 4286 ἐμπαίξαντες.
2903 4214 3248 4285 Ἀποκριθεὶς
3289 4215 3345 4268 δὲ
3383 4216 3416 4269 6

1835 4301 2109 4363 πολιτικὸς
2142 4300 2449 4370 Μακάριος,
2483 4295 2605 4352 εἷπε
2640 4298 2779 4370 πρὸς
2812 4296 3031 4361 αὑτούς·
3083 4298 3279 4367 Ἡμεῖς
3314 4298 3415 4368 μέν

1833 4386 1910 4457 τῷ
1949 4386 2138 4457 κόσμῳ
2161 4383 2550 4454 ἐνεπαίξαμεν,
2576 4384 2706 4453 ὑμῖν
2735 4383 2792 4435 δέ
2814 4384 2842 4436 6
2871 4383 3073 4453 κόσμος
3102 4382 3410 4448 ἐνέπαιξεν.

1838 4470 2076 4524 Γίνωσκε
2100 4471 2156 4523 δέ
2185 4470 2268 4523 ὅτι
2313 4469 2411 4538 οὑχ
2450 4466 2616 4534 ἐκὼν,
2668 4465 2806 4520 ἀλλὰ
2863 4465 3225 4538 προφητεύων
3256 4466 3415 4522 τοῦτο

147 4561 249 4607 σας
280 4544 340 4597 δὲ
371 4545 509 4616 αὑτῇ
548 4545 793 4617 σφοδρῶς
828 4548 901 4611 ὡς
933 4549 1069 4602 πολὺ
1101 4550 1387 4620 εἰρηκυίας
1412 4591 1425 4613 .
1456 4547 1627 4614 εἶπεν,
1664 4538 1733 4605 Ὦ
1764 4538 1811 4596 Ῑ)
1840 4558 2091 4628 εἴρηκας.
2147 4554 2472 4625 Ἀμφότεροι
2516 4552 2625 4623 γάρ
2660 4553 2926 4624 μακάριοι
2959 4553 3291 4622 καλούμεθα.
3353 4552 3414 4607 ’0

143 4628 336 4695 γύναι,
382 4628 435 4680 τί
516 4629 675 4681 τοῦτο
726 4630 1026 4700 ἐλάλησας;
1083 4633 1195 4685 Καὶ
1228 4633 1601 4704 ἐπευξάμενος
1655 4636 1731 4707 τῷ

146 4711 426 4781 νεανίσκῳ
459 4712 600 4765 ἑπτά
622 4712 863 4784 ἡμέραις
898 4716 1038 4784 μετά
1061 4716 1335 4786 νηστείας,
1362 4718 1455 4771 καὶ
1473 4718 1733 4785 ἐξελάσας

146 4796 236 4848 ἐπ’
266 4794 441 4848 αὑτοῦ
491 4795 584 4848 τὸν
619 4796 895 4867 ἀλάστορα
940 4798 1171 4868 δαίμονα
1227 4800 1327 4870 τῆς
1364 4802 1730 4871 πολυφαγίας,

148 4879 387 4949 ἔστησεν
418 4878 569 4948 αὑτῷ
604 4880 703 4948 τὴν
733 4879 943 4933 δίαιταν
975 4880 1075 4951 τῆς
1104 4883 1315 4954 τροφῆς
1344 4886 1423 4948 εἰς
1456 4886 1734 4957 τρίλιτρον

145 4962 341 5033 ἄρτου,
374 4962 452 5025 ῶς
473 4960 707 5028 ὀφείλειν
733 4963 897 5017 αὑτὸν
929 4963 1298 5035 ἐργαζόμενον
1327 4967 1483 5022 τοῦτο
1510 4969 1731 5025 ἐσθίειν.

144 5046 260 5099 Καὶ
288 5044 465 5111 τούτῳ
496 5044 575 5114 τῷ
618 5044 805 5116 τρόπῳ
851 5050 918 5117 τῇ
969 5047 1063 5101 τοῦ
1114 5049 1251 5103 Θεοῦ
1298 5050 1483 5123 χάριτι
1531 5054 1625 5106 καὶ
1665 5056 1732 5124 τῇ

146 5131 474 5199 θεοφορήτῳ
492 5128 657 5181 αὑτοῦ
679 5130 927 5203 πολιτείᾳ
950 5133 1408 5205 ἀποθεραπεύσας
1428 5136 1519 5189 τὸν
1541 5137 1731 5205 παῖδα,

145 5214 440 5266 ἀπέδωκεν
466 5214 532 5283 τῇ
570 5213 769 5285 μητέρι
816 5214 846 5267 6
896 5216 1075 5287 πάσης
1102 5217 1425 5290 δαιμονικῆς
1451 5222 1734 5291 ἐνεργείας

144 5292 628 5362 ἀνανταγώνιστος
693 5295 787 5349 τοῦ
838 5298 1077 5369 Χριστοῦ
1132 5299 1372 5371 ἀθλητὴς
1424 5304 1732 5375 Μακάριος.

144 5377 340 5431 Ταῦτα
366 5376 434 5429 τὰ
458 5378 737 5447 παράδοξα
756 5378 1009 5450 θαύματα
1039 5384 1375 5453 πεποίηκενὸ
1391 5385 1525 5449 Θεὸς
1540 5386 1625 5440 διά
1639 5387 1733 5441 τοῦ

146 5460 349 5513 ἑαυτοῦ
362 5459 588 5529 γνησίου
622 5462 775 5529 φίλου
804 5464 1114 5534 Μακαρίου,
1149 5460 1263 5536 οὗὴ
1296 5467 1559 5532 ἀθάνατος
1590 5469 1734 5541 ψυχὴ

143 5544 245 5597 νῦν
279 5544 400 5612 μετ’
428 5544 677 5613 ἀγγέλων
709 5547 843 5601 ἐστί,
867 5547 957 5617 Τῷ
981 5549 1121 5620 ἁγίῳ
1142 5550 1315 5622 τούτῳ
1345 5550 1453 5619 ἐγὼ
1475 5553 1533 5605 οὑ
1556 5571 1735 5606 συντε-

144 5628 372 5706 τύχηκα,
408 5643 423 5659 ·
451 5627 558 5699 πρὸ
604 5630 852 5684 ἐνιαυτοῦ
899 5633 1005 5703 γάρ
1033 5634 1126 5703 τῆς
1173 5636 1253 5698 είς
1291 5635 1494 5706 ἔρημον
1529 5637 1732 5690 εἰσόδου

144 5712 290 5783 ἐμῆς
314 5704 472 5776 οὗτος
498 5712 527 5764 6
568 5712 897 5785 πολεμιστὴς
931 5716 1037 5772 τῶν
1066 5718 1277 5789 ἀλόγων
1305 5704 1493 5775 παθῶν
1526 5722 1734 5777 ἐκεκοί-

149 5812 316 5866 μητο.

1833 4641 1891 4693 δὲ
1920 4638 2279 4709 κατανυχθείς
2332 4638 2425 4691 ἐπὶ.
2449 4634 2526 4708 τῷ
2560 4636 2706 4707 λόγῳ
2740 4637 2991 4690 ἀπελθὼν
3040 4640 3179 4691 οἴκοι
3208 4635 3412 4689 ἀπεδᾶ-

1837 4742 1965 4779 σατο
1988 4725 2057 4778 τὰ
2078 4725 2289 4795 ἱμάτια,
2315 4724 2411 4778 καὶ
2436 4722 2691 4794 μονάξειν
2720 4723 2992 4794 ῄρήσατο,
3018 4722 3253 4792 ποιήσας
3281 4720 3413 4773 πολ-

1834 4811 1933 4875 λὰς
1959 4808 2349 4883 ἐλεημοσύνας.

1910 4956 2133 5010 Ἀλλοτε
2182 4956 2240 5010 δὲ
2301 4954 2576 5025 σταφυλῆς
2624 4953 2971 5025 πεμφθείσης
3014 4951 3165 5023 αὑτῷ
3212 4970 3413 5026 νεαρας

1835 5042 2238 5115 ἐπιθυμήσαντι
2266 5039 2616 5111 μεταλαϐεῖν,
2646 5038 3056 5107 ἐνδεικνύμενος
3075 5038 3174 5109 τὴν
3204 5040 3413 5110 ἐγκρά-

1837 5144 2015 5192 τειαν,
2076 5124 2405 5180 ἀπέστειλεν
2462 5122 2635 5194 αὑτὴν
2684 5122 2820 5194 πρὸς
2868 5121 3098 5191 ἀδελφόν
3151 5140 3273 5176 τινα
3318 5124 3413 5177 κά-

1839 5228 2062 5282 μνοντα,
2100 5210 2198 5263 καὶ
2225 5209 2389 5263 αὑτὸν
2422 5205 2700 5277 σταφυλὴν
2729 5205 3132 5276 ἐπιθυμοῦνταο
3166 5204 3223 5270 ὃς
3251 5206 3410 5272 δεξά-

1840 5312 1998 5367 μενος
2054 5294 2149 5349 καὶ
2202 5293 2324 5347 λίαν
2388 5290 2698 5364 περιχαρὴς
2754 5291 3084 5361 γενόμενος,
3145 5290 3414 5361 κρύπτειν

1836 5378 2029 5435 ἑαυτοῦ
2061 5378 2158 5449 τὴν
2202 5376 2533 5447 ἐγκράτειαν
2568 5375 2913 5445 βουλόμενος,
2946 5376 3084 5444 πρὸς
3123 5374 3281 5428 ἄλλον
3311 5376 3411 5428 αὑ-

1834 5466 1931 5536 τὴν
1957 5463 2185 5533 ἀδελφὸν
2209 5460 2617 5527 ἐξαπέστειλεν,
2636 5450 2711 5522 ὥς
2740 5459 2902 5522 αὑτὸς
2930 5460 3240 5532 ἀνορέκτως
3272 5458 3412 5526 ἔχων

1835 5551 1965 5622 περὶ
1994 5551 2054 5603 τὺ
2085 5546 2299 5619 βρῶμα.
2330 5546 2634 5616 Δεξάμενος
2658 5544 2713 5598 δέ
2744 5543 2907 5597 πάλιν
2934 5545 3183 5602 κακεῖνος
3203 5544 3263 5596 τὸ
3280 5542 3412 5595 αὑτό

1835 5631 2125 5704 πεποίηκε,
2167 5631 2287 5684 λίαν
2320 5630 2501 5683 ποθῶν
2544 5631 2637 5683 καὶ
2677 5630 2838 5692 αὑτὸς
2891 5630 3232 5699 μεταλαϐεῖν.
3322 5628 3409 5693 Ὠς

1833 5721 1889 5775 δὲ
1921 5718 2107 5772 λοιπον
2139 5717 2219 5779 είς
2247 5715 2476 5779 πολλοὺς
2510 5715 2774 5785 ἀδελφοὺς
2804 5710 2966 5786 ἦλθον
2995 5716 3051 5769 αἰ
3098 5714 3409 5784 σταφυλαὶ,

1840 5803 2065 5875 μηδενὸς
2098 5800 2448 5873 βουληθέντος
2475 5800 2653 5855 αὑτῶν
2679 5799 3024 5872 μεταλαϐεῖν,
3053 5800 3083 5853 6
3101 5799 3410 5863 τελευταῖος
