4096 6504
602 350 609 357 ‘
700 336 833 406 1051

2157 322 2511 385 PALLADII

3792 323 3893 388 1032

695 446 903 518 λαϐὼν,
944 453 1082 526 πρὸς
1106 451 1395 521 Μακάριον
1433 448 1594 505 πάλιν
1644 448 1987 511 ἀπέστειλεν,
2025 444 2101 508 ὼς
2134 443 2275 512 μέγα
2308 446 2353 503 Α
2381 438 2690 509 ὑπερϐολήν
2731 436 2829 507 τῆς
2874 420 3071 505 ἀτίμου
3132 436 3328 509 τέχνης
3365 438 3565 493 αὐτῶν.
3594 436 3749 493 Τοῦτο
3789 443 3895 499 δὲτὸ

699 550 875 620 δῶρον
901 545 1051 618 αῦτῷ
1078 546 1461 619 χαριζόμενος.
1504 544 1791 611 Ἔπιγνοὺς
1816 542 1873 594 δὲ
1903 538 2074 603 αὑτὰς
2105 540 2132 591 6
2161 537 2281 592 Μα-

702 642 894 713 κάριος
912 641 1004 693 καὶ
1024 638 1585 709 πολυπραγμονήσας,
1609 634 1921 704 ἐθαύμασεν
1943 629 2282 702 εὐχαριστῶν

703 733 782 805 τῷ
815 733 1006 803 Κυρίῳ
1062 731 1156 783 ἐπὶ
1211 733 1275 799 τῇ
1318 728 1545 798 τοιαύτῃ
1588 726 1769 779 αὐτῶν
1825 723 2145 795 ἐγκρατείᾳ,
2189 721 2283 775 καὶ

702 824 825 877 ούδέ
861 824 1024 887 αὐτὸς
1052 822 1233 875 αὐτῶν
1267 824 1407 883 τέως
1440 820 1794 889 μετείληφεν.

802 916 867 969 'H
909 915 1008 985 μὲν
1035 910 1127 967 οῦν
1160 914 1394 982 ἄσκησις
1444 910 1539 964 τοῦ
1601 910 1838 981 μεγάλου
1866 906 2179 979 Μακαρίου,
2216 904 2284 978 ήν

705 1004 818 1075 ἐγὼ
838 1005 931 1059 καὶ
965 1004 1151 1057 πολλοὶ
1194 1004 1325 1074 παρ’
1356 1002 1504 1072 αύτῷ
1547 1002 1958 1074 ήκριὸώσαμεν,
2001 996 2070 1070 ἦν
2120 998 2282 1067 αῦτη.

706 1097 775 1152 Et
793 1116 844 1151 ::
875 1099 1113 1168 ἀκήκοεν
1144 1097 1366 1150 πώποτέ
1396 1113 1519 1148 τινα
1553 1095 1894 1164 πεποιηκότα
1921 1093 2081 1163 ἔργον
2107 1092 2286 1162 ἀσκή-

706 1199 866 1255 σεως,
892 1190 1171 1261 διαπύρως
1193 1188 1409 1250 πάντως
1439 1187 1597 1241 τοῦτο
1625 1186 2012 1256 κατώρθωσεν.

791 1281 1053 1344 Ἀκούσας
1087 1280 1180 1334 οὖν
1232 1278 1382 1348 παρά
1413 1295 1575 1331 τινων
1607 1279 1691 1330 6::
1738 1278 1788 1329 οί
1840 1274 2285 1344 Ταὸεννησιῶται

709 1374 797 1429 διὰ
844 1374 1027 1443 πάσης
1078 1373 1180 1441 τῆς
1225 1371 1686 1443 Τεσσαρακοστῆς
1735 1371 2005 1424 ἐσθίουσιν
2054 1369 2282 1437 ἄπυρον,

711 1466 925 1534 ἔκρινεν
952 1460 1107 1527 οὗτος
1139 1465 1167 1515 ό
1192 1463 1347 1531 ἅγιος
1376 1464 1467 1516 ἐπὶ
1494 1463 1787 1517 ἑπταετίαν
1814 1462 1902 1515 διὰ
1941 1461 2109 1532 πυρὸς
2135 1462 2283 1529 διερ-

712 1555 941 1625 χόμενον
978 1555 1052 1623 μή
1087 1556 1283 1621 φαγεῖν
1305 1568 1318 1581 ’
1352 1552 1493 1623 πλὴν
1518 1551 1766 1622 λαχάνων
1790 1550 1978 1622 ὠμῶν,
2004 1550 2206 1603 εἴποτε
2230 1550 2287 1602 δὲ

711 1649 807 1701 καὶ
840 1646 1136 1717 παρεῦρεν,
1172 1646 1522 1716 ήόσπριδίων
1558 1643 1826 1716 βρεκτῶν,
1869 1643 2096 1714 μηδενὸς
2125 1642 2285 1696 ἄλλου

714 1739 1053 1807 γευσάμενος
1083 1738 1140 1790 ἐν
1175 1738 1406 1800 ἐκείνοις
1449 1738 1563 1799 τοῖς
1592 1735 1732 1788 ἐπτά
1756 1736 1953 1787 ἐτεσιν.
1997 1732 2289 1805 Κατορθώ-

2386 532 2732 600 κηποτάφιον
2779 531 3006 597 γέγονεν
3056 530 3189 600 παρ’
3248 530 3409 584 αὑτοῦ
3465 531 3561 585 τοῦ
3606 533 3786 588 ἰαννοῦ
3827 541 3897 591 καὶ

2396 620 2655 693 Ἰαμόροῦ
2688 621 2800 675 τῶν
2843 621 3111 691 ἀδελφῶν,
3149 621 3217 675 δι’
3240 623 3546 694 ὑπερϐολὴν
3574 625 3666 695 τῆς
3708 629 3897 695 μαγικῆς

2383 714 2582 785 τέχνης
2617 713 2686 767 τὰ
2712 714 2906 782 πρῶτα
2941 714 3173 783 ἐχόντων
3216 714 3337 767 κατ’
3377 716 3560 768 ἐκεῖνο
3587 717 3761 787 καιροῦ
3786 722 3897 790 παρὰ

2384 806 2463 877 τῷ
2490 806 2711 878 Φαραώ.
2757 806 2847 870 Ὠς
2878 801 2971 859 οὖν
3021 805 3223 877 πολλὴν
3280 808 3606 878 κεκτημένοι
3653 810 3742 880 τήν
3778 812 3897 865 δυνα-

2387 898 2571 952 στείαν
2586 898 2686 966 τήν
2702 900 2760 952 ἐν
2774 898 3035 967 Αἰγύπτῳ
3052 900 3111 953 ἐν
3124 900 3203 969 τῷ
3218 898 3320 970 τῆς
3333 902 3481 970 ζωῆς
3496 902 3671 955 αὐτῶν
3682 903 3842 974 χρόνῳ,
3853 907 3898 959 ἐκ

2384 990 2732 1061 τετραπέδων
2760 990 2925 1044 λίθων
2945 991 3171 1045 ἔκτισαν
3214 994 3276 1045 :6
3300 994 3463 1065 ἔργον
3509 996 3698 1057 ἐκεῖνο,
3723 998 3772 1049 ἐν
3789 999 3897 1067 αύτῷ

2387 1084 2581 1153 μνῆμα
2620 1084 3003 1155 πεποιηκότες,
3034 1086 3129 1137 καὶ
3151 1085 3352 1156 χρυσὸν
3400 1087 3574 1140 πολὺν
3612 1088 3895 1160 ἀποθέμενοι.

2399 1172 2737 1244 Έφύτευσαν
2760 1175 2817 1229 δέ
2850 1176 2947 1230 καὶ
2983 1176 3176 1246 δένδρα
3209 1180 3461 1242 παντοῖα,
3497 1181 3590 1232 καὶ
3617 1182 3776 1253 φρέαρ
3806 1182 3900 1236 ὕδι-

2386 1285 2477 1331 τος
2508 1262 2770 1338 μέγιστον
2796 1267 3015 1340 ὤρυξαν
3035 1284 3049 1300 ⁸
3083 1266 3326 1339 ὓπικμος
3355 1272 3466 1343 γάρ
3517 1270 3662 1324 ἐστιν
3696 1273 3723 1324 6
3763 1273 3901 1337 τόπος.

2389 1359 2573 1413 Ταῦτα
2596 1359 2653 1413 δὲ
2681 1361 2861 1415 πάντα
2888 1362 3173 1432 ἐποίησαν,
3213 1362 3532 1428 ἐλπίζοντες
3572 1367 3703 1433 μετὰ
3738 1365 3817 1436 τὴν
3842 1370 3903 1417 ἐν·

2392 1452 2584 1507 τεῦθεν
2606 1455 2787 1508 ἐκεῖσε
2812 1455 2998 1524 ἄφιξιν
3026 1459 3083 1509 ἐν
3106 1457 3279 1528 τούτῳ
3302 1456 3380 1527 τῷ
3399 1456 3709 1527 παραδείσῳ
3725 1459 3900 1527 τρυφᾷν.

2390 1544 2555 1608 Τέλος
2579 1545 2672 1600 οὖν
2700 1548 2909 1615 ἀγνοῶν
2933 1548 3031 1619 τήν
3071 1548 3189 1602 ὁδὸν
3226 1550 3471 1617 ἄγουσαν
3534 1549 3625 1603 ἐπὶ
3660 1547 3820 1601 τοῦτον
3840 1551 3905 1600 τὶν

2388 1637 2554 1691 τόπον
2600 1638 2629 1691 6
2678 1636 2772 1690 :06
2819 1638 3056 1710 Χριστοῦ
3109 1640 3294 1704 δοῦλος
3328 1641 3636 1711 Μακάριος,
3672 1640 3905 1709 στοχασμῴ

2396 1729 2557 1798 μόνον
2582 1729 2871 1800 ἠκολούθει
2899 1734 3013 1795 τοῖς
3050 1733 3306 1803 ἄστροις’
3354 1732 3611 1799 καθάπερ
3650 1733 3695 1785 οί
3718 1737 3905 1785 ναυτικοὶ

715 1845 814 1893 σας
842 1823 935 1881 οὗν
980 1827 1138 1880 τοῦτο
1183 1826 1525 1881 κατέπτυσεν
1568 1824 1773 1893 ταύτης
1829 1823 1931 1893 τῆς
1991 1823 2286 1884 πολιτείας.
2321 1817 2361 1871 Β
2391 1821 2764 1885 διαϐαίνοντες
2798 1824 2867 1875 τά
2909 1823 3143 1895 πελάγη.
3178 1825 3365 1889 Οὕτως
3405 1819 3567 1887 06:0;
3618 1826 3645 1877 6
3685 1826 3905 1892 άγιοςτὴν

718 1922 988 1974 Ἤκουσεν
1014 1919 1070 1973 δὲ
1100 1918 1227 1991 περί
1283 1935 1428 1982 τινος
1482 1917 1644 1971 ἄλλου
1671 1911 1826 1980 06:0;
1872 1916 1901 1967 6
1928 1915 2146 1987 ἄριστος
2180 1915 2290 1969 τῶν

718 2012 969 2083 μοναχῶν
990 2012 1071 2064 6::
1095 2010 1260 2081 ἄρτου
1290 2010 1480 2079 λίτραν
1510 2008 1700 2071 ἐσθίει,
1741 2008 1839 2060 καὶ
1888 2005 2077 2060 τοῦτον
2109 2006 2289 2075 ζηλώ-

718 2121 839 2169 σας,
874 2106 1082 2168 κλάσας
1110 2107 1171 2157 :6
1203 2104 1577 2174 βουκελλάτον,
1604 2103 1632 2155 ὃ
1665 2098 1828 2173 εἶχεν,
1866 2102 2178 2172 κατήγαγεν
2213 2102 2307 2165 είς,

718 2199 987 2270 κεράμια,
1053 2197 1248 2267 κρίνας
1303 2196 1555 2248 τοσοῦτον
1586 2195 1747 2264 μόνον
1784 2195 1983 2247 ἐσθίειν
2007 2196 2131 2248 ὅσον
2158 2197 2223 2248 ἂν
2259 2197 2293 2266 ή

718 2292 837 2360 χεὶρ
870 2288 1158 2357 ἀνενέ-ίκῃ.
1184 2286 1412 2356 Μεγάλη
1443 2286 1499 2339 δὲ
1531 2287 1625 2338 καὶ
1646 2285 1786 2356 αῦτη
1820 2284 2068 2356 σώματος
2094 2286 2296 2357 σκληρ-

718 2379 955 2449 αγωγία.
1016 2381 1267 2449 Διηγεῖτο
1318 2378 1427 2449 γάρ
1490 2378 1621 2449 ήμῖν
1674 2378 2168 2448 χαριεντιζόμενος,
2215 2378 2296 2429 ὅτι

718 2470 1199 2544 Περιεδρασσόμην
1235 2470 1335 2540 μὲν
1385 2471 1645 2547 πλειόνων
1686 2471 2032 2540 κλασμάτων,
2069 2470 2129 2523 ού
2172 2486 2296 2522 συν-

718 2565 1043 2636 εχωρούμην
1072 2562 1129 2615 δέ
1181 2560 1490 2631 ἐξενεγκεῖν
1524 2561 1627 2615 61:6
1660 2562 1755 2617 :06
1794 2562 1981 2615 στενοῦ
2009 2563 2105 2633 τῆς
2136 2562 2294 2631 ὀπῆς.

728 2656 791 2710 '0
821 2653 1057 2725 τελώνης
1090 2655 1198 2724 γάρ
1227 2672 1329 2725 μου
1362 2656 1424 2708 οὐ
1452 2652 1769 2725 συνεχώρει,
1803 2656 1990 2724 φησὶν,
2018 2654 2077 2709 τὸ
2098 2670 2296 2706 παντε-

719 2748 828 2811 λῶς
859 2763 929 2814 με
953 2745 1179 2803 ἐσθίειν.
1219 2747 1341 2799 Ἐπὶ
1378 2748 1474 2800 ὅλα
1498 2743 1590 2800 οὖν
1623 2747 1749 2818 τρία
1768 2747 1862 2816 ἐτη
1890 2746 2096 2817 ταύτην
2129 2748 2299 2817 ήσκη-

630 2864 640 2873 ο
721 2854 812 2892 σιν
824 2839 926 2906 τήν
945 2838 1292 2909 ἐγκράτειαν,
1314 2839 1583 2911 τέσσαρας
1602 2840 1634 2911 ἦ
1660 2839 1818 2893 πέντε
1838 2838 2062 2905 ούγκίας
2082 2837 2297 2903 ἐσθίων,

718 2925 815 2993 καὶ
836 2932 900 2983 :6
936 2930 1263 3002 ἀντίρροπον
1318 2928 1526 2983 τούτων
1572 2931 1742 2983 πίνων
1779 2929 1941 3000 ὕδωρ.
1990 2927 2195 2999 Ξέστην
2243 2930 2301 2983 δὲ

723 3014 908 3072 ἐλαίου
945 3020 1027 3083 είς
1055 3020 1149 3073 τὸν
1170 3020 1417 3074 ἐνιαυτὸν
1438 3020 1622 3090 ἁνήλω
1650 3022 1729 3084 είς
1752 3022 1983 3090 τροφήν.

799 3110 967 3180 ¹Ἀλλη
1022 3110 1261 3180 ἄσκησις
1313 3109 1408 3163 τοῦ
1440 3109 1699 3179 ἀθλητοῦ.
1745 3108 2000 3179 Ἔκρινεν
2063 3102 2217 3171 06:0;
2273 3111 2300 3162 ὁ

720 3202 938 3273 ἀδάμας
965 3200 1137 3256 ὕπνον
1179 3201 1587 3273 περιγενέσθαι.
1625 3202 1734 3255 Καὶ
1776 3200 1935 3254 τοῦτο
1982 3200 2297 3273 διηγήσατο,

721 3297 804 3349 ῦτι
833 3296 948 3349 Οὐκ
996 3294 1249 3367 εἰσῆλθον
1286 3295 1390 3348 61:6
1421 3295 1620 3364 στέγην
1670 3295 1726 3345 ἐν
1755 3294 1896 3356 ὅλοις
1940 3294 2115 3346 εἴκοσι
2145 3293 2302 3363 νυχθ-

723 3387 976 3458 ημέροις,
1010 3385 1097 3439 ἵνα
1127 3386 1335 3457 νικήσω
1353 3386 1518 3439 ὕπνον
1536 3402 1549 3415 ο
1583 3388 1694 3448 τοῖς
1723 3386 1821 3454 μὲν
1848 3384 2094 3455 καύμασι
2112 3384 2305 3453 φλεγό⁴

726 3496 886 3550 μενος
902 3482 1000 3551 τὴν
1020 3481 1255 3553 ήμέραν,
1273 3481 1338 3552 τῇ
1365 3480 1420 3533 δέ
1438 3481 1724 3550 νυκτερινῇ
1751 3478 2084 3548 στυφόμενος
2095 3477 2301 3549 ψυχρό-

722 3590 868 3645 τητι.
886 3574 1080 3638 Καὶώς
1094 3573 1279 3643 ἔλεγεν
1298 3569 1474 3636 οὗτος,
1497 3573 1579 3627 6::
1596 3574 1659 3626 Εί
1679 3574 1753 3644 μὴ
1775 3571 1963 3644 τάχιον
1982 3572 2086 3626 61:6
2106 3571 2303 3640 στέγην

721 3665 997 3735 εἰσῆλθον,
1019 3668 1444 3739 καὶέχρησάμην
1463 3664 1822 3737 ὖπνῳ,ούτως
1846 3664 2120 3735 ἐξηράνθη
2151 3679 2250 3732 μου
2276 3663 2303 3714 6

723 3758 1047 3827 ἐγκέφαλος,
1076 3759 1151 3821 ὡς
1179 3759 1261 3823 είς
1291 3758 1549 3814 ἔκστασιν
1582 3776 1648 3830 με
1669 3758 1858 3813 ἐλάσαι
1876 3757 2081 3809 λοιπόν.
2116 3753 2223 3807 Καὶ
2245 3755 2305 3806 :6

724 3850 848 3904 600v
867 3853 927 3903 ἐν
942 3851 1083 3920 ἐμοὶ.
1102 3854 1284 3920 φησὶν,
1300 3853 1494 3906 ἐνίκων
1513 3851 1605 3905 τὸν
1625 3850 1810 3903 ὕπνονο
1836 3849 1896 3903 :6
1909 3848 1965 3901 δὲ
1986 3849 2108 3902 ὅσον
2128 3846 2220 3898 ἐπὶ
2242 3847 2301 3914 τῇ

726 3942 886 4012 φύσει
900 3945 966 4014 τῇ
982 3945 1171 4015 χρείαν
1182 3944 1380 4016 ἐχούσῃ
1396 3944 1492 3998 τοῦ
1517 3943 1707 4006 ὕπνου,
1728 3940 2097 4013 παρεχώρησα
2110 3938 2301 4010 ταύτῃ.

798 4037 908 4091 Τοῦ
955 4039 1116 4106 ἁγίου
1150 4037 1345 4091 τούτου
1398 4035 1765 4108 καθεζομένου
1792 4036 1896 4087 ὑπὸ
1946 4032 2088 4105 πρωῒ
2134 4035 2192 4085 ἐν
2227 4030 2306 4101 τῷ

727 4128 946 4198 κελλίῳ,
976 4128 1178 4200 κώνωψ
1200 4132 1331 4193 στάς
1357 4131 1448 4183 ἐπὶ
1478 4128 1573 4181 τοῦ
1608 4128 1767 4193 ποδὸς
1799 4126 1964 4179 06:06
1991 4125 2303 4194 ἐκέντησεν.

742 4222 1011 4295 ’Δλγήσας
1044 4224 1102 4277 δέ
1126 4224 1395 4289 κατέαξεν
1441 4223 1627 4276 τοῦτον
1654 4226 1720 4294 τῇ
1770 4222 1915 4292 χειρὶ
1946 4219 2083 4290 μετὰ
2109 4219 2171 4271 τὸ
2214 4235 2307 4270 κο-

730 4314 994 4386 ρεσθῆναι
1042 4317 1135 4366 τοῦ
1192 4314 1447 4383 αἵματος.
1496 4311 1874 4377 Κατεγνωκὼς
1935 4310 2027 4364 οὖν
2082 4310 2308 4379 ὕστερον

734 4407 937 4462 ἑαυτοῦ
970 4406 1043 4469 ώς
1072 4407 1267 4460 ἐαυτὸν
1290 4406 1689 4476 ἐκδικήσαντος,
1719 4401 2069 4468 καταδικάζει
2094 4402 2306 4467 ἐαυτὸν,

2392 1910 2600 1982 ἔρημον
2632 1913 2813 1965 πᾶσαν
2838 1912 3147 1979 διώδευσεν,
3173 1917 3268 1967 καὶ
3300 1913 3487 1969 λαϐὼν
3514 1914 3649 1985 δέμα
3683 1915 3904 1983 καλάμων,

2393 2002 2491 2058 ἕνα
2542 2005 2682 2059 κατά
2738 2006 2912 2076 μίλιον
2956 2007 3077 2060 ἵστα
3116 2007 3278 2077 χάριν
3321 2008 3579 2077 σημείου,
3624 2008 3706 2060 ἵνα
3729 2008 3836 2077 εὕρῃ
3858 2007 3904 2061 δι’

2395 2096 2566 2167 αὐτῆς
2599 2097 2953 2169 ὑποστρέψαι.
3002 2098 3289 2162 Διοδεύσας
3324 2098 3416 2153 οῦν
3454 2099 3666 2171 ἐκείνην
3690 2099 3775 2169 τήν
3811 2100 3903 2169 ἐρη-

2400 2205 2500 2260 μον
2538 2191 2717 2243 πᾶσαν
2744 2190 2892 2253 ἐντὸς
2926 2190 3148 2260 ήμερῶν
3184 2192 3360 2253 ἐννέα,
3385 2191 3486 2244 καὶ
3518 2192 3785 2260 γενόμενος
3805 2191 3904 2260 τληο

2402 2280 2518 2333 σίσν
2555 2280 2650 2333 τοῦ
2696 2282 2875 2350 κήπου
2918 2281 3150 2345 ἐκείνου,
3201 2282 3711 2352 ἐπικαταλαϐούσης
3738 2283 3820 2353 τῆς
3842 2301 3904 2335 νυ-

2397 2371 2523 2435 κτὸς
2550 2372 2746 2442 μικρὸν
2797 2372 3184 2443 ἐκαθεύδησεν.
3220 2375 3276 2427 Ὀ
3318 2369 3410 2426 οὖν
3457 2376 3646 2443 ἄγριος
3676 2374 3905 2443 δαίμων,ὁ

2398 2465 2487 2519 ἀεὶ
2540 2467 2654 2528 τοῖς
2683 2466 2946 2535 ἀθληταῖς
2995 2466 3090 2520 τοῦ
3124 2466 3363 2535 Χριστοῦ
3410 2469 3788 2540 ἀντιπράττων,
3822 2485 3909 2520 συνυ

2399 2556 2627 2625 αγαγὼν
2662 2558 2817 2621 ὅλους
2849 2559 2972 2621 τοὺς
2999 2558 3280 2629 καλάμους
3310 2560 3555 2623 ἐκείνους
3578 2562 3667 2613 τοῦ
3687 2554 3906 2631 Μακαρξοι

2398 2646 2752 2713 καθεύδοντος
2798 2648 2875 2712 ὡς
2905 2650 3013 2703 ἀπὸ
3060 2652 3289 2721 σημείου
3346 2651 3469 2715 ἐνὸς
3498 2651 3594 2705 τοῦ
3634 2652 3907 2725 κηποτασίον

2399 2738 2536 2807 πρὸς
2561 2742 2626 2809 τῇ
2652 2741 2861 2811 κεφαλῇ
2890 2740 3053 2794 αὐτοῦ
3081 2742 3339 2806 τεθεικώς
3369 2743 3677 2814 ἀπηλλάγη.
3708 2743 3909 2801 Ἀναστὶς

2399 2824 2492 2881 οὖν
2526 2825 2684 2901 εὗρεν
2717 2832 2844 2894 τοὺς
2887 2832 3168 2903 καλάμους
3223 2832 3662 2902 συνδεδεμένους,
3689 2832 3770 2896 οὓς
3793 2832 3911 2894 αὐτὸς
4024 2864 4025 2879 η

2399 2920 2561 2991 χάριν
2600 2926 2827 2992 σημείου
2882 2923 3213 2994 κατέπηξεν.
3263 2923 3416 2993 Τάχα
3446 2926 3507 2978 δὲ
3536 2925 3630 2979 καὶ
3669 2924 3804 2978 τοῦτο
3843 2923 3908 2975 το]

2401 3013 2537 3066 Θεοῦ
2568 3016 3022 3085 συγχωρήσαντος
3045 3018 3127 3079 εἰς
3157 3017 3385 3086 μείζονα
3413 3017 3609 3070 τούτου
3645 3015 3908 3087 γυμνασίαν,

2404 3106 2491 3159 ἵνα
2527 3108 2600 3177 μή
2650 3106 2919 3178 καλάμοις
2958 3109 3233 3182 ἐπελπίζῃ
3282 3109 3545 3179 ὁδηγοῦσι
3592 3110 3779 3173 τοῦτον,
3812 3109 3909 3161 ἀλλὰ

2402 3202 2468 3269 τῇ
2497 3201 2680 3270 χάριτι
2712 3199 2807 3254 τοῦ
2840 3200 2976 3255 θεοῦ
3006 3201 3101 3255 τοῦ
3138 3202 3227 3256 διὰ
3277 3203 3476 3255 στύλου
3516 3202 3733 3273 νεφέλης
3764 3201 3910 3269 ὁδηγή-

2405 3308 2597 3355 σαντος
2624 3293 2718 3345 τὸν
2773 3293 2985 3364 Ἰσραὴλ
3021 3296 3432 3366 τεσσαράκοντα
3474 3297 3568 3369 ἔτη
3597 3299 3651 3351 ἐν
3673 3301 3729 3368 τῇ
3757 3295 3911 3366 φοϐερᾷ

2403 3384 2594 3455 ἐρήμῳ
2628 3386 2834 3457 ἐκείνῃ.
2871 3387 3097 3455 Ἔλεγεν
3120 3388 3178 3442 δέ
3214 3391 3242 3441 6
3276 3389 3455 3459 ἅγιος,
3503 3392 3584 3444 ὅτι
3634 3388 3909 3458 Ἐγγίσαντός

2407 3493 2509 3546 μου
2559 3476 2719 3546 μόνον
2764 3478 2841 3548 τῷ
2878 3480 3227 3552 κηποταφίῳ,
3281 3483 3377 3534 ἀπ’
3417 3482 3588 3536 αὐτοῦ
3628 3482 3817 3551 ἐξῆλθον
3856 3481 3909 3540 εἰς

2406 3566 2728 3637 συνάντησίν
2765 3585 2867 3638 μου
2927 3569 3300 3641 ἐϐδομήκοντα
3338 3570 3596 3643 δαίμονες
3636 3570 3838 3639 παντοίῳ
3858 3568 3910 3632 τῷ

2405 3661 2666 3728 σχήματι.
2692 3659 2742 3712 οἱ
2776 3660 2873 3731 μὲν
2896 3659 3146 3730 βοῶντες.
3176 3662 3228 3715 οἱ
3256 3663 3314 3716 δὲ
3351 3664 3651 3735 πηδῶντες,
3682 3663 3725 3717 οί
3746 3662 3792 3715 δὲ
3814 3660 3911 3730 μετὰ

2408 3750 2647 3819 μεγάλου
2677 3750 2925 3823 βρυγμοῦ
2951 3754 3231 3823 τρίζοντες
3261 3756 3382 3809 κατ’
3413 3756 3554 3827 ἐμοῦ
3596 3757 3707 3818 τοὺς
3728 3753 3911 3809 ὀδόντιςο

2408 3843 2534 3897 ’Ἐτε
2546 3861 2627 3923 ροι
2649 3845 2704 3897 δὲ
2732 3845 2809 3909 ὡς
2847 3847 3081 3916 κόρακες
3112 3850 3546 3920 πτερυσσόμενοι
3570 3849 3787 3917 ἐτόλμων
3811 3845 3916 3897 κατὰ

2405 3938 2502 4006 τῆς
2523 3937 2699 4008 ὄψεώς
2727 3956 2850 4011 μου,
2903 3940 3173 4008 λέγοντες·
3209 3941 3276 3994 Τί
3322 3942 3518 4007 θέλεις,
3558 3942 3806 4010 Μακάριε,
3828 3953 3915 3987 πει-

2409 4031 2583 4100 ρασμὲ
2611 4031 2718 4082 τῶν
2750 4032 3031 4102 μοναχῶν;
3073 4032 3127 4086 τί
3170 4034 3307 4105 πρὸς
3351 4036 3503 4105 ήμᾶς
3535 4033 3832 4105 παρεγένου;
3864 4028 3916 4098 μὴ

2409 4122 2505 4174 καὶ
2536 4123 2699 4191 ἡμεῖς
2724 4123 2802 4187 εἷς
2831 4140 2989 4188 τινας
3014 4124 3121 4177 τῶν
3174 4127 3424 4197 μοναχῶν
3463 4127 3839 4196 ἐνεργήσαμενς
3861 4121 3917 4171 Τὰ

2408 4212 2659 4282 ἡμέτερα
2686 4213 2833 4285 ἔχεις
2865 4216 2984 4269 ἐκεῖ
3019 4218 3157 4286 μετὰ
3191 4218 3300 4272 τῶν
3335 4236 3418 4271 σοι
3446 4220 3667 4289 ὁμοίων,
3711 4216 3795 4288 τήν
3829 4214 3919 4284 ἔρῃ·

2412 4321 2551 4375 μον·
2586 4307 2843 4362 κακεῖθεν
2892 4309 3022 4373 τοὺς
3081 4313 3364 4380 συγγενεῖς
3431 4312 3591 4382 ήμῶν
3644 4308 3915 4375 ἐξεδιὼξατε.

2412 4397 2578 4450 Ούδέν
2611 4399 2790 4452 κοινὸν
2814 4401 2974 4471 ήμείς
3013 4400 3210 4473 ἔχομεν
3242 4400 3380 4472 μετὰ
3425 4403 3546 4457 σοῦ.
3582 4402 3648 4456 Τί
3681 4398 3918 4455 ἐπιϐαίνεις

732 4497 874 4555 ὥστε
904 4500 984 4557 είς
1012 4500 1075 4551 :6
1106 4499 1226 4562 ἐλος
1254 4498 1354 4567 τῆς
1409 4498 1681 4568 Σκήτεως,
1715 4499 1743 4551 6
1787 4498 1933 4550 ἐστιν
1959 4497 2015 4547 ἐν
2053 4497 2119 4565 τῇ
2174 4511 2311 4547 παν-
2343 4501 2386 4555 D
2414 4493 2571 4563 ἡμῶν
2625 4496 2737 4557 τοῖς
2777 4494 2998 4559 τόποιςς
3052 4494 3128 4558 ob;
3173 4494 3534 4565 άναχωρητὴς
3592 4489 3916 4561 άρκέσθητιτῇ

734 4593 947 4665 ερήμῳ,
982 4591 1318 4663 καθεσθῆναι
1351 4592 1558 4662 γυμνὸν
1588 4592 1681 4643 ἐπὶ
1724 4590 1897 4661 μῆνας
1944 4588 2024 4656 ἐξ.
2066 4587 2308 4641 Ἔνθαςοὶ

734 4686 997 4748 κώνωπες
1018 4683 1274 4738 δύνανται
1311 4684 1408 4738 καὶ
1448 4685 1701 4754 συάγρων
1724 4682 1969 4753 δέρματα
1990 4681 2202 4751 τιτρᾷν,
2234 4680 2308 4743 ὡς

738 4778 948 4849 σφῆκες
984 4779 1135 4841 ὄντες
1173 4778 1422 4849 μεγάλοι.
1471 4775 1655 4838 Οὕτως
1694 4774 1812 4838 ὅλος
1847 4773 1939 4828 ὑπ’
1964 4773 2146 4826 αὐτῶν
2178 4790 2311 4827 κατ-

733 4870 974 4944 ετρώοη,
1007 4871 1083 4937 ὡς
1110 4872 1206 4926 καὶ
1257 4870 1583 4933 σπονδύλους
1626 4868 1931 4936 ἐξενεγκεῖν
1962 4866 2030 4919 δι’
2058 4866 2178 4919 ὅλου
2215 4867 2309 4920 τοῦ

732 4964 1011 5035 σώματος,
1038 4964 1114 5028 ώς
1146 4963 1239 5016 καί
1272 4980 1423 5025 τινας
1454 4961 1674 5031 νομίσαι
1699 4960 1780 5013 6::
1822 4958 2112 5026 ἐλεφαντία
2141 4958 2308 5013 ἐστίν.

745 5055 1088 5111 Ἐπανελθὼν
1119 5055 1213 5109 οῦν
1244 5057 1324 5119 εἰς
1352 5054 1412 5108 :6
1449 5052 1659 5107 κελλίον
1692 5051 1886 5105 ἐαυτοῦ
1924 5049 2062 5121 μετὰ
2093 5052 2215 5113 τοὺς
2253 5050 2312 5116 ἐξ

737 5148 914 5220 μῆνας
967 5147 1077 5202 ἀπὸ
1128 5147 1230 5217 τῆς
1271 5147 1454 5217 φωνῆς
1478 5142 1805 5217 ἐγνωρίζετο
1842 5143 2004 5215 μόνον
2039 5142 2119 5195 6::
2151 5142 2314 5207 αύτός

733 5242 881 5296 ἐστιν
916 5241 945 5293 ὁ
977 5240 1163 5314 κύριος
1195 5239 1497 5310 Μακάριος.

820 5332 1199 5404 Ἐπεθύμησέν
1229 5348 1360 5385 ποτε
1388 5326 1544 5396 οὗτος
1585 5331 1613 5385 6
1644 5332 1825 5398 αὐτὸς,
1873 5333 1948 5397 ὡς
1987 5332 2147 5395 αὐτὸς
2181 5330 2313 5401 ἡμῖν

735 5425 1061 5500 διηγήσατο,
1102 5428 1184 5491 είς
1226 5426 1283 5480 :6
1312 5426 1650 5497 κηποτάφιον
1690 5426 1955 5481 εἰσελθεῖν
1986 5425 2080 5479 τοῦ
2114 5422 2313 5478 Ἰαννοῦ

738 5523 835 5575 καὶ⁵
870 5519 1129 5592 Ἰαμϐροῦ
1162 5519 1274 5573 τῶν
1306 5520 1499 5590 μάγων
1521 5518 1629 5572 τῶν
1654 5520 1747 5573 ἐπὶ
1768 5518 1862 5573 τοῦ
1902 5517 2122 5589 Φαραὼ,
2152 5518 2313 5589 χάριν

741 5613 982 5681 ἱστορίας
1007 5612 1041 5683 ἢ
1074 5613 1170 5666 καὶ
1196 5612 1487 5682 συντυχίας
1506 5610 1615 5665 τῶν
1642 5613 1821 5665 ἐκεῖσε
1843 5611 2133 5679 δαιμόνων.
2168 5610 2316 5664 Ἐλέ-

740 5718 867 5773 γετο
888 5705 996 5775 γάρ
1028 5704 1381 5775 παμπόλλους
1406 5704 1501 5757 καὶ⁵
1526 5702 1795 5775 χαλεποὺς
1819 5701 2313 5773 άποκεκληρῶσθαι

741 5794 873 5865 παρ’
918 5795 1097 5849 αὐτῶν
1150 5795 1373 5875 ἐκείνων
1408 5794 1487 5867 τῷ
1518 5795 1669 5866 τόπῳ
1713 5796 1907 5864 ἐκείνῳ
1951 5793 2213 5865 δαίμονας
2245 5794 2315 5847 δι’

2411 4586 2623 4657 ἐρήμῳ.
2656 4588 2819 4657 Ἡμῖν
2840 4587 3029 4641 τοῦτον
3054 4588 3145 4641 τὸν
3170 4587 3335 4640 τόπον
3360 4588 3408 4640 οί
3432 4588 3711 4649 κτίσαντες
3736 4582 3918 4646 6mm,-

2415 4695 2611 4749 ρωσαν.
2643 4679 2715 4733 Ού
2738 4678 3137 4743 δύνασαιαύτὸς
3160 4684 3339 4750 μεῖναι
3364 4679 3572 4733 ἐνθάδε,
3594 4679 3656 4732 Τί
3672 4677 3825 4747 ζητεῖς
3840 4674 3919 4723 εἰσ-

2413 4771 2585 4826 ελθεῖν
2616 4773 2695 4837 είς
2743 4772 2901 4827 τοῦτο
2926 4774 2986 4827 :6
3014 4773 3219 4844 κτῆμα,
3252 4774 3331 4837 είς
3360 4772 3389 4825 6
3420 4772 3599 4837 οὐδεὶς
3625 4772 3724 4825 τῶν
3757 4763 3918 4836 ἀνθρὼ’

2414 4881 2532 4919 πων
2553 4866 2663 4918 τῶν
2684 4865 2906 4931 ζώντων
2954 4866 3205 4936 εἰσῆλθεν
3250 4867 3344 4935 ἀφ’
3375 4857 3551 4936 οὗπερ
3588 4868 3634 4919 οἱ
3662 4863 3800 4917 τοῦτο
3833 4858 3919 4910 xti-

2416 4972 2608 5021 σαντες
2650 4957 2871 5027 ἀδελφοὶ
2899 4959 2989 5027 ὑφ’
3038 4958 3196 5029 ήμῶν
3230 4958 3419 5012 ἐνθάδε
3462 4953 3916 5028 κατεκηδεύθησανς

2415 5049 2509 5102 καὶ
2530 5049 2609 5102 ἐτι
2636 5049 2807 5103 πολλά
2827 5050 3249 5120 ταραττομένων
3278 5050 3387 5103 τῶν
3414 5049 3683 5120 δαιμόνων
3726 5046 3805 5099 καὶ
3837 5041 3919 5091 ὀιο-

2415 5139 2759 5212 φυρομένων,
2798 5135 2951 5194 εἷπον
2974 5140 3181 5205 αὐτοῖς,
3229 5142 3396 5211 φησὶν
3450 5141 3479 5193 6
3528 5139 3793 5209 Μακάριος
3808 5173 3821 5197 ι
3862 5132 3919 5182 δτι

2415 5232 2656 5286 Εἰσέλθω
2711 5233 2890 5304 μόνον,
2928 5234 3020 5286 καὶ
3062 5233 3363 5303 ἱστορήσω,
3403 5232 3500 5286 καὶ
3549 5230 3831 5301 ἀπέρχομαι
3861 5225 3920 5274 ἐν·

2415 5322 2628 5379 τεῦθεν.
2664 5324 2728 5377 Ol
2776 5322 2833 5377 δέ
2865 5323 3150 5394 δαίμονες-
3182 5321 3354 5376 Τοῦτο
3380 5324 3513 5394 ἡμῖν
3536 5323 3835 5393 ὁμολόγησον
3854 5312 3920 5365 ἐπὶ
4024 5316 4025 5327 ‘

2415 5412 2515 5481 τῆς
2540 5412 2640 5482 σῆς
2669 5412 3028 5482 συνειδήσεώς
3064 5429 3180 5466 σου.
3222 5409 3280 5465 Ὀ
3304 5410 3361 5465 δὲ
3384 5411 3479 5465 τοῦ
3504 5409 3731 5481 Χριστοῦ
3754 5404 3915 5459 δούλα(

2416 5500 2586 5554 Τοῦτο
2618 5502 2851 5571 ποιήσω.
2883 5503 2945 5555 Οἱ
2973 5501 3027 5555 δέ
3059 5501 3317 5572 δαίμονες
3336 5501 3565 5571 ἄφαντοι
3589 5500 3834 5568 γεγόνασι.

2420 5592 2689 5648 Εἰσελθὼν
2707 5592 2821 5661 οὖν,
2848 5595 3035 5666 φησὶν,
3055 5594 3369 5666 ἐθεασάμην
3396 5594 3467 5649 τὰ
3492 5594 3681 5658 πάντα,
3704 5593 3755 5645 ἐν
3772 5582 3838 5649 οἷς

2422 5710 2513 5764 ρον
2553 5694 2648 5747 καὶ
2692 5694 2854 5747 κάδον
2899 5692 3131 5763 χαλκοῦν
3156 5693 3345 5747 άλύσει
3408 5694 3599 5764 σιδηρᾷ
3639 5686 3916 5760 κρεμάμενον

2419 5795 2561 5848 κατα
2592 5794 2684 5848 τοῦ
2716 5795 2950 5866 φρέατος
2976 5791 3162 5847 λοιπον
3193 5790 3271 5862 τῷ
3288 5790 3463 5863 χρόνῳ
3487 5786 3802 5846 άναλωθίντα
3820 5797 3831 5811 ’
3849 5774 3910 5829 κιὶ
