4060 6506
208 336 341 393 1055

1468 328 1779 388 HISTORIA
1820 327 2024 387 LAUSI
2043 330 2181 388 ΚΕΛ.

3311 338 3450 401 1054

201 449 343 504 mlsit
370 447 434 502 ad
464 445 770 511 Macarituu,
804 454 1051 515 tanquam
1080 460 1325 514 magnum
1353 445 1401 499 ei
1431 446 1628 499 donum
1660 446 1765 498 lar-
1794 443 1844 500 Α
1871 445 2010 513 apud
2039 444 2393 502 Pharaonem.
2432 446 2498 505 Ut
2526 448 2614 517 qui
2647 464 2775 521 ergo
2806 449 2896 506 illo
2923 453 3047 509 vitae
3075 467 3187 511 suae
3207 464 3449 527 tempore

202 541 371 611 gieus.
401 537 500 606 Qui
526 552 646 591 cum
678 554 787 591 rem
823 538 1034 592 curiose
1064 538 1427 606 inquisiisset,
1459 536 1770 599 admiratus,

201 643 255 688 et
283 632 394 686 Deo
433 628 565 685 actis
597 630 779 700 gratiis
809 630 878 684 ob
924 636 1122 684 tantam
1152 644 1337 683 eorum
1367 628 1768 695 continentiam,

204 740 269 780 ne
293 725 407 795 ipse
435 723 652 794 quidem
681 738 747 777 ex
778 722 842 777 iis
869 722 1078 778 tandem
1103 722 1353 777 comedit.

186 894 197 905 κ
270 836 445 903 Atque
470 833 586 889 bare
610 833 823 902 quidem
853 843 935 889 est
968 833 1140 902 magni
1172 832 1384 888 Macarii
1427 831 1768 898 exercitatio,

203 939 356 994 quam
383 939 485 996 ego
512 935 565 980 et
595 925 744 980 multi
789 931 1033 978 accurate
1081 924 1218 992 apud
1254 923 1425 992 ipsum
1457 923 1765 978 didicimus.

201 1018 256 1074 Si
285 1017 423 1087 quod
454 1032 588 1086 opus
615 1016 1009 1072 exercitationis
1044 1014 1277 1085 aliquem
1306 1029 1538 1086 unquam
1579 1015 1772 1071 fecisse

200 1110 385 1176 audiit,
415 1110 635 1165 omnino
665 1109 716 1163 id
742 1108 995 1163 ardenter
1019 1108 1212 1163 effecit.

268 1201 401 1256 Cum
432 1201 499 1256 ab
527 1200 786 1270 aliquibus
808 1199 1087 1266 audiisset,
1117 1200 1535 1256 Tabennesiotas
1561 1214 1657 1266 per
1678 1210 1762 1256 to-

200 1300 304 1345 tam
351 1290 806 1359 quadragesimam
836 1289 977 1344 nulla
1026 1304 1086 1344 re
1115 1290 1254 1344 vesci
1303 1306 1423 1358 quas
1474 1291 1577 1359 igni
1626 1298 1769 1344 esset

198 1384 430 1447 admota,
462 1380 645 1435 statuit
692 1381 777 1435 hic
820 1389 1036 1435 sanctus
1083 1388 1286 1449 septem
1331 1382 1485 1435 annis
1514 1381 1642 1435 nihil
1673 1395 1770 1433 co-

200 1473 411 1528 medere
439 1472 577 1542 quod
605 1487 700 1541 per
744 1471 918 1541 ignem
965 1472 1277 1537 transisset,
1310 1482 1362 1526 et
1408 1480 1520 1526 toto
1561 1471 1653 1526 illo
1678 1486 1768 1526 se-

199 1564 416 1632 ptennio
445 1563 573 1618 nihil
604 1563 837 1634 gustavit
877 1572 1070 1631 praeter
1094 1563 1257 1617 cruda
1281 1564 1428 1618 olera
1458 1564 1540 1617 vel
1569 1563 1613 1618 si
1641 1577 1762 1633 qure

200 1656 338 1710 forte
366 1655 660 1709 invenisset
686 1655 947 1723 legumina
994 1655 1315 1711 humectata.
1344 1656 1473 1711 Cum
1504 1656 1607 1711 hoc
1638 1670 1767 1725 ergo

201 1756 350 1801 recte
372 1746 616 1810 vixisset,
638 1754 953 1814 aspernatus
978 1752 1060 1799 est
1090 1745 1227 1800 hanc
1249 1744 1461 1799 vivendi
1482 1745 1762 1799 rationem.

1866 537 2158 593 maximam
2190 539 2241 593 in
2271 537 2498 610 (Egypto
2531 540 2780 597 haberent
2811 552 3151 613 potestatem,
3185 561 3440 605 constru-

1874 636 2068 681 xerunt
2116 628 2247 683 illud
2291 644 2425 698 opus
2473 646 2537 685 ex
2589 630 2852 700 lapidibus
2880 636 3148 705 quadratis
3180 639 3339 708 (50;,
3391 651 3444 696 et

1872 731 2027 772 suum
2052 718 2159 774 illic
2187 720 2429 775 fecerunt
2458 724 2879 791 monimentum;
2908 735 2963 782 et
2987 743 3107 783 cum
3137 730 3315 784 multis
3336 731 3448 786 illic

1873 811 1987 865 auri
2016 810 2427 880 deposuissent,
2460 822 2515 868 et
2552 830 2710 870 omne
2739 831 2906 886 genus
2948 818 3167 873 arbores
3212 820 3447 888 plantas-

1874 910 2018 965 sent,
2052 903 2347 957 maximum
2378 919 2590 973 quoque
2629 915 2845 976 puteum
2875 921 3027 975 aquae
3058 908 3337 972 foderunt;
3366 918 3449 963 est

1874 991 2018 1046 enim
2051 992 2195 1047 locus
2224 992 2472 1050 humidus
2503 994 2639 1065 (51).
2691 996 2817 1053 [lace
2863 1007 3039 1053 autem
3082 998 3258 1053 omnia
3306 1000 3449 1054 fece-

1873 1093 2019 1150 runt,
2050 1095 2329 1153 sperantes
2355 1098 2473 1155 post
2502 1103 2656 1142 snmn
2688 1089 2809 1145 hinc
2837 1091 3130 1146 discessqu
3178 1092 3277 1145 frui
3307 1091 3445 1146 deli-

1870 1176 1970 1230 ciis
2001 1177 2052 1230 in
2079 1177 2169 1231 ille
2197 1178 2463 1246 paradiso.
2494 1177 2728 1235 Tandem
2751 1197 2878 1251 ergo
2899 1185 3147 1252 quoniam
3175 1182 3445 1238 nesciebat

1870 1268 2012 1321 viam
2040 1283 2159 1336 qua:
2175 1270 2240 1323 ad
2269 1285 2387 1323 eum
2417 1270 2562 1327 ducit
2582 1272 2820 1339 hortum,
2842 1273 2934 1327 Dei
2957 1286 3144 1330 servus
3165 1274 3442 1337 Macarius.

1870 1359 2175 1429 conjectura
2206 1361 2433 1428 quadam
2463 1363 2783 1431 sequebatur
2823 1372 2966 1419 astra
2985 1407 3000 1431 ,
3033 1378 3085 1421 et
3112 1352 3248 1421 sicut
3271 1374 3447 1422 nauta

1869 1451 1959 1520 qui
1990 1452 2353 1507 transmittunt
2383 1456 2570 1517 maria,
2602 1462 2764 1508 totam
2798 1456 3031 1523 pervasit
3056 1466 3273 1511 sanctus
3298 1457 3432 1512 soli-

1875 1543 2146 1607 tudinem;
2180 1552 2373 1598 etcum
2396 1544 2596 1613 aliquot
2624 1546 2782 1599 etiam
2811 1546 3109 1614 accepisset
3133 1546 3442 1611 arundines,

1872 1648 2027 1688 unam
2071 1635 2257 1687 statuit
2284 1634 2335 1688 in
2368 1649 2687 1704 unoquoque
2722 1635 2969 1699 milliari,
3004 1645 3058 1689 ut
3089 1650 3183 1703 per
3208 1651 3270 1690 ea
3297 1635 3444 1705 signa

1873 1734 2158 1781 remearet.
2190 1723 2319 1779 Cum
2365 1740 2492 1795 ergo
2522 1727 2658 1783 intra
2688 1740 2878 1781 novem
2925 1728 3040 1780 dies
3088 1736 3251 1781 totam
3302 1726 3446 1781 illam

199 1836 385 1892 Audiit
413 1791 910 1904 autem'mranquo
939 1835 1044 1890 alio
1081 1836 1167 1889 hic
1209 1834 1589 1890 monachorum
1632 1834 1769 1902 οριί,
1798 1791 1846 1850 Β
1878 1816 2201 1886 pervasisset
2229 1816 2590 1883 solitudinem,
2618 1828 2672 1872 et
2690 1828 2834 1873 esset
2855 1833 3017 1887 prope
3041 1819 3187 1872 illum
3211 1818 3442 1884 hortum,

198 1942 343 1992 mus,
375 1927 513 1993 quod
542 1927 757 1997 quidam
788 1929 1083 1983 monachus
1112 1928 1424 1982 comedebat
1455 1927 1643 1981 libram
1674 1942 1771 1992 pa-

198 2020 304 2075 nis.
339 2020 504 2087 Quem
532 2021 812 2074 aemulatus
835 2060 850 2084 ,
882 2020 1035 2087 fregit
1065 2020 1205 2089 quod
1249 2020 1475 2074 habebat
1505 2019 1774 2073 buccella-

202 2118 335 2175 tutn,
379 2118 435 2164 et
483 2108 703 2163 immisit
745 2110 798 2164 in
844 2110 1106 2180 lagonam,
1154 2118 1389 2165 statuens
1437 2108 1772 2163 solummodo

202 2207 412 2252 tantum
442 2197 747 2264 comedere,
777 2208 1031 2267 quantum
1062 2213 1247 2254 manus
1274 2199 1390 2268 ejus
1418 2214 1628 2254 sursum
1664 2199 1771 2251 fer-

198 2294 306 2342 ret.
331 2286 516 2349 Magna
539 2295 620 2341 est
646 2295 823 2343 autem
847 2289 959 2343 hanc
989 2290 1040 2344 in
1072 2290 1349 2345 tractando
1374 2304 1601 2360 corpore
1620 2304 1772 2358 aspe-

201 2374 351 2428 ritas.
400 2374 612 2431 Festive
656 2377 796 2431 enim
828 2380 982 2433 nobis
1032 2381 1319 2435 narrabat:
1352 2378 1511 2434 Plura
1556 2382 1772 2449 quidem

199 2464 364 2517 frusta
386 2465 898 2534 apprehendebam;
972 2465 1069 2522 sed
1127 2483 1240 2524 non
1307 2470 1514 2526 sinebat
1582 2470 1773 2527 efferre

128 2577 135 2583 ·
195 2556 270 2611 ob
290 2561 581 2627 angustiam
608 2561 899 2616 foraminis.
925 2562 1243 2618 Publicanus
1264 2565 1406 2619 enim
1446 2579 1597 2619 meus
1635 2564 1767 2619 mihi

196 2663 307 2703 non
337 2651 674 2718 permittebat
718 2655 937 2706 omnino
974 2654 1137 2709 vesci.
1171 2655 1334 2709 Totos
1370 2670 1499 2723 ergo
1530 2668 1638 2709 tres
1668 2672 1763 2708 an-

204 2753 305 2794 nos
335 2741 468 2795 hanc
495 2743 732 2797 exercuit
758 2744 1153 2809 continentiam,
1177 2755 1406 2812 quatuor
1428 2747 1511 2800 vel
1540 2746 1773 2814 quinque

196 2829 385 2885 tmcias
421 2832 705 2886 comedens
730 2872 745 2894 ,
777 2841 830 2886 et
874 2848 1063 2901 aquam
1095 2849 1210 2902 qu-e
1257 2835 1336 2889 eis
1382 2836 1767 2903 responderet;

195 2923 305 2977 olei
334 2933 511 2977 autem
558 2925 846 2979 sextarium
880 2932 995 2979 toto
1026 2939 1168 2980 anno
1208 2926 1557 2981 consumebat
1586 2928 1637 2980 in
1677 2927 1775 2980 ali-

194 3022 432 3067 mentum
441 3052 455 3067 .

269 3104 383 3157 Alia
416 3098 630 3158 athletae
658 3107 987 3160 exercitatio.
1017 3108 1209 3161 Statuit
1245 3107 1535 3163 indomitus
1565 3108 1652 3163 hic
1680 3109 1764 3163 vir

192 3208 448 3248 somnum
490 3208 765 3261 superare.
799 3196 1006 3251 Etenim
1047 3197 1288 3252 utilitatis
1323 3200 1491 3267 gratia
1522 3199 1623 3255 hoc
1654 3203 1769 3266 ipse

194 3287 644 3343 narravit:Totis
672 3288 858 3360 viginti
907 3289 1095 3345 diebus
1124 3300 1176 3345 et
1216 3292 1460 3347 noctibus
1506 3308 1609 3347 non
1651 3309 1769 3349 sum

193 3386 396 3433 tectum
428 3378 724 3449 ingressus,
756 3389 814 3434 ut
863 3396 1108 3436 somnum
1137 3382 1427 3451 vincerem,
1457 3398 1575 3439 cum
1607 3386 1773 3441 inter-

193 3469 288 3523 diu
317 3470 536 3538 quidem
581 3481 715 3525 aestu
758 3473 1021 3534 arderem,
1068 3483 1225 3527 noctu
1255 3489 1381 3527 vero
1410 3477 1589 3541 algore
1633 3477 1770 3547 rige-

192 3572 337 3612 rem.
369 3558 517 3626 Quod
550 3560 649 3614 nisi
672 3601 689 3627 ,
719 3560 1007 3630 inquiebat,
1041 3572 1236 3618 tectum
1267 3579 1439 3619 essem
1469 3567 1766 3637 ingressus,

188 3656 252 3702 et
280 3662 470 3703 somno
500 3664 628 3705 usus
654 3665 853 3716 essem,
885 3654 953 3706 ita
988 3654 1117 3708 mihi
1146 3666 1260 3710 erat
1299 3658 1586 3711 arefactum
1618 3673 1769 3712 cere-

198 3738 379 3805 brum,
414 3748 471 3794 ut
514 3740 769 3807 deinceps
819 3752 1002 3812 ageret
1050 3746 1098 3798 in
1133 3748 1380 3801 cxstasim
1408 3765 1421 3811 ;
1454 3759 1508 3800 et
1533 3751 1669 3816 quod
1702 3749 1767 3803 ad

194 3845 288 3884 me
318 3830 526 3900 quidem
575 3836 802 3901 attinet,
836 3836 931 3889 vici
982 3850 1265 3901 somnum;
1295 3840 1432 3908 quod
1482 3850 1658 3895 autem
1701 3841 1766 3895 ad

186 3932 436 3977 naturam
466 3938 600 3993 opus
632 3927 937 3992 habentem,
971 3929 1020 3983 ei
1054 3933 1189 3983 cessi
1218 3932 1255 3985 '.

265 4010 326 4065 Ei
355 4012 639 4082 aliquando
653 4016 951 4071 molestiam
982 4018 1446 4089 exhibuitspiritus
1465 4022 1763 4078 fornicatio-

182 4102 279 4158 nis
301 4103 450 4172 (t9);
475 4113 527 4159 et
550 4114 677 4160 tunc
702 4108 1076 4163 condemnavit
1095 4112 1327 4175 seipsum
1351 4115 1541 4169 sedere
1569 4116 1766 4171 nudum

180 4208 284 4248 sex
320 4209 529 4250 menses
560 4197 611 4249 in
658 4197 850 4265 palude
878 4200 1085 4264 Scetes,
1117 4216 1234 4270 qua:
1263 4211 1345 4256 est
1374 4203 1425 4256 in
1453 4214 1598 4259 vasta
1640 4206 1769 4258 soli-

185 4285 398 4347 tudine,
446 4286 497 4340 in
544 4302 645 4356 qua
689 4297 909 4355 possunt
958 4292 1153 4346 culices
1197 4292 1278 4347 vel
1309 4295 1552 4350 sauciare
1600 4296 1767 4364 pelles

183 4389 467 4443 aprorum,
498 4385 554 4430 ut
583 4379 668 4446 qui
700 4379 805 4433 sint
838 4396 988 4449 mque
1017 4384 1190 4451 magni
1226 4393 1281 4436 ut
1309 4398 1508 4451 vespae,
1542 4386 1678 4439 adeo
1710 4393 1769 4440 ut

1872 1907 2193 1962 succedente
2226 1914 2381 1962 nocte
2410 1922 2594 1977 parum
2621 1908 2859 1963 dormiit.
2896 1909 3146 1963 Immanis
3177 1924 3302 1964 vero
3332 1908 3445 1963 da:-

1874 2016 1995 2055 mon
2046 2002 2134 2069 qui
2184 2016 2395 2070 semper
2424 2002 2739 2057 adversatur
2786 2003 2981 2057 Chrisd
3028 2001 3282 2068 athletis,
3324 2017 3448 2057 eum

1874 2091 2176 2160 collegisset
2224 2107 2411 2146 omnes
2466 2092 2587 2147 illas
2631 2094 2950 2158 arundines,
3000 2093 3297 2148 dormiente
3337 2093 3448 2148 lla-

1872 2181 2062 2248 cario,
2109 2187 2163 2235 et
2197 2179 2413 2235 circiter
2461 2180 2526 2234 ad
2574 2195 2735 2234 unum
2785 2181 3012 2247 lapidem
3042 2194 3072 2234 a
3118 2181 3447 2235 monimento

1872 2273 1938 2328 ad
1980 2273 2094 2341 ejus
2145 2284 2302 2337 caput
2344 2273 2643 2340 posuisset,
2693 2274 2950 2333 recessit;
2998 2282 3273 2341 postquam
3318 2287 3448 2342 ergo

1874 2365 2141 2429 surrexit,
2215 2364 2419 2418 invenit
2477 2364 2751 2434 colligatas
2801 2364 3089 2419 arundines
3148 2381 3277 2432 quas
3333 2367 3449 2435 ipse

1877 2457 2061 2510 fixerat
2092 2455 2229 2522 signi
2260 2469 2441 2510 causa.
2473 2454 2722 2508 Fortasse
2751 2463 2924 2508 autem
2965 2454 3067 2509 hoc
3094 2470 3305 2525 quoque
3351 2455 3448 2508 fuit

1876 2548 1965 2602 Dei
2001 2548 2280 2616 permissio
2326 2548 2393 2601 ad
2443 2547 2698 2615 majorem
2729 2547 2842 2616 ejus
2882 2549 3317 2601 exercitationem
3341 2588 3355 2613 ,
3389 2558 3448 2605 ut

1875 2658 1979 2697 non
2010 2652 2253 2710 speraret
2280 2643 2333 2696 in
2357 2644 2733 2708 arundinibus,
2762 2643 2854 2697 sed
2886 2644 2937 2697 in
2969 2642 3060 2697 Dei
3101 2643 3291 2712 gratia,
3323 2657 3441 2711 qua:

1878 2749 1974 2801 per
2002 2735 2304 2790 columnam
2354 2733 2508 2791 nubis
2540 2735 2760 2789 deduxit
2790 2735 2945 2788 Israel
2975 2735 3321 2805 quadraginta
3351 2751 3446 2788 an.

1876 2827 1957 2881 nis
1988 2828 2038 2882 in
2072 2828 2297 2882 terribili
2327 2828 2415 2882 illa
2444 2828 2755 2883 solitudine.
2802 2827 3018 2881 Dicebat
3043 2837 3215 2881 autem
3263 2827 3430 2881 Maca-

1877 2920 1986 2973 rius
2013 2940 2025 2974 :
2050 2920 2184 2975 Cum
2215 2922 2433 2989 propius
2459 2923 2658 2976 accessi
2691 2922 2754 2973 ad
2781 2921 2910 2975 illud
2937 2923 3344 2985 monimentum,
3376 2936 3441 2974 ex

1873 3025 1940 3065 eo
1966 3010 2170 3078 egressi
2194 3011 2320 3065 mihi
2349 3023 2694 3066 occurrerunt
2719 3012 2781 3065 ad
2806 3013 3138 3081 septuaginta
3169 3013 3443 3068 d:emonea

1873 3105 2033 3158 variis
2072 3104 2255 3158 formis
2303 3104 2560 3173 prsediti;
2604 3105 2692 3159 alii
2734 3104 2946 3174 quidem
2984 3106 3271 3159 clamantes
3295 3145 3311 3169 ,
3356 3107 3446 3162 alii

1875 3211 2003 3250 vero
2033 3196 2375 3260 exsilientes,
2403 3196 2491 3249 alii
2520 3212 2648 3250 vero
2675 3211 2794 3250 cum
2821 3211 3014 3266 magno
3037 3197 3247 3251 fremitu
3278 3197 3330 3250 in
3358 3211 3448 3250 me

1872 3285 2160 3340 stridentes
2188 3286 2459 3351 dentibus,
2494 3286 2579 3339 alii
2609 3300 2736 3340 vero
2762 3293 3014 3355 tanquam
3062 3286 3206 3340 corvi
3257 3285 3443 3341 volan-

1873 3387 1976 3443 tes,
2029 3376 2294 3431 audebant
2338 3391 2459 3431 meo
2496 3376 2662 3431 vultui
2693 3376 2981 3442 insultare,
3010 3376 3284 3432 dicentes:
3308 3376 3444 3444 Quid

1870 3471 1969 3535 vis,
1999 3470 2188 3525 Marari
2208 3510 2221 3534 ,
2254 3468 2473 3523 tentatio
2498 3467 2917 3523 monachorum?
2946 3468 3071 3538 quid
3103 3468 3169 3522 ad
3208 3481 3306 3522 nos
3354 3481 3443 3522 ac-

1871 3561 2120 3616 cessisti?
2148 3575 2214 3613 an
2261 3576 2365 3613 non
2410 3575 2507 3613 nos
2553 3575 2764 3629 quoque
2793 3559 3019 3627 aliquem
3048 3573 3112 3613 ex
3162 3559 3439 3614 monachis

1872 3652 2223 3706 vexavimus?
2251 3651 2381 3718 Quae
2410 3659 2588 3704 nostra
2628 3658 2770 3716 sunt,
2818 3659 2870 3704 tu
2898 3665 3014 3703 tum
3046 3649 3154 3703 tuis
3183 3649 3445 3703 similibus

1874 3744 1980 3798 illic
2012 3744 2197 3809 habes,
2233 3757 2427 3811 nempe
2454 3742 2817 3808 solitudinem,
2849 3752 2900 3796 et
2933 3742 3078 3795 illinc
3102 3749 3314 3794 nostros
3340 3754 3438 3793 co-

1870 3833 2371 3903 gnatosfugavistis.
2422 3831 2561 3886 Nihil
2607 3842 2691 3887 est
2735 3833 2885 3885 nobis
2928 3840 3101 3886 tecum
3133 3844 3439 3886 commune.

1867 3928 2003 3994 Quid
2030 3928 2141 3981 loca
2172 3933 2348 3979 nostra
2377 3925 2617 3978 invadis?
2642 3924 2913 3993 Tanquam
2943 3925 3284 3988 anachoreta,
3310 3936 3444 3977 eon-

1870 4029 2044 4075 tentus
2084 4027 2199 4072 esto
2224 4017 2533 4071 solitudine.
2563 4016 2662 4083 Qui
2694 4015 2835 4069 hunc
2864 4016 3036 4070 locum
3068 4016 3399 4068 :ediflcarnnt
3420 4053 3439 4069 .

1871 4124 1990 4164 eum
2016 4108 2166 4164 nobis
2191 4109 2560 4178 assignarunt;
2594 4121 2697 4160 non
2730 4116 2881 4174 potes
2910 4105 3000 4159 hic
3032 4120 3269 4159 manere.
3296 4105 3435 4172 Quid

1870 4200 2069 4267 qumris
2098 4198 2299 4267 ingredi
2326 4200 2377 4251 in
2402 4198 2538 4251 hanc
2562 4196 2975 4264 possessionem,
3002 4199 3053 4251 in
3082 4212 3237 4263 quam
3263 4197 3442 4251 nullus

1869 4307 1933 4345 ex
1976 4291 2111 4345 vivis
2156 4289 2457 4343 hominibus
2488 4300 2569 4343 est
2602 4290 2872 4357 ingressus
2897 4329 2912 4353 ,
2959 4303 3022 4342 ex
3053 4303 3157 4357 quo
3189 4288 3443 4343 fratribus

1867 4383 1954 4451 qui
1984 4384 2084 4436 hoc
2105 4381 2460 4436 condiderunt
2485 4390 2606 4435 sunt
2628 4396 2657 4433 a
2683 4381 2834 4435 nobis
2861 4380 2946 4435 hic
2973 4379 3126 4434 facta:
3146 4385 3438 4449 exsequiau

182 4466 244 4517 in
275 4473 387 4519 toto
416 4465 534 4533 ejus
579 4482 803 4531 corpore
835 4471 1102 4524 infixerint
1145 4474 1387 4539 aculeos;
1421 4485 1477 4529 ut
1522 4476 1762 4531 nonnulli
1796 4512 1847 4570 Β
1870 4472 2082 4525 Etcum
2111 4472 2270 4524 multa
2298 4472 2470 4525 adhuc
2501 4474 2774 4526 turbarent
2795 4480 2849 4527 et
2888 4474 3203 4527 insultarent
3242 4474 3441 4527 daemo-

181 4556 625 4611 existimaverint
650 4575 770 4613 eum
800 4576 921 4615 esse
952 4563 1241 4631 leprosum.
1271 4565 1531 4620 Reversus
1557 4583 1686 4637 ergo
1714 4570 1762 4624 in

178 4663 343 4704 suam
372 4651 618 4706 cellulam
651 4663 769 4721 post
814 4669 904 4710 sex
938 4671 1149 4711 menses
1174 4702 1187 4724 ,
1219 4673 1288 4712 ex
1338 4674 1468 4715 voce
1496 4662 1764 4731 cognitum

178 4747 270 4794 est
298 4754 421 4793 eum
450 4756 568 4795 esse
599 4742 871 4797 dominum
902 4743 1216 4803 Macarium.

261 4831 311 4886 Is
338 4834 503 4901 cupiit
529 4835 835 4903 aliquando,
872 4847 927 4891 ut
957 4840 1071 4906 ipse
1120 4841 1272 4894 nobis
1318 4844 1592 4906 narravit,
1626 4845 1764 4913 quod

180 4922 243 4977 in
287 4923 459 4978 hortis
485 4935 639 4989 erat,
686 4927 890 4996 ingredi
936 4933 1316 4986 monimentum
1343 4973 1359 4998 ,
1403 4936 1541 5001 quod
1575 4937 1768 4991 dicitur

173 5014 497 5084 γηποτάφιον
543 5013 711 5069 Janne
758 5025 811 5071 et
861 5017 1131 5086 Mambre,
1182 5037 1449 5089 magorum
1479 5026 1566 5094 qui
1615 5034 1768 5081 crant

177 5116 432 5175 tempore
469 5107 780 5174 Pharaonis,
813 5120 872 5164 ut
913 5112 962 5165 id
992 5113 1210 5179 videret,
1246 5116 1328 5168 vel
1366 5117 1522 5171 ctiam
1553 5127 1609 5172 ut
1636 5134 1746 5175 con-

172 5199 397 5254 veniret
424 5213 520 5255 eos
557 5202 643 5269 qui
695 5202 805 5256 illic
835 5213 957 5256 sunt
985 5204 1275 5260 daemones.
1316 5207 1596 5262 Dicebatur
1620 5211 1787 5271 enim,

175 5291 445 5358 plurimos
470 5331 485 5355 ,
514 5306 714 5360 eosque
762 5293 1117 5348 ferocissimos
1140 5336 1154 5358 ,
1190 5295 1240 5349 in
1267 5310 1332 5350 eo
1374 5297 1493 5351 loco
1536 5300 1605 5352 ab
1652 5302 1757 5357 il’is

172 5380 477 5437 collocatos
523 5397 643 5437 esse
690 5384 962 5437 daemones
1011 5401 1107 5454 per
1150 5386 1358 5439 infamis
1404 5389 1534 5442 artis
1572 5405 1759 5447 eorum

171 5472 580 5530 excellentiam.
614 5474 723 5530 lloc
753 5485 929 5529 autem
961 5476 1343 5531 monimentum
1386 5477 1582 5533 factum
1623 5490 1707 5535 cst
1731 5497 1758 5535 a

168 5563 355 5621 Janne
383 5573 439 5617 et
464 5561 701 5619 Mambre
729 5563 1003 5629 fratribus,
1027 5565 1114 5634 qui
1146 5578 1358 5635 propter
1386 5569 1604 5638 magica:
1628 5573 1760 5625 artis

168 5652 562 5709 excellentiam
592 5653 792 5722 primas
839 5663 1016 5721 partes
1068 5654 1331 5710 habebant
1378 5656 1472 5712 illo
1515 5668 1753 5727 tempore

1871 4575 1985 4625 nes,
2011 4560 2142 4614 dixit
2167 4562 2245 4614 eis
2265 4570 2479 4615 sanctus
2511 4562 2766 4616 Macarius
2791 4578 2805 4615 :
2831 4562 3103 4632 Ingrediar
3139 4572 3363 4628 tantum,
3388 4572 3443 4620 et

1870 4651 2079 4715 videbo,
2112 4663 2163 4705 et
2193 4650 2314 4706 hinc
2340 4652 2605 4708 recedam.
2642 4652 2901 4709 Dixerunt
2922 4664 3096 4709 autem
3129 4655 3435 4709 daemones:

1872 4739 1982 4796 iloc
2014 4743 2165 4797 nobis
2198 4743 2448 4810 promitte
2475 4744 2528 4797 in
2577 4752 2662 4798 tua
2703 4746 3050 4800 conscientia.
3083 4746 3219 4799 Dicit
3261 4756 3438 4800 autem

1871 4830 2065 4885 Christi
2113 4844 2322 4898 servus,
2358 4831 2468 4887 lloc
2512 4830 2724 4888 faciam.
2768 4833 3044 4889 Daemones
3089 4845 3266 4889 autem
3312 4850 3439 4889 eva-

1873 4935 2119 4979 nuerunt.
2150 4925 2486 4992 Ingrediente
2524 4938 2702 4980 autem
2727 4942 2791 4981 eo
2821 4928 2871 4979 in
2901 4927 3201 4993 paradisum
3222 4968 3236 4993 ,
3268 4927 3315 4982 ei
3348 4942 3438 4981 oc-

1869 5020 2036 5069 currit
2063 5016 2310 5070 diabolus
2334 5031 2452 5070 cum
2480 5018 2668 5072 stricta
2707 5019 3037 5086 rhomphzra,
3064 5018 3113 5071 ei
3160 5018 3435 5072 minitans.

1869 5111 1945 5165 Ad
1976 5128 2136 5180 quem
2183 5113 2317 5167 hanc
2342 5128 2527 5168 vocem
2573 5114 2847 5181 respondit
2887 5123 3103 5170 sanctus
3133 5113 3435 5168 Macarius:

1868 5204 1944 5258 Tu
1973 5204 2123 5259 venis
2148 5203 2213 5259 ad
2242 5220 2327 5259 me
2357 5205 2409 5259 in
2436 5205 2620 5258 stricta
2652 5204 2993 5273 rhompha-a;
3022 5212 3075 5258 et
3112 5218 3211 5273 ego
3250 5213 3437 5257 contra

1868 5304 1918 5350 te
1943 5296 2205 5365 ingrediar
2230 5297 2282 5349 in
2311 5296 2523 5350 nomine
2566 5294 2775 5349 Domini
2816 5294 3059 5357 sabaoth,
3096 5295 3146 5349 in
3187 5293 3299 5347 acie
3342 5292 3434 5345 Dei

1869 5385 2046 5439 Israel.
2076 5386 2347 5454 Ingressus
2372 5394 2570 5451 autem,
2595 5386 2984 5454 contemplatus
3007 5399 3123 5438 sum
3150 5383 3350 5446 omnia,
3378 5383 3431 5435 in

1867 5480 2054 5548 quibus
2100 5479 2277 5532 inveni
2323 5481 2481 5532 etiam
2540 5478 2730 5532 cadum
2775 5492 2979 5532 aeneum
3028 5487 3214 5530 catena
3261 5474 3433 5529 ferrea

1866 5568 2181 5633 pendentem
2206 5585 2269 5625 ex
2298 5578 2454 5637 puteo
2479 5609 2495 5631 ,
2521 5567 2630 5638 jam
2677 5579 2915 5638 tempore
2938 5574 3308 5635 consumptum
3334 5606 3350 5629 ,
3378 5573 3434 5620 et

1864 5658 2092 5713 fructum
2121 5659 2376 5714 malorum
2403 5659 2715 5727 punicorum
2757 5670 2875 5728 quae
2920 5657 3053 5712 nihil
3097 5658 3238 5713 intus
3267 5656 3432 5712 babe-

253 5763 277 5797 ¹
302 5763 404 5819 Hic
436 5763 791 5835 paragr-aplius
819 5763 985 5821 variat
1007 5765 1056 5820 in
1080 5765 1286 5824 Graeco.
1319 5768 1414 5824 Est
1455 5776 1512 5824 ut
1542 5770 1593 5825 in
1639 5770 1939 5839 Heraclide,
1972 5788 2087 5841 cap.
2113 5772 2166 5827 6.
