4060 6528
581 353 603 408 i
613 353 722 410 055

2049 349 2369 410 PALLADII

3721 349 3848 407 1056

595 471 743 538 bant,
775 473 982 527 fuerant
1002 471 1146 524 enim
1173 469 1402 526 arefacta
1428 484 1454 524 a
1485 471 1618 538 sole,
1645 479 1699 525 et
1739 469 1960 539 plurima
2000 484 2158 522 aurea
2187 471 2237 527 Α
2266 469 2633 537 quadringenti
2660 467 2754 524 viri
2778 483 2944 539 usque
2967 470 3016 525 in
3034 470 3348 527 hodiernum
3367 470 3533 525 diem.
3563 469 3833 539 Ingressus

598 563 843 617 donaria.
929 563 1066 618 Cum
1155 569 1374 617 sanctus
1466 577 1594 632 ergo
1659 563 2161 617 illincirecessisset

599 657 798 725 absque
828 655 1055 708 tumultu
1103 661 1157 708 et
1199 655 1328 707 citra
1360 653 1519 706 ullam
1565 653 2045 721 perturbationem,
2080 667 2163 706 re-

608 762 796 801 versus
823 755 906 800 est
934 761 1028 815 per
1056 743 1241 814 viginti
1268 745 1379 797 dies
1408 744 1460 796 in
1497 759 1645 797 suam
1674 745 1884 799 cellam.

670 839 799 892 Cum
815 849 988 890 autem
1003 837 1322 890 defecissent
1345 850 1506 902 panes
1519 844 1717 902 etaqua
1729 849 1883 903 quam
1898 834 2161 901 portabat,

608 932 658 984 in
690 944 877 999 magna
907 939 1019 982 erat
1047 928 1352 982 afﬂictione.
1384 927 1576 995 Viginti
1608 928 1746 980 enim
1776 926 1961 980 diebus
1992 927 2162 994 ingre-

603 1020 753 1074 diens
782 1034 876 1086 per
903 1017 1262 1081 solitudinem,
1291 1026 1346 1070 ut
1376 1017 1642 1080 existimo,
1675 1017 1803 1070 nihil
1831 1017 2047 1070 omnino
2068 1029 2164 1083 gu-

599 1107 776 1172 stavit,
811 1116 865 1158 ut
891 1108 1047 1160 etiam
1075 1121 1164 1160 res
1191 1106 1442 1159 Ostendit.
1488 1103 1736 1158 Fortasse
1766 1113 1943 1158 autem
1991 1112 2163 1157 tenta-

603 1195 754 1249 hatur
773 1210 983 1264 quoque
1007 1195 1363 1249 intolerantia.
1391 1196 1594 1250 Etcum
1615 1197 1719 1262 jam
1745 1209 1928 1264 parum
1951 1195 2162 1247 abesset

597 1287 724 1354 quin
757 1286 1128 1350 collaberetur,
1148 1287 1261 1339 visa
1285 1297 1362 1340 est
1391 1289 1436 1340 ei
1460 1287 1698 1354 quaedam
1725 1287 1911 1355 puellm
1933 1287 2163 1355 speciem

599 1392 707 1445 pra:
737 1393 795 1432 se
827 1379 1002 1433 ferens
1024 1419 1038 1442 ,
1071 1389 1127 1434 ut
1157 1381 1268 1448 ipse
1308 1382 1804 1445 narrabat,.munda
1843 1383 1980 1436 linea
2021 1395 2166 1436 veste

601 1470 784 1523 induta
814 1478 868 1524 et
888 1481 1073 1526 tenens
1098 1488 1281 1526 urnam
1314 1489 1446 1542 aqua
1477 1474 1767 1528 stillantem
1797 1490 1810 1527 :
1838 1489 1995 1543 quam
2024 1475 2167 1528 diee-

604 1562 695 1615 bat
737 1561 992 1617 Macarius
1031 1563 1267 1618 abfuisse
1294 1564 1361 1617 ab
1391 1579 1453 1618 eo
1481 1566 1694 1619 circiter
1723 1581 1881 1618 unum
1913 1566 2160 1620 stadium.

601 1652 701 1719 Qui
733 1662 837 1706 tres
864 1653 977 1707 dies
1005 1653 1270 1722 ingressus
1298 1665 1379 1708 est
1405 1671 1522 1709 eam
1552 1656 1733 1711 videns
1754 1670 1872 1711 cum
1897 1673 2024 1710 urna
2052 1667 2167 1711 tau-

601 1757 759 1810 quam
791 1752 1016 1796 Stantem
1037 1785 1051 1807 ,
1083 1753 1134 1796 et
1165 1758 1283 1796 eum
1320 1754 1693 1807 provocantem
1715 1788 1730 1810 ,
1763 1762 1867 1800 non
1903 1747 2164 1801 valentem

2264 570 2346 612 est
2372 574 2520 628 ergo.
2554 562 2687 614 Cum
2713 571 2886 614 autem
2912 563 3252 628 praeteriisset
3277 564 3610 632 aliquantum
3637 573 3836 631 tenipo-

2261 648 2355 711 ris,
2404 648 2618 702 advenit
2667 651 3104 720 quadragesima;
3151 662 3202 707 et
3227 652 3355 707 vidit
3379 669 3547 708 senex
3577 654 3832 711 Macarius

2263 753 2689 809 unumquemque
2711 744 3007 810 suscepisse
3059 745 3295 799 diversas
3319 747 3525 800 vivendi
3562 750 3833 805 rationes:

2260 827 2422 881 alium
2452 829 2664 896 quidem
2708 832 2990 886 comedere
3037 849 3287 901 vespere,
3331 837 3491 890 alium
3545 853 3679 892 vero
3729 855 3838 907 post

2261 916 2395 971 duos
2421 919 2560 983 dies,
2592 922 2756 974 alium
2796 932 2916 990 post
2943 925 3208 993 quinque;
3239 927 3396 980 alium
3442 938 3594 981 stare
3645 945 3740 995 per
3767 943 3841 982 to-

2265 1017 2368 1062 tam
2403 1019 2638 1075 noctem,
2672 1013 2902 1066 interdiu
2931 1028 3060 1067 vero
3080 1015 3272 1070 sedere
3301 1019 3366 1070 ad
3393 1033 3555 1084 opus.
3605 1020 3724 1086 Ipse
3762 1036 3841 1073 an-

2267 1107 2372 1152 tem
2395 1114 2513 1153 cnm
2544 1101 2745 1169 aliquot
2773 1105 2959 1170 palma:
2989 1120 3165 1158 ramos
3184 1107 3284 1160 sibi
3318 1110 3728 1174 madefecisset,
3749 1124 3841 1165 ste-

2264 1190 2328 1243 tit
2357 1189 2411 1243 in
2439 1206 2544 1244 uno
2573 1193 2785 1259 angulo,
2818 1203 2871 1246 et
2901 1194 3073 1247 donec
3113 1195 3463 1265 quadraginta
3493 1200 3618 1252 dies
3647 1200 3838 1266 impleti

2265 1290 2467 1343 essent,
2496 1288 2550 1333 et
2575 1280 2878 1338 advenisset
2908 1282 3108 1336 Pascha
3134 1323 3148 1349 ,
3179 1300 3284 1338 non
3335 1289 3572 1355 sumpsit
3625 1301 3838 1355 panem,

2266 1383 2370 1421 non
2401 1383 2612 1438 aquam,
2641 1387 2743 1425 non
2773 1387 2914 1440 genu
2946 1373 3114 1437 ﬂexit,
3140 1391 3244 1428 non
3264 1377 3420 1440 sedit,
3443 1393 3552 1431 non
3578 1381 3841 1441 accubuit,

2268 1457 2397 1512 nihil
2421 1458 2563 1511 aliud
2591 1460 2826 1528 gustavit
2855 1469 3049 1528 praeter
3088 1477 3251 1530 pauca
3281 1466 3448 1518 cruda
3479 1467 3738 1520 crambes
3767 1468 3838 1520 fo-

2267 1548 2356 1615 lia,
2383 1564 2499 1616 quae
2524 1549 2767 1604 sumebat
2797 1551 2881 1605 die
2905 1551 3198 1618 Dominico,
3228 1563 3282 1607 ut
3305 1555 3586 1610 videretur
3610 1559 3844 1612 comede-

2269 1654 2350 1706 re,
2381 1647 2435 1692 et
2465 1654 2567 1693 non
2599 1640 2859 1694 incideret
2891 1641 2943 1694 in
2975 1653 3320 1711 arrogantem
3357 1645 3426 1699 de
3453 1659 3510 1699 se
3542 1653 3844 1713 persuasio-

2271 1743 2422 1792 nem;
2453 1737 2505 1783 et
2532 1729 2576 1783 si
2604 1729 2817 1798 quando
2856 1731 3231 1800 egrediebatur
3255 1733 3324 1786 ad
3348 1735 3553 1802 aliquid
3587 1751 3835 1790 necessa-

602 1847 719 1886 eam
750 1832 957 1900 assequi
985 1850 997 1884 :
1031 1847 1126 1902 spe
1150 1840 1324 1886 autem
1357 1834 1590 1900 bibendi,
1615 1837 1768 1890 trium
1791 1837 1995 1892 dierum
2023 1840 2166 1892 labo-

2279 1823 2432 1888 rium,
2466 1823 2574 1877 cito
2603 1838 2789 1878 rursus
2817 1825 3141 1892 ingrediens,
3174 1827 3351 1879 stabat
3381 1827 3446 1880 ad
3479 1842 3724 1896 opus,os
3751 1845 3845 1882 una

603 1938 717 1975 rem
751 1924 954 1977 fortiter
987 1927 1256 1981 sustinuit.
1292 1925 1571 1993 Postquam
1603 1929 1846 1998 apparuit
1888 1930 2169 1983 multitudo

601 2012 935 2080 bubalarum,
960 2028 1022 2068 ex
1053 2015 1242 2082 quibus
1281 2031 1383 2068 una
1412 2020 1558 2070 stetit
1578 2031 1644 2071 ex
1671 2018 1896 2071 adverso
1923 2017 2037 2086 ejus
2071 2019 2167 2070 lia-

601 2104 734 2158 bens
765 2103 1019 2166 vitulum;
1061 2117 1183 2158 sunt
1211 2108 1350 2160 enim
1401 2108 1582 2160 multze
1609 2111 1660 2161 in
1692 2109 1797 2161 illis
1837 2110 1986 2162 locis.
2024 2110 2087 2163 Et
2115 2121 2170 2163 ut

599 2194 807 2249 dicebat
845 2195 996 2249 nobis
1037 2195 1314 2260 MaCarius,
1346 2199 1477 2251 uber
1515 2198 1629 2267 ejus
1671 2201 1806 2252 lacte
1845 2198 2072 2264 ﬂuebat,
2117 2210 2170 2253 et

604 2285 833 2354 desuper
859 2286 1039 2339 sonuit
1061 2301 1160 2340 vox
1196 2288 1245 2341 ei
1276 2289 1459 2342 dicens
1491 2304 1504 2341 :
1531 2289 1742 2356 Macari,
1773 2289 1964 2344 accede
1991 2291 2055 2343 ad
2083 2291 2172 2344 hu-

601 2374 772 2428 balam
796 2415 811 2441 ,
841 2387 895 2429 et
925 2377 1144 2430 lactare.
1171 2377 1298 2430 Cum
1327 2392 1452 2447 ergo
1474 2418 1488 2443 ,
1520 2379 1720 2445 inquit,
1754 2378 1819 2431 ad
1846 2393 1961 2432 eam
1993 2394 2172 2432 acces-

603 2466 795 2521 sissem
840 2477 893 2520 et
937 2467 1160 2522 Iactatus
1205 2483 1411 2534 essem,
1441 2468 1567 2522 mihi
1619 2469 1842 2523 suffecit.
1887 2469 1954 2523 Ut
1997 2480 2169 2524 autem

603 2556 857 2624 majorem
887 2557 1110 2625 gratiam
1141 2558 1444 2613 ostenderet
1465 2559 1739 2625 Dominus,
1768 2561 1966 2615 docens
1995 2575 2167 2614 meam

603 2647 936 2715 parvitatem,
953 2648 1104 2717 jubet
1129 2649 1371 2703 hubalam
1396 2665 1480 2704 me
1500 2651 1652 2718 sequi
1680 2665 1846 2718 usque
1868 2651 1932 2704 ad
1959 2652 2171 2704 cellam.

604 2736 694 2790 Illa
728 2752 851 2791 vero
885 2753 1070 2805 parens
1092 2737 1260 2807 jussui
1295 2747 1476 2794 secuta
1522 2748 1637 2806 est,
1674 2755 1759 2793 me
1802 2741 2015 2810 quidem
2062 2741 2174 2795 lac-

606 2834 725 2882 tans
745 2869 760 2893 ,
790 2842 942 2882 suum
973 2837 1150 2882 autem
1194 2843 1299 2884 non
1327 2830 1610 2884 admittens
1647 2831 1888 2886 vitulum.

679 2916 974 2986 Aliquando
999 2933 1184 2972 rursus
1210 2934 1328 2972 cum
1361 2929 1571 2987 puteum
1605 2918 1809 2972 foderet
1841 2918 1927 2973 hic
1953 2918 2033 2973 vir
2066 2919 2173 2973 vir-

611 3017 720 3063 tute
762 3010 1048 3078 praeditus,
1089 3010 1155 3065 ad
1197 3012 1514 3066 recreandos
1553 3012 1837 3066 monachos
1877 3010 1962 3081 (is
1998 3021 2174 3066 autem

611 3108 726 3153 erat
753 3115 916 3169 prope
945 3102 1068 3154 folia
1099 3110 1153 3154 et
1181 3114 1445 3154 sarmenta
1490 3102 1600 3155 illic
1629 3101 1830 3170 posita)
1859 3116 2067 3156 morsus
2098 3108 2180 3156 est

2271 1914 2538 1981 aperiens,
2571 1915 2663 1968 sed
2686 1927 2836 1970 stans
2857 1916 3090 1983 silentio,
3123 1916 3252 1969 nihil
3293 1916 3438 1970 aliud
3469 1918 3679 1970 iaciens
3721 1934 3846 1983 pra:-

2272 2015 2510 2075 terquam
2539 2007 2809 2062 silentium
2841 2007 2892 2060 in
2925 2007 3087 2061 corde
3111 2022 3392 2069 exercens,
3417 2019 3474 2062 et
3503 2009 3712 2062 iaciens
3739 2025 3848 2062 ora-

2274 2098 2500 2159 tionem,
2531 2105 2584 2150 et
2615 2110 2795 2151 ramos
2824 2096 3012 2164 palmae
3060 2112 3289 2165 operans
3333 2113 3473 2166 quos
3519 2098 3760 2152 habebat
3803 2101 3848 2152 in

2270 2188 2536 2242 manibus.
2569 2189 2697 2242 Cum
2733 2195 2911 2240 autem
2943 2189 3057 2242 haec
3081 2188 3340 2243 vidissent
3365 2204 3562 2243 omnes
3586 2189 3848 2244 exercita.

2273 2286 2415 2332 tores
2447 2277 2589 2330 illius
2619 2278 2947 2341 monasterii,
2974 2277 3288 2332 seditionem
3315 2280 3637 2333 excitarunt
3663 2280 3844 2333 adver-

2271 2382 2361 2422 sus
2387 2383 2539 2422 suum
2571 2367 2874 2436 praefectum
2898 2386 2910 2420 :
2937 2367 3210 2423 Undenam
3233 2369 3384 2424 nobis
3404 2370 3684 2423 adduxisti
3718 2370 3848 2425 hunc

2281 2460 2546 2514 hominem
2578 2460 2694 2514 sine
2720 2474 2880 2514 carne
2902 2460 2966 2513 ad
2991 2461 3156 2513 nostri
3177 2461 3727 2515 condemnationem?
3755 2464 3849 2515 Ant

2278 2567 2399 2606 eum
2428 2552 2553 2605 hinc
2579 2550 2737 2618 ejice,
2769 2562 2880 2616 aut,
2915 2561 2969 2604 ut
2994 2551 3153 2618 scias,
3183 2568 3282 2606 nos
3310 2568 3501 2607 omnes
3532 2555 3663 2607 hinc
3703 2570 3849 2609 rece-

2275 2643 2469 2698 dimus.
2501 2645 2632 2698 Cum
2667 2646 2779 2700 haec
2807 2655 2982 2701 autem
3006 2663 3032 2698 a
3060 2646 3314 2703 fratribus
3336 2649 3606 2703 audiisset
3639 2665 3853 2718 magna!

2277 2734 2624 2800 Pachomius,
2659 2735 2727 2791 de
2755 2751 2820 2790 eo
2841 2746 2922 2790 est
2953 2738 3273 2792 sciscitatus.
3307 2739 3372 2791 Et
3400 2753 3525 2792 cum
3580 2739 3852 2793 didicisset

2281 2826 2398 2897 ejus
2431 2830 2548 2882 vita:
2575 2827 2795 2896 agenda:
2836 2830 3115 2892 rationem,
3165 2830 3327 2883 Deum
3359 2830 3569 2900 rogavit
3594 2841 3653 2884 ut
3692 2833 3744 2886 ei
3777 2850 3852 2886 re-

2276 2920 2538 2974 velaretur
2569 2922 2807 2988 quisnam
2833 2922 2920 2976 sit.
2962 2921 3276 2975 Revelalum
3303 2931 3386 2977 est
3421 2933 3608 2976 autem
3645 2925 3694 2977 ei
3741 2939 3854 2978 eum

2276 3030 2395 3071 esse
2423 3016 2705 3069 Macarium
2756 3015 3096 3070 monachum.
3142 3014 3293 3068 Tunc
3325 3016 3442 3082 ejus
3483 3031 3708 3069 manum
3747 3031 3853 3082 pre-

2280 3104 2460 3163 hendit
2489 3119 2706 3174 magnus
2737 3105 3074 3169 Pachomius,
3109 3114 3163 3158 et
3205 3120 3326 3157 eum
3360 3107 3504 3158 foras
3551 3105 3770 3170 educit;
3811 3117 3856 3160 et

611 3190 678 3242 ab
707 3190 889 3258 aspide
920 3191 1038 3260 (est
1089 3199 1262 3246 autem
1295 3201 1608 3246 venenatum
1647 3201 1699 3247 et
1729 3193 2010 3246 exitiosum
2063 3184 2244 3246 ani-C
2277 3210 2398 3249 cum
2451 3195 2758 3250 deduxisset
2810 3195 2864 3249 in
2919 3195 3135 3248 domum
3198 3195 3420 3248 oratorii
3471 3195 3566 3248 ubi
3614 3205 3698 3250 est
3749 3212 3854 3262 ara,

617 3282 778 3348 mal),
806 3285 987 3336 ambas
1044 3280 1222 3336 fauces
1269 3284 1464 3351 aspidis
1518 3285 1922 3349 apprehendens
1964 3290 2177 3339 sanctus

614 3370 870 3423 ambabus
899 3371 1137 3426 manibus
1157 3413 1172 3437 ,
1206 3386 1322 3425 eam
1352 3372 1666 3440 discerp.~it,
1700 3373 1882 3427 dicens
1916 3388 1930 3424 :
1963 3373 2096 3429 Cum
2127 3384 2179 3427 te

615 3474 718 3514 tum
746 3461 976 3514 misisset
1024 3461 1277 3516 Dominus
1306 3475 1484 3528 meus,
1516 3464 1779 3532 quomodo
1807 3463 1868 3516 ad
1907 3479 1992 3519 me
2020 3479 2180 3519 ausus

615 3565 675 3604 es
705 3552 996 3606 accedere?

690 3642 818 3696 Cum
851 3642 965 3710 ipse
995 3657 1179 3696 rursus
1206 3657 1428 3714 magnus
1464 3643 1718 3698 audiisset
1745 3644 2000 3699 Macarius
2041 3646 2181 3715 quod

616 3732 876 3788 haberent
919 3735 1228 3802 prmclarum
1263 3738 1383 3790 vita:
1424 3736 1714 3790 inStittttum
1756 3737 2181 3806 Tabennesiotm,

615 3835 762 3880 veste
781 3835 998 3891 mutata,
1029 3834 1086 3880 et
1122 3837 1395 3894 assumpto
1427 3828 1692 3882 mundano
1721 3830 1899 3882 habitu
1931 3832 2182 3897 operarii,

616 3918 787 3986 spatio
825 3917 1129 3986 quindecim
1176 3919 1379 3974 dierum
1431 3921 1672 3989 pervenit
1713 3921 2070 3985 Thebaidem,
2104 3923 2183 3976 in-

615 4023 827 4080 gressus
854 4025 946 4077 per
965 4010 1326 4064 solitudinem.
1355 4012 1556 4065 Etcum
1584 4012 1820 4067 venisset
1846 4013 1896 4066 in
1926 4022 2180 4068 monaste-

617 4104 752 4152 rium
784 4098 1313 4166 Tabenuesiotarum,
1339 4103 1548 4169 quaesiit
1574 4116 1759 4156 eorum
1790 4103 2180 4158 archimandri-

619 4196 748 4250 tam,
780 4193 994 4241 nomine
1018 4189 1373 4252 Pachomium,
1404 4190 1577 4243 virum
1603 4191 2057 4258 probatissimum,
2087 4195 2182 4262 qui

617 4289 670 4331 et
694 4277 916 4345 gratiam
949 4277 1174 4332 habebat
1211 4281 1572 4346 pr0pheticam
1618 4279 1731 4350 (De
1765 4297 1821 4334 eo
1860 4283 2031 4350 infra,
2064 4298 2182 4348 cap.

619 4367 763 4436 58),
797 4371 880 4422 cui
912 4370 1121 4436 quidem
1168 4379 1351 4424 sancto
1391 4381 1515 4427 tunc
1555 4372 1816 4426 revelatus
1861 4389 1964 4427 non
2013 4372 2187 4428 fuerat

620 4472 841 4525 magnus
872 4457 1148 4510 Macarius.
1174 4458 1302 4511 Cum
1335 4474 1462 4527 ergo
1497 4475 1615 4514 eum
1657 4464 2030 4530 convenisset,
2063 4465 2186 4518 dicit

2280 3293 2495 3340 etesset
2519 3287 2791 3356 amplexus
2813 3326 2828 3353 ,
2860 3287 2909 3342 ei
2955 3287 3084 3342 dicit
3121 3304 3134 3342 :
3188 3289 3454 3342 Adesdum
3481 3328 3497 3352 ,
3553 3291 3852 3344 venerande

2281 3392 2465 3434 senex.
2490 3379 2567 3433 Tu
2589 3394 2646 3433 es
2672 3382 2943 3444 Macarius,
2962 3389 3015 3436 et
3037 3396 3121 3435 me
3150 3381 3198 3434 id
3223 3381 3428 3436 celasti.
3461 3383 3646 3437 Multis
3671 3385 3853 3438 abiinc

2282 3472 2434 3525 annis
2463 3472 2598 3539 cupii
2632 3480 2684 3525 te
2712 3472 2895 3526 videre
2938 3486 3056 3526 cum
3098 3472 3165 3525 de
3203 3481 3253 3526 te
3299 3474 3565 3526 audirem.
3603 3475 3719 3541 Ago
3767 3475 3850 3528 tibi

2283 3565 2504 3631 gratias,
2535 3563 2674 3630 quod
2704 3563 2842 3617 filios
2872 3578 3022 3618 meos
3066 3563 3360 3630 subegeris,
3380 3578 3450 3617 ne
3495 3579 3555 3618 se
3580 3564 3782 3631 jactent
3811 3577 3854 3618 et

2285 3655 2562 3721 magnifice
2585 3653 3013 3717 circumstiiciant
3063 3661 3277 3722 prox-ter
3322 3666 3474 3706 suam
3521 3655 3854 3707 exercitatio-

2287 3759 2428 3799 nem.
2465 3744 2612 3811 Rogo
2639 3759 2766 3812 ergo
2797 3755 2866 3809 te,
2891 3744 3083 3798 recede
3113 3747 3162 3796 in
3188 3747 3358 3797 locum
3384 3754 3558 3807 tuum,
3588 3759 3691 3799 nos
3717 3745 3851 3798 enim

2285 3839 2411 3890 satis
2439 3837 2733 3901 tedifieasti,
2753 3847 2803 3890 ct
2832 3851 2924 3889 ora
2956 3851 3051 3904 pro
3079 3836 3251 3889 nobis.
3285 3836 3435 3890 Tunc
3465 3838 3534 3888 ab
3565 3837 3686 3904 ipso
3713 3817 3854 3902 roga-

2288 3935 2389 3991 tus,
2415 3936 2469 3980 et
2496 3941 2616 3979 eum
2639 3926 2889 3979 omnibus
2916 3925 3165 3980 fratribus
3186 3926 3483 3990 orantibus,
3502 3926 3583 3980 sic
3616 3941 3788 3980 reces~
3801 3928 3852 3978 it.

2386 4014 2688 4086 Aliquando
2787 4029 2981 4070 rursus
3083 4014 3314 4068 narravit
3346 4015 3506 4069 nobis
3537 4014 3628 4068 hic
3659 4016 3739 4068 vir
3769 4017 3856 4080 im-

2287 4109 2523 4176 patibilis
2553 4127 2565 4161 :
2592 4107 2811 4172 Quando
2841 4117 2985 4162 recte
3013 4107 3298 4175 gessissem
3329 4120 3546 4160 omnem
3593 4108 3722 4160 vitm
3749 4123 3856 4158 mo-

2294 4198 2513 4252 nasticae
2566 4198 2782 4265 agenda:
2818 4198 3108 4258 rationem,
3140 4207 3264 4250 tunc
3291 4197 3408 4249 veni
3439 4197 3505 4249 ad
3536 4198 3683 4250 aliud
3712 4197 3856 4262 spivi-

2289 4290 2392 4342 tale
2442 4289 2787 4342 desiderium.
2835 4288 3002 4342 Statui
3057 4287 3197 4340 enim
3247 4287 3484 4352 quinque
3531 4285 3652 4339 dies
3697 4290 3855 4340 solum

2290 4388 2523 4434 mentem
2555 4393 2727 4432 meam
2761 4379 2827 4430 ita
2857 4389 3180 4442 componere
3206 4417 3219 4440 ,
3254 4386 3309 4428 ut
3339 4391 3365 4425 a
3411 4375 3522 4428 Deo
3561 4375 3724 4429 avelzi
3764 4391 3855 4427 non

2289 4478 2488 4535 posset,
2514 4478 2566 4520 et
2596 4468 2722 4519 nihil
2762 4466 2904 4519 aliud
2948 4466 3166 4518 omnino
3206 4465 3487 4531 cogitaret.
3534 4463 3606 4515 Et
3647 4478 3766 4516 cum
3813 4466 3854 4516 id

619 4553 669 4606 ei
716 4553 975 4607 Macarius
1032 4570 1046 4607 :
1095 4554 1200 4607 Oro
1230 4562 1300 4620 te,
1325 4556 1532 4622 suscipe
1570 4571 1674 4623 me,
1703 4572 1904 4625 quaeso,
1935 4559 1985 4612 in
2039 4569 2181 4612 tuum
2210 4551 2263 4612 Ι)
2288 4559 2423 4626 apud
2452 4573 2536 4612 me
2583 4558 2917 4619 statuissem,
2946 4554 3111 4608 clausi
3158 4569 3327 4606 meam
3377 4553 3569 4606 cellam
3601 4564 3658 4607 et
3698 4555 3853 4604 aulam

622 4645 1037 4710 monasterium,
1067 4653 1119 4698 ut
1167 4645 1285 4698 liam
1317 4648 1628 4700 monachus.
1683 4648 1817 4702 Dicit
1873 4651 1920 4703 ei
1965 4664 2186 4718 magnus

624 4732 938 4788 Pachomius
968 4754 978 4786 :
1013 4735 1124 4789 Non
1156 4746 1305 4804 potes
1332 4737 1584 4805 deinceps
1615 4737 1726 4792 fieri
1755 4742 2046 4794 monachus
2094 4743 2185 4809 qui

620 4829 693 4883 sis
721 4840 824 4881 tam
851 4837 1128 4896 provectus
1154 4838 1327 4892 aetate,
1357 4845 1458 4882 non
1487 4841 1634 4895 potes
1665 4837 1715 4884 te
1741 4845 2026 4885 exercere:
2061 4843 2188 4887 sunt

621 4917 809 4972 fratres
841 4919 927 4984 qui
957 4933 1015 4973 se
1041 4930 1288 4973 exercent
1316 4935 1343 4971 a
1368 4919 1644 4987 juventnte
1667 4963 1679 4985 ,
1714 4929 1768 4975 et
1794 4921 2031 4976 laborem
2061 4924 2188 4976 tole-

621 5019 758 5063 rant.
791 5009 868 5062 Tu
893 5019 1069 5063 autem
1101 5012 1150 5064 in
1181 5012 1276 5064 hac
1310 5020 1465 5065 :etate
1497 5027 1600 5063 non
1646 5021 1798 5080 potes
1826 5011 1964 5067 ferre
2009 5020 2185 5067 tenta-

624 5100 798 5154 tiones
827 5101 1238 5154 exert-itationis.
1271 5103 1587 5165 Uﬂcnderis,
1618 5111 1671 5154 et
1699 5102 1902 5168 exibis,
1934 5110 1988 5157 et
2034 5107 2187 5158 nobis

625 5191 929 5246 maledices.
954 5191 1133 5261 Neque
1153 5209 1273 5246 eum
1298 5194 1500 5262 accepit
1524 5209 1621 5248 nec
1653 5195 1824 5262 primo
1853 5195 1960 5260 die,
1984 5210 2083 5250 nec
2103 5211 2187 5250 se-

621 5282 794 5336 cundo
824 5298 989 5352 usque
1017 5284 1080 5337 ad
1111 5292 1314 5351 septem
1339 5284 1468 5339 dies.
1505 5284 1595 5339 llle
1626 5299 1752 5340 vero
1779 5284 1875 5340 fuit
1897 5295 2146 5341 constans
2166 5326 2184 5353 ,

625 5389 846 5428 manens
888 5375 1116 5441 jejunus.
1151 5375 1336 5430 Postea
1366 5385 1542 5430 autem
1573 5376 1698 5430 dicit
1727 5377 1772 5432 ei
1803 5392 1964 5432 senex
2010 5378 2183 5432 Maca-

622 5468 733 5519 rius
771 5484 783 5519 :
808 5467 1028 5534 Suscipe
1056 5482 1156 5531 me,
1186 5468 1316 5521 abba
1336 5509 1349 5533 ,
1381 5478 1436 5521 et
1464 5469 1564 5522 nisi
1591 5467 1900 5536 jejunavero
1928 5478 1982 5522 et
2013 5469 2189 5524 fecero

620 5573 682 5611 ea
703 5575 820 5626 qum
849 5561 944 5626 ipsi
975 5575 1158 5627 opera,
1185 5560 1314 5628 jnbe
1345 5575 1428 5613 me
1450 5560 1568 5628 ejici
1597 5576 1662 5615 ex
1691 5565 2034 5618 monasterio.
2063 5565 2191 5618 Per-

623 5652 811 5706 suadet
842 5653 1087 5706 fratribus
1116 5668 1338 5723 magnus
1366 5653 1683 5708 Pachomius
1723 5665 1779 5709 ut
1821 5672 1940 5711 eum
1988 5656 2183 5711 admit-

625 5752 754 5797 tant.
790 5743 883 5798 Est
920 5755 1092 5800 autem
1133 5747 1285 5800 unius
1326 5746 1628 5800 monasterii
1669 5745 1960 5802 conventus
1987 5790 2001 5815 ,
2043 5748 2186 5803 mile

2290 4647 2649 4710 extrinsecus,
2682 4654 2738 4698 ut
2767 4644 2892 4696 nulli
2937 4642 3114 4696 darem
3149 4656 3485 4709 responnm.
3523 4640 3592 4694 Et
3641 4645 3758 4695 steti
3787 4643 3854 4693 in-

2292 4739 2492 4804 cipiens
2535 4751 2562 4787 a
2601 4735 2861 4788 secunda.
2898 4745 2952 4788 et
2981 4734 3140 4786 menti
3174 4748 3304 4785 mete
3349 4733 3676 4801 praecipiens
3697 4775 3710 4795 ,
3739 4744 3787 4785 et
3814 4734 3852 4786 ei

2291 4829 2475 4883 dicens
2504 4844 2520 4882 :
2555 4828 2686 4880 Vide
2709 4842 2773 4880 ne
2801 4824 3092 4879 descendas
3117 4824 3182 4875 de
3209 4823 3380 4876 cretis.
3421 4823 3602 4876 llabes
3630 4823 3853 4892 angelas,

2293 4923 2659 4993 archangelos,
2687 4937 2873 4977 omnes
2899 4937 3156 4990 snpernas
3179 4931 3486 4990 potestates,
3512 4922 3789 4973 cherubim
3809 4929 3856 4969 et

2291 5014 2592 5081 seraphiut,
2645 5013 2805 5066 Deum
2855 5013 3041 5064 horum
3093 5011 3327 5065 omnium
3381 5008 3722 5063 eﬂ'ectorem.
3755 5008 3851 5060 lilic

2290 5122 2524 5169 versare,
2557 5121 2623 5160 ne
2666 5105 2765 5158 sub
2808 5107 2972 5160 cmlns
3002 5103 3361 5167 descenderis,
3396 5117 3463 5154 ne
3509 5101 3760 5154 incideris
3807 5115 3852 5150 in

2293 5200 2584 5252 mundanas
2611 5199 2974 5267 cogitationes.
3004 5196 3133 5250 Cum
3162 5197 3294 5248 duos
3317 5194 3730 5260 autem,inquit,
3749 5194 3856 5242 dies

2291 5299 2345 5344 et
2365 5291 2495 5344 duas
2539 5303 2720 5342 noctes
2745 5300 3165 5355 perseverassem
3186 5327 3198 5343 .
3221 5286 3289 5339 ita
3314 5285 3518 5337 irritavi
3537 5285 3852 5338 (insitionem.

2297 5393 2351 5434 ut
2376 5383 2486 5450 ipse
2513 5382 2662 5434 fieret
2692 5382 2899 5432 ﬂamma
2927 5379 3080 5446 ignis,
3105 5387 3155 5429 et
3184 5376 3526 5428 combureret
3550 5373 3726 5425 omnia
3749 5388 3854 5435 qut

2300 5471 2556 5526 habebam
2591 5471 2640 5524 in
2668 5470 2820 5533 cella,
2854 5470 2987 5522 adeo
3017 5476 3073 5521 ut
3110 5469 3268 5521 etiam
3297 5475 3502 5528 storea,
3528 5479 3686 5531 supra
3709 5478 3852 5528 quam

2294 5564 2519 5626 stabam,
2552 5564 2672 5630 igne
2700 5562 2936 5626 arderet,
2964 5569 3018 5614 et
3073 5559 3148 5610 sic
3194 5573 3280 5610 me
3329 5571 3544 5623 quoque
3596 5555 3851 5607 existima.

2296 5674 2407 5713 rem
2432 5666 2598 5711 totum
2618 5656 2964 5725 conﬂagrare.
2989 5653 3220 5708 Tandem
3247 5652 3439 5704 timore
3464 5651 3686 5702 aﬂ‘ecins
3710 5651 3854 5699 tertio

2293 5751 2381 5805 die
2410 5749 2588 5806 destiti
2617 5749 2686 5804 ab
2715 5749 2818 5804 hoc
2849 5745 3158 5817 proposito,
3189 5757 3312 5797 cum
3353 5759 3460 5796 non
3505 5755 3709 5810 possem
3751 5753 3852 5789 am
