4096 6524
261 232 404 301 1057

1496 220 1862 285 HISTORIA
1902 219 2298 285 LAUSIACA.

3399 213 3535 282 1058

259 347 475 423 καρπδν
498 344 640 432 ρθῶν
660 343 762 432 οὐκ
795 340 1036 432 ἐχουσῶν
1071 340 1220 432 ενξον
1236 338 1425 432 ,οὐδέν’
1455 338 1849 432 ὲξήρτιυντοίΐάί)
1877 343 1927 401 Δ
1953 369 2052 420 γου
2081 358 2334 429 ἐπέστηή
2362 358 2804 432 Τεσσαρακοστή.
2838 354 2949 410 Kal
2967 353 3073 408 ίδεν
3095 352 3124 406 6
3137 350 3318 432 γέρων
3336 350 3539 407 Μακά-

259 420 366 490 ὐπδ
396 420 692 503 τοῦίὴλίου,
750 429 1069 502 Ἀταράχως
1112 420 1206 480 οῦν
1235 424 1445 479 ἐκεῖθεν
1482 426 1846 497 ἀναχωρήσας

257 523 287 575 6
312 521 473 588 ἆγιος
510 517 598 572 διά
630 518 803 569 εἴκοσι
835 512 1060 585 ἡμερῶν
1094 509 1439 581 ὑπέστρεψεν
1478 510 1559 573 είς
1588 507 1684 579 τὴν
1714 509 1845 560 ἐαυ-

256 606 354 661 τθῦ
390 605 613 660 κέλλαν.

342 688 770 746 Ἐκλελοιπότων
814 685 872 739 δὲ
908 683 1018 738 τῶν
1055 682 1237 755 ἀρτων
1282 684 1372 736 καὶ
1418 681 1512 736 τοῦ
1544 680 1736 744 ὓδατος
1785 673 1847 736 οῦ

258 774 579 844 ἐπεφέρετο,
625 774 682 824 ἐν
736 770 905 841 πολλῇ
944 767 1266 838 περιστάσει
1317 766 1554 834 ἐγένετο.
1601 767 1689 818 Ἐν
1737 764 1846 835 γὰρ

255 862 379 922 ταῖς
424 858 661 929 ἡμέραις
703 854 942 917 ἐκείναις
989 852 1190 905 ὁδεύων
1247 851 1343 920 τὴν
1402 851 1625 921 ἔρημον,
1662 847 1846 918 σχεδὸν

255 942 367 998 οὐδ’
390 943 529 1005 ὅλως
550 940 834 1009 ἐγεύσατο.
884 938 972 1000 Ὠς
997 937 1057 990 δέ
1089 936 1150 989 τὸ
1188 936 1424 1006 πρᾶγμα
1452 934 1675 1002 ἔδειξεν,
1705 935 1848 1006 τάχα

256 1028 354 1082 καὶ
384 1028 467 1089 είς
487 1024 766 1095 ὑπομονὴν
802 1021 1145 1092 ἐπειρςπετο.
1177 1020 1287 1072 Kal
1316 1018 1392 1081 ὡς
1421 1018 1589 1087 ἐγγὺς
1628 1017 1848 1086 ἐγένετο

253 1110 353 1166 τοῦ
389 1107 643 1171 ὀκλάσαι,
676 1106 832 1177 ῶφθη
856 1103 1005 1175 αὑτῷ
1036 1120 1121 1166 τις
1173 1102 1232 1154 ἐν
1267 1103 1508 1172 σχήματι
1548 1101 1742 1171 κόρης,
1770 1102 1847 1163 ῶς

256 1195 425 1258 αὐτὸς
477 1195 800 1263 διηγήσατο,
868 1187 1115 1258 καθαράν
1160 1185 1355 1257 ὀθόνην
1408 1185 1688 1255 φέρουσα,
1750 1187 1847 1240 καὶ

258 1282 567 1350 κατέχουσα
611 1274 908 1331 καυκάλιον
953 1272 1140 1334 ὓδατος
1184 1270 1401 1333 στάζον.
1442 1271 1545 1322 Ἦν
1599 1270 1783 1339 ἔλεγεν
1819 1272 1850 1325 6

258 1349 552 1433 Μακάριος
601 1358 873 1431 μακρόθεν
918 1355 1085 1410 αὑτοῦ
1121 1349 1284 1418 εῖναι,
1314 1352 1391 1417 ὡς
1419 1353 1528 1407 ἀπὸ
1586 1354 1801 1407 σταδίου
1828 1371 1843 1386 ·

261 1449 356 1502 ιίαὶ
386 1447 481 1500 ἐπὶ
522 1444 737 1516 ἡμέρας
784 1442 933 1513 τρεῖς
972 1438 1171 1492 ὥδευεν
1220 1436 1435 1508 βλέπων
1484 1438 1656 1508 αὐτὴν
1710 1437 1850 1508 μετά

258 1531 357 1586 τοῦ
387 1528 685 1584 καυκαλίου
732 1528 807 1590 ὡς
853 1523 1118 1591 ἑστῶσαν,
1146 1524 1241 1577 καὶ
1272 1520 1461 1575 τοῦτον
1511 1522 1849 1594 προσκαλου-

266 1616 439 1686 μένην
470 1630 484 1644 ·
518 1609 854 1667 καταλαϐεῖν
879 1609 935 1661 δέ
966 1606 1154 1660 τοῦτον
1174 1605 1379 1676 ταύτην
1409 1604 1483 1676 μὴ
1512 1604 1808 1674 δυνάμενον
1829 1620 1847 1637 ·

1954 453 2070 506 ριος
2116 440 2344 496 ἕκαστον
2387 428 2676 513 διαφόρους
2717 438 2990 501 πολιτείας
3043 428 3403 501 ἀναλαϐόντα,
3444 434 3538 489 τὸν

1957 522 2056 591 μὲν
2102 523 2350 578 ἐσθίοντα
2400 526 2458 579 ἐν
2488 526 2718 597 ἑσπέρᾳ,
2770 523 2863 576 τὸν
2906 521 2965 574 δὲ
3001 520 3089 573 διὰ
3122 521 3303 573 πέντε.
3341 518 3538 571 ’Δλλον

1955 606 2114 660 πάλιν
2146 608 2357 663 ἑστῶτα
2378 606 2466 665 διᾶ
2493 610 2672 679 πάσης
2695 608 2887 668 νυκτός
2911 623 2923 637 ο
2952 604 3051 675 τὴν
3081 603 3137 656 δὲ
3160 603 3373 673 ἡμέραν
3404 600 3539 655 καθ-

1954 689 2211 760 εζόμενον
2258 696 2335 757 είς
2384 694 2568 765 ἔργον.
2598 688 2766 755 Οὗτος
2813 689 3013 763 βρέξας
3042 688 3267 749 θαλλοὺς
3296 686 3421 749 τοὺς
3470 688 3539 739 ἐκ

1954 776 2214 843 φοινίκων
2243 780 2321 842 είς
2354 780 2575 848 πλῆθος,
2612 778 2741 849 ἔστη
2771 778 2828 829 ἐν
2859 776 3032 847 γωνίᾳ
3070 774 3171 843 μιᾷ
3220 771 3316 825 καὶ
3344 769 3539 840 μέχρις

1954 854 2015 913 οῦ
2062 863 2119 914 al
2174 863 2581 933 τεσσαράκοντα
2627 861 2831 933 ἡμέραι
2881 857 3300 930 ἐπληρώθησαν,
3344 854 3440 907 καὶ
3477 854 3540 906 τὸ

1953 944 2148 1014 Πάσχα
2199 948 2598 1017 παραγέγονεν,
2625 947 2725 1000 οὐκ
2757 944 3161 1018 ἄρτουελαϐεν,
3189 939 3315 994 οὔτε
3348 938 3540 1002 ὓδατος

1953 1027 2151 1099 ἥψατο,
2180 1029 2241 1081 οὐ
2272 1031 2402 1095 γόνυ
2436 1030 2704 1102 ἔκαμψεν,
2732 1033 2832 1084 οὐκ
2861 1027 3154 1097 ἐκαθέσθη,
3188 1026 3288 1077 οὐκ
3339 1024 3541 1076 ἀνέπε-

1956 1127 2068 1176 σεν,
2093 1110 2307 1175 οὐδενὸς
2331 1112 2491 1167 ἄλλου
2519 1114 2803 1183 ἐγεύσατο,
2821 1111 3096 1182 παρεκτὸς
3125 1108 3341 1177 φύλλων
3358 1108 3543 1176 κράμ-

1955 1194 2057 1265 6ης
2102 1194 2301 1264 ὀλίγων
2349 1196 2543 1268 ὠμῶν,
2574 1192 2649 1251 ῶν
2685 1196 2988 1267 ἐλάμϐανεν
3045 1193 3189 1247 κατά
3227 1191 3537 1263 Κυριακὴν,

1957 1281 2043 1332 ἵνα
2085 1278 2212 1350 δόξῃ
2258 1279 2483 1345 ἐσθίειν,
2522 1281 2617 1333 καὶ
2646 1280 2721 1351 μὴ
2745 1283 2826 1344 είς
2854 1278 3030 1350 οἴησιν
3072 1276 3312 1347 ἐμπέσῃ.
3342 1275 3452 1326 Kal
3490 1270 3545 1324 εἴ

1956 1381 2090 1417 ποτε
2122 1363 2400 1428 ἐξέϐαινεν
2431 1364 2510 1427 είς
2537 1364 2634 1433 τὴν
2657 1363 2846 1437 χρείαν
2880 1360 3097 1427 ἐαυτοῦ,
3136 1360 3328 1413 θᾶττον
3356 1354 3541 1409 εἰσιὼν

1956 1446 2143 1500 ἵστατο
2168 1448 2247 1509 είς
2278 1445 2457 1515 ἔργον,
2494 1448 2569 1517 μή
2598 1448 2831 1517 ἀνοίγων
2847 1445 3043 1515 στόμα,
3083 1444 3158 1513 μὴ
3176 1441 3415 1511 λαλήσας
3461 1457 3541 1509 μη

1960 1529 2155 1600 μικρὸν
2185 1530 2260 1599 μὴ
2279 1530 2446 1599 μέγα,
2470 1530 2583 1583 ἀλλ’
2600 1528 2769 1593 ἐστὼς
2786 1528 3018 1593 ἐσιώπα,
3045 1526 3211 1597 μηδὲν
3227 1524 3353 1579 ἄλλο
3372 1517 3543 1575 ποιῶν

1958 1614 2232 1682 παρεκτὸς
2262 1614 2359 1683 τῆς
2392 1616 2449 1666 ἐν
2471 1614 2668 1685 καρδίᾳ
2698 1612 3027 1685 προσευχῆς,
3060 1610 3155 1664 καὶ
3191 1608 3300 1661 τῶν
3332 1604 3543 1659 θαλλῶν

272 1700 369 1761 Ὧς
399 1698 495 1751 ἐπὶ
510 1697 619 1749 τῶν
651 1694 843 1765 ἱερέων
867 1693 962 1745 καὶ
992 1690 1101 1743 τῶν
1138 1689 1456 1759 μυστηρίων
1495 1689 1642 1743 ἔστιν
1674 1690 1801 1743 ἰδεῖν
1832 1707 1846 1721 ⁸
1883 1706 1928 1763 Β
1955 1691 2028 1750 ῶν
2043 1693 2187 1767 εἶχεν
2212 1698 2268 1749 ἐν
2296 1697 2414 1761 ταῖς
2439 1695 2647 1768 χερσίν.
2671 1695 3007 1765 Θεασάμενοι
3041 1693 3099 1746 δέ
3127 1691 3316 1746 τοῦτον
3340 1690 3545 1752 πάντες

262 1785 330 1853 τῇ
361 1780 420 1835 δέ
449 1777 625 1833 ἐλπίδι
650 1775 746 1831 τοῦ
792 1776 936 1828 πιεῖν
974 1773 1065 1827 τὸν
1097 1774 1344 1843 κάματον
1378 1771 1486 1825 τῶν
1516 1773 1684 1843 τριῶν
1711 1775 1852 1843 ἡμε-

264 1867 378 1939 ρῶν
442 1861 837 1933 ὑπομείναντος
890 1861 955 1931 τῇ
990 1858 1246 1939 εὐτονίᾳ.
1311 1856 1445 1910 Μεθ’
1506 1859 1573 1929 ἡν
1610 1859 1851 1929 ἀνεφάνη

269 1935 481 2021 πλῆθος
526 1944 806 2018 βουϐάλων
831 1960 846 1976 σ
897 1942 956 2009 ἐξ
982 1935 1056 1996 ὧν
1093 1941 1190 2011 μία
1238 1940 1437 2011 ἔχουσα
1472 1943 1669 2012 μόσχον
1720 1944 1851 2014 ἔστη

265 2036 563 2090 κατέναντι
612 2030 709 2085 τοῦ
739 2027 971 2101 μοναχοῦ
996 2026 1126 2097 (είσὶ
1158 2026 1268 2098 γάρ
1306 2027 1500 2081 πολλαὶ
1535 2030 1595 2080 ἐν
1617 2029 1729 2090 τοῖς
1760 2027 1852 2081 τό-

268 2135 396 2183 ποις
425 2115 701 2178 ἐκείνοις).
740 2113 851 2167 Kal
893 2110 968 2175 ὡς
994 2110 1178 2179 ἔλεγεν
1208 2110 1237 2163 6
1258 2108 1564 2181 Μακάριος,
1598 2110 1679 2163 ὅτι
1702 2109 1855 2183 ἐρρει

268 2203 446 2273 αὐτῆς
492 2201 555 2257 τὸ
608 2198 778 2269 οὖθαρ
816 2195 910 2250 τοῦ
942 2195 1235 2263 γάλακτος.
1265 2196 1323 2215 ’⁸⁸
1370 2194 1734 2249 Ὑπεισελθὼν
1763 2191 1856 2250 οὖν

269 2286 405 2357 ἐγὼ,
461 2284 651 2356 φησὶν,
688 2281 785 2337 καὶ⁵
826 2278 1089 2351 θηλάσας,
1148 2277 1447 2349 ἡρκέσθην.
1493 2279 1613 2334 Ἵνα
1665 2279 1723 2333 δέ
1764 2280 1857 2334 ἐπὶ

270 2373 463 2426 πλεῖον
507 2368 658 2439 δείξῃ
686 2366 785 2437 τὴν
832 2362 1025 2418 ἐαυτοῦ
1066 2364 1226 2434 χάριν
1268 2363 1297 2415 6
1332 2362 1556 2432 Κύριος,
1586 2364 1858 2419 παιδεύων

268 2458 371 2526 τήν
397 2454 542 2526 ἐμὴν
571 2451 884 2521 ὀλιγότητα,
925 2446 1141 2501 κελεύει
1171 2445 1271 2516 τὴν
1312 2446 1571 2516 βούϐαλον
1600 2448 1705 2512 ἕως
1758 2449 1858 2519 τῆς

270 2540 475 2609 κέλλης
490 2534 850 2605 ἀκολουθῆσαί
872 2550 983 2603 μοι.
1008 2532 1099 2595 ,Ἦ
1124 2529 1179 2583 δὲ
1200 2529 1277 2601 τῷ
1294 2532 1677 2602 προστάγματι
1706 2533 1859 2587 πειθ-

270 2626 572 2696 αρχήσασα
641 2618 927 2690 ἠκολούθει
977 2616 1078 2686 ἐμὲ
1150 2616 1249 2686 μὲν
1300 2615 1625 2687 θηλάζουσα,
1673 2617 1763 2671 τὸν
1801 2618 1859 2673 δέ

276 2710 484 2781 μόσχον
514 2704 684 2774 αὐτῆς
732 2702 807 2773 μὴ
845 2700 1132 2771 δεχομένη.

272 2777 291 2853 ξ
352 2789 577 2844 Ἀλλοτε
625 2786 788 2840 πάλιν
832 2784 1083 2854 ὀρύσσων
1125 2784 1304 2856 φρέαρ
1340 2783 1369 2836 ὀ
1408 2782 1666 2854 ἐνάρετος
1704 2777 1859 2849 οὗτος

273 2878 361 2941 είς
391 2873 702 2929 ἀνάπαυσιν
733 2867 982 2942 μοναχῶν
1013 2867 1193 2936 (τοῦτο
1226 2867 1282 2920 δὲ
1314 2862 1383 2939 ἦν
1418 2867 1646 2939 πλησίον
1681 2868 1861 2940 θρύων

274 2961 377 3015 καὶ
407 2956 705 3029 φρυγάνων
743 2955 862 3007 ἐκεῖ
889 2952 1203 3022 κειμένων),
1230 2950 1337 3004 ὑπὸ
1365 2952 1593 3016 ἀσπίδος
1637 2952 1858 3024 ἐδήχθη.

1955 1783 2001 1833 οί
2032 1780 2270 1852 ἀσκηταὶ
2302 1783 2400 1851 τῆς
2436 1781 2602 1851 μονῆς
2626 1779 2863 1848 ἐκείνης,
2896 1776 3228 1831 ἐστασίασαν
3270 1773 3415 1828 κατά
3441 1773 3541 1826 τοῦ

1956 1865 2265 1934 ἡγουμένου
2331 1864 2543 1927 αὐτῶν,
2606 1863 2874 1929 λέγοντεςο
2933 1858 3106 1913 Πόθεν
3157 1859 3289 1928 ἡμῖν
3333 1857 3544 1928 ἣγαγες

1954 1947 2143 2000 τοῦτον
2169 1950 2260 1999 τὸν
2300 1947 2541 2016 ἄσαρκον
2570 1944 2857 2014 ἄνθρωπον
2909 1944 2991 2006 είς
3041 1943 3316 2012 ἡμετέραν
3368 1941 3543 1994 κατάο

1957 2046 2167 2100 κρισιν;
2223 2029 2256 2099 ἢ
2307 2018 2506 2082 ἔκϐαλε
2555 2028 2746 2082 τοῦτον
2799 2025 3142 2096 ἐντεῦθεν,ἢ
3191 2024 3281 2077 ἵνα
3340 2024 3543 2076 είδέναι

1957 2114 2121 2185 ἔχοις,
2153 2115 2235 2167 ὅτι
2267 2114 2470 2177 πάντες
2502 2114 2667 2183 ἡμεῖς
2718 2109 3112 2183 ἀναχωροῦμέν
3145 2125 3240 2161 σου
3275 2109 3561 2178 σήμερον.

1969 2197 2235 2260 Ἀκούσας
2263 2196 2321 2250 δὲ
2374 2196 2550 2249 ταῦτα
2583 2195 2736 2266 παρά
2759 2194 2868 2247 τῶν
2895 2193 3142 2263 ἀδελφῶν
3170 2193 3200 2245 6
3229 2193 3401 2263 μέγας
3435 2191 3548 2244 Πα-

1958 2281 2186 2352 χώμιος,
2217 2280 2504 2353 ἠρώτησεν
2556 2279 2628 2334 τά
2676 2281 2797 2333 κατ’
2843 2278 3006 2333 αὐτόν
3039 2294 3053 2308 ο
3088 2278 3183 2330 καὶ
3234 2275 3424 2348 μαθὼν
3476 2274 3549 2328 τά

1958 2367 2089 2436 περὶ
2136 2367 2234 2437 τῆς
2278 2365 2445 2420 αὑτοῦ
2482 2364 2772 2429 πολιτείας,
2804 2361 3147 2434 προσηύξατο
3181 2362 3258 2433 τῷ
3309 2361 3428 2432 Θεῷ
3459 2362 3547 2415 ἵνα

1959 2448 2109 2519 αὐτῷ
2141 2448 2470 2521 ἀποκαλύψῃ
2502 2450 2565 2500 τὸ
2614 2447 2698 2511 τίς
2738 2450 2890 2500 ἐστιν
2936 2440 3112 2510 οὗτος.
3157 2445 3563 2517 Ἀπεκαλύφθη

1960 2530 2015 2584 δὲ
2041 2530 2189 2602 αὑτῷ
2226 2532 2307 2584 ὅτι
2348 2527 2505 2594 οὗτός
2560 2532 2676 2583 ἐστι
2722 2530 3012 2601 Μακάριος
3048 2532 3077 2583 ὀ
3125 2529 3376 2601 μοναχός.
3412 2529 3547 2582 Τότε

1961 2617 2152 2685 κρατεῖ
2181 2616 2347 2669 αὑτοῦ
2368 2616 2464 2686 τὴν
2497 2616 2657 2686 χεῖρα
2688 2616 2717 2668 6
2739 2608 2955 2686 ’κύριος
2988 2612 3301 2685 Παχώμιος,
3331 2614 3424 2666 καὶ
3455 2613 3546 2677 ἐξ·

1962 2699 2086 2767 ἀγει
2116 2700 2277 2753 αὑτὸν
2318 2699 2443 2764 ἔξω.
2476 2700 2585 2753 Kal
2611 2698 2920 2767 εἰσαγαγὼν
2944 2698 3106 2752 αὐτὸν
3132 2700 3210 2760 είς
3234 2699 3325 2750 τὸν
3350 2697 3551 2768 εῦκτή-

1966 2801 2081 2855 ριον
2140 2778 2307 2850 οἷκον,
2347 2783 2474 2837 ἔνθα
2522 2783 2770 2837 ἀνέκειτο
2820 2781 3001 2836 αὐτῶν
3038 2781 3099 2834 τὸ
3136 2779 3565 2852 θυσιαστήριον,ί

1962 2871 2051 2923 καῖ
2099 2869 2489 2940 ἀσπασάμενος
2532 2868 2716 2933 αὐτὸν,
2774 2867 2923 2938 λέγει
2981 2867 3150 2937 αὐτῷ’
3200 2867 3395 2937 Δεῦρο,
3444 2862 3564 2919 δια-⁸

1962 2957 2163 3025 λόγηρε
2197 2971 2209 2982 ·
2276 2958 2338 3007 σὺ
2399 2949 2449 3005 εί
2510 2953 2795 3024 Μακάριος
2825 2992 2840 3018 ,
2902 2954 2999 3005 καὶ
3069 2951 3395 3022 ἀπέκρυψας
3451 2951 3567 3011 ἀπ’,

289 3036 753 3125 ’Δναιρετικόνᾍᾶ
780 3036 894 3125 έχει
922 3035 999 3089 ίὺν
1031 3035 1195 3125 τοῦτο
1221 3035 1282 3088 τὺ
1313 3034 1473 3125 ζῶον.
1512 3034 1862 3125 Δραξάμενος
1887 3062 1933 3125 C
1967 3039 2124 3110 ἐμοῦ.
2171 3037 2265 3089 Ἐκ
2306 3036 2515 3125 πολλῶν
2552 3052 2611 3088 σε
2638 3034 3114 3125 ἐτῶνάἐπεπόθουν
3140 3036 3291 3125 ἰδεῖν,
3333 3034 3551 3090 ἀκούων

271 3125 374 3181 οῦν
402 3126 505 3196 τῆς
527 3122 753 3185 ἀσπίδος
781 3120 987 3189 όᾶγιος
1004 3123 1127 3184 ταῖς
1172 3120 1513 3192 ἀμφοτέραις
1543 3122 1728 3193 χερσὶν
1757 3122 1864 3176 ἀπὸ
1900 3120 1933 3125 ﬁ
1974 3126 2046 3179 τὰ
2093 3125 2217 3195 περὶ
2256 3123 2371 3177 σοῦ.
2426 3121 2600 3194 Χάριν
2642 3139 2725 3175 σοι
2775 3120 2883 3192 ἐχω
2936 3122 3019 3175 ὄτι
3084 3120 3433 3185 ἐκονδύλισας
3482 3120 3553 3175 τὰ

276 3211 392 3266 τῶν
435 3210 531 3262 δύο
576 3208 746 3279 αὐτῆς
789 3204 1048 3278 χελυνίων
1089 3204 1296 3276 ταύτην
1351 3205 1657 3277 διέρρηξεν,
1698 3208 1867 3262 είπὼν

279 3293 425 3365 πρὸς
462 3293 651 3362 αὐτήνο
692 3291 787 3361 Μὴ
826 3288 1243 3352 ἀποστείλαντός
1279 3306 1340 3343 σε
1378 3291 1472 3344 τοῦ
1506 3292 1713 3363 Κυρίου
1742 3309 1864 3361 μου,

277 3378 403 3442 πῶς
428 3376 739 3448 ἐτόλμησας
766 3374 942 3428 ἐλθεῖν
967 3374 1101 3446 πρὸς
1132 3375 1230 3445 ἐμέ
1253 3391 1268 3441 ;

352 3464 528 3526 Αύτος
571 3454 728 3525 οὗτος
757 3459 996 3523 ἀκούσας
1040 3462 1068 3513 6
1115 3462 1287 3531 μέγας
1339 3460 1623 3534 Μακάριος
1649 3462 1731 3517 ὅτι
1766 3481 1867 3535 με..

279 3549 462 3620 γάλην
499 3547 681 3617 ἔχουσι
729 3543 1009 3597 πολιτείαν
1051 3544 1101 3597 οί
1152 3542 1615 3615 Ταϐεννησιῶται,
1650 3566 1867 3620 μεταμ-

283 3633 618 3705 φιεσάμενος
639 3630 732 3684 καὶ
760 3627 1047 3682 ἀναλαϐὼν
1076 3629 1340 3698 κοσμικδν
1374 3632 1562 3701 σχῆμα
1595 3633 1831 3702 ἐργάτου
1852 3676 1868 3701 ν

278 3717 353 3772 δι’
382 3715 609 3787 ἡμερῶν
670 3711 967 3767 δεκαπέντε
998 3711 1232 3783 ἀνῆλθεν
1262 3715 1343 3777 είς
1384 3716 1482 3784 τὴν
1513 3716 1756 3786 Θηϐαίδα
1782 3718 1871 3772 διά

280 3805 384 3872 τῆς
417 3801 628 3871 ἐρήμου
655 3799 900 3860 ὁδεύσας.
943 3796 1053 3849 Καὶ
1090 3796 1348 3851 είσελθὼν
1406 3799 1464 3853 ἐν
1515 3799 1593 3871 τῷ
1623 3801 1870 3873 ἀσκητη-

286 3888 392 3957 ρίῳ
444 3884 553 3936 τῶν
583 3880 1065 3952 Ταϐεννησιωτῶν,
1100 3881 1437 3954 ἐπεζήτησεν
1469 3882 1561 3937 τὸν
1609 3884 1873 3955 ἀρχιμαν·

281 3970 478 4041 δρίτην
493 3967 697 4021 τούτων
716 3965 1032 4035 Παχώμιον,
1047 3966 1271 4037 ὀνόματι
1290 3966 1459 4038 ἀνδρα
1476 3968 1869 4038 δοκιμώτατον,

280 4055 389 4130 μαι.
455 4053 705 4122 χάρισμα
772 4048 964 4119 ἔχοντα
1014 4050 1397 4121 προφητικόν·
1466 4045 1511 4120 ᾧ
1578 4052 1867 4123 ἀπεκρύϐη

284 4138 415 4192 τότε
443 4135 523 4206 τῷ
551 4135 690 4205 ἁγίῳ
728 4133 924 4204 ἐκείνῳ
956 4134 1026 4187 τά
1054 4134 1197 4187 κατὰ
1224 4136 1316 4187 τὸν
1357 4135 1531 4203 μέγαν
1560 4137 1868 4209 Μακάριον.

288 4218 610 4291 Περιτυχὼν
636 4218 731 4271 οῦν
760 4216 906 4288 αύτῷ
934 4218 963 4271 6
995 4218 1279 4289 Μακάριος
1318 4215 1492 4272 εἶπεν
1522 4222 1723 4291 Δέομαί
1756 4238 1871 4290 σου,

1971 3209 2162 3264 παιδία
2188 3225 2316 3279 μου,
2367 3207 2457 3262 ἵνα
2505 3207 2580 3279 μὴ
2607 3206 2753 3277 μέγα
2790 3206 3060 3277 φρονῶσιν
3094 3207 3187 3259 ἐπὶ
3225 3207 3293 3275 τῇ
3340 3204 3554 3261 ἑαυτῶν

1968 3296 2225 3368 ἀσκήσει.
2259 3293 2572 3367 Παρακαλῶ
2607 3308 2688 3358 σε,
2722 3291 2923 3345 ἄπελθε
2959 3293 3039 3355 είς
3085 3291 3179 3348 τὸν
3214 3292 3378 3346 τόπον
3431 3308 3552 3345 σου.

1969 3380 2271 3449 Αὐτάρκως
2301 3379 2411 3450 γάρ
2449 3377 2804 3447 ᾠκοδόμησας
2857 3377 3025 3447 ἡμᾶς,
3062 3376 3157 3430 καὶ
3207 3374 3369 3447 εὔχου
3411 3375 3556 3445 ὑπὲρ

1968 3463 2151 3533 ἡμῶν.
2187 3463 2320 3516 Τότε
2368 3460 2620 3528 ἀξιωθεὶς
2668 3460 2758 3515 ὑπ’
2807 3458 2993 3525 αὐτοῦ,
3035 3459 3338 3530 δεηθέντων
3385 3459 3553 3514 αὐτοῦ

1971 3548 2191 3602 πάντων
2217 3546 2327 3599 τῶν
2361 3545 2629 3615 ἀδελφῶν,
2655 3544 3004 3615 ἀνεχώρησεν
3023 3544 3218 3607 οὕτως.

2046 3632 2269 3685 Ἀλλοτε
2293 3630 2455 3685 πάλιν
2480 3630 2722 3701 διηγεῖτο
2752 3631 2883 3701 ἡμῖν
2914 3624 3067 3692 οὗτος
3091 3630 3119 3682 6
3147 3628 3386 3699 ἀπαθήςο
3424 3628 3555 3681 Ὅτε

1975 3719 2156 3771 πᾶσαν
2208 3714 2493 3768 πολιτείαν
2544 3715 2848 3784 ἀσκητικὴν
2876 3712 2945 3782 ἢν
2980 3710 3303 3782 ἐπεθύμησα
3337 3727 3556 3783 κατωρ-

1974 3801 2176 3866 θώσας,
2206 3800 2328 3853 τότε
2358 3800 2435 3862 είς
2458 3798 2623 3869 ἀλλην
2654 3794 2817 3869 ἦλθον
2842 3796 3136 3867 ἐπιθυμίαν
3161 3798 3557 3865 πνευματικήν.

1987 3882 2077 3937 Ἐν
2110 3880 2192 3946 οἷς
2227 3882 2420 3953 ἔκρινά
2464 3899 2597 3934 ποτε
2630 3883 2707 3944 εἰς
2746 3880 2953 3951 ταύτην
2992 3879 3100 3932 τῶν
3140 3880 3317 3950 ἔργων
3369 3877 3559 3932 ἐπιθυ-

1978 3970 2107 4040 μίαν
2138 3968 2332 4021 ἐλθεῖν.
2366 3966 2476 4021 Kal
2510 3966 2788 4037 ἡθέλησα,
2820 3968 2972 4035 φησὶ,
3000 3965 3160 4018 πέντε
3185 3965 3411 4037 ἡμερῶν
3457 3964 3560 4036 μό-

1975 4071 2065 4107 νον
2127 4054 2219 4106 τὸν
2289 4049 2416 4103 νοῦν
2479 4067 2581 4121 μου
2640 4050 2746 4103 ἀπὸ
2798 4048 2891 4103 τοῦ
2952 4048 3086 4101 Θεοῦ
3138 4050 3560 4119 ἀπερίσπαστον

1976 4138 2224 4208 ποιῆσαι,
2281 4136 2378 4188 καὶ
2438 4135 2604 4205 μηδὲν
2653 4135 2789 4196 ὅλως
2856 4133 3141 4202 ἐννοῆσαι,
3187 4132 3324 4187 ἀλλά
3364 4132 3561 4205 ἐκείνῳ

1980 4224 2128 4295 μόνῳ
2175 4222 2596 4294 προσανασχεῖν.
2630 4221 2739 4272 Kal
2776 4217 2935 4272 τοῦτο
2970 4217 3164 4287 κρίνας
3215 4220 3274 4273 ἐν
3307 4218 3557 4289 ἐμαυτῷ,

288 4306 493 4376 κύριε,
528 4304 675 4370 δέξαι
729 4320 797 4373 με
851 4304 933 4366 είς
978 4303 1079 4374 τὴν
1130 4306 1301 4377 μονήν
1345 4322 1462 4371 σου,
1496 4306 1582 4360 ’ίνα
1628 4309 1875 4381 γένωμαι
1983 4306 2290 4363 ἁπέκλεισά
2331 4323 2433 4377 μου
2460 4307 2559 4374 τὴν
2606 4304 2804 4357 κέλλαν
2831 4304 2925 4357 καὶ
2976 4302 3176 4369 ἐξωθεν
3209 4303 3307 4375 τὴν
3364 4303 3557 4376 αὐλὴν,

291 4390 549 4462 μοναχός.
607 4388 771 4457 Λέγει
817 4388 969 4459 αύτῷ
1024 4391 1053 4442 6
1105 4389 1278 4459 μέγας
1327 4388 1641 4461 Παχώμιος·
1674 4395 2121 4465 ΛοιπόνΒῶςτε
2169 4395 2244 4463 μὴ
2274 4391 2457 4445 δοῦναι
2511 4386 2783 4459 ἀνθρώπῳ
2824 4386 3033 4441 ἐλθόντι
3084 4389 3396 4459 ἀπόκρισιν.
3451 4389 3564 4443 Kal

290 4476 376 4537 είς
418 4474 597 4543 γῆρας
633 4474 861 4543 ήλασας,
888 4474 1080 4527 ἀσκεῖν
1123 4473 1187 4526 σὺ
1242 4472 1359 4537 πῶς
1392 4474 1654 4542 δύνασαις
1703 4479 1877 4533 Ἀδελ-
1980 4481 2142 4549 ἔστην
2192 4478 2497 4548 ἀρξάμενος
2545 4474 2655 4528 ἀπὸ
2702 4473 2803 4541 τῆς
2851 4472 3132 4542 δευτέρας,
3185 4473 3562 4542 παραγγείλας

294 4561 387 4628 φοί
412 4560 550 4611 είσιν
577 4559 686 4612 ἀπὸ
715 4557 964 4625 νεότητος
1013 4558 1376 4629 ἀσκήσαντες,
1409 4561 1504 4614 καὶ
1534 4566 1648 4627 τοῖς
1692 4566 1878 4631 πόνοις
1983 4582 2086 4637 μου
2115 4564 2195 4634 τῷ
2218 4564 2313 4633 νῷ,
2350 4560 2519 4615 εἰπὼν
2550 4558 2722 4631 αὐτῷ,
2753 4559 2925 4612 Βλέπε
2958 4558 3034 4630 μὴ
3064 4556 3331 4631 κατέλθῃς
3361 4562 3426 4613 ἐκ
3455 4558 3564 4613 τῶν

297 4644 701 4714 συντραφέντες
728 4642 955 4713 φέρουσι
978 4642 1069 4695 τὸν
1104 4646 1349 4713 κάματον
1372 4661 1386 4678 ’
1424 4648 1488 4700 σὺ
1524 4647 1581 4701 δὲ
1610 4652 1666 4702 ἐν
1707 4650 1879 4724 ταύτῃ
1982 4650 2249 4721 οὐρανῶν.
2274 4647 2457 4717 Ἔχεις
2488 4648 2603 4700 ἐκεῖ
2628 4645 2893 4714 ἀγγέλους
2915 4644 3314 4715 ἀρχαγγέλους,
3338 4644 3434 4709 τὰς
3451 4644 3564 4700 ἀνω

292 4730 363 4799 τῇ
400 4726 589 4798 ἡλικίᾳ.
627 4728 687 4778 ού
735 4726 961 4779 δύνασαι
994 4726 1237 4794 ἐνεγκεῖν
1265 4729 1391 4791 τοὺς
1449 4730 1549 4799 τῆς
1594 4734 1881 4803 ἀσκήσεως

296 4814 666 4882 πειρασμοὺς,
702 4810 796 4864 καὶ
821 4810 1168 4883 σκανδαλίζῃ,
1200 4813 1294 4865 καὶ
1328 4812 1547 4885 ἐξέρχῃ,
1582 4818 1675 4871 καὶ
1711 4836 1880 4874 κακο-

295 4896 481 4963 λογεῖς
517 4895 683 4964 ἡμᾶς.
715 4894 826 4947 Kal
858 4894 958 4946 οὑκ
983 4894 1200 4959 ἐδέξατο
1240 4898 1423 4961 αὑτὸν,
1457 4900 1581 4952 οὔτε
1612 4901 1709 4973 τὴν
1760 4904 1882 4959 δευ-

295 4980 485 5048 τέραν,
513 4978 705 5048 μέχρις
725 4977 948 5061 ἡμερῶν
984 4978 1145 5033 ἐπτά.
1197 4980 1253 5033 ’0
1285 4983 1340 5035 δὲ
1371 4984 1667 5056 ηὑτόνησεν
1700 5007 1884 5061 παρα-

304 5062 494 5132 μείνας
515 5062 737 5148 νῆστις.
782 5059 1050 5132 ’Υστερον
1103 5063 1159 5116 δέ
1218 5065 1366 5135 λέγει
1416 5071 1563 5141 αύτῴ
1617 5076 1645 5126 6
1704 5059 1884 5148 γέρων

298 5148 618 5219 Μακάριος
653 5147 812 5213 Δέξαι
856 5164 945 5217 με,
984 5148 1149 5216 ἀϐϐᾱὶ,
1193 5154 1283 5206 καὶ
1336 5155 1431 5209 ἐάν
1481 5159 1556 5231 μὴ
1604 5147 1885 5233 νηστεύσω

301 5236 426 5289 κατ’
475 5234 692 5297 αὐτοὺς,
754 5234 848 5286 κα)⁸
898 5235 1220 5307 ἐργάζωμαι
1260 5239 1295 5293 ἂ
1350 5242 1697 5315 ἐργάζονται,
1763 5253 1887 5305 τότε

303 5318 559 5373 κέλευσόν
588 5336 653 5389 με
684 5320 978 5392 ἐκριφῆναι
1005 5323 1103 5393 τῆς
1133 5324 1321 5394 μονῆς.
1356 5328 1537 5384 Πείθει
1574 5337 1700 5399 τοὺς
1732 5336 1888 5391 ἀδελ-

303 5404 445 5471 φοὺς
472 5406 501 5458 6
534 5404 707 5474 μέγας
740 5407 1034 5477 Παχώμιος
1064 5410 1405 5473 εἰσδέξασθαι
1438 5417 1619 5473 αὐτόν.
1655 5422 1809 5476 Ἐστι
1832 5425 1887 5479 δὲ

305 5490 370 5541 τὸ
402 5488 656 5577 σύστημα
686 5490 783 5577 τῆς
817 5492 947 5560 μιᾶς
964 5493 1149 5577 ,μονῆς
1196 5496 1412 5568 ἐκείνης
1442 5501 1601 5570 χίλιοι
1623 5510 1887 5577 τετρακό-

186 5580 197 5590 ·
310 5588 419 5659 σιοᾼι
474 5573 665 5643 ἄνδρες
710 5574 872 5644 μέχρι
926 5575 1026 5644 τῆς
1072 5578 1330 5651 σήμερον.
1386 5585 1645 5655 Εἰσῆλθεν
1677 5573 1770 5646 οῦν
1810 5597 1889 5659 είς

304 5656 515 5728 ταύτην
538 5660 565 5711 6
584 5659 759 5727 μέγας
781 5662 1086 5730 Μακάριος.
1120 5667 1478 5737 Περελθόντος
1493 5674 1548 5727 δὲ
1579 5678 1770 5748 χρόνου
1788 5656 1890 5737 ὀλί.
1911 5741 1929 5756 θ

631 5755 903 5820 Pusam.
952 5758 1071 5822 Gn.
1120 5763 1403 5831 XXXIV.

1986 4737 2169 4797 πάσας
2222 4733 2500 4801 δυνάμεις,
2550 4731 2617 4782 τὰ
2670 4728 2972 4799 Χερουϐὶμ,
3028 4727 3099 4779 τά
3151 4729 3424 4798 Σεραφὶμ,
3471 4729 3565 4783 τὸν

1983 4821 2117 4874 Θεὸν
2142 4819 2249 4870 τῶν
2279 4816 2494 4869 πάντων
2518 4815 2748 4885 ποιητήν
2769 4829 2783 4844 ο
2813 4814 2932 4865 ἐκεῖ
2957 4812 3238 4881 διάτριψον
3267 4829 3280 4843 ’
3311 4812 3387 4884 μὴ
3428 4828 3564 4868 κατ-

1986 4904 2145 4974 έλθῃς
2181 4904 2438 4955 ὑποκάτω
2464 4897 2559 4951 τοῦ
2602 4896 2833 4967 ούρανοῦ
2868 4916 2883 4930 ο
2922 4897 2997 4968 μὴ
3038 4895 3283 4967 ἐμπέσῃς
3317 4900 3393 4960 εἰς
3414 4898 3563 4968 λογι-

1989 4988 2159 5058 σμοῦς
2202 4984 2486 5055 ψυχικούς.
2528 4982 2639 5035 Kal
2678 4982 2993 5053 διαρκέσας,
3020 4982 3204 5053 φησιν,
3226 4982 3438 5052 ἡμέρας
3470 4983 3564 5036 δύο

1988 5076 2082 5127 καὶ
2119 5071 2215 5125 δύο
2256 5070 2457 5132 νύκτας
2503 5066 2675 5130 οὕτως
2738 5066 3031 5138 παρώξυνα
3069 5068 3159 5121 τὸν
3207 5067 3458 5137 δαίμονα,
3487 5069 3565 5136 ὡς

1989 5158 2163 5228 φλόγα
2203 5156 2373 5224 πυρὸς
2409 5153 2663 5223 γενέσθαι
2710 5151 2918 5218 τοῦτον,
2943 5153 3037 5206 καὶ
3069 5152 3411 5207 κατακαῦσαί
3461 5168 3566 5224 μου

1990 5244 2169 5296 πάντα
2195 5241 2263 5294 τά
2303 5241 2360 5291 ἐν
2393 5238 2470 5310 τῷ
2516 5236 2737 5307 κελλίῳ,
2774 5235 2850 5299 ὼς
2889 5237 2984 5290 καὶ
3028 5237 3121 5291 τὸν
3146 5236 3341 5307 ψίαθον
3371 5237 3456 5306 ἐφ’
3507 5236 3568 5291 ὃν

1990 5330 2261 5399 εἱστήκειν
2292 5325 2424 5395 πυρὶ
2448 5323 2878 5392 καταφλεγῆναι.
2913 5324 3023 5377 Kal
3047 5323 3220 5387 οὓτως
3250 5324 3471 5393 νομίσαι
3498 5336 3569 5393 με

1991 5414 2073 5467 ’ότι
2131 5410 2242 5479 ἐγὼ
2310 5410 2429 5473 ὅλος
2473 5408 2854 5480 ἐμπίπραμαι.
2924 5408 3109 5471 Τέλος,
3171 5408 3399 5479 πληγεὶς
3457 5405 3570 5475 ἐγὼ

1992 5498 2144 5568 φόϐῳ
2212 5495 2457 5564 ἀπέστην
2525 5493 2622 5564 τῆς
2669 5494 2980 5562 προθέσεως
3036 5492 3237 5563 ταύτης
3290 5498 3354 5564 τῇ
3409 5493 3570 5563 τρίτῃ

1995 5585 2201 5657 ἡμέρᾳ,
2236 5582 2311 5653 μὴ
2340 5580 2586 5651 δυνηθεὶς
2617 5578 2800 5632 λοιπὸν
2834 5579 3241 5652 ἀπερίσπαστόν
3275 5596 3377 5648 μου
3408 5579 3569 5645 ποιῆ-

1936 5742 1971 5756 ν
1995 5696 2087 5736 σαι
2115 5678 2206 5732 τὸν
2227 5674 2373 5742 νοῦν,
2410 5673 2549 5731 ἀλλά
2585 5672 2852 5743 κατῆλθον
2879 5675 2960 5738 εἰς
2978 5672 3213 5744 θεωρίαν
3237 5670 3332 5727 τοῦ
3361 5674 3571 5744 κόσμου

3130 5766 3210 5829 3i-
