4060 6534
300 286 430 346 -Ιυδι

1568 285 1881 343 HISTORIA
1921 288 2273 344 LAUSIACA.

3405 284 3545 351 I063

296 405 436 475 plius
463 410 694 458 mentem
723 414 894 457 meam
918 402 1100 457 tenere
1127 400 1466 465 indivulsam,
1491 400 1586 455 sed
1611 399 1860 455 descendi
1889 403 1936 457 Λ
1970 415 2090 455 cum
2120 402 2361 454 unxissct
2383 400 2502 455 oleo
2525 409 2733 456 sancto.
2775 412 2829 457 et
2858 417 2978 457 cum
3024 418 3214 473 aquam
3250 404 3533 465 infudisset
3572 392 3577 397 ’

298 496 364 550 ad
395 495 553 564 hujus
581 493 761 551 mundi
791 493 1290 562 contemplationem
1321 508 1334 557 ;
1364 490 1473 544 Deo
1500 490 1730 544 fortasse
1756 504 1869 558 per-

295 587 570 653 mittente,
600 603 666 640 ne
698 587 798 641 hoc
830 586 958 640 mihi
988 595 1322 654 reputaretur
1353 585 1402 637 in
1434 581 1759 651 superbiam.

364 674 483 745 Ego
509 677 571 730 ad
601 692 720 733 eum
748 679 948 733 accessi
971 674 1345 745 aliquando,et
1373 674 1547 729 inveni
1575 683 1723 727 extra
1754 671 1867 741 ejus

296 764 490 821 cellam
516 763 782 833 jaceutcm
810 764 1096 833 quemdam
1138 762 1410 831 cujusdam
1450 764 1548 815 vici
1596 761 1868 830 presbyte-

300 867 440 916 rum,
469 853 620 922 cujus
641 861 800 923 caput
820 854 892 907 ita
914 862 1027 908 erat
1052 867 1271 908 exesum
1294 866 1324 906 a
1347 851 1533 906 morbo
1559 850 1648 920 qui
1672 850 1869 905 dicitur

298 958 506 1007 cancer,
540 946 779 1000 utetiam
808 943 982 1015 ipsum
1012 958 1074 999 os
1117 953 1284 999 totum
1323 951 1603 1012 appareret
1644 942 1696 996 in
1752 955 1873 995 ver-

301 1038 425 1093 tice.
454 1036 503 1092 Is
526 1038 751 1092 accessit
778 1037 842 1091 ad
874 1038 1048 1105 ipsum
1077 1045 1133 1090 ut
1154 1042 1450 1099 curaretur,
1482 1047 1579 1088 nec
1621 1047 1744 1087 eum
1772 1032 1871 1085 ad-

303 1130 550 1185 mittebat
578 1128 644 1184 ad
673 1128 1018 1197 colloquium.
1052 1126 1251 1198 Rogavi
1282 1136 1457 1181 autem
1478 1140 1622 1188 eum,
1649 1123 1829 1177 dicens
1856 1138 1869 1176 :

301 1218 559 1274 Miserere
587 1219 745 1290 hujus
772 1219 988 1285 miseri,
1018 1227 1073 1273 et
1101 1217 1291 1271 saltem
1322 1214 1389 1271 da
1435 1215 1484 1271 ei
1534 1228 1869 1281 reSponsum.

301 1308 348 1362 ls
377 1323 509 1364 vero
543 1309 671 1364 mihi
718 1307 1016 1378 respondit,
1047 1307 1231 1362 dicens
1281 1322 1295 1359 :
1348 1305 1440 1360 Est
1488 1303 1734 1372 indignus
1781 1303 1871 1369 qui

296 1384 539 1469 curetur,
571 1402 731 1457 missa
761 1411 843 1457 est
868 1402 1014 1457 enim
1041 1400 1108 1454 ad
1131 1414 1249 1454 cum
1277 1399 1390 1451 haec
1411 1412 1439 1451 a
1463 1395 1686 1450 Domino
1712 1393 1872 1448 disci-

304 1494 464 1561 plina.
494 1495 645 1561 Quod
672 1495 715 1547 si
737 1493 869 1547 velis
896 1507 1017 1548 eum
1046 1490 1243 1556 curari,
1264 1486 1528 1559 persuade
1555 1486 1602 1541 ei
1635 1493 1691 1539 ut
1723 1483 1872 1537 dein-

301 1599 428 1655 ceps
450 1586 713 1640 abstineat
742 1599 772 1638 a
815 1583 1113 1638 ministerio
1159 1587 1466 1635 sanctorum
1509 1584 1874 1632 sacramento—

300 1689 439 1727 rum.
472 1674 583 1743 Ego
608 1683 788 1729 autem
817 1672 869 1726 ei
913 1673 1036 1727 dico
1084 1687 1099 1726 :
1150 1668 1531 1737 Quamobrem,
1565 1664 1779 1735 quaeso?
1828 1662 1875 1716 ls

1974 499 2223 561 prmccpit
2246 507 2309 546 ne
2335 493 2676 562 quadraginta
2706 496 2891 550 diebus
2924 512 3112 554 carnes
3140 509 3376 569 gustaret
3396 544 3412 568 ,
3442 517 3541 561 nec

1974 582 2184 646 vinum;
2220 592 2273 635 et
2303 584 2378 637 sic
2405 598 2522 638 eum
2553 586 2773 638 curavit.

2047 673 2178 728 Eum
2196 676 2482 742 aliquando
2503 677 2776 731 subierunt
2794 679 3140 746 cogitationes
3164 698 3313 739 vanae
3334 684 3540 755 glorim.

1973 778 2092 834 qua:
2120 781 2239 820 eum
2263 781 2294 820 e
2314 767 2446 821 cella
2469 766 2774 835 ejiciebant,
2799 770 3217 840 etsuggerebant
3238 782 3295 828 ut
3318 773 3543 831 honesto

1972 857 2193 913 consilio
2221 867 2273 912 et
2293 858 2428 926 justa
2453 858 2520 913 de
2545 873 2703 912 causa
2732 859 2950 914 Romam
2979 872 3251 931 pergeret,
3301 878 3398 934 pro
3449 864 3545 919 bc-

1974 950 2166 1004 neiicio
2205 964 2390 1005 eorum
2431 952 2519 1019 qui
2560 952 2917 1022 mgrotabant;
2960 954 3111 1009 valde
3150 957 3290 1011 enim
3330 956 3383 1011 in
3423 971 3543 1013 eum

1973 1041 2291 1109 operabatur
2315 1043 2482 1111 gratia
2510 1046 2766 1098 adversus
2787 1045 3026 1113 spiritus.
3056 1046 3340 1117 Postquam
3365 1058 3544 1105 autem

1977 1128 2133 1199 longo
2166 1139 2402 1199 tempore
2433 1146 2536 1185 non
2567 1133 2786 1195 obediit,
2818 1134 2969 1188 valde
2992 1136 3303 1204 agitabatur.
3338 1137 3544 1195 Cadens

1976 1235 2103 1274 vero
2131 1221 2181 1273 in
2223 1221 2405 1275 limine
2440 1222 2622 1285 cellae,
2654 1223 2791 1276 foras
2822 1224 2984 1293 pedes
3014 1227 3223 1293 emisit,
3251 1239 3304 1283 et
3350 1229 3481 1284 dicit
3524 1248 3536 1259 ·

1976 1310 2193 1367 Trahite
2222 1323 2271 1365 et
2303 1312 2502 1376 vellite,
2534 1329 2565 1366 ο
2595 1314 2888 1383 daemones,
2919 1316 2964 1369 si
2996 1319 3235 1386 potestis.
3267 1322 3378 1390 Ego
3401 1324 3545 1377 enim

1978 1418 2082 1455 non
2121 1403 2253 1457 abeo
2284 1404 2415 1459 meis
2447 1404 2688 1474 pedibus,
2716 1405 2899 1473 jurans
2937 1405 3053 1463 fore
3079 1418 3134 1463 ut
3161 1410 3336 1477 jaceat
3380 1430 3545 1483 usque

1978 1495 2044 1547 ad
2072 1509 2367 1561 vesperam,
2400 1504 2454 1549 et
2482 1497 2584 1550 nisi
2619 1510 2739 1551 eum
2769 1496 3061 1564 excutiant,
3094 1515 3196 1553 non
3227 1515 3346 1557 esse
3393 1507 3547 1559 audi-

1979 1593 2174 1638 turum.
2207 1585 2339 1638 Cum
2383 1593 2557 1639 autem
2591 1586 2681 1640 diu
2714 1588 3111 1655 procubuisset,
3140 1592 3401 1660 surrexit;
3425 1610 3544 1650 cum

1979 1689 2082 1728 nox
2105 1684 2280 1729 autem
2304 1676 2661 1743 adventasset,
2680 1679 2727 1733 ei
2748 1694 2931 1734 rursus
2953 1681 3243 1739 exhibuere
3258 1688 3550 1755 negotium.

300 1778 433 1819 vero
485 1764 616 1819 dicit
646 1782 659 1818 :
693 1763 987 1818 Fornicans
1018 1775 1228 1817 sacrum
1261 1758 1468 1830 peregit
1497 1756 1869 1819 ministerium,

1982 1766 2045 1821 Et
2074 1782 2191 1822 cum
2223 1768 2448 1823 duorum
2480 1770 2776 1825 modiorum
2812 1782 3047 1840 sportam
3079 1775 3348 1845 implesset
3369 1793 3549 1846 arena,

298 1863 354 1909 et
376 1855 498 1910 ideo
521 1855 833 1925 castigatur.
864 1853 1014 1909 Nunc
1053 1866 1182 1921 ergo
1209 1850 1254 1904 si
1287 1860 1431 1905 metu
1459 1847 1678 1902 desistat
1713 1845 1780 1898 ab
1807 1857 1871 1896 eo

296 1947 440 2016 quod
468 1960 630 2002 ausus
654 1955 736 2002 est
762 1946 940 2001 facere
966 1958 1059 2015 per
1093 1950 1453 2011 contemptum
1475 1979 1490 2003 ,
1523 1939 1662 1992 Deus
1699 1937 1869 2005 ipsum

299 2036 529 2092 curabit.
567 2038 854 2106 Postquam
884 2050 1013 2106 ergo
1042 2034 1153 2089 dixi
1178 2032 1229 2088 ei
1258 2034 1345 2102 qui
1394 2028 1758 2099 afﬂigebatur,
1786 2025 1872 2094 ju-

297 2126 586 2196 rejurando
614 2136 699 2184 est
727 2127 995 2198 pollicitus
1040 2139 1099 2180 se
1148 2139 1255 2179 non
1302 2121 1530 2190 amplius
1577 2116 1873 2173 sacerdotis

298 2230 478 2288 partes
518 2221 808 2277 obiturum.
858 2218 1009 2274 Tunc
1054 2232 1178 2273 eum
1227 2216 1459 2283 accepit,
1489 2221 1543 2270 et
1586 2212 1719 2268 dixit
1763 2210 1812 2265 ei
1856 2226 1871 2263 :

296 2311 555 2367 Credisne
582 2325 704 2368 esse
751 2310 920 2367 Deum
965 2324 1123 2381 quem
1172 2307 1309 2361 nihil
1355 2304 1519 2360 latet?
1570 2301 1875 2369 ReSpondet

298 2399 389 2457 ille
419 2419 433 2455 :
461 2402 880 2472 Maxime,rogo
926 2412 997 2456 te.
1050 2399 1254 2454 Deinde
1301 2398 1348 2453 ei
1394 2396 1522 2452 dicit
1566 2395 1871 2449 Macarius:

300 2493 415 2550 Non
448 2494 665 2566 potuisti
698 2496 805 2552 Deo
833 2494 1091 2551 illuderei
1118 2493 1253 2548 Dicit
1283 2491 1372 2546 ille
1399 2508 1411 2544 :
1442 2487 1555 2546 Non
1587 2489 1756 2559 potui,
1781 2487 1877 2540 do-

301 2585 450 2644 mine
474 2585 566 2642 mi.
592 2585 727 2641 Dicit
752 2586 802 2642 ei
828 2585 1089 2641 Macarius
1120 2599 1137 2642 :
1169 2584 1225 2641 Si
1257 2582 1504 2653 agnoscis
1524 2590 1669 2636 tuum
1686 2593 1877 2647 pecca-

297 2688 434 2746 tum,
465 2690 517 2734 et
542 2678 640 2735 Dei
668 2676 1001 2747 disciplinam
1029 2682 1247 2746 propter
1276 2689 1432 2745 quam
1478 2673 1590 2727 haec
1630 2670 1874 2731 subiisti,

300 2770 586 2839 corrigitor
607 2770 659 2825 in
690 2780 983 2839 posterum.
1012 2768 1113 2836 Qui
1149 2765 1429 2822 confessus
1455 2771 1538 2819 est
1578 2768 1875 2830 peccatum,

300 2872 355 2920 et
380 2863 668 2933 spopondit
695 2877 755 2918 se
779 2880 888 2919 non
931 2862 1161 2934 amplius
1184 2865 1552 2931 peccaturum,
1585 2867 1759 2923 neque
1802 2851 1879 2904 al-

298 2954 404 3008 tari
430 2953 875 3019 ministraturum,
906 2952 1002 3007 sed
1031 2964 1239 3009 sortem
1269 2950 1453 3007 laicam
1483 2944 1876 3014 amplexurum.

302 3045 503 3101 Deinde
528 3047 605 3102 sic
632 3056 848 3101 sanctus
881 3046 929 3101 ei
960 3058 1149 3099 manus
1172 3041 1449 3111 imposuit,
1474 3047 1531 3094 et
1558 3035 1740 3107 paucis
1764 3031 1878 3088 dic-

1974 1865 2028 1911 et
2044 1858 2385 1926 imposuisset
2397 1859 2655 1923 humeris,
2671 1863 2988 1930 pervadebat
3006 1873 3169 1920 totam
3183 1869 3520 1926 solitudinem
3532 1915 3545 1927 .

1978 1944 2112 1999 Huic
2153 1948 2387 2001 occurrit
2433 1948 2764 2004 Theosebius
2793 1949 3091 2018 Cosmetor,
3136 1970 3330 2024 genere
3364 1958 3550 2014 Antio-

1973 2038 2190 2104 chenus,
2223 2041 2350 2095 etei
2378 2041 2510 2095 dicit
2552 2059 2566 2094 :
2608 2042 2743 2109 Quid
2786 2054 2987 2112 portas,
3017 2045 3187 2100 abba?
3234 2048 3377 2104 Cede
3422 2053 3551 2106 mihi

1973 2141 2131 2194 onus,
2156 2140 2209 2184 et
2239 2145 2305 2184 ne
2334 2131 2568 2186 vexeris.
2600 2132 2693 2187 ille
2721 2142 2898 2187 autent
2926 2134 3055 2188 dixit
3086 2152 3099 2187 :
3140 2136 3286 2193 Vexo
3313 2152 3432 2193 eum
3462 2145 3553 2211 qui

1976 2235 2060 2275 me
2130 2229 2329 2281 vexat;
2402 2235 2531 2275 nam
2602 2235 2726 2277 cum
2786 2225 2887 2281 sim
2932 2226 3184 2284 remissus
3211 2238 3266 2284 et
3294 2229 3546 2301 ignavus,

1975 2315 2207 2383 suggerit
2249 2315 2376 2369 mihi
2416 2317 2889 2387 peregrinationes.
2922 2314 3053 2373 Cum
3079 2331 3254 2375 autem
3287 2322 3377 2377 diu
3422 2339 3547 2394 pro-

1978 2408 2267 2471 movisset,
2300 2407 2570 2475 ingressus
2600 2422 2683 2464 est
2710 2408 2899 2464 cellam
2927 2410 3160 2465 contrito
3188 2427 3439 2483 corpore.

2052 2495 2066 2524 ι
2098 2494 2343 2551 Narravit
2398 2506 2575 2552 autem
2628 2498 2779 2553 nobis
2826 2498 2939 2570 (52)
2984 2500 3077 2555 Dei
3122 2518 3330 2572 quoque
3370 2520 3555 2562 servus

1980 2585 2326 2655 Paphnutius,
2365 2587 2604 2656 praeclari
2645 2586 2804 2657 hujus
2850 2589 3019 2645 sancti
3057 2589 3368 2661 discipulus,
3414 2598 3554 2665 quod

1979 2694 2099 2733 cum
2149 2677 2376 2746 quodam
2421 2677 2507 2732 die
2536 2678 2749 2733 sederet
2774 2678 2826 2732 in
2874 2679 2996 2733 aula
3034 2691 3249 2737 sanctus
3275 2684 3553 2751 Macarius,

1980 2782 2033 2823 et
2070 2770 2238 2825 Deum
2269 2770 2649 2838 alloqueretur,
2678 2769 2864 2840 byaena
2910 2781 3188 2841 acceptum
3219 2790 3368 2830 suum
3404 2789 3553 2833 catu-

1982 2863 2110 2925 lum,
2153 2855 2387 2929 quierat
2430 2874 2624 2925 caecus,
2655 2861 2829 2916 attulit
2878 2862 2943 2916 ad
2972 2872 3213 2918 sanctum
3239 2866 3555 2933 Macarium;

1978 2961 2181 3007 etcum
2222 2953 2398 3020 capite
2441 2951 2701 3019 pulsasset
2746 2952 2941 3006 ostium
2980 2954 3136 3019 aula,
3182 2955 3419 3027 ingressa
3448 2969 3555 3025 est,

1981 3057 2047 3096 eo
2076 3042 2248 3096 adhuc
2274 3041 2513 3107 sedente,
2542 3049 2597 3095 et
2628 3042 2848 3110 projecit
2875 3044 3107 3098 catulum
3137 3046 3203 3099 ad
3228 3048 3344 3115 ejus
3369 3048 3553 3117 pedes.

306 3137 409 3191 bus
434 3136 534 3191 fuit
553 3145 790 3202 curatus,
821 3135 1106 3206 capillique
1127 3134 1178 3189 ei
1207 3139 1501 3189 creverunt
1526 3139 1579 3184 et
1599 3141 1759 3182 sanus
1788 3125 1875 3179 do-

1984 3136 2112 3191 Cum
2136 3144 2312 3189 autem
2343 3134 2641 3202 accepisset
2687 3135 2922 3189 catulum
2952 3146 3168 3193 sanctus
3192 3138 3473 3209 Macarius,
3503 3150 3557 3193 et

302 3240 451 3281 mum
500 3225 662 3281 rediit
707 3224 871 3279 Deum
919 3224 1265 3294 gloriﬁcans;
1327 3221 1436 3291 egit
1466 3228 1643 3274 autem
1690 3228 1881 3285 magno

299 3332 513 3390 quoque
559 3318 785 3373 Macario
812 3318 1031 3388 gratias.

373 3410 470 3465 llic
492 3418 708 3464 sanctus
730 3408 960 3463 habebat
984 3407 1226 3461 diversas
1251 3403 1453 3466 cellas;
1481 3413 1640 3455 unam
1666 3395 1878 3466 quidem

303 3502 356 3553 in
384 3501 561 3565 Scete,
587 3514 704 3568 quae
729 3507 812 3554 est
838 3496 1062 3553 interior
1092 3496 1147 3552 in
1190 3493 1498 3557 solitudine,
1532 3498 1585 3544 et
1621 3502 1780 3543 unam
1826 3485 1880 3539 in

302 3592 490 3658 Libya,
521 3602 575 3646 et
603 3605 762 3645 unam
790 3591 843 3644 in
871 3587 1075 3654 Celliis,
1106 3598 1165 3644 et
1191 3600 1348 3641 unam
1381 3586 1432 3638 in
1464 3590 1645 3635 monte
1674 3577 1876 3634 Nitriae.

304 3681 375 3735 Et
403 3682 518 3735 aliae
560 3680 775 3750 quidem
823 3678 1076 3734 carebant
1110 3676 1275 3740 ostio,
1307 3674 1360 3727 in
1392 3671 1584 3743 quibus
1609 3668 1883 3725 dicebatur

298 3772 491 3827 sedere
519 3771 571 3826 in
600 3769 1006 3840 quadragesima
1035 3768 1088 3822 in
1134 3764 1391 3828 tenebris,
1423 3762 1527 3815 alia
1557 3766 1738 3814 autem
1766 3766 1883 3813 erat

298 3864 601 3931 angustior,
628 3863 680 3917 in
710 3877 813 3931 qua
833 3877 938 3916 non
965 3867 1170 3929 poterat
1202 3856 1391 3924 pedem
1421 3850 1744 3914 extendere;
1778 3847 1881 3902 alia

299 3965 479 4009 autem
510 3952 689 4019 latior,
726 3954 781 4007 in
812 3967 917 4021 qua
956 3948 1311 4006 conveniebat
1356 3959 1452 3998 eos
1495 3940 1584 4011 qui
1612 3938 1678 3994 ad
1709 3940 1881 4009 ipsum

298 4043 655 4099 ventitabant.

378 4137 474 4192 llic
502 4137 711 4193 curavit
743 4144 942 4190 tantam
974 4131 1366 4189 multitudinem
1392 4142 1577 4184 eorum
1606 4124 1693 4195 qui
1723 4136 1883 4177 vexa-

298 4230 497 4286 bantur
522 4244 550 4283 a
577 4227 943 4293 daemonibus,
975 4234 1033 4279 ut
1070 4238 1131 4279 ea
1165 4237 1269 4279 non
1296 4220 1456 4276 cadat
1496 4218 1548 4271 in
1579 4227 1875 4271 numerum.

296 4320 436 4377 Cum
476 4334 572 4375 nos
597 4328 773 4374 autem
804 4314 910 4373 illic
935 4330 1196 4380 essemus,
1230 4312 1379 4381 virgo
1408 4308 1601 4365 nobilis
1632 4313 1687 4361 et
1733 4305 1881 4359 dives

293 4412 528 4468 deducta
551 4422 631 4466 est
655 4410 720 4465 ad
745 4424 864 4465 eum
888 4424 920 4463 e
943 4405 1323 4462 Thessalonica
1344 4403 1398 4458 in
1429 4400 1620 4455 linibus
1644 4396 1877 4458 Achaiae,

1984 3229 2214 3297 spuisset
2250 3226 2303 3280 in
2342 3226 2458 3296 ejus
2496 3227 2702 3292 oculos,
2744 3229 2933 3295 oravit,
2978 3239 3030 3283 et
3067 3231 3243 3284 statim
3284 3231 3432 3286 vidit.
3495 3232 3565 3287 Et

1888 3336 1891 3345 ί
1982 3335 2101 3375 cum
2153 3329 2323 3373 mater
2366 3334 2485 3373 eum
2533 3318 2783 3373 lactasset
2824 3329 2877 3373 et
2924 3323 3237 3391 accepisset,
3292 3324 3359 3376 ita
3411 3326 3562 3378 exiit.

1986 3412 2077 3465 Die
2113 3416 2291 3463 autem
2330 3407 2572 3476 sequenti
2614 3408 2805 3477 pellem
2846 3423 3050 3479 magnas
3102 3412 3220 3466 ovis
3272 3414 3448 3468 attulit
3493 3417 3559 3468 ad

1982 3508 2222 3553 sanctum
2254 3498 2574 3563 Macarium;
2616 3506 2668 3551 et
2694 3513 2813 3551 cum
2854 3509 3066 3554 sanctus
3097 3502 3312 3557 vidisset
3345 3502 3559 3570 pellem.

1988 3596 2103 3648 haec
2149 3592 2285 3647 dixit
2316 3592 2518 3661 hyaenae
2550 3610 2563 3644 :
2598 3592 2872 3648 Undenam
2928 3596 3063 3647 hanc
3112 3594 3411 3661 habuisses,
3461 3597 3563 3650 nisi

1983 3702 2139 3743 ovem
2180 3686 2407 3756 alicujus
2455 3685 2805 3740 devorasses?
2855 3683 3006 3752 Quod
3053 3699 3179 3754 ergo
3208 3686 3562 3755 proﬁciscitur

1986 3777 2054 3831 ab
2083 3776 2297 3845 injuria,
2328 3789 2427 3845 ego
2453 3788 2483 3829 a
2511 3782 2564 3829 te
2593 3789 2697 3829 non
2722 3776 2945 3843 accipio.
2990 3775 3185 3845 Hymna
3211 3786 3386 3831 autem
3415 3779 3563 3833 humi

1987 3868 2241 3923 inclinato
2270 3866 2470 3936 capite,
2514 3881 2653 3937 genu
2702 3866 2946 3922 ﬂectebat
2972 3868 3038 3922 ad
3085 3866 3245 3936 pedes
3291 3869 3479 3935 sancti,
3508 3880 3564 3924 et

1985 3961 2215 4029 ponebat
2242 3959 2449 4027 pellem.
2485 3957 2602 4028 Ipse
2631 3966 2808 4013 autem
2835 3959 2883 4012 ei
2913 3957 3125 4013 dicebat
3154 3975 3167 4015 :
3202 3958 3315 4012 Dixi
3345 3972 3432 4013 me
3456 3969 3563 4013 non

1985 4038 2352 4123 accepturum,
2393 4051 2499 4107 nisi
2535 4051 2799 4121 juraveris
2838 4060 2890 4105 te
2922 4067 3026 4106 non
3065 4051 3295 4120 amplius
3333 4050 3566 4107 offensu»

1985 4159 2099 4198 ram
2134 4157 2419 4213 pauperes,
2451 4142 2780 4199 comedendo
2821 4158 3003 4198 eorum
3033 4158 3181 4199 oves.
3222 4143 3315 4199 Illa
3343 4158 3470 4199 vero
3495 4136 3563 4197 ad

1990 4235 2091 4289 hoc
2117 4244 2328 4303 quoque
2354 4234 2529 4303 capite
2563 4249 2660 4290 suo
2698 4236 2904 4300 annuit,
2936 4245 2991 4289 ut
3017 4250 3135 4305 qua:
3167 4245 3352 4291 sancto
3379 4248 3566 4289 asse-«-

1988 4328 2174 4382 tiretur
2214 4325 2462 4382 Macario.
2532 4327 2682 4381 Tunc
2730 4329 2935 4397 accepit
2991 4328 3186 4397 pellem
3239 4329 3304 4383 ab
3352 4326 3561 4399 hymua.

1988 4419 2149 4473 Beata
2196 4427 2374 4472 autem
2406 4417 2600 4473 Christi
2646 4419 2838 4473 ancilla
2880 4419 3101 4475 Melania
3151 4420 3285 4473 dixit
3328 4419 3473 4482 mibi,
3507 4430 3566 4473 sc

294 4515 422 4569 (tum
446 4501 627 4557 multis
658 4501 812 4555 annis
844 4500 1112 4553 laborant
1142 4495 1397 4565 Ρ²¹¹³¹Υ⁵ίο
1432 4492 1579 4546 “anc
1609 4498 1736 4583 θοις
1761 4487 1881 4583 (ξθίῗ
1911 4509 1960 4571 ι)
1988 4510 2131 4565 illam
2163 4511 2352 4578 pellem
2392 4513 2661 4580 accepisse
2693 4526 2722 4564 a
2748 4512 2974 4568 Macario
3017 4514 3127 4579 illo,
3161 4513 3302 4583 quod
3334 4512 3568 4582 appella-

298 4593 407 4643 lam
435 4604 583 4645 suam
616 4588 932 4659 projectam,
959 4584 1323 4641 misericordia
1345 4588 1663 4643 commotus,
1688 4577 1873 4647 viginti

294 4678 491 4734 diebus
539 4693 743 4746 ungens
780 4678 900 4733 oleo
946 4685 1129 4731 sancto
1172 4675 1284 4728 suis
1310 4671 1572 4733 manibus,
1607 4678 1663 4725 et
1690 4683 1870 4731 orans,

291 4784 486 4825 sanam
529 4769 733 4825 remisit
759 4769 811 4823 in
842 4783 991 4822 suam
1022 4768 1311 4822 civitatem.
1345 4764 1473 4832 Qua:
1503 4778 1622 4818 cum
1658 4762 1879 4830 pedibus

288 4861 411 4913 suis
426 4859 751 4923 recessisset,
768 4860 830 4911 ad
849 4865 1061 4912 sanctos
1078 4858 1345 4927 copiosam
1365 4855 1507 4909 misit
1526 4854 1873 4909 oblationem.

372 4950 458 5004 Me
483 4959 658 5003 autem
688 4959 952 5019 praesente
979 4948 1239 5004 adductus
1269 4958 1350 5003 est
1385 4947 1449 5002 ad
1479 4962 1599 5001 eum
1632 4961 1760 5015 puer
1789 4944 1880 5014 qui

262 5043 590 5107 x‘exabatur
618 5058 646 5097 a
676 5042 889 5109 spiritu.
922 5041 983 5095 Ei
1033 5051 1211 5095 autem
1244 5055 1457 5095 manum
1504 5040 1782 5109 imponens
1825 5038 1879 5093 in

279 5134 496 5203 capite,
526 5143 581 5190 et
610 5134 881 5188 sinistram
910 5147 1068 5202 supra
1136 5148 1249 5199 cor,
1282 5132 1459 5186 tandiu
1511 5132 1677 5185 oravit
1711 5132 1878 5184 donec

283 5224 517 5278 fecisset
546 5224 717 5293 ipsum
745 5222 980 5292 pendere
1011 5223 1064 5277 in
1095 5238 1241 5277 aere.
1287 5222 1565 5292 Tanquam
1608 5230 1726 5274 uter
1755 5234 1881 5290 ergo

284 5330 436 5384 puer
465 5314 704 5383 inﬂatus,
737 5316 871 5369 adeo
895 5314 1167 5382 intumuit,
1194 5324 1251 5368 ut
1271 5325 1413 5370 esset
1434 5316 1649 5370 maximi
1681 5314 1881 5383 ponde-

274 5406 393 5460 ris.
429 5403 639 5459 Etcum
669 5414 888 5474 repente
926 5405 1298 5469 exclamasset,
1331 5421 1421 5473 per
1462 5420 1650 5459 omnes
1684 5417 1879 5460 sensus

267 5506 490 5563 aquam
517 5496 729 5560 emisit;
763 5506 818 5550 et
842 5511 961 5552 cum
985 5511 1172 5551 rursus
1194 5495 1458 5561 desiisset,
1483 5497 1639 5551 rediit
1664 5496 1729 5550 ad
1758 5509 1876 5549 eam

270 5590 353 5643 in
381 5601 482 5657 qua
516 5589 661 5660 prius
702 5596 820 5645 erat
857 5604 1183 5644 mensuram.
1220 5590 1282 5645 Et
1314 5589 1525 5645 tradidit
1554 5605 1674 5646 eum
1706 5590 1876 5660 patri,

374 5703 391 5733 ⁸
427 5704 728 5762 Heraclides
750 5709 865 5763 hinc
887 5707 953 5762 de
976 5706 1164 5764 Marco.

1991 4604 2144 4657 batur
2168 4618 2357 4657 munus
2380 4604 2601 4674 hyaente.
2627 4604 2760 4672 Quid
2784 4620 2912 4661 vero
2936 4607 3127 4661 ntirum
3155 4616 3236 4661 est
3262 4608 3399 4674 apud
3423 4609 3565 4660 viros

1988 4696 2187 4749 mundo
2218 4693 2520 4759 cruciﬁxos,
2553 4694 2597 4747 si
2632 4694 2815 4765 hyzena
2851 4695 3108 4750 beneﬁcio
3137 4697 3348 4758 affecta,
3377 4697 3443 4751 ad
3474 4697 3564 4750 Dei

1987 4782 2231 4853 gloriam,
2272 4792 2325 4836 et
2365 4782 2625 4838 honorem
2664 4798 2939 4839 servorum
2979 4787 3117 4855 ejus,
3148 4786 3199 4838 iii
3238 4788 3471 4841 sentiens
3500 4787 3566 4840 ad

1989 4887 2108 4927 eum
2132 4886 2351 4926 munera
2377 4873 2654 4927 attulerit?
2690 4888 2810 4928 nam
2842 4876 2929 4944 qui
2983 4876 3034 4931 in
3070 4877 3282 4931 Daniele
3309 4879 3567 4946 propheta

1990 4960 2341 5016 mansuefecit
2371 4962 2576 5026 leones,
2612 4962 2730 5017 huic
2757 4979 2968 5033 quoque
2999 4965 3201 5035 hyaenae
3233 4965 3451 5034 largitus
3485 4974 3565 5021 cst

1988 5054 2407 5123 intelligentiam.

2063 5150 2138 5203 De
2167 5164 2230 5203 eo
2261 5156 2438 5203 autem
2482 5150 2680 5203 dictum
2712 5161 2794 5204 est
2814 5150 2952 5220 quod
2984 5168 3046 5206 ex
3074 5169 3178 5222 quo
3214 5154 3309 5208 fuit
3331 5154 3567 5223 baptiza-

1986 5251 2092 5304 tus,
2119 5241 2265 5295 humi
2296 5255 2399 5294 non
2428 5240 2652 5308 spuerit,
2687 5256 2804 5294 cum
2836 5252 3015 5297 essent
3042 5246 3312 5314 sexaginta
3343 5244 3469 5300 anni
3498 5250 3565 5300 ex

1986 5348 2091 5403 quo
2119 5332 2289 5387 fuerat
2318 5332 2634 5402 baptizatus.
2669 5334 2849 5387 Annos
2873 5334 3013 5388 enim
3042 5345 3196 5390 natus
3218 5335 3562 5407 quadraginta

1986 5424 2306 5491 baptismum
2344 5435 2671 5491 susceperat.

2055 5512 2250 5566 Forma
2290 5522 2469 5568 autem
2518 5516 2632 5580 ejus
2660 5524 2774 5567 erat
2811 5515 3109 5585 bujusntodi
3140 5534 3150 5568 :
3182 5527 3392 5585 oportet
3418 5501 3574 5573 enim

1986 5616 2070 5656 me
2100 5617 2306 5671 quoque
2337 5603 2428 5658 tibi
2460 5602 2560 5659 hoc
2600 5602 2921 5674 signiﬁcare.
2952 5598 3149 5663 Christi
3181 5623 3355 5677 serve,
3389 5618 3445 5664 ut
3473 5610 3563 5679 qui
