4060 6510
558 306 690 359 ιτοδ

2026 291 2341 357 PALLADII

3684 294 3819 353 1061

573 428 672 479 hoc
700 425 860 478 sciam
892 423 1111 490 optime,
1139 437 1257 477 cum
1298 439 1412 477 mea
1444 425 1670 492 parvitas
1708 415 1754 479 ei
1794 425 1950 479 fuerit
1990 436 2123 478 teiu-
2154 428 2203 483 Α
2229 436 2314 483 sto
2399 432 2454 480 et
2530 425 2773 480 vindictae
2819 426 3010 494 cupido
3044 412 3221 483 animo
3259 425 3371 484 erat
3406 430 3459 484 in
3502 440 3797 500 pastorem,

567 528 695 581 pore
719 512 958 579 aequalis.
996 512 1119 565 Erat
1145 524 1319 567 autem
1342 512 1455 582 ejus
1478 511 1647 567 forma
1676 516 1803 570 satis
1832 520 2033 569 minuta
2063 533 2123 572 ac

569 600 746 657 mutila
779 611 831 653 et
874 617 1013 665 rara,
1041 604 1173 667 pilos
1214 604 1381 655 solum
1425 604 1622 657 habens
1652 605 1702 657 in
1743 605 1909 659 labro.
1959 608 2123 674 Quin-

568 692 727 745 etiam
772 692 820 743 in
863 704 1107 757 suprema
1148 704 1296 759 parte
1336 693 1559 748 habebat
1589 709 1804 763 paucos.
1844 697 1973 752 Nam
2008 715 2125 762 pro-

570 790 690 851 pter
727 782 964 849 ingentes
996 780 1202 833 labores
1249 782 1659 850 exercitationis,
1693 799 1760 837 ne
1789 785 1880 854 pili
1911 787 2124 855 quidem

572 870 736 925 menti
766 871 943 923 barba:
972 870 1017 923 ei
1047 868 1184 923 enati
1215 878 1354 922 sunt.

645 961 722 1017 Ad
750 962 885 1015 hunc
924 970 1159 1014 sanctum
1193 960 1473 1014 Macarium
1514 974 1631 1016 cum
1671 963 1894 1032 quodam
1933 966 2021 1020 die
2043 981 2130 1019 ve-

569 1053 791 1117 nissem,
824 1063 876 1105 et
903 1067 1074 1106 essem
1098 1053 1273 1106 animo
1294 1052 1446 1108 valde
1466 1056 1674 1123 anxius,
1698 1056 1816 1112 dico
1838 1058 1908 1112 illi
1942 1076 1954 1112 :
1982 1058 2129 1111 Abba

572 1139 793 1205 Macari,
824 1140 944 1207 quill
975 1141 1185 1204 faciam,
1214 1144 1456 1209 quoniam
1487 1158 1570 1198 me
1596 1145 1833 1214 afﬂigunt
1857 1147 2130 1216 cogitatio-

582 1241 698 1289 nes,
742 1227 869 1280 mihi
923 1229 1202 1283 dicentes:
1245 1229 1381 1283 Nihil
1431 1232 1577 1297 iacis,
1610 1234 1797 1288 recede
1839 1235 1980 1289 hinc.
2026 1236 2130 1291 Re-

570 1320 793 1387 spondet
821 1320 946 1373 mihi
978 1320 1162 1375 dicens
1189 1332 1402 1375 sanctus
1432 1322 1588 1375 Pater
1617 1323 1875 1379 Macarius
1907 1343 1921 1381 :
1951 1326 2047 1380 Dic
2076 1336 2131 1381 tu

570 1411 673 1465 tuis
717 1412 1126 1481 cogitationibus
1158 1429 1169 1464 :
1203 1412 1425 1482 Pr0pter
1452 1413 1717 1468 Christum
1759 1416 1999 1470 custodio
2040 1432 2132 1485 pa-

569 1502 751 1556 rietes.

641 1593 784 1655 llzec,
829 1606 861 1643 o
890 1591 1122 1645 studiose
1157 1600 1210 1646 et
1257 1592 1616 1647 amantissime
1639 1593 1829 1649 Christi
1863 1609 2035 1658 serve,
2068 1612 2133 1651 ex

571 1680 750 1735 multis
802 1691 855 1735 et
893 1683 1095 1748 magnis
1145 1682 1307 1749 signis
1344 1691 1397 1735 et
1432 1684 1810 1741 certaminibus
1860 1684 2039 1756 inclyti
2079 1696 2132 1741 et

571 1768 762 1823 virtute
790 1770 992 1836 prmditi
1016 1770 1223 1823 Macarii
1254 1770 1566 1838 significavi.

646 1859 741 1912 llic
771 1857 1026 1914 Macarius
1056 1859 1209 1914 nobis
1240 1861 1471 1914 narravit
1498 1861 1631 1931 (erat
1661 1863 1800 1918 enim
1832 1866 2127 1937 presbyter)

571 1966 630 2008 se
656 1954 972 2009 observasse
1016 1964 1251 2024 tempore
1296 1959 1682 2012 communionis
1712 1958 1906 2012 Christi
1957 1973 2132 2011 sacra-

568 2053 899 2110 mentorum,
929 2060 987 2101 se
1017 2047 1193 2101 Marco
1241 2050 1575 2104 exercitatori
1622 2064 1883 2119 nunquam
1914 2049 2132 2105 dedisse

572 2133 918 2200 oblationem,
944 2136 1039 2190 sed
1080 2137 1128 2191 ei
1159 2139 1402 2207 angelum
1446 2139 1655 2194 dedisse
1700 2156 1763 2195 ex
1806 2156 1930 2205 ara;
1962 2142 2131 2195 solum

572 2234 750 2281 autem
792 2240 848 2281 se
876 2226 1071 2283 vidisse
1096 2227 1314 2297 digitum
1345 2245 1531 2285 manus
1555 2230 1669 2300 ejus
1698 2230 1786 2300 qui
1811 2230 1986 2285 dabat.

1160 2337 1382 2394 CAPUT
1420 2340 1559 2394 XXI.

1008 2450 1124 2505 Vita
1162 2452 1355 2509 abbatis
1383 2454 1547 2509 Marci
1571 2454 1703 2526 (5’3).

641 2562 769 2617 Cum
815 2572 956 2618 esset
987 2572 1161 2617 autem
1194 2564 1280 2619 hic
1305 2566 1507 2620 Marcus
1547 2566 1746 2634 iunior,
1778 2567 1992 2622 dicebat
2022 2582 2133 2621 me-

571 2651 791 2706 moriter
814 2651 974 2706 Vetus
1001 2661 1053 2706 et
1078 2640 1280 2707 Novum
1310 2654 1729 2722 Testamentum,
1759 2668 1974 2722 eratque
2003 2657 2132 2711 insi-

570 2743 743 2811 gniter
767 2741 932 2808 mitis,
962 2752 1017 2797 et
1048 2757 1255 2799 summe
1279 2756 1593 2815 temperans.
1625 2750 1861 2816 Quodam
1891 2765 2019 2819 ergo
2047 2750 2135 2804 die

569 2843 690 2884 cum
716 2833 844 2886 satis
866 2832 957 2887 otii
990 2832 1238 2889 haberem
1270 2838 1320 2889 in
1353 2838 1483 2891 cella
1514 2853 1654 2905 mea,
1686 2839 1737 2892 in
1768 2847 2002 2894 extrema
2026 2841 2133 2908 jam

468 2948 473 2955 ’
569 2917 687 2991 eius
731 2931 1002 2977 senectute
1044 2924 1111 2977 ad
1159 2940 1278 2979 eum
1327 2928 1504 2994 venio,
1551 2936 1604 2982 et
1649 2929 1786 2983 ostio
1833 2931 1949 2997 ejus
1988 2930 2135 2984 cella:

571 3012 802 3071 assideo.
844 3013 1010 3081 Quem
1040 3029 1159 3083 ego,
1208 3023 1388 3084 utpote
1434 3018 1525 3087 qui
1556 3034 1727 3073 essem
1769 3019 1941 3073 adhuc
1970 3021 2133 3085 rudis,

570 3100 934 3156 existimabam
964 3118 1082 3157 esse
1110 3119 1266 3173 supra
1294 3106 1581 3173 hominem,
1612 3109 1748 3161 sicut
1790 3120 1932 3174 erat;
1964 3118 2016 3164 et
2041 3126 2133 3164 au-

569 3191 860 3247 scultabam
892 3194 1139 3263 quidnam
1170 3197 1371 3249 diceret
1397 3196 1477 3250 vel
1504 3193 1722 3251 faceret.
1769 3198 1817 3251 is
1846 3210 2022 3254 autem
2055 3202 2134 3255 iu-

570 3289 654 3336 tus
698 3283 862 3349 solus,
909 3300 1028 3338 cum
1071 3286 1178 3354 iam
1227 3297 1438 3342 centum
1477 3302 1643 3342 annos
1694 3292 2052 3361 trausegissct,
2084 3305 2138 3351 et

570 3372 759 3429 dentes
805 3377 1089 3445 amisisset,
1122 3394 1300 3434 secum
1344 3382 1608 3451 pugnabat
1657 3391 1712 3437 et
1758 3398 1875 3439 cum
1903 3386 2133 3454 diabolo,

572 3476 625 3520 et
647 3465 856 3520 dicebat
881 3485 893 3519 :
920 3469 1054 3534 Quid
1084 3471 1168 3523 vis
1196 3471 1464 3539 deinceps,
1496 3473 1761 3549 κακόγηρε,
1798 3476 1845 3530 id
1874 3485 1976 3541 est,
2002 3479 2138 3533 male

570 3558 767 3613 senex?
788 3559 922 3613 Ecce
949 3562 1055 3628 iam
1084 3572 1136 3616 et
1165 3563 1349 3617 vinum
1378 3565 1578 3631 bibisti,
1617 3578 1669 3621 et
1699 3569 1869 3623 oleum
1902 3570 2137 3637 tetigisti.

568 3648 703 3716 Quid
728 3650 805 3704 vis
830 3651 1079 3721 deinceps
1103 3655 1390 3730 πολιόφαγε,
1423 3658 1473 3711 id
1505 3667 1605 3726 est,
1636 3675 1796 3714 vorax
1846 3662 1896 3716 in
1922 3664 2133 3730 Canitie,

568 3749 622 3794 et
648 3741 966 3809 κοιλιὸδουλε,
1001 3745 1049 3797 id
1079 3754 1182 3811 est,
1214 3748 1383 3801 ventri
1417 3750 1671 3817 serviens,
1706 3753 1899 3820 probro
1929 3764 1982 3807 et
2010 3769 2138 3808 con-

569 3833 780 3887 tumelia
806 3844 854 3887 te
881 3836 1050 3904 ipsum
1073 3838 1345 3893 afficiens?
1370 3840 1435 3895 Et
1456 3841 1669 3896 diabolo
1690 3845 1902 3899 dicens:
1929 3846 2138 3901 Recede

569 3937 597 3976 a
631 3938 738 3988 me,
763 3924 990 3993 diabole,
1014 3930 1339 3985 consenuisti
1370 3946 1577 3986 mecum
1608 3933 1661 3986 in
1690 3934 2134 4006 dissensionibus,

569 4014 798 4084 iniecisti
830 4018 954 4071 mihi
987 4019 1399 4076 imbecillitatem
1434 4024 1695 4093 corporis,
1739 4024 1906 4080 fecisti
1938 4042 2022 4082 me
2053 4028 2137 4083 bi-

569 4100 697 4161 bere
726 4108 902 4162 vinum
925 4151 938 4173 ,
971 4118 1024 4165 et
1062 4125 1272 4167 sumere
1312 4113 1506 4182 oleum,
1535 4129 1622 4169 me
1648 4114 1874 4170 reddens
1903 4117 2140 4186 volupta-

566 4195 725 4251 rium.
768 4199 1025 4256 Adhucne
1064 4203 1157 4256 tibi
1200 4204 1397 4273 aliquid
1434 4205 1639 4259 debeo?
1685 4206 1838 4281 Apud
1878 4221 1964 4262 me
2010 4207 2140 4263 nihil

571 4287 775 4343 invenis
813 4292 955 4359 quod
986 4292 1116 4347 velis
1156 4294 1404 4362 diripere.
1455 4295 1663 4350 Recede
1691 4311 1719 4349 a
1756 4312 1838 4351 me
1866 4296 2138 4365 deinceps,

568 4381 781 4436 inimice
809 4382 1104 4439 hominum.
1128 4386 1205 4440 Ac
1230 4387 1389 4441 veluti
1419 4401 1477 4441 se
1499 4402 1793 4456 provocans
1821 4397 1876 4443 et
1904 4389 2135 4453 irritans,

570 4486 748 4525 secum
794 4472 1128 4545 loquebatur,
1173 4477 1397 4531 dicendo
1425 4491 1438 4530 :
1466 4478 1602 4533 Abes

570 4562 624 4615 in
664 4563 857 4618 canitie
889 4575 1125 4633 vorator,
1158 4576 1210 4623 et
1252 4568 1426 4622 helluo
1470 4570 1523 4622 in
1552 4579 1842 4625 senectute.
1895 4571 2135 4636 Quandiu

573 4669 663 4708 ero
694 4657 902 4710 tecum?

1140 4726 1361 4783 CAPUT
1405 4729 1565 4784 XXII.

669 4838 786 4893 Vita
815 4840 1008 4895 abbatis
1031 4839 1226 4911 Moysis
1260 4842 1396 4914 (54),
1425 4844 1513 4913 qui
1538 4844 1636 4914 fuit
1666 4860 1727 4896 ea:
1749 4842 2053 4897 latronibus.

644 4949 765 5004 Fuit
794 4951 1006 5021 quidam
1038 4951 1245 5022 Moyses
1276 4954 1510 5016 nomine,
1533 4951 1777 5021 [Ethiops
1806 4966 2021 5021 genere,
2053 4952 2137 5005 ni-

573 5053 885 5111 ger,servus
901 5040 1173 5111 cujusdam
1200 5044 1288 5111 qui
1315 5044 1531 5112 gerebat
1547 5044 1955 5111 rempublicam;
1983 5057 2138 5111 quem

576 5141 790 5201 propter
836 5147 1041 5186 morum
1090 5133 1479 5202 improbitatem
1525 5142 1579 5189 et
1626 5134 1890 5188 latrocinii
1937 5135 2139 5187 crimen

578 5223 805 5293 proiecit
831 5223 947 5292 ejus
995 5224 1258 5278 dominus.
1312 5224 1593 5279 Dicebatur
1620 5226 1759 5280 enim
1788 5224 1945 5279 etiam
1977 5238 2143 5293 usque

538 5368 541 5371 λ
580 5312 645 5367 ad
693 5313 868 5367 caedes
918 5314 1196 5383 progredi;
1247 5329 1412 5384 cogor
1456 5316 1595 5370 enim
1623 5314 1803 5369 dicere
1846 5312 1982 5368 facta
2027 5314 2141 5383 eius

580 5406 953 5472 improbitatis,
984 5418 1039 5460 ut
1069 5419 1245 5474 postea
1288 5409 1563 5462 ostendam
1596 5410 1842 5461 virtutem
1879 5408 1993 5476 ejus
2032 5423 2141 5476 pm-

580 5496 834 5553 nitentiaa.
879 5499 1168 5553 Narrarunt
1209 5516 1335 5569 ergo
1380 5500 1540 5569 aliqui
1587 5516 1705 5553 eum
1754 5500 1914 5555 fuisse
1960 5500 2149 5569 praefe-

579 5594 721 5639 ctum
765 5602 969 5656 magna:
1007 5601 1229 5643 caterva:
1269 5591 1550 5644 latronum.
1590 5589 1750 5657 Cujus
1791 5591 1927 5644 inter
1956 5601 2149 5645 caetera

576 5676 919 5733 latrocinandi
950 5694 1106 5748 opera
1155 5682 1252 5735 hoc
1301 5696 1509 5749 quoque
1556 5682 1740 5738 fertur.
1791 5683 1927 5749 quod
2008 5677 2147 5734 infe-

2231 518 2322 585 qui
2349 517 2415 569 ad
2443 531 2552 571 rem
2581 516 2809 585 aliquam
2840 517 3146 585 patrandam
3174 520 3319 573 eunti
3348 520 3449 575 sibi
3478 521 3649 577 fuerat
3678 538 3798 578 eum

2226 606 2444 661 canibus
2474 606 2583 659 suis
2615 607 3015 673 impedimento.
3066 607 3232 673 Quem
3277 624 3396 664 cum
3442 613 3602 667 vellet
3650 617 3799 667 occi-

2227 697 2376 759 dere,
2406 696 2585 751 obibat
2628 699 2801 751 locum
2843 697 2895 751 in
2921 712 3025 767 quo
3062 700 3177 765 ejus
3206 714 3336 754 oves
3375 700 3645 755 habebant
3692 712 3800 756 sta.

2228 787 2446 851 tionem,
2490 785 2539 839 ei
2580 791 2754 838 autem
2800 785 3152 857 significatum
3177 796 3261 842 est
3299 790 3469 856 ipsum
3504 805 3627 845 esse
3660 802 3801 846 trans

2228 875 2422 928 Nilum.
2457 875 2521 927 Et
2557 889 2683 929 cum
2704 876 3012 930 ﬂuvius'ilio
3056 886 3293 944 tempore
3320 880 3625 947 inundaret,
3658 890 3717 935 et
3739 884 3803 936 ad

2230 963 2374 1017 mille
2403 978 2586 1032 passus
2618 974 2820 1032 pateret
2846 966 3140 1028 latitudine,
3171 983 3353 1023 ensem
3385 980 3572 1026 tenens
3600 974 3802 1026 mordi-

2228 1070 2346 1124 cus,
2370 1066 2423 1110 et
2452 1058 2682 1113 tunicam
2712 1074 2814 1127 qua
2850 1069 2963 1112 erat
3006 1060 3217 1114 indutus
3262 1061 3541 1131 imponens
3578 1080 3681 1118 suo
3710 1078 3800 1117 ca-

2229 1146 2348 1214 piti,
2383 1146 2611 1201 natando
2671 1149 2749 1204 sic
2802 1151 3093 1203 transmisit
3136 1150 3374 1206 fluvium.
3444 1154 3579 1208 Dum
3624 1166 3805 1211 autem

2231 1243 2607 1302 transnataret,
2625 1239 2794 1305 potuit
2820 1248 2998 1305 pastor
3019 1256 3077 1293 se
3098 1242 3421 1298 abscondere
3437 1245 3636 1300 alicubi
3660 1245 3804 1300 info-

2230 1325 2399 1379 diens.
2425 1325 2557 1379 Cum
2579 1340 2705 1396 ergo
2730 1327 2897 1398 Moysi
2926 1337 3159 1397 emptum
3186 1344 3290 1384 non
3307 1334 3685 1399 successisset,
3714 1350 3809 1392 oc—

2231 1414 2355 1467 cisis
2399 1423 2624 1483 quatuor
2664 1416 2886 1485 egregiis
2934 1419 3208 1486 arietibus,
3256 1432 3309 1477 et
3358 1423 3482 1478 fune
3519 1427 3805 1495 colligatis,

2234 1506 2407 1561 Nilum
2442 1526 2627 1564 rursus
2658 1512 2924 1577 tranavit;
2956 1524 3008 1570 et
3044 1530 3163 1571 cum
3192 1520 3242 1571 in
3270 1534 3485 1588 parvam
3518 1521 3805 1588 quamdam

2235 1598 2411 1652 villam
2437 1602 2689 1666 venisset,
2717 1605 3006 1659 excoriavit
3032 1608 3255 1672 arietes;
3282 1620 3477 1664 etcum
3504 1625 3628 1679 qua:
3656 1620 3809 1667 erant

2233 1686 2408 1743 carnis
2437 1690 2633 1758 optima
2675 1693 3017 1759 comedisset,
3053 1704 3107 1750 ct
3135 1697 3301 1765 pelles
3342 1713 3437 1767 pro
3473 1700 3599 1753 vino
3628 1702 3810 1754 vendi-

2167 1773 2422 1845 Bdisset,
2472 1792 2591 1833 cum
2641 1782 2830 1836 saltem
2875 1783 3177 1841 ltaJicorum
3242 1788 3457 1844 circiter
3509 1791 3809 1846 octodecim

2237 1870 2351 1942 (55)
2402 1871 2674 1937 ebibisset,
2722 1874 2863 1928 illinc
2911 1878 2974 1929 ad
3022 1881 3397 1950 quinquaginta
3428 1881 3682 1938 milliaria
3729 1891 3811 1939 est

2236 1963 2520 2031 profectus,
2550 1962 2636 2016 ubi
2664 1963 2887 2018 habebat
2912 1968 3214 2037 collegium.

2305 2054 2399 2107 ilic
2440 2057 2681 2123 princeps
2727 2056 2987 2111 latronum
3035 2075 3153 2115 sero
3207 2064 3417 2118 tandem
3461 2080 3590 2119 casu
3633 2066 3811 2133 aliquo

2234 2144 2319 2212 qui
2358 2145 2405 2197 ei
2436 2144 2700 2200 acciderat
2743 2160 3087 2216 compunctus
3117 2192 3131 2215 ,
3157 2153 3369 2207 tradidit
3413 2156 3657 2223 seipsum
3686 2171 3801 2208 mo-

2234 2238 2491 2301 nasterio;
2524 2246 2575 2290 et
2602 2238 2666 2291 ad
2699 2246 2896 2292 tantam
2930 2244 3191 2309 processit
3220 2247 3607 2313 paenitentiam,
3639 2262 3814 2313 quan-

2236 2336 2340 2381 tam
2371 2342 2455 2381 rcs
2483 2328 2609 2396 ipsa:
2635 2328 2956 2386 iudicarunt.
2987 2331 3129 2386 inter
3156 2343 3350 2390 etetera
3379 2343 3559 2390 autem
3588 2337 3806 2403 dicitur,

2233 2416 2372 2485 quod
2401 2433 2521 2471 cum
2552 2429 2774 2488 quatuor
2799 2421 3028 2477 latrones
3067 2424 3117 2476 in
3141 2439 3262 2479 eum
3290 2426 3343 2480 in
3369 2428 3500 2482 cella
3533 2428 3812 2483 sedentem

2234 2506 2516 2562 irruissent
2545 2549 2560 2573 ,
2633 2510 2939 2576 ignorantes
2989 2527 3108 2568 eum
3148 2530 3264 2572 esse
3302 2517 3539 2589 Moysem
3566 2558 3583 2583 ,
3624 2518 3813 2574 beatus

2237 2597 2444 2667 Moyses
2468 2613 2559 2652 eos
2582 2607 2829 2669 tanquam
2856 2617 3066 2657 saccum
3090 2605 3256 2674 paleae
3276 2607 3546 2675 ligatos,et
3573 2608 3814 2665 hauseris

2235 2687 2504 2756 imposuit,
2547 2701 2599 2743 et
2644 2691 2707 2743 ad
2734 2691 2953 2746 fratrum
2983 2697 3207 2763 portavit
3236 2701 3539 2767 ecclesiam,
3572 2700 3759 2756 dicens
3779 2719 3796 2753 :

2236 2777 2493 2841 Quoniam
2537 2794 2640 2833 non
2682 2780 2806 2835 licet
2845 2782 2970 2836 mihi
3008 2784 3161 2841 alicui
3197 2788 3376 2843 facere
3417 2790 3696 2856 iniuriam,
3725 2793 3810 2845 iu-

2237 2870 2354 2922 veni
2400 2878 2577 2923 autem
2617 2884 2709 2924 eos
2749 2886 2834 2927 me
2882 2887 3193 2944 aggressos,
3232 2879 3359 2945 quid
3400 2878 3468 2932 de
3509 2880 3575 2933 iis
3615 2880 3815 2947 iubetis

2239 2959 2388 3012 fieri?
2422 2959 2531 3014 Hoc
2558 2961 2714 3017 modo
2739 2973 2915 3020 autem
2939 2968 3308 3036 comprehensi
3339 2985 3365 3023 a
3395 2979 3585 3025 sancto
3606 2972 3814 3042 Moyse,

2242 3051 2352 3105 Deo
2395 3053 2624 3109 confessi
2670 3056 2816 3110 sunt.
2872 3055 3085 3111 Etcum
3134 3062 3508 3129 cognovissent
3542 3079 3669 3119 eum
3698 3080 3816 3119 esse

2164 3146 2207 3207 C
2242 3141 2473 3212 Moysem
2513 3146 2601 3212 qui
2640 3142 2741 3199 fuit
2782 3147 3066 3216 aliquando
3107 3149 3322 3219 insignis
3360 3152 3611 3221 princeps
3655 3154 3817 3208 latro-

2240 3247 2387 3297 num,
2414 3232 2682 3288 Christum
2714 3251 2779 3290 eo
2822 3238 3035 3292 nomine
3082 3240 3459 3309 glorificantes,
3496 3243 3575 3297 illi
3602 3260 3816 3315 quoque

2242 3326 2437 3376 mundo
2476 3325 2848 3381 renuntiarunt
2896 3337 3110 3396 propter
3157 3330 3273 3399 eius
3318 3333 3720 3400 paenitentiam,
3766 3346 3816 3389 et

2241 3425 2525 3469 evaserunt
2568 3419 2815 3471 monachi
2862 3420 3248 3487 probatissimi,
3279 3424 3355 3479 sic
3398 3426 3735 3493 cogitantes:
3763 3429 3817 3483 Si

2242 3506 2327 3561 hic
2357 3509 2443 3574 qui
2494 3518 2693 3562 tantum
2734 3511 2942 3566 valebat
2980 3512 3181 3567 viribus
3227 3514 3502 3571 latrocinia
3547 3520 3705 3587 parvi
3746 3521 3818 3572 ia-

2239 3597 2406 3664 ciens,
2433 3598 2508 3652 sic
2530 3598 2693 3653 Deum
2727 3602 2908 3666 timet;
2946 3605 3067 3673 quid
3097 3619 3195 3659 nos
3237 3606 3413 3663 adhuc
3458 3618 3701 3664 nostram
3728 3626 3816 3666 sa-

2242 3690 2405 3744 lutem
2437 3691 2761 3747 differimus?

2312 3780 2526 3835 Beatum
2558 3795 2733 3837 autem
2766 3785 2999 3854 Moysem
3031 3786 3135 3859 (sic
3163 3786 3303 3843 enim
3332 3798 3548 3857 oportet
3574 3806 3700 3845 eum
3728 3806 3818 3846 ro-

2244 3869 2389 3941 care)
2422 3872 2670 3941 deinceps
2697 3875 2867 3928 adorti
2899 3887 3019 3929 sunt
3048 3876 3336 3942 daemones,
3360 3881 3428 3934 ad
3459 3880 3818 3938 fornicatoria

2241 3960 2668 4029 intemperantia:
2698 3963 3029 4032 impellentcs
3069 3982 3188 4022 eum
3217 3972 3702 4036 consuetudinem;
3732 3976 3817 4038 qui

2241 4067 2406 4122 usque
2433 4054 2566 4109 adeo
2595 4056 2661 4110 ab
2691 4058 2817 4125 ipsis
2847 4059 2943 4111 fuit
2974 4068 3220 4127 tentatus,
3247 4063 3383 4116 sicut
3411 4063 3527 4132 ipse
3556 4072 3813 4131 narravit,

2239 4152 2297 4197 ut
2322 4159 2505 4212 parum
2533 4145 2759 4200 abfuerit
2791 4148 2916 4217 quin
2947 4163 3065 4203 eum
3097 4151 3161 4205 ab
3192 4152 3436 4207 instituto
3461 4152 3814 4209 dimoverent.

2241 4234 2373 4288 Cum
2407 4243 2583 4289 autem
2636 4238 2943 4293 accessisset
2991 4240 3055 4294 ad
3105 4256 3351 4312 magnum
3402 4245 3689 4311 lsidorum,
3731 4249 3817 4316 qui

2241 4326 2458 4380 sedebat
2493 4328 2544 4380 in
2571 4328 2744 4393 Scete,
2775 4330 2929 4383 tertio
2962 4331 3025 4384 ad
3056 4348 3174 4386 eum
3216 4335 3393 4388 retulit
3435 4335 3503 4391 de
3535 4336 3683 4391 bello
3719 4338 3819 4391 ior-

2246 4418 2544 4473 nicationis.
2592 4418 2688 4473 Cui
2744 4422 3015 4488 respondit
3058 4435 3311 4479 sanctus:
3342 4427 3419 4481 Ne
3457 4430 3818 4495 contnrberis,

1609 4480 1757 4542 dum,
1808 4494 1840 4532 o
1887 4488 2133 4548 nugator,

2240 4522 2271 4559 ο
2303 4507 2497 4574 frater;
2541 4519 2662 4562 sunt
2690 4510 2968 4578 principia,
2996 4521 3048 4566 et
3091 4514 3211 4568 ideo
3253 4524 3304 4569 te
3328 4517 3702 4573 vehementius
3732 4520 3812 4573 in-

2244 4607 2516 4665 vaserunt,
2551 4598 2774 4666 priorem
2808 4603 3134 4667 requirentes
3177 4607 3647 4662 consuetudinem.
3676 4608 3817 4663 Sient

2248 4689 2388 4743 enim
2412 4691 2558 4744 canis
2585 4704 2702 4744 cum
2726 4696 3026 4747 assueverit
3054 4694 3109 4748 in
3136 4698 3357 4751 macello
3384 4714 3579 4764 pernas
3607 4701 3817 4763 rodere,

2246 4794 2351 4833 non
2394 4779 2597 4834 recedit
2640 4795 2669 4833 a
2710 4783 3123 4849 civnsuetudiue;
3166 4787 3257 4839 sed
3301 4787 3343 4839 si
3371 4784 3540 4841 fuerit
3582 4791 3817 4844 clausum

2246 4866 2546 4933 macellum,
2595 4876 2647 4921 et
2698 4883 2854 4923 nemo
2897 4871 2945 4925 ei
2987 4870 3208 4937 dederit,
3255 4872 3397 4928 fame
3443 4889 3671 4932 enectus
3716 4894 3814 4932 non

2249 4957 2474 5026 amplius
2516 4959 2750 5025 accedit;
2799 4962 2876 5015 sic
2922 4971 2974 5015 tu
3016 4978 3244 5031 quoque,
3294 4967 3337 5019 si
3362 4971 3728 5032 permanseris
3768 4973 3815 5024 in

2251 5059 2358 5104 tute
2402 5053 2743 5107 continentiae
2788 5057 3185 5121 exercitatione,
3220 5059 3549 5115 mortificans
3579 5065 3812 5117 membra

2255 5150 2339 5194 tua
2387 5157 2505 5210 quae
2554 5152 2678 5197 sunt
2724 5159 2881 5213 supra
2914 5155 3107 5200 terram
3155 5147 3373 5217 (Coloss.
3402 5152 3509 5220 ut),
3554 5163 3605 5207 et
3643 5156 3814 5208 exclu-

2252 5230 2388 5285 dens
2428 5231 2495 5286 ab
2532 5232 2772 5301 ingressu
2814 5235 3094 5304 ingluviem
3134 5255 3250 5306 qum
3290 5242 3421 5305 parit
3463 5242 3813 5310 intemperan-

2251 5323 2401 5386 tiam,
2429 5338 2570 5392 aegre
2601 5324 2774 5379 ferens
2806 5327 3037 5392 dzemon,
3068 5338 3123 5382 ut
3150 5330 3239 5397 qui
3282 5331 3434 5384 cibos
3485 5348 3591 5387 non
3626 5334 3812 5387 haheat

2252 5413 2338 5481 qui
2385 5415 2696 5479 accendant,
2739 5425 2849 5470 ate
2879 5419 3113 5472 recedet.
3158 5418 3290 5472 Cum
3334 5436 3465 5489 ergo
3509 5429 3812 5477 secessisset

2252 5504 2449 5557 Christi
2479 5519 2664 5559 servus
2709 5506 2933 5578 Moyses,
2965 5518 3019 5561 et
3048 5509 3114 5563 ab
3162 5510 3246 5563 illa
3281 5515 3411 5563 hora
3459 5514 3697 5583 seipsum
3738 5514 3811 5566 ia-

2254 5593 2503 5650 clusisset
2553 5595 2604 5648 in
2636 5596 2789 5661 cella,
2840 5599 3067 5653 maxima
3116 5600 3164 5653 in
3196 5600 3447 5654 omnibus
3475 5604 3810 5658 exercebatur

2259 5685 2554 5752 tolerantia,
2601 5689 2828 5742 maxime
2872 5701 3045 5744 autem
3094 5691 3146 5744 in
3210 5691 3532 5746 absunentia
3579 5707 3607 5745 a
3650 5692 3814 5753 cibis:
