4096 6538
315 370 459 439 Ῑθϐὂ

1549 355 1915 421 HISTORIA
1952 353 2339 416 LAUSIACA.

3445 348 3582 414 1066

313 487 438 549 lto;
464 485 604 556 ἔχων
624 483 718 552 ἀφ’
736 476 799 538 οὗ
828 477 1154 549 ἐϐαπτίσθη.
1181 471 1739 556 Τεσσαράκονταγγὰρ
1759 469 1896 523 ἐτῶν
1927 469 1972 526 Α
1999 464 2255 556 ἀπιόντα,
2293 460 2572 556 μετάςτῶν
2607 460 2705 531 τῆς
2732 460 2970 556 ποίμνης
3002 459 3258 556 κυνῶνιέν
3302 461 3457 556 νμκτί
3478 478 3492 495 ν
3520 462 3582 514 ὃν

314 553 640 640 ἐτύγχανεν,
695 567 786 620 ὅτε
843 561 1150 632 ἐϐαπτίσθη
1189 563 1217 614 0
1272 561 1494 630 γνήσιος
1525 555 1619 608 τοῦ
1653 553 1892 625 Χριστοῦ

314 651 529 716 δοῦλος,
564 651 662 706 καῖ¹
691 651 958 712 ἀθάνατος
997 646 1306 716 Μακάριος.

252 751 282 788 ε,
387 731 501 788 Ἦν
533 735 590 788 δὲ
643 734 706 788 τὸ
749 729 889 796 εἶδος
948 731 1218 802 ἀηττήτου
1264 726 1498 798 ἀθλητοῦ
1539 725 1633 780 τοῦ
1663 722 1901 795 Χριστοῦ

315 819 613 890 Μακαρίου
637 817 876 871 τοιοῦτον
905 818 1002 886 τῆς
1032 815 1264 886 ήλικίας.
1298 814 1390 865 Δεῖ
1423 827 1491 882 με
1521 809 1630 881 γάρ
1659 807 1904 876 καὶπερὶ

316 903 516 956 τούτου
574 900 819 973 σημᾶναι
857 918 964 964 σοι,
1013 900 1166 954 δοῦλε
1205 899 1302 952 τοῦ
1362 895 1624 968 Χριστοῦ,
1661 891 1904 964 ἀκριϐῶς

318 985 460 1055 ἐμοῦ
495 984 686 1038 τοῦτον
709 982 1088 1052 γινώσκοντος,
1109 982 1183 1046 ὡς
1208 981 1302 1037 άτε
1331 982 1425 1034 καὶ
1461 979 1575 1049 μετ’
1607 975 1773 1032 αὑτοῦ
1806 975 1904 1044 τὴν

319 1071 466 1141 ἐμὴν
492 1068 809 1139 βραχύτητα
840 1066 1292 1138 συγχρονίσασαν.
1312 1060 1420 1118 Ἦν
1439 1063 1532 1117 οῦν
1553 1061 1616 1116 τὸ
1649 1057 1784 1122 εἶδος
1807 1058 1906 1127 τῆς

320 1153 546 1223 ἡλικίας
575 1151 740 1204 αὑτοῦ
771 1150 1102 1204 ὑποκολοϐὸν
1122 1192 1138 1216 ,
1173 1149 1398 1212 σπανὸν,
1431 1148 1522 1200 ἐπὶ
1555 1145 1650 1199 τοῦ
1695 1142 1906 1214 χείλους

324 1235 492 1306 μόνον
521 1235 645 1304 έχον
675 1234 900 1305 τρίχας·
927 1233 1020 1286 καὶ
1057 1235 1136 1295 είς
1170 1232 1232 1285 τὸ
1255 1232 1424 1302 ἄκρον
1469 1230 1527 1284 δὲ
1573 1229 1668 1282 τοῦ
1692 1227 1905 1295 γενείου

320 1312 472 1388 εἶχεν
493 1316 703 1384 ὀλίγας.
740 1316 1044 1387 ’Υπερϐολῇ
1078 1315 1187 1386 γὰρ
1239 1315 1418 1368 πόνων
1462 1306 1750 1384 ἀσκήσεως
1787 1308 1908 1363 οὐδὲ

322 1403 385 1454 αί
418 1399 604 1470 τρίχες
635 1401 736 1468 τῆς
764 1399 1040 1468 γενειάδος
1075 1397 1237 1451 αὑτοῦ
1263 1397 1556 1466 ὲξέφυσαν.

395 1484 588 1554 Τούτῳ
611 1483 690 1553 τῷ
717 1484 857 1555 ἁγίῳ
901 1483 1012 1552 ἐγὼ
1041 1482 1345 1554 προσῆλθον
1391 1482 1491 1552 μιᾷ
1520 1479 1630 1533 τῶν
1661 1476 1907 1549 ἡμερῶν,

321 1571 504 1639 λέγων
532 1568 702 1640 αὐτῷ,
735 1569 794 1620 ὲν
821 1568 1020 1640 ἀκηδίᾳ
1047 1585 1146 1638 μου
1174 1567 1380 1638 σφόδρα
1400 1566 1676 1632 διάγοντος
1699 1580 1711 1592 ·
1743 1559 1912 1614 Ἀϐϐἄ

324 1653 606 1724 Μακάριε.
638 1650 690 1705 τί
721 1654 956 1722 ποιήσω,
979 1654 1060 1705 ὅτι
1091 1649 1336 1704 θλίϐουσι
1362 1666 1427 1716 με
1454 1650 1504 1702 οἱ
1537 1647 1790 1717 λογισμοὶ
1823 1644 1912 1696 λέ-

325 1737 519 1807 γοντές
565 1735 772 1805 μοι,δτι
795 1735 961 1789 Οὐδὲν
988 1737 1182 1796 ποιεῖς.
1209 1732 1411 1788 ἄπελθε
1440 1729 1689 1786 ἐντεῦθεν
1717 1747 1730 1793 ;
1756 1728 1912 1781 Ἀπο-

327 1821 579 1893 κρίνεταί
601 1837 689 1889 μοι
707 1820 918 1890 λέγωνὸ
934 1821 1084 1888 ἅγιος
1101 1819 1290 1888 Πατὴρ
1311 1817 1614 1886 Μακάριος·
1635 1813 1799 1867 Εἰπόν
1817 1828 1910 1863 σου
1941 1829 1988 1887 Β

327 1907 444 1967 τοῖς
475 1903 776 1974 λογισμοῖς,
797 1904 878 1956 ὅτι
895 1903 994 1955 Διά
1010 1903 1100 1955 τὸν
1122 1900 1354 1972 Χριστὸν
1371 1900 1493 1962 τοὺς
1508 1899 1714 1967 τοίχους
1733 1914 1796 1965 τη
1808 1895 1903 1966 ρῶ.

399 1985 590 2040 Ταῦτά
615 2003 718 2049 σοι,
769 1986 1079 2056 φιλόχριστε
1111 1986 1206 2038 καὶ
1232 1981 1534 2052 φιλομαθὴς
1568 1981 1720 2033 δοῦλε
1748 1977 1907 2042 Θεοῦ,

327 2073 396 2124 ὲκ
424 2069 636 2122 πολλῶν
660 2073 752 2122 καὶ
790 2071 1043 2136 μεγάλων
1071 2067 1313 2138 σημείων
1343 2065 1438 2118 κοιλ⁵
1470 2064 1645 2117 ἄθλων
1671 2061 1763 2115 τοῦ
1791 2063 1908 2114 ἀοι-

326 2152 491 2222 δίμου
526 2154 621 2205 καὶ
653 2153 910 2222 ἐναρέτου
940 2151 1130 2220 ἀνδρὸς
1160 2150 1450 2220 Μακαρίου
1475 2149 1743 2218 ὲσήμανα.

398 2235 578 2289 Τοῦτο
607 2236 668 2288 τὸ
691 2235 991 2304 παράδοξον
1012 2237 1040 2288 0
1074 2233 1375 2304 θαυμάσιος
1423 2228 1575 2297 οὗτος
1629 2233 1770 2302 ἀνὴρ
1796 2232 1914 2284 Μα-

330 2319 531 2389 κάριος
555 2320 684 2390 ἡμῖν
717 2318 1019 2389 διηγήσατο
1065 2313 1152 2388 (ἦν
1192 2319 1302 2388 γὰρ
1354 2319 1418 2386 τῇ
1451 2315 1756 2385 χειροτονίᾳ
1802 2313 1911 2366 τῶν

332 2403 652 2456 ἐπισκόπων
669 2401 1082 2472 πρεσϐύτερος),
1101 2401 1276 2469 λέγων
1292 2417 1305 2431 ’
1325 2401 1522 2468 Ἐπεση
1532 2400 1786 2468 μηνάμην
1803 2398 1914 2465 ὲγὼ

334 2486 480 2538 κατά
505 2486 598 2538 τὸν
627 2486 821 2554 καιρὸν
844 2485 941 2556 τῆς
968 2484 1256 2545 διαδόσεως
1283 2482 1391 2536 τῶν
1419 2482 1512 2535 τοῦ
1533 2481 1772 2552 Χριστοῦ
1815 2499 1914 2549 μυ-

335 2569 580 2638 στηρίων
609 2569 693 2622 ὅτι
731 2569 1005 2640 Μακαρίῳ
1054 2568 1130 2638 τῷ
1185 2569 1397 2638 ἀσκητῇ
1430 2566 1687 2619 οὐδέποτε
1739 2564 1915 2617 ἔδωκα

333 2651 451 2718 ἐγὼ
479 2653 821 2722 προσφοράν,
853 2652 966 2706 ἀλλ’
989 2651 1220 2720 ἄγγελος
1246 2651 1394 2720 αὑτῴ
1418 2648 1660 2702 ἐπεδίδου
1689 2648 1798 2701 ἀπὸ
1820 2646 1913 2699 τοῦ

337 2733 727 2806 θυσιαστηρίου
745 2734 1056 2805 λαμϐάνων.
1082 2733 1258 2787 Μόνον
1273 2733 1328 2785 δὲ
1350 2733 1440 2785 τὸν
1457 2728 1798 2802 ἀστράγαλον
1818 2731 1915 2799 τῆς

335 2819 522 2891 χειρὸς
550 2817 819 2890 ἐθεώρουν
837 2819 930 2872 τοῦ
951 2817 1275 2879 ἐπιδιδόντος
1301 2814 1476 2886 τούτῳ
1495 2817 1590 2885 τὴν
1608 2818 1913 2869 κοινωνίαν.

917 2903 1172 2956 ΚΕΦΛΛ.
1210 2903 1338 2953 KA'.

903 2987 1045 3057 Περὶ
1085 2987 1351 3054 Μάρκου.

405 3071 640 3144 Μάρκος
667 3072 724 3126 δὲ
743 3064 900 3134 οὗτος
929 3073 1192 3140 νεώτερος
1213 3071 1286 3122 ὢν
1314 3069 1556 3121 Παλαιὰν
1585 3068 1682 3121 καὶΙ
1711 3066 1918 3137 Καινὴν

334 3159 566 3230 Γραφὴν
596 3156 984 3226 ἀπεστηθισενο
1003 3155 1177 3225 πρᾶος
1199 3153 1274 3204 ὢν
1298 3151 1418 3204 καθ’
1453 3150 1781 3221 ὑπερϐολὴν,
1815 3150 1919 3203 σώ-

337 3259 496 3315 φρων
523 3242 570 3294 εἰ
604 3240 697 3292 καί
752 3257 833 3303 τις
862 3239 1037 3300 ἄλλος.
1071 3239 1188 3307 Μιᾷ
1226 3237 1334 3288 τῶν
1368 3235 1588 3306 ἡμερῶν
1632 3234 1920 3306 εὐκαιρού-

339 3342 507 3398 μενος
532 3323 643 3393 ἐγὼ
672 3326 751 3387 είς
775 3325 836 3377 τὸ
871 3323 1099 3394 ἔσχατον
1134 3321 1300 3375 αὑτοῦ
1329 3321 1505 3391 γῆρας
1542 3320 1727 3374 λοιπὸν
1749 3320 1922 3389 ἀπέρ-

335 3428 509 3485 χομαι
535 3409 673 3481 πρὸς
703 3410 886 3474 αὑτὸν,
914 3407 1009 3460 καὶ
1037 3406 1493 3478 παρακαθέζομαι
1543 3408 1608 3476 τῇ
1641 3405 1783 3476 θύρᾳ
1825 3407 1921 3474 τῆς

338 3496 541 3566 κέλλης
568 3493 759 3561 αὑτοῦ,
801 3494 876 3555 ώς
899 3493 996 3547 ac:
1023 3489 1134 3560 ἐγὼ
1187 3492 1217 3543 0
1248 3492 1512 3562 ἀρχάριος
1567 3489 1642 3543 ῶν
1688 3490 1922 3560 νομίζων

339 3581 508 3637 αὐτὸν
530 3581 672 3654 ὑπὲρ
688 3581 994 3650 ἄνθρωπον,
1022 3579 1209 3647 ὥσπερ
1232 3579 1328 3630 καί⁸
1353 3573 1437 3645 ἢν.
1467 3576 1576 3628 Καὶ
1601 3575 1919 3646 ἠκροώμην,

340 3667 398 3722 τί
430 3668 538 3740 ἄρα
558 3666 732 3730 λαλεῖ,
762 3666 795 3735 ἢ
825 3665 877 3718 τί
910 3663 1324 3734 διαπράττεται.
1363 3663 1472 3716 Καὶ
1508 3661 1816 3731 μονώτατος
1848 3659 1922 3712 ῶν

341 3753 493 3809 ἔνδον
525 3754 655 3824 περὶ
675 3751 743 3804 τά
764 3749 958 3803 ἑκατὸν
989 3750 1084 3818 ἐτη
1123 3747 1321 3808 ἐλάσας
1355 3747 1476 3817 ἤδη,
1513 3747 1760 3808 καὶτοὺς
1782 3745 1926 3798 ὀδόν-

340 3855 447 3898 τας
479 3837 770 3899 ἀπολέσας,
800 3834 978 3904 ἑαυτῷ
1007 3833 1297 3902 διεμάχετο
1329 3833 1422 3883 καὶ
1441 3829 1518 3900 τῷ
1548 3830 1800 3898 διαϐόλῳ,
1832 3830 1925 3882 καὶ

344 3921 565 3990 ἔλεγεν·
597 3921 662 3974 Τί
693 3920 868 3981 θέλεις
901 3919 1088 3972 λοιπὸν
1124 3918 1440 3986 κακόγηρε;
1482 3916 1610 3968 Ἰδοὺ
1660 3916 1752 3967 καὶ
1782 3916 1924 3969 οἴνου

344 4005 562 4072 ἔλαϐες,
617 4006 712 4059 καὶ
766 4004 946 4057 ἐλαίου
987 4002 1131 4073 ἥψω.
1169 4000 1370 4055 Λοιπὸν
1425 4000 1476 4052 τί
1513 3999 1685 4062 θέλεις
1719 4003 1926 4068 ποιήσω

345 4107 470 4155 σοις
498 4088 817 4157 πολιοφάγε,
842 4086 1186 4148 κοιλιόδουλε,
1213 4084 1401 4137 ἑαυτὸν
1421 4082 1755 4153 ἐξυϐρίζων,;
1795 4078 1926 4137 Εἶτα

344 4174 446 4228 καὶ
472 4171 550 4242 τῷ
578 4171 810 4242 διαϐόλῳ
830 4187 844 4203 ·
878 4169 1135 4235 ’Δπελθε,
1170 4169 1370 4238 λέγων,
1403 4167 1588 4219 λοιπὸν
1639 4166 1732 4218 ἀπ’
1769 4166 1924 4236 ἐμοῦ,

345 4256 583 4322 διάϐολε,
616 4254 1042 4326 συγγεγήρακάς
1090 4271 1182 4324 μοι
1220 4255 1276 4306 ὲν
1326 4251 1690 4321 ἀδιαφορίαις.
1737 4250 1927 4303 Ἀσθέ-

344 4340 498 4396 νειάν
531 4357 617 4410 μοι
649 4339 744 4392 τοῦ
790 4338 1041 4408 σώματος
1096 4337 1426 4408 ἐπιγράψας,
1469 4337 1613 4388 οἴνου
1671 4335 1928 4403 ἐποίησας

351 4423 682 4496 μεταλαϐεῖν
707 4423 800 4476 καὶ
822 4422 1026 4486 ἐλαίου,
1053 4421 1333 4492 φιλήδονόν
1359 4437 1424 4489 με
1449 4417 1925 4488 ἀπεργασάμενος.

349 4507 446 4576 Μὴ
475 4505 661 4578 ἀκμήν
689 4508 772 4560 σοί
812 4525 863 4560 τι
887 4505 1184 4576 χρεωστῶς
1229 4504 1380 4557 οὐδὲν
1411 4505 1686 4572 εὑρίσκεις
1719 4505 1775 4553 ὲν
1806 4503 1928 4572 ἐμοὶ

347 4590 380 4644 ὃ
411 4590 586 4653 θέλεις
625 4589 874 4660 συλῆσαι.
911 4588 1149 4641 Ἀπελθε
1179 4587 1364 4640 λοιπὸν
1413 4587 1507 4640 ἀπ’
1537 4585 1693 4654 ἐμοῦ,
1741 4586 1930 4654 μισάν-

349 4674 562 4746 Θρωπε.
591 4672 702 4725 Καὶ
739 4674 814 4735 ὡς
853 4672 1143 4744 τερετίζων
1174 4671 1351 4741 ἑαυτῷ
1400 4670 1584 4738 ἔλεγεν
1615 4669 1931 4739 διαλεγόμε-

347 4773 476 4822 νος·
506 4757 680 4827 Δεῦρο
700 4757 908 4821 λοιπὸν,
947 4758 1099 4828 λῆρε,
1138 4754 1454 4825 πολιοιράγε,
1502 4753 1804 4824 φαγόγηρε,
1832 4754 1934 4816 ἕως

353 4843 490 4896 πότε
522 4841 715 4912 ἔσομαι
751 4843 890 4910 μετά
921 4843 1051 4905 σοῦ;

945 4926 1198 4979 ΚΕΦΑΛ.
1233 4923 1358 4976 KB'.

679 5011 817 5081 Περὶ
840 5009 1136 5074 Μωῠσέως
1176 5008 1282 5062 τοῦ
1317 5007 1616 5072 Αἰθίοπος.

427 5098 672 5168 Μωῡσῆς
698 5097 840 5150 οὕτω
875 5093 1209 5166 καλούμενός
1257 5110 1361 5156 τις,
1413 5090 1603 5158 Αἰθίοψ
1639 5089 1716 5159 τῷ
1761 5090 1927 5157 γένει,

268 5170 283 5194 ⁷
359 5185 552 5254 μέλας,
583 5183 800 5251 οἰκέτης
830 5181 1078 5250 ὑπῆρχεν
1115 5176 1536 5246 πολιτευομένου
1561 5174 1726 5235 τινός·
1755 5173 1814 5225 ὃν
1850 5173 1936 5225 διὰ

358 5269 564 5338 πολλὴν
612 5267 944 5335 δυστροπίαν
974 5263 1068 5316 καὶ
1105 5261 1407 5333 λῃστρικὴν
1451 5259 1628 5311 αἰτίαν
1655 5257 1880 5330 ἔρριψεν
1910 5259 1936 5308 0

359 5354 490 5415 ἴδιος
527 5352 817 5421 δεσπότης.
861 5349 1109 5416 Ἐλέγετο
1139 5346 1248 5414 γὰρ
1279 5343 1370 5396 καὶ
1403 5345 1564 5412 μέχρι
1590 5343 1766 5409 φόνων
1801 5340 1932 5410 φθά·

356 5454 473 5491 νειν
501 5436 684 5492 αὐτόν.
731 5433 1137 5501 Ἀναγκάςομαι
1168 5429 1278 5498 γὰρ
1313 5428 1492 5495 λέγειν
1521 5425 1685 5480 αὑτοῦ
1710 5425 1776 5478 τὰ
1804 5425 1938 5492 ἔργα

355 5524 461 5590 τῆς
497 5520 786 5592 πονηρίας,
818 5519 906 5572 ῖνα
931 5514 1088 5579 δείξω
1121 5512 1284 5566 αὑτοῦ
1316 5510 1414 5580 τὴν
1448 5509 1584 5580 μετά
1610 5509 1780 5562 ταῦτα
1811 5509 1940 5578 ἀρε-

356 5605 459 5675 τὴν
486 5605 552 5657 ὲκ
589 5602 897 5675 μετανοίας.
924 5595 1220 5668 Διηγοῦντο
1253 5594 1382 5663 γοῦν
1412 5610 1552 5656 τινες
1596 5593 1677 5675 δτι
1707 5594 1801 5645 καὶ
1839 5593 1943 5661 ἀφ-

359 5674 669 5761 ηγούμενος
724 5683 796 5758 ἦν
852 5683 1144 5756 λῃστηρίου
1207 5681 1502 5750 μεγίστου·
1562 5674 1621 5732 οὗ
1655 5677 1943 5731 καὶτοῦτο

361 5777 589 5846 φέρεται
617 5775 676 5826 ἐν
710 5773 820 5836 τοῖς
843 5771 1027 5840 ἔργοις
1059 5767 1396 5837 λῃστρικοῖς,
1453 5763 1533 5816 ὅτι
1591 5764 1806 5833 ποιμένι
1837 5764 1943 5815 τινί

362 5858 803 5930 ἐμνησικάκησεν
831 5851 1296 5926 παρεμτῖοδίσαντι
1322 5846 1483 5902 αὑτὸν
1520 5848 1600 5911 εἰς
1619 5848 1850 5920 πρᾶγμά
1888 5865 1937 5901 τι

1959 4557 2011 4614 D

2001 547 2322 600 ἀποκτεῖναι
2376 544 2614 614 θελήσας
2639 543 2980 614 περιενόστει
3014 541 3103 595 τὸν
3137 543 3301 595 τόπον
3328 543 3454 597 ἔνθα
3483 544 3582 613 τὴν

2005 631 2190 684 στάσιν
2218 626 2364 701 εἶχεν
2392 627 2490 700 τὴν
2519 627 2625 680 τῶν
2651 626 2961 698 προϐάτων.
3002 625 3281 696 Ἐμηνύθη
3314 622 3406 679 οὖν
3435 627 3585 696 αύτῷ

2003 715 2084 766 ὅτι
2113 715 2286 784 πέραν
2331 711 2425 764 τοῦ
2475 710 2674 764 Νείλου
2709 711 2890 762 ἐστίν·
2923 711 3018 762 καὶ
3065 709 3205 761 κατά
3247 708 3337 760 τὸν
3395 710 3585 779 καιρὸν

2005 798 2211 849 ἐκεῖνον
2234 795 2340 864 πλη
2349 793 2690 866 μμυροῦντος
2715 791 2808 845 τοῦ
2833 791 3103 861 ποταμοῦ,
3140 790 3234 843 καὶ
3259 790 3586 860 κρατοῦντος

2005 880 2096 931 ἐπὶ
2118 877 2175 930 ἓν
2209 881 2431 948 σημεῖον
2465 878 2543 947 τῷ
2575 877 2789 939 πλάτει,
2823 875 3002 928 δακών
3043 875 3140 945 τὴν
3179 874 3460 944 μάχαιραν
3491 875 3590 927 αύ-

2005 960 2096 1013 τοῦ
2129 961 2275 1030 ἐντῷ
2305 961 2558 1030 στόματι,
2583 960 2677 1011 καὶ
2706 960 2797 1011 τὸν
2820 959 3166 1027 χιτωνίσκον,
3199 957 3256 1009 ὃν
3286 957 3588 1019 ἐνεδέδυτο,

2007 1045 2213 1106 ἐπιθεὶς
2241 1047 2304 1114 τῇ
2333 1043 2524 1096 ἑαυτοῦ
2559 1041 2794 1112 κεφαλῇ,
2821 1042 3149 1110 διεπέρασεν
3185 1037 3361 1102 οὕτως
3394 1040 3592 1109 κολυμ-

2007 1127 2182 1197 ϐήσας
2212 1127 2303 1180 τὸν
2331 1125 2594 1196 ποταμόν.
2645 1125 2732 1176 Ἐν
2764 1123 2839 1194 τῷ
2879 1122 3070 1176 τοῦτον
3101 1122 3194 1175 οῦν
3223 1122 3593 1193 διακολυμϐᾷν

2008 1210 2245 1281 ἠδυνήθη
2276 1209 2459 1264 λαθεῖν
2491 1211 2520 1262 0
2569 1208 2794 1279 ποιμὴν,
2824 1210 2904 1270 είς
2930 1207 3161 1278 κρύφιον
3194 1207 3388 1259 ἑαυτὸν
3419 1223 3592 1258 καταο

2009 1294 2214 1364 χώσας.
2282 1290 2596 1360 ’Λποτυχὼν
2625 1291 2797 1353 οὑτως
2851 1290 3094 1358 Μωῦσῆς
3133 1287 3225 1341 τοῦ
3257 1287 3596 1359 ἐγχειρήμα-

2009 1393 2122 1439 τος,
2154 1377 2281 1438 τοὺς
2304 1374 2363 1440 ἐξ
2401 1373 2663 1443 ὲπιλογῆς
2704 1375 2974 1442 τέσσαρας
3004 1373 3192 1440 κριοὺς
3243 1370 3471 1438 σφάξαςν
3503 1370 3597 1422 καὶ

2011 1461 2178 1530 δήσας
2206 1457 2482 1529 σειράδην,
2532 1455 2908 1525 ὲκολύμϐησεν
2941 1449 3097 1516 αὖθις
3125 1454 3215 1505 τὸν
3241 1452 3455 1504 Νεῖλον.
3489 1453 3598 1504 Καὶ

2014 1543 2182 1596 ἐλθὼν
2211 1544 2292 1605 είς
2316 1541 2510 1612 μικρὸν
2546 1539 2812 1600 ὲναύλιον,
2840 1537 3094 1605 ἀπέδειρε
3112 1537 3237 1598 τοὺς
3255 1535 3468 1606 κριούς.
3489 1536 3600 1587 Καὶ

2016 1625 2206 1694 φαγὼν
2222 1626 2291 1678 τά
2307 1623 2568 1677 κάλλιστα
2587 1621 2696 1674 τῶν
2725 1621 2921 1690 κρεῶν,
2947 1621 3039 1673 καὶ
3061 1621 3139 1681 είς
3167 1617 3309 1671 οίνον
3324 1618 3598 1688 διαπωλή-

2019 1725 2114 1770 σας
2135 1708 2203 1762 τὰ
2234 1707 2421 1772 κώδια,
2463 1707 2654 1775 σαίτην
2691 1703 2829 1756 πιὼν
2869 1705 2943 1766 ώς
2984 1701 3263 1775 Ἰταλικῶν
3294 1699 3598 1764 δεκαοκτὼ,

2018 1791 2354 1860 πεντήκοντα
2385 1793 2582 1859 σημεῖα
2607 1787 2872 1856 ἀπῆλθεν,
2894 1788 3026 1839 ὅπου
3041 1786 3100 1838 τὸ
3119 1769 3405 1855 κολλῖήγιον
3428 1783 3596 1854 εἶχεν.

2085 1867 2254 1935 Οὗτος
2423 1889 2551 1924 ποτε
2580 1871 2675 1923 τοῦ
2709 1871 2903 1940 καιροῦ
2933 1871 2972 1938 ⁸ό
3008 1870 3247 1932 τοιοῦτος
3295 1867 3601 1938 λῄσταρχος

2017 1956 2376 2026 κατανυχθεὶς
2423 1956 2488 2008 ἐκ
2520 1954 2895 2026 περιστάσεώς
2924 1970 3065 2016 τινος
3115 1952 3438 2006 ἐπιδέδωκεν
3473 1953 3602 2002 έαυ-

2016 2042 2107 2095 τὸν
2140 2039 2519 2110 μοναστηρίῳ·
2545 2040 2639 2090 καί
2665 2038 2809 2090 οὕτω
2847 2037 3154 2107 προσῆλθεν
3203 2035 3280 2105 τῳ
3316 2035 3598 2105 πράγματι

2017 2128 2113 2194 τῆς
2143 2123 2456 2195 μετανοίας,
2499 2122 2571 2185 ώς
2604 2123 2696 2175 καὶ
2719 2121 2881 2175 αὑτὸν
2921 2120 3010 2174 τὸν
3042 2120 3405 2190 συμπράκτην
3435 2115 3601 2172 αὐτοῦ

2020 2212 2111 2262 καὶ
2143 2206 2412 2260 ὑποϐολέα
2439 2205 2548 2259 τῶν
2594 2207 2780 2260 κακῶν
2828 2207 2891 2258 ὲκ
2925 2205 3177 2274 νεότητος
3233 2205 3482 2270 δαίμονα,
3509 2204 3600 2254 τὸν

2020 2295 2099 2357 είς
2131 2293 2311 2346 πάντα
2335 2291 2482 2361 αύτῴ
2515 2289 2952 2360 συναμαρτόντα,
2971 2289 3229 2358 ἄντικρυς
3262 2291 3339 2349 εἰς
3364 2275 3603 2355 ἐπίγνω-

2024 2395 2106 2431 σιν
2131 2377 2360 2445 ἀγαγεῖν
2394 2375 2488 2426 τοῦ
2520 2375 2777 2444 Χριστοῦ.
2831 2375 2919 2425 Ἐν
2950 2367 3029 2434 οἷς
3079 2371 3319 2438 λέγεται,
3355 2371 3436 2422 ὅτι
3472 2370 3602 2422 ποτὲ

2022 2462 2196 2530 τούτῳ
2220 2459 2523 2529 επέρριψαν
2555 2458 2749 2528 λῃσταὶ
2774 2457 3035 2523 τέσσαρες
3067 2455 3418 2523 καθεζομένῳ
3454 2457 3509 2506 εν
3527 2455 3605 2523 τῷ

2023 2545 2240 2614 κελλίῳ,
2275 2544 2640 2611 ἀγνοήσαντες
2665 2541 2746 2592 ὅτι
2776 2540 3013 2608 Μωῦσῆς
3041 2534 3108 2608 ἦν
3138 2533 3311 2599 οὗτος.
3363 2536 3469 2600 Οὓς
3512 2537 3608 2607 δή·-

2025 2645 2121 2690 σας
2153 2631 2180 2680 0
2237 2625 2506 2696 μακάριος
2561 2626 2828 2687 ἃπαντας,
2885 2623 3135 2691 καθάπερ
3166 2622 3369 2673 σάκκον
3421 2623 3606 2692 πλήρη

2024 2713 2262 2782 ἀχύρων,
2289 2714 2398 2772 τοῖς
2435 2707 2603 2778 ῶμοις
2631 2708 2826 2760 ἑαυτοῦ
2857 2705 3089 2769 ἐπιθεὶς,
3139 2707 3367 2772 ἤνεγκεν
3396 2708 3476 2767 είς
3507 2704 3606 2776 τὴν

2024 2795 2321 2866 ἐκκλησίαν
2373 2793 2482 2845 τῶν
2537 2790 2802 2858 ἀδελφῶν,
2829 2788 3016 2855 εἰπὼν,
3052 2791 3132 2841 ὃτι
3177 2790 3394 2859 Ἐπειδὴ
3421 2789 3609 2843 οὐκέτι

2025 2885 2204 2949 ἒξεστί
2231 2898 2318 2950 μοι
2355 2877 2561 2931 ἀδικεῖν
2595 2877 2802 2941 ούδὲνα,
2829 2869 2990 2942 εὖρον
3018 2872 3075 2924 δὲ
3124 2875 3317 2936 αύτοὺς
3354 2873 3609 2928 ἐπελθόν-

2025 2987 2122 3031 τας
2152 2984 2262 3037 μοι,
2294 2968 2346 3017 τί
2375 2963 2625 3016 κελεύετε
2654 2969 2782 3030 περι
2811 2960 3050 3026 τούτων;
3083 2960 3484 3029 Συλληφθέντες
3511 2956 3605 3014 οῦν

2026 3053 2168 3110 οὑτοι
2193 3052 2366 3121 τούτῳ
2385 3050 2463 3120 τῳ
2490 3053 2673 3118 τρόπῳ
2700 3046 2804 3098 ὑπὸ
2827 3046 2920 3098 τοῦ
2943 3047 3100 3114 ἁγίου
3125 3046 3404 3107 Μωῦσέως
3422 3047 3609 3117 ἐξομο-

2028 3143 2327 3211 λογήσαντο
2373 3136 2446 3204 τῷ
2501 3133 2640 3202 Θεῷ.
2701 3132 2812 3185 Καὶ
2874 3131 3239 3201 γνωρίσαντες
3301 3130 3490 3183 τοῦτον
3530 3134 3612 3186 ὃτι

2028 3226 2266 3295 Μωῦσῆς
2293 3226 2438 3274 ὲστιν
2456 3223 2482 3272 0
2506 3217 2634 3272 ποτὲ
2659 3216 2954 3284 ὀνομαστὸς
2987 3224 3080 3268 καί
3103 3215 3425 3287 περιϐόητος
3453 3216 3584 3286 λῄστ
3612 3243 3616 3248 -

2029 3328 2226 3383 αρχος,
2259 3307 2586 3373 δοξάσαντες
2626 3301 2711 3355 ἐπ’
2756 3300 2906 3368 αὺτῴ
2934 3300 3027 3353 τὸν
3063 3301 3316 3370 Χριστὸν,
3374 3302 3616 3353 κάκεῖνοι

2030 3395 2372 3458 ἀπετάξαντο
2394 3390 2482 3444 διὰ.
2515 3389 2612 3458 τὴν
2654 3385 2843 3438 τούτου
2879 3384 3204 3454 μεταϐολὴν,
3234 3387 3327 3436 καὶ
3357 3385 3615 3452 γεγόνασι

2035 3480 2258 3550 μοναχοὶ
2287 3473 2681 3546 δοκιμώτατοι·
2709 3469 3056 3536 λογισάμενοι
3085 3470 3261 3533 τοῦτο,
3285 3470 3366 3523 ὅτι
3395 3472 3441 3520 εί
3463 3465 3628 3531 οὗτος

2036 3567 2213 3624 ἱκανὸς
2239 3560 2550 3628 ἐνδυνάμει.
2568 3555 2662 3607 καὶ
2678 3555 2791 3607 κατ’
2810 3551 2983 3620 ἄκραν
3001 3553 3363 3622 πεποιημένος
3381 3553 3456 3622 τῷ
3471 3554 3617 3624 ἔργῳ

2033 3649 2110 3717 τῷ
2139 3639 2864 3716 λῃστρικῷ,οῦτωςκομψῶς
2899 3636 3207 3705 πεφόϐηταί
3252 3636 3340 3688 τὸν
3379 3637 3532 3703 Θεὸν,
3565 3637 3618 3689 τί

2034 3735 2191 3803 ἡμεῖς
2243 3723 2657 3794 ἀναϐαλλόμεθα
2710 3723 2808 3794 τὴν
2863 3719 3137 3791 σωτηρίαν
3193 3719 3302 3773 τῶν
3333 3721 3619 3793 ἡμετέρων

2033 3815 2221 3888 ψυχῶν
2240 3856 2254 3880 ,

2105 3900 2292 3969 Τούτῳ
2322 3897 2402 3968 τῷ
2436 3893 2690 3968 μακαρίῳ
2711 3893 2936 3945 Μωῦσεῖ
2968 3890 3068 3961 (δεῖ
3105 3890 3213 3961 γὰρ
3243 3889 3406 3944 αὑτὸν
3435 3889 3619 3943 λοιπὸν

2035 3985 2176 4039 οὑτω
2231 3977 2757 4054 προσαγορεύεσθαι)
2814 3975 3071 4029 ἐπέθεντο
3120 3976 3168 4027 οξ
3222 3974 3320 4046 τῆς
3353 3972 3618 4038 ἀσωτείας

2035 4071 2310 4140 δαίμονες,
2351 4069 2430 4130 είς
2460 4066 2558 4136 τὴν
2600 4061 2834 4134 ἀρχαίαν
2881 4061 3170 4131 συνήθειαν
3199 4061 3297 4130 τῆς
3326 4059 3620 4122 ἀκολασίας

2033 4159 2134 4226 τῆς
2159 4153 2421 4225 πορνικῆς
2445 4149 2608 4203 αὑτὸν
2633 4145 3077 4209 κατελαύνοντες.
3127 4147 3222 4206 Ὃς
3253 4145 3345 4197 ἐπὶ
3368 4144 3622 4200 τοσοῦτον

2037 4241 2128 4294 ὑπ’
2162 4239 2342 4293 αὐτῶν
2364 4235 2688 4306 ἐπειράσθη,
2724 4233 2799 4296 ώς
2839 4230 3000 4292 αὐτὸς
3047 4231 3369 4300 διηγήσατο,
3403 4229 3477 4290 ώς
3534 4246 3622 4300 μι-

2036 4325 2171 4398 κροῦ
2201 4325 2312 4378 δεῖν
2344 4322 2444 4393 τῆς
2488 4317 2808 4390 προθέσεως
2839 4317 3001 4369 αὑτὸν
3043 4315 3332 4379 ἐξοκεῖλαι.
3370 4316 3623 4383 Παραγε-

2038 4412 2260 4482 νόμενος
2290 4405 2384 4461 οὖν
2418 4399 2576 4466 οὗτος
2609 4401 2744 4472 πρὸς
2777 4399 2870 4454 τὸν
2903 4400 3078 4470 μέγαν
3113 4399 3378 4468 Ἰσίδωρον
3422 4398 3512 4482 τὸν
3569 4400 3627 4450 έν

2036 4479 2113 4564 τῇ*
2134 4493 2330 4563 Σκὴτει
2357 4489 2696 4558 καθήμενον,
2735 4486 3034 4554 ἀνήνεγκεν
3063 4485 3236 4552 τούτῳ
3269 4482 3337 4534 τά
3371 4481 3499 4551 περὶ
3533 4479 3627 4533 τοῦ

2038 4580 2136 4648 τῆς
2168 4575 2425 4649 πορνείας
2460 4572 2724 4643 πολέμου.
2775 4569 2917 4638 Πρὸς
2945 4569 3003 4621 ὃν
3047 4566 3320 4638 ἀπεκρίθη
3375 4565 3591 4649 ὁνάγιος
3613 4580 3628 4597 ο

2039 4662 2224 4735 Μηδὲν
2247 4648 2520 4732 θροηθῇς,
2558 4654 2778 4725 ἀδελφέ’
2815 4655 2982 4725 ἀρχαὶ
3014 4651 3122 4720 γάρ
3146 4648 3436 4735 εἰσιν.νΔιά
3469 4648 3628 4735 τοῦτο

2041 4731 2397 4819 σφοδρότερόν
2428 4760 2510 4796 σοι
2541 4740 2820 4804 ἐπέθεντο,
2868 4737 2966 4807 τὴν
3001 4735 3276 4819 προτέραν
3297 4731 3628 4819 -ὲπιζητοῦνι

2038 4849 2129 4894 τες
2169 4817 2482 4902 συνήθειαν.
2538 4826 2751 4893 Ὥσπερ
2799 4821 2907 4890 γάρ
2940 4821 3066 4871 ὅταν
3100 4817 3245 4902 κύων
3292 4817 3351 4868 ἐν
3377 4817 3630 4886 μακέλλῳ

2041 4915 2194 4985 ἐθίσῃ
2217 4900 2422 4975 κωλέας
2443 4906 2794 4980 περιτρύχειν
2816 4945 2829 4970 ,
2861 4903 2958 4972 τῆς
2985 4900 3272 4972 συνηθείας
3295 4900 3394 4952 ούκ
3423 4900 3629 4968 ἀναχωο

2045 5001 2159 5068 ρεῖ·
2197 4999 2292 5050 ἐὰν
2349 4995 2406 5048 δέ
2454 5011 2541 5056 τις
2604 4991 2795 5062 κλείσῃ
2842 4989 2901 5042 τὸ
2939 4986 3280 5059 μακελλεῖον,
3313 4985 3408 5038 καὶ
3441 4985 3630 5054 μηδεὶς

2044 5081 2194 5151 αὐτῷ
2227 5080 2392 5149 μηδὲν
2418 5075 2610 5146 ὲπιδῴ,
2642 5075 2674 5146 ἢ
2710 5071 3154 5144 λιμαγχονηθεὶς,
3178 5071 3279 5122 οὐκ
3308 5069 3389 5122 ἔτι
3417 5068 3628 5136 ἐγγίζει

2041 5167 2158 5219 ἐκεῖ
2200 5162 2471 5234 μηδεμίαν
2500 5160 2638 5230 έχων
2667 5158 2832 5229 βοράν
2866 5173 2878 5186 ·
2929 5156 3070 5208 οὕτω
3097 5155 3192 5206 καὶ
3238 5153 3325 5218 σὺ,
3379 5151 3474 5203 ὲάν
3509 5151 3630 5201 ἐπι-

2047 5250 2236 5320 μείνῃς
2273 5250 2343 5317 τῇ
2377 5263 2470 5299 σου
2510 5245 2740 5314 ἀσκήσει
2793 5244 2888 5310 τῆς
2947 5238 3294 5309 ἐγκρατείας,
3349 5234 3630 5305 νεκρώσας

2048 5317 2141 5386 σου
2169 5317 2236 5385 τά
2263 5332 2402 5400 μέλη
2431 5330 2499 5382 τά
2525 5329 2618 5382 ἐπὶ
2644 5328 2742 5396 τῆς
2770 5326 2891 5395 γῆς,
2924 5323 3258 5383 ἀποκλείσας
3290 5320 3388 5390 τὴν
3425 5317 3631 5371 εἴσοδον

2044 5422 2111 5490 τῇ
2139 5415 2554 5486 γαστριμαργίᾳ
2605 5416 2670 5483 τῇ
2702 5409 2960 5479 τικτούσῃ
2992 5406 3089 5477 τὴν
3114 5405 3419 5490 ἀκολασίαν
3438 5444 3466 5490 ,Δ
3483 5404 3626 5470 ἀκη-

2045 5485 2234 5564 διάσας
2265 5485 2292 5554 0
2319 5485 2702 5569 τῆςπορνείας
2731 5495 2959 5563 δαίμων,
2990 5490 3064 5561 μὴ
3096 5489 3234 5559 ἔχων
3265 5487 3335 5541 τὰ
3365 5485 3629 5558 βρώματα

2046 5585 2231 5639 τοῦτον
2265 5585 2588 5650 ὲξάπτοντα,
2623 5581 2796 5641 οὕτως
2830 5595 2921 5630 σου
2958 5577 3352 5653 ἀποστήσεται.
3389 5571 3628 5639 Ἀναχω-

2051 5672 2224 5741 ρήσας
2265 5666 2357 5722 οὖν
2407 5670 2434 5720 0
2466 5667 2556 5721 τοῦ
2591 5662 2830 5737 Χριστοῦ
2884 5660 3069 5722 δοῦλος
3125 5657 3502 5726 Μωῦσῆςάπὸ
3532 5655 3630 5723 τῆς

2048 5736 2196 5827 ῶρας
2219 5755 2456 5824 ἐκείνης,
2491 5754 2583 5806 καὶ
2623 5747 2982 5808 κατακλείσας
3027 5741 3216 5796 ἑαυτὸν
3245 5744 3302 5794 ὲν
3329 5743 3396 5811 τῇ
3432 5736 3629 5794 ἑαυτοῦ

2055 5823 2238 5912 κέλ).ῃ,
2276 5823 2518 5911 ὑπομονῇ
2541 5823 2874 5907 σφοδροτάτῃ
2901 5830 3120 5901 ἣσκεῖτο
3142 5827 3198 5883 ὲν
3231 5827 3362 5880 πᾶσι
3390 5825 3628 5891 μάλιστα
