4096 6522
532 363 664 434 1067

1993 349 2340 421 PALLADII

3645 353 3778 419 1068

532 473 638 528 ἀπὸ
671 473 994 544 βρωμάτων,
1030 469 1244 533 οὐδενὸς
1278 469 1438 522 ἄλλου
1487 464 1916 537 μεταλαμϐάνων
1961 461 2099 528 πλήν
2126 460 2176 520 Α
2201 459 2390 513 τούτου
2419 461 2512 514 τοῦ
2562 464 2787 534 πάθους,
2823 469 2908 522 διὰ
2961 467 3119 520 τοῦτο
3157 465 3415 538 ’σφοδρῶς
3465 465 3556 519 ὑπ’
3610 466 3776 520 αὑτοῦ

530 555 696 625 ἄρτου
733 553 898 625 ξηροῦ
928 554 986 606 ὲν
1014 553 1262 620 οὑγκίαις
1288 553 1418 606 δέκα
1449 551 1571 605 δύο’
1599 550 1846 601 πλεῖστον
1873 544 2100 616 ἐργαζό-

534 654 691 707 μενος
721 637 898 706 ἔργον,
932 638 1026 690 καὶ
1051 637 1386 706 πεντήκοντα
1414 633 1645 688 ἐκτελῶν
1671 630 1974 702 προσευχὰς
2005 628 2103 698 τὴν

532 723 770 790 ἡμέραν·

603 802 928 872 Κατατήξας
962 797 1052 854 οὖν
1108 801 1300 854 ἑαυτοῦ
1351 801 1412 852 :6
1451 800 1724 868 σωμάτιον
1777 797 1968 866 ἔμενεν
2024 795 2105 848 ἔτι

533 885 894 956 πυρούμενος,
933 886 1022 936 καὶ
1061 884 1366 953 ἀδιαφόρως
1410 881 1882 949 ἐνυπνιαζόμενος.
1936 878 2105 931 Πάλιν

532 964 686 1030 οὗτος
716 966 1022 1038 παρέϐαλεν
1052 967 1193 1036 ἄλλῳ
1230 967 1332 1018 τινὶ
1369 965 1585 1035 μοναχῷ
1625 963 1726 1016 τῶν
1761 962 1930 1028 ἁγίων
1961 961 2103 1014 πάνυ

532 1052 766 1122 δοκίμῳ,
814 1054 906 1104 καὶ
952 1051 1100 1118 λέγει
1151 1050 1332 1120 αὐτῷ’
1378 1049 1441 1099 Τί
1494 1050 1734 1119 ποιήσω,
1775 1045 1957 1110 ἀϐδᾶ,
2023 1045 2105 1096 ὅτι

536 1135 839 1198 σκοτίζουσί
878 1153 979 1205 μου
1007 1136 1097 1190 τόν
1125 1135 1385 1203 λογισμὸν
1427 1133 1495 1186 τὰ
1531 1133 1757 1186 ἐνύπνια
1804 1134 1901 1201 τῆς
1930 1129 2107 1198 ψυχῆς

533 1218 673 1270 κατά
718 1218 817 1289 τὴν
863 1219 1094 1289 ἀρχαίαν
1157 1218 1443 1287 συνήθειαν
1498 1217 1862 1285 συνηδομένης
1891 1215 2103 1278 αὑτοῖς;

533 1301 696 1366 λέγει
725 1300 872 1371 αὐτῷ
902 1302 1110 1365 ἐκεῖνος
1139 1303 1168 1354 6
1202 1302 1377 1368 ἅγιος,
1437 1301 1519 1352 ὅτι
1567 1298 1786 1367 Ἐπειδὴ
1839 1299 1930 1351 τὸν
1982 1295 2105 1350 νοῦν

536 1400 627 1434 σου
658 1384 758 1438 οὑκ
789 1384 1108 1454 ἀπέστησας
1137 1385 1245 1438 τῶν
1273 1384 1398 1454 περὶ
1421 1384 1592 1435 ταῦτα
1624 1382 1954 1450 φαντασιῶν,
1985 1377 2107 1430 τού-

441 1457 446 1462 ’
531 1481 625 1516 του
659 1465 822 1535 χάριν
844 1465 942 1535 τὴν
972 1468 1220 1536 μυσαράν
1244 1466 1446 1533 ταύτην
1469 1467 1762 1534 ὑφίστασαι
1788 1463 2102 1532 ἐπιθυμίαν.

461 1576 485 1628 ςί
532 1549 762 1618 Ποίησον
794 1545 886 1604 οῦν
918 1552 946 1603 ὃ
980 1568 1061 1603 σοι
1091 1551 1233 1617 λέγω
1253 1566 1265 1580 ο
1297 1550 1382 1613 δὺς
1414 1551 1637 1604 σεαυτὸν
1685 1551 1763 1612 είς
1801 1549 2106 1618 ἀγρυπνίαν

473 1658 491 1676 ε
534 1631 670 1685 κατά
708 1633 923 1703 μικρὸν,
961 1634 1054 1687 καὶ
1094 1633 1392 1702 προσεύχου
1416 1631 1716 1701 νηφόντως.
1747 1634 1839 1686 καὶ
1880 1631 2104 1696 ,ἐλευθε-

534 1713 755 1786 ρωθήσῃ
776 1716 885 1769 ἀπὸ
905 1717 1110 1769 τούτων
1141 1718 1367 1786 ταχέως.
1411 1716 1675 1778 ’Δκούσας
1714 1716 1769 1768 δὲ
1804 1719 1831 1769 ό
1862 1717 2107 1784 γενναῖος

2209 544 2700 620 κατεδυναστεύθης
2726 552 2863 621 πρὸς
2909 551 2972 605 τό
3010 568 3090 604 σοι
3125 550 3422 621 συμφέρον,
3455 550 3540 602 ἶνα
3574 549 3655 620 μὴ
3679 550 3780 604 ὑπὸ

2208 627 2488 696 ἐπάρσεως
2516 634 2849 708 καταπέσῃς.
2875 633 3059 688 Ταῦτα
3081 632 3321 695 ἀκούσας
3351 632 3592 703 ἀπῆλθεν
3621 633 3781 688 πάλιν

2207 713 2287 773 είς
2318 711 2417 783 τὴν
2461 714 2672 781 κέλλαν,
2729 717 2913 772 λοιπὸν
2961 718 3244 789 προσέχων
3277 717 3397 787 μεθ’
3453 716 3688 787 ἡσυχίας
3716 719 3780 788 τῇ

2207 794 2304 862 τῆς
2337 796 2622 866 ἀσκήσεως
2665 799 2908 873 πολιτεία
2961 802 3019 853 ἐν
3079 802 3284 872 μέτρῳ.
3317 800 3472 853 Μετά
3511 799 3568 852 δὲ
3610 799 3780 868 μῆνας

2209 876 2300 930 δύο
2331 878 2362 948 ἢ
2392 882 2540 947 τρεῖς
2571 883 2868 953 ἐρωτηθεὶς
2903 882 3052 953 παρά
3079 883 3172 937 τοῦ
3202 882 3472 952 μακαρίου
3508 881 3778 950 Ἰσιδὼρου

2207 959 2300 1012 τοῦ
2333 963 2705 1036 πρεσσυτέρου
2745 966 2774 1016 6
2821 966 3064 1036 ἀσκητὴς
3113 967 3370 1034 Μωῦσῆς,
3419 965 3493 1035 μὴ
3526 965 3609 1018 ἐτι
3640 963 3780 1033 αὑτῷ

2208 1041 2451 1113 ὥχλησεν
2486 1047 2661 1099 ἐκεῖνο
2690 1049 2748 1099 τὸ
2778 1049 3014 1119 πνεῦμα,
3057 1047 3208 1102 εἶπεν
3228 1090 3242 1112 ,
3291 1050 3371 1102 ὅτι
3414 1048 3535 1100 Ἀπ’
3567 1049 3781 1117 ἐκείνης

2207 1128 2304 1195 τῆς
2333 1128 2500 1198 ὥρας,
2523 1123 2590 1200 ἧς
2620 1130 2841 1200 ἐπηύξω
2872 1148 2986 1201 μοι,
3007 1131 3036 1182 6
3065 1132 3157 1184 τοῦ
3182 1131 3314 1182 Θεοῦ
3345 1129 3554 1192 δοῦλος,
3583 1131 3686 1182 οὐκ
3709 1130 3784 1182 ἔτι

2207 1209 2358 1261 οὐδέν
2386 1227 2476 1279 μοι
2511 1211 2748 1265 τοιοῦτον
2782 1215 3152 1284 συμϐέϐηκεν.
3183 1213 3513 1283 Κατηξιὼθη
3543 1213 3602 1265 δὲ
3635 1207 3785 1275 οὗτος

2206 1294 2234 1343 6
2261 1291 2412 1359 ἅγιος
2433 1294 2774 1365 χαρίσματος
2807 1298 2949 1349 κατά
2973 1295 3241 1366 δαιμόνων
3260 1311 3274 1325 ο
3300 1295 3493 1358 οὕτως,
3527 1295 3786 1362 ὼςὴμεῖς

2208 1374 2313 1429 τῶν
2356 1376 2527 1444 μυιῶν
2559 1380 2615 1429 ἐν
2644 1379 2722 1448 τῷ
2760 1380 2990 1449 χειμῶνι
3025 1378 3498 1447 καταφρονοῦμεν,
3532 1377 3785 1429 τοσοῦτον

2208 1460 2300 1510 καὶ
2342 1458 2541 1527 μᾶλλον
2593 1455 2744 1523 οὗτος
2771 1464 2799 1515 6
2844 1462 3019 1532 μέγας
3057 1462 3296 1531 Μωὺσῆς
3340 1461 3654 1529 παλαιστὴς
3680 1461 3784 1513 τῶν

2205 1541 2494 1610 δαιμόνων.
2522 1542 2669 1613 Αὕτη
2702 1545 2734 1614 ή
2771 1544 2951 1608 ἔνθεος
2979 1547 3077 1613 τῆς
3105 1546 3391 1615 ἀσκήσεως
3411 1545 3666 1598 πολιτεία
3691 1543 3784 1598 τοῦ

2205 1624 2652 1692 ἀκαταγωνίστου
2690 1626 2922 1695 ἀθλητοῦ
2957 1629 3238 1691 Μωῦσέως
3265 1627 3360 1680 τοῦ
3385 1627 3464 1698 τῷ
3512 1630 3665 1695 γένει
3695 1630 3785 1680 Δί-

2207 1706 2416 1769 θίοπος,
2441 1707 2540 1776 τὴν
2561 1708 2619 1760 δὲ
2644 1709 2819 1780 ψυχὴν
2851 1709 3127 1773 ἐθίσαντος
3153 1711 3274 1781 θείᾳ
3310 1711 3520 1782 χάριτι.
3562 1712 3661 1773 Ὃς
3694 1712 3784 1764 καὶ

532 1795 628 1850 καὶ
652 1796 854 1866 ταύτης
878 1799 974 1868 τῆς
1005 1797 1286 1869 ὑποθήκης
1313 1799 1387 1861 ὡς
1426 1799 1574 1868 παρὰ
1611 1799 1853 1866 τεχνίτου
1887 1801 1954 1868 τῇ
1988 1798 2103 1850 πείο
2133 1805 2174 1862 Β
2206 1789 2368 1853 αὐτὸς
2399 1787 2467 1862 ἦν
2501 1792 2561 1844 έν
2593 1795 2706 1856 τοῖς
2737 1793 2995 1862 μεγάλοις
3043 1795 3152 1848 τῶν
3186 1793 3446 1863 Πατέρων
3501 1793 3783 1861 κατορθῶ-

534 1895 623 1950 ρα,
661 1879 910 1933 ἀπελθὼν
935 1883 993 1933 ἐν
1026 1884 1092 1952 τῇ
1129 1881 1314 1954 κέλὶῃ,
1358 1881 1556 1935 ἔδωκεν
1593 1881 1748 1949 λόγον
1799 1883 1878 1954 τῷ
1911 1882 2102 1936 ἑαυτοῦ

533 1964 792 2017 συνειδότι
824 1965 899 2036 μὴ
926 1965 1258 2037 κοιμηθῆναι
1300 1966 1389 2019 διὰ
1416 1967 1594 2036 πάσης
1639 1969 1738 2037 τῆς
1771 1968 1960 2031 νυκτὸς
1984 2006 1998 2032 ,
2028 1972 2102 2039 μὴ

533 2047 713 2102 κλῖναι
746 2049 876 2116 γόνυ
925 2049 998 2111 ὡς
1055 2051 1145 2102 ἐπὶ
1186 2052 1459 2120 προφάσει
1511 2052 1843 2122 προσευχῆς,
1889 2053 1982 2104 ἐπὶ
2025 2055 2104 2124 τῷ

534 2134 725 2200 φυγεῖν
758 2133 856 2203 τὴν
878 2134 1171 2202 τυραννίδα
1197 2135 1292 2186 τοῦ
1329 2135 1520 2188 ὕπνου.

602 2216 808 2280 Μείνας
843 2214 936 2270 οὑν
966 2216 1056 2272 ἐπὶ
1084 2219 1160 2288 τῷ
1191 2218 1387 2289 κελλίῳ
1409 2219 1502 2289 ἐτη
1533 2218 1612 2285 ἓξ,
1644 2218 1742 2281 τὰς
1781 2220 1982 2284 νύκτας
2009 2223 2102 2273 πά-

536 2317 633 2362 σας
687 2302 848 2369 μέσον
903 2304 1001 2373 τῆς
1035 2304 1229 2374 κέλλης
1264 2304 1568 2371 ἱστάμενος.
1622 2303 1715 2355 καὶ
1745 2302 2103 2367 ἀδιαλείπτως

532 2382 608 2451 τῷ
638 2383 757 2452 Θεῷ
803 2388 1235 2456 προσευχόμενος
1257 2429 1271 2452 ,
1307 2387 1403 2438 καὶ
1447 2386 1521 2454 μὴ
1573 2384 1940 2454 ἐπικαμμύων
1976 2388 2104 2448 τοὺς

532 2465 886 2536 ὀφθαλμούςο
943 2470 1036 2521 καὶ
1094 2469 1265 2521 ταῦτα
1320 2467 1488 2521 ποιῶν
1537 2466 1630 2518 τοῦ
1664 2467 1984 2537 πράγματος
2006 2469 2104 2532 τῆς

532 2548 829 2601 ἀκολάστου
853 2549 1147 2619 ἐπιθυμίας
1180 2550 1562 2618 περιγενέσθαι
1584 2549 1684 2602 οὑκ
1707 2549 1967 2620 ἠδυνήθη.
2014 2550 2104 2621 Τῷ

530 2633 642 2686 ὄντι
669 2634 776 2705 γὰρ
806 2633 1019 2704 ἀληθῶς
1047 2634 1344 2696 ἀκόλαστος
1387 2633 1671 2703 ἐπιθυμία.
1726 2634 1949 2688 Ἑαυτὸν
1994 2635 2104 2706 γάρ

529 2709 763 2786 ὲκτήξας
790 2721 902 2780 τοῖς
935 2718 1114 2780 πόνοις
1139 2719 1315 2770 ἐκεῖνο
1346 2717 1406 2768 :6
1442 2716 1666 2786 αἰσχρὸν
1699 2715 1868 2778 πάθος
1901 2717 2102 2771 ὑποτά-

533 2799 620 2863 ξαι
652 2800 752 2853 οὑκ
788 2802 1028 2869 ἴσχυσεν.

601 2883 755 2936 Μετά
781 2884 954 2939 ταῦτα
980 2884 1154 2937 πάντα
1186 2885 1360 2953 ἑαυτῷ
1393 2885 1554 2937 πάλιν
1606 2883 1771 2952 ἀλλην
1830 2885 2102 2938 πολιτείαν

533 2967 662 3034 σκλη
675 2968 949 3036 ραγωγίας
975 2967 1220 3020 ὑπέθετο.
1261 2968 1642 3039 Ἐξερχόμενος
1668 2961 1819 3029 οὗτος
1841 2970 1866 3019 6
1895 2969 2103 3038 πύκτης

529 3048 622 3100 τοῦ
652 3050 864 3104 Σατανᾶ
909 3050 1200 3121 (διαφόρως
1235 3051 1345 3118 γὰρ
1397 3050 1570 3119 τούτῳ
1606 3050 1960 3119 ἐπύκτευσεν)
2005 3053 2104 3114 τὰς

2210 1890 2373 1943 μασιν
2394 1874 2818 1945 ἀριθμούμενος.
2852 1877 3088 1947 Τελευτᾷ
3128 1877 3186 1930 δέ
3207 1871 3360 1939 οὗτος
3391 1875 3535 1929 ἐτῶν
3561 1875 3787 1946 ἐϐδομή-

2206 1973 2372 2010 κοντα
2397 1957 2556 2010 πέντε
2587 1959 2646 2010 ἐν
2675 1961 2743 2030 τῇ
2771 1960 2844 2012 Σκ
2856 1961 2989 2030 ήτει,
3039 1960 3330 2031 γενόμενος
3385 1960 3782 2030 πρεσϐύτερος,

2207 2039 2524 2094 καταλιπὼν
2557 2042 2807 2112 μαθητὰς
2837 2044 3231 2114 ἑϐδομήκοντα.

2775 2128 3028 2180 ΚΕΦΑΛ.
3084 2128 3212 2180 KF'.

2489 2211 2628 2277 Περὶ
2660 2211 2902 2265 Παύλου
2930 2211 3035 2266 τοῦ
3069 2211 3139 2265 ἐν
3166 2210 3240 2278 τῇ
3280 2211 3498 2280 Φέρμῃ.

2279 2293 2440 2361 Ὅρος
2470 2293 2527 2345 ἐν
2548 2295 2613 2362 τῇ
2637 2293 2896 2363 Αἰγύπτῳ
2919 2293 3066 2346 ἐστὶν
3089 2295 3299 2360 ἀπάγον
3322 2293 3415 2347 ἐπὶ
3440 2292 3547 2362 τὴν
3593 2291 3784 2360 Σκῆτιν

2202 2375 2303 2442 τὴν
2331 2374 2558 2444 ἔρημον,
2583 2375 2612 2427 δ
2648 2376 2894 2432 καλεῖται
2944 2377 3157 2446 Φέρμη.
3217 2374 3304 2428 Ἐν
3335 2373 3514 2444 τούτῳ
3562 2373 3645 2444 τῷ
3673 2373 3785 2442 ὄρει

2206 2459 2526 2522 καθέζονται
2554 2459 2629 2522 ὡς
2659 2460 3001 2514 πεντακόσιοι
3051 2460 3241 2530 ἀνδρες
3296 2458 3654 2529 ἀσκούμενοι.
3701 2457 3787 2510 Ἐν

2205 2536 2284 2604 οἷς
2309 2544 2401 2594 καὶ
2419 2542 2626 2605 Παῦλός
2650 2561 2731 2606 τις
2760 2544 2992 2612 μοναχὺς
3017 2543 3158 2596 οὑτω
3180 2542 3512 2612 καλούμενος
3543 2542 3786 2611 ἄριστος,

2204 2626 2264 2688 6;
2292 2627 2349 2677 ἐν
2380 2629 2544 2678 παντὶ
2575 2627 2653 2697 τῷ
2683 2627 2859 2697 χρόνῳ
2887 2627 3050 2680 αὑτοῦ
3087 2626 3293 2697 ταύτην
3332 2620 3478 2694 εἶχεν
3508 2624 3617 2695 τὴν
3641 2623 3787 2675 πολι-

2205 2711 2374 2764 τείαν.
2400 2713 2513 2764 Οὐκ
2532 2712 2694 2781 ἔργου
2719 2712 2896 2781 ἣψατό
2927 2727 3080 2776 ποτε,
3110 2711 3171 2764 οὑ
3199 2709 3593 2780 πραγματείας
3621 2705 3784 2769 τινὸς,

2204 2794 2304 2845 οὑκ
2327 2792 2517 2846 ἐλαϐέν
2553 2811 2608 2846 τι
2660 2795 2812 2863 παρά
2860 2811 3005 2858 τινος
3055 2795 3325 2858 παρεκτὸς
3351 2787 3413 2848 οῦ
3465 2789 3703 2860 εμελλεν
3730 2791 3785 2840 ἐν

2206 2877 2343 2947 αὑτῇ
2365 2879 2433 2946 τῇ
2455 2876 2637 2947 ἡμέρᾳ
2660 2876 2880 2932 ἐσθίειν.
2909 2875 3108 2947 Ἔργον
3129 2877 3187 2928 δὲ
3209 2875 3353 2947 αὑτῷ
3369 2875 3470 2944 τῆς
3492 2873 3788 2943 ἀσκήσεως

2206 2959 2447 3025 γέγονεν,
2476 2958 2537 3010 τὸ
2561 2958 2918 3022 ἀδιαλείπτως
2946 2957 3363 3028 προσεύχεσθαι.
3412 2951 3587 3019 Οὗτος
3629 2971 3787 3008 τετυ-

2207 3045 2466 3113 πωμένας
2490 3041 2634 3115 εἶχεν
2671 3047 2773 3108 τάς
2805 3047 2968 3116 εὑχάς
3001 3044 3342 3116 τριακοσίας,
3375 3043 3655 3104 τοσαύτας
3682 3040 3786 3110 ψή-

529 3133 732 3197 νύκτας
757 3133 921 3205 ἀπῄει
949 3135 1028 3195 είς
1068 3133 1167 3195 τὰς
1199 3133 1390 3195 κέλλας
1416 3132 1524 3186 τῶν
1552 3135 1665 3194 τοῖς
1693 3133 1874 3195 πόνοις
1902 3150 2099 3202 συγγε-
2132 3133 2177 3191 C
2210 3146 2342 3199 φους
2369 3129 2640 3196 συνάγων,
2667 3130 2760 3182 καὶ
2775 3131 2833 3182 ἐν
2860 3130 2938 3199 τῷ
2956 3129 3139 3199 κόλπῳ
3159 3129 3425 3199 κατέχων,
3456 3127 3558 3180 καὶ
3582 3126 3788 3205 ῥίπτων

532 3200 946 3287 γήρακότωντῇ
977 3218 1209 3284 ἀσκήσει
1241 3217 1511 3285 μοναχῶν,
1571 3218 1664 3269 καὶ
1695 3216 1880 3269 λοιπὸν
1910 3219 1982 3287 μή
2007 3200 2100 3270 δυο
2205 3212 2328 3268 καθ’
2363 3213 2600 3284 ἑκάστην
2635 3213 2798 3283 εὐχὴν
2825 3215 2890 3266 ἐκ
2910 3213 3004 3266 τοῦ
3027 3213 3230 3266 κόλπου
3259 3212 3435 3282 ψῆφον
3476 3209 3636 3277 μίαν.
3686 3200 3788 3262 Οῦο

529 3299 778 3367 ναμένων
801 3299 902 3364 τὴν
930 3299 1023 3350 τοῦ
1056 3299 1247 3360 ὓδατος
1280 3300 1470 3368 χρείαν
1500 3298 1566 3351 δι’
1592 3298 1800 3350 ἑαυτῶν
1829 3300 2099 3368 κομίζεινο
2205 3314 2297 3358 τος
2326 3297 2354 3348 ό
2380 3294 2558 3357 ἔνθεος
2588 3295 2872 3366 ἄνθρωπος
2924 3294 3254 3364 παραϐαλὼν
3278 3293 3572 3362 συντυχίας
3601 3292 3785 3346 ἕνεκεν

531 3382 624 3433 καὶ
644 3380 935 3450 λαμϐάνων
961 3380 1061 3443 τὰς
1084 3381 1268 3450 ὑδρίας
1292 3381 1492 3446 αὐτῶν,
1515 3382 1852 3449 ἀγνοούντων
1878 3384 2102 3438 ἐκείνων
2204 3380 2302 3434 καὶ
2323 3378 2592 3448 ὡφελείας
2624 3378 2998 3448 πνευματικῆς
3017 3379 3095 3448 τῷ
3126 3378 3264 3448 ἁγίῳ
3289 3376 3568 3447 Μακαρίῳ
3590 3375 3670 3445 τῷ
3697 3375 3784 3427 λε-

532 3463 775 3533 ἐπλήρου
805 3463 897 3516 τοῦ
935 3463 1145 3526 ὕδατος.
1212 3464 1344 3517 Ἀπὸ
1380 3466 1588 3534 μήκους
1642 3466 1748 3535 γὰρ
1785 3464 1999 3533 ἔχουσιν
2046 3469 2104 3519 ἐν
2205 3464 2420 3534 γομένῳ
2443 3463 2723 3533 πολιτικῷ,
2745 3463 2889 3532 λέγει
2915 3463 3083 3534 αὐτῷ·
3105 3463 3271 3517 Ἀϐϐά
3295 3461 3575 3529 Μακάριε,
3608 3458 3782 3512 θλίϐοι

531 3548 756 3610 ἐκείνοις
790 3550 924 3610 ιτοῖς
952 3549 1136 3611 τόποις
1167 3549 1227 3600 τὸ
1265 3549 1430 3620 ὓδωρ,
1467 3550 1514 3601 οί
1549 3551 1644 3619 μὲν
1677 3551 1786 3603 ἀπὸ
1817 3550 1928 3614 δύο,
1964 3551 2010 3603 0’
2046 3552 2104 3606 δὲ

532 3631 639 3684 ἀπὸ
679 3633 837 3683 πέντε
889 3632 1152 3701 σημείων,
1195 3634 1243 3685 οί
1291 3632 1350 3685 δὲ
1397 3632 1504 3685 ἀπὸ
1533 3633 1791 3702 ἡμίσεως.
1825 3637 1972 3698 Μιᾶς
2011 3634 2105 3691 οὖν

530 3713 638 3774 τῶν
663 3713 872 3767 νυκτῶν
895 3715 952 3768 ὲν
976 3706 1021 3782 ᾧ
1044 3715 1199 3769 τοῦτο
1231 3716 1424 3783 ἐποίει,
1449 3718 1786 3788 ἐπιτηρήσας
1817 3721 1844 3771 6
1873 3719 2102 3788 δαίμων,

533 3795 628 3849 καὶ
665 3798 862 3866 μηκέτι
883 3797 1064 3867 φέρων
1094 3799 1187 3851 τοῦ
1213 3799 1446 3870 ἀθλητοῦ
1475 3802 1572 3870 τὴν
1610 3805 1925 3870 καρτερίαν,
1945 3803 2107 3870 ἐγκύ-

529 3880 692 3947 ψαντι
731 3881 878 3952 αὑτῷ
917 3884 996 3944 είς
1025 3882 1084 3934 :6
1111 3884 1287 3953 φρέαρ
1319 3886 1408 3936 ἐπὶ
1442 3884 1646 3954 τῷίτὴν
1677 3885 1863 3955 ὑδρίαν
1888 3888 2105 3957 πληρῶ-

535 3966 624 4017 σαί
679 3981 821 4028 τινος
863 3965 1121 4035 μοναχοῦ,
1179 3966 1410 4020 δέδωκεν
1437 3967 1584 4037 αὐτῷ
1640 3971 1779 4020 κατά
1811 3971 1918 4022 τῶν
1956 3971 2108 4039 ψυῶν

535 4048 753 4116 ῥοπάλῳ
771 4047 900 4109 τινὶ,
937 4051 1031 4100 καὶ
1065 4049 1276 4118 ἀφῆκεν
1315 4049 1475 4102 αὑτὸν
1504 4051 1578 4117 τῷ
1609 4052 1758 4121 τόπῳ
1791 4053 2001 4106 κεῖσθαι
2027 4071 2109 4106 νε⁴

533 4131 682 4195 κρὸν,
719 4131 841 4198 μηδ’
861 4131 995 4194 ὅλως
1021 4131 1410 4201 αίσθανόμενον
1437 4135 1574 4200 μήτε
1603 4133 1630 4184 6
1659 4136 1946 4201 πέπονθεν,
1972 4139 2107 4206 μήτε

535 4218 686 4282 παρὰ
732 4214 872 4276 τίνος
931 4216 1088 4270 τοῦτο
1126 4218 1356 4285 ὑπέστη.
1414 4218 1526 4286 Τὴν
1577 4218 1668 4270 οὖν
1704 4215 1870 4290 ἄπλην
1899 4222 2109 4290 ἡμέραν

535 4295 706 4348 ἐλθών
743 4315 826 4359 τις
860 4298 968 4351 τῶν
1006 4299 1253 4368 μοναχῶν
1283 4301 1569 4369 ἀντλῆσαι,
1605 4298 1765 4370 εὗρεν
1809 4303 1970 4356 αὑτὸν
1996 4309 2114 4358 ἐκεῖ

536 4378 786 4445 κείμενον
816 4381 912 4432 καὶ
937 4381 1415 4454 ψυχορραγοῦντα.
1454 4386 1562 4436 Καὶ
1591 4383 1761 4436 ἐλθὼν
1789 4386 2110 4454 ἀνήγγειλεν

2211 3568 2306 3620 μαι
2325 3549 2546 3617 σφόδρα.
2584 3549 2921 3615 Ὴνάγκασεν
2942 3543 3031 3600 οὖν
3050 3546 3212 3600 αὑτὸν
3236 3547 3264 3598 6
3284 3543 3376 3597 τοῦ
3405 3543 3652 3614 Χριστοῦ
3673 3542 3790 3595 δοῦ-

2207 3633 2296 3697 λος
2316 3634 2488 3686 εἰπεῖν
2513 3631 2612 3701 τήν
2643 3631 2821 3684 αἰτίαν
2845 3629 2910 3682 δι’
2939 3631 3006 3700 ἢν
3036 3629 3304 3682 λυπεῖται·
3325 3627 3422 3680 ὸδὲ
3440 3627 3594 3696 λέγει
3618 3625 3784 3695 αὐτῷ’

2782 3716 3031 3768 ΚΕΦΑΛ.
3074 3713 3198 3768 KA'.

2264 3800 2402 3868 Περὶ
2437 3797 2732 3867 παρθένου
2762 3797 3125 3861 ἑπτακοσίας
3149 3795 3334 3863 εὐχὰς
3353 3791 3729 3860 ποιησάσης.

2292 3886 2380 3939 Ἐν
2407 3885 2566 3957 κώμῃ
2597 3884 2707 3936 τινι
2735 3881 3000 3953 παρθένος
3037 3897 3121 3941 τις
3174 3880 3418 3932 κατοικεῖ
3463 3875 3787 3946 τριακοστὸν

2213 3970 2328 4032 ἔτος
2355 3970 2453 4039 ’ήδη
2495 3971 2692 4036 ἔχουσα
2729 3967 3069 4035 ἀσκουμένη·
3109 3965 3236 4033 περὶ
3268 3958 3333 4030 ἧς
3362 3959 3550 4014 πολλοί
3591 3977 3681 4031 μοι
3707 3959 3786 4012 δι-

2214 4057 2512 4122 ηγήσαντο,
2547 4053 2628 4103 ὅτι
2659 4050 2930 4122 παρεκτὸς
2956 4046 3234 4106 Σαϐϐάτου
3259 4045 3291 4116 ἢ
3321 4045 3610 4115 Κυριακῆς
3638 4042 3786 4096 0656-

2212 4153 2342 4189 ποτε
2364 4137 2584 4201 γεύεται
2611 4134 2776 4203 ἄλλην
2799 4133 3032 4203 ἡμέραν,
3057 4130 3193 4184 ἀλλά
3221 4130 3312 4182 τὸν
3337 4128 3632 4198 σύμπαντα
3663 4125 3787 4197 χρό-

2212 4237 2298 4274 νον
2345 4219 2576 4281 ἕλκουσα
2619 4218 2718 4280 τάς
2767 4216 3086 4286 ἑϐδομάδας,
3142 4214 3239 4268 καὶ
3268 4212 3335 4266 δι’
3365 4211 3592 4284 ήμερῶν
3626 4212 3783 4262 πέντε

2213 4304 2488 4367 ἐσθίουσα,
2530 4304 2672 4355 ποιεῖ
2700 4302 2864 4370 εὐχάς
2894 4300 3243 4362 ἑπτακοσίας.
3296 4299 3406 4350 Καὶ
3432 4295 3784 4363 ἀπευδόκησα

2213 4388 2322 4457 ἐγὼ
2380 4385 2639 4456 ἐμαυτοῦ,
2694 4385 2853 4438 τοῦτο
2885 4384 3091 4456 μαθὼν,
3139 4385 3232 4437 καὶ
3286 4382 3665 4451 λογισάμενος,
3704 4379 3784 4430 ὅτι

534 4460 611 4528 τῷ
641 4463 860 4533 μεγάλῳ
912 4463 1161 4534 Ἰσιδώρῳ
1202 4465 1281 4536 τῷ
1317 4465 1670 4536 πρεσϐυτέρῳ
1694 4468 1792 4536 τῆς
1833 4453 2102 4538 Σκήτεως.
2140 4472 2183 4525 D
2210 4453 2349 4543 ἀνὴρ
2387 4453 2508 4524 κατ’
2541 4469 2754 4539 ἐκείνην
2786 4472 2851 4540 τῇ
2887 4453 3049 4541 ῥώμῃ
3092 4468 3183 4523 τοῦ
3238 4467 3486 4536 σώματος
3519 4466 3784 4534 δημιουρ-

550 4541 822 4597 ²Απελθὼν
851 4545 908 4598 δέ
942 4547 1079 4616 μετά
1107 4564 1266 4600 τινων
1297 4547 1475 4599 λαϐὼν
1508 4549 1667 4600 αὑτὸν
1701 4550 1929 4618 ἤνεγκεν
1959 4554 2014 4604 ἐν
2041 4557 2106 4623 τῇ

550 4629 864 4700 Ἐκκλησία,
915 4630 1012 4682 καὶ
1056 4631 1148 4682 ἐπὶ
1175 4632 1625 4702 ἐνιαυτὸν,πλήρη
1653 4625 1805 4697 οὗτος
1830 4635 2104 4705 ἐνόσησεν,

535 4713 612 4774 ὼς
643 4713 795 4780 μόλις
842 4714 1094 4778 γενέσθαι
1138 4715 1199 4767 τὸ
1229 4715 1385 4785 σῶμα
1415 4717 1579 4769 αὑτοῦ
1603 4718 1692 4770 καὶ
1716 4718 1814 4785 τὴν
1845 4719 2022 4790 ψυχὴν
2051 4722 2107 4771 ἐν

538 4793 703 4864 ἰσχύϊ.
739 4796 869 4848 Τότε
903 4797 1050 4863 λέγει
1078 4798 1227 4867 αὐτῷ
1253 4801 1280 4851 6
1303 4798 1474 4867 μέγας
1513 4801 1688 4872 ἱερεὺς
1731 4801 1824 4854 τοῦ
1871 4803 2106 4870 Χριστοῦ

551 4878 815 4948 Ἰσίδωρος
840 4897 854 4910 ο
887 4880 1102 4934 Παῦσαι
1150 4882 1334 4935 λοιπὸν
1355 4887 1468 4944 τοῖς
1497 4885 1713 4954 δαίμοσι
1765 4885 2104 4952 φιλονεικῶν,

534 4962 753 5030 ἁδελφὲ,
780 4966 874 5014 καὶ
921 4965 993 5032 μὴ
1021 4967 1206 5025 αὐτοῖς
1258 4967 1577 5037 ἐπέμδαινε.
1619 4969 1814 5039 Μέτρα
1853 4970 1962 5038 γάρ
2001 4971 2107 5022 είσι

538 5046 760 5114 καὶτῆς
803 5047 1088 5116 ἀσκήσεως
1147 5049 1244 5119 τῆς
1292 5052 1429 5121 πρὸς
1484 5052 1609 5114 τοὺς
1661 5051 1918 5119 δαίμονας
1949 5057 2006 5104 ὲν
2037 5057 2104 5126 τῇ

537 5132 790 5201 ἀσκήσει.
835 5132 893 5184 ’0
921 5132 976 5184 δὲ
1001 5133 1314 5202 ἀδάμαστος
1347 5135 1440 5187 τοῦ
1473 5137 1708 5205 Χριστοῦ
1752 5137 1992 5207 Μωῦσῆς
2021 5138 2106 5190 λέ-

537 5233 622 5267 γει
646 5213 722 5284 τῷ
754 5215 973 5284 μεγάλῳ
994 5232 1006 5245 ·
1035 5219 1109 5269 Οὺ
1141 5217 1216 5286 μὴ
1248 5223 1545 5290 παύσωμαι
1573 5221 1666 5272 τοῦ
1695 5221 1961 5290 μάχεσθαι
1989 5224 2106 5290 μετ’

535 5300 736 5364 αυτῶν,
756 5299 859 5364 ἕως
877 5299 1231 5372 ἂν,παύσηταί
1247 5320 1350 5372 μου
1367 5306 1398 5374 ή
1414 5304 1680 5372 φαντασία
1696 5303 1801 5357 τῶν
1816 5306 2101 5360 ἐνυπνίων.

538 5385 669 5437 Τότε
696 5383 844 5451 λέγει
871 5386 1021 5456 αὑτῷ
1055 5387 1082 5439 ὁ
1123 5386 1214 5438 τοῦ
1277 5389 1510 5458 Χριστοῦ
1559 5390 1745 5450 δοῦλος
1782 5389 2052 5459 Ἰσίδωρος
2079 5392 2107 5444 6

537 5467 904 5540 πρεσϐύτερος
931 5487 943 5501 ·
993 5470 1082 5523 Ἐν
1120 5471 1198 5542 τῷ
1247 5473 1469 5540 ὀνόματι
1515 5472 1686 5542 Ἰησοῦ
1709 5473 1966 5542 Χριστοῦ,
2001 5474 2108 5527 ἀπὸ

537 5553 629 5603 τοῦ
665 5551 760 5607 νῦν
787 5555 1062 5607 πέπαυται
1097 5573 1190 5607 σου
1218 5557 1284 5608 τὰ
1337 5557 1559 5628 ἀπρεπῆ
1611 5557 1858 5610 ἐνύπνια.
1906 5559 2106 5612 Λοιπὸν

441 5647 449 5656 ·
543 5636 678 5700 μ;τά
701 5637 1014 5705 παρρησίας
1065 5642 1175 5702 τοῖς
1219 5641 1539 5710 μυστηρίοις
1595 5642 1940 5710 κοινώνησον.
1991 5640 2104 5696 Ἵνα

539 5718 642 5797 γὰρ
671 5719 743 5791 μὴ
776 5723 1058 5792 καυχήσῃ,
1093 5723 1164 5788 ὡς
1199 5727 1262 5796 τῇ
1305 5728 1368 5795 σῇ
1421 5726 1648 5794 ἀσκήσει
1685 5728 2104 5798 περιγενόμενος

2211 4556 2396 4625 γηθεὶς
2432 4555 2572 4625 ὑπὲρ
2590 4554 2686 4616 τὰς
2714 4553 3028 4623 τριακοσίας
3058 4552 3222 4622 εὑχάς
3269 4554 3490 4620 ποιῆσαι
3521 4549 3625 4602 οὑκ
3655 4547 3782 4616 ἠδυ-

2210 4640 2396 4710 νήθην.
2453 4639 2825 4708 Ἀποκρίνεται
2849 4638 2996 4707 αύτῷ
3032 4641 3058 4690 ό
3089 4637 3242 4704 ἅγιος
3263 4637 3568 4705 Μακάριος,
3588 4633 3780 4699 λέγων·

2222 4723 2361 4790 Ἐγὼ
2395 4721 2683 4791 ἑξηκοστὸν
2711 4720 2828 4784 ἔτος
2860 4722 2967 4791 ἔχω
2999 4721 3092 4789 ἀφ’
3121 4716 3182 4774 οῦ
3213 4719 3404 4774 ἐκατδν
3441 4715 3780 4784 τεταγμένας

2211 4807 2374 4874 εὐχὰς
2407 4805 2544 4857 ποιῶ
2574 4805 2698 4857 καὶ.
2722 4805 2789 4855 τὰ
2841 4804 2975 4872 πρὸς
3015 4802 3221 4874 τροφὴν
3261 4803 3631 4872 ἐργαζόμενος
3665 4798 3780 4857 1&5;

2211 4889 2416 4958 χερσὶν,
2452 4891 2546 4941 καὶ
2573 4891 2685 4951 τοῖς
2705 4887 2950 4956 ἀδελφοῖς
2981 4888 3076 4956 τὴν
3109 4885 3323 4955 ὀφειλὴν
3353 4888 3450 4954 τῆς
3494 4880 3782 4950 συντυχίας

2209 4971 2493 5034 ἀποδιδούς
2515 4989 2527 5001 ·
2567 4973 2659 5025 καὶ
2711 4972 2769 5024 ού
2801 4973 2975 5040 κρίνει
3009 4988 3074 5041 με
3111 4975 3138 5024 6
3169 4971 3422 5040 loywp’;
3466 4968 3542 5028 ὡς
3574 4966 3780 5035 ἀμελή-

2211 5073 2400 5111 σαντα.
2434 5057 2493 5119 Εί
2531 5057 2585 5108 δὲ
2621 5056 2683 5108 σὺ
2718 5057 3032 5126 τριακοσίας
3078 5057 3243 5126 εὐχὰς
3277 5054 3443 5107 ποιῶν
3491 5054 3650 5122 κρίνῃ
3677 5048 3779 5102 ὑπὸ

2209 5141 2300 5195 τοῦ
2326 5141 2812 5209 συνειδότοςηδῆλος
2837 5136 2886 5193 εἴ
2912 5132 3166 5211 καθαρῶς
3189 5142 3354 5204 αὑτὰς
3377 5141 3451 5209 μὴ
3467 5140 3779 5208 εὐχόμενος,

2209 5227 2242 5296 ἢ
2273 5227 2563 5297 δυνάμενος
2594 5227 2844 5289 πλείονας
2880 5225 3134 5295 εὔχεσθαι
3167 5229 3261 5279 καὶ
3299 5224 3373 5295 μὴ
3403 5225 3716 5294 εὐχόμενος.

2784 5310 3032 5364 ΚΕΦΑΔ.
3075 5311 3119 5361 Κ
3131 5311 3203 5362 Ε’.

2385 5395 2525 5462 Περὶ
2563 5393 2855 5462 Εὐλογίου
2897 5393 2994 5445 καὶ
3016 5392 3121 5446 τοῦ
3162 5392 3601 5460 λελωϐημένου.

2279 5477 2507 5545 Κρόνιος
2533 5495 2621 5547 μοι
2650 5478 2986 5547 διηγήσατοό
3004 5475 3370 5546 πρεσϐύτερος
3396 5478 3493 5545 τῆς
3525 5475 3774 5542 Νιτριας,

2208 5559 2290 5613 ὅτι
2319 5560 2581 5630 νεώτερος
2613 5560 2686 5613 ὢν
2739 5560 2800 5613 τὸ
2851 5559 2971 5612 κατ’
2996 5559 3190 5630 ἀρχὰς,
3230 5559 3324 5612 καὶ
3361 5558 3589 5628 ἀκηδίας
3621 5557 3776 5625 χάριν

2208 5643 2397 5713 φυγὼν
2424 5646 2488 5698 ἐκ
2519 5645 2618 5713 τῆς
2653 5645 2816 5715 μονῆς
2848 5643 2940 5696 τοῦ
2969 5643 3392 5714 ἀρχιμανδρίτου
3429 5659 3531 5712 μου
3566 5641 3776 5709 ἀλώμε-

2210 5745 2294 5792 νος
2327 5727 2533 5798 ἔφθασα
2551 5729 2652 5794 ἕως
2674 5729 2767 5782 τοῦ
2799 5729 2955 5801 δρους
2987 5729 3075 5783 τοῦ
3095 5730 3248 5796 ἁγίου
3287 5725 3780 5794 Ἀντωνίου.Ἐκαθ-
