4060 6536
291 366 431 426 1069

286 565 601 632 duodecim,
641 563 925 634 plurimum
974 575 1224 630 operans,
1254 567 1309 616 et
1338 558 1719 629 quinquaginta
1742 571 1859 612 ora-

286 659 459 714 tiones
487 654 727 727 quotidie
760 667 1042 723 peragens.

361 749 527 803 Porro
556 756 730 801 autem
759 744 1004 816 quamvis
1037 756 1189 797 suum
1218 748 1542 795 macerasset
1569 752 1859 807 corpuscu-

288 840 422 905 lum,
452 837 744 908 permansit
783 844 960 890 tamen
1011 833 1388 897 inﬂammatus,
1419 839 1475 886 et
1506 831 1771 899 praecipue
1811 830 1863 885 in

286 931 511 985 somnis.
548 928 678 983 Cum
708 935 885 981 autem
919 927 1255 986 surrexisset,
1299 923 1546 977 convenit
1582 919 1865 991 quemdam

287 1017 449 1072 alium
481 1016 798 1071 monachum
830 1026 1070 1069 sanctum
1089 1011 1540 1083 probatissimum,
1564 1012 1683 1065 etei
1706 1010 1863 1065 dicit:

287 1107 427 1175 Quid
458 1107 671 1170 faciam,
702 1104 878 1160 abba?
909 1102 1117 1157 Rationi
1150 1116 1281 1156 mea:
1309 1101 1554 1155 tenebras
1584 1099 1867 1155 offundunt

288 1198 496 1254 somnia
524 1196 707 1261 animi,
747 1205 805 1251 ut
828 1196 920 1264 qui
944 1195 1023 1249 eis
1051 1209 1118 1247 ex
1145 1191 1317 1249 veteri
1362 1191 1746 1247 consuetudine
1774 1190 1868 1245 de-

288 1289 479 1346 lecter.
509 1288 650 1343 Dicit
677 1288 726 1341 ei
755 1288 842 1341 ille
881 1292 1099 1340 sanctus
1128 1300 1142 1338 :
1176 1283 1291 1338 Non
1317 1282 1607 1338 eohibuisti
1634 1290 1867 1336 mentem

288 1390 434 1434 tuam
482 1392 512 1433 a
538 1377 669 1431 visis
697 1392 816 1444 qua:
844 1376 901 1431 in
931 1376 1010 1431 eis
1052 1382 1355 1437 versantur,
1381 1387 1441 1426 ea
1471 1372 1539 1427 de
1569 1386 1725 1427 causa
1754 1370 1868 1426 haec

287 1470 545 1525 sustines.
578 1468 683 1522 Fac
713 1481 840 1535 ergo
866 1465 1006 1535 quod
1047 1464 1188 1519 dico.
1238 1462 1382 1517 Dede
1410 1470 1462 1516 te
1503 1462 1757 1531 paulatim
1790 1460 1871 1514 vi-

287 1561 450 1632 gilite,
477 1568 532 1615 et
555 1574 651 1617 ora
680 1557 919 1622 sobrius;
952 1565 1004 1611 et
1033 1555 1099 1609 ab
1124 1554 1206 1609 his
1234 1555 1341 1607 cito
1370 1550 1702 1608 liberaberis.
1735 1549 1868 1605 Cum

293 1653 398 1710 hoc
423 1661 601 1707 autem
630 1651 890 1705 monitum
916 1645 1263 1704 audiissetvir
1278 1646 1582 1716 praeclarus,
1620 1654 1871 1713 tanquam

291 1746 361 1800 ab
387 1759 452 1800 eo
481 1744 570 1814 qui
600 1749 720 1799 erat
762 1740 950 1795 artifex
997 1737 1348 1807 experientia,
1379 1736 1434 1790 in
1463 1735 1650 1791 cellam
1685 1747 1870 1788 rever-

1573 353 1883 411 HISTORIA
1928 355 2011 409 LA
2022 355 2282 413 USIACA.

286 485 345 530 ut
380 475 469 545 qui
498 471 633 528 nihil
662 470 803 526 aliud
833 476 1066 525 sumeret
1112 475 1303 536 praeter
1335 464 1485 535 panis
1514 465 1641 520 sicci
1671 463 1865 520 uncias
1887 470 1934 528 ,1

3395 359 3529 422 1070

1962 482 2027 522 ne
2049 467 2309 524 incideret;
2340 468 2388 522 in
2420 467 2581 523 animi
2607 468 2909 525 elationem.
2944 469 3035 524 His
3061 470 3255 527 auditis
3283 486 3529 531 reversus

1965 568 2047 613 est
2086 559 2137 613 in
2174 559 2385 625 cellam,
2426 559 2604 628 quiete
2642 559 2895 629 deinceps
2939 560 3217 615 attendens
3255 565 3528 620 moderato

1965 649 2208 705 instituto
2258 651 2673 706 exercitationis.
2719 651 2845 706 Post
2888 652 3023 706 duos
3063 663 3242 708 autem
3286 655 3369 710 vel
3422 666 3529 711 tres

1966 757 2176 797 menses
2205 751 2418 813 rogatus
2445 759 2474 797 a
2505 743 2661 799 beato
2688 742 2894 799 lsidoro
2926 744 3239 814 presbytero
3266 748 3529 801 exercita-

1966 842 2051 888 tor
2083 835 2294 906 Moyses
2325 835 2555 903 nunquid
2586 836 2811 905 amplius
2857 837 2905 892 ei
2938 837 3232 893 molestiam
3262 838 3532 892 exhibuis-

1964 936 2049 982 set
2075 928 2309 994 Spiritus,
2340 927 2650 995 respondit:
2694 927 2774 982 Ab
2820 928 2906 983 illa
2941 929 3067 983 hora
3098 943 3201 998 qua
3250 928 3378 982 mihi
3411 943 3533 997 pre-

1966 1028 2114 1074 catus
2142 1028 2225 1073 est
2249 1019 2443 1074 Christi
2476 1033 2679 1085 servus,
2713 1020 2842 1075 nihil
2874 1019 3000 1075 mihi
3026 1021 3217 1075 accidit
3249 1019 3531 1089 ejusmodi.

1968 1110 2223 1180 Dignatus
2256 1119 2338 1164 est
2370 1118 2548 1164 autem
2582 1109 2667 1163 hic
2703 1121 2919 1166 sanctus
2947 1111 3112 1181 gratia
3144 1111 3396 1166 adversus
3424 1110 3535 1165 d33-

1970 1215 2174 1268 niones,
2215 1200 2349 1269 adeo
2377 1201 2591 1257 utsicut
2631 1214 2728 1255 nos
2755 1215 2965 1255 muscas
3014 1199 3188 1255 hieme
3232 1200 3531 1255 contemni-

1968 1310 2117 1361 mus;
2168 1295 2275 1360 ita,
2307 1302 2465 1364 atque
2508 1294 2641 1350 adeo
2669 1293 2914 1361 amplius,
2947 1292 3033 1347 hic
3061 1308 3282 1360 magnus
3329 1294 3537 1361 Moyses

1969 1390 2337 1440 contemneret
2364 1383 2657 1437 dzemones.
2714 1382 2838 1436 Hmc
2866 1391 2947 1437 est
2978 1380 3225 1448 religiosa
3270 1388 3324 1434 et
3352 1389 3533 1433 sancta

1971 1475 2077 1528 vita
2101 1488 2259 1544 quam
2285 1479 2394 1544 egit
2435 1472 2661 1527 invictus
2687 1471 2883 1527 athleta
2917 1472 3125 1540 Moyses
3151 1468 3421 1538 Ethiops,
3446 1470 3535 1539 qui

1974 1564 2090 1630 ipse
2115 1578 2328 1633 quoque
2372 1562 2752 1618 numerabatur
2797 1562 2935 1615 inter
2965 1573 3202 1629 magnos.
3249 1558 3393 1614 Obiit
3415 1567 3536 1612 ante

1975 1653 2066 1726 [θ’.
2092 1655 2191 1726 leg.
2225 1654 2425 1726 autem]
2455 1656 2782 1723 septuaginta
2824 1654 3055 1722 quinque
3075 1659 3433 1706 annosnatus
3483 1651 3537 1704 in

1974 1748 2151 1813 Scete,
2177 1764 2297 1803 cum
2342 1747 2512 1801 factus
2550 1754 2694 1801 esset
2736 1744 3029 1815 presbyter,
3082 1743 3281 1799 relictis
3328 1751 3538 1811 septua-

291 1850 407 1903 sus,
433 1835 565 1889 divit
590 1832 639 1888 ei
660 1874 675 1898 ,
704 1832 844 1903 quod
869 1831 1080 1901 quidem
1110 1844 1202 1884 sua
1230 1829 1361 1882 sciat
1386 1826 1735 1890 conscientia,
1763 1832 1867 1879 tota
1902 1835 1947 1895 Β
1974 1841 2349 1911 gmlaquinque
2375 1838 2668 1907 discipulis.

292 1936 452 1982 nocte
484 1939 587 1979 non
617 1922 931 1987 dormiisse;
980 1934 1086 1975 non
1115 1918 1368 1974 orationis
1415 1926 1675 1987 prmtextu
1703 1930 1871 1985 genu-

296 2017 536 2083 ilexisse,
569 2022 626 2069 ut
654 2015 824 2068 somni
858 2012 1060 2081 fugeret
1089 2009 1446 2082 tyrannidem.

365 2108 497 2162 Cum
542 2105 697 2162 annis
741 2119 870 2174 ergo
898 2118 990 2159 sex
1036 2105 1316 2156 mansisset
1345 2102 1395 2155 in
1422 2099 1576 2166 cella,
1608 2107 1747 2153 totas
1773 2112 1871 2152 no-

293 2210 410 2256 ctes
440 2207 589 2253 stans
634 2199 685 2253 in
735 2198 910 2252 medio
939 2197 1108 2259 cellas,
1141 2204 1194 2249 et
1223 2195 1386 2249 Deum
1431 2205 1595 2247 orans
1634 2189 1868 2257 assidue,

278 2288 349 2349 ἐι
384 2308 489 2348 non
520 2292 773 2347 claudens
805 2289 1020 2352 oculos,
1065 2303 1170 2343 non
1221 2287 1387 2356 potuit
1432 2286 1872 2352 intemperantem

292 2387 513 2441 vincere
561 2383 925 2453 cupiditatem.
974 2381 1176 2435 Revera
1222 2381 1362 2433 enim
1393 2393 1497 2431 non
1537 2384 1716 2444 potest
1744 2388 1874 2431 vere

299 2477 553 2547 castigari
600 2475 880 2544 cupiditas.
928 2474 1059 2527 Cum
1087 2472 1225 2527 enim
1271 2470 1501 2540 scipsum
1534 2466 1874 2521 tabefecisset

296 2568 591 2634 laboribus,
623 2577 831 2638 turpem
864 2564 1007 2621 illam
1036 2564 1367 2619 affectionem
1396 2578 1500 2617 non
1529 2558 1697 2631 potuit
1729 2559 1872 2613 subi-

295 2677 448 2734 gere.
1091 2662 1095 2667 '

373 2754 498 2809 Post
544 2754 659 2807 haec
706 2749 863 2805 aliam
911 2748 1012 2804 sibi
1046 2747 1309 2820 suggessit
1356 2746 1621 2800 rationem
1669 2757 1873 2812 aspera:

294 2847 422 2900 vitae
450 2844 685 2917 agendae.
712 2843 1002 2913 Egrediens
1026 2841 1111 2895 hic
1135 2841 1276 2912 pugil
1303 2838 1512 2896 Satanae
1538 2838 1707 2908 (varie
1730 2837 1872 2893 enim

300 2953 422 2994 cum
453 2952 518 2992 eo
558 2934 870 3005 decertavit)
901 2934 1145 2990 noctibus
1173 2933 1351 2988 abibat
1399 2932 1464 2987 ad
1494 2934 1655 2987 cellas
1686 2946 1873 2985 mona-

297 3031 546 3091 chorum,
592 3027 682 3097 qui
731 3041 790 3081 se
815 3026 1113 3082 exercendo
1156 3031 1548 3080 consenuerant
1596 3024 1647 3078 in
1680 3023 1874 3078 labori-

297 3120 424 3186 bus,
452 3128 505 3173 et
533 3134 627 3189 per
657 3132 716 3171 se
744 3132 934 3186 aquam
967 3131 1069 3169 non
1116 3125 1358 3183 poterant
1402 3114 1627 3183 amplius
1671 3116 1872 3181 impor-

2529 1945 2752 2002 CAPUT
2802 1943 2989 2000 XXIII.
3076 1960 3079 1961 '

2424 2034 2544 2090 Vita
2571 2036 2762 2090 abbatis
2794 2033 2951 2088 Pauli
2969 2033 3102 2107 (57).

2045 2132 2193 2187 Mons
2220 2140 2304 2185 est
2333 2132 2384 2185 In
2416 2128 2674 2199 IEgypto,
2720 2128 2987 2182 abducens
3029 2126 3082 2180 in
3110 2134 3313 2179 vastam
3360 2124 3542 2181 Scetes

1973 2221 2337 2285 solitudinem,
2367 2220 2456 2290 qui
2503 2218 2798 2289 appellatur
2841 2216 3087 2273 Pherme.
3118 2217 3175 2272 In
3220 2219 3320 2271 hoc
3364 2225 3542 2272 monte

1974 2314 2164 2368 sedent
2187 2312 2399 2367 circiter
2421 2309 2691 2381 quingenti
2719 2307 2962 2363 homines
2983 2308 3073 2377 qui
3096 2316 3435 2372 exercentur.
3459 2307 3543 2365 In»

1975 2414 2056 2460 ter
2084 2418 2218 2474 quos
2247 2401 2343 2457 fuit
2370 2402 2530 2457 etiam
2561 2400 2794 2471 quidam,
2827 2398 3042 2456 nomine
3070 2397 3264 2456 Paulus
3284 2442 3298 2466 ,
3348 2416 3543 2456 mnna-

1973 2496 2104 2551 chus
2131 2495 2382 2565 optimus,
2414 2495 2503 2563 qui
2532 2502 2644 2549 toto
2672 2508 2770 2548 suo
2792 2501 3030 2562 tempore
3058 2493 3195 2547 hanc
3224 2494 3330 2562 egit
3358 2493 3540 2548 vitam.

1973 2585 2250 2657 Nunquam
2276 2599 2408 2655 opus
2434 2584 2635 2655 attigit,
2662 2599 2761 2638 nec
2788 2584 2954 2638 ullum
2980 2586 3211 2653 suscepit
3240 2586 3507 2653 negotium
3530 2626 3543 2646 ,

1974 2679 2047 2735 nil
2092 2694 2320 2747 unquam
2371 2677 2578 2747 accepit
2622 2676 2689 2731 ab
2728 2676 2945 2744 aliquo,
2994 2685 3344 2746 praeterquam
3403 2675 3566 2753 quod)

1976 2776 2156 2839 posset
2200 2768 2253 2822 in
2282 2768 2396 2834 ipso
2440 2766 2527 2821 die
2554 2765 2857 2821 comedere.
2894 2764 3016 2819 Fuit
3060 2774 3236 2820 autem
3267 2780 3383 2834 eius
3410 2756 3576 2834 opus.

1974 2871 2029 2916 et
2056 2860 2387 2925 exercitatio,
2419 2873 2573 2913 orare
2613 2866 2892 2926 perpetuo.
2925 2856 3021 2911 Hic
3070 2855 3299 2911 habebat
3343 2864 3546 2912 trecen-

1978 2966 2058 3012 tas
2099 2969 2288 3024 preces
2317 2965 2598 3022 expressas
2624 2960 2677 3006 et
2706 2951 3047 3020 praestitutas,
3090 2950 3307 3004 totidem
3344 2948 3548 3004 habens

1977 3046 2030 3100 in
2052 3047 2169 3099 sinu
2208 3043 2463 3108 calculos,
2514 3051 2567 3097 et
2604 3041 2657 3096 in
2706 3055 3018 3110 unaquaque
3064 3041 3304 3095 oratione
3346 3040 3548 3108 iaciens

1980 3149 2142 3187 unum
2165 3132 2429 3187 calculum
2463 3130 2597 3200 (58).
2631 3131 2679 3185 Is
2706 3145 2826 3184 cum
2863 3129 3176 3185 arcessisset
3202 3130 3269 3182 ad
3307 3139 3547 3184 sanctum

299 3218 459 3263 tare:
506 3216 559 3261 et
601 3207 866 3274 accipiens
920 3205 1134 3276 hydrias
1178 3205 1255 3259 eis
1305 3205 1665 3261 nescientibus
1694 3246 1708 3271 ,
1759 3204 1874 3259 illas

1979 3224 2265 3277 Macarium
2293 3222 2384 3292 qui
2407 3222 2598 3277 dicitur
2622 3219 2896 3285 Politicus,
2920 3220 3035 3287 ejus
3061 3219 3408 3274 conveniendi
3430 3234 3549 3290 gra-

296 3313 437 3369 aqua
457 3297 729 3366 implebat.
754 3295 959 3350 Habent
981 3296 1120 3350 enim
1149 3295 1201 3350 in
1226 3294 1330 3349 illis
1353 3294 1482 3350 locis
1504 3309 1697 3364 aquam
1727 3302 1872 3349 certa

299 3390 586 3444 distantem
631 3387 1036 3457 longinquitate,
1066 3385 1152 3439 alii
1198 3384 1409 3453 quidem
1451 3383 1518 3438 ad
1566 3384 1700 3438 duos
1747 3383 1879 3451 lapi-

299 3480 421 3543 des,
454 3478 540 3531 alii
584 3492 711 3531 vero
754 3476 820 3531 ad
864 3478 1119 3546 quinque,
1174 3476 1263 3528 alii
1316 3490 1440 3529 vero
1486 3474 1551 3529 ad
1581 3474 1875 3529 dimidium.

304 3569 422 3624 Una
450 3583 576 3638 ergo
622 3576 778 3623 nocte
826 3582 927 3636 qua
958 3568 1058 3621 hoc
1104 3565 1351 3631 faciebat,
1384 3567 1590 3622 daemon
1636 3567 1725 3634 qui
1755 3582 1876 3622 eum

300 3660 699 3725 observaverat,
733 3672 835 3712 non
864 3658 1090 3726 amplius
1128 3655 1306 3711 ferens
1352 3657 1569 3712 athleta:
1615 3656 1880 3713 fortitudi-

302 3768 452 3821 nem,
482 3767 602 3808 cum
633 3754 747 3822 ipse
787 3764 845 3806 se
889 3748 1196 3805 inclinasset
1240 3748 1293 3803 in
1343 3759 1583 3818 puteum,
1625 3757 1680 3804 ut
1722 3750 1875 3804 unius

298 3842 551 3898 monachi
589 3842 833 3911 impleret
856 3840 1123 3911 hydriam,
1151 3837 1355 3893 clavam
1387 3838 1672 3908 quamdam
1702 3839 1750 3893 ei
1782 3839 1880 3892 im-

301 3937 450 4005 pegit
477 3935 530 3990 in
560 3934 789 3999 lumbos,
821 3939 875 3987 et
903 3946 1025 3987 eum
1055 3930 1109 3986 in
1139 3944 1204 3986 eo
1228 3928 1349 3985 loco
1376 3929 1590 3998 reliquit
1613 3930 1878 3998 iacentem

302 4034 595 4092 mortuum,
641 4022 770 4078 nihil
817 4022 1035 4077 omnino
1091 4021 1409 4075 sentientem
1436 4060 1453 4085 ,
1499 4033 1673 4088 neque
1722 4019 1878 4088 quid,

301 4132 479 4189 neque
541 4131 572 4171 a
614 4130 721 4187 quo
784 4114 836 4169 id
883 4127 1074 4183 passus
1129 4112 1217 4167 sit.
1307 4110 1445 4168 Cum
1542 4120 1672 4177 ergo
1766 4106 1875 4164 alio

308 4208 401 4266 die
490 4207 729 4263 venisset
776 4206 989 4275 quidam
1048 4202 1337 4258 monachus
1393 4201 1459 4256 ad
1514 4216 1702 4269 aquam
1754 4201 1881 4255 hau-

301 4300 567 4367 riendam,
611 4312 735 4354 eum
782 4296 888 4351 illic
937 4293 1137 4349 invenit
1177 4293 1439 4363 iacentem
1487 4291 1651 4360 linqui
1684 4291 1879 4344 animo.

307 4397 363 4449 Is
391 4404 569 4450 autem
618 4392 672 4447 id
712 4388 1039 4447 renuntiavit
1081 4400 1275 4455 magno
1322 4384 1526 4439 Isidoro
1573 4383 1885 4452 presbytero

304 4490 506 4546 Scetis.
534 4484 634 4554 Qui
660 4486 846 4540 abiens
872 4497 992 4538 cum
1020 4481 1223 4549 aliquot
1246 4477 1384 4544 aliis,
1417 4492 1535 4531 eum
1564 4474 1797 4545 accepit,
1829 4468 1915 4528 et'

1978 3313 2068 3375 tia,
2101 3320 2157 3368 et
2183 3322 2396 3381 prepter
2441 3310 2739 3378 Spiritalem
2786 3309 3085 3373 utilitatem,
3118 3308 3167 3362 ei
3197 3306 3326 3363 dicit
3353 3323 3366 3360 :
3399 3307 3549 3363 Abba

1978 3405 2192 3469 llacari,
2228 3404 2377 3460 valde
2419 3402 2644 3473 aflligor.
2679 3400 2867 3470 Coegit
2891 3414 3009 3454 eum
3039 3398 3234 3453 Christi
3256 3414 3443 3453 servus
3470 3399 3550 3455 di-

1976 3514 2097 3555 cere
2124 3511 2337 3553 causam
2378 3506 2592 3567 pmpter
2624 3509 2780 3563 quam
2822 3493 3061 3547 molestia
3110 3491 3460 3547 afﬁciebatur.
3503 3491 3552 3546 Is

1979 3605 2105 3645 vero
2131 3590 2177 3645 ei
2206 3588 2362 3644 dicit:

2541 3655 2765 3712 CAPUT
2811 3652 2998 3710 XXIV.

2083 3749 2155 3805 De
2191 3749 2400 3820 Virgine
2424 3764 2535 3820 qua:
2561 3748 2777 3818 faciebat
2801 3747 3143 3818 scptingenltts
3173 3745 3443 3798 orationes.

2054 3842 2113 3902 In
2144 3842 2373 3911 quodam
2419 3841 2534 3897 vico
2580 3838 2783 3894 habitat
2819 3836 3061 3906 quedam
3092 3835 3259 3906 virgo.
3285 3849 3403 3905 qua:
3456 3834 3553 3890 tri-

1981 3943 2238 4014 gesimum
2266 3949 2460 3991 annum
2504 3932 2611 4002 iam
2650 3936 2949 3984 exercetur.
2984 3927 3057 3983 De
3097 3941 3198 3996 qua
3233 3926 3380 3979 multi
3424 3924 3552 3980 mihi

1982 4036 2305 4092 narrarunt,
2357 4022 2497 4093 quod
2549 4027 2738 4087 praeter
2782 4016 3069 4072 Sabbatum
3120 4023 3176 4069 et
3227 4014 3552 4069 Dominicam

1984 4121 2129 4177 nullo
2178 4117 2285 4171 alio
2330 4114 2417 4169 die
2457 4110 2722 4175 vescitur;
2763 4108 2857 4162 sed
2907 4114 3017 4160 toto
3062 4114 3301 4175 tempore
3340 4105 3555 4160 trahens

1984 4207 2374 4274 hebdomadas,
2409 4212 2465 4261 et
2508 4210 2626 4272 post
2652 4201 2883 4271 quinque
2926 4200 3041 4254 dies
3086 4197 3401 4264 comedens,
3434 4194 3555 4252 facit

1985 4302 2348 4371 septingentas
2377 4296 2667 4349 orationes.
2698 4292 2806 4345 lloc
2850 4306 2968 4345 enm
3015 4290 3354 4358 didicissem,
3385 4289 3555 4359 meip-

1984 4408 2102 4447 sum
2131 4386 2436 4458 reprohavi,
2455 4383 2595 4454 quod
2630 4384 2709 4435 vir
2737 4390 2947 4436 creatus
2973 4380 3055 4432 his
3077 4379 3275 4433 viribus
3295 4378 3555 4447 corporis,

1988 4498 2096 4539 non
2127 4478 2389 4551 pomerim
2423 4475 2598 4529 facere
2628 4474 2745 4541 plus
2784 4486 2940 4539 quam
2973 4478 3235 4524 trecentas
3265 4458 3557 4522 orationes.

306 4580 430 4633 tulit
458 4579 508 4632 in
537 4575 840 4633 ecclesiam.
890 4572 985 4628 Ille
1010 4583 1140 4626 vero
1167 4582 1307 4622 anno
1342 4574 1452 4620 toto
1494 4564 1793 4634 aegrotavit,
1825 4571 1879 4617 ut

1986 4575 2047 4632 Ei
2082 4571 2366 4641 reSpondet
2392 4576 2605 4622 sanctus
2629 4562 2902 4630 Macarius,
2929 4562 3110 4616 dicens
3136 4577 3149 4613 :
3177 4560 3556 4629 Sexagesimus

302 4672 399 4727 vix
432 4682 623 4739 corpus
653 4666 771 4737 ejus
809 4672 865 4720 et
890 4664 1064 4718 anima
1095 4657 1441 4715 convaluerit.
1473 4656 1622 4710 Tunc
1653 4653 1781 4708 dicit
1806 4653 1885 4707 illi

286 4770 537 4828 ‘magnus
574 4755 770 4811 Christi
815 4751 1064 4808 sacerdos
1104 4747 1335 4805 lsidorus
1361 4764 1373 4798 :
1402 4745 1565 4801 Cessa
1614 4743 1885 4812 deinceps,

304 4855 483 4911 frater
510 4851 742 4921 Moyses,
794 4843 1119 4902 contendere
1165 4855 1284 4896 cum
1334 4837 1690 4902 dmmonibus,
1733 4846 1786 4891 et
1824 4849 1891 4890 ne

306 4947 397 5005 sic
433 4944 511 4999 eis
549 4938 907 5004 insultaveris,
940 4943 1021 4991 est
1049 4934 1192 4989 enim
1223 4931 1408 4986 modus
1438 4942 1649 4999 quoque
1681 4927 1888 4981 fortitu-

310 5037 465 5095 dinis
493 5036 543 5089 in
573 5028 973 5088 exercitatione.
1025 5025 1071 5079 Is
1097 5033 1274 5078 autem
1306 5023 1377 5076 illi
1411 5020 1538 5074 dicit
1566 5034 1581 5072 :
1611 5019 1724 5073 Non
1772 5030 1890 5070 ces-

304 5129 453 5186 sabo
485 5138 603 5181 cum
635 5123 712 5177 eis
742 5131 993 5190 pugnare,
1024 5115 1195 5169 donec
1236 5111 1365 5166 mihi
1408 5110 1700 5165 cessaverit
1725 5107 1891 5176 phan-

307 5220 457 5279 tasia
486 5217 839 5273 somniorum.
871 5209 1021 5263 Tunc
1049 5207 1096 5261 ei
1125 5205 1253 5260 dicit
1282 5202 1477 5256 Christi
1505 5215 1690 5254 servus
1722 5197 1888 5252 Isido-

305 5329 415 5371 rus
445 5311 721 5382 presbyter
746 5321 760 5358 :
794 5303 849 5357 In
879 5300 1091 5355 nomine
1112 5292 1322 5351 Domini
1350 5290 1513 5347 nostri
1544 5290 1668 5346 .Icsu
1694 5286 1893 5344 Christi

306 5407 392 5459 ab
421 5403 521 5458 hoc
552 5398 807 5467 temporis
849 5391 1075 5449 articulo
1119 5390 1403 5444 cessabunt
1447 5387 1624 5455 turpia
1672 5393 1757 5436 tua
1801 5394 1889 5435 so-

308 5497 472 5559 mnia
507 5512 520 5546 :
552 5493 693 5546 bono
734 5488 991 5551 deinceps
1039 5492 1093 5537 et
1123 5480 1303 5534 ﬁdenti
1332 5476 1511 5531 animo
1558 5473 1887 5530 communica

303 5584 673 5644 sacramentis
718 5578 859 5652 (56).
902 5575 978 5633 Ne
1018 5574 1156 5628 enim
1201 5567 1538 5640 gloriareris,
1584 5573 1642 5618 ut
1665 5564 1754 5633 qui
1802 5572 1892 5615 tua

300 5676 701 5740 exercitatione
744 5671 967 5727 vicisses
1013 5664 1367 5726 atl‘ectionem,
1407 5659 1527 5714 ideo
1550 5657 1895 5711 vehementer

302 5776 383 5835 ian
409 5778 460 5831 te
483 5782 631 5827 suam
660 5763 901 5823 exercuit
945 5763 1285 5827 potestatem,
1310 5750 1375 5808 ad
1407 5757 1550 5805 tuam
1593 5748 1893 5807 utilitatem,

1991 4680 2161 4721 annus
2190 4662 2381 4732 agitur,
2423 4675 2485 4714 ex
2517 4673 2621 4729 quo
2660 4666 2871 4711 centum
2902 4654 3216 4707 constitutas
3262 4652 3395 4705 facio
3439 4665 3560 4703 ora-

1993 4758 2183 4822 tiones,
2216 4765 2271 4808 et
2296 4753 2542 4806 laborans
2568 4748 2809 4802 manibus
2838 4760 2897 4800 ea
2931 4758 3049 4814 quae
3091 4751 3211 4798 sunt
3242 4742 3307 4795 ad
3337 4742 3559 4795 alimenc

1995 4860 2101 4905 tum
2136 4842 2461 4908 necessaria,
2498 4848 2555 4895 et
2598 4838 2847 4892 fratribus
2882 4835 3114 4890 debitum
3159 4832 3387 4887 reddens
3433 4847 3559 4887 con-

1993 4938 2319 5011 gressionis,
2365 4947 2463 4987 nec
2508 4944 2623 4985 mea
2663 4944 2746 4982 me
2770 4927 2971 4998 iudicat
3017 4924 3150 4979 ratio
3201 4924 3338 4993 quod
3372 4924 3558 4978 fuerim

1994 5031 2283 5101 negligens.
2326 5025 2380 5080 Si
2421 5032 2474 5078 tu
2506 5031 2680 5074 autem
2719 5034 2838 5073 cum
2878 5025 3138 5072 trecentas
3168 5014 3326 5068 facias
3364 5012 3561 5067 oratio-

1995 5138 2117 5187 nes,
2158 5116 2416 5189 iudicaris
2445 5128 2474 5165 a
2504 5110 2851 5175 conscientia,
2886 5116 3065 5175 aperte
3106 5105 3344 5158 ostendis
3377 5112 3425 5158 te
3455 5117 3559 5157 non

1995 5228 2124 5283 pure
2152 5225 2327 5274 orare,
2358 5206 2438 5262 vel
2480 5219 2635 5276 posse
2667 5203 2846 5272 plures
2876 5200 3141 5254 orationes
3186 5198 3359 5252 facere
3404 5212 3561 5268 quam

1994 5302 2175 5359 facias.
2566 5362 2586 5364 η
2648 5363 2652 5364 ν
2687 5360 2772 5364 ___
2818 5358 2960 5364 _____
2996 5361 3000 5364 .

2549 5360 2773 5418 CAPUT
2818 5358 2985 5414 XXV.

2385 5457 2458 5511 De
2486 5453 2670 5512 Cronio
2704 5451 2815 5522 (59)
2846 5449 3156 5520 presbytero.

2063 5553 2295 5610 Cronius
2339 5548 2549 5621 quidam
2599 5544 2730 5601 mihi
2779 5544 3013 5598 narravit
3058 5539 3336 5610 presbyter
3381 5535 3563 5591 Nitrize

1995 5648 2210 5721 (fin/ﬁn.
2238 5689 2250 5712 ,
2286 5643 2322 5698 l.
2366 5658 2426 5709 Il,
2454 5656 2568 5708 cap.
2591 5637 2684 5706 25,
2717 5637 2780 5692 de
2807 5634 2995 5690 Cronio
3024 5631 3229 5686 Antonii
3251 5629 3559 5697 discipulo):

1998 5740 2131 5796 Cum
2159 5751 2353 5799 essem,
2378 5734 2567 5801 inquit,
2587 5730 2765 5800 iunior
2789 5728 2855 5784 ab
2886 5726 3052 5792 initio,
3087 5733 3141 5780 et
3169 5734 3383 5795 pr0pter
3402 5723 3575 5776 animi.
