4096 6508
628 387 761 446 10⁸³1

2092 384 2320 445 PALLA
2328 383 2420 444 D11

3740 392 3850 448 1072

642 546 895 602 angorem
942 540 996 586 et
1046 531 1308 587 tristitiam
1350 533 1584 600 fugerem
1632 544 1696 583 ex
1737 526 2061 582 monasterio
2110 525 2213 579 mei
2243 531 2294 588 Α
2319 531 2577 592 praetextu
2621 521 2757 577 bene
2802 520 3033 575 faciendi
3064 534 3148 574 me
3191 519 3463 596 acceperis
3506 517 3560 573 in
3583 524 3719 572 tuum
3746 520 3851 576 hos-

642 623 1108 687 archimandritte,
1154 637 1339 678 errans
1384 622 1597 689 perveni
1646 620 1711 672 ad
1762 629 1995 671 montem
2044 617 2213 670 sancti

641 717 878 772 Antonii.
908 716 1136 772 Sedebat
1163 725 1336 768 autem
1371 692 1555 767 bea'tus
1593 711 1853 766 Antonius
1884 711 2022 762 inter
2045 709 2216 779 Baby-

643 809 821 863 lonem
854 808 967 878 (60)
996 815 1051 862 et
1098 806 1402 860 Heracleam
1452 805 1503 857 in
1536 813 1679 856 vasta
1728 802 2051 867 solitudine,
2097 816 2214 869 qua:

643 898 748 953 fert
775 899 838 951 ad
871 913 1015 951 mare
1042 897 1299 960 Rubrum,
1328 897 1538 949 circiter
1586 895 1797 961 triginta
1842 892 2152 946 milliaribus
2183 906 2212 944 a

639 987 823 1045 ﬂuvio.
853 987 984 1041 Cum
1007 1003 1132 1055 ergo
1152 988 1416 1041 venissem
1438 985 1501 1039 ad
1530 986 1644 1053 ejus
1669 984 2051 1037 monasterium
2076 984 2213 1050 quod

644 1087 729 1133 est
773 1093 937 1147 prope
984 1077 1233 1140 ﬂuvium,
1281 1077 1332 1129 in
1380 1089 1486 1144 quo
1515 1074 1770 1129 sedebant
1808 1073 1923 1140 ejus
1974 1073 2214 1139 discipuli

644 1167 902 1222 Macarius
928 1177 982 1221 et
1009 1169 1226 1220 Amatas
1252 1165 1303 1219 in
1335 1180 1401 1219 eo
1427 1165 1515 1232 qui
1545 1164 1728 1233 Pisper
1754 1163 2048 1229 appellatur
2078 1166 2211 1227 loco,

639 1258 730 1329 qui
762 1273 882 1312 eum
912 1258 1070 1313 etiam
1100 1270 1219 1309 cum
1254 1255 1561 1309 dormiisset
1591 1252 1913 1322 sepelierunt
1942 1292 1956 1316 ,
1990 1265 2215 1319 exspec-

643 1351 749 1405 tavi
771 1350 1003 1418 quinque
1023 1349 1155 1412 dies,
1181 1358 1236 1401 ut
1258 1347 1596 1401 convenirem
1623 1354 1864 1397 sam-tum
1901 1341 2213 1397 Antonium.

552 1486 561 1517 ι
588 1476 593 1477 ν
643 1441 928 1497 Dicebatur
953 1448 1130 1495 autem
1163 1438 1419 1494 accedere
1448 1437 1514 1490 ad
1543 1436 1643 1491 hoc
1673 1434 2089 1498 monasterium,
2118 1432 2216 1487 ali-

546 1530 599 1599 "‘3:
642 1531 856 1599 quando
878 1530 1092 1599 quidem
1122 1538 1236 1596 post
1257 1528 1439 1582 decem
1462 1526 1595 1591 dies,
1631 1524 1911 1594 aliquando
1942 1538 2067 1577 vero
2098 1528 2217 1591 post

581 1614 607 1692 ἓ,
640 1622 826 1692 viginti
848 1621 1170 1690 ,aliquando
1194 1634 1323 1673 vero
1357 1628 1474 1686 post
1493 1617 1744 1687 quinque,
1776 1624 1933 1685 prout
1961 1612 2217 1683 expedie-

638 1715 730 1769 bat
757 1729 855 1785 pro
884 1712 1141 1769 beneficio
1172 1725 1354 1765 eorum
1399 1710 1489 1777 qui
1522 1708 1801 1761 veniebant
1833 1706 1897 1759 ad
1941 1713 2217 1758 monaste-

636 1809 800 1861 rium.
826 1806 1258 1860 Conveneramus
1285 1816 1411 1869 ergo
1433 1800 1629 1854 diversi
1673 1798 1863 1852 fratres
1893 1796 2121 1850 diversis
2149 1796 2217 1849 de

2320 614 2581 682 pitiolum,
2602 624 2657 667 et
2687 623 2900 687 propter
2921 628 3004 666 me
3036 613 3109 665 vis
3137 627 3255 666 esse
3286 612 3484 664 salvus.
3515 608 3751 677 Eulogius
3773 627 3848 662 au-

2316 713 2421 757 tem
2450 718 2542 757 cor
2572 701 2687 771 ejus
2718 682 2967 767 leniebat,
3002 702 3185 755 dicens
3214 717 3231 755 :
3261 700 3356 762 Ne,
3388 699 3638 762 domine,
3661 714 3723 754 ne
3760 701 3841 754 hazt
3888 682 3891 685 l

2314 793 2554 856 dixeris;
2585 792 2679 847 sed
2709 792 2856 845 dicas
2884 807 3111 860 quanam
3158 793 3212 845 in
3241 807 3299 844 re
3331 790 3420 844 tibi
3469 789 3657 844 fuerim
3692 790 3853 844 moles-

2316 891 2418 945 tus,
2450 892 2504 937 et
2532 898 2650 937 eam
2694 884 2980 952 corrigam.
3023 882 3240 936 Mancus
3268 890 3444 935 autem
3494 880 3704 933 dicebat
3734 894 3852 934 arro-

2313 983 2498 1041 ganter
2527 988 2539 1024 :
2575 972 2687 1025 Non
2718 970 2834 1027 fero
2859 973 2953 1027 has
2979 974 3405 1035 assentationes;
3447 970 3600 1023 aufer
3624 985 3703 1023 me
3728 972 3850 1031 hinc,

2314 1072 2367 1116 et
2398 1062 2596 1133 projice
2627 1062 2678 1115 in
2704 1061 2838 1125 foro,
2872 1077 3060 1115 recuso
3101 1070 3243 1114 tuam
3270 1061 3625 1113 curationem.
3666 1058 3853 1112 Dicebtt

2314 1169 2488 1209 autem
2520 1154 2768 1223 Eulogius
2794 1171 2807 1208 :
2843 1155 2989 1223 Rogo
3018 1163 3088 1219 te,
3120 1162 3301 1223 patere
3330 1152 3404 1206 tui
3447 1168 3632 1207 curam
3659 1154 3790 1221 geri,
3814 1164 3855 1207 et

2314 1245 2400 1298 die
2428 1246 2473 1300 si
2502 1244 2628 1313 quid
2668 1245 2741 1299 sit
2773 1244 2864 1298 tibi
2895 1259 3077 1313 grave,
3106 1244 3322 1298 domine
3352 1244 3444 1296 mi.
3488 1243 3742 1298 Mutilatus
3776 1258 3852 1295 an-

2318 1343 2421 1386 tem
2468 1334 2635 1403 magis
2679 1334 2951 1398 incensus,
2984 1333 3034 1388 ei
3078 1333 3324 1387 dicebat:
3355 1333 3472 1387 Non
3520 1348 3723 1401 possum
3762 1349 3855 1387 ata-

2316 1426 2455 1495 plius
2484 1423 2625 1481 ferre
2656 1436 2795 1479 tuam
2818 1426 3100 1481 subdolam
3141 1435 3196 1480 et
3220 1426 3475 1480 iroaicam
3509 1424 3855 1482 adulationem.

2315 1516 2430 1571 Non
2461 1517 2635 1585 placet
2665 1516 2792 1570 mihi
2823 1516 2937 1571 hac
2966 1520 3071 1570 vita
3102 1530 3261 1585 parca
3287 1525 3339 1569 et
3364 1514 3606 1579 sordida,
3637 1529 3727 1583 ego
3760 1514 3857 1568 volo

2318 1611 2462 1665 vesci
2506 1610 2777 1666 carnibus.
2822 1609 3037 1664 Patiens
3080 1617 3258 1663 autem
3306 1606 3560 1675 Eulogius
3599 1620 3770 1659 carnes
3804 1606 3858 1659 ad

2314 1718 2439 1760 eum
2463 1704 2663 1758 attulit.
2688 1701 2819 1758 Cum
2849 1717 2942 1758 eas
2968 1713 3144 1758 autem
3176 1702 3393 1757 vidisset
3421 1700 3698 1770 impatiens
3724 1716 3737 1755 :
3762 1698 3857 1754 Non

2315 1796 2445 1848 satis
2473 1803 2554 1849 est
2582 1794 2734 1860 mihi,
2766 1794 2957 1862 inquit,
2988 1802 3163 1848 tecum
3183 1807 3302 1849 esse
3328 1793 3526 1852 solum,
3559 1790 3729 1857 turbas
3757 1792 3857 1845 volo

636 1896 853 1951 causis:
884 1896 1020 1949 inter
1043 1907 1178 1962 quos
1207 1893 1302 1945 luit
1341 1892 1499 1945 etiam
1534 1889 1785 1956 Eulogius
1825 1887 2213 1941 Alexandrinus
2246 1882 2291 1941 B
2316 1900 2557 1941 cernere.
2605 1887 2665 1941 Ei
2715 1896 2893 1940 autem
2942 1885 3073 1940 dicit
3124 1884 3411 1953 Eulogius:
3445 1882 3561 1951 Ego
3589 1880 3650 1936 ad
3691 1890 3737 1936 te
3766 1880 3855 1950 jam

637 1986 954 2049 monachus,
1001 1995 1055 2039 et
1098 1998 1217 2038 cum
1266 1997 1331 2036 eo
1386 1982 1519 2035 alius
1558 1979 1810 2035 membris
1853 1995 2091 2046 mancus,
2125 1979 2213 2049 qui

636 2078 847 2147 quidem
881 2085 1094 2147 propter
1134 2075 1292 2129 talem
1323 2087 1534 2128 causam
1584 2081 1943 2127 accesserunt.

1196 2186 1421 2243 CAPUT
1454 2184 1656 2250 XXVI.

640 2282 718 2337 De
745 2279 969 2354 Eulogio
988 2279 1103 2354 (61)
1147 2280 1494 2335 Alexandrino
1537 2286 1584 2331 et
1613 2293 1672 2331 eo
1708 2277 1794 2347 qui
1832 2283 1937 2329 erat
1980 2274 2214 2329 membris

1308 2385 1536 2423 mancus.

769 2482 872 2539 Hic
968 2482 1226 2554 Eulogius
1337 2481 1445 2535 fuit.
1480 2480 1879 2548 disciplinarum
1917 2478 2211 2531 liberalium

636 2579 982 2634 scholasticus
1029 2575 1251 2642 (Pasch.
1280 2591 1327 2627 ο.
1380 2575 1462 2636 l9,
1496 2590 1547 2626 n.
1579 2572 1659 2642 5),
1690 2572 1777 2640 q'ui
1809 2571 1986 2623 divino
2031 2584 2214 2625 amore

635 2670 928 2735 sauciatus,
966 2678 1179 2737 prepter
1208 2666 1530 2720 desiderium
1564 2663 1978 2717 immortalitatis
2010 2678 2210 2715 renun-

635 2763 786 2816 liavit
833 2759 1181 2821 tumultibus;
1229 2766 1281 2811 et
1326 2771 1444 2809 cum
1475 2770 1661 2807 omnes
1704 2767 1828 2807 suas
1873 2751 2213 2821 dispersisset

634 2852 932 2915 facultates,
979 2850 1081 2903 sibi
1126 2848 1338 2917 reliquit
1379 2860 1576 2914 paucos
1623 2860 1889 2910 nummos,
1935 2860 2054 2897 cum
2107 2858 2212 2896 non

631 2952 815 3014 posset
841 2941 1069 3009 operari.
1096 2939 1228 2995 Cum
1258 2955 1384 3009 ergo
1427 2954 1521 3008 per
1550 2953 1607 2993 se
1636 2948 1922 3007 angeretur
1949 2937 2129 2990 animo
2159 2945 2212 2990 et

632 3046 772 3091 esset
804 3035 989 3099 tristis,
1023 3042 1077 3088 et
1120 3049 1287 3103 neque
1330 3032 1489 3085 vellet
1516 3046 1634 3084 cum
1665 3031 1781 3082 aliis
1811 3030 2084 3098 congredi,
2120 3042 2211 3081 ne-

635 3145 737 3198 que
780 3137 837 3183 ut
883 3127 1029 3183 solus
1066 3137 1206 3181 esset
1246 3127 1377 3181 satis
1422 3126 1520 3179 sibi
1576 3124 1955 3193 persuaderet,
2009 3122 2211 3177 invenit

632 3220 910 3287 quemdam
945 3232 1189 3272 mancum
1219 3233 1280 3271 ac
1311 3217 1611 3270 mutilatum
1641 3216 1695 3269 in
1728 3215 1844 3269 foro
1876 3215 2169 3286 projectum
2189 3255 2204 3280 ,

631 3312 718 3380 qui
750 3326 847 3365 nec
882 3327 1070 3365 manus
1098 3311 1324 3365 habebat
1370 3324 1467 3365 nec
1496 3310 1694 3377 pedes:
1739 3310 1787 3363 ei
1832 3310 2001 3363 solum
2032 3311 2207 3379 lingua

632 3414 964 3459 remanserat
994 3407 1198 3476 integra
1235 3406 1299 3459 ad
1342 3404 1718 3474 alluquendum
1759 3420 1851 3459 eos
1883 3406 1971 3473 qui
2014 3406 2210 3461 incide-

629 3494 777 3551 bant.
810 3494 1059 3563 Eulogius
1096 3506 1271 3550 autem
1302 3507 1447 3549 stans
1467 3536 1480 3557 ,
1512 3510 1636 3549 eum
1672 3495 1785 3548 lixis
1817 3495 2051 3548 intuetur
2081 3512 2210 3549 ocu-

629 3585 719 3649 lis,
750 3599 799 3641 et
832 3587 995 3640 Deum
1020 3595 1208 3657 rogat,
1237 3597 1428 3642 etcum
1456 3586 1563 3641 Deo
1590 3585 1690 3638 hoc
1720 3587 1876 3639 modo
1904 3588 2206 3657 paciscitur,

630 3675 813 3731 dicens
845 3695 859 3733 :
893 3676 1140 3743 Domine,
1171 3684 1388 3747 propter
1418 3690 1611 3729 nomen
1642 3687 1788 3730 tuum
1830 3678 2031 3744 accipio
2071 3678 2211 3734 hunc

631 3768 958 3835 mutilatum,
995 3778 1049 3823 et
1091 3784 1211 3822 eum
1244 3783 1329 3821 me
1370 3776 1736 3821 recreaturum
1782 3781 1844 3821 ac
1886 3768 2207 3822 reiecturum

634 3860 873 3926 spondeo
904 3875 1067 3928 usque
1098 3859 1161 3913 ad
1195 3860 1377 3913 horam
1411 3860 1596 3913 mortis
1626 3860 1762 3928 ejus,
1786 3869 1844 3913 ut
1874 3875 1972 3928 ego
2003 3876 2211 3929 quoque

631 3966 729 4019 per
757 3967 879 4004 eum
905 3951 1083 4006 salvus
1118 3950 1258 4005 llam.
1289 3950 1503 4021 Largire
1528 3966 1653 4021 ergo
1682 3951 1834 4020 mihi,
1858 3951 2088 4021 Christe,
2115 3969 2208 4021 pa-

630 4044 894 4109 tientiam,
919 4052 978 4099 ut
1001 4044 1049 4099 ei
1082 4044 1391 4099 inserviant.
1422 4037 1492 4098 Et
1518 4043 1583 4098 ad
1614 4060 1733 4100 eum
1765 4044 2054 4111 accedens,
2082 4046 2210 4100 dicit

630 4136 680 4188 ei
708 4152 722 4190 :
760 4136 847 4189 Vis
876 4152 973 4206 ego
1004 4148 1054 4191 te
1080 4136 1239 4191 domo
1264 4138 1520 4206 accipiam
1541 4176 1556 4201 ,
1606 4145 1661 4190 et
1691 4146 1741 4191 te
1772 4150 2005 4191 recreem
2037 4152 2100 4190 ac
2126 4152 2209 4191 re.

628 4226 846 4281 ﬁciam?
875 4228 964 4282 Ille
994 4229 1042 4283 ei
1069 4228 1195 4283 dicit
1220 4246 1232 4281 :
1267 4228 1477 4284 Utinam
1507 4227 1821 4295 diguareris,
1846 4228 1937 4282 sed
1968 4244 2067 4300 ego
2092 4245 2207 4282 sum

628 4318 899 4388 indignus.
934 4320 1082 4374 Vade
1112 4336 1259 4389 ergo,
1298 4320 1485 4390 inquit,
1518 4333 1569 4374 et
1600 4318 1856 4373 adducam
1885 4321 2129 4387 asinum,
2157 4332 2210 4375 et

629 4416 685 4463 te
715 4407 838 4462 hinc
878 4409 1133 4464 auferam.
1176 4409 1307 4463 Cum
1351 4426 1541 4480 magno
1564 4422 1737 4465 autem
1784 4411 1977 4479 gaudio
2011 4420 2091 4465 est
2118 4426 2207 4465 as-
2244 4448 2251 4455 .

627 4511 824 4552 sensus
869 4499 912 4553 is
957 4500 1043 4568 qui
1089 4510 1207 4553 erat
1251 4502 1542 4558 mutilatas.
1578 4503 1713 4558 Eum
1759 4521 1884 4575 ergo
1913 4505 2124 4557 sustulit
2154 4513 2209 4557 et

2314 1977 2571 2032 adducam
2632 1978 3015 2032 monachorum
3074 1974 3517 2030 multitudinem-
3563 1973 3654 2027 Ille
3705 1983 3851 2026 autem

2316 2080 2500 2121 rursus
2530 2080 2672 2134 aegre
2701 2063 2880 2120 ferens
2902 2106 2918 2132 ,
2945 2066 3078 2120 dicit
3110 2082 3122 2118 :
3168 2064 3258 2119 Vae
3303 2064 3432 2118 mihi
3462 2064 3659 2118 misero
3685 2078 3701 2117 :
3739 2070 3855 2115 tuum

2314 2164 2585 2223 aspectum
2617 2156 2758 2212 ferre
2786 2171 2890 2210 non
2915 2170 3125 2224 possunt
3150 2172 3165 2221 ;
3199 2162 3254 2210 et
3279 2164 3335 2208 tu
3362 2154 3429 2207 ad
3464 2168 3553 2207 me
3573 2151 3774 2206 adducis
3795 2150 3853 2203 tui

2314 2248 2537 2314 similes,
2579 2248 2666 2316 qui
2698 2262 2817 2301 cum
2847 2247 2959 2300 sint
2981 2245 3161 2309 otiosi,
3196 2244 3511 2299 comedunt.
3544 2242 3613 2298 Εἰ
3649 2238 3854 2295 insolenti

2315 2353 2444 2393 voce
2474 2338 2708 2407 seipsurn
2741 2338 2966 2405 lanians,
3013 2336 3431 2402 vociferabatur,
3463 2334 3647 2390 dicens
3674 2351 3688 2387 :
3717 2332 3851 2397 Nolo,

2316 2430 2438 2483 nolo
2463 2445 2477 2495 ;
2507 2427 2558 2482 in
2591 2431 2761 2483 lorum
2791 2427 2979 2482 deduci
3012 2425 3154 2480 volo.
3185 2425 3229 2480 Ο
3273 2425 3533 2479 violentia
3559 2426 3573 2478 l
3612 2421 3768 2492 abjice
3789 2434 3855 2473 me

2317 2520 2403 2573 ubi
2440 2518 2713 2573 invenisti.
2747 2517 2875 2573 Dico
2904 2518 3045 2587 quod
3074 2516 3120 2571 si
3149 2516 3419 2569 habuisset
3452 2527 3660 2578 manus,
3694 2511 3740 2566 in
3765 2512 3854 2564 ani-

2318 2626 2458 2662 mum
2492 2608 2785 2664 induxisset
2808 2609 2890 2663 vel
2931 2623 2991 2663 se
3018 2606 3301 2672 suil'ocare,
3333 2605 3417 2660 vel
3466 2604 3572 2659 sibi
3606 2616 3724 2659 ense
3761 2614 3853 2655 ma-

2316 2715 2416 2755 nus
2462 2700 2679 2755 inferre.
2704 2700 2836 2754 Cum
2864 2700 3073 2755 damon
3109 2700 3199 2754 sic‘
3225 2713 3347 2753 eum
3385 2696 3679 2762 eﬂerasset,
3706 2702 3852 2763 postea

2315 2808 2375 2847 se
2398 2794 2607 2848 confert
2632 2793 2884 2862 Eulogius
2908 2792 2976 2846 ad
3008 2792 3328 2861 prepinquos
3362 2789 3670 2854 monachos,
3692 2796 3739 2841 et
3756 2785 3854 2838 dicit

2315 2884 2392 2939 eis
2433 2903 2446 2939 :
2493 2886 2627 2950 Quid
2675 2885 2905 2939 faciam?
2951 2884 3016 2936 ad
3060 2882 3494 2950 desperationem
3546 2893 3631 2934 me
3673 2876 3854 2931 deduxit

2316 2976 2609 3030 mutilatos.
2641 2977 2828 3029 Dicunt
2857 2976 2903 3028 ei
2937 2988 2952 3030 :
2984 2971 3386 3040 Quamobrem?
3416 2970 3513 3025 Ille
3537 2979 3704 3024 autem
3728 2984 3741 3021 :
3768 2966 3849 3033 lle,

2314 3070 2523 3138 inquit,
2554 3068 2791 3135 graviter
2821 3065 2983 3123 afficit
3012 3083 3027 3133 ;
3060 3080 3157 3121 nec
3197 3065 3309 3119 scio
3334 3063 3461 3132 quid
3506 3060 3707 3116 faciam.
3736 3058 3855 3126 Abji-

2314 3161 2448 3213 ciam
2480 3159 2693 3227 ipsum?
2724 3157 2818 3212 sed
2863 3156 2969 3211 Deo
2999 3155 3120 3212 dedi
3148 3156 3443 3219 dexteram,
3474 3162 3530 3208 et
3555 3152 3724 3206 timeo.
3760 3149 3853 3203 Non

2235 3248 2279 3308 C
2312 3249 2601 3319 objiciunt?
2631 3247 2722 3302 sed
2758 3262 2841 3301 me
2867 3246 2980 3301 dies
3007 3255 3293 3313 noctesque
3328 3246 3463 3298 male
3495 3243 3671 3302 habet.
3694 3240 3851 3295 Nescio

2313 3342 2436 3410 quid
2486 3340 2696 3395 faciam.
2749 3340 2808 3394 Ei
2855 3340 3038 3394 dicunt
3076 3337 3149 3391 illi
3197 3336 3485 3392 absolute:
3539 3337 3714 3389 Adhuc
3748 3331 3851 3386 vivit

2314 3446 2532 3500 magnus
2570 3430 2655 3484 ille
2687 3429 2785 3499 (sic
2812 3430 2956 3483 enim
2983 3429 3240 3483 vocabant
3270 3435 3515 3481 sanctum
3540 3421 3849 3491 Antonium),

2314 3522 2545 3577 ascende
2568 3520 2633 3575 ad
2658 3522 2852 3589 ipsum,
2879 3520 3170 3574 mutilatum
3204 3522 3483 3584 imponens
3515 3518 3567 3572 in
3593 3515 3845 3585 navigium;

2312 3628 2366 3669 et
2384 3615 2534 3670 defer
2557 3630 2679 3669 eum
2723 3616 2775 3668 in
2818 3614 3218 3678 monasterium,
3244 3621 3299 3666 et
3317 3619 3570 3679 exspecta
3594 3610 3747 3663 donec
3764 3620 3853 3659 ma-

2315 3722 2450 3778 gnus
2475 3706 2683 3761 venerit
2703 3720 2734 3760 e
2759 3705 3032 3773 spelunca,
3063 3712 3117 3757 et
3133 3703 3198 3757 ad
3223 3718 3344 3758 eum
3374 3702 3519 3756 refer
3538 3700 3787 3771 judicium,
3811 3704 3853 3749 et

2314 3798 2453 3867 quod
2498 3797 2593 3852 tibi
2639 3795 2870 3861 dixerit,
2914 3805 2994 3848 sta
3039 3794 3179 3849 illius
3220 3794 3519 3849 sententiae.
3567 3792 3697 3847 Deus
3736 3787 3851 3843 enim

2318 3891 2410 3944 tibi
2459 3890 2603 3944 dicet
2650 3904 2741 3958 per
2771 3890 2963 3958 ipsum.
3013 3886 3197 3942 Verbis
3249 3901 3433 3941 eorum
3484 3898 3678 3939 morem
3714 3880 3850 3950 gessit

2320 3981 2594 4048 Eulogius,
2625 3988 2680 4034 et
2711 3979 2953 4033 mutilato
2976 3977 3271 4043 blandiens,
3298 3990 3416 4031 cum
3441 3990 3564 4029 eum
3592 3972 3852 4029 immisisset

2314 4070 2366 4123 in
2393 4070 2637 4140 cymbam
2672 4069 3011 4138 pastoralem,
3045 4077 3203 4121 noctu
3231 4080 3477 4137 egressus
3520 4074 3599 4121 est
3627 4079 3683 4117 ex
3709 4062 3847 4123 urbe.

2312 4172 2367 4217 et
2398 4161 2515 4215 tulit
2540 4175 2659 4216 eum
2685 4161 2736 4214 in
2764 4160 3146 4213 monasterium
3171 4157 3553 4225 discipulorum
3589 4154 3745 4223 magni
3765 4149 3852 4202 An-

2314 4251 2466 4306 tonii.
2498 4250 2704 4306 Accidit
2726 4256 2902 4305 autem
2934 4258 2990 4303 ut
3012 4248 3117 4301 alio
3152 4247 3239 4302 die
3283 4247 3489 4301 veniret
3524 4257 3729 4313 magnus
3755 4252 3850 4293 sero

2315 4358 2559 4413 vespere,
2591 4351 2648 4395 ut
2677 4342 2914 4396 narravit
2939 4340 3197 4405 Cronius,
3225 4339 3449 4393 amictus
3478 4334 3740 4405 chlamyde
3763 4329 3850 4398 pel-

2315 4434 2467 4489 licea.
2505 4436 2783 4503 Ingressus
2812 4439 2896 4485 est
2924 4445 3052 4499 ergo
3080 4432 3133 4483 in
3162 4445 3313 4483 suum
3342 4428 3730 4488 monasterium,
3757 4427 3849 4476 erat

2312 4536 2489 4577 autem
2538 4524 2654 4577 haec
2694 4521 2812 4591 ejus
2853 4520 3207 4587 consuetudo,
3242 4528 3297 4572 ut
3333 4518 3686 4586 alloqueretur
3713 4513 3849 4566 Maca-

629 4589 859 4679 Ροηθνίί
892 4588 942 4642 in
973 4604 1124 4643 s'mm
1158 4591 1525 4659 ¹¹⁰⁵Ρηί⁰¹υ¹ηι
1559 4595 1780 4665 θίηδίίυεδ
1823 4610 2002 4650 cura")
2046 4597 2204 4667 8955"
2237 4621 2283 4677 Ι)
2318 4617 2477 4678 rium,
2501 4622 2553 4667 et
2580 4627 2702 4667 eum
2726 4588 3078 4679 interrogaret
3108 4628 3121 4663 :
3157 4610 3341 4664 Frater
3369 4610 3581 4675 illacari,
3613 4610 3850 4660 venerunt-

628 4678 684 4737 in
714 4680 958 4735 omnibus
977 4681 1166 4751 quibus
1194 4696 1325 4751 OptlS
1357 4682 1560 4738 habuit.
1588 4685 1862 4754 Perpetuis
1893 4702 2022 4755 ergo
2050 4687 2203 4756 quin-

629 4770 800 4825 decim
833 4773 1006 4836 aunis,
1057 4772 1101 4825 is
1157 4773 1245 4842 qui
1282 4786 1394 4827 erat
1424 4777 1693 4830 mutilatus
1740 4778 1996 4833 benevole
2042 4780 2109 4835 ab
2139 4794 2203 4835 eo

630 4862 917 4917 curabatur
943 4873 1190 4933 tanquam
1224 4874 1401 4931 pater,
1438 4875 1495 4919 ut
1530 4867 1616 4936 qui
1649 4868 1936 4935 lavaretur,
1981 4886 2204 4941 ungere-

630 4960 740 5015 tur,
792 4952 1090 5019 foveretur,
1135 4962 1190 5008 et
1232 4963 1529 5023 portaretur
1580 4959 1823 5012 manibus
1865 4956 2108 5028 Eulogii,
2151 4969 2205 5015 et

629 5057 789 5110 supra
819 5058 969 5097 suam
999 5044 1309 5114 dignitatem
1360 5047 1573 5115 quidem
1611 5050 1986 5116 custodiretur,
2019 5051 2206 5105 morbo

632 5143 807 5186 autem
836 5137 1218 5188 convenienter
1246 5135 1571 5189 reficeretur.
1612 5137 1735 5192 Post
1775 5140 2073 5208 quindecim
2114 5158 2208 5195 att-

633 5234 738 5275 tem
785 5238 952 5277 annos
983 5224 1180 5277 invasit
1223 5224 1431 5277 άωιηοιι
1478 5240 1597 5279 eum
1629 5230 1715 5294 qui
1744 5238 1859 5281 erat
1909 5232 2201 5295 mutilatos,

632 5312 817 5366 volens
865 5314 1074 5381 privare
1118 5312 1396 5382 Eulogium
1439 5316 1686 5369 mandato
1732 5328 1785 5371 et
1826 5320 2127 5388 proposito,
2154 5332 2211 5375 et

631 5405 933 5459 mutilatum
977 5420 1007 5458 a
1038 5405 1360 5475 refectione,
1390 5417 1444 5462 et
1482 5407 1578 5464 Dei
1626 5411 1911 5480 gratiarum
1962 5413 2202 5481 actione,

632 5496 1056 5564 seditionemque
1082 5498 1279 5553 excitat
1320 5499 1375 5553 in
1406 5499 1675 5570 Eulogium
1700 5520 1716 5570 ;
1766 5504 2050 5575 multisque
2079 5521 2201 5560 eum

634 5588 845 5655 probris
868 5589 1028 5653 cmpit
1058 5589 1285 5659 insequi,
1316 5592 1448 5646 adeo
1478 5605 1531 5647 ut
1556 5612 1677 5650 eum
1725 5596 1881 5652 etiam
1931 5606 2205 5667 appeteret

632 5679 948 5747 maledictis,
978 5678 1162 5736 dicens
1188 5681 1437 5751 deinceps
1469 5700 1482 5736 :
1517 5684 1617 5739 Abi
1661 5686 1806 5753 hinc,
1837 5688 2094 5744 scelerate
2123 5687 2205 5744 fu-

632 5769 797 5838 gitive
825 5772 957 5843 (ΟΞ).
995 5774 1289 5831 Suil'uratus
1318 5792 1376 5831 es
1402 5778 1605 5831 alivttas
1648 5782 1918 5849 pecunias,
1944 5793 1997 5837 et
2027 5782 2199 5837 dumi-

636 5878 759 5919 num
807 5862 1161 5939 Spoliasti;et
1207 5882 1327 5922 meo
1378 5879 1634 5936 praetextu
1676 5872 1752 5927 vis
1783 5872 1967 5938 latere,
2009 5885 2061 5929 ut
2112 5875 2203 5946 qui

2315 4722 2383 4761 ne
2431 4708 2533 4760 huc
2579 4704 2780 4774 aliqui’
2824 4703 3202 4771 Respondebat
3246 4700 3505 4755 Macarius
3541 4719 3554 4752 :
3602 4699 3847 4753 Venerunt.

2318 4800 2541 4855 Dicebat
2567 4807 2745 4853 autem
2777 4811 2999 4866 magnus
3030 4812 3042 4845 :
3068 4794 3270 4849 Suntne
3299 4792 3561 4862 Egyptii,
3592 4806 3655 4845 an
3675 4788 3849 4843 ieroso-

2312 4891 2589 4963 lymitani?
2617 4889 2848 4944 Dederat
2868 4896 3041 4941 autem
3074 4899 3294 4954 magnus
3320 4884 3369 4940 ei
3404 4885 3632 4952 signum,
3663 4879 3845 4933 dicens:

2312 4984 2443 5038 Cum
2473 4979 2671 5035 videris
2695 4978 2906 5032 venisse
2931 4977 3139 5045 aliquos
3159 4974 3352 5044 quibus
3367 4982 3450 5029 est
3474 4974 3643 5027 minus
3664 4964 3847 5037 negotii,

2314 5073 2403 5128 die
2430 5091 2442 5125 :
2475 5071 2687 5127 Adsunt
2711 5067 2970 5139 Egyptii.
3004 5066 3226 5134 Quando
3256 5076 3430 5120 autem
3458 5064 3648 5119 videris
3676 5058 3848 5114 venisse

2316 5167 2521 5236 aliquos
2563 5165 2923 5235 religiosiores
2957 5172 3012 5217 et
3050 5162 3205 5231 paulo
3234 5160 3670 5215 eonsideratiores
3691 5198 3703 5222 ,
3747 5152 3847 5207 dic:

2318 5258 2455 5315 Sunt
2472 5253 2926 5323 Jerosolymitani.
2947 5251 3186 5320 Rogahat
3201 5266 3326 5319 ergo
3352 5264 3573 5319 magnus
3599 5264 3685 5318 pro
3710 5258 3847 5302 more.

2322 5350 2509 5405 dicens
2535 5347 2683 5400 fratri
2706 5345 2935 5401 Macario
2961 5363 2973 5398 :
2999 5344 3134 5400 Sunt
3155 5343 3388 5414 Egyptii
3412 5342 3619 5409 fratres,
3644 5356 3701 5394 an
3728 5337 3852 5390 lern-

2316 5438 2624 5511 solymitani
2649 5437 2671 5490 ?
2700 5436 3006 5505 Respondet
3038 5435 3317 5501 Macarius,
3347 5434 3530 5488 dicens
3557 5451 3568 5484 :
3615 5432 3700 5486 Est
3739 5427 3848 5481 mix-

2312 5538 2450 5585 tura.
2485 5528 2706 5595 Quando
2733 5541 2860 5596 ergo
2886 5526 3093 5581 dicebat
3116 5523 3376 5580 Macarius
3408 5540 3421 5579 :
3456 5523 3589 5578 Sunt
3616 5514 3844 5588 Egyplii.

2311 5619 2522 5674 dicebat
2555 5618 2605 5671 ei
2639 5630 2863 5687 magnus
2897 5633 2912 5670 :
2945 5616 3080 5671 Para
3110 5614 3189 5670 eis
3212 5614 3433 5681 lentem,
3462 5622 3518 5669 et
3556 5612 3617 5667 da
3646 5610 3714 5666 eis
3734 5599 3843 5677 quod

2309 5710 2610 5763 cotnedant.
2642 5706 2711 5760 Et
2734 5703 2965 5761 faciebat
3049 5709 3129 5765 eis
3202 5724 3368 5764 unam
3403 5705 3744 5778 gerationem.
3805 5702 3845 5747 ει

2309 5801 2603 5855 dimittebat
2624 5812 2741 5853 eos.
2761 5798 2984 5866 Quando
3004 5807 3180 5856 autem
3203 5797 3416 5852 dicebat
3437 5814 3447 5850 :
3475 5797 3601 5855 Sunt
3617 5786 3844 5853 Jerosoly-

2312 5895 2521 5956 tuitaui.
2550 5892 2769 5950 sedebat
2797 5908 2892 5959 per
2924 5903 3087 5952 totam
3133 5902 3371 5961 noctem,
3411 5901 3467 5947 et
3488 5907 3565 5948 eis
3591 5885 3771 5947 dicebat
3795 5889 3841 5930 Ct
