4096 6524
304 382 443 454 1073

1541 397 1905 462 HISTORIA
1942 397 2331 461 LAUSIACA.

3434 388 3570 455 1076

303 498 457 565 ἕζετο
492 499 551 556 δὲ
584 499 613 555 6
655 500 925 575 μακάριος
964 497 1119 570 οὗτος
1172 506 1376 578 μεταξῦ
1424 510 1745 576 Βαϐυλῶνος
1794 511 1888 566 καὶ
1914 511 1964 572 Α
1993 512 2068 584 μὴ
2096 513 2223 583 λέγε
2255 509 2500 567 τοιαῦτα.
2551 508 2690 565 Ἀλλ’
2720 508 2841 565 είπέ
2866 506 2921 562 τί
2941 524 2996 560 σε
3018 507 3284 577 ἐλύπησα,
3307 506 3402 559 καὶ
3421 505 3570 575 διορ-

313 588 650 658 Ἥρακλείας
688 592 769 655 είς
797 593 898 662 τὴν
921 595 1239 665 πανέρημον
1268 596 1366 666 τὴν
1420 598 1694 669 φέρουσαν
1746 599 1888 653 κατά

302 676 402 746 τὴν
443 677 716 752 Ἐρυθρὰν
749 680 1023 736 θάλασσαν
1070 683 1145 748 ὡς
1173 685 1283 739 ἀπὸ
1328 687 1621 756 τριάκοντα
1647 688 1888 759 σημείων

302 765 399 818 τοῦ
431 767 700 837 ποταμοῦ.
736 769 1011 834 Ἐλθόντος
1031 768 1123 825 οῦν
1150 773 1313 826 αὐτοῦ
1334 776 1413 838 εἰς
1438 775 1497 828 τὸ
1525 778 1888 847 μοναστήριον

302 853 369 905 τὸ
405 854 557 923 παρά
582 856 673 907 τὸν
692 856 958 926 ποταμὸν.
994 857 1123 912 ἔνθα
1151 861 1199 911 οί
1235 860 1422 913 τούτου
1452 861 1691 932 μαθηταὶ
1724 863 1889 915 ἐκαθ-

306 939 495 1006 έζοντο
521 942 602 1005 είς
628 942 998 1013 τὸλεγόμενον
1028 946 1251 1016 Πίσπιρ,
1278 947 1557 1017 Μακάριος
1585 948 1679 1001 καὶ
1716 948 1887 1019 Ἀμά-

303 1044 431 1092 τας,
463 1030 512 1082 οἳ
542 1031 636 1082 καὶ
675 1030 882 1100 ἐθάψαν
928 1032 1019 1084 τὸν
1075 1034 1342 1103 μακάριον
1386 1034 1668 1088 ’Λντώνιον
1692 1053 1890 1107 κοιμη-

307 1114 494 1181 θέντα,
546 1116 873 1191 ἐξεδεξάμην
927 1119 1139 1191 ἡμέρας
1170 1122 1356 1187 πέντε,
1384 1122 1469 1175 ἵνα
1520 1122 1765 1195 συντύχω
1812 1123 1891 1193 τῷ

304 1201 455 1275 ἁγίῳ
486 1206 775 1276 Ἀντωνίῳ.
830 1206 1075 1275 Ἐλέγετο
1111 1208 1167 1260 δέ
1220 1209 1589 1280 παραϐάλλειν
1616 1212 1776 1265 αὐτὸν
1813 1211 1892 1283 τῷ

310 1294 667 1366 μοναστηρίῳ
707 1293 887 1364 τούτῳ
910 1336 926 1361 ,
977 1296 1107 1349 ποτέ
1140 1296 1237 1366 μέν
1271 1296 1359 1350 διὰ
1387 1297 1539 1364 δέκα,
1569 1300 1695 1353 ποτὲ
1722 1299 1778 1352 δέ
1803 1299 1893 1354 διὰ⁹

305 1383 507 1446 εῐκοσι,
538 1381 670 1435 ποτὲ
714 1382 772 1435 δέ
825 1382 914 1435 διά
943 1383 1106 1435 πέντε
1153 1384 1396 1455 ἡμερῶν,
1431 1384 1616 1449 καθὼς
1669 1387 1830 1441 αὐτὸν
1863 1388 1892 1441 6

304 1465 447 1530 Θεὸς
466 1463 601 1538 ἦγεν
622 1467 716 1521 ἐπ)⁸
742 1468 1029 1541 εὐεργεσίᾳ
1053 1469 1159 1523 τῶν
1185 1472 1708 1543 παρατυγχανόντων
1736 1474 1793 1528 ἐν
1815 1474 1893 1545 τῷ

308 1554 686 1627 μοναστηρίῳ.
725 1555 983 1628 Διάφοροι
1021 1552 1114 1611 οὖν
1146 1559 1492 1629 συνήχθημεν
1534 1560 1752 1630 ἀδελφοὶ
1782 1562 1895 1616 δια-

306 1642 511 1712 φόρους
532 1644 747 1711 ἐχοντες
778 1643 991 1714 χρείας,
1026 1645 1084 1698 ἐν
1111 1640 1191 1709 οἷς
1216 1646 1310 1699 καὶ
1339 1646 1597 1715 Εύλόγιός
1628 1666 1711 1713 τις
1736 1648 1892 1702 Ἀλε-

309 1728 573 1800 ξανδρεύς
608 1730 881 1801 μονάζων,
908 1733 1003 1783 καὶ
1035 1734 1151 1802 μετ’
1196 1732 1361 1787 αὐτοῦ
1390 1734 1550 1798 ἀλλος
1576 1735 1893 1808 λελωϐημέ-

305 1832 402 1883 νος
421 1832 437 1848 ⁶
467 1818 665 1883 οἵτινες
694 1820 1060 1891 παρεγένοντο
1090 1820 1161 1874 δι’
1200 1820 1381 1877 αἰτίαν
1407 1825 1640 1880 τοιάνδε.

854 1909 1108 1964 ΚΕΦΑΛ.
1144 1912 1290 1978 KG’.

481 1994 627 2064 Περέ
664 1996 989 2067 Εὐλογιου,
1021 1997 1119 2051 καί
1146 1998 1253 2052 τοῦ
1278 1999 1724 2070 λελωϐημένου.

381 2076 554 2184 Οῦτρς
588 2087 617 2138 6
648 2084 909 2153 Εὐλόγιος
963 2086 1315 2156 σχολαστικὸς
1377 2090 1621 2160 ὑπῆρχεν
1667 2092 1731 2144 ἐκ
1782 2092 1898 2184 τῶν1

303 2170 620 2262 ἐγκυκλίων
647 2172 1052 2262 παιδευμάτων,
1082 2174 1141 2237 ὃς
1166 2174 1329 2246 ἔρωτι
1358 2175 1488 2247 θείῳ
1523 2178 1747 2248 πληγεὶς
1769 2170 1893 2262 ἐπι-ί

303 2259 481 2332 θυμία
505 2260 803 2323 ἀθανασίας
832 2261 1142 2326 ἀπετάξατο
1162 2263 1271 2316 τῶν
1292 2263 1555 2332 θορύϐων.
1582 2265 1689 2318 Καὶ
1714 2259 1891 2319 πάντα

301 2348 705 2419 διασκορπίσας
730 2348 800 2402 τά
820 2349 1133 2420 ὑπάρχοντα
1176 2351 1465 2405 κατέλιπεν
1488 2353 1662 2423 ἐαυτῴ
1686 2353 1892 2424 βραχέα

302 2435 647 2506 νομίσματα,
676 2436 1006 2508 ἐργάζεσθαι
1039 2439 1112 2509 μὴ
1146 2439 1461 2509 δυνάμενος.
1508 2441 1770 2511 ’Λκηδιῶν
1800 2440 1891 2495 οὖν

302 2521 432 2579 καθ’
451 2524 665 2589 ἐαυτὸν,
698 2525 791 2577 καὶ
820 2526 956 2596 μήτε
994 2528 1072 2587 εἰς
1102 2526 1345 2579 συνοδίαν
1372 2527 1690 2598 βουλόμενος
1717 2530 1891 2581 εἰσελ-

305 2611 447 2675 θεῖν,
481 2612 619 2681 μήτε
657 2612 713 2664 δὲ
764 2614 927 2674 μόνος
971 2611 1503 2684 πληροφορούμενος,
1565 2610 1722 2686 εῦρέν
1771 2634 1893 2667 τινα

300 2697 414 2753 ἁνά
441 2699 543 2769 τὴν
576 2699 1169 2772 ἀγοράνρῤριμμένον
1216 2700 1614 2771 λελωϐημένον,
1666 2703 1723 2766 ὃς
1770 2704 1891 2756 οὔτε

302 2788 499 2857 χεῖρας
531 2780 700 2856 εἶχεν,
747 2785 872 2839 οὕτε
926 2788 1112 2850 πόδας.
1152 2787 1339 2859 Τούτῳ
1389 2792 1524 2861 μόνη
1586 2794 1621 2860 ἡ
1678 2792 1894 2859 γλῶττα

303 2874 558 2945 ὑπῆρχεν
578 2875 987 2946 ἀκατάτριπτος
1013 2879 1149 2947 πρὸς
1168 2880 1454 2949 συμφορὰν
1480 2879 1587 2931 τῶν
1612 2874 1900 2950 παρατυγ-’

301 2964 604 3034 χανόντων.
640 2963 699 3018 '0
726 2963 786 3016 δέ
817 2964 1073 3035 Εύλόγιος
1104 2966 1234 3029 στάς
1262 2966 1559 3031 ἐνατενίςει
1596 2968 1767 3038 αὐτῷ,
1805 2973 1905 3021 καὶ·

306 3049 676 3121 προσεύχεται
703 3050 781 3121 τῷ
810 3052 951 3121 Θεῷ,
988 3054 1083 3105 καὶ
1108 3052 1314 3106 τίθεται
1341 3054 1608 3126 διαθήκην
1643 3057 1780 3126 μετὰ
1805 3058 1894 3108 τοῦ

1991 600 2212 672 θοῦμαι.
2258 601 2315 653 '0
2344 598 2401 653 δὲ
2433 600 2553 663 ὅλος
2603 597 2980 667 λελωϐημένος
3020 596 3205 662 ἔλεγεν
3254 592 3566 664 ἐμϐριθῶςο

1991 687 2064 738 Οὐ
2092 686 2229 738 θέλω
2249 703 2341 738 σου
2373 684 2577 749 ταύτας
2610 684 2708 747 τὰς
2734 684 3046 744 κολακείαςο
3086 681 3379 747 ἀπένεγκε,
3414 679 3567 749 ρίψον

1995 790 2061 844 με
2094 775 2149 826 ἐν
2180 777 2243 844 τῇ
2278 775 2451 845 ἀγορᾷ
2482 772 2633 843 παρά
2663 770 2760 842 τὴν
2795 770 2935 840 ἐμὴν
2980 767 3205 839 πρώτην
3239 767 3563 822 ἀνάπαυσιν.

2003 860 2061 914 '0
2077 861 2131 914 δὲ
2146 861 2419 929 Εὐλόγιος·
2439 858 2746 930 Παρακαλῶ
2765 875 2845 921 σε,
2861 855 3248 927 θεραπεύθητε,
3267 855 3381 907 εῐτι
3398 854 3566 925 λυπῇ,

1991 948 2169 1020 κῦριὸ
2204 949 2397 1017 μέγας.
2451 947 2507 999 '0
2536 947 2590 1000 δέ
2648 945 3022 1015 λελωϐημένος
3074 943 3371 1012 ἀγριαίνων
3415 943 3569 1015 θυμῷ

1992 1036 2128 1105 πρὸς
2156 1035 2318 1087 αὐτὸν
2348 1034 2550 1103 ἔλεγεν·
2578 1033 2775 1086 Οὐκέτι
2802 1032 3064 1101 ἀνέχομαι
3088 1030 3190 1099 τῆς
3212 1028 3447 1081 ὑπούλου
3474 1044 3568 1081 σου

1994 1123 2085 1175 καὶ
2131 1122 2419 1193 είρωνικῆς
2476 1121 2789 1184 κολακείας.
2845 1119 2961 1173 Οὐκ
3019 1119 3420 1189 ἀρέσκομαιτῇ
3454 1116 3567 1186 ζωῇ

1992 1208 2163 1280 ταύτῃ
2204 1211 2270 1279 τῇ
2318 1207 2746 1279 τεταριχευμένῃ
2788 1207 2883 1261 καὶ
2938 1206 3203 1275 φειδωλῷ.
3261 1204 3400 1273 Ἐγὼ
3432 1205 3570 1274 κρέα

1994 1298 2132 1354 θέλω
2153 1297 2374 1355 ἐσθίειν.
2409 1296 2469 1351 '0
2514 1296 2573 1349 δὲ
2625 1295 2979 1367 μακρόθυμος
3036 1295 3293 1363 Εὐλόγιος
3340 1296 3573 1364 ηνεγκεν

1992 1386 2142 1458 αὐτῴ
2163 1385 2321 1457 κρέα.
2360 1383 2507 1438 Ἰδὼν
2526 1383 2582 1435 δὲ
2609 1383 2749 1438 αὐτά
2779 1383 2965 1448 πάλιν,
2987 1383 3283 1452 ἀνακράςει
3312 1385 3340 1435 6
3363 1382 3570 1436 δυσπα-

1994 1476 2111 1546 θής·
2141 1476 2216 1528 οὐ
2235 1471 2688 1544 πληροφοροῦμαι
2706 1466 2847 1525 εἶναι
2880 1470 3020 1541 μετά
3050 1469 3144 1523 σοῦ
3182 1470 3572 1540 μόνου,δχλους

1994 1563 2133 1616 θέλω
2187 1560 2425 1631 βλέπειν.
2494 1560 2662 1628 Λέγει.
2695 1559 2845 1631 αὐτῷ
2876 1561 2905 1614 6
2942 1559 3200 1628 Εὐλόγιος
3227 1576 3240 1591 ·
3290 1558 3432 1627 Ἐγώ
3490 1574 3571 1610 σοι

1993 1650 2147 1721 φέρω
2179 1650 2306 1720 ἀρτι
2336 1648 2539 1718 πλῆθος
2569 1647 2835 1718 ἀδελφῶν.
2878 1647 2936 1700 '0
2963 1646 3021 1700 δέ
3066 1644 3228 1700 πάλιν
3264 1645 3572 1700 ἀποδυσπε-

1992 1738 2101 1793 τῶν
2124 1738 2306 1806 λέγει·
2337 1737 2473 1791 Οὐαί
2505 1752 2596 1807 μοι
2623 1735 2699 1807 τῷ
2718 1733 3073 1805 ταλαιπώρῳ,
3104 1735 3203 1803 τὴν
3234 1732 3331 1804 σὴν
3356 1732 3481 1799 δψιν
3510 1733 3571 1785 οὐ

1926 1854 1970 1910 Β
1995 1823 2135 1878 θέλω
2169 1824 2320 1890 ἰδεῖν,
2360 1822 2455 1876 καὶ
2478 1823 2631 1891 ἄγεις
2661 1839 2752 1892 μοι
2782 1822 2909 1885 τοὺς
2943 1820 3164 1910 ὁμοίους
3202 1837 3296 1873 σου
3326 1820 3573 1910 ἀργοφάο

1995 1928 2156 1979 γους;
2194 1913 2303 1965 Καὶ
2328 1910 2614 1982 σπαράξας
2643 1910 2861 1975 ἐαυτὸν,
2911 1908 3135 1978 ἀτάκτῳ
3159 1910 3310 1978 φωνῇ
3341 1908 3573 1979 ἀνέκρα-

1996 2002 2108 2070 ξεν,
2139 2002 2334 2069 λέγων·
2366 2002 2441 2055 Οὐ
2474 1999 2633 2065 θέλω,
2665 1999 2727 2052 οὐ
2753 1998 2913 2062 θέλω,
2940 1999 3020 2061 είς
3055 1999 3155 2067 τὴν
3183 1996 3387 2067 ἀγοράν
3414 1997 3571 2052 θέλω.

1995 2091 2059 2142 Ὢ
2090 2089 2213 2160 βίαί
2244 2088 2400 2158 ῥίψον
2455 2106 2522 2159 με
2556 2089 2691 2141 ὅπου
2729 2105 2797 2159 με
2825 2080 3007 2159 εῦρες.
3038 2087 3197 2155 Λέγω
3230 2087 3312 2139 ὅτι
3336 2089 3385 2139 εί
3429 2080 3573 2156 εἶχεν

1979 2166 2205 2250 Ιχεῖρας,
2230 2178 2293 2229 οὐ
2328 2178 2625 2250 παρῃτεῖτο
2656 2177 2747 2229 καὶ
2776 2176 2981 2246 ἀγχόνῃ
3011 2175 3339 2246 χρήσασθαι,
3366 2175 3399 2245 ἢ
3430 2172 3574 2243 ξίφει

1976 2248 2186 2324 ίέαυτὸν
2246 2248 2614 2336 χειρίσασθαι.
2677 2262 2863 2325 Οὕτως
2926 2262 3110 2316 αὐτὸν.
3160 2259 3255 2334 τοῦ
3322 2261 3574 2330 δαίμονος

1976 2354 2431 2426 ίέξαγριώσαντος
2458 2393 2472 2417 ,
2511 2355 2647 2424 μετὰ
2688 2353 2861 2406 ταῦτα
2916 2352 3215 2423 ἀπέρχεται
3245 2353 3273 2403 6
3317 2350 3574 2419 Εύλὸγιος

1976 2445 2129 2515 ,πρὸς
2154 2444 2282 2507 τοὺς
2308 2446 2371 2497 ἐκ
2398 2442 2655 2512 γειτόνων
2688 2441 2853 2496 αὐτοῦ
2894 2440 3160 2511 ἀσκητάς,
3188 2440 3281 2492 καὶ
3311 2428 3577 2507 λέγειάὐ-

1977 2511 2107 2600 ξτοῖς
2130 2547 2142 2559 °
2198 2531 2263 2583 Τί
2300 2532 2528 2600 ποιήσω,
2562 2531 2645 2582 ὅτι
2697 2531 2776 2593 είς
2827 2528 3170 2597 ἀπελπισμὺν
3210 2528 3417 2598 ηγαγέν
3453 2543 3517 2597 με
3545 2527 3577 2579 6

1977 2599 2371 2688 [λελωϐημένος
2409 2599 2599 2682 οῦτος;
2634 2616 2900 2685 Λέγουσιν
2932 2616 3110 2685 αὐτῷ·
3138 2617 3237 2669 Διά
3272 2616 3355 2679 τί;
3395 2614 3453 2667 '0
3492 2616 3573 2669 δέ·

1982 2696 2155 2781 ξΔεινά
2185 2723 2277 2776 μοι
2309 2706 2628 2770 διατίθεται,
2665 2706 2759 2757 καὶ
2792 2703 2845 2756 τί
2874 2706 3089 2775 ποιήσω
3108 2704 3208 2756 οὐκ
3233 2700 3369 2757 οἶδα.
3408 2702 3579 2773 Ῥίψω

1987 2798 2178 2864 αὐτὸν,
2201 2795 2337 2851 ἀλλά
2364 2795 2442 2866 τῷ
2471 2794 2588 2864 Θεῷ
2616 2793 2793 2858 δεξιὰς
2822 2793 3016 2859 ἐδωκα,
3042 2793 3137 2846 καὶ
3159 2791 3453 2862 φοϐοῦμαι.
3484 2793 3578 2862 Μὴ

1999 2886 2140 2958 ῥίψω
2178 2884 2338 2937 αὐτόν
2360 2900 2373 2913 ο
2399 2882 2536 2936 ἀλλὰ
2560 2882 2738 2945 κακὰς
2769 2883 2986 2953 ⁴ἡμέρας
3019 2898 3110 2952 μοι
3144 2882 3237 2934 καὶ
3270 2880 3471 2944 νύκτας
3498 2882 3579 2933 δί-

1996 2975 2179 3028 δωσιν.
2206 2974 2319 3027 Οὐκ
2348 2969 2469 3025 οἶδα
2500 2972 2553 3024 τί
2601 2971 2751 3043 αὐτῷ
2810 2973 3045 3043 ποιήσω.
3104 2970 3371 3038 Λέγουσιν
3427 2970 3579 3041 αὐτῷ

1999 3064 2217 3127 ἐκεῖνοι,
2268 3062 2343 3124 ὼς
2385 3060 2465 3113 ἐτι
2519 3062 2584 3130 ζῇ
2610 3064 2638 3114 6
2691 3061 2865 3131 μέγας
2898 3059 3062 3129 (οὕτω
3093 3060 3200 3127 γάρ
3230 3058 3460 3111 ἐκάλουν
3487 3061 3579 3111 τὸν

304 3136 473 3205 Θεοῦ,
507 3137 696 3204 εἰπὼν,
720 3138 803 3191 ὅτι
849 3139 1041 3209 Κύριε,
1068 3141 1160 3192 ἐπὶ
1181 3138 1259 3210 τῷ
1287 3141 1363 3211 σῷ
1389 3141 1612 3211 ὀνόματι
1637 3143 1897 3213 λαμϐάνω
1925 3194 1965 3219 η
2001 3151 2153 3219 ἀγιον
2199 3148 2501 3219 Ἀντώνιον)
2525 3188 2540 3214 ,
2564 3149 2752 3203 ἄνελθε
2785 3148 2922 3219 πρὸς
2949 3147 3132 3211 αὐτὸν,
3167 3146 3345 3217 βαλὼν
3369 3149 3459 3200 τὸν
3488 3145 3580 3198 λε-

304 3226 505 3279 τοῦτον
534 3228 625 3279 τδν
652 3226 1052 3297 λελωδημένονν
1096 3228 1191 3283 καὶ
1218 3229 1534 3284 διαναπαύω
1587 3233 1749 3285 αὑτὸν
1792 3232 1896 3296 ἓως
1925 3226 1965 3252 υ
2000 3238 2313 3309 λωϐημένον
2335 3239 2413 3302 είς
2440 3238 2641 3301 πλοῖον,
2674 3238 2766 3290 καὶ
2787 3236 3047 3303 ἀνένεγκε
3088 3234 3248 3288 αὐτὸν
3277 3236 3356 3296 είς
3389 3234 3448 3287 τὸ
3479 3250 3578 3304 μο-

307 3314 530 3386 ήμέρας
583 3314 816 3368 θανάτου
850 3314 1035 3380 αὐτοῦ,
1073 3316 1158 3368 ἵνα
1186 3316 1341 3385 κάγὼ
1364 3318 1452 3370 διὰ
1479 3319 1671 3371 τούτου
1717 3318 1896 3373 σωθῶ.

308 3402 554 3472 Χάρισαί
582 3396 681 3472 μοι’
704 3398 818 3467 οὖν,
842 3404 1065 3471 Χριστέ,
1095 3402 1192 3474 τὴν
1214 3404 1491 3475 ὑπομονὴν
1514 3409 1611 3476 τῆς
1636 3409 1715 3470 είς
1737 3406 1900 3461 αὐτὸν

310 3490 646 3561 ὑπηρεσίας.
702 3492 808 3544 Καὶ
853 3489 1169 3560 προσελθὼν
1223 3494 1299 3561 τῳ
1329 3492 1712 3565 λελωϐημένῳ,
1749 3496 1900 3564 λέγει

311 3581 502 3651 αὐτῷ’
533 3579 741 3645 Θέλεις,
771 3583 799 3636 6
847 3582 1044 3652 μέγας,
1075 3581 1337 3651 λαμϐάνω
1381 3599 1439 3635 σε
1475 3586 1555 3647 είς
1582 3585 1678 3655 τὴν
1722 3587 1901 3639 οἰκίαν

311 3670 413 3722 καλ⁸
445 3667 752 3734 ἀναπαύω;
794 3668 955 3736 Λέγει
985 3668 1133 3738 αὐτῷ
1170 3671 1412 3733 ἐκεῖνος’
1446 3670 1570 3724 Εἴθε
1601 3673 1899 3742 κατηξίοις,

309 3759 434 3813 ἀλλ’
460 3759 570 3828 ἐγὼ
610 3758 827 3825 ἀνάξιός
876 3761 1013 3830 εἰμι.
1064 3759 1227 3827 Λέγει
1281 3761 1308 3811 6
1358 3760 1634 3829 Εύλὸγιος·
1693 3762 1901 3815 Οὐκοῦν

315 3848 658 3919 ἀπέρχομαι,
689 3848 840 3919 φέρω
867 3847 1006 3912 δνον,
1040 3848 1135 3899 καὶ
1163 3847 1425 3916 λαμϐάνω
1464 3865 1522 3900 σε
1554 3849 1724 3904 ἔνθεν.
1769 3852 1904 3903 Συν-

315 3935 927 4006 έθετοόλελωϐημένος
968 3937 1106 4005 μετὰ
1152 3933 1353 4006 πολλῆς
1403 3938 1598 4007 χαρᾶς.
1638 3939 1906 4007 Ἐνεγκὼν

314 4023 414 4081 οὖν
443 4026 565 4080 δνον
589 4027 817 4089 ἐκεῖνος,
843 4025 1047 4096 ἐπῆρεν
1080 4026 1263 4093 αὐτὶν,
1290 4029 1381 4080 καὶ
1405 4030 1715 4098 ἀπήνεγκεν
1744 4031 1822 4092 είς
1846 4029 1907 4083 τὸ

318 4116 452 4169 ἴδιον
478 4114 721 4179 ξενίδιον.
753 4115 858 4167 Καὶ
885 4110 952 4184 ἦν
976 4113 1141 4168 αὐτοῦ
1174 4114 1600 4185 ἐπιμελούμενος
1635 4117 1777 4170 κατά
1808 4120 1909 4171 πᾶ-

318 4220 424 4259 σαν
450 4204 617 4257 αὐτοῦ
657 4206 866 4275 χρείαν.
903 4205 1207 4275 Διαρκέσας
1226 4202 1319 4258 οὖν
1354 4208 1382 4259 ό
1410 4204 1786 4277 λελωϐημένος
1815 4208 1908 4261 ἐπὶ

318 4294 417 4366 ἔτη
446 4294 765 4359 δεκαπέντε,
791 4296 1171 4364 ἐνοσοκομεῖτο
1214 4297 1345 4365 παρ’
1385 4295 1548 4348 αὐτοῦ
1593 4297 1667 4360 ὼς
1701 4297 1907 4369 πατὴρ,

319 4384 684 4454 φιλοφρόνως,
734 4382 1044 4453 λουόμενος,
1082 4383 1461 4451 ἀλειφόμενος,
1494 4385 1552 4435 ἐν
1581 4386 1713 4437 πᾶσι
1744 4386 1906 4456 θερα-

317 4473 643 4540 πευόμενος,
677 4471 771 4523 καὶ
791 4469 1289 4541 διαϐασταζόμενυς
1324 4474 1444 4535 ταῖς
1490 4474 1647 4543 χερσὶ
1674 4473 1767 4526 τοῦ
1800 4474 1911 4525 Εύέ

316 4536 530 4628 λογίου,
554 4559 649 4612 καὶ
676 4560 819 4629 ὑπὲρ
851 4559 1009 4625 ἀξίαν
1041 4536 1141 4629 μὲν
1165 4560 1372 4611 ἐκείνου
1419 4536 1902 4632 δορυφορούμενος,
1940 4536 1982 4589 D

315 4646 679 4717 καταλλήλως
733 4647 788 4700 δὲ
832 4648 929 4716 τῆς
964 4647 1120 4700 νόσου
1172 4648 1603 4715 ἀναπαυόμενος.
1666 4649 1820 4701 Μετά
1852 4650 1907 4701 δὲ

315 4736 718 4792 πεντεκαίδεκα
744 4737 838 4806 ἐτη
875 4739 902 4788 6
928 4736 1137 4806 δαίμων
1164 4734 1465 4807 ἐνέσκηψεν
1489 4736 1565 4806 τῷ
1597 4736 1909 4807 λελωϐημέ-

316 4844 417 4897 νῳ,
446 4825 615 4878 θέλων
639 4824 778 4896 τάχα
803 4827 897 4879 καὶ
922 4826 1010 4879 τὸν
1044 4825 1300 4893 Εὐλόγιον
1324 4826 1422 4894 τῆς
1453 4827 1670 4896 ἐντολῆς
1694 4828 1787 4878 καὶ
1808 4826 1909 4897 τῆς

316 4917 636 4987 προθέσεως
675 4914 963 4985 στερῆσαι,
994 4915 1089 4967 καὶ
1120 4915 1208 4967 τὸν
1240 4914 1615 4986 λελωϐημένον
1647 4916 1745 4984 τῆς
1774 4916 1910 4970 ἀνα-

318 5008 579 5068 πλύσεως
610 5008 704 5058 καὶ
732 5006 830 5073 τῆς
852 5006 1205 5076 εὐχαριστίας
1241 5007 1467 5073 Κυρίου.
1527 5005 1639 5059 Καὶ
1672 5007 1910 5060 ἀποστα-

317 5096 500 5159 σιάζει
531 5091 682 5158 οὗτος
711 5096 847 5164 πρὸς
888 5097 980 5147 τὸν
1020 5095 1298 5163 Εύλόγιον,
1344 5098 1439 5149 καὶ
1483 5096 1688 5167 ἤρξατο
1730 5096 1911 5165 λέγειν

317 5185 442 5237 κατ’
475 5184 645 5237 αὐτοῦ
674 5183 959 5255 δύσφημα,
988 5183 1064 5247 ὡς
1107 5184 1204 5237 καὶ
1232 5182 1523 5253 λοιδορίαις
1571 5185 1756 5238 λοιπὸν
1785 5184 1912 5238 πλύο

316 5290 432 5328 νειν
460 5273 553 5327 τὸν
599 5273 789 5344 ἀνδρα,
844 5272 1113 5340 ἐπιλέγων
1167 5271 1336 5342 αὐτῷ·
1376 5271 1581 5343 Σχάτα,
1617 5273 1908 5341 γλούττων,

318 5364 641 5434 φυγοκύριν,
682 5361 943 5431 ἀλλότρια
993 5362 1253 5432 χρήματα
1306 5362 1563 5431 ἔκλεψας.
1612 5361 1724 5416 Καὶ
1772 5362 1912 5432 τάχα

316 5452 506 5513 δοῦλος
533 5450 797 5521 ὑπάρχων
853 5450 945 5504 τὸν
978 5450 1111 5504 ἴδιον
1165 5449 1436 5520 δεσπότην
1462 5449 1733 5521 ἐσύλησας
1755 5468 1770 5482 ο
1818 5451 1914 5505 καὶ

317 5544 386 5610 τῇ
417 5541 525 5611 ἐμῇ
584 5540 858 5611 προφάσει
896 5538 1079 5609 βούλει
1128 5539 1333 5605 λαθεῖν,
1368 5540 1442 5602 ὡς
1495 5542 1589 5593 ἐπί
1641 5544 1913 5613 προφάσει

317 5629 484 5697 δῆθεν
504 5628 751 5692 εὐποιίας
778 5630 858 5691 εἰς
892 5629 951 5681 τὸ
984 5627 1209 5693 ξενίδιόν
1241 5644 1336 5680 σου
1373 5629 1552 5684 λαϐών
1585 5647 1676 5700 με,
1712 5634 1806 5684 καὶ
1842 5629 1913 5683 δι’

318 5717 460 5787 ἐμοῦ
484 5716 664 5787 βούλει
690 5717 946 5787 σωθῆναι.
966 5717 1024 5771 '0
1043 5717 1100 5770 δὲ
1124 5716 1376 5786 Εὐλόγιος
1402 5718 1701 5790 παρεκάλει
1726 5720 1911 5787 αὐτὸν,

321 5806 652 5883 θεραπεύων
706 5806 872 5863 αὐτοῦ
902 5808 1004 5879 τὴν
1053 5807 1303 5880 καρδίαν,
1333 5806 1506 5878 λέγων
1535 5822 1547 5837 ’
1587 5808 1699 5879 Μὴ,
1735 5807 1911 5881 κύριε,

1998 3316 2312 3398 ἀνάστήριον,
2338 3326 2431 3378 καὶ
2466 3322 2677 3389 ἐκδεξαι
2704 3324 2808 3387 ἐως
2839 3318 2900 3377 οῦ
2924 3322 3116 3394 ἐξέλθῃ
3145 3324 3173 3374 6
3208 3320 3379 3392 μέγας
3404 3323 3468 3373 ἐκ
3485 3319 3580 3373 τοῦ

2004 3415 2293 3485 σπηλαίου,
2324 3415 2425 3468 καὶ
2467 3412 2727 3481 ἀνένεγκε
2784 3410 2933 3482 αὐτῴ
2984 3413 3046 3462 τὸ
3081 3412 3256 3480 κρῖμα
3275 3425 3289 3439 °
3320 3409 3414 3463 καὶ
3433 3409 3461 3460 ὃ
3487 3409 3583 3461 ἐάν

2004 3523 2086 3559 σοι
2117 3508 2247 3578 εἴπῃ
2277 3504 2456 3570 αὐτὸς,
2513 3503 2799 3573 στοίχησον
2831 3501 2994 3555 αὐτοῦ
3052 3502 3117 3571 τῇ
3166 3500 3463 3566 ἐπικρίσει.
3524 3502 3582 3551 '0

2003 3596 2111 3663 γάρ
2145 3593 2277 3655 Θεός
2312 3608 2395 3645 σοι
2423 3591 2567 3659 λέγει
2604 3589 2671 3642 δι’
2705 3586 2893 3643 αὐτοῦ.
2944 3587 3002 3640 '0
3045 3587 3102 3639 δέ
3130 3587 3386 3656 εὐπειθὴς
3419 3585 3584 3638 Εύλό-

2003 3698 2119 3750 γιος
2154 3681 2412 3750 ἠνέσχετο
2433 3677 2633 3741 αὐτῶν,
2666 3677 2760 3729 καὶ
2788 3673 3123 3737 κολακεύσας
3144 3674 3235 3726 τὸν
3264 3672 3582 3744 λελωϐημέ-

2005 3786 2094 3822 νον
2123 3766 2375 3835 ἐμϐαλὼν
2400 3765 2562 3819 αὐτὸν
2619 3766 2698 3827 είς
2728 3766 2934 3833 σκάφος
2983 3762 3318 3833 βουκολικὸν,
3361 3762 3584 3832 ἐξῆλθεν

2006 3856 2103 3925 τῆς
2124 3855 2326 3917 π-.λεως
2351 3856 2407 3907 ἐν
2422 3854 2708 3919 νυκτ“ι,,καὶ
2733 3853 3031 3921 ἀνήνεγκεν
3053 3848 3214 3901 αὐτὸν
3230 3848 3310 3911 είς
3328 3847 3387 3900 τὸ
3408 3863 3583 3917 μονα-

2009 3947 2230 4015 στήριον
2285 3942 2380 3995 τοῦ
2445 3942 2678 4012 μεγάλου
2726 3939 3037 3994 Ἀντωνίου.
3092 3938 3300 4007 Συνέϐη
3362 3937 3418 3990 δὲ
3483 3938 3585 4007 τὴν

2007 4032 2170 4101 ἀλλην
2201 4030 2416 4101 ἡμέραν
2447 4030 2620 4081 ἐλθεῖν
2647 4028 2738 4081 τὸν
2765 4026 2937 4097 μέγαν
2967 4026 3206 4097 ἑσπέρας
3241 4024 3483 4096 βαθείας,
3509 4025 3586 4089 ὡς

2008 4121 2235 4188 Κρόνιος
2261 4117 2577 4187 διηγήσατο,
2608 4113 3098 4185 ἐμπεφιϐλωμένον
3117 4114 3213 4184 χλά
3225 4114 3365 4184 μύδα
3386 4116 3439 4165 δε
3449 4130 3590 4183 ρμα-

1966 4208 2181 4275 κτίνην.
2226 4207 2549 4276 Ἐρχόμενος
2596 4201 2691 4259 οὖν
2744 4204 2823 4266 είς
2860 4203 2922 4256 τὸ
2983 4204 3342 4273 μοναστήριον
3394 4203 3586 4256 ἐαυτοῦ

2011 4298 2317 4367 εἰσήρχετο.
2344 4295 2456 4347 Καὶ
2489 4292 2692 4371 ταύτην
2722 4287 2835 4362 εἶχε
2857 4292 2954 4362 τὴν
2977 4290 3263 4361 συνήθειαν
3290 4291 3474 4344 καλεῖν
3497 4292 3588 4344 τὸν

2010 4387 2319 4455 Μακάριον,
2370 4385 2463 4437 καὶ
2515 4384 2725 4454 ἐρωτᾷν
2764 4384 2965 4435 αὐτόν’
3038 4381 3259 4451 Ἀδελφέ
3310 4382 3583 4452 Μακάριε,

2009 4472 2174 4545 ἦλθόν
2225 4490 2370 4536 τινες
2427 4470 2647 4540 ἀδελφοὶ
2676 4470 2904 4536 ἐνθάδε;
2947 4469 3306 4541 ’Λπεκρίνατο
3344 4472 3373 4524 6
3400 4472 3591 4524 Μακά-

2016 4580 2146 4636 ριος”
2188 4559 2413 4615 Ἦλθον.
2443 4560 2553 4614 Καὶ
2582 4563 2610 4614 6
2644 4561 2836 4629 μέγας·
2872 4559 3158 4627 Αἰγύπτιοί
3189 4561 3325 4611 είσιν
3356 4560 3389 4629 ἢ
3426 4560 3589 4631 Ἰερο-

2013 4654 2319 4723 σολυμῖται.
2359 4649 2641 4703 Ἐδεδώκει
2674 4648 2731 4701 δέ
2758 4647 2906 4716 αύτῴ
2950 4652 3173 4717 σημεῖον
3194 4648 3223 4699 6
3258 4648 3452 4716 μέγας,
3500 4650 3591 4701 λέο

2009 4756 2140 4810 γων·
2184 4741 2353 4793 Ὅταν
2388 4737 2943 4808 ἀπραγμονεστέρους
2974 4738 3125 4798 τινάς
3151 4736 3267 4806 ῖόῃς
3315 4736 3588 4801 ἐλθόντας,

2009 4830 2133 4899 λέγε
2164 4830 2244 4881 ὅτι
2275 4826 2563 4895 Αἰγύπτιοί
2597 4827 2733 4877 εἰσιν
2756 4840 2771 4855 ·
2800 4826 2930 4877 ὅταν
2976 4823 3033 4876 δέ
3077 4840 3228 4887 τινας
3273 4825 3593 4877 εὐλαϐεστέ-

2010 4937 2139 4992 ρους
2173 4922 2267 4972 καὶ
2296 4918 2673 4986 λογιωτέρους,
2698 4912 2824 4982 λέγε
2847 4915 2930 4966 ὅτι
2975 4914 3398 4984 ἰεροσολυμῖταί
3430 4915 3591 4969 εἰσιν.

2023 5008 2240 5080 Ἦρώτα
2273 5003 2366 5059 οὖν
2392 5008 2530 5059 κατά
2556 5005 2616 5057 τὸ
2641 5003 2829 5068 εἰωθὸς
2862 5006 2891 5059 6
2916 5004 3109 5075 μέγας,
3146 5003 3319 5072 λέγων
3367 5004 3446 5075 τῷ
3486 5021 3591 5074 μα-

2012 5096 2149 5168 θητῇ
2182 5095 2489 5165 Μακαρίῳ’
2516 5094 2809 5163 Αἰγύπτιοί
2841 5094 2981 5146 εἰσιν
3004 5092 3053 5145 οἱ
3092 5092 3387 5161 ἀδελφοὶ,ἢ
3434 5092 3595 5159 Ἰερο-

2014 5183 2304 5255 σολυμῖταί
2352 5184 2493 5248 εἰσι;
2564 5182 2923 5252 Ἀπεκρίνατο
2971 5183 2999 5235 ό
3059 5181 3368 5249 Μακάριος,
3420 5178 3594 5246 λέγων

2012 5270 2184 5341 αὐτῷ,
2225 5271 2306 5322 ὃτι
2326 5270 2521 5339 Μίγμα
2552 5269 2710 5323 είσίν.
2738 5269 2908 5322 Ὅταν
2935 5266 3028 5321 οὖν
3053 5264 3205 5320 εἶπεν
3232 5270 3260 5320 6
3284 5266 3592 5337 Μακάριος,

2014 5360 2097 5413 ὅτι
2132 5358 2421 5428 Αἰγύπτιοί
2463 5358 2621 5423 εἰσιν,
2650 5358 2848 5425 ,ἔλεγεν
2895 5354 3044 5425 αὐτῷ
3073 5357 3101 5408 6
3132 5354 3327 5425 μέγας·
3362 5355 3595 5425 Ποίησον

2012 5450 2193 5511 αὐτοῖς
2225 5448 2418 5516 φακὸν,
2444 5446 2540 5499 καὶ
2562 5444 2651 5509 δὸς
2698 5446 2881 5507 αὐτοῖς
2926 5445 3122 5513 φαγεῖν
3140 5457 3154 5473 °
3183 5442 3281 5495 καὶ
3302 5443 3474 5495 ἐποίει
3498 5441 3597 5497 αὐ-

2014 5541 2126 5603 τοῖς
2165 5537 2331 5609 εὐχὴν
2364 5540 2517 5608 μίαν,
2544 5537 2640 5590 καὶ
2663 5536 2899 5590 ἀπέλυεν
2928 5534 3147 5598 αὐτούς.
3198 5534 3369 5587 Ὅταν
3394 5532 3451 5586 δέ
3487 5532 3599 5585 ἐλε-

2013 5643 2132 5696 γεν,
2155 5630 2237 5680 ὃτι
2276 5627 2725 5699 Ἱεροσολυμῖται,
2750 5622 3039 5688 ἐκαθέζετο
3060 5622 3148 5676 διὰ
3168 5621 3348 5695 πάσης
3381 5619 3596 5687 νυκτὸς,

2017 5720 2110 5772 καὶ
2127 5718 2306 5773 ἐλάλει
2336 5717 2519 5781 αὐτοῖς
2548 5718 2619 5770 τά
2633 5716 2981 5788 προσήκοντα
3006 5714 3145 5785 πρὸς
3165 5714 3461 5786 σωτηρίαν.
3509 5713 3600 5767 Ἐν

2017 5809 2205 5879 ἐκείνῃ
2238 5804 2328 5860 οὐν
2352 5808 2419 5879 τῇ
2451 5805 2663 5879 ἑσπέρᾳ
2683 5803 2995 5871 καθεσθεὶς,
3019 5803 3178 5877 φησὶ,
3210 5802 3599 5877 προσκαλεῖται
