4096 6502
534 352 675 422 1075

1997 351 2350 417 PALLADII

3669 359 3814 431 ιωε

533 471 748 536 πάντας
792 468 822 522 6
854 465 1048 552 μέγας,
1103 467 1200 522 καὶ
1255 465 1482 552 μηδενὸς
1534 462 1688 552 αὐτῷ
1743 462 2122 552 εἰρηκότος-τὸ
2152 471 2197 526 Α
2239 549 2254 552 Α
2297 465 2740 552 Χρονοτρισήσας
2763 469 2945 525 τοίνυν
2978 472 3007 527 6
3030 470 3262 543 Κρόνιος
3290 472 3373 538 είς
3392 473 3524 540 τοὺς
3546 477 3814 552 1:09:91;-

535 559 690 609 ποῖον
714 553 885 622 ὄνομα
910 550 1023 622 ἔχει
1044 552 1073 606 6
1109 551 1495 623 σχολαστικὸς,
1527 550 1769 620 ἑσπέρας
1811 546 1977 617 οὔσης
2027 547 2122 618 βα-

537 638 686 700 θείας
710 638 868 691 καλεῖ
892 635 1074 699 αὑτὸν,
1097 635 1297 702 λέγων·
1323 634 1572 707 Εύλόγιε,
1598 631 1845 700 Εύλόγιε,
1869 630 2120 698 Εύλόγιε,

540 737 602 773 ικ
623 721 806 790 τρίτου
831 719 990 774 τοῦτο
1010 717 1272 789 εἰρηκώς.
1312 717 1368 770 ’0
1390 717 1446 770 δὲ
1472 713 1828 786 σχολαστικὸς
1867 714 2122 782 Εύλόγιος

535 803 640 858 ούκ
693 803 1048 873 ἀπεκρίνατο,
1105 801 1350 871 οἰόμενος
1379 799 1537 853 ἄλλον
1581 799 1703 852 τινὰ
1735 798 2020 852 καλεῖσθαι
2044 799 2122 868 τῷ

536 887 764 959 ὀνόματι
788 885 984 961 τούτῳ.
1011 885 1176 952 Λέγει
1210 883 1360 952 αύτῷ
1394 883 1459 936 ἐκ
1497 882 1754 953 δευτέρου
1798 882 1991 934 πάλινσ
2030 882 2125 935 Σο).

537 972 703 1039 λέγω,
732 971 979 1038 Εύλόγιε,
1013 968 1092 1037 τῷ
1130 965 1239 1026 ἀπὸ
1281 965 1690 1035 Ἀλεξανδρείας
1723 964 1954 1018 ἐλθόντι.
1989 965 2124 1019 Τότε

538 1059 692 1124 λέγει
746 1056 896 1125 αύτῷ
936 1056 963 1108 6
1007 1053 1296 1120 Εὑλόγιος·
1357 1051 1422 1109 Τί
1454 1050 1716 1115 κελεύεις,
1766 1049 1954 1118 δέομαί
1991 1067 2123 1118 σου;

537 1145 703 1210 Λέγει
726 1141 871 1211 αύτῷ
897 1142 924 1193 6
963 1139 1133 1210 μέγας
1159 1155 1171 1167 ·
1204 1136 1269 1189 Τί
1297 1131 1460 1207 ἦλθες
1489 1135 1676 1188 ἐνθάδε
1700 1152 1714 1202 ;
1764 1134 2126 1204 Ἀπεκρίνατο

539 1230 570 1282 6
600 1227 876 1293 Εὑλόγιος,
910 1224 1083 1292 λέγων
1105 1221 1270 1292 αὐτῷ’
1295 1221 1354 1273 '0
1377 1219 1736 1295 ἀποκαλύψας
1768 1235 1849 1270 σοι
1873 1218 1934 1270 τὸ
1958 1217 2128 1289 ὄνομά

543 1329 668 1382 μου,
710 1309 805 1363 καὶ
837 1308 894 1361 τὸ
926 1306 1161 1378 πρᾶγμά
1220 1324 1302 1359 σοι
1337 1303 1677 1374 ἀποκαλύψει
1738 1301 1806 1356 δι’
1864 1301 1892 1355 ὃ
1941 1297 2124 1372 ἦλθον.

539 1397 705 1462 Λέγει
734 1393 883 1465 αὐτῷ
913 1395 940 1447 6
967 1394 1122 1460 ἆγιυς
1163 1390 1444 1454 Ἀντώνιος
1467 1403 1478 1415 ·
1521 1387 1764 1458 Ἔμαθον
1792 1388 1860 1440 δι’
1886 1385 1915 1440 6
1939 1382 2126 1458 ἦλθες.

537 1481 696 1535 ¹Λλλ⁹
739 1482 831 1534 ἐπὶ
885 1481 1103 1533 πάντων
1136 1478 1245 1530 τῶν
1270 1474 1517 1543 ἀδελφῶν
1555 1472 1701 1538 εἰπὲ,
1733 1473 1821 1527 ἵνα
1852 1472 1945 1525 καὶ
1971 1472 2130 1526 αὐτοὶ

543 1567 873 1622 ἀκούσωσιν.
922 1563 1253 1627 Κελευσθεὶς
1307 1561 1400 1615 οῦν
1433 1561 1537 1612 ύπὸ
1569 1557 1663 1612 τοῦ
1702 1557 1941 1629 μεγάλου
1972 1560 2000 1611 6
2029 1556 2126 1611 :06

543 1651 779 1722 Χριστοῦ
808 1650 991 1712 δοῦλος
1022 1648 1298 1715 Εύλόγιος,
1329 1641 1481 1722 εἶπεν
1509 1644 1600 1697 ἐπὶ
1636 1637 1885 1697 πάντων·

615 1734 817 1788 Ίόῦτον
837 1735 930 1788 τὸν
957 1731 1340 1802 λελωϐημένον
1395 1721 1556 1801 εὗρον
1591 1727 1702 1798 ἐγὼ
1751 1728 1809 1780 ὲν
1837 1728 1903 1796 τῇ
1948 1725 2126 1796 ἀγορᾷ

2223 549 2386 604 ϐαῒδα
2415 554 2618 617 τόπους
2645 555 2912 626 κατῆλθεν
2961 559 3042 621 είς
3072 557 3138 610 τὰ
3169 559 3516 630 μοναστήρια
3554 549 3812 629 ’Δλεξανο

2221 633 2426 706 δρείας.
2454 636 2564 688 Καὶ
2596 635 2794 708 συνέϐη
2828 636 2922 691 τοῦ
2975 639 3073 708 μὲν
3125 641 3400 712 μακαρίου
3441 641 3712 710 Εὖλογίου
3746 645 3820 698 τὰ

2222 719 2636 788 τεσσαρακοστά
2671 720 3055 787 ἐπιτελεῖσθαι,
3088 723 3182 774 τοῦ
3227 723 3286 776 δὲ
3317 723 3707 795 λελωόημένου
3753 728 3818 782 τὸ

2225 803 2387 872 σῶμα
2419 802 2489 856 τὰ
2519 803 2678 873 τρίτα
2731 804 2884 876 παρά
2915 808 3018 877 τῆς
3042 805 3428 877 ἀδελφότητος.
3455 810 3818 880 Μεμαθηκὼς

2224 881 2315 938 οὖν
2354 885 2568 951 τοῦτοό
2605 887 2835 956 Κρόνιος
2865 887 3080 956 ἐξέστη,
3124 891 3218 944 καί
3255 890 3438 944 λαϐὼν
3479 892 3818 960 Εὐαγγέλιον

2225 969 2304 1032 εἰς
2323 967 2500 1022 πίστιν
2521 969 2630 1022 τῶν
2651 971 2962 1024 ἀκουόντων
2989 973 3233 1026 τέθεικεν
3259 975 3322 1026 ὲν
3347 974 3504 1045 μέσῳ
3527 976 3640 1028 τῶν
3667 975 3820 1028 ἀδελ.

2225 1051 2461 1120 φῶν,καὶ
2475 1051 2779 1123 διωμόσατο
2800 1055 2982 1118 αὐτοῖς
2995 1056 3423 1126 ἀφηγησάμενος
3442 1057 3544 1129 τὴν
3560 1057 3821 1127 πρόγνω-

2229 1136 2310 1189 σίν
2331 1135 2422 1188 τοῦ
2459 1136 2694 1205 μεγάλου
2725 1137 3008 1191 Ἀντωνίου
3030 1156 3096 1191 πε
3105 1139 3161 1209 ρὶ
3177 1140 3377 1206 αὐτῶν,
3393 1140 3492 1193 καὶ
3524 1143 3657 1211 περὶ
3681 1142 3822 1194 πάνυ

2226 1236 2334 1272 των
2380 1219 2488 1272 τῶν
2517 1219 2963 1291 συμθεόηκότων,
2985 1221 3069 1276 6::
3100 1223 3320 1277 Τούτων
3340 1223 3450 1277 τῶν
3476 1224 3619 1278 ὅλων
3642 1224 3823 1292 λόγων

2227 1304 2673 1373 ἑρμηνεὺςξαύτὸς
2684 1304 3008 1373 γέγονα,τοῦ
3027 1306 3296 1377 μακαρίου
3321 1308 3615 1361 Ἀντωνίου
3639 1307 3826 1374 Ἐλληο

2228 1387 2367 1441 νιστὶ
2389 1387 2465 1458 μὴ
2487 1387 2707 1450 εἰδότος.
2745 1389 2886 1456 Ἐγὼ
2907 1388 3012 1459 γάρ
3026 1389 3348 1459 ἠπιστάμην
3365 1390 3706 1462 ἀμφοτέρων
3725 1391 3825 1452 τὰς

2185 1508 2188 1510 -
2228 1467 2502 1537 γλώσσας,
2526 1471 2620 1523 καὶ
2650 1470 2967 1541 έρμήνευσα
2997 1471 3180 1535 αὐτοῖς
3205 1488 3220 1502 ·
3245 1475 3358 1536 τοῖς
3383 1473 3482 1543 μὲν
3519 1471 3827 1543 μακαρίοις

2229 1552 2416 1605 λοιπὸν
2445 1553 2533 1605 διὰ
2570 1551 2670 1624 τὴν
2721 1553 2818 1606 τοῦ
2852 1552 3091 1626 Χριστοῦ
3118 1553 3301 1625 χάριν,
3332 1555 3581 1626 Εύλογίῳ
3616 1556 3717 1608 καὶ
3745 1553 3826 1624 τῷ

2229 1636 2595 1708 λελωϐημένῳ
2619 1636 2699 1708 τῷ
2749 1638 2983 1708 σώματι,
3021 1637 3351 1708 Ἑλληνιστὶ,
3392 1639 3544 1709 παρά
3573 1636 3677 1690 τοῦ
3729 1653 3828 1707 με-

2230 1720 2397 1790 γάλου
2424 1719 2690 1791 εἰρημένα
2710 1737 2724 1753 ·
2745 1721 2824 1793 τῷ
2846 1722 2904 1775 δὲ
2918 1721 3170 1792 παναγίῳ
3187 1721 3280 1774 καὶ
3307 1721 3568 1793 μακαρίῳ
3596 1720 3701 1774 καὶ
3731 1734 3828 1789 με-

544 1819 879 1891 έρριμμένον
911 1819 1002 1871 καὶ
1036 1813 1433 1886 ἀμελούμενον.
1501 1813 1851 1882 Κατελεήσας
1878 1811 1935 1864 δὲ
1968 1811 2130 1865 αὑτὸν
2157 1809 2204 1870 Β
2232 1806 2383 1876 γάλῳ
2432 1805 2724 1878 Ἀντωνίῳ,
2746 1806 3096 1876 Αἰγυπτιστὶ,
3131 1806 3282 1877 παρὰ
3331 1806 3442 1864 τῶν
3481 1803 3826 1878 ἀμφοτέρων

543 1906 639 1958 καὶ
665 1903 742 1973 τῷ
773 1903 892 1972 Θεῷ
933 1899 1375 1972 προσευξάμενος
1409 1897 1632 1966 δοθῆναί
1674 1913 1764 1966 μοι
1799 1894 1960 1966 χάριν
1992 1896 2128 1948 ὑπο-

547 1992 716 2062 μονῆς
745 1992 825 2053 είς
855 1989 1039 2053 αὐτὸν,
1064 1986 1328 2041 ἀνέλαϐον
1375 1985 1541 2038 αὐτόν
1564 2000 1580 2016 ·
1616 1981 1901 2036 ὲδεδώκειν
1938 1981 1996 2035 δὲ
2035 1981 2131 2035 καὶ

543 2077 727 2142 δεξιὰς
749 2076 825 2145 τῷ
847 2073 1093 2144 Χριστῷ,
1119 2073 1206 2126 ἵνα
1230 2072 1395 2126 αὑτὸν
1411 2067 1948 2139 νοσοκομὴσω,ὅπως
1974 2065 2130 2134 κάγὼ

547 2157 708 2212 σωθῶ
739 2157 807 2210 δι’
841 2155 1030 2218 αὐτοῦ,
1087 2155 1182 2210 καὶ
1215 2155 1378 2216 αὐτὸς
1411 2151 1698 2223 ἀναπαυθῇ
1730 2149 1796 2205 δι’
1835 2148 1993 2220 ἐμοῦ.
2041 2148 2132 2215 Ἐξ

545 2238 608 2298 06
641 2244 699 2298 δέ
732 2246 899 2313 ἐσμεν
929 2243 1026 2296 ἐπὶ
1052 2242 1112 2295 τὸ
1145 2241 1279 2294 αὐτὸ
1306 2239 1399 2312 έτη
1427 2241 1543 2296 είσὶ-
1572 2237 1891 2303 δεκαπέντε,
1943 2235 2132 2308 ὥσπερ

549 2333 646 2384 καὶ
686 2334 754 2402 τῇ
787 2333 854 2401 σῇ
887 2327 1165 2398 ἁγιωσύνῃ
1195 2325 1563 2396 ἀπεκαλύφθη
1617 2325 1820 2379 πάντα.
1861 2322 2001 2377 Ἀλλ’
2027 2321 2132 2379 ούκ

546 2412 743 2469 οἶδα-τί
770 2414 944 2466 δεινὸν
969 2411 1254 2475 πεπονθὼς
1278 2410 1409 2482 παρ’
1431 2410 1569 2480 ἐμοῦ
1603 2409 1742 2479 μετά
1765 2409 2002 2464 τοσαῦτα
2035 2408 2131 2479 έτη

547 2503 628 2562 εἰς
651 2498 822 2570 ἀκρον
864 2514 930 2568 με
961 2496 1057 2554 νῦν
1101 2497 1374 2566 χειμάζει.
1435 2494 1812 2565 Ἐνεθυμήθην
1855 2496 2016 2548 αὐτὸν
2058 2497 2137 2566 ρί-

546 2585 667 2654 ψαι,
704 2580 872 2637 αὐτοῦ
907 2581 1099 2635 τούτου
1143 2581 1225 2643 είς
1265 2578 1425 2632 τοῦτό
1481 2596 1548 2650 με
1602 2578 2130 2646 καταναγκάζοντος.

549 2670 752 2722 Τούτου
780 2667 941 2739 χάριν
977 2661 1142 2737 ἦλθον
1182 2664 1318 2735 πρὸς
1366 2663 1464 2735 τὴν
1507 2662 1605 2733 σὴν
1660 2664 1995 2734 ἁγιωσύνην,
2048 2665 2136 2718 ῖνα

552 2771 643 2825 μοι
671 2751 1085 2822 συμὸουλεύσῃς
1105 2749 1157 2802 τί
1187 2747 1387 2818 ὀφείλω
1417 2747 1676 2817 ποιῆσαι,
1729 2748 1824 2802 καὶ
1857 2748 2135 2822 προσεύξῃ

550 2839 682 2908 περὶ
703 2836 861 2908 ἐμοῦ.
893 2836 1094 2898 Δεινῶς
1125 2833 1232 2904 γὰρ
1261 2832 1515 2904 χειμάζει
1547 2849 1636 2903 με.

621 2925 787 2991 Λέγει
811 2920 1011 2991 αύτῷό
1047 2917 1221 2990 μέγας
1267 2918 1572 2980 Ἀντώνιος,
1613 2915 2017 2991 ὲμϐριθεστάτη
2042 2918 2138 2973 καὶ

550 3007 805 3077 αύστηρᾷ
842 3007 909 3076 τῇ
950 3006 1126 3073 φωνῇ·
1149 3001 1391 3063 Ῥίπτεις
1421 2999 1584 3054 αὐτὸν
1604 3038 1619 3063 .
1661 3000 1886 3068 Εύλόγιε
1915 3016 1928 3065 ;
1963 3002 2077 3054 ἀλλ’
2109 3001 2138 3055 6

551 3092 786 3160 ποιήσας
809 3089 969 3141 αὐτὸν
989 3088 1047 3139 ού
1069 3086 1248 3156 ῥίπτει
1267 3085 1454 3140 αὐτόν.
1473 3085 1544 3137 Σὺ
1567 3083 1730 3140 αὐτὸν
1753 3084 2135 3154 ἀπορρίπτεις,

2229 1891 2517 1964 ειρημένα-
3218 1963 3220 1965 ,

2799 2015 3048 2072 ΚΕΦΑΛ.
3075 2016 3201 2071 ΚΖ⁹.

2442 2147 2731 2219 Διήγησις
2769 2148 2876 2204 τοῦ
2911 2149 3208 2220 μακαρίου
3266 2147 3603 2204 Ἀντωνίου.

2306 2274 2418 2328 Καὶ
2447 2272 2606 2327 τοῦτο
2634 2273 2690 2327 δὲ
2733 2273 2974 2344 διηγεῖτο
3005 2274 3032 2326 6
3077 2270 3326 2343 Κρόνιος,
3359 2269 3444 2324 ὅτι
3491 2271 3552 2324 ὲν
3669 2264 3829 2322 νυκτὶ

2233 2355 2559 2429 είρηνεύσας
2589 2356 2714 2420 τοὺς
2755 2357 2882 2428 περὶ
2913 2356 3005 2410 τὸν
3035 2355 3306 2426 μακάριον
3334 2353 3597 2420 Εύλόγιον
3626 2351 3829 2406 ἀπέλυ-

2237 2459 2348 2506 σεν,
2389 2442 2629 2512 διηγεῖτο
2663 2443 2798 2512 ἡμῖν
2845 2442 2874 2494 6
2924 2440 3117 2511 μέγας,
3149 2440 3230 2494 ὅτι
3267 2438 3552 2493 Ἐνιαυτὸν
3594 2435 3830 2506 61611:;-

2240 2542 2330 2597 ρον
2386 2525 2642 2596 ηὐξάμην
2701 2522 3156 2595 ἀποκαλυφθῆναί
3205 2539 3296 2593 μοι
3345 2523 3438 2574 τὸν
3493 2521 3671 2574 τόπον
3721 2521 3832 2573 τῶν

2234 2610 2458 2665 δικαίων
2491 2610 2586 2664 καὶ
2633 2608 2744 2662 τῶν
2784 2607 3148 2680 ἁμαρτωλῶν.
3181 2606 3292 2660 Καὶ
3339 2604 3665 2676 ἐθεασάμην
3725 2621 3832 2674 μαο

2235 2696 2368 2766 κρὸν
2387 2694 2617 2764 γίγαντα
2658 2694 2860 2763 μέλανα
2889 2692 3190 2764 ύψούμενον
3225 2691 3389 2762 μέχρι
3419 2690 3532 2743 τῶν
3561 2688 3830 2758 νεφελῶν,

2235 2782 2335 2844 τὰς
2366 2783 2555 2851 χεῖρας
2581 2781 2956 2850 ὲκτεταμένας
2981 2779 3175 2849 ἔχοντα
3196 2780 3278 2841 είς
3297 2778 3392 2830 τὸν
3422 2775 3686 2846 οὐρανόν.
3720 2775 3834 2830 Καὶ

2235 2861 2304 2937 ἦν
2333 2864 2592 2918 ὑποκάτω
2641 2863 2808 2918 αὐτοῦ
2842 2864 3008 2935 λίμνη
3053 2862 3329 2932 θαλάσσης
3363 2859 3565 2932 έχουσα
3602 2861 3831 2932 μέτρον,

2238 2945 2334 2998 καὶ
2373 2941 2559 3014 ἐώρων
2587 2941 2766 3013 ψυχὰς
2814 2937 3192 3013 ἀνιπταμένας
3215 2941 3289 3004 ὡς
3339 2941 3526 3012 ὄρνεα.
3559 2939 3681 2992 Καὶ
3709 2944 3833 2996 ὅσαι

2242 3029 2340 3100 μὲν
2370 3027 2738 3099 ύπερίπταντο
2767 3027 2930 3080 06:06
2958 3026 3068 3079 τῶν
3096 3026 3294 3096 χειρῶν
3316 3028 3414 3080 καὶ
3430 3026 3534 3096 τῆς
3555 3025 3832 3096 κεφαλῆς.

2239 3107 2563 3170 διεσώζοντο
2598 3107 2703 3159 ὑπὸ
2732 3106 3002 3174 ἀγγέλων.
3037 3107 3201 3159 Ὅσαι
3225 3105 3283 3158 δὲ
3309 3105 3462 3176 παρά
3483 3106 3595 3160 τῶν
3627 3107 3835 3174 χειρῶν

551 3174 757 3245 ἐγείρει
790 3174 818 3225 ὁ
844 3172 976 3261 ea?"
1005 3170 1098 3261 τδῨ
1127 3169 1332 3261 Ϊῗίῖδζίω
1364 3185 1480 3231 σθυν
1518 3167 1613 3261 {at
1663 3169 1896 3261 ξυνάγξι
1950 3169 2132 3261 αξῦτδῖθ·
2165 3159 2207 3217 c
2241 3159 3127 3257 ’ἐκοσσίζοντοζ’ἐνέπιπτον
3158 3193 3237 3254 είς
3263 3192 3364 3261 τὴν
3381 3159 3600 3260 λίμνην.
3620 3159 3834 3242 ἑἱΗλθσν

552 3260 663 3316 Καὶ
686 3257 1044 3328 ἀφησυχάσας
1072 3257 1099 3308 6
1127 3253 1384 3324 Εύλόγιος
1405 3253 1746 3324 κατέπτηξεν
1773 3253 1946 3306 ταῦτα
1970 3253 2137 3306 ἀκού-

555 3362 676 3408 σας.
713 3339 1062 3410 Καταλείψας
1088 3337 1146 3392 δὲ
1168 3339 1258 3391 τὸν
1287 3338 1542 3407 Εύλόγιον
1571 3339 1599 3391 6
1625 3339 1795 3408 μέγας
1821 3337 2136 3406 Ἀντώνιος,

555 3419 783 3500 ἄρχεται
815 3430 880 3497 τῇ
910 3424 1133 3497 γλώσσῃ
1173 3423 1455 3495 μαστίζειν
1481 3423 1571 3474 τὸν
1593 3421 1994 3493 λελωὸημένον,
2046 3423 2139 3476 καὶ

555 3511 801 3583 ἀποϐοᾷν
829 3510 964 3580 πρὸς
997 3509 1181 3562 αὐτόν·
1210 3506 1599 3576 Λελωὸημένε,
1627 3504 2014 3574 πεπηλωμένε,
2045 3505 2136 3557 ἀν-

555 3595 674 3659 άξιε
700 3595 792 3648 καὶ
814 3595 913 3664 τῆς
931 3593 1034 3662 γῆς
1061 3595 1156 3645 καὶ
1180 3589 1274 3649 τοῦ
1303 3587 1558 3659 ούρανοῦ,
1576 3587 1636 3639 ού
1665 3586 1816 3657 παύῃ
1833 3585 2139 3655 θεομαχῶν,

555 3677 910 3750 παροργίζων
961 3679 1054 3735 τὸν
1107 3674 1368 3742 ἀδελφόνς
1405 3673 1502 3726 οὐκ
1551 3668 1701 3734 οἶδας
1734 3673 1816 3724 ὅτι
1845 3671 1874 3723 6
1904 3672 2141 3740 Χριστός

556 3766 703 3817 ἐστιν
727 3765 755 3815 ὁ
787 3751 1078 3832 ὑπηρετῶν
1105 3775 1214 3825 σοι;
1239 3757 1356 3820 πῶς
1390 3757 1594 3828 τολμᾷς
1615 3754 1758 3809 κατά
1778 3756 1870 3809 τοῦ
1903 3755 2142 3825 Χριστοῦ

555 3847 781 3901 τοιαῦτα
832 3842 1205 3914 φθέγγεσθαι;
1266 3841 1326 3894 ού
1377 3840 1466 3896 διὰ
1523 3840 1614 3893 τὸν
1665 3840 1901 3909 Χριστὸν
1951 3837 2142 3892 ἑαυτὸν

555 3931 856 3986 ἐδούλωσεν
890 3932 971 3992 είς
999 3929 1099 4000 τὴν
1123 3928 1221 3996 σὴν
1265 3924 1600 3996 ύπηρεσίαν;
1629 3923 1846 3993 Στύψας
1899 3918 1992 3976 οὖν
2049 3923 2144 3976 καὶ

555 4017 746 4072 τοῦτον
764 4016 880 4077 τοῖς
905 4013 1270 4082 ὲπιπλήκτοις
1304 4009 1483 4077 λόγοις
1523 4007 1718 4078 ἀφίησι
1769 4008 2012 4070 τούτους,
2049 4007 2144 4059 καὶ

557 4099 860 4171 διαλεχθεὶς
898 4099 1010 4160 τοῖς
1035 4097 1286 4164 ἀδελφοῖς
1319 4097 1456 4148 πᾶσι
1502 4093 1572 4148 τὰ
1621 4092 1762 4163 πρὸς
1817 4091 1914 4161 τὴν
1951 4090 2145 4161 χρείαν

560 4187 795 4256 ἑκάστῳ,
823 4181 1270 4252 ἀπολαμϐάνεται
1304 4179 1467 4234 πάλιν
1491 4178 1583 4232 τὸν
1636 4176 1893 4245 Εύλόγιον
1933 4177 2025 4230 καὶ
2054 4177 2146 4228 τὸν

559 4269 940 4339 λελωϐημένον
969 4269 998 4319 6
1027 4267 1182 4333 ἅγιος
1223 4260 1400 4329 οὗτος,
1444 4264 1539 4315 καὶ
1589 4261 1736 4329 λέγει
1771 4261 1954 4324 αὐτοῖς
1977 4276 1991 4290 ·
2049 4258 2143 4330 Μὴ

563 4352 996 4423 περιστραφῆτε,
1029 4351 1193 4402 τέκνα
1229 4345 1565 4419 μηδαμόθεν,
1595 4345 1709 4403 ἀλλ’
1733 4343 1995 4400 ἀπέλθετε
2029 4342 2143 4414 μετ’

562 4437 816 4508 εἰρήνης,
871 4437 965 4489 καὶ
1015 4436 1090 4506 μὴ
1121 4433 1443 4504 χωρισθῆτε
1491 4431 1758 4501 ἀλλήλων,
1816 4427 2142 4499 ἀποθέμενοι

2240 3279 2332 3336 οῦν
2375 3296 2488 3350 μοι,
2525 3279 2683 3347 φησι,
2719 3277 2872 3349 φωνὴ
2917 3276 3174 3346 λέγουσα·
3219 3275 3432 3340 Ταύτας
3484 3275 3554 3337 ἀς
3609 3275 3834 3344 βλέπεις

2242 3360 2694 3433 ὑπεριπταμένας
2721 3363 2820 3430 τῆς
2870 3360 2967 3414 τοῦ
3018 3362 3276 3429 γίγαντος
3303 3361 3549 3430 κεφαλῆς
3582 3361 3686 3412 καὶ
3725 3358 3834 3412 τῶν

2241 3445 2433 3501 τούτου
2464 3442 2664 3515 χειρῶν
2698 3444 2898 3514 ψυχὰς,
2931 3445 3096 3498 αυταί
3122 3447 3261 3499 εἰσιν
3283 3446 3339 3497 αἱ
3379 3445 3551 3514 ψυχαὶ
3587 3444 3703 3496 τῶν
3750 3443 3832 3496 δι-

2243 3529 2434 3594 καίων,
2487 3531 2693 3592 αἵτινες
2725 3529 2989 3593 σώζονται
3039 3531 3144 3584 ὑπὸ
3192 3531 3300 3584 τῶν
3341 3531 3595 3595 ἀγγέλων
3635 3529 3720 3590 εἰς
3746 3528 3833 3580 τὸν

2243 3615 2590 3688 παράδεισον.
2621 3615 2685 3668 At
2703 3614 2760 3668 δὲ
2797 3615 3175 3686 πλησ-σόμεναι
3196 3614 3302 3669 ὑπὸ
3331 3613 3438 3668 τῶν
3465 3611 3562 3665 τοῦ
3600 3613 3833 3682 μέλανος

2241 3700 2464 3772 χειρῶν,
2503 3691 2668 3753 αὗται
2710 3701 2792 3761 είς
2853 3703 2947 3753 τὸν
3005 3699 3139 3770 ᾅδην
3207 3698 3729 3762 καταποντίζονται,
3777 3699 3832 3751 αί

2244 3786 2603 3855 ύποσυρεῖσαι
2625 3782 2740 3850 τοῖς
2769 3782 3039 3853 θελήμασι
3063 3782 3165 3854 τῆς
3191 3780 3392 3854 σαρκὸς
3417 3782 3512 3845 καὶ
3532 3784 3601 3852 τῇ
3639 3799 3833 3853 μνησις

2245 3868 2412 3941 κακίᾳ
2437 3867 2955 3938 ἐξακολουθήσασαι.

2833 3999 3086 4061 ΚΕΦΛΛ.
3122 4000 3262 4055 KH'.

2596 4124 2739 4194 Περὶ
2796 4125 3048 4181 Παύλου
3094 4123 3201 4180 τοῦ
3250 4123 3475 4184 ἁπλοῦ.

2312 4253 2566 4323 ¹Διηγείτο
2607 4249 2667 4305 δὲ
2707 4253 2736 4304 ό
2771 4249 2927 4320 ἅγιος
2973 4249 3068 4305 τοῦ
3104 4249 3343 4320 Χριστοῦ
3401 4250 3590 4316 δοῦλος
3631 4251 3838 4324 Ἰέραξ,

2245 4339 2342 4395 καὶ
2393 4336 2626 4407 Κρόνιος
2689 4334 2746 4388 δὲ
2799 4328 2957 4397 οὗτος
2982 4375 2996 4398 ,
3055 4335 3152 4390 καὶ
3195 4335 3376 4408 ἕτεροι
3422 4336 3670 4400 πλείονες
3724 4338 3834 4391 τῶν

2247 4422 2528 4492 ἀδελφῶν,
2584 4421 2715 4491 περὶ
2762 4413 2839 4485 ὧν
2888 4420 3068 4491 μέλλω
3115 4419 3296 4488 λέγειν
3322 4460 3339 4486 ,
3371 4421 3454 4474 ὅτι
3488 4421 3704 4487 Παῦλός
3752 4439 3835 4485 τις

564 4502 762 4577 πάσαν-
780 4519 956 4589 λύπην
992 4502 1059 4591 ην
1078 4502 1131 4573 ’ό-
1145 4502 1353 4589 δαίμων
1401 4517 1528 4588 ύμῖν
1549 4511 1822 4575 ὲνέὸαλεν,
1884 4511 1978 4564 καὶ
2009 4511 2148 4581 μετά
2179 4504 2222 4559 D
2252 4509 2508 4579 ἄγροικος
2563 4505 2808 4591 γεωργὸς
2840 4545 2856 4569 ,
2893 4502 3042 4591 Δκαθ’
3098 4504 3409 4591 ᾲύπερῦολὴν
3433 4589 3440 4591 _
3467 4504 3678 4569 ἄκακος
3741 4507 3834 4560 καὶ

565 4607 813 4678 καθαρᾶς
841 4603 1061 4674 ἀγάπης
1089 4600 1468 4672 ύποστρέψατε
1498 4601 1578 4660 είς
1616 4597 1714 4668 τὴν
1748 4595 1944 4648 κέλλαν
1970 4595 2049 4659 εἰς
2084 4595 2152 4664 ἣν

563 4693 660 4749 καὶ
679 4692 1015 4763 ὲχρονίσατε.
1043 4688 1181 4761 Ἤδη
1203 4689 1310 4757 γὰρ
1331 4683 1651 4739 ἀποστέλλει
1674 4683 1702 4733 6
1723 4680 1854 4741 Θεὸς
1879 4680 1962 4747 ἐφ’
1983 4680 2149 4749 ὑμᾶς.

576 4777 638 4832 '0
695 4775 999 4847 πειρασμὸς
1047 4773 1154 4844 γάρ
1213 4766 1370 4834 οὗτος
1404 4766 1699 4836 ὲπεσείσθη
1739 4765 1868 4834 ὑμῖν
1922 4764 2150 4818 ἀπὸτοῦ

565 4862 804 4924 Σατανᾶ,
843 4858 1032 4926 ἐπειδὴ
1082 4857 1191 4909 ίδεν
1223 4856 1304 4910 ὅτι
1349 4853 1651 4923 ἀμφότεροι
1713 4847 1848 4918 πρὸς
1899 4847 1960 4901 τὸ
2004 4847 2152 4911 τέλος

567 4946 758 5016 ἔχετε,
805 4943 902 4997 καὶ
951 4940 1232 5010 στεφάνων
1266 4938 1490 5009 μέλλετε
1536 4931 1820 5016 ἀξιοῦσθαι
1876 4931 2029 5002 παρά
2057 4929 2153 5016 :06

567 5015 810 5101 Χριστοῦ
829 5044 846 5060 ο
897 5027 993 5080 καὶ
1022 5023 1186 5086 αὐτὸς
1215 5023 1304 5075 διὰ
1338 5020 1430 5074 σοῦ
1449 5062 1465 5088 ,
1512 5020 1603 5072 καὶ
1626 5020 1690 5071 σὺ
1719 5015 1788 5072 δι’
1823 5017 2009 5070 06:06.
2060 5015 2154 5087 Μὴ

567 5099 665 5185 νῦν
688 5111 816 5169 ἄλλο
839 5129 891 5165 τι
912 5109 1242 5182 φρονήσητε.
1273 5105 1382 5160 Καὶ
1405 5101 1575 5155 ἐλθὼν
1603 5104 1630 5156 ὁ
1656 5100 1887 5171 ἄγγελος
1917 5103 1991 5172 μὴ
2019 5099 2156 5173 εὕρῃ

570 5193 717 5272 ὑμᾶς
757 5199 851 5252 ἐπὶ
880 5196 940 5248 τὸ
962 5196 1094 5250 06:6
1125 5196 1181 5247 ὲν
1209 5192 1286 5262 τῷ
1317 5189 1464 5261 αύτῷ
1487 5189 1673 5272 τόπῳ,
1692 5188 1786 5272 καὶ
1811 5186 2156 5272 μέλλετετὸν

572 5265 835 5355 στέφανον
868 5277 1197 5352 στερεῖσθαι.
1232 5275 1577 5341 Σπεύσαντες
1614 5265 1709 5328 οὖν
1751 5271 1944 5325 θᾶττον
1987 5269 2157 5324 ὥδευ-

571 5387 698 5433 σαν,
729 5369 822 5421 καὶ
849 5360 1013 5438 ἦλθον
1045 5364 1126 5426 εἰς
1147 5361 1246 5432 τὴν
1280 5359 1475 5413 κέλλαν
1508 5357 1718 5416 ἑαυτῶν
1745 5359 1802 5411 ὲν
1819 5357 2002 5428 τελείᾳ
2021 5355 2158 5425 ἀγάο

573 5472 673 5528 πη.
705 5455 816 5509 Καὶ
851 5450 1003 5513 ὲντὸς
1028 5447 1438 5519 τεσσαράκοντα
1465 5443 1688 5516 ἡμερῶν
1720 5443 1954 5514 τελευτᾷ
1986 5444 2014 5497 6
2056 5459 2159 5513 μα-

574 5527 1050 5610 κάριοςἘύλόγιος
1080 5531 1357 5596 ἀναλύσας
1391 5531 1530 5602 πρὸς
1557 5528 1649 5582 τὸν
1677 5528 2049 5610 Κύριονηκαι

575 5609 665 5683 τὸς
687 5619 863 5674 ἄλλων
892 5616 1061 5689 τριῶν
1084 5614 1314 5688 ἡμερῶν
1332 5613 1563 5683 τελευτᾷ
1591 5611 1621 5663 6
1651 5611 1710 5664 :6
1741 5610 1900 5680 σῶμα
1920 5609 2159 5678 λελωϐη-

580 5707 762 5780 μένος,
792 5702 894 5774 τὴν
919 5702 976 5755 δὲ
1005 5700 1184 5771 ψυχὴν
1214 5695 1549 5771 ἐρρωμένος,
1586 5697 1679 5750 καὶ
1712 5694 1876 5780 αὐτὸς
1905 5691 2158 5780 ,παραθέ-

580 5777 738 5864 μενος
769 5789 847 5851 είς
876 5785 977 5849 τὰς
1009 5787 1199 5856 χεῖρας
1231 5783 1325 5837 τοῦ
1351 5780 1489 5835 Θεοῦ
1520 5780 1581 5832 τὸ
1608 5778 1824 5847 πνεῦμα
1859 5777 2044 5834 06:06.

2253 4591 2458 4656 ἁπλοῦς
2502 4591 2594 4643 τὸν
2623 4588 2847 4660 τρόπον,
2877 4587 3188 4662 ὡραιοτάτη
3222 4589 3556 4661 συνεζεύχθη
3612 4592 3834 4659 γυναικὶ

2253 4673 2583 4746 κακοτρόπῳ
2641 4671 2741 4743 τὴν
2787 4671 3015 4741 γνώμην
3047 4688 3060 4702 ·
3089 4671 3210 4741 ἣτις
3251 4671 3442 4726 τοῦτον
3487 4673 3835 4729 διελάνθανεν

2252 4757 2648 4831 ἁμαρτάνουσα
2679 4757 2773 4808 ἐπὶ
2803 4757 3066 4826 μήκιστον
3098 4756 3312 4826 χρόνον.
3358 4756 3626 4824 Ἐξελθὼν
3661 4757 3756 4811 οὖν
3779 4756 3838 4820 ἐξ

2253 4842 2424 4914 ἀγροῦ
2448 4840 2706 4910 αἰφνίδιον
2730 4834 3071 4908 είςτὸνρῖκον
3096 4833 3255 4910 εὗρεν
3280 4841 3477 4906 αὐτοὺς
3498 4844 3836 4913 αίσχροττρα-

2254 4925 2620 4996 γοῦντας,τῆς
2645 4923 2904 4993 προνοίας
2931 4925 3008 4986 είς
3035 4922 3095 4977 τὸ
3115 4926 3389 4997 συμφέρον
3415 4926 3721 4997 ὁδηγούσης
3749 4925 3839 4980 τὸν

2255 5011 2490 5065 Παῦλον.
2518 5009 2628 5064 Καὶ
2658 5007 2995 5078 θεασάμενος
3035 5007 3240 5077 ταύτην
3282 5011 3418 5080 μετά
3446 5011 3540 5064 τοῦ
3572 5010 3838 5081 συνήθους

2256 5097 2418 5167 αὐτῇ,
2478 5093 2716 5163 γελάσας
2782 5093 3001 5162 σεμνὸν,
3065 5093 3329 5162 έπιφωνεῖ
3379 5096 3588 5162 αὐτοῖς,
3638 5096 3837 5163 λέγων,

2257 5178 2476 5243 Καλῶς,
2510 5176 2726 5240 καλῶς·
2764 5176 2983 5247 ἀληθῶς
3025 5176 3088 5230 οὗ
3123 5177 3276 5246 μέλει
3314 5196 3424 5248 μοι.
3464 5180 3556 5233 Μὰ
3588 5180 3682 5233 τὸν
3733 5169 3838 5248 ’ἰη-

2261 5265 2408 5329 σοῦν,
2439 5261 2552 5332 ἐγὼ
2579 5262 2748 5331 αὐτὴν
2787 5262 2970 5317 οὐκέτι
3017 5261 3180 5334 αίρω.
3213 5251 3454 5332 ’Υπαγσ,
3491 5264 3636 5335 ἔχεις
3671 5265 3841 5334 αὐτὴν

2261 5350 2360 5406 καὶ
2395 5348 2469 5404 τὰ
2495 5346 2685 5401 παιδία
2717 5347 2892 5417 αὐτῆς
2915 5363 2928 5377 ·
2964 5347 3078 5418 ἐγὼ
3101 5347 3212 5420 γὰρ
3245 5348 3467 5418 ὑπάγω,
3485 5351 3594 5402 -καὶ
3616 5347 3840 5419 γίνομαι

2262 5431 2517 5505 μοναχός.
2555 5431 2668 5485 Καὶ
2702 5431 2894 5502 μηδενὶ
2935 5431 3102 5504 μηδὲν
3135 5430 3377 5502 εἰρηκὼς
3421 5432 3717 5502 ἀνατρέχει
3745 5431 3841 5494 τάς

2261 5515 2408 5572 ὀκτὼ
2470 5515 2634 5587 μονάς
2661 5554 2676 5581 ,
2737 5517 2833 5570 καὶ
2881 5516 3182 5587 ἀπέρχεται
3233 5517 3369 5587 πρὸς
3419 5517 3514 5576 τὸν
3573 5517 3856 5587 μακάρων,

2275 5601 2583 5667 Ἀντώνιον,
2595 5600 2690 5656 καὶ
2706 5598 2894 5671 κρούει
2910 5599 3009 5670 τὴν
3025 5599 3216 5671 θύραν.
3242 5600 3505 5668 teneam
3515 5597 3610 5655 οὖν
3625 5603 3655 5654 6
3673 5598 3843 5672 μακά-

2267 5706 2378 5762 ριος
2407 5686 2692 5751 Ἀντώνιος
2713 5686 2894 5757 ἐρωτᾷ
2913 5685 3098 5740 αὐτόν’
3124 5686 3191 5740 Τί
3219 5686 3396 5751 θέλεις
3423 5704 3438 5753 ;
3471 5687 3639 5754 Λέγει
3656 5683 3840 5754 αὑτῷό

2266 5773 2493 5836 ιιαῦλοςο
2584 5769 2832 5840 Μοναχὸς
2912 5768 3051 5824 θέλω
3120 5769 3412 5846 γενέσθαι,
3462 5771 3852 5835 Ἀποκρίνεται,
