4060 6530
215 362 335 423 1077

1458 365 1770 423 HISTORIA
1809 361 2165 419 LAUSIACA.

3277 372 3409 436 1078

209 491 313 547 qua:
357 476 624 545 pertinent
668 477 731 530 ad
761 476 1004 535 salutem.
1034 475 1238 533 Sedens
1267 490 1391 545 ergo
1423 475 1511 529 illo
1535 487 1758 543 vespere
1785 473 1832 531 Α
1862 485 2070 541 quoque
2092 472 2146 526 in
2174 485 2361 526 manus
2390 472 2483 529 Dei
2522 486 2675 529 suum
2715 477 3105 533 commendavit
3146 480 3410 549 spiritum.

206 581 376 623 omnes
418 568 641 621 accersit
686 583 925 635 magnus.
973 566 1209 635 Cumque
1238 568 1407 621 nullus
1453 568 1501 621 ei
1530 566 1755 620 dixisset

206 655 332 725 quod
360 670 548 709 nomen
581 656 799 708 haberet
844 656 1215 720 scholasticus,
1270 671 1387 711 cum
1419 671 1569 710 serus
1613 662 1756 708 esset

205 762 402 816 vesper,
428 757 579 800 vocat
600 762 718 799 eum
747 746 927 799 dicens
952 762 963 797 :
997 746 1198 814 Eulogi,
1233 745 1437 814 Eulogi,
1463 745 1673 813 Eulogi;
1700 752 1755 800 et

204 852 312 892 cum
346 848 427 891 ter
455 837 858 903 proclamasset,
889 846 944 891 et
971 836 1315 889 scholasticus
1359 836 1606 903 Eulogius
1647 849 1751 889 non

202 926 569 996 respondisset.
604 934 792 993 putans
818 926 1045 994 aliquem
1090 912 1465 978 alium'vocari
1515 927 1614 978 hoc
1658 939 1753 977 no-

202 1017 356 1081 mine,
386 1016 513 1070 dicit
534 1017 581 1070 ei
609 1028 867 1084 magnus:
899 1014 1014 1069 Tibi
1040 1015 1176 1079 dico,
1203 1014 1407 1082 Enlogi,
1439 1014 1528 1081 qui
1558 1014 1749 1068 venisti

200 1106 263 1159 ab
287 1106 623 1160 Alexandria.
657 1104 803 1157 Tunc
833 1103 881 1158 ei
922 1103 1049 1157 dicit
1079 1103 1329 1172 Eulogius
1359 1120 1372 1155 :
1401 1103 1535 1169 Quid
1561 1103 1748 1170 jubes,

1926 561 2054 616 Cum
2085 576 2212 629 ergo
2255 561 2524 627 aliquanto
2564 574 2801 632 tempore
2826 573 3068 619 versatus
3103 576 3247 621 esset
3272 566 3409 622 Cro-

1854 650 1973 705 nius
2003 652 2143 706 circa
2169 650 2282 705 loca
2312 650 2617 717 Thebaidis,
2639 652 2910 707 descendit
2936 654 2988 707 in
3022 657 3402 710 monasterium

1855 741 2188 795 Alexandrite
2208 782 2223 807 ,
2254 752 2306 795 et
2333 742 2521 795 accidit
2550 753 2607 796 ut
2636 743 2773 796 beati
2805 742 3019 812 quidem
3050 744 3254 811 Eulogii
3297 745 3410 799 obi-

1855 847 1936 891 tus
1966 852 1994 890 a
2027 837 2353 890 fraternitate
2392 838 2755 892 celebraretur
2802 841 3239 910 quadragesimus
3269 843 3402 907 dies,

1854 928 2025 980 manci
2055 936 2229 979 autem
2273 927 2477 981 tertius.
2527 929 2661 982 Cum
2693 928 2793 982 hoc
2820 946 2943 999 ergo
2970 929 3246 985 didicisset
3272 932 3407 986 Cro-

1853 1018 1991 1081 nius,
2019 1017 2315 1086 obstupuit;
2346 1029 2400 1073 et
2438 1028 2714 1088 acceptum
2764 1021 3136 1090 Evangelium,
3170 1032 3225 1076 ut
3255 1023 3409 1078 fidem

1852 1105 2108 1160 haberent
2147 1106 2441 1172 audientes,
2468 1108 2644 1177 posuit
2684 1112 2735 1163 in
2770 1111 2942 1165 medio
2975 1111 3228 1177 fratrum;
3253 1122 3306 1165 et
3334 1116 3412 1168 eis

198 1198 408 1264 quaeso?
437 1194 570 1247 Dicit
591 1196 637 1248 ei
668 1208 921 1262 magnus:
951 1193 1086 1258 Quid
1118 1192 1219 1245 huc
1245 1191 1474 1246 venisti?
1515 1191 1752 1260 Respon-
1846 1194 2063 1265 juravit,
2090 1212 2311 1251 narrans
2342 1200 2516 1267 magni
2547 1199 2761 1253 Antonii
2788 1199 2857 1256 de
2886 1201 2965 1255 his
3000 1203 3409 1272 prtescientiam,

197 1285 272 1338 dit
297 1284 344 1339 ei
376 1283 655 1351 Eulogius,
709 1281 929 1335 dicens:
971 1281 1071 1344 Qui
1118 1282 1211 1335 tibi
1258 1281 1510 1336 revelavit
1558 1295 1751 1336 nomen

198 1389 391 1437 meum,
437 1388 550 1426 rem
602 1386 809 1441 quoque
838 1383 1053 1441 propter
1098 1388 1252 1442 quam
1300 1374 1419 1427 veni
1474 1371 1748 1427 revelavit.

196 1462 327 1519 Dicit
353 1461 401 1515 ei
439 1469 651 1514 sanctus
682 1461 975 1514 Antonius:
1012 1460 1177 1515 Didici
1202 1476 1363 1531 quare
1404 1459 1628 1525 venisti;
1658 1460 1750 1515 sed

198 1554 278 1606 dic
326 1567 502 1608 coram
534 1550 817 1615 fratribus,
867 1558 926 1604 ut
969 1550 1066 1618 ipsi
1106 1565 1314 1619 quoque
1359 1550 1591 1604 audiant.
1623 1549 1753 1603 Jus-

196 1660 284 1698 sus
336 1652 510 1698 autem
563 1658 591 1696 a
648 1657 838 1712 magno
888 1641 1167 1712 Eulogius,
1223 1641 1358 1696 dixit
1402 1655 1580 1697 coram
1632 1655 1749 1696 om-

196 1736 344 1790 nibus
371 1747 387 1786 :

262 1871 409 1926 Hunc
454 1869 753 1924 mutilatum
797 1869 971 1924 inveni
1004 1882 1100 1937 ego
1129 1868 1182 1922 in
1223 1869 1339 1923 foro
1368 1867 1664 1940 projectum
1696 1878 1753 1922 et

195 1961 452 2030 neglectui
478 1959 736 2013 habitum.
773 1958 901 2028 Ejus
928 1966 1102 2012 autem
1129 1958 1404 2022 misertus,
1437 1959 1601 2011 Deum
1632 1972 1749 2012 sum

196 2059 436 2121 precatus
478 2058 536 2104 ut
564 2049 716 2104 daret
741 2049 870 2103 mihi
901 2049 1123 2116 gratiam
1154 2050 1206 2101 in
1237 2049 1407 2116 ipsum
1437 2047 1750 2113 tolerantim,

192 2150 245 2196 ct
270 2141 420 2197 illum
450 2141 733 2209 assumpsi.
761 2139 1041 2196 DeXteram
1073 2155 1284 2208 quoque
1303 2138 1423 2193 dedi
1459 2140 1586 2200 Deo,
1612 2138 1752 2205 quod

193 2234 242 2286 in
290 2233 477 2289 morbo
521 2232 637 2300 ejus
678 2245 859 2285 curam
904 2246 1116 2299 geram,
1153 2240 1206 2282 ut
1237 2238 1292 2285 et
1316 2243 1414 2299 ego
1444 2244 1535 2297 per
1582 2229 1751 2297 ipsum

195 2323 370 2378 salvus
387 2321 532 2386 ﬁam,
553 2333 605 2374 et
630 2323 742 2390 ipse
765 2336 792 2374 a
812 2335 898 2375 me
918 2328 1209 2376 recreetur.
1237 2320 1370 2375 Sunt
1400 2328 1576 2374 autem
1600 2317 1755 2389 quin-

193 2415 360 2469 decim
390 2416 514 2468 anni
545 2428 608 2467 ex
642 2428 747 2479 quo
774 2412 931 2467 simul
981 2427 1275 2475 versamur,
1304 2412 1437 2466 sicut
1460 2412 1621 2467 etiam
1652 2421 1755 2467 tute

191 2504 455 2560 sanctitati
501 2506 728 2558 revelata
766 2514 891 2558 sunt
927 2505 1126 2558 omnia.
1164 2503 1267 2559 Sed
1297 2503 1476 2559 nescio
1499 2503 1755 2573 quidnam

190 2595 315 2649 mali
343 2609 372 2649 a
402 2609 484 2648 me
515 2608 700 2661 passus
725 2635 740 2659 ,
771 2602 892 2663 post
918 2603 995 2650 tot
1024 2609 1192 2647 annos
1221 2609 1305 2649 me
1331 2609 1543 2649 summe
1574 2601 1753 2658 vexat,

189 2698 240 2744 et
273 2691 323 2742 in
353 2687 531 2742 animo
558 2688 714 2741 habui
746 2687 916 2756 ipsum
948 2686 1164 2755 ejicere,
1190 2686 1308 2753 ipso
1335 2700 1419 2740 me
1447 2686 1511 2740 ad
1540 2686 1641 2741 hoc
1666 2700 1756 2741 co-

188 2790 367 2850 gente.
388 2779 462 2833 Ea
494 2779 561 2834 de
583 2795 740 2834 causa
768 2780 888 2834 veni
913 2780 978 2833 ad
1002 2789 1145 2833 tuam
1167 2779 1524 2842 sanctitatem,
1546 2786 1603 2832 ut
1629 2776 1755 2831 mihi

188 2872 435 2927 consulas
474 2871 725 2940 quidnam
770 2869 994 2925 debeam
1025 2867 1232 2934 facere,
1268 2878 1322 2925 et
1350 2884 1472 2924 ores
1502 2883 1600 2938 pro
1629 2882 1757 2934 me;

190 2978 278 3017 me
302 2964 443 3020 enim
470 2972 634 3017 vexat
659 2962 915 3032 graviter.

263 3098 396 3152 Dicit
411 3097 457 3150 ei
473 3112 693 3166 magnus
710 3097 968 3151 Antonius
983 3094 1126 3164 gravi
1147 3102 1195 3148 et
1208 3103 1417 3148 austera
1435 3108 1564 3149 voce
1586 3111 1599 3146 :
1618 3094 1761 3162 Abji-

1852 1296 1904 1339 et
1948 1286 2013 1341 de
2062 1286 2309 1341 omnibus
2351 1302 2468 1355 qum
2509 1289 2833 1354 accidet-unt,
2862 1299 2915 1343 et
2961 1290 3180 1345 dicens:
3210 1291 3409 1346 [lorum

1851 1386 1980 1441 ergo
2026 1374 2308 1428 verborum
2341 1375 2410 1429 fui
2440 1376 2729 1446 interpres,
2763 1392 2881 1431 cum
2926 1378 3113 1432 beatus
3150 1382 3411 1435 Antonius

1854 1463 2038 1520 Grtece
2059 1467 2319 1530 nesciret;
2340 1481 2438 1537 ego
2460 1481 2587 1520 vero
2609 1467 2839 1522 sciebam
2863 1478 3139 1538 utramque
3156 1469 3409 1538 linguam,

1853 1562 1905 1609 et
1934 1556 2012 1610 eis
2042 1570 2157 1610 sum
2184 1554 2580 1625 interpretatus,
2608 1556 2776 1611 beatis
2806 1558 3019 1625 quidem
3044 1559 3294 1628 deinceps
3319 1575 3412 1628 per

1850 1643 2047 1699 Christi
2067 1646 2287 1714 gratiam
2316 1663 2328 1697 :
2359 1645 2579 1714 Eulogio
2604 1654 2658 1699 et
2686 1661 2911 1715 corpore
2935 1647 3173 1702 mutilato
3203 1647 3409 1713 Graece,

1852 1750 1972 1804 qua:
1996 1752 2020 1787 a
2049 1751 2244 1804 magno
2265 1736 2405 1790 dicta
2435 1745 2587 1802 sunt;
2631 1736 2727 1805 ipsi
2756 1746 2935 1791 autem
2964 1745 3149 1791 sancto
3177 1746 3229 1793 et
3256 1739 3412 1794 beato

1782 1824 1828 1882 B
1856 1844 2148 1901 magnoque
2190 1831 2418 1886 Antonio
2459 1829 2789 1900 Egyptiace,
2815 1845 2933 1900 quae
2978 1830 3116 1885 dicta
3164 1838 3286 1886 sunt
3333 1832 3402 1885 ab

1855 1932 2099 1993 umque'
2394 1990 2618 2047 CAPUT
2655 1988 2870 2043 XXVII.

1924 2084 2001 2137 De
2045 2082 2463 2150 contemplatione
2506 2098 2658 2152 quam
2706 2082 2829 2135 vidit
2873 2080 3024 2133 abbas
3072 2080 3345 2134 Antonius.

1925 2174 2035 2230 Hoc
2082 2188 2291 2244 quoque
2320 2173 2554 2227 narravit
2596 2171 2822 2226 Cronius
2864 2170 2948 2224 illa
2976 2180 3130 2224 nocte
3171 2184 3416 2239 magnum

1853 2269 1930 2324 eis
1974 2283 2221 2351 narrasse
2267 2267 2552 2322 Antonium
2579 2282 2592 2319 :
2619 2267 2749 2335 Ego,
2777 2260 2972 2330 aiebat,
3018 2278 3159 2319 anno
3206 2266 3417 2334 integro

1854 2374 2128 2414 oraveram
2160 2368 2215 2412 ut
2238 2358 2568 2411 revelaretur
2596 2356 2721 2410 mihi
2756 2356 2901 2410 locus
2929 2356 3192 2423 iustorum
3216 2364 3266 2410 et
3293 2370 3418 2423 pec-

1854 2460 2091 2505 catorum
2120 2448 2315 2519 (Supra
2335 2450 2368 2501 ι.
2400 2449 2510 2512 t,in
2541 2445 2656 2499 Vita
2679 2445 2737 2501 S.
2758 2446 2984 2509 Antonii,
3006 2461 3051 2498 ο.
3076 2444 3173 2508 '58;
3202 2445 3418 2511 Pasch.,

1856 2558 1899 2594 c.
1929 2539 2015 2607 19,
2037 2557 2092 2593 n.
2116 2540 2194 2609 4).
2224 2537 2335 2593 Vidi
2360 2546 2534 2593 autem
2556 2539 2821 2605 gigantem
2846 2537 3051 2606 nigrum
3081 2537 3419 2602 altissimum,

1857 2632 1945 2701 qtti
1976 2632 2040 2685 ad
2067 2630 2233 2685 nubes
2265 2645 2430 2699 usque
2460 2628 2816 2699 pertingebat,
2850 2626 3077 2680 habebat
3106 2637 3280 2680 au'em
3310 2640 3424 2679 ma-

1860 2737 1959 2778 nus
2004 2722 2069 2777 ad
2113 2722 2303 2776 caelum
2357 2734 2523 2788 usque
2570 2728 2854 2783 extensas;
2906 2716 3041 2770 infra
3090 2726 3264 2770 autem
3309 2725 3423 2771 erat

1861 2814 2007 2868 lacus
2036 2814 2125 2883 qui
2175 2827 2323 2867 mare
2363 2812 2607 2880 aequabat
2636 2809 3018 2880 magnitudine.
3056 2807 3173 2862 Vidi
3214 2822 3425 2876 quoque

1861 2906 2066 2961 animas
2113 2913 2359 2975 tanquam
2391 2918 2518 2956 aves
2547 2916 2758 2956 sursum
2792 2899 3060 2964 volantes;
3093 2908 3145 2952 et
3176 2912 3426 2967 quaecun-

1862 3013 1963 3067 que
1993 2997 2202 3066 quidem
2233 2996 2347 3065 ejus
2378 3008 2563 3049 manus
2589 3002 2642 3048 et
2670 2999 2829 3062 caput
2854 2992 3286 3062 supervolahant,
3312 3005 3426 3043 ser-

1863 3093 2122 3145 vabantur
2171 3091 2239 3145 ab
2282 3088 2510 3157 angelis;
2558 3103 2675 3158 qure
2716 3095 2893 3140 autem
2937 3100 2966 3139 a
3015 3083 3258 3138 manibus
3304 3081 3420 3151 ejus

185 3191 304 3245 cias
331 3199 383 3243 tu
407 3205 550 3255 eum,
569 3187 791 3257 Eulogi?
816 3196 866 3240 at
888 3188 975 3256 qui
999 3201 1118 3240 cum
1143 3189 1341 3240 creavit
1367 3202 1469 3240 non
1493 3185 1761 3253 abjit-it.Si
1792 3187 1836 3250 C
1869 3182 2281 3236 verberabantur
2304 3221 2318 3244 ,
2349 3178 2649 3233 incidebant
2678 3178 2732 3232 in
2764 3177 2958 3231 lacum.
2998 3174 3077 3228 Ad
3117 3188 3202 3229 me
3244 3174 3422 3241 itaque

186 3294 246 3338 tu
268 3299 388 3338 eum
420 3282 621 3351 abjicis,
642 3282 778 3336 Deus
796 3280 841 3335 ei
865 3280 1117 3334 excitabit
1140 3289 1190 3334 te
1220 3279 1489 3333 meliorem
1522 3277 1608 3345 qui
1637 3292 1756 3331 eum

185 3380 425 3449 colligat.
458 3376 723 3433 Conticuit
771 3374 1024 3442 Eulogius
1050 3414 1065 3437 ,
1097 3382 1152 3427 et
1194 3370 1441 3425 extimuit
1481 3385 1597 3424 cum
1648 3370 1761 3423 hcce

184 3454 467 3523 at‘tdiisset.
503 3468 706 3522 Relicto
750 3475 924 3518 autem
974 3463 1219 3530 Eulogio,
1251 3476 1469 3529 magnus
1501 3460 1762 3514 Antonius

185 3559 386 3628 incipit
410 3558 584 3625 lingua
613 3553 882 3624 llagellare
912 3551 1233 3613 mutilatum,
1260 3561 1313 3604 et
1342 3549 1406 3602 ad
1436 3564 1556 3601 eum
1587 3548 1763 3601 excla-

187 3663 347 3704 mare
374 3666 385 3699 :
415 3645 675 3707 Mutilate,
695 3642 955 3696 maculate
987 3638 1280 3709 (63),terra
1302 3638 1506 3693 ctcmlo
1528 3637 1760 3705 indigne,

188 3754 307 3795 non
331 3753 508 3792 cessas
533 3751 652 3789 cum
691 3732 798 3787 Deo
843 3745 1075 3802 pugnare
1097 3770 1112 3795 ,
1143 3737 1195 3783 et
1225 3737 1373 3782 tuum
1403 3728 1618 3781 fratrem
1646 3727 1767 3780 irri-

188 3830 347 3886 tare?
378 3829 559 3884 Nescis
584 3842 702 3882 esse
744 3824 1017 3879 Christum
1047 3824 1134 3892 qui
1169 3821 1261 3875 tibi
1286 3819 1596 3875 ministrat?
1624 3819 1767 3885 Quo-

189 3920 362 3976 modo
387 3920 550 3974 audes
576 3919 690 3972 htec
716 3916 860 3984 loqui
885 3913 1138 3968 adversus
1166 3910 1471 3966 Christum?
1503 3909 1618 3965 Non
1647 3925 1769 3977 pro—

188 4024 318 4083 pter
346 4011 617 4065 Christum
647 4024 705 4063 se
732 4016 822 4060 tuo
854 4005 1173 4072 mancipa‘vit
1199 4003 1449 4058 servtio'l
1480 4002 1610 4056 Cum
1641 4017 1768 4072 ergo

187 4119 325 4158 eum
373 4115 581 4171 quoque
628 4098 805 4154 verbis
854 4095 1178 4151 coercuisset
1226 4093 1645 4161 increpantibus,
1675 4107 1768 4147 eos

188 4194 453 4259 dimittit;
497 4203 550 4247 et
601 4206 718 4244 cum
764 4188 1101 4242 disseruisset
1139 4200 1257 4239 cum
1309 4182 1558 4237 fratribus
1602 4182 1668 4236 de
1704 4182 1771 4236 iis

188 4300 323 4355 quae
364 4294 515 4337 erant
562 4282 845 4349 unicuique
889 4276 1184 4331 necessaria
1208 4316 1221 4338 ,
1253 4290 1437 4328 rursus
1467 4274 1673 4327 accedit
1702 4275 1768 4327 ad

189 4374 478 4445 Eulogium
509 4384 565 4430 et
594 4372 913 4436 mutilatum,
943 4378 997 4425 et
1026 4368 1151 4423 dicit
1176 4366 1255 4421 eis
1281 4385 1294 4422 :
1320 4366 1395 4421 Ne
1426 4380 1647 4435 usquam
1672 4363 1774 4419 im-

191 4467 508 4533 tnoremini,
538 4481 572 4521 ο
600 4466 809 4528 fratres,
829 4463 922 4517 sed
947 4461 1085 4515 abite
1110 4461 1162 4513 in
1187 4474 1339 4528 pace,
1365 4466 1417 4512 et
1446 4472 1510 4510 ne
1540 4456 1770 4510 invicem

188 4558 545 4631 scparemini,
565 4556 803 4624 deposita
834 4553 975 4607 omni
1007 4550 1244 4605 molestia
1276 4563 1433 4617 quam
1466 4547 1613 4601 vobis
1641 4547 1771 4613 inje-
1802 4538 1854 4598 D

193 4656 280 4709 cit
328 4652 567 4714 daemon;
608 4657 659 4702 et
708 4662 825 4701 cum
882 4646 1016 4696 bona
1049 4641 1332 4695 dilectione
1361 4637 1687 4692 revertimini
1721 4637 1771 4689 in

192 4743 397 4799 cellam
428 4743 480 4794 in
512 4756 610 4809 qua
640 4739 795 4806 longo
829 4745 1067 4801 tempore
1097 4732 1288 4785 versati
1319 4730 1476 4792 estis;
1501 4727 1608 4795 jam
1634 4726 1774 4779 enim

198 4839 355 4893 Deus
388 4836 559 4888 tnittet
588 4831 655 4884 ad
688 4845 801 4884 vos.
850 4829 973 4882 Haec
999 4826 1141 4879 enim
1171 4824 1391 4877 tentatio
1420 4822 1472 4875 in
1501 4837 1593 4873 vos
1622 4818 1776 4872 exci~

198 4937 325 4984 tata
353 4936 435 4979 est
462 4940 491 4978 a
524 4924 715 4979 Satana
736 4961 752 4984 ,
780 4920 1030 4989 quoniam
1082 4916 1181 4969 scit
1234 4928 1324 4966 vos
1351 4913 1457 4980 jam
1507 4911 1570 4962 atl
1618 4909 1775 4962 finem

194 5019 541 5092 pervenisse,
570 5026 623 5070 et
652 5016 883 5068 futurum
915 5025 1035 5065 esse
1066 5018 1122 5061 ttt
1144 5020 1371 5061 coronas
1399 5020 1426 5055 a
1450 5003 1662 5055 Christo
1687 5015 1776 5053 ac-

190 5089 444 5180 cipiatis,
469 5110 639 5178 ipsum
661 5121 754 5174 per
777 5114 850 5170 te,
879 5110 933 5155 et
964 5110 1013 5155 te
1036 5114 1131 5168 per
1152 5113 1295 5151 eum.
1323 5094 1460 5148 Nihil
1490 5107 1616 5160 ergo
1642 5089 1782 5143 aliud

189 5177 597 5271 cogitaveritis.
630 5195 777 5264 Quod
810 5194 854 5248 si
883 5192 1104 5246 veniens
1137 5188 1357 5257 angelus
1389 5201 1491 5238 non
1522 5177 1787 5236 invenerit

196 5313 315 5351 vos
342 5298 393 5349 in
417 5297 603 5349 eodem
631 5292 769 5355 loco,
797 5290 1041 5343 futurum
1056 5294 1137 5337 est
1162 5292 1218 5336 ut
1244 5282 1453 5335 coronis
1474 5275 1782 5348 privemini.

190 5390 336 5443 Cito
372 5401 502 5455 ergo
550 5384 862 5438 festinantes
909 5374 1136 5445 ingressi
1183 5382 1335 5439 sunt,
1362 5381 1414 5425 et
1443 5376 1705 5425 venerunt
1731 5366 1784 5420 in

188 5491 369 5533 suam
418 5476 605 5531 cellam
653 5471 911 5526 cltaritate
941 5466 1055 5537 (64)
1090 5465 1342 5533 perfeCta.
1396 5462 1460 5514 Et
1491 5460 1630 5513 intra
1658 5471 1786 5527 qua-

189 5570 466 5637 draginta
509 5565 657 5629 dies,
685 5563 794 5617 obit
824 5562 1011 5615 beatus
1042 5555 1291 5626 Eulogius
1318 5553 1554 5622 migrans
1582 5551 1645 5604 ad
1680 5552 1784 5603 Βο-

193 5661 446 5723 minum,
472 5667 527 5712 et
558 5656 694 5710 intra
721 5664 830 5708 tres
878 5649 1011 5703 alios
1049 5648 1162 5702 obit
1195 5646 1239 5700 is
1271 5643 1359 5715 qui
1404 5654 1519 5698 erat
1562 5654 1788 5709 corpore

190 5753 518 5827 mutilatas,
550 5746 643 5821 sed
690 5746 865 5801 anima
914 5744 1097 5827 firmus
1148 5755 1211 5811 ac
1253 5738 1525 5805 robustus,
1553 5733 1640 5805 qui
1673 5734 1785 5803 ipse

1862 3291 1961 3328 vox
2011 3274 2271 3343 pervenit,
2300 3288 2417 3340 qua:
2464 3268 2877 3333 dicebat:Quas
2926 3266 3076 3320 vides
3103 3265 3307 3319 animas
3334 3277 3427 3317 su-

1862 3366 2165 3434 pervolasse
2217 3371 2377 3432 caput
2418 3361 2640 3433 gigantis
2682 3370 2737 3415 ct
2781 3360 2900 3429 ejus
2950 3372 3158 3422 manus,
3185 3370 3262 3409 eae
3306 3361 3434 3410 sunt

1861 3457 2049 3509 animae
2078 3456 2367 3525 justorum,
2396 3469 2514 3522 qua:
2544 3450 2757 3521 quidem
2787 3449 2853 3504 ab
2902 3448 3105 3519 angelis
3152 3454 3432 3500 servantur

1862 3547 1913 3600 in
1948 3547 2226 3615 paradiso:
2254 3559 2371 3613 quae
2399 3552 2574 3596 autem
2605 3558 2635 3595 a
2660 3541 2906 3596 manibus
2957 3538 3091 3608 nigri
3124 3537 3429 3605 percutiun-

1867 3646 1972 3701 tur,
2003 3652 2080 3690 eae
2110 3636 2161 3689 in
2189 3634 2397 3689 inferno
2428 3633 2829 3700 demerguntur.
2862 3631 2990 3697 Quae
3030 3629 3242 3698 quidem
3271 3636 3436 3681 attra-

1864 3739 1963 3783 ctm
1986 3727 2196 3782 luerunt
2216 3740 2244 3779 a
2273 3724 2540 3779 voluntate
2566 3723 2762 3792 carnis,
2789 3732 2844 3777 et
2864 3721 3044 3776 odium
3067 3729 3265 3775 secutae
3286 3724 3434 3783 sunt,

1867 3829 1921 3874 et
1948 3817 2243 3875 referenda:
2264 3816 2472 3886 injuria:
2498 3816 2863 3883 cupiditatem.
3424 3804 3425 3807 “

2400 3926 2628 3983 CAPUT
2668 3924 2909 3981 XXVIII.

2062 4067 2070 4075 .
2161 4020 2277 4074 Vita
2307 4021 2499 4073 abbatis
2537 4017 2691 4072 Pauli
2720 4015 2987 4083 Simplicis
3017 4011 3154 4085 (65).

1941 4110 2183 4165 Narravit
2220 4119 2397 4165 autem
2440 4119 2657 4167 sanctus
2694 4106 2890 4160 Christi
2930 4119 3117 4160 servus
3145 4101 3360 4164 Hierax,
3389 4089 3475 4154 et-

1867 4206 2119 4270 Cronius,
2146 4212 2202 4258 et
2224 4204 2402 4271 plures
2428 4201 2517 4255 alii
2540 4216 2606 4256 ex
2629 4199 2879 4253 fratribus
2902 4213 2963 4251 ea
2989 4212 3108 4264 qua:
3127 4209 3244 4250 sum
3273 4193 3441 4246 dictu-

1873 4310 1963 4350 rus
1992 4293 2250 4362 (Rn/f.,t.
2278 4307 2339 4360 tt,
2368 4306 2416 4346 c.
2449 4289 2579 4361 δι),
2675 4287 2821 4360 quod
2911 4285 3130 4356 quidam
3243 4280 3443 4336 Paulus

1872 4386 2100 4453 agrestis
2127 4384 2382 4454 agricola,
2406 4372 2683 4452 insigniter
2706 4379 2960 4431 innocens
2982 4382 3036 4428 et
3057 4372 3294 4427 moribus
3314 4370 3445 4425 sim-

1878 4481 1995 4547 plex
2025 4517 2043 4545 ,
2091 4491 2310 4532 uxorem
2359 4474 2585 4530 duxerat
2630 4469 2906 4524 mulierem
2954 4461 3389 4520 forinosissimam
3418 4501 3437 4527 ,

1880 4571 1970 4626 sed
2020 4569 2258 4623 moribus
2308 4564 2627 4631 improbam,
2676 4572 2795 4628 quae
2839 4554 3148 4626 longissimo
3196 4561 3441 4619 tempore

1884 4674 2107 4731 peccans
2136 4672 2257 4713 eum
2291 4654 2463 4717 latuit.
2494 4650 2789 4720 Aliquando
2819 4656 2994 4700 autem
3042 4647 3110 4699 de
3156 4642 3443 4710 improviso

1882 4764 2156 4821 regressus
2188 4764 2251 4803 ex
2281 4761 2431 4816 agro,
2469 4752 2523 4799 et
2554 4745 2821 4810 ingressus
2861 4740 3073 4791 domum
3106 4748 3277 4801 suam,
3306 4732 3455 4785 inve-

1885 4844 1962 4896 nit
1993 4856 2084 4897 eos
2115 4842 2285 4909 turpia
2319 4844 2686 4907 perpetrantes
2707 4876 2719 4898 ,
2753 4832 3051 4886 deducente
3080 4829 3297 4882 Paulum
3331 4840 3453 4893 pro—

1884 4934 2115 4991 videntia
2149 4933 2213 4984 ad
2243 4931 2293 4984 id
2321 4928 2460 4998 quod
2506 4934 2621 4982 erat
2666 4925 2766 4979 sibi
2818 4920 3173 4976 conducibile.
3222 4917 3459 4982 Eamque

1885 5041 2003 5079 cum
2035 5024 2293 5084 vidisset,
2324 5034 2443 5075 cum
2472 5033 2538 5074 eo
2569 5031 2688 5071 cum
2719 5029 2824 5084 quo
2858 5012 3087 5066 habebat
3129 5007 3295 5076 stupri
3324 5020 3458 5059 con-

1884 5113 2244 5173 suetudinem,
2275 5100 2497 5164 honeste
2521 5121 2583 5160 ac
2610 5106 2805 5160 decore
2836 5101 2972 5167 risit,
3002 5108 3056 5154 et
3082 5100 3159 5153 eis
3189 5096 3461 5151 exclama-

1889 5208 1982 5270 vit,
2019 5206 2235 5259 dicens:
2263 5201 2404 5255 Bene
2433 5208 2535 5263 est,
2563 5198 2698 5253 bene
2723 5205 2826 5260 est,
2852 5206 3039 5248 revera
3081 5204 3186 5244 non
3217 5196 3299 5244 est
3328 5186 3458 5240 mihi

1888 5312 2048 5353 curae.
2082 5295 2184 5349 Per
2211 5292 2394 5348 Jesum
2420 5332 2436 5356 ,
2468 5302 2568 5360 ego
2607 5301 2723 5341 eam
2768 5299 2873 5339 non
2914 5281 3171 5350 accipiam
3215 5276 3463 5347 amplius,

1890 5390 1995 5455 abi,
2028 5403 2145 5443 eam
2176 5387 2270 5439 tibi
2304 5384 2440 5439 habe
2470 5392 2523 5436 et
2553 5379 2666 5448 ejus
2709 5376 2882 5441 filios;
2912 5389 3010 5443 ego
3054 5371 3223 5455 enim
3251 5367 3464 5455 recedo,

1890 5485 1939 5531 et
1968 5449 2169 5529 efﬁcior
2199 5467 2513 5525 monachus.
2561 5464 2694 5519 Cum
2730 5460 2859 5514 nulli
2910 5468 3085 5511 autem
3117 5452 3341 5509 dixisset
3370 5449 3466 5503 ali.

1890 5563 2039 5636 quid,
2067 5559 2357 5633 pertransit
2384 5568 2508 5612 octo
2534 5553 2837 5609 mansiones
2855 5547 2995 5620 (66),
3024 5555 3077 5602 et
3107 5545 3221 5600 abit
3247 5542 3467 5629 adsan—

1891 5667 2032 5711 ctum
2074 5651 2360 5707 Antonium
2383 5689 2396 5712 ,
2426 5658 2481 5702 et
2517 5645 2691 5715 pulsat
2734 5641 2949 5696 ostium.
3001 5637 3258 5707 Egressus
3286 5637 3464 5685 autem

1891 5754 2103 5803 sanctus
2139 5744 2419 5807 Antonius,
2455 5738 2883 5804 euminterrogat
2917 5748 2933 5785 :
2971 5726 3103 5795 Quid
3130 5725 3232 5781 vis?
3247 5723 3316 5799 Et
3335 5720 3466 5777 dicit
