4060 6506
614 366 757 422 1079

2086 369 2401 427 PALLADII

3750 364 3878 420 1050

647 504 1024 562 Paulus:\'olo
1053 508 1165 561 fieri
1191 508 1496 562 monachus.
1517 507 1818 574 Respondet
1837 508 1887 561 ei
1911 507 2199 563 Antonius:
2232 512 2282 569 Α
2306 522 2469 562 unum
2515 506 2814 571 madefecit,
2843 513 2994 560 erant
3021 505 3164 561 enim
3203 504 3366 571 sicci;
3402 506 3480 560 illi
3509 512 3690 560 autem
3734 511 3852 560 tres.

641 594 817 650 Senex
845 595 1218 663 sexagenarius
1264 610 1366 649 non
1412 602 1585 664 potest
1609 594 1692 647 hic
1724 594 1835 648 fieri
1863 597 2196 662 monachus;

639 683 736 739 sed
767 684 940 753 potius
969 686 1051 738 abi
1082 684 1136 738 in
1166 685 1338 737 vicum
1363 726 1377 748 ,
1409 694 1461 738 et
1506 699 1750 751 operare,
1776 694 1831 739 et
1875 687 2034 739 vitam
2064 685 2198 755 dege

640 775 958 843 operariam,
987 774 1096 828 Deo
1116 788 1277 841 agens
1305 773 1519 842 gratias.
1552 773 1662 827 Non
1693 782 1841 843 potes
1865 775 2004 828 enim
2037 777 2200 828 susti-

641 878 771 919 nere
796 863 1110 917 afflictiones
1135 864 1453 916 solitudinis.
1489 864 1793 932 Respondet
1823 880 2006 929 senex,
2037 876 2088 918 et
2116 866 2198 918 di-

641 954 714 1009 cit
745 971 759 1006 :
791 954 844 1008 Si
876 955 999 1021 quid
1030 968 1114 1005 me
1142 953 1405 1019 docueris,
1441 953 1565 1007 illud
1612 954 1821 1007 faciam.
1858 956 1987 1008 Dicit
2017 958 2063 1009 ei
2092 957 2201 1009 An—

642 1039 995 1094 tonius:Dixi
1036 1041 1129 1094 tibi
1161 1050 1209 1093 te
1238 1056 1357 1095 esse
1399 1057 1610 1105 senem,
1646 1051 1699 1097 et
1745 1059 1847 1097 non
1889 1060 2040 1111 posse
2081 1060 2201 1099 esse

643 1130 989 1194 monachum;
1027 1131 1134 1183 abi.
1165 1130 1218 1183 Si
1250 1130 1391 1184 enim
1425 1131 1502 1182 vis
1543 1146 1660 1183 esse
1690 1132 1999 1191 monachus.
2031 1132 2201 1202 ingre-

639 1219 767 1274 dere
792 1220 1090 1274 cmtiobittut
1120 1221 1204 1272 ubi
1236 1230 1357 1272 sunt
1393 1222 1692 1287 complures
1738 1223 1926 1275 fratres
1956 1226 2041 1292 qui
2072 1239 2199 1293 pos-

641 1316 764 1361 sunt
788 1316 930 1361 tuam
971 1307 1111 1362 ferre
1140 1308 1571 1363 imbecillitatem.
1622 1311 1734 1380 Ego
1774 1315 1914 1364 enim
1946 1314 2087 1367 solus
2115 1314 2202 1367 hic

643 1399 827 1463 sedeo,
876 1400 1105 1467 quinque
1137 1401 1336 1452 dierum
1367 1398 1537 1466 Spatio
1586 1400 1861 1469 interjecto
1890 1403 2199 1469 comedens,

644 1491 803 1560 idque
851 1492 1111 1545 esuriens.
1165 1490 1257 1544 Ilis
1306 1505 1433 1558 ergo
1480 1490 1653 1544 verbis
1692 1492 1907 1546 Paulum
1938 1493 2199 1561 abigebat.

642 1582 928 1651 Postquam
962 1595 1134 1636 autem
1165 1597 1284 1636 eum
1316 1596 1417 1634 non
1450 1581 1681 1646 admisit,
1714 1584 1890 1636 clauso
1918 1583 2054 1636 ostio
2090 1586 2201 1637 An-

647 1677 821 1729 tonius
847 1674 1012 1727 tribus
1044 1675 1231 1727 diebus
1260 1672 1405 1726 foras
1440 1688 1545 1725 non
1574 1684 1655 1726 est
1695 1687 1958 1740 egressus,
1991 1683 2203 1743 propter

643 1764 838 1833 ipsum,
864 1778 928 1817 ue
958 1762 1169 1831 quidem
1195 1762 1259 1815 ad
1289 1764 1631 1816 necessitates
1662 1777 1805 1815 snas.
1830 1762 2002 1817 Senex
2024 1772 2200 1817 autem

2300 600 2566 653 Psalmum
2612 598 2791 666 psallit
2838 598 3098 652 Antonius
3144 613 3301 667 quem
3352 607 3610 663 noverat;
3651 608 3709 652 et
3745 614 3850 653 cum

2297 701 2419 742 eum
2448 688 2733 742 duodecies
2756 688 3060 749 cecinisset,
3088 687 3376 741 duodecies
3399 688 3569 740 oravit
3599 698 3659 740 ut
3688 691 3738 741 in
3766 688 3851 742 hoc

2299 792 2505 845 quoque
2538 778 2752 830 Paulum
2780 777 3045 845 probaret.
3075 777 3245 832 Senex
3278 786 3455 831 autem
3486 779 3650 831 simul
3684 794 3853 845 preca.

2300 877 2385 921 tus
2412 876 2493 921 est
2519 868 2632 935 ipso
2672 882 2861 935 magno
2906 868 3138 920 Antonio
3183 871 3479 936 promptius
3509 880 3564 921 et
3612 868 3853 923 alacrius.

2300 955 2525 1009 Malebat
2565 957 2729 1022 enim,
2763 966 2817 1008 ut
2865 956 3113 1020 arbitror,
3146 972 3362 1021 pascere
3407 958 3680 1023 scorpios,
3709 973 3854 1026 quam
3900 1020 3901 1023 η

2300 1062 2403 1099 una
2431 1048 2608 1099 vivere
2637 1061 2755 1099 cum
2783 1048 3043 1101 adultera.
3070 1048 3194 1100 Post
3222 1048 3510 1102 duodecim
3540 1061 3725 1101 autem
3752 1066 3857 1101 ora.

2304 1137 2494 1199 tiones,
2522 1136 2684 1189 Paulo
2723 1137 2851 1189 dicit
2895 1152 3115 1202 magnus
3143 1139 3403 1190 Antonius
3434 1157 3445 1188 :
3474 1139 3641 1201 Sede,
3676 1140 3857 1207 inquit,

2301 1239 2352 1281 et
2380 1242 2444 1281 ne
2468 1228 2714 1281 comedas
2739 1242 2900 1295 usque
2924 1228 2991 1281 ad
3016 1242 3319 1297 vesperam;
3344 1231 3433 1283 sed
3455 1232 3638 1283 solum
3657 1233 3859 1286 attende

2302 1318 2607 1371 esculentis.
2654 1315 2783 1371 Cum
2831 1333 3008 1371 autem
3059 1319 3244 1374 fuisset
3291 1335 3536 1387 vespera,
3569 1332 3629 1375 et
3681 1320 3862 1377 Paulus

2303 1423 2408 1460 non
2460 1407 2799 1472 comedisset,
2843 1408 2977 1460 dixit
3020 1408 3068 1461 ei
3107 1410 3367 1463 Antonius
3393 1427 3405 1460 :
3431 1411 3643 1477 Surge,
3677 1428 3793 1479 ora,
3816 1424 3863 1469 et

2303 1496 2494 1550 dormi.
2530 1496 2622 1551 Ille
2651 1508 2823 1551 autem
2867 1512 3049 1551 mensa
3082 1499 3260 1552 relicta
3290 1503 3368 1553 sic
3399 1502 3546 1555 fecit.
3578 1502 3755 1555 Media
3782 1519 3865 1556 an-

2307 1594 2409 1638 tem
2439 1596 2592 1640 nocte
2620 1586 2870 1640 excitavit
2908 1603 3028 1641 eum
3068 1589 3133 1641 ad
3163 1590 3479 1658 orationem,
3512 1602 3567 1644 et
3611 1607 3783 1659 usque
3805 1595 3865 1647 ad

2305 1677 2489 1730 horam
2522 1690 2713 1729 nonam
2741 1677 2987 1745 produxit
3008 1682 3295 1734 orationes.
3330 1680 3511 1733 Mensa
3541 1692 3729 1736 autem
3760 1700 3864 1736 rur-

2304 1781 2394 1819 sus
2434 1766 2673 1835 apposita
2716 1782 2834 1820 cum
2878 1777 2929 1820 et
2976 1783 3157 1821 rursus
3206 1770 3492 1823 cecinisset
3540 1779 3597 1824 et
3644 1784 3865 1835 orasset,

642 1854 927 1923 permansit
958 1869 1061 1907 non
1092 1852 1365 1907 recedens.
1415 1853 1609 1919 Quarto
1641 1867 1764 1907 vero
1804 1852 1890 1907 die
1918 1868 2038 1906 cum
2068 1869 2192 1907 eum
2233 1858 2278 1917 Β
2304 1871 2423 1909 sero
2459 1871 2684 1923 vespere
2726 1857 2978 1911 sederunt
3017 1858 3081 1910 ad
3125 1858 3539 1913 comedendum.
3570 1859 3710 1913 Cum
3750 1876 3870 1929 ergo

642 1954 911 2014 premeret
958 1945 1268 2007 necessitas,
1292 1954 1475 2012 aperto
1513 1943 1650 1996 ostio
1693 1957 1937 2009 egressus
1989 1952 2089 1997 est.
2137 1943 2205 1997 Et

643 2047 766 2086 cum
798 2048 983 2086 rursus
1014 2032 1235 2085 vidisset
1276 2031 1493 2085 Paulum
1517 2072 1533 2095 ,
1563 2032 1611 2084 ei
1640 2031 1805 2084 dicit:
1830 2033 1926 2085 Abi
1956 2033 2097 2098 hinc,
2123 2047 2209 2087 se-

642 2135 768 2175 nex.
800 2119 936 2186 Quid
969 2121 1096 2174 mihi
1126 2135 1184 2173 es
1215 2120 1502 2174 molestus?
1530 2136 1631 2173 non
1667 2130 1819 2189 putes
1852 2121 1937 2174 hic
1968 2137 2207 2176 manere.

644 2209 777 2265 Dicit
803 2212 851 2263 ei
882 2208 1079 2263 Paulus
1105 2227 1116 2262 :
1143 2208 1287 2263 Fieri
1333 2224 1436 2262 non
1478 2220 1650 2278 potest
1678 2221 1731 2263 ut
1763 2226 1860 2278 ego
1890 2212 2012 2266 alibi
2052 2228 2208 2281 quam

643 2299 729 2355 hic
774 2299 993 2354 moriar.
1027 2299 1159 2354 Cum
1190 2299 1483 2368 aspexisset
1530 2309 1705 2353 autem
1737 2301 2017 2366 Antonius,
2047 2313 2099 2357 et
2131 2304 2208 2357 vi-

643 2389 810 2445 disset
832 2404 951 2444 eum
980 2404 1084 2443 non
1108 2390 1245 2443 ferre
1269 2404 1328 2443 ea
1356 2403 1472 2457 quae
1497 2401 1619 2443 sunt
1646 2391 1710 2443 ad
1738 2393 1933 2444 victum
1958 2408 2208 2448 net-essa-

642 2480 745 2545 ria,
776 2494 880 2533 non
926 2494 1137 2549 panem,
1168 2494 1275 2534 non
1317 2494 1530 2549 aquam,
1563 2494 1665 2535 non
1713 2481 1912 2550 aliquid
1958 2483 2124 2551 aliud,
2155 2494 2210 2540 et

643 2569 750 2640 jam
782 2579 1027 2638 quartum
1059 2570 1198 2625 diem
1250 2585 1622 2639 perseverasse
1665 2572 1928 2643 jejunum,
1958 2576 2210 2645 cogitavit

650 2660 789 2729 apud
807 2675 865 2714 se
886 2678 899 2712 :
919 2660 994 2714 Ne
1016 2662 1151 2715 forte
1171 2662 1447 2727 moriatur,
1469 2663 1629 2729 utqui
1654 2678 1757 2716 non
1779 2665 1846 2718 sit
1866 2678 2108 2721 assuetus
2130 2668 2210 2736 je—

643 2749 855 2820 juuare,
882 2758 937 2804 et
961 2764 1130 2804 meam
1148 2752 1373 2813 maculet
1391 2752 1644 2807 animam.
1664 2753 1796 2808 Eum
1812 2770 1940 2825 ergo
1958 2755 2205 2813 admittit.

650 2840 692 2894 Τ
698 2855 799 2894 unc
842 2842 888 2895 ei
918 2841 1041 2897 dicit
1075 2844 1338 2896 Antonius
1365 2842 1560 2898 :Potcs
1597 2858 1718 2900 esse
1743 2846 1917 2901 salvus
1942 2849 1986 2901 si
2017 2848 2211 2904 habeas

643 2930 1030 2999 obedientiam,
1056 2941 1110 2985 et
1131 2932 1270 3001 quod
1296 2947 1326 2986 a
1353 2948 1437 2987 me
1462 2935 1693 2990 audieris
1720 2936 1818 2990 hoc
1846 2936 2052 2993 feceris.
2079 2938 2213 2991 Pau-

645 3025 729 3080 lus
771 3034 948 3080 autem
997 3025 1366 3093 respondens,
1414 3026 1547 3081 dixit
1578 3043 1593 3080 :
1624 3026 1834 3081 Faciam
1882 3044 2212 3099 quascunque

644 3113 891 3187 iusseris.
927 3113 1216 3181 Talemque
1246 3116 1364 3168 vita:
1393 3129 1597 3183 aspera:
1625 3117 1842 3184 agendae
1872 3116 2127 3172 rationem
2158 3129 2212 3174 et

2303 1946 2622 2000 comedisset
2638 1961 2856 2016 magnus
2879 1947 3138 2000 Antonius
3160 1964 3319 2001 unum
3347 1961 3718 2017 paxamatem,
3738 1953 3869 2007 aliud

2304 2051 2409 2089 non
2458 2037 2645 2105 tetigit.
2678 2038 2851 2092 Senex
2893 2046 3069 2091 autem
3117 2040 3403 2094 comedens
3446 2041 3686 2107 tardius,
3710 2042 3871 2096 adhuc

2306 2127 2521 2182 tenebat
2549 2128 2900 2195 paxamidium
2931 2129 3070 2197 quod
3100 2139 3329 2197 ceperat.
3358 2130 3731 2199 Exspectabat
3757 2150 3871 2204 ergo

2305 2216 2567 2271 Antonius
2587 2218 2755 2271 donec
2786 2219 3111 2285 perfecisset,
3140 2230 3192 2273 et
3220 2219 3343 2273 dicit
3375 2221 3465 2275 ei:
3490 2220 3755 2287 Comede,
3788 2238 3867 2290 μισ

2309 2307 2529 2372 tercule,
2561 2308 2719 2362 etiam
2742 2323 2899 2361 unum
2925 2310 3066 2364 aliud
3093 2313 3470 2379 paxamidium.
3500 2314 3647 2369 Dicit
3671 2317 3721 2368 ei
3752 2316 3877 2370 Pas.

2308 2397 2391 2451 lus
2442 2412 2458 2450 :
2498 2397 2552 2450 Si
2610 2407 2664 2451 tu
2712 2399 2991 2465 comedas,
3042 2417 3139 2470 ego
3189 2417 3401 2472 quoque
3446 2406 3786 2471 comedam;
3832 2418 3877 2461 te

2307 2500 2482 2545 autem
2512 2505 2614 2546 non
2655 2493 2983 2558 comedente,
3008 2508 3104 2548 nec
3142 2509 3241 2564 ego
3284 2498 3587 2551 comedam.
3642 2499 3779 2551 ῡίιῂ
3832 2503 3877 2555 ei

2309 2581 2624 2638 Antonius":
2688 2583 2819 2640 Mihi
2890 2586 3133 2654 sufficit,
3220 2604 3337 2642 sum
3371 2592 3513 2642 enirn
3558 2595 3873 2646 monachus.

2311 2673 2378 2726 Et
2406 2672 2528 2727 ille:
2555 2672 2619 2726 Et
2656 2672 2784 2726 mihi
2822 2674 3053 2739 sufﬁcit;
3086 2690 3205 2729 nam
3244 2690 3343 2745 ego
3370 2693 3585 2746 quoque
3613 2683 3738 2733 volo
3771 2682 3877 2734 fieri

2308 2763 2622 2818 monachus.
2665 2762 2846 2831 Surgit
2873 2781 3076 2828 rursus,
3108 2775 3163 2820 et
3206 2766 3331 2820 facit
3357 2769 3644 2823 duodecim
3685 2773 3879 2823 oratio-

2311 2867 2427 2917 nes,
2458 2861 2511 2905 et
2541 2854 2719 2920 psallit
2746 2854 3022 2908 duodecim
3058 2857 3312 2925 psalmos.
3366 2858 3434 2912 Et
3464 2870 3588 2927 post
3614 2864 3881 2917 orationes

2312 2943 2470 3011 primi
2489 2946 2660 2997 somni
2687 2959 2869 3013 parum
2894 2946 3186 3012 dormiunt;
3214 2958 3267 3002 et
3290 2965 3477 3004 rursus
3498 2954 3883 3022 expergiscan-

2314 3042 2397 3087 tur
2424 3034 2487 3087 ad
2521 3035 2843 3102 psallendum
2874 3051 2905 3089 a
2934 3038 3100 3090 media
3130 3049 3282 3091 nocte
3318 3039 3383 3093 ad
3410 3039 3554 3095 diem
3587 3056 3779 3110 usque.

2387 3124 2585 3178 Deinde
2616 3124 2755 3178 misit
2780 3140 2897 3177 eum
2942 3124 3005 3178 ad
3035 3126 3329 3187 obeundum
3375 3130 3751 3193 solitudinem,
3804 3131 3881 3183 di-

645 3204 755 3259 ilIis
794 3203 982 3259 diebus
1021 3207 1254 3272 suscepit
1296 3205 1588 3272 Antonius,
1621 3207 1829 3276 qualem
1859 3210 2069 3277 quando
2096 3222 2208 3263 erat
2235 3215 2280 3276 ο
2312 3232 2438 3272 cens
2468 3219 2553 3272 ei:
2587 3217 2715 3270 veni
2767 3218 2867 3272 huc
2899 3227 3015 3285 post
3052 3229 3161 3274 tres
3208 3219 3339 3274 dies,
3387 3221 3523 3275 cum
3573 3223 3679 3276 hoc
3707 3232 3880 3276 autem

650 3295 703 3348 in
736 3292 993 3362 principio
1016 3291 1333 3362 juventutis.
1379 3293 1509 3362 Ejus
1547 3310 1674 3365 ergo
1712 3308 1944 3351 mentem
1986 3297 2215 3366 probans

646 3385 931 3451 Antonius,
964 3387 1011 3437 ei
1041 3385 1355 3452 dixit:Sta,
1381 3395 1436 3440 et
1478 3402 1574 3441 ora
1618 3390 1671 3442 in
1721 3389 1820 3442 hoc
1864 3389 2001 3456 loco,
2044 3391 2215 3444 donec

647 3474 935 3544 ingrediar,
959 3483 1014 3529 et
1058 3474 1273 3531 alierum
1324 3477 1414 3531 tibi
1463 3477 1603 3545 quod
1649 3481 1906 3547 Opereris.
1941 3480 2213 3549 Ingressus

646 3577 824 3622 autem
858 3568 1190 3636 speluncam,
1227 3584 1321 3637 per
1361 3569 1648 3625 fenestram
1693 3571 2065 3625 animadvertit
2090 3587 2212 3626 eum

648 3657 703 3713 in
734 3672 799 3713 eo
842 3658 958 3711 loco
988 3666 1153 3711 totam
1185 3658 1569 3713 hebdomadam
1602 3676 1818 3715 manere
1863 3662 2210 3732 immobilem,

647 3763 767 3803 cum
790 3753 856 3802 ab
886 3757 1018 3800 testu
1044 3758 1355 3801 torrerctur.
1385 3749 1641 3816 Egressus
1667 3760 1839 3803 autem
1869 3758 1988 3818 post
2015 3749 2213 3803 hebdo-

651 3838 883 3906 madam,
908 3853 1029 3892 cum
1059 3854 1123 3892 ex
1157 3840 1343 3917 palmis
1375 3855 1551 3894 ramos
1580 3840 2208 3907 madcfecisset,eidicit:

648 3931 863 3998 Accipe,
890 3940 943 3983 et
967 3941 1189 3983 contexe
1232 3927 1411 3985 funem
1456 3940 1513 3985 ut
1541 3948 1625 3985 me
1654 3932 1819 3987 vides.
1860 3933 2014 3986 Texit
2044 3947 2209 3988 senex

649 4021 716 4075 ad
745 4023 929 4073 horam
957 4034 1124 4089 usque
1171 4036 1363 4075 nonam
1401 4023 1699 4092 quindecim
1738 4026 1886 4079 ulnas
1922 4041 2111 4094 magno
2139 4028 2213 4080 Ia-

649 4117 802 4171 bore.
854 4118 982 4171 Cum
1033 4128 1205 4170 autem
1253 4118 1472 4173 vidisset
1500 4120 1758 4174 Antonius
1806 4121 1857 4174 id
1901 4126 2039 4190 quod
2086 4136 2214 4177 con-

650 4216 911 4273 texuerat,
945 4208 995 4261 id
1026 4209 1245 4262 minime
1288 4210 1338 4263 ei
1382 4210 1594 4277 placuit,
1625 4220 1679 4265 et
1729 4212 1827 4281 ipsi
1874 4213 2003 4266 dicit
2033 4230 2045 4265 :
2078 4213 2213 4267 Male

653 4301 1012 4367 contexuisti,
1044 4310 1263 4367 retexe,
1309 4311 1362 4354 et
1410 4302 1583 4356 denuo
1631 4313 1887 4367 contexe;
1939 4318 2057 4356 cum
2105 4303 2213 4371 jatn

651 4391 880 4460 septimo
904 4390 990 4445 die
1008 4390 1224 4459 jejunus
1251 4399 1467 4457 ageret.
1497 4390 1652 4460 idque
1682 4406 1801 4445 cum
1829 4402 1969 4445 esset
1998 4392 2214 4460 grandis

652 4489 829 4537 atate.
878 4480 1102 4535 'I‘antutu
1144 4488 1322 4535 autem
1368 4496 1486 4535 eum
1518 4481 1614 4536 hac
1643 4483 1709 4536 de
1739 4497 1894 4536 causa
1921 4482 2128 4550 afﬂixit,
2158 4491 2216 4537 ut

2314 3306 2508 3363 factum
2537 3317 2695 3374 esset,
2747 3317 2802 3363 et
2828 3310 3037 3377 quidam
3089 3308 3280 3365 fratres
3322 3312 3388 3365 ad
3434 3329 3558 3367 eum
3591 3315 3881 3377 venissent,

2314 3400 2630 3455 observabat
2662 3399 2851 3455 Paulus
2883 3400 3163 3454 Antonium
3190 3402 3437 3471 quidnam
3468 3405 3635 3457 vellet
3662 3420 3782 3457 eum
3813 3402 3879 3455 fa—

2314 3507 2455 3547 cere.
2490 3493 2537 3546 Is
2578 3500 2752 3545 autem
2794 3491 2927 3544 dixit
2967 3491 3013 3545 ei
3042 3508 3057 3545 :
3087 3491 3293 3545 Tacens
3321 3494 3562 3547 ministra
3598 3494 3878 3559 fratribus;

2314 3598 2487 3651 neque
2508 3581 2702 3651 aliquid
2729 3582 3023 3651 gustaveris
3051 3581 3216 3636 donec
3243 3582 3432 3637 fratres
3463 3584 3661 3636 fuerint
3688 3587 3788 3637 iter
3809 3586 3883 3636 in.

2315 3673 2501 3743 gressi.
2532 3671 2813 3740 Postquam
2838 3682 3011 3725 autem
3034 3672 3183 3725 tertia
3207 3674 3309 3738 jam
3334 3672 3554 3739 impleta
3582 3683 3728 3726 esset
3760 3674 3880 3727 beb-

2314 3765 2539 3818 domada
2568 3780 2631 3819 ex
2661 3778 2764 3832 quo
2804 3777 2908 3817 non
2934 3763 3235 3817 comedcrat
3266 3764 3481 3827 Paulus,
3518 3763 3715 3816 fratres
3764 3781 3875 3815 eum

2315 3853 2606 3923 rogabant:
2636 3853 2747 3920 Qua
2770 3851 2837 3906 de
2864 3866 3018 3906 causa
3049 3853 3229 3905 taces?
3252 3852 3492 3919 Cumque
3515 3852 3607 3904 ille
3638 3870 3741 3905 non
3774 3868 3873 3905 res-

2317 3945 2595 4014 ponderet,
2630 3943 2755 3996 dicit
2781 3944 2827 3997 ei
2858 3944 3117 3997 Antonius
3150 3960 3161 3994 :
3194 3943 3327 4008 Quid
3359 3944 3548 3996 taces?
3577 3943 3880 4008 colloquare

2316 4049 2436 4089 cum
2486 4032 2756 4087 fratribus.
2817 4032 2906 4086 Ille
2947 4047 3079 4086 vero
3123 4043 3203 4085 est
3246 4033 3559 4086 collocutus.
3610 4033 3745 4085 Cum
3796 4034 3883 4083 ali-

2317 4125 2526 4196 quando
2568 4126 2617 4179 ei
2646 4122 2829 4178 fuisset
2870 4122 3026 4176 allata
3061 4138 3187 4176 urna
3218 4123 3407 4186 mellis,
3437 4123 3573 4176 dixit
3618 4128 3667 4175 ei
3718 4127 3881 4174 Antoc

2318 4216 2437 4268 nius
2472 4232 2484 4266 :
2518 4213 2722 4283 Frange
2752 4227 2866 4277 vas,
2898 4220 2952 4266 et
2982 4212 3084 4266 mel
3114 4211 3430 4265 effundatur.
3465 4212 3555 4267 Sic
3600 4222 3779 4265 autem
3807 4210 3881 4263 fe-

2317 4306 2406 4358 cit.
2443 4303 2507 4357 Et
2545 4303 2593 4358 ei
2632 4316 2816 4357 rursus
2863 4304 2989 4356 dicit
3023 4320 3036 4356 :
3070 4303 3269 4370 Collige
3316 4317 3501 4355 rursus
3530 4304 3637 4354 mel
3665 4303 3879 4363 conclia,

2319 4411 2385 4449 ne
2438 4397 2622 4448 sordes
2689 4394 2890 4460 aliquas
2939 4394 3155 4448 inferas.
3212 4394 3277 4445 Et
3321 4407 3507 4445 rursus
3551 4394 3716 4458 jusst
3768 4409 3881 4445 eum

2324 4500 2512 4553 aquam
2552 4485 2765 4538 haurire
2793 4492 2901 4537 toto
2927 4483 3031 4538 die.
3072 4483 3138 4537 Et
3178 4498 3356 4536 rursus
3380 4498 3502 4535 cum
3530 4494 3738 4535 vestem
3778 4484 3881 4548 ejus

652 4587 798 4645 aegre
819 4573 994 4628 ferens
1016 4587 1181 4627 senex
1212 4572 1413 4643 fugeret
1442 4575 1748 4638 Antonium,
1772 4584 1826 4628 et
1848 4575 2010 4627 vitam
2038 4589 2213 4629 mona-
2248 4584 2296 4644 ι)
2323 4574 2674 4639 dissolviSSet,
2700 4573 2859 4642 jussit
2878 4588 3152 4629 consuere.
3181 4573 3399 4626 Tantam
3424 4574 3664 4642 denique
3692 4576 3779 4627 hic
3812 4578 3881 4625 vir

653 4664 896 4719 chorum.
926 4663 973 4717 Is
1001 4672 1175 4716 autem
1205 4664 1420 4720 eosdem
1450 4680 1625 4718 ramos
1652 4676 1705 4718 et
1747 4667 2004 4735 retexuit,
2036 4677 2088 4721 et
2116 4667 2219 4721 ite-

654 4772 772 4814 rum
795 4754 1067 4810 contexuit
1090 4772 1207 4810 cum
1232 4772 1422 4826 magno
1449 4756 1651 4822 labore,
1666 4757 1807 4826 quod
1823 4772 1887 4811 ex
1909 4767 2218 4813 contextura

654 4851 829 4921 prima
861 4849 1082 4903 fuissent
1108 4850 1395 4918 corrugati.
1443 4849 1573 4904 Cum
1603 4865 1729 4918 ergo
1757 4850 1971 4904 vidisset
2002 4866 2220 4919 magnus

656 4938 920 4994 Antonius
945 4955 1064 4992 eum
1097 4953 1194 4992 nec
1216 4955 1592 5004 murmurasse,
1620 4957 1787 5010 neque
1810 4943 2043 4996 animum
2074 4941 2221 5010 abje-

655 5029 818 5098 cisse,
835 5021 1013 5098 neque
1036 5030 1240 5084 vultum
1258 5046 1409 5085 suum
1437 5032 1653 5086 omnino
1681 5034 1957 5099 avertisse,
1981 5043 2033 5088 et
2049 5047 2219 5103 neque

655 5122 745 5176 vel
775 5122 1035 5177 tantillum
1058 5126 1444 5191 succensuisse,
1477 5133 1688 5192 propter
1714 5140 1833 5179 eum
1864 5134 1944 5180 est
1968 5140 2220 5194 compun-

654 5221 794 5266 ctus.
821 5211 886 5265 Et
913 5212 1025 5267 sole
1052 5213 1324 5267 occidente
1351 5213 1399 5267 ei
1428 5212 1592 5267 dicit:
1616 5212 1912 5281 Patercule,
1937 5214 2015 5267 vis
2038 5227 2219 5268 come-

658 5305 848 5360 damus
892 5303 1248 5374 fragmentum
1295 5305 1479 5374 panis?
1530 5304 1666 5359 Dicit
1691 5306 1739 5359 ei
1773 5304 2098 5360 Paulnszvt
2126 5303 2221 5359 tibi

658 5395 891 5462 videtur,
922 5395 1079 5451 abba.
1104 5395 1215 5449 Hoc
1239 5411 1446 5466 quoque
1467 5411 1649 5450 rursus
1680 5396 1883 5450 inﬂexit
1910 5395 2218 5462 Antonium,

656 5486 803 5559 quod
836 5501 944 5543 non
985 5487 1051 5541 ad
1090 5488 1193 5542 cibi
1231 5489 1470 5542 nuntium
1511 5488 1749 5558 promtus
1790 5488 2100 5554 accurrerit,
2124 5488 2218 5541 sed

661 5578 715 5635 ei
740 5588 1057 5649 potestatem
1079 5579 1400 5648 permiserit.
1426 5579 1556 5632 Para
1582 5593 1729 5648 ergo,
1745 5579 2215 5647 inquit,mensam;

663 5677 720 5723 et
745 5668 966 5724 obediit.
1015 5668 1139 5724 Fert
1180 5683 1344 5739 panes
1372 5668 1651 5736 Antonius,
1678 5676 1733 5723 et
1775 5667 1999 5736 imponit
2022 5680 2220 5721 mensa:

670 5769 892 5827 quatuor
937 5770 1278 5829 paxamates,
1313 5775 1406 5816 sex
1454 5759 1756 5825 unciantm;
1787 5768 1840 5816 et
1868 5758 1967 5816 sibi
2011 5758 2219 5828 quidem

2327 4666 2555 4736 possedit
2596 4665 2973 4728 obedientiam,
3007 4673 3062 4718 ut
3089 4664 3134 4719 ei
3163 4664 3319 4718 etiam
3347 4664 3465 4715 data
3496 4664 3569 4716 sit
3596 4664 3767 4731 gratia
3806 4665 3881 4715 di-

2327 4757 2546 4820 vinitus,
2580 4770 2772 4824 nempe
2802 4766 2857 4808 ut
2880 4755 3093 4822 ejiceret
3122 4756 3409 4808 daemones.
3441 4754 3735 4823 Postquam
3762 4770 3883 4823 ergo

2324 4848 2455 4900 vidit
2495 4861 2676 4901 senem
2709 4860 2930 4914 magnus
2959 4845 3235 4910 Antonius,
3264 4854 3507 4913 prompte
3534 4860 3659 4898 enm
3682 4861 3803 4899 esse
3822 4848 3880 4898 ad

2327 4939 2503 4992 omnia
2545 4947 2779 4992 secutum
2816 4936 2867 4989 in
2898 4938 3016 4989 vita:
3045 4936 3355 4991 exercenda:
3378 4937 3609 5001 ratione,
3640 4942 3687 4991 ei
3716 4939 3841 4991 dicit
3866 4954 3879 4991 :

2330 5028 2481 5095 Vide,
2510 5027 2692 5093 frater,
2720 5027 2765 5081 si
2795 5028 2871 5081 sic
2910 5028 2959 5080 in
2989 5027 3101 5081 dies
3122 5036 3293 5096 potes,
3320 5042 3475 5082 mane
3500 5043 3729 5082 mecum.
3759 5030 3883 5082 Dicit

2326 5122 2373 5175 ei
2406 5119 2599 5174 Paulus
2630 5137 2644 5172 :
2673 5120 2753 5174 An
2801 5118 2923 5189 quid
2953 5119 3079 5172 mihi
3119 5120 3291 5187 possis
3322 5119 3552 5186 amplius
3582 5120 3880 5177 ostendero.

2327 5210 2531 5263 nescio.
2562 5208 2694 5263 Nam
2718 5224 2777 5262 ea
2807 5224 2923 5278 quae
2950 5208 3053 5263 vidi
3093 5223 3121 5261 a
3155 5216 3205 5263 te
3233 5208 3365 5273 ﬁeri,
3394 5224 3495 5279 ego
3521 5224 3735 5278 quoque
3759 5209 3881 5261 facio

2326 5302 2479 5355 facile
2503 5311 2558 5356 et
2578 5302 2710 5356 citra
2741 5301 2999 5367 laborem,
3025 5300 3135 5355 Deo
3161 5301 3289 5354 tnihi
3310 5315 3465 5367 opem
3494 5300 3716 5354 ferente.
3744 5299 3881 5353 Tunc

2325 5394 2373 5447 ei
2404 5392 2531 5447 dicit
2566 5392 2828 5448 Antonius
2851 5392 2952 5447 alio
2975 5392 3097 5446 die:
3130 5391 3185 5445 In
3216 5391 3427 5446 nomine
3458 5392 3610 5453 Iesu,
3635 5405 3762 5444 ecce
3784 5391 3878 5442 fac-

2330 5492 2413 5536 tus
2441 5498 2500 5537 es
2529 5483 2839 5537 monachus.
2858 5482 2990 5537 Cum
3013 5490 3186 5536 autem
3206 5481 3336 5535 satis
3363 5494 3628 5550 superque
3647 5493 3875 5547 comper-

2329 5584 2437 5628 tum
2472 5574 2689 5629 haberet
2716 5576 2772 5630 in
2800 5574 3042 5629 omnibus
3066 5587 3285 5642 magnus
3309 5583 3363 5626 et
3387 5570 3579 5626 beatus
3607 5570 3872 5625 Antonius.

2328 5683 2446 5723 esse
2473 5668 2753 5723 admodum
2781 5667 3063 5737 perfectam
3088 5670 3314 5720 animam
3343 5663 3544 5718 Christi
3573 5675 3803 5723 servum,
3826 5666 3873 5709 Il

2330 5758 2418 5827 qui
2460 5767 2601 5815 esset
2639 5758 2919 5814 admodum
2968 5757 3222 5825 simplex;
3277 5765 3393 5822 post
3441 5763 3617 5825 cegtos
3660 5763 3869 5807 metm.
