4096 6574
246 306 410 374 1081

1503 285 2283 366 HIST0R1XL’XB'STXCX

3407 301 3543 377 1032

242 420 424 492 αὐτῷ
445 421 474 474 6
506 418 812 485 ’Λντώνιος,
847 418 941 473 καὶ
961 415 1129 486 λέγει·
1178 414 1345 471 Ἐτῶν
1371 414 1634 485 ἐξήκοντα
1688 413 1864 482 γέρων
1892 416 1941 473 Α
1968 409 2187 481 ἔϐρεξεν
2235 412 2333 466 ἕνα
2380 412 2559 485 (ξηροὶ
2609 414 2719 486 γὰρ
2760 412 2945 489 ἦσαν),
2977 419 3169 490 ἐκείνῳ
3223 392 3282 474 δὲ
3339 428 3488 492 τρεῖς
3521 441 3538 458 ι

241 506 566 578 ἄνθρωπος
620 498 721 558 ὦδε
780 502 1013 574 μοναχὸς
1046 499 1294 566 γενέσθαι
1325 498 1386 551 06
1428 497 1653 551 δύνασαι
1679 514 1690 527 ·
1725 494 1859 550 ἀλλά

249 589 479 658 μᾶλλον
531 588 733 642 ἄπελθε
781 587 862 649 είς
912 584 1129 655 κώμην,
1162 584 1256 636 καὶ
1306 584 1561 655 ἐργάζου,
1586 582 1678 634 καὶ
1734 579 1858 649 ζῆθι

245 675 571 744 ἐργατικὸν
605 674 719 742 βίον
745 672 1089 742 εὐχαριστῶν
1115 671 1193 739 τῷ
1222 670 1361 739 Θεῷ.
1404 669 1726 738 ’Υπομεῖναι
1749 667 1858 736 γάρ

245 759 336 811 σὺ
367 758 469 821 τάς
492 758 702 826 θλίψεις
758 758 859 825 τῆς
899 755 1105 824 ἐρήμου
1135 754 1195 806 ού
1223 753 1469 806 δύνασαι.
1544 750 1855 820 Ἀποκρίνε-

242 853 358 893 ται
392 842 557 895 πάλιν
582 842 610 893 6
654 840 854 909 γέρων,
892 840 984 890 καὶ
1015 837 1181 904 λέγει·
1220 838 1285 888 Εἴ
1307 854 1358 889 τι
1395 836 1460 889 ἄν
1493 852 1559 904 με
1614 832 1850 902 διδάξῃς,

245 926 453 979 ἐκεῖνο
477 927 715 995 ποιήσω.
742 925 905 992 Λέγει
936 923 1085 992 αὐτῷ
1117 924 1145 974 6
1197 922 1500 985 Ἀντώνιος·
1529 920 1743 989 Εἵρηκά
1772 936 1853 971 σοι

244 1012 349 1063 ὃτι
373 1012 560 1080 γέρων
595 1006 665 1071 εἷ,
693 1010 786 1063 καὶ
826 1008 888 1060 06
938 1007 1165 1060 δύνασαι
1214 1008 1465 1077 μονάσαι.
1502 1002 1758 1056 Ἂπελθε.
1790 1004 1852 1055 Εἰ

244 1094 379 1164 ἄρα
446 1092 623 1154 θέλεις
668 1091 901 1161 μοναχὸς
958 1087 1131 1151 εἶναι,
1191 1089 1398 1142 εἴσελθε
1459 1091 1538 1151 είς
1590 1086 1851 1140 κοινόϐιον

248 1178 540 1230 πλειόνων
599 1166 864 1244 ἀδελφῶν,
896 1175 1094 1237 οἵτινες
1135 1173 1383 1226 δύνανταί
1417 1189 1510 1226 σου
1550 1175 1648 1241 τῆς
1696 1171 1855 1224 ἀσθε-

257 1260 423 1323 νείας
450 1258 763 1330 ἀνέχεσθαι.
812 1257 954 1325 Ἐγὼ
996 1259 1105 1327 γάρ
1143 1257 1303 1326 μόνος
1354 1256 1601 1325 κάθημαι
1634 1249 1733 1307 ὧδε
1767 1255 1852 1306 διὰ

248 1345 433 1396 πέντε
465 1343 692 1414 ἡμερῶν
728 1340 944 1409 ἐσθίων,
976 1342 1069 1394 καὶ
1103 1340 1258 1394 τοῦτο
1286 1340 1589 1410 λιμώττων.
1628 1340 1848 1401 Τούτοις

248 1431 495 1493 καὶτοῖς
551 1428 816 1491 τοιούτοις
873 1430 1114 1498 ῥήμασιν
1158 1426 1419 1480 ἀπεσόϐει
1472 1427 1564 1477 τὸν
1614 1426 1842 1479 Παῦλον.

248 1516 380 1568 Καὶ
417 1516 493 1580 ὡς
525 1515 625 1567 οὐκ
659 1515 918 1589 ἠνέσχετο
966 1512 1152 1575 αὑτοῦ,
1195 1512 1416 1575 κλείσας
1470 1511 1568 1581 τὴν
1622 1511 1790 1583 θύραν
1820 1510 1847 1562 6

264 1598 569 1660 Ἀντώνιος
607 1597 707 1649 οὐκ
734 1594 955 1665 ἐξῆλθεν
989 1598 1080 1648 ἐπὶ
1130 1598 1345 1667 ἡμέρας
1379 1597 1527 1664 τρεῖς
1563 1592 1631 1646 δι’
1666 1594 1846 1657 αὑτὸν,

247 1681 389 1733 οὐδὲ
426 1682 564 1751 πρὸς
593 1678 690 1749 τὴν
725 1679 860 1732 ἰδίαν
883 1680 1092 1748 χρείαν.
1134 1681 1194 1731 '0
1225 1678 1281 1730 δὲ
1312 1679 1490 1749 γέρων
1536 1677 1849 1746 παρέμενεν

1970 493 2153 565 βάλλει
2185 495 2400 566 ψαλμὸν
2451 498 2479 549 6
2522 500 2802 564 Ἀντώνιος
2843 502 2901 555 δν
2946 502 3082 572 ᾔδει,
3117 505 3212 558 καὶ
3242 507 3544 562 δωδέκατον

1969 574 2131 633 αὑτὸν
2162 579 2358 649 ψάλας,
2385 581 2687 636 δωδέκατον
2732 584 2956 652 ηὔξατο,
2990 587 3074 639 ἵνα
3122 590 3217 641 καὶ
3261 590 3320 641 ἐν
3365 592 3541 661 τούτῳ

1965 662 2235 735 δοκιμάσῃ
2291 664 2381 717 τὸν
2422 666 2649 724 Παῦλον.
2703 668 2763 721 ’0
2815 669 2871 722 δέ
2911 672 3095 740 γέρων
3132 672 3538 744 προθυμότερον

1970 748 2270 817 συνηύξατο
2307 748 2384 818 τῷ
2412 750 2650 821 μεγάλῳ.
2682 752 2894 823 ᾘρεῖτο
2918 755 3047 825 γάρ,
3070 755 3145 817 ὡς
3172 752 3345 823 οἶμαι,
3376 774 3540 827 σκορ-

1966 834 2121 896 πίους
2169 833 2366 902 μᾶλλον
2446 837 2740 905 ποιμᾶναι,
2794 836 2826 905 ἢ
2886 838 3151 908 μοιχαλίδι
3211 838 3535 908 συξῆσαι....

1964 915 2119 968 Μετά
2155 917 2211 968 δὲ
2244 919 2338 981 τὰς
2385 919 2591 973 δώδεκα
2639 921 2965 991 προσευχάς,
2999 918 3117 975 εἷπε
3156 923 3292 993 πρὸς
3336 925 3498 979 αὐτόν
3521 941 3535 956 ⁸

1964 998 2152 1078 Δεῦρο,
2205 1003 2474 1069 μετάλαϐε
2534 1005 2633 1072 τῆς
2686 1006 2914 1073 τροφῆς.
2988 1005 3076 1069 Ὠς
3141 1006 3196 1058 δὲ
3256 1008 3537 1078 παρέθηκε

1962 1077 2263 1146 τράπεζαν,
2292 1084 2386 1133 καὶ
2417 1082 2483 1134 τὰ
2512 1082 2674 1145 σιτία,
2706 1084 2963 1149 Κάθισον,
3007 1086 3162 1154 φησὶ,
3198 1087 3291 1139 καὶ
3319 1086 3393 1156 μὴ
3430 1087 3537 1156 φά-

1960 1177 2062 1233 γῃς
2089 1164 2191 1226 ἕως
2229 1166 2489 1234 ἑσπέρας,
2548 1167 2682 1220 άλλά
2720 1169 2955 1238 πρόσεχε
3026 1170 3185 1239 μόνον
3235 1174 3347 1234 τοῖς
3401 1174 3536 1226 ἐδω-

1959 1244 2154 1329 δίμοις.
2194 1247 2465 1320 Ἐσπέρας
2516 1250 2571 1302 δέ
2601 1253 2918 1321 γενομένης,
2958 1254 3049 1304 καὶ
3083 1253 3175 1306 τοῦ
3208 1254 3419 1310 Παύλου
3457 1258 3532 1329 μὴ

1960 1325 2319 1397 βεϐρωκὸτος,
2348 1332 2494 1399 λέγει
2526 1334 2662 1403 πρὸς
2688 1334 2847 1385 αὐτὸν
2871 1338 2897 1386 6
2924 1335 3228 1400 Ἀντώνιος·
3268 1325 3530 1403 Ἀναστὰς

1958 1410 2127 1477 εὖξαι,
2163 1415 2256 1466 καὶ
2282 1415 2528 1469 κάθευδε.
2574 1416 2631 1468 '0
2665 1416 2721 1468 δέ
2758 1417 3070 1470 καταλιπὼν
3098 1417 3196 1488 τὴν
3226 1420 3527 1487 τράπεζαν,

1957 1496 2211 1563 ἐποίησεν
2240 1496 2522 1563 ὡσαύτως.
2552 1498 2910 1568 Μεσαζούσης
2939 1500 2996 1551 δὲ
3024 1500 3122 1568 τῆς
3155 1501 3346 1561 νυκτὸς
3381 1503 3530 1570 ἐγεί-

1959 1595 2040 1649 ρει
2071 1581 2232 1634 αὑτδν
2273 1584 2351 1644 είς
2382 1583 2689 1653 προσευχὴν
2714 1585 2872 1653 ἄχρις
2913 1582 3138 1653 ἐννάτης
3162 1583 3309 1653 ὥρας
3331 1585 3529 1654 ἡμερι-

1957 1668 2053 1735 νῆς
2085 1668 2419 1737 παρατείνας
2471 1669 2571 1730 τὰς
2627 1668 2809 1737 εύχάς.
2837 1669 3112 1738 Παραθεῖς
3151 1668 3207 1720 δὲ
3249 1669 3528 1739 τράπεζαν

248 1765 363 1815 οὐκ
398 1750 717 1833 ἀναχωρῶν.
762 1763 839 1831 Τῇ
874 1758 965 1815 οῦν
1011 1762 1249 1834 τετάρτῃ
1290 1763 1476 1831 ἡμέρᾳ
1517 1760 1702 1831 χρείας
1748 1760 1846 1810 αὑ.
1882 1761 1921 1814 Β
1955 1751 2111 1804 πάλιν
2141 1750 2391 1804 ἐκέλευσε
2428 1751 2768 1818 μεταλαϐεῖν,
2802 1751 3281 1834 καὶέκαθέσθησαν
3309 1752 3404 1806 τοῦ
3426 1770 3529 1821 φα-

247 1846 356 1900 τὸν
429 1844 848 1916 ἀναγκαζούσης
900 1846 1149 1909 ἀνοίξας
1242 1844 1485 1915 ἐξῆλθεν.
1545 1844 1655 1897 Καὶ
1724 1843 1848 1896 ίδὼν

251 1932 429 1983 αὖτὸν
481 1931 644 1985 πάλιν
699 1929 850 1997 λέγει
899 1930 977 2000 τῷ
1035 1930 1232 1999 Παύλῳ
1264 1946 1278 1960 ο
1340 1927 1577 1982 ’Λπελθε
1646 1927 1796 1981 ἐνθεν
1832 1968 1847 1992 ,

252 2015 452 2084 γέρον,
490 2014 543 2066 τί
605 2030 671 2079 με
735 2013 1100 2082 ὑποπιάζεις;
1133 2015 1193 2068 06
1226 2013 1452 2067 δύνασαι
1507 2007 1609 2064 ὦδε
1646 2014 1844 2082 μεῖναι.

250 2099 430 2167 Λέγει
494 2103 645 2173 αὐτῷ
714 2107 742 2159 6
836 2102 1065 2164 Παῦλος.
1140 2098 1446 2168 ’Λμήχανόν
1505 2098 1619 2150 ἐστι
1689 2095 1849 2148 ἀλλα-

254 2183 367 2253 χοῦ
438 2203 508 2256 με
580 2188 869 2242 ἀποθανεῖν
931 2186 964 2257 ἢ
1015 2179 1138 2239 ὦδε.
1196 2181 1674 2252 Περιϐλεψάμενος
1755 2178 1848 2233 οὖν

251 2269 289 2321 ὁ
360 2269 650 2335 ’Δντώνιος
677 2315 690 2338 ,
743 2273 838 2326 καὶ
897 2270 1021 2324 ἰδὼν
1086 2270 1166 2321 ὅτι
1211 2268 1279 2321 τά
1340 2268 1478 2337 πρὸς
1534 2266 1738 2337 τροφὴν
1784 2265 1845 2318 06

254 2352 556 2425 βαστάζει,
590 2352 689 2409 οὐκ
736 2358 922 2427 ἄρτον,
954 2355 1054 2424 οὐχ
1085 2351 1248 2422 ὕδωρ,
1274 2350 1371 2420 οὐχ
1413 2349 1598 2420 ἓτερόν
1643 2365 1717 2410 τι,
1752 2348 1849 2400 καὶ

257 2441 543 2509 τετάρτην
569 2439 683 2509 ἔχει
736 2440 1083 2512 καρτερήσας
1112 2438 1320 2507 νῆστις,
1348 2434 1632 2501 ἐλογίσατο
1668 2434 1698 2486 6
1750 2432 1846 2503 μέ-

253 2539 370 2591 γας
434 2522 737 2585 ’Λντώνιος,
771 2524 853 2576 ὅτι
890 2523 981 2592 Μή
1033 2536 1163 2574 ποτε
1195 2520 1289 2571 καὶ
1335 2518 1582 2589 ἀποθάνῃ
1620 2516 1848 2587 ἄπειρος

253 2606 339 2661 ὢν
385 2607 481 2661 τοῦ
535 2608 839 2679 νηστεύειν,
875 2606 970 2659 καὶ⁹
1020 2604 1452 2676 κηλιδιτισῃκμου
1499 2603 1596 2672 τὴν
1642 2601 1844 2671 ψυχήν.

257 2691 581 2761 Είσδέχεται
612 2689 706 2743 οὖν
736 2689 899 2743 αὐτὸν
934 2690 1076 2743 τότε.
1112 2688 1258 2757 Ἔφη
1292 2687 1426 2755 πρὸς
1451 2687 1614 2740 αὐτὸν
1652 2685 1848 2738 Ἀντώ-

252 2787 396 2837 νιος·
426 2773 570 2845 Δύνῃ
600 2773 861 2842 σωθῆναι,
892 2772 986 2825 ἐάν
1016 2771 1146 2843 ἔχῃς
1183 2769 1451 2840 ὑπακοὴν,
1479 2770 1571 2822 καὶ
1601 2769 1737 2837 ὅπερ
1780 2766 1847 2820 ἂν

256 2857 394 2927 παρ’
447 2855 585 2925 ἐμοῦ
628 2855 890 2926 ἀκούσῃς,
919 2852 1079 2906 τοῦτο
1127 2853 1398 2925 ποιήσῃς;
1431 2850 1487 2904 '0
1534 2851 1591 2905 δέ
1635 2849 1846 2912 Παῦλος

254 2937 610 3009 ἀποκριθεὶς,
643 2933 785 2990 εἶπε·
823 2938 1009 2989 Πάντα
1057 2936 1270 3006 ποιήσω
1321 2937 1528 3003 ὅσαπερ
1564 2934 1630 2986 ἂν
1673 2950 1843 3004 προσ-

252 3021 452 3094 τάξῃς.
505 3022 615 3073 Kal
664 3020 919 3091 τοιαύτην
954 3018 1218 3073 ἀνέλαϐεν
1260 3020 1288 3071 6
1349 3015 1633 3078 Ἀντώνιος
1684 3015 1841 3068 πολι-

1957 1840 2073 1904 γεῖν
2102 1837 2339 1903 ἑσπέρας
2362 1834 2528 1904 οῠσης
2550 1835 2791 1905 βαθείας.
2817 1836 3009 1902 Φαγὼν
3031 1832 3123 1889 οὖν
3139 1838 3166 1888 6
3194 1836 3366 1905 μέγας
3405 1836 3528 1890 Ἀν-

1951 1921 2141 1983 τώνιος
2170 1920 2261 1973 τὸν
2302 1921 2559 1989 παξαμᾶν
2594 1920 2679 1972 τὸν
2708 1919 2823 1985 ἐνα,
2847 1919 3007 1973 ἄλλου
3031 1920 3128 1990 ούχ
3156 1920 3352 1991 ἥψατο.
3389 1919 3446 1972 ’0
3469 1919 3530 1973 δδ

1951 2006 2128 2075 γέρων
2154 2003 2526 2073 σχολαιότερον
2560 2005 2775 2069 ἐσθίων,
2807 2005 2885 2057 ἐτι
2906 1998 3049 2073 εἶχεν
3065 2004 3158 2057 τοῦ
3183 2002 3528 2071 παξαμαδίου

1949 2085 2009 2144 06
2032 2085 2230 2159 ἤρξατο
2251 2105 2263 2119 ·
2286 2087 2561 2151 ἐξεδέξατο
2584 2084 2676 2140 οὖν
2698 2088 2727 2138 6
2761 2088 3067 2151 ’Δντώνιος,
3087 2086 3191 2150 ἓως
3210 2082 3272 2140 οῦ
3290 2087 3484 2158 τελέσῃ
3508 2100 3526 2118 ο

1950 2175 2044 2226 καὶ
2066 2173 2212 2240 λέγει
2240 2170 2388 2240 αὐτῷ
2408 2188 2421 2200 ·
2461 2169 2627 2237 Φάγε,
2654 2170 2897 2236 παππία,
2928 2172 3023 2223 καὶ
3060 2169 3217 2223 ἄλλον
3244 2171 3524 2241 παξαμᾶν.

1950 2258 2111 2325 Λέγει
2156 2254 2304 2324 αὐτῷ
2335 2255 2363 2306 6
2390 2254 2622 2317 Παῦλος·
2667 2254 2793 2307 Ἐάν
2830 2255 2895 2308 σὺ
2955 2254 3163 2326 ἐσθίῃς,
3195 2254 3351 2323 κάγώ
3381 2272 3394 2285 ·
3432 2253 3528 2309 σοῦ

1947 2344 2004 2397 δὲ
2057 2342 2130 2411 μὴ
2184 2339 2478 2405 ἐσθίοντος,
2507 2340 2605 2392 οὐκ
2638 2339 2823 2394 ἐσθίω,
2855 2340 3018 2409 Λέγει
3049 2340 3198 2410 αὐτῷ
3229 2341 3258 2393 6
3323 2339 3527 2393 ’Λντώ-

1949 2444 2079 2492 νιος·
2138 2428 2295 2496 Ἐμοὶ
2333 2428 2581 2496 ἐπαρκεῖ·
2612 2427 2843 2497 μοναχὸς
2885 2427 2995 2496 γάρ
3034 2428 3170 2496 ειμι.
3216 2426 3529 2496 Ἀποκρίνε-

1946 2530 2038 2567 ται
2079 2511 2155 2581 τῷ
2202 2510 2421 2579 μεγάλῳ
2452 2512 2480 2562 6
2523 2509 2757 2573 Παῦλος.
2795 2511 2981 2579 ’Δρκεῖ
3026 2508 3124 2562 καὶ
3179 2510 3324 2580 ἐμοί.
3355 2507 3526 2577 Κάγὼ

1946 2599 2054 2670 γὰρ
2087 2596 2227 2650 θέλω
2272 2595 2504 2667 μοναχὸς
2536 2593 2813 2662 γενέσθαι.
2858 2594 3194 2664 Ἐγείρονται
3224 2593 3409 2657 πάλιν,
3432 2592 3527 2647 καὶ

1948 2684 2092 2734 ποιεῖ
2133 2680 2341 2733 δώδεκα
2395 2681 2724 2750 προσευχάς,
2759 2679 2851 2732 καλ⁵
2910 2675 3118 2731 δώδεκα
3151 2676 3345 2746 ψάλλει
3390 2675 3526 2744 ψαλ-

1951 2766 2103 2837 μούς.
2139 2766 2251 2818 Kal
2296 2764 2433 2836 μετὰ
2464 2764 2564 2826 τὰς
2614 2762 2921 2833 προσευχὰς
2958 2760 3278 2814 καθεύδουσι
3328 2761 3527 2829 μικρὸν

1946 2850 2039 2904 τοῦ
2079 2848 2296 2919 πρώτου
2328 2848 2517 2901 ὑπνίου
2553 2862 2567 2876 ⁸
2608 2848 2701 2900 καὶ
2757 2846 2919 2899 πάλιν
2951 2843 3254 2915 ἐγείρονται
3302 2841 3525 2912 ψάλλειν

1953 2934 2059 2988 ἀπὸ
2094 2931 2444 3002 μεσονυκτίου
2476 2930 2579 2994 ’ἐως
2609 2930 2839 3000 ἡμέρας.

2016 3012 2148 3070 Εἶτα
2170 3016 2416 3084 ἔπεμπεν
2459 3013 2619 3067 αὑτὸν
2646 3016 2723 3075 είς
2751 3012 2849 3083 τὴν
2874 3010 3077 3081 ἔρημον
3105 3011 3410 3082 περιάγειν,
3435 3010 3527 3066 λέ-

252 3090 413 3160 τείαν
446 3090 883 3176 σκληραγωγίας
906 3105 965 3157 ἐν
1013 3104 1135 3166 ταῖς
1172 3100 1408 3173 ἡμέραις
1438 3102 1695 3163 ἐκείναις,
1724 3099 1842 3152 οἵαν
1868 3106 1914 3170 α
1946 3119 2057 3172 γων
2080 3101 2247 3170 αὐτῷ·
2277 3098 2433 3153 Μετὰ
2459 3099 2606 3169 τρεῖς
2636 3097 2847 3167 ἡμέρας
2895 3090 2997 3168 ἧκε
3037 3097 3288 3150 ἐνταῦθα.
3318 3095 3523 3151 Τούτου

250 3190 381 3243 οὔτε
395 3190 456 3241 ἐν
475 3190 672 3259 ἀρχαῖς
700 3190 800 3258 τῆς
830 3187 1103 3257 νεότητος.
1134 3182 1455 3254 Δοκιμάξων
1474 3183 1529 3236 δέ
1553 3182 1715 3235 αὐτοῦ
1743 3183 1841 3255 τὴν

253 3271 489 3342 γνώμην
523 3276 551 3325 6
602 3271 908 3335 ’Λντώνιος,
945 3270 1049 3342 ἐφη
1111 3269 1249 3339 πρὸς
1280 3269 1443 3323 αὐτόν
1481 3286 1496 3302 ο
1533 3268 1695 3338 Στῆθι
1748 3270 1843 3322 καὶ

253 3356 563 3427 πρόσευξαι
588 3358 646 3409 ἐν
686 3354 766 3425 τῷ
806 3355 957 3426 τόπῳ
1001 3352 1196 3421 τούτῳ,
1229 3353 1335 3416 ἓως
1382 3351 1613 3419 ἐξελθὼν
1666 3352 1843 3419 ἐξενέ-

256 3456 381 3508 γκω
439 3456 523 3492 σοι
564 3438 746 3509 ἔργον,
791 3438 931 3508 ὅπερ
982 3436 1215 3508 ἐργάσῃ.
1282 3435 1393 3490 Kal
1434 3434 1691 3489 εἰσελθὼν
1761 3437 1842 3499 είς

254 3527 316 3579 τὸ
360 3524 632 3593 σπήλαιον
674 3525 963 3595 προσεῖχεν
1018 3520 1168 3591 αὐτῷ
1213 3519 1301 3574 διὰ
1354 3520 1567 3593 θυρίδος
1602 3523 1843 3592 ἀκινήτῳ

258 3608 480 3678 μένοντι
511 3609 569 3659 ἐν
595 3606 674 3673 τῷ
690 3606 843 3677 τόπῳ
870 3606 999 3675 ὃλην
1019 3605 1117 3676 τὴν
1150 3604 1420 3673 ἑϐδομάδα
1442 3605 1546 3657 67:6
1563 3605 1844 3674 καύματος

256 3692 613 3761 φρυγομένῳυ
687 3690 797 3743 Καὶ
856 3688 1052 3759 βρέξας
1109 3688 1340 3750 θαλλοὺς
1392 3690 1456 3740 ἐκ
1530 3688 1789 3757 φοινίκων
1823 3730 1838 3754 ,

256 3774 411 3842 λέγει
442 3773 610 3842 αὐτῷ’
643 3772 825 3839 Δέξαι,
855 3773 1047 3838 πλέξον
1099 3772 1308 3842 σειρὰν,
1340 3771 1412 3834 ὼς
1456 3772 1675 3841 βλέπεις
1717 3774 1838 3843 ἐμέ.

255 3859 459 3914 Πλέκει
513 3860 541 3910 6
572 3859 751 3927 γέρων
809 3857 970 3927 μέχρι
1007 3856 1234 3928 ἐννάτης
1271 3857 1498 3927 ὀργυιᾶς
1546 3856 1843 3911 δεκαπέντε

252 3942 451 4013 μόχθῳ
497 3942 695 4009 πολλῷ.
736 3940 1087 4010 Θεασάμενος
1121 3940 1180 3992 δέ
1204 3942 1232 3992 6
1261 3940 1433 4009 μέγας
1467 3939 1749 4005 Ἀντώνιος
1781 3944 1843 3995 :6

258 4027 487 4095 πλέγμα
558 4024 976 4094 δυσηρεστήθη·
1043 4024 1138 4075 καὶ
1202 4022 1640 4092 ἐπιφερόμενος,
1695 4024 1843 4092 λέγει

258 4111 433 4180 αὐτῷ·
463 4107 537 4162 06
596 4106 777 4169 καλῶς
816 4106 1070 4171 ἐπλεξας,
1101 4105 1430 4169 ἀπόπλεξον,
1486 4107 1581 4160 καὶ
1635 4108 1843 4161 ἄνωθεν

259 4194 479 4259 πλέξον.
510 4192 684 4263 Νήστι
719 4191 867 4262 αὑτῷ
900 4191 1012 4243 δντι
1042 4191 1309 4260 τετάρτην
1358 4190 1572 4260 ἡμέραν
1626 4190 1840 4263 ἄγοντι,

259 4280 357 4332 καὶ
377 4276 665 4348 ἡλικιώτῃ,
688 4274 945 4328 τοσοῦτον
965 4273 1114 4343 αύτῷ
1128 4274 1403 4343 ἐπήνεγκε
1419 4275 1511 4327 τὸν
1535 4275 1722 4343 κόπον,
1754 4278 1841 4332 ἵνα

256 4363 602 4432 δυσφορήσας
626 4362 654 4412 6
672 4360 849 4429 γέρων
871 4358 1018 4430 φύγῃ
1040 4360 1132 4411 τὸν
1167 4357 1469 4426 Ἀντώνιον,
1500 4363 1595 4415 καὶ
1618 4363 1708 4416 τὸν
1725 4363 1839 4434 βίον

1946 3190 2001 3243 δὲ
2026 3187 2318 3257 γενομένου
2344 3185 2437 3237 καὶ
2465 3182 2708 3250 ἀδελφῶν
2732 3199 2893 3235 τινων
2927 3182 3060 3253 πρὸς
3090 3181 3253 3234 αὑτὸν
3270 3178 3525 3249 ἐληλυθό-

1944 3292 2051 3327 των
2096 3273 2381 3340 προσεῖχεν
2412 3269 2441 3320 6
2477 3266 2687 3330 Παῦλος
2732 3265 2810 3336 τῷ
2862 3264 3154 3334 Ἀντωνίῳ,
3206 3264 3258 3317 τί
3308 3264 3522 3317 κελεύοι

1944 3356 2108 3411 αὐτὸν
2146 3352 2502 3424 ἐργάσασθαι.
2530 3348 2663 3404 Εἶπε
2689 3352 2743 3405 δὲ
2776 3351 2911 3421 πρὸς
2945 3350 3106 3404 αὑτὸν
3132 3352 3161 3403 6
3212 3348 3519 3413 Ἀντώνιος,

1948 3440 2168 3495 σιωπῶν
2194 3438 2415 3508 διακόνη
2427 3454 2514 3489 σον
2531 3439 2641 3498 τοῖς
2664 3435 2934 3505 ἀδελφοῖς,
2960 3434 3053 3487 καὶ
3084 3433 3311 3505 μηδενὸς
3338 3432 3514 3506 γεύσῃ

1944 3528 2102 3597 ἄχρις
2137 3523 2201 3577 ἂν
2224 3525 2273 3576 οί
2296 3521 2513 3589 ἀδελφοὶ
2551 3520 2874 3573 ὁδεύσωσιν.
2919 3519 3007 3578 Ὠς
3038 3519 3095 3571 δέ
3128 3518 3316 3571 λοιπδν
3354 3517 3512 3588 τρίτη

1945 3608 2181 3678 ἑϐδομὰς
2237 3606 2528 3676 ἐπληρώθη
2560 3604 2657 3675 ὶμὴ
2689 3603 3028 3674 βεϐρωκότος
3066 3603 3158 3655 τοῦ
3194 3603 3428 3666 Παύλου,
3464 3603 3515 3654 οἱ

1944 3692 2163 3760 ἀδελφοὶ
2190 3690 2419 3762 ἠρώτων
2442 3688 2623 3752 αὑτὸν,
2653 3687 2807 3749 Τίνος
2834 3686 3020 3738 ἐνεκεν
3053 3686 3261 3756 σιωπᾷς
3288 3701 3301 3751 ;
3327 3684 3433 3737 Τοῦ
3455 3685 3513 3737 δὲ

1948 3776 2022 3846 μὴ
2064 3773 2493 3843 ἀποκρινομένου
2537 3771 2683 3839 λέγει
2742 3770 2874 3839 πρὸς
2926 3769 3089 3822 αὐτὸν
3138 3769 3168 3820 6
3216 3767 3516 3830 Ἀντώνιοςο

1944 3861 2010 3913 Τί
2036 3861 2279 3930 σιωπᾷςς
2309 3857 2566 3928 όμίλησον
2601 3860 2710 3919 τοῖς
2738 3856 3006 3925 ἀδελφοῖς.
3052 3855 3113 3908 '0
3137 3854 3192 3906 δὲ
3221 3854 3518 3924 ὡμίλησεν.

1949 3945 2169 3996 Ἀλλοτε
2218 3942 2273 3994 δέ
2308 3943 2545 4011 στάμνου
2576 3941 2791 4010 μέλιτος
2814 3940 2962 4010 αὐτῷ
2995 3938 3324 4009 ἐνεχθέντος,
3360 3934 3516 3991 εἶπεν

1956 4026 2237 4089 Ἀντώνιος
2270 4028 2403 4095 πρὸς
2456 4025 2635 4077 αὐτόν·
2667 4025 2879 4078 Κλᾶσον
2911 4023 2971 4075 τὸ
3015 4026 3256 4091 ἀγγεῖον.
3291 4022 3385 4074 καὶ
3425 4023 3523 4074 ἐκέ

1944 4113 2162 4184 χυθήτω
2200 4111 2258 4163 τὸ
2292 4110 2434 4180 μέλι,
2470 4108 2722 4177 Ἐποίησε
2755 4108 2809 4160 δὲ
2847 4106 3019 4160 οὕτω·
3051 4110 3144 4162 καὶ
3178 4107 3517 4179 λέγειαύτῷο

1945 4196 2177 4259 Σύναξον
2209 4194 2368 4247 πάλιν
2392 4192 2453 4243 :6
2479 4191 2619 4261 μέλι.
2661 4188 2914 4260 Ἐποίησε
2936 4192 2993 4245 δέ
3020 4190 3162 4245 οῦτω
3186 4208 3202 4223 ο
3235 4195 3331 4246 καὶ
3370 4193 3518 4261 λέγει

1944 4280 2113 4350 αὐτῷ’
2133 4278 2362 4341 Σύναξον
2392 4274 2554 4329 πάλιν
2579 4274 2639 4327 :6
2661 4275 2782 4346 μέλι
2815 4276 3029 4347 μυακίῳ
3071 4276 3297 4342 ἀνωθεν,
3330 4277 3414 4330 ⁸ἱνα
3442 4278 3520 4349 μὴ

1948 4364 2221 4435 ῥυπαρίαν
2263 4361 2383 4414 τινά
2435 4359 2774 4430 εἰσενέγκῃς.
2805 4362 2917 4413 Kal
2946 4361 3109 4415 πάλιν
3132 4362 3341 4415 ἀντλεῖν
3372 4363 3520 4431 ὕδωρ

257 4446 373 4498 τῶν
403 4443 677 4515 μοναχῶν.
712 4442 768 4495 ’0
781 4442 946 4508 δὲκαὶ
972 4439 1298 4506 ἀπέπλεξεν,
1317 4444 1410 4495 καὶ
1431 4443 1593 4497 πάλιν
1614 4444 1838 4513 ἐπλεξεν
1870 4455 1917 4513 ι)
1944 4446 2244 4519 προσέταξε
2300 4446 2479 4497 πᾶσαν
2524 4443 2758 4514 ἡμέραν.
2816 4445 2925 4497 Kal
2984 4444 3303 4515 παραλύσας
3354 4444 3519 4501 αὐτοῦ

258 4530 393 4592 τοὺς
433 4527 632 4589 αὐτοὺς
684 4525 915 4588 θαλλοὺς
970 4525 1111 4579 πάνυ
1150 4525 1609 4596 δυσχερεστέρους
1653 4529 1741 4583 διὰ
1780 4534 1842 4585 τὸ

258 4612 406 4670 εἶναι
436 4612 636 4673 αὐτοὺς
670 4612 736 4662 ἐκ
760 4610 858 4679 τῆς
889 4609 1113 4681 πρώτης
1145 4610 1352 4680 πλοκῆς
1385 4612 1841 4685 ἐρυσιδωμένους.

256 4696 610 4765 Θεασάμενος
654 4691 749 4746 οῦν
807 4694 835 4747 ὁ
895 4692 1066 4762 μέγας
1139 4693 1463 4762 Ἀντώνιος,
1515 4695 1597 4749 ὅτι
1639 4697 1761 4751 οὔτε
1816 4702 1844 4752 6

257 4781 445 4851 γέρων
493 4776 781 4846 ἐγόγγυσε,
841 4772 966 4827 οὔτε
1028 4776 1504 4848 ἐμικροψύχησεν,
1557 4779 1679 4836 οὔτε
1740 4785 1844 4837 κᾶν

262 4864 409 4935 πρὸς
446 4861 618 4932 βραχὺ
667 4858 1071 4929 ἠγανάκτησεν,
1121 4861 1231 4914 066‘
1273 4862 1410 4926 ὅλως
1448 4865 1509 4917 τὸ
1554 4867 1842 4936 πρόσωπον

259 4946 433 5002 αὐτοῦ
464 4943 794 5015 διέστρεφεν,
821 4944 1093 5015 κατενύγη
1130 4946 1215 4999 ἐπ’
1247 4946 1415 5018 αὐτῷ.
1450 4950 1561 5002 Kal
1597 4950 1844 5019 δύνοντος

261 5031 362 5086 τοῦ
395 5030 567 5101 ἡλίου,
600 5030 749 5098 λέγει
792 5029 939 5099 αὐτῷ
964 5033 991 5083 6
1046 5030 1347 5097 ’Λντώνιοςο
1376 5036 1626 5102 Παππία,
1669 5038 1845 5104 θέλεις

266 5117 535 5185 φάγωμεν
585 5114 752 5183 άρτου
803 5114 1055 5183 κλάσμα;
1102 5115 1263 5184 Λέγει
1320 5118 1466 5188 αύτῴ
1499 5122 1526 5170 ὁ
1590 5121 1840 5186 Παῦλος·

277 5200 369 5263 Ὠς
418 5199 567 5252 δοκεῖ
614 5216 713 5258 σοι.
762 5199 925 5254 ἀϐϐἄ.
953 5201 1062 5255 Kal
1112 5201 1269 5265 τοῦτο
1316 5204 1477 5255 πάλιν
1526 5206 1617 5258 ἐπὶ
1664 5208 1846 5263 πλεῖον

270 5282 485 5353 ἔκαμψε
530 5282 621 5337 τὸν
676 5282 983 5350 Ἀντώνιον,
1017 5286 1077 5338 :6
1113 5285 1187 5357 μὴ
1219 5288 1588 5360 προσδραμεῖν
1642 5292 1845 5363 προθύ-

274 5383 393 5436 μως
430 5369 495 5436 τῇ
523 5366 623 5434 τῆς
659 5369 868 5438 τροφῆς
902 5369 1153 5439 ἀγγελίᾳ,
1183 5369 1300 5423 ἀλλ’
1351 5372 1499 5444 αὐτῷ
1556 5377 1847 5447 ἐπιτρέψαι

271 5452 370 5519 τὴν
392 5451 658 5515 ἐξουσίαν.
686 5453 789 5517 Θές
811 5453 926 5521 οῦν,
953 5456 1115 5525 φησὶν
1138 5457 1165 5508 6
1198 5455 1480 5523 Ἀντώνιος
1507 5461 1583 5531 τῷ
1604 5464 1845 5535 γέροντι,

275 5536 370 5604 τὴν
398 5535 700 5602 τράπεζανο
732 5540 827 5591 καὶ
860 5538 1194 5610 ὑπήκουσεν.
1235 5539 1395 5612 Φέρει
1424 5543 1621 5613 ἄρτους
1656 5550 1685 5599 6
1725 5550 1848 5602 ’Λν-

266 5616 483 5683 τώνιος,
512 5620 605 5671 καὶ
641 5620 917 5691 ἐπιτίθησι
958 5624 1023 5692 τῇ
1065 5623 1310 5694 τραπέζῃ
1344 5625 1672 5696 παξαμάτας
1721 5634 1847 5685 τέσ-

276 5716 450 5771 σαρας
480 5703 700 5775 ἔχοντας
721 5706 796 5770 ὡς
830 5707 938 5761 ἀπὸ
964 5706 1022 5772 ἐξ
1055 5708 1311 5778 ούγκιῶν.
1350 5713 1458 5768 Kal
1510 5715 1687 5788 ἐαυτῷ
1751 5720 1846 5789 μὲν

1944 4532 2004 4583 :6
2031 4531 2247 4599 ἱμάτιον
2292 4528 2544 4581 ἐκέλευσε
2578 4530 2827 4599 ῥάπτειν,
2862 4530 2955 4583 καὶ
2999 4530 3160 4583 πάλιν
3187 4532 3395 4595 ἐκεῖνος
3426 4532 3521 4604 ἐῤ-

1947 4616 2140 4685 ραπτε.
2196 4613 2306 4665 Kal
2352 4613 2617 4681 τοσαύτην
2674 4617 2701 4666 6
2742 4614 2881 4691 ἀνήρ
2925 4616 3194 4684 ἐκτήσατο
3249 4616 3518 4686 ὑπακοὴν,

1943 4700 2083 4753 ὥστε
2118 4699 2213 4752 καὶ
2245 4700 2406 4770 χάριν
2431 4698 2582 4769 αύτῷ
2608 4698 2852 4753 δεδόσθαι
2891 4698 3096 4752 θειόθεν
3116 4700 3214 4770 τὴν
3235 4700 3374 4753 κατὰ
3408 4701 3520 4754 τῶν

1943 4787 2212 4857 δαιμόνων
2254 4784 2493 4838 ἐλασίαν.
2543 4785 2630 4847 Ὠς
2657 4779 2748 4837 οὖν
2797 4783 2870 4835 ῖδε
2899 4785 2989 4837 τὸν
3028 4784 3259 4849 γέροντα
3291 4785 3319 4834 6
3346 4784 3521 4853 μέγας

1958 4870 2242 4934 Ἀντώνιος
2279 4871 2357 4932 εἰς
2400 4870 2580 4921 πάντα
2626 4868 2921 4939 προθύμως
2966 4867 3115 4937 αὐτῷ
3144 4866 3519 4937 ἐπακολουθή-

1948 4972 2117 5010 σαντα
2153 4956 2233 5016 εἰς
2282 4954 2380 5023 τὴν
2428 4953 2528 5021 τῆς
2563 4954 2846 5023 ἀσκήσεως
2882 4946 3155 5005 πολιτείαν
3188 4968 3202 4983 ο
3241 4951 3402 5005 πάλιν
3431 4951 3520 5006 λέ-

1945 5059 2031 5111 γει
2096 5039 2263 5110 αύτῷο
2300 5038 2669 5105 Ἱδε,άδελφέ,
2715 5038 2809 5090 ἐὰν
2858 5038 3081 5091 δύνασαι
3139 5030 3260 5090 καθ’
3306 5039 3522 5109 ἡμέραν

1947 5126 2140 5188 οῦτως,
2180 5127 2363 5191 μεῖνον
2418 5122 2534 5195 μετ’
2583 5122 2741 5193 ἐμοῦ.
2774 5124 2937 5190 Λέγει
2986 5120 3134 5191 αὐτῷ
3183 5124 3212 5175 6
3261 5123 3469 5188 Παῦλος
3498 5142 3515 5159 ο

1960 5213 2085 5265 Ἐάν
2144 5211 2241 5281 μέν
2276 5210 2438 5263 πλέον
2467 5209 2520 5264 τί
2564 5228 2693 5264 ποτε
2723 5211 2851 5282 ἔχῃς
2884 5227 2972 5281 μοι
3007 5210 3198 5275 δεῖξαι,
3230 5213 3331 5265 οὐκ
3377 5209 3516 5278 οἶδα,

1948 5298 2071 5352 ἐπεὶ
2099 5298 2270 5351 ταῦτα
2289 5295 2326 5352 δι
2355 5291 2492 5348 εἶδον
2525 5295 2781 5349 ποιοῦντά
2814 5311 2894 5357 σε,
2921 5294 3060 5348 ποιῶ
3079 5296 3235 5364 κάγὼ
3257 5297 3519 5368 εὐχερῶς.

1948 5384 2081 5438 Τότε
2107 5381 2252 5449 λέγει
2283 5380 2430 5449 αὑτῴ
2458 5380 2486 5433 ὀ
2524 5378 2806 5442 Ἀντώνιος
2834 5379 2932 5449 τὴν
2957 5380 3122 5451 ἄλλην
3152 5382 3384 5453 ἡμέραν·
3431 5382 3521 5436 Ἐν

1946 5469 2173 5538 ὀνόματι
2204 5464 2298 5518 τοῦ
2333 5466 2560 5535 Κυρίου,
2597 5466 2703 5522 ἰδοὺ
2748 5466 2978 5537 γέγονας
3020 5468 3270 5539 μοναχός.
3308 5470 3522 5541 Πληρος

1950 5551 2205 5621 φορηθεὶς
2246 5545 2338 5603 06v
2378 5551 2498 5604 καθ’
2547 5551 2850 5622 ὑπερϐολήν
2898 5555 2955 5607 ἐν
3010 5555 3175 5607 πᾶσιν
3227 5555 3306 5618 είς
3357 5552 3523 5607 αὐτὸν

1949 5640 1984 5689 6
2011 5635 2277 5704 μακάριος
2316 5637 2409 5688 καὶ
2464 5636 2637 5707 μέγας
2688 5637 2993 5701 Ἀντώνιος,
3026 5640 3109 5692 ὅτι
3154 5638 3356 5701 τέλειός
3402 5640 3519 5693 ἐστι

1952 5722 2090 5775 πάνυ
2120 5720 2296 5791 ψυχῆς
2318 5724 2345 5775 ὀ
2376 5721 2468 5776 τοῦ
2495 5722 2730 5793 Χριστοῦ
2749 5721 2931 5787 δοῦλος
2961 5723 3170 5788 Παῦλος
3190 5724 3219 5777 6
3247 5724 3521 5791 ἀπλαστις
