4096 6540
650 255 787 329 1083

2104 273 2456 336 l'ArLLADII

3756 275 3867 345 1031

647 375 768 428 λίαν
799 375 1003 439 ἁπλοῦς
1057 377 1151 443 ῶν,
1180 379 1319 449 μετά
1356 378 1529 452 μῆνας
1563 383 1757 453 ρητοὺς
1810 384 1911 454 τῆς
1960 385 2056 439 τοῦ
2087 383 2225 437 Θεοῦ
2256 391 2299 445 Λ
2329 387 2424 439 καὶ
2449 385 2548 439 ποῦ
2575 388 2794 442 ἀπέλθω
2817 390 2916 443 ούκ
2952 386 3091 445 οῖδα.
3144 389 3256 446 K61
3293 387 3640 461 παραχρῆμα
3677 385 3865 458 ἐξῆλθεν

646 462 874 532 χάριτος
928 466 1296 536 συνεργούσης
1334 468 1602 539 Ἀντωνίῳ
1646 470 1723 541 τῷ
1771 472 2028 543 μακαρίῳ
2082 474 2228 526 ποιεῖ

646 550 800 621 αὐτῷ
830 550 1025 604 κέλλαν
1050 552 1237 607 λοιπὸν
1266 554 1342 619 ώς
1363 556 1471 609 67:6
1504 559 1744 628 σημείων
1763 558 1931 629 τριῶν
1966 560 1998 629 ἦ
2033 558 2228 613 τεσσά-

650 655 764 713 ρων
786 642 883 711 τῆς
908 640 1103 694 ἑαυτοῦ
1154 642 1369 713 κέλλης.
1397 644 1507 696 K61
1554 644 1702 711 λέγει
1732 646 1900 716 αὐτῷ·
1947 646 2100 708 Ἰδοὺ.
2127 648 2227 718 τῆς

649 728 933 798 δυνάμεως
962 729 1057 782 τοῦ
1086 730 1322 799 Χριστοῦ
1347 730 1717 802 συνεργούσης
1745 749 1828 786 σοι
1860 735 2088 802 γέγονας
2132 748 2228 803 μο-

652 815 831 886 ναχός.
861 816 1005 869 Μένε
1037 816 1157 869 κατ’
1189 818 1327 871 ίδίαν
1348 818 1559 881 λοιπὸν,
1594 818 1681 871 ἵνα
1716 822 1810 872 καὶ
1836 822 2029 890 πεῖραν
2058 820 2228 892 λάϐῃς

652 900 944 973 δαιμόνων.
968 904 1208 974 Οίκήσας
1232 899 1325 957 οῦν
1348 904 1469 957 καθ’
1502 905 1698 959 ἐαυτὸν
1726 906 1937 969 Παῦλος
1960 908 1989 959 6
2024 907 2229 970 ἁπλοῦς

654 986 773 1051 ετος
806 988 884 1053 ἓν,
907 991 1242 1060 χαρίσματος
1275 990 1477 1062 ἠξιώθη
1502 992 1642 1046 κατά
1661 993 1928 1063 δαιμόνων
1950 996 2042 1048 καὶ
2070 1011 2229 1064 νοση-

658 1074 842 1144 μάτων
866 1076 1239 1142 παντοδαπῶν,
1276 1078 1624 1148 κατορθώσας
1654 1083 1733 1143 είς
1782 1080 1949 1150 ἄκρον
1983 1080 2081 1151 τήν
2130 1082 2229 1151 τῆς

656 1165 939 1234 ἀσκήσεως
962 1168 1184 1236 ἀρετήν.

728 1252 842 1323 Μιᾷ
863 1254 1042 1306 τοίνυν
1068 1254 1176 1306 τῶν
1211 1254 1433 1325 ἡμερῶν
1470 1255 1591 1307 καθ’
1637 1255 1942 1327 ὑπερϐολὴν
1988 1256 2228 1310 δεινοτά-

657 1358 766 1403 τως
789 1341 1079 1412 δαιμονιῶν
1113 1342 1256 1412 ἤχθη
1296 1344 1579 1407 νεανίσκος
1615 1345 1882 1416 Ἀντωνίῳ
1928 1345 2007 1416 τῷ
2048 1362 2229 1416 μακαο

662 1432 761 1503 ρίῳ
789 1432 1015 1502 ἀρχικὸν
1042 1431 1181 1502 έχων
1225 1432 1605 1503 χαλεπώτατον
1626 1435 1877 1504 δαίμονα,
1901 1435 1959 1499 6;
1987 1437 2078 1488 καὶ
2128 1435 2227 1488 66-

659 1516 750 1570 :6v
800 1517 889 1570 :6v
950 1518 1175 1588 0696v6v
1225 1519 1545 1590 ὲδυσφήμει.
1607 1520 2005 1590 Προσεσχηκὼς
2064 1519 2158 1574 οὖν
2202 1521 2231 1574 6

663 1607 835 1676 μέγας
888 1606 1169 1672 Ἀντώνιος
1221 1607 1299 1678 τῷ
1342 1609 1629 1677 νεανίσκῳ,
1668 1608 1814 1676 λέγει
1863 1613 1976 1674 τοῖς
2005 1611 2231 1677 ἄγουσιν

661 1693 843 1746 αὐτόν’
876 1694 991 1747 Οὐκ
1040 1694 1154 1747 ἐστι
1212 1695 1367 1748 τοῦτο
1412 1694 1541 1764 ἐμὸν
1587 1695 1647 1748 τὸ
1707 1695 1887 1766 ἔργον.
1921 1698 2079 1752 Κατά
2123 1700 2233 1771 γὰρ
2266 1721 2311 1778 Β

662 1779 853 1833 τούτου
901 1782 993 1834 τοῦ
1032 1784 1309 1851 τάγματος
1366 1782 1472 1834 τῶν
1536 1784 1808 1853 δαιμόνων
1865 1784 1961 1837 τοῦ
2007 1786 2234 1857 ἀρχικοῦ

663 1866 817 1922 οὔπω
839 1869 1076 1939 ἠξιώθην
1122 1870 1479 1943 χαρίσματος,
1515 1872 1649 1926 ἀλλὰ
1681 1872 1841 1927 τοῦτό
1892 1875 2007 1928 ἐστι
2044 1876 2103 1928 τὸ
2137 1877 2236 1946 χά-

668 1973 839 2027 ρισμα
872 1956 1084 2011 Παύλου
1112 1958 1206 2011 τοῦ
1226 1958 1423 2014 ἀπλοῦ.
1489 1959 1762 2014 Ἀπελθὼν
1797 1961 1889 2015 οῦν
1916 1963 1944 2014 6
1972 1962 2240 2034 μακάριος

679 2044 962 2109 Ἀντώνιος
1010 2046 1145 2116 πρὸς
1186 2047 1277 2100 τὸν
1310 2046 1532 2115 δόκιμον
1563 2046 1775 2100 Παῦλον
1806 2049 2095 2119 ἀπήγαγεν
2144 2050 2241 2104 καὶ

665 2130 885 2196 αὐτοὺς,
922 2134 1015 2185 καὶ
1043 2133 1189 2201 λέγει
1232 2132 1401 2202 αὐτῷ’
1450 2132 1624 2186 Ἀϐϐά
1652 2133 1856 2198 Παῦλε,
1910 2135 2108 2188 ἔκϐαλε
2147 2135 2239 2191 τὸν

664 2218 895 2288 δαίμονα
945 2220 1133 2272 τοῦτον
1187 2220 1296 2272 ἀπὸ
1325 2219 1420 2272 τοῦ
1464 2219 1771 2290 ἀνθρώπου,
1830 2222 1916 2274 ἵνα
1983 2223 2239 2290 ὑγιαίνων

666 2305 879 2377 ἀπέλθῃ
904 2306 982 2368 είς
1024 2308 1093 2359 :6
1128 2307 1255 2370 ίδια,
1302 2308 1397 2359 7:61
1449 2307 1642 2379 δοξάζῃ
1694 2309 1785 2362 τὸν
1823 2309 2045 2380 Κύριον.
2078 2310 2239 2378 Λέγει

669 2393 819 2463 αῦτῷ
846 2396 874 2444 6
897 2393 1122 2456 Παῦλος·
1152 2395 1226 2451 Σὺ
1255 2396 1362 2466 γάρ
1384 2395 1437 2447 τί
1458 2413 1471 2461 ;
1494 2396 1656 2461 Λέγει
1682 2396 1830 2467 αὐτῷ
1860 2398 1887 2448 6
1921 2397 2202 2460 Ἀντώνιος
2221 2413 2237 2429 ο

668 2479 746 2534 06
788 2480 1031 2549 σχολάζω
1061 2480 1190 2549 ἐγὼ,
1218 2481 1346 2535 ἀλλο
1374 2483 1481 2551 ἔχω
1531 2483 1707 2553 ἔργον.
1743 2484 1851 2536 K61
1908 2483 2239 2548 καταλείψας

668 2569 788 2621 ἐκεῖ
814 2570 906 2621 τὸν
925 2569 1090 2623 παῖδα
1117 2570 1145 2621 6
1168 2571 1339 2641 μέγας
1380 2569 1682 2635 Ἀντώνιος,
1720 2571 2059 2642 ὑπέστρεψεν
2078 2573 2239 2625 πάλιν

670 2659 749 2720 είς
779 2656 876 2727 τὴν
902 2657 1035 2709 ἰδίαν
1068 2658 1282 2712 κέλλαν.
1331 2658 1595 2722 ’Δναστάς
1620 2659 1713 2711 οὖν
1743 2660 1770 2712 6
1792 2659 1997 2722 ἄκακος
2027 2660 2228 2729 γέρων,

671 2744 768 2797 7161
816 2744 1255 2815 προσευξάμενος
1299 2746 1494 2817 ἐνεργῆ
1547 2746 1875 2817 προσευχὴν,
1931 2747 2239 2815 προσκαλεο

673 2835 907 2903 σάμενος
956 2833 1044 2886 τὸν
1078 2833 1460 2903 δαιμονιῶντα,
1495 2834 1665 2902 λέγει·
1696 2834 1929 2903 Εἴρηκεν
1985 2837 2014 2887 6
2067 2834 2241 2897 ἀϐϐἄς

684 2921 988 2985 Ἀντώνιος,
1006 2920 1087 2972 ὅτι
1112 2919 1333 2984 Ἔξελθε
1355 2921 1461 2973 ἀπὸ
1488 2919 1581 2974 τοῦ
1602 2921 1911 2992 ἀνθρώπου,
1936 2922 2024 2975 ἵνα
2042 2921 2241 2993 δοξάζῃ

672 3005 764 3059 τὸν
815 3003 1020 3075 Κύριον
1076 3006 1257 3077 ὑγιής.
1294 3005 1352 3058 'U
1398 3005 1455 3059 δὲ
1498 3006 1708 3075 δαίμων
1758 3005 1896 3075 μετὰ
1933 3006 2243 3076 δυσφημίας

678 3060 979 3164 ἀνέκραξεν
998 3107 1013 3123 ο
1047 3060 1159 3146 Οὐκ
1188 3060 1501 3164 ἐξέρχομαι,
1533 3060 1841 3163 φάγόγηρε,
1867 3092 2021 3163 λῆρε.
2046 3060 2245 3148 λάϐὼν
2272 3060 2312 3116 C

672 3182 767 3236 οῦν
795 3180 894 3252 τὴν
934 3181 1187 3252 μηλωτήν
1229 3180 1389 3234 αὑτοῦ
1417 3182 1557 3234 κατὰ
1583 3179 1673 3232 τοῦ
1718 3178 1887 3233 νώτου
1930 3180 2091 3233 αὐτὸν
2124 3179 2248 3233 ἐτυ-

675 3287 830 3333 πτεν,
856 3268 1052 3336 λέγων·
1080 3266 1324 3334 Ἔξελθε,
1346 3268 1567 3338 εἴρηκεν
1592 3269 1620 3320 6
1646 3266 1819 3330 6666';
1850 3266 2151 3331 Ἀντώνιος.
2186 3267 2247 3322 'O

673 3356 731 3411 δὲ
760 3354 969 3424 δαίμων
998 3354 1258 3427 ἐλοιδόρει
1287 3356 1378 3408 x61
1410 3352 1691 3408 ’Λντώνιον
1726 3354 2080 3424 σφοδρότερον
2112 3354 2250 3423 μετά

675 3442 769 3496 τοῦ
792 3441 1028 3506 Παύλου,
1059 3440 1253 3510 λέγων’
1281 3442 1343 3493 Οί
1366 3440 1683 3510 πολιοφάγω
1709 3435 1875 3508 οὗτοι,
1913 3443 1961 3494 οί
1987 3440 2249 3512 λεληθαρ-

675 3532 928 3603 γημένοι,
966 3531 1016 3582 οί
1035 3529 1319 3600 ἄπληστοι,
1343 3529 1393 3581 οί
1422 3529 1690 3600 μηδέποτε
1721 3532 1834 3593 τοῖς
1867 3530 2021 3593 ἰδίοις
2051 3530 2251 3598 ἀρκού-

680 3637 855 3691 μενοι,
885 3620 939 3672 τί
968 3619 1145 3672 κοινὸν
1189 3617 1341 3689 ἐχετε
1377 3616 1497 3687 μεθ’
1542 3616 1741 3687 ήμῶν;
1774 3617 1826 3670 τί
1854 3619 2003 3688 ἡμᾶς
2053 3635 2250 3689 τυραν-

677 3706 1040 3775 νεῖτε;Τέλος
1089 3706 1236 3774 λέγει
1287 3703 1435 3774 αὐτῷ
1472 3704 1501 3757 6
1553 3702 1784 3768 Παῦλος
1855 3704 2247 3777 Ἐκϐαίνεις,ἢ

679 3797 905 3864 ὑπάγων
932 3794 1075 3863 λέγω
1109 3792 1187 3863 τῷ
1223 3790 1441 3862 Χριστῷ
1467 3808 1482 3856 ;
1514 3790 1590 3861 μά
1616 3791 1706 3844 τὸν
1750 3791 1977 3860 Ἰησοῦν,
2009 3792 2104 3845 ἐὰν
2151 3794 2251 3845 οὐκ

680 3883 961 3953 ἐκϐαίνῃς,
978 3879 1088 3950 ἐγὼ
1114 3879 1239 3952 ἄρτι
1262 3878 1477 3946 ὑπάγω,
1495 3877 1638 3946 λέγω
1665 3876 1742 3947 τῷ
1759 3879 1995 3949 Χριστῷ,
2018 3880 2112 3932 καὶ
2133 3878 2252 3932 οὐαί

680 3988 767 4025 σοι
794 3969 908 4041 ἔχει
939 3970 1182 4039 ποιῆσαι.
1218 3966 1757 4037 Προσεδυσφήμησεν
1784 3965 1879 4017 καὶ
1910 3965 2001 4017 τὸν
2047 3966 2252 4035 Ἰησοῦν

680 4062 712 4116 6
726 4062 997 4132 ἀνήμερος
1019 4059 1246 4128 δαίμων,
1266 4057 1505 4126 κράζων,
1522 4056 1635 4109 Οὐκ
1657 4055 1974 4126 ἐξέρχομαι.
1992 4055 2113 4109 Ἐπὶ
2127 4058 2251 4111 τού-

680 4167 759 4219 τῳ
781 4149 1060 4219 χολώσαςὸ
1084 4146 1236 4214 ἅγιος
1255 4144 1465 4206 Παῦλος
1481 4146 1622 4196 κατά
1650 4143 1742 4196 τοῦ
1770 4142 2040 4213 δαίμονος,
2062 4144 2251 4214 ἐξῆλθε

682 4236 780 4305 τῆς
801 4234 993 4288 ἑαυτοῦ
1032 4231 1208 4297 ξενίας
1237 4232 1356 4284 κατ’
1382 4231 1551 4301 αὐτὴν
1577 4232 1674 4299 τὴν
1721 4229 1989 4298 σταθερὰν
2039 4247 2252 4301 μεσημω

683 4322 864 4392 ϐρίαν.
885 4320 1005 4373 Τῶν
1026 4320 1081 4373 δέ
1098 4319 1410 4387 Αἰγυπτίων
1430 4320 1489 4370 :6
1516 4317 1706 4387 καῦμα
1726 4317 1962 4387 μάλιστα
1982 4319 2041 4370 τὸ
2063 4321 2121 4371 ἐν
2142 4322 2255 4382 τοῖς

683 4385 869 4473 τόποις
903 4409 1130 4474 ἐκείνοις
1163 4385 1421 4476 συγγενές
1462 4409 1577 4459 ἐστι
1603 4385 1744 4477 τάχα
1771 4409 1870 4478 τῆς
1908 4407 2249 4471 Βαϐυλωνίας
2279 4385 2331 4444 Ῑ)

685 4499 939 4566 καμίνου.
961 4499 1097 4560 Στάς
1108 4493 1201 4550 οῦν
1228 4498 1301 4559 ὡς
1317 4498 1507 4559 στύλος
1534 4499 1562 4549 6
1580 4496 1672 4549 :06
1689 4497 1919 4567 ούρανοῦ
1950 4498 2139 4561 στύλος
2157 4499 2251 4551 ἐπὶ

685 4590 784 4660 τῆς
816 4588 1023 4657 πέτρας
1055 4581 1112 4639 ἕν
1144 4586 1222 4656 τῷ
1250 4586 1365 4656 ὄρει
1424 4587 1811 4658 προσεύχεται,
1832 4586 2007 4656 λέγων
2034 4587 2207 4651 οὕτως
2233 4605 2248 4619 ο

687 4677 759 4730 Σὺ
788 4675 1025 4746 βλέπεις,
1066 4673 1238 4744 Ἰησοῦ
1265 4674 1488 4743 Χριστὲ,
1511 4676 1885 4745 όσταυρωθεὶς
1910 4675 2002 4727 ἐπὶ
2029 4676 2252 4731 Ποντίου

690 4765 943 4830 Πιλάτου,
970 4763 1051 4816 ὅτι
1074 4763 1133 4815 06
1163 4761 1385 4815 καταϐῶ
1414 4763 1520 4815 67:6
1564 4762 1661 4832 τῆς
1704 4762 1935 4831 πέτρας,
1962 4762 2023 4814 06
2074 4765 2251 4831 φάγω,

685 4856 745 4907 06
776 4852 905 4916 πίω,
935 4852 1039 4915 ἕως
1064 4842 1124 4903 06
1153 4850 1407 4904 ἀποθάνω
1431 4865 1447 4881 ο
1477 4850 1573 4902 ἐὰν
1615 4850 1691 4920 μὴ
1728 4848 1853 4919 69:1
1884 4850 2123 4921 ἀκούσῃς
2161 4853 2257 4904 καὶ

689 4942 923 5011 ἐκϐάλῃς
951 4939 1140 4991 τοῦτον
1188 4938 1279 4990 τὸν
1300 4937 1530 5006 δαίμονα
1559 4936 1668 4989 67:6
1708 4935 1800 4988 :06
1831 4935 2142 5004 ἀνθρώπου,
2163 4939 2257 4991 καὶ

690 5030 968 5098 ἐλεύθερον
995 5028 1154 5080 αὑτὸν
1184 5025 1418 5095 ποιήσῃς
1443 5023 1549 5079 ἀπὸ
1573 5024 1764 5077 τούτου
1814 5024 1907 5077 τοῦ
1951 5025 2257 5096 πνεύματος

688 5117 779 5171 τοῦ
815 5116 1145 5189 ἀκαθάρτου.
1185 5116 1305 5167 Ἔτι
1336 5114 1622 5175 λαλοῦντος
1663 5111 1754 5166 τοῦ
1787 5113 1961 5167 ἀπλοῦ
2012 5116 2107 5169 καὶ
2162 5132 2258 5167 τα-

688 5206 1038 5276 πεινόφρονος
1062 5204 1274 5257 Παύλου
1307 5201 1384 5271 τῷ
1443 5200 1639 5273 Ἰησοῦ,
1667 5202 1773 5273 πρὸ
1804 5201 1899 5255 τοῦ
1943 5202 2258 5274 τελεσθῆναι

688 5296 816 5357 τοὺς
870 5293 1057 5359 λόγους
1114 5290 1208 5344 τοῦ
1278 5290 1545 5358 στόματος
1621 5288 1786 5343 66:06
1849 5290 1941 5343 :06
1994 5290 2256 5361 καθαροῦ,

690 5380 988 5452 ἀνέκραξεν
1044 5379 1194 5432 κάτω
1277 5378 1413 5448 7:96;
1493 5376 1592 5447 τὴν
1671 5377 1865 5430 κέλλαν
1923 5378 1950 5430 6
2025 5378 2255 5448 δαίμων

694 5455 949 5537 Ὑπάγω,
978 5468 1193 5537 ὑπάγω,
1221 5466 1534 5538 ἐξέρχομαι,
1567 5466 1657 5537 βίᾳ
1682 5468 1776 5520 καὶ
1804 5467 2077 5538 τυραννίδι
2099 5467 2258 5521 ἐλαύ-

693 5577 870 5627 νομαι,
911 5558 1177 5629 ἀναχωρῶ
1215 5558 1309 5610 τοῦ
1340 5557 1651 5628 ἀνθρώπου,
1681 5558 1861 5610 οὐκέτι
1902 5558 2126 5625 ὲγγίζω.
2188 5558 2261 5611 T6

695 5646 943 5702 ταπεινὸν
984 5647 1078 5701 καὶ
1110 5645 1310 5701 ἁπλοῦν
1338 5645 1548 5700 Παύλου
1591 5646 1801 5700 ἐλαύνει
1836 5661 1901 5714 με
1930 5646 2255 5714 φυγαδεῦον,

2328 474 2389 525 :6
2433 475 2649 544 πνεῦμα
2694 477 2786 531 τοῦ
2840 478 3117 548 δαίμονος,
3171 480 3267 532 >161
3305 476 3618 549 μετεϐλήθη
3644 476 3716 539 εἰς
3763 477 3868 549 δρά-

2330 576 2494 615 κοντα
2523 562 2777 632 μέγιστον
2801 565 2929 619 ὡσεὶ
2972 566 3160 637 πηχῶν
3183 566 3578 637 ἐϐδομήκοντα.
3602 566 3705 619 K61
3730 566 3868 636 ἀπῄει

2331 649 2626 718 συρόμενος
2690 654 2768 715 είς
2819 652 2917 723 τὴν
2979 654 3254 706 θάλασσαν
3308 655 3408 723 τὴν
3453 650 3757 721 Ἐρυθρὰν*
3797 652 3868 705 ἵνα

2332 736 2594 808 πληρωθῇ
2623 738 2681 790 τὸ
2713 737 2876 807 ῥηθὲν
2906 738 3010 792 67:6
3038 740 3130 792 :06
3181 740 3334 806 ἁγίου
3370 739 3710 808 Πνεύματος·
3747 739 3867 791 Ἐπι-

2328 823 2691 894 δεικνυμένην
2723 825 2904 879 πίστιν
2931 826 3225 893 ἀναγγελεῖ
3252 826 3483 885 δίκαιος,
3520 824 3629 877 K61
3655 823 3796 878 πάλιν
3820 826 3868 876 ὲν

2334 909 2509 980 ἑτέρῳ
2531 926 2545 942 ⁸
2605 911 2728 963 Ἐπὶ
2786 912 2909 965 τίνα
2953 912 3251 982 ἐπιϐλέψω,
3280 914 3446 982 φησὶν
3482 912 3513 963 6
3546 910 3762 982 Κύριος,
3793 912 3866 965 ἐπὶ

2332 997 2423 1049 τὸν
2454 996 2729 1061 ταπεινὸν,
2760 999 2866 1051 καὶ
2919 1000 3163 1069 ἡσύχιον,
3202 1001 3294 1051 καὶ
3324 998 3605 1069 τρέμοντά
3636 1014 3730 1066 μου
3767 1000 3865 1061 :06;

2330 1083 2544 1151 λόγους.
2592 1083 2765 1138 Εῖωθε
2802 1085 2911 1153 γάρ
2957 1086 3023 1138 :6
3079 1086 3434 1153 ταπεινότερα
3478 1084 3591 1137 τῶν
3642 1084 3865 1153 δαιμόνων

2333 1169 2440 1221 67:6
2471 1170 2582 1223 τῶν
2612 1171 2855 1241 ἀρχικῶν
2899 1172 3205 1242 ἀνθρώπων
3228 1173 3285 1224 ἐν
3318 1173 3383 1241 τῇ
3423 1172 3609 1223 πίστει
3646 1171 3867 1224 ἐκϐάλλε-

2332 1257 2477 1310 σθαι·
2498 1260 2622 1321 τοὺς
2639 1258 2695 1311 δὲ
2720 1261 2980 1329 ἀρχικοὺς
3001 1260 3161 1313 πάλιν
3182 1260 3445 1329 δαίμονας
3465 1257 3688 1311 ὑπὸτῶν
3714 1275 3869 1310 ταπει-

2330 1345 2435 1398 νῶν
2451 1346 2862 1413 φυγαδεύεσθαι.
2886 1346 3073 1399 Ταῦτά
3086 1348 3200 1397 ἐστι
3226 1345 3483 1414 θαύματα
3498 1344 3592 1396 τοῦ
3610 1342 3779 1407 ἁπλοῦ,
3800 1346 3870 1396 καὶ

2334 1432 2774 1500 ταπεινόφρονας,
2801 1434 2893 1485 καὶ
2912 1433 3044 1487 ἄλλα
3067 1432 3288 1485 πλείονα
3314 1431 3411 1485 καὶ
3438 1428 3662 1499 μείζονα
3682 1428 3869 1482 τούτων.

2336 1519 2432 1583 Ὃς
2464 1519 2747 1590 ἀπεκλήθη
2782 1517 3008 1582 Ἀπλοῦς
3030 1520 3181 1590 παρά
3207 1521 3385 1590 πάσης
3408 1518 3510 1587 τῆς
3532 1516 3869 1587 ἀδελφότητος.

2907 1606 3158 1662 ΚΕΦΑΛ.
3200 1606 3331 1660 ΚΘ’.

2908 1695 3047 1763 Περὶ
3088 1693 3321 1762 Παχών.

2410 1779 2605 1851 Παχών
2651 1798 2734 1844 τις
2763 1780 2986 1850 ὀνόματι
3021 1782 3148 1850 περὶ
3179 1782 3246 1835 :6
3288 1780 3662 1849 ἐϐδομήκοντα
3708 1778 3872 1838 ἐλάσας

2340 1871 2433 1942 ἔτη
2486 1871 2781 1935 ἐκαθέζετο
2816 1872 2875 1924 ὲν
2910 1874 2978 1942 τῇ
3013 1870 3232 1941 Σκήτει.
3274 1870 3488 1938 Συνέϐη
3526 1866 3571 1919 δ’
3603 1866 3697 1935 ἐμὲ
3742 1865 3871 1935 6117;-

2340 1958 2500 2012 θέντα
2529 1959 2634 2012 ὑτὼ
2684 1958 2776 2011 τοῦ
2812 1958 3065 2030 δαίμονος
3099 1958 3458 2028 συνεχόμενον
3519 1954 3765 2023 ἐπιθυμία
3788 1969 3869 2020 γυ-

2338 2047 2555 2116 ναικείᾳ
2578 2046 2864 2115 δυσφορεῖν
2890 2046 2983 2098 καὶ
3009 2044 3145 2116 πρὸς
3174 2047 3301 2106 τοὺς
3328 2042 3629 2112 λογισμοὺς
3660 2038 3870 2109 καὶπρὸς

2339 2132 2437 2197 τὰς
2470 2134 2769 2202 φαντασίας
2790 2133 2890 2196 τὰς
2917 2133 3257 2203 νυκτερινὰς.
3288 2132 3401 2186 K61
3436 2130 3609 2199 ἐγγὺς
3628 2129 3868 2198 γενόμενος

2340 2220 2445 2274 67:6
2492 2221 2681 2273 :06:ou
2734 2220 2828 2275 :06
2863 2220 3169 2292 πειρασμοῦ
3217 2220 3457 2285 ἐξελθεῖν
3518 2219 3619 2287 τῆς
3672 2218 3866 2286 ἐρήμου,

2342 2308 2656 2373 ἐλαύνοντός
2682 2326 2749 2380 με
2776 2310 3149 2379 σφοδροτάτως
3172 2308 3264 2360 τοῦ
3292 2308 3499 2371 πάθους
3528 2308 3657 2376 (τοῖς
3684 2306 3768 2374 μὲν
3785 2302 3866 2371 γὰρ

2341 2396 2550 2464 γείτοσι
2579 2398 2688 2451 τῶν
2714 2396 2973 2467 Πατέρων
3001 2397 3102 2448 οὐκ
3131 2395 3399 2465 ἀνεθέμην
3423 2394 3489 2447 :6
3522 2395 3759 2463 πρᾶγμα,
3779 2388 3867 2441 ἀλλ’

2342 2484 2465 2537 οὕτε
2495 2485 2572 2554 τῷ
2625 2483 2928 2553 διδασκάλῳ
2984 2500 3085 2552 μου
3135 2482 3453 2551 Εὑαγρίῳ)·
3508 2479 3785 2549 λεληθότως
3825 2476 3868 2527 δὲ

2344 2570 2679 2640 παραϐαλὼν
2727 2573 2805 2634 είς
2838 2569 2939 2638 τὴν
2994 2570 3334 2638 πανέρημον,
3369 2565 3756 2633 συνετύγχανον
3798 2562 3869 2613 ἐπὶ

2342 2660 2556 2730 ἡμέρας
2588 2660 2887 2712 δεκαπέντε
2916 2660 3029 2720 τοῖς
3061 2658 3205 2711 κατά
3243 2656 3343 2725 τήν
3385 2655 3594 2723 Σκῆτιν
3634 2650 3869 2721 Πατράσιν

2343 2747 2650 2817 γηράσασιν
2673 2749 2731 2798 ἐν
2761 2749 2826 2817 τῇ
2857 2746 3071 2816 ἐρήμῳ.
3114 2745 3202 2796 Ἐν
3231 2738 3311 2805 οἷς
3338 2743 3400 2811 δὴ
3445 2741 3756 2811 περιέτυχον
3796 2738 3870 2791 καὶ

2342 2837 2424 2906 τῷ
2484 2834 2702 2904 Παχών.
2766 2833 2954 2902 Εὑρὼν
3004 2833 3097 2886 οὖν
3162 2832 3323 2885 αὑτὸν
3381 2829 3755 2900 ἀκεραιότερον
3798 2828 3871 2878 καὶ

2346 2921 2803 2993 ἀσκητικώτερον,
2837 2920 3115 2989 ἐθάρσησα
3167 2918 3317 2989 αύτῷ
3355 2916 3653 2971 ἀναθέσθαι
3698 2932 3784 2983 μου
3816 2913 3869 2965 τὰ

2348 3011 2445 3081 τῆς
2477 3008 2735 3071 διανοίας.
2768 3008 2879 3061 K61
2914 3007 3063 3074 λέγει
3093 3022 3182 3075 μοι
3211 3007 3239 3058 6
3270 3006 3420 3073 ἆγιος
3457 2998 3645 3067 οὗτος·
3694 3002 3775 3071 Μὴ
3806 3001 3870 3064 ξε-

2348 3099 2469 3169 νίσῃ
2514 3113 2573 3150 σε
2600 3096 2661 3149 :6
2702 3096 2956 3167 πρᾶγμα.
2990 3095 3063 3147 U6
3098 3095 3204 3164 γάρ
3246 3094 3378 3147 66:6
3412 3095 3642 3162 πάσχεις
3676 3090 3870 3157 671696-

2349 3183 2566 3255 θυμίας.
2600 3185 2885 3253 Μαρτυρεῖ
2902 3181 3010 3253 γάρ
3044 3195 3127 3234 σοι
3162 3181 3257 3233 7161
3284 3180 3313 3232 6
3334 3181 3501 3243 τόπος
3537 3182 3628 3233 καὶ
3654 3180 3685 3247 ή
3715 3177 3869 3234 σπάνις

2349 3273 2457 3326 τῶν
2493 3270 2711 3342 χρειῶν,
2772 3268 2869 3322 καὶ
2897 3269 2959 3322 :6
3011 3268 3087 3340 μὴ
3139 3264 3279 3323 εἶναι
3343 3267 3635 3336 συντυχίας
3685 3261 3868 3333 θηλειῶν

2350 3361 2559 3414 ἐνθάδε.
2602 3357 2761 3411 Ἀλλὰ
2786 3357 2987 3429 μᾶλλον
3022 3357 3130 3411 67:6
3163 3355 3397 3425 σπουδῆς
3434 3356 3540 3424 τῆς
3566 3351 3680 3407 κατ’
3708 3350 3867 3423 ἀρετὴν

2352 3446 2641 3514 συμϐαίνει
2694 3460 2777 3497 σοι
2822 3443 2981 3498 τοῦτο
3011 3445 3161 3513 παρὰ
3192 3442 3287 3496 τοῦ
3339 3443 3605 3495 ἐναντίου.
3643 3436 3865 3509 Τριπλοῡς

2351 3535 2459 3606 γάρ
2513 3536 2659 3588 ὲστιν
2683 3534 2712 3585 6
2761 3532 2996 3603 πόλεμος
3025 3533 3054 3585 6
3089 3531 3365 3599 πορνικός.
3416 3528 3559 3582 Ποτὲ
3614 3529 3704 3598 μὲν
3730 3526 3865 3594 γὰρὴ

2352 3622 2491 3692 σὰρξ
2523 3622 2652 3692 ἡμῖν
2684 3618 2985 3673 ἐπιτίθεται
3030 3616 3090 3671 εὖ
3115 3616 3392 3671 παθοῦσα·
3424 3616 3558 3669 ποτέ
3580 3616 3633 3668 δὲ
3670 3614 3730 3666 :6
3753 3610 3865 3677 πάθη

2352 3712 2482 3781 ἡμῖν
2515 3708 2900 3762 ὲητανίστανται
2951 3706 3037 3758 διὰ
3066 3705 3172 3758 τῶν
3211 3704 3486 3773 λογισμῶν
3508 3721 3522 3735 ο
3560 3700 3684 3755 ποτὲ
3724 3699 3771 3750 δὲ
3795 3697 3864 3749 καὶ

2352 3786 2515 3864 αῦτὸς
2540 3801 2567 3852 6
2603 3798 2813 3867 δαίμων
2865 3797 3117 3866 τυραννεῖ
3146 3795 3296 3863 ἡμᾶς
3330 3794 3416 3846 διά
3467 3793 3566 3863 τῆς
3597 3787 3863 3861 βασκανίας.

2365 3888 2505 3959 Ἐγὼ
2520 3888 2627 3957 γάρ
2656 3884 2826 3938 πολλά
2857 3883 3256 3954 παρατηρήσας
3297 3878 3520 3950 εὕρηκα
3544 3878 3705 3932 τοῦτο.
3741 3874 3860 3931 Ἰδοὺ,

2352 3977 2580 4047 ώς.ὁρᾷς
2601 3991 2689 4044 με,
2713 3974 2944 4042 γέροντα
2976 3968 3261 4037 ἄνθρωπον
3286 3984 3299 3998 ·
3332 3964 3747 4037 τεσσαρακοστὸν
3770 3959 3863 4020 Ero;

2354 4065 2463 4136 ἔχω
2482 4067 2540 4118 ἐν
2553 4066 2620 4135 τῇ
2644 4062 2810 4133 κέλλῃ
2829 4061 3003 4133 ταύτῃ
3029 4060 3332 4129 φροντίζων
3352 4059 3448 4128 τῆς
3481 4052 3705 4127 ἐμαυτοῦ
3728 4064 3864 4116 σωτη-

2360 4154 2501 4223 ρίας·
2528 4153 2622 4205 καὶ
2650 4150 2854 4222 ταύτην
2884 4152 3031 4218 ἄγων
3054 4147 3150 4214 τὴν
3172 4146 3388 4215 ἡλικίαν
3424 4144 3614 4214 μέχρις
3645 4142 3752 4210 ἄρτι
3769 4152 3863 4229 7:31.-

2362 4240 2621 4309 ράζομαι.
2654 4239 2763 4290 K61
2794 4236 3009 4306 ὣμνυτο
3042 4235 3237 4301 λέγων,
3267 4232 3349 4284 ὅτι
3380 4230 3598 4284 Δώδεκα
3625 4228 3726 4295 ἐτη,
3756 4228 3863 4294 μευ

2358 4331 2416 4383 :6
2442 4326 2806 4396 πεντηκοστόν
2836 4342 2905 4395 με
2936 4323 3051 4387 ἔτος
3082 4323 3255 4389 ἄγειν,
3279 4322 3341 4373 06
3364 4319 3539 4372 νύκτα
3560 4334 3643 4389 μοι
3671 4308 3864 4380 συνεχῶς

2359 4434 2543 4488 ρησεν,
2590 4418 2687 4485 οὐχ
2741 4414 2956 4485 ἡμέραν
3003 4409 3373 4479 ἐπιτιθέμενός
3429 4424 3545 4476 μοι.
3583 4403 3863 4470 Ύπονοήσας

2357 4502 2450 4558 οὖν
2477 4506 2558 4557 ὃτι
2574 4503 2787 4571 ἀπέστη
2816 4518 2918 4570 μου
2938 4502 2965 4551 6
2992 4499 3143 4563 Θεὸς,
3169 4498 3249 4551 διὸ
3266 4502 3363 4551 καὶ
3384 4490 3863 4554 καταδυναστεύομαι

2354 4595 2528 4657 οὕτως
2556 4608 2568 4620 ·
2598 4590 2892 4662 ᾑρησάμην
2920 4586 3212 4640 ἀποθανεῖν
3236 4586 3434 4656 μᾶλλον
3450 4585 3672 4653 ἀλόγως,
3691 4579 3718 4648 ἦ
3740 4574 3863 4629 πάθει

2359 4684 2607 4754 σώματος
2652 4675 3036 4751 ἀσχημονήσαι
3093 4676 3349 4743 αἰσχρῶς.
3402 4676 3514 4729 K61
3544 4670 3749 4739 ἐξελθών
3766 4678 3861 4754 ’μου

2358 4748 2456 4841 τῆς
2474 4771 2691 4839 κέλλης,
2722 4748 2815 4821 καί
2833 4764 3062 4836 περιιὼν
3090 4764 3189 4835 τὴν
3212 4766 3439 4833 ἔρημον,
3469 4762 3719 4832 σπήλαιον
3743 4748 3863 4841 εἴ)ροί

2356 4840 2577 4929 ὑαίνης·
2608 4858 2689 4921 εἰς
2742 4855 2770 4907 ὃ
2801 4855 3062 4927 σπήλαιον
3119 4853 3293 4923 ἔθηκα
3344 4852 3579 4923 ἐμαυτὸν
3620 4850 3674 4901 ἐν
3720 4840 3863 4929 ἡμέρᾳ

2354 4921 2561 5017 γυμνόν
2581 4961 2593 4973 ⁸
2632 4946 2721 4998 ἱνα
2753 4921 3034 5007 ἐξελθόντα
3076 4959 3141 5013 με
3172 4921 3322 5013 φάγῃ
3367 4921 3435 4993 :6
3466 4939 3647 5010 θηρία.
3686 4934 3761 4995 Ὦς
3793 4921 3864 4980 οὖν

2359 5037 2576 5104 ἐγένετο
2631 5034 2861 5103 ἑσπέρα,
2894 5032 3034 5084 κατά
3093 5032 3153 5082 :6
3201 5030 3607 5099 γεγραμμένον,
3651 5025 3702 5077 '0
3744 5019 3862 5090 ἥλιος

2358 5123 2499 5191 ἐγνω
2523 5124 2618 5193 τὴν
2660 5121 2809 5174 δύσιν
2854 5119 3040 5173 αὑτοῦ.
3103 5118 3264 5171 ’Έθου
3320 5119 3530 5181 σκότος,
3578 5112 3663 5169 καὶ
3692 5106 3862 5197 ἐγένετξ

2359 5210 2474 5275 νύξ.
2523 5211 2611 5263 Ἐν
2670 5209 2804 5279 αὐτῇ
2860 5206 3221 5260 διελεύσονται
3279 5206 3457 5260 πάντα
3510 5203 3579 5257 :6
3626 5195 3763 5269 θηρία
3790 5195 3859 5279 τοῦ

2358 5295 2585 5368 δρυμοῦ.
2631 5296 2694 5348 Οἱ
2757 5294 2984 5364 σκύμνοι
3035 5295 3338 5364 ὠρυόμενοι
3391 5292 3483 5343 τοῦ
3534 5288 3752 5360 ἁρπάσαι
3791 5277 3862 5330 καὶ

2360 5387 2592 5458 ζητῆσαι
2627 5382 2777 5453 παρὰ
2810 5382 2885 5452 τῷ
2915 5382 3035 5452 Θεῴ
3095 5381 3295 5452 βρῶσιν
3326 5381 3528 5441 αὐτοῖς.
3587 5369 3863 5458 Ἑξελθὸνῖῖιῖ

2358 5454 2451 5529 οῦν
2482 5454 2530 5526 οἱ
2578 5472 2739 5541 θῆρες
2788 5472 2843 5523 ὲν
2870 5469 3054 5540 ἐκείνῃ
3104 5470 3168 5538 τῇ
3201 5468 3319 5539 ὥρα
3355 5470 3382 5519 ὅ
3432 5482 3490 5519 τε
3538 5468 3697 5536 ἄρσην
3738 5454 3857 5548 καςι-ίι

2362 5561 2548 5633 θήλεια
2578 5558 2978 5629 ώσφράνθησάν
3042 5574 3129 5628 με,
3167 5558 3273 5609 ἀπὸ
3306 5554 3481 5607 ποδῶν
3527 5554 3626 5617 ἕως
3673 5542 3859 5637 κεφαλής

2364 5648 2765 5718 περιλείξαντές
2794 5663 2881 5714 με.
2910 5644 3018 5698 K61
3044 5644 3117 5709 ώς
3149 5644 3366 5697 ἐδόκουν
3392 5641 3675 5712 βρωθῆναι,
3704 5636 3858 5695 ἀνεκωο
