4060 6526
274 240 414 301 1085

1542 232 1865 294 HISTORIA
1901 229 2265 290 LAUSIACA.

3377 229 3514 291 1086

273 363 366 420 Dei
395 362 567 434 gratia
595 374 751 431 opem
779 359 984 416 ferente
1004 358 1162 413 beato
1188 353 1437 420 Antonio,
1465 352 1588 409 facit
1613 352 1662 407 ei
1691 351 1840 407 dein-
1869 348 1914 407 Α
1939 343 2111 414 justus
2130 340 2468 434 annuntiabit
2489 334 2679 434 (Prov:
2702 356 2824 434 xui.
2851 340 2918 396 Et
2946 354 3130 434 rursus
3149 340 3276 399 alibi
3303 360 3319 399 :
3344 343 3515 417 Super

268 469 396 521 ceps
422 454 614 510 cellam
640 453 705 507 ad
746 463 851 506 tres
873 451 962 504 vel
1002 457 1230 519 quatuor
1256 444 1458 514 lapides
1505 462 1531 496 a
1561 458 1656 499 sua
1684 444 1837 497 celta.

278 546 343 601 Et
370 544 503 601 dicit
531 544 579 598 ei
608 561 624 598 :
659 543 795 598 Ecce
813 540 1008 596 Chtisti
1038 540 1230 594 virtute
1264 552 1416 604 opem
1454 535 1656 592 ferente
1682 543 1736 587 tti
1768 534 1842 587 fa-

283 647 403 689 ctus
426 649 486 689 es
514 633 824 696 monachus,
852 646 1005 685 mane
1026 630 1276 696 deinceps
1303 641 1565 689 seorsum,
1594 632 1653 679 ut
1679 626 1841 679 etiam

278 706 452 779 facias.
492 722 785 791 perieulum
832 722 1154 774 dminouum.
1202 716 1334 772 Cum
1378 728 1506 785 ergo
1558 728 1698 768 anno
1733 729 1842 768 uno

268 817 406 887 apud
436 831 495 873 se
520 815 814 871 habitasset
858 813 1053 867 Paulus
1096 807 1552 879 Simplicissimus,
1591 814 1646 862 et
1673 807 1840 876 gratia

267 908 513 978 dignatus
556 916 639 962 est
692 907 945 961 adversus
996 904 1267 958 daemones
1295 912 1351 957 et
1401 902 1653 955 adversus
1682 913 1842 954 omne

265 1014 439 1070 genus
465 998 700 1065 morbos,
731 1013 791 1053 se
812 996 1046 1067 perfecte
1066 1009 1256 1066 gerens
1279 994 1329 1049 in
1362 994 1555 1049 virtute
1577 993 1841 1049 exercita-

264 1088 450 1144 tionis.

339 1178 578 1245 Quodam
606 1190 731 1246 ergo
756 1177 843 1232 die
864 1174 1299 1231 adolescentulus
1328 1174 1418 1242 qui
1439 1188 1594 1244 supra
1625 1174 1839 1228 modum

263 1268 499 1337 graviter
524 1270 813 1322 vexabatur
839 1282 868 1321 a
896 1266 1157 1331 drntone,
1189 1267 1383 1320 allatus
1413 1274 1494 1319 est
1522 1266 1588 1318 ad
1618 1265 1831 1319 beatum

266 1358 574 1423 Antonium,
629 1358 829 1413 habens
878 1358 1222 1425 principalem
1255 1356 1604 1411 saivissimum
1635 1355 1840 1409 daemo-

265 1464 389 1506 nem
417 1448 557 1521 (67),
581 1451 668 1519 qui
697 1449 857 1504 etiam
883 1450 1051 1518 ipsum
1079 1450 1271 1504 ccclqu
1304 1447 1600 1502 maledictis
1627 1458 1681 1504 et
1711 1462 1838 1516 pro-

266 1541 380 1598 bris
416 1542 811 1612 insequehatur.
860 1541 993 1597 Cum
1024 1542 1181 1611 igitur
1208 1541 1600 1596 adolescentem
1651 1539 1839 1595 obser-

263 1642 453 1689 vasset
476 1648 698 1702 magnus
726 1634 1009 1701 Antonius,
1038 1634 1165 1688 dicit
1190 1634 1255 1687 iis
1284 1633 1370 1703 qui
1395 1649 1513 1689 eum
1538 1631 1835 1687 ducebant:

1946 448 2102 503 quem
2125 432 2426 502 respiciam,
2456 430 2623 501 inquit
2656 430 2928 497 Dominus,
2954 431 3056 486 nisi
3080 448 3238 503 super
3267 447 3517 489 mansue-

1946 531 2057 578 tum
2082 532 2137 579 et
2163 524 2411 579 humilem
2440 532 2494 577 et
2517 533 2827 578 trementem
2856 524 3013 578 verba
3037 539 3153 579 mea
3179 523 3312 596 (Ira.
3346 530 3517 582 xxvii!

1945 613 2131 671 Solent
2170 616 2315 671 enim
2356 615 2667 670 humiliores
2695 616 2963 671 daemones
2986 616 3106 687 ejici
3126 618 3193 671 ab
3220 617 3523 673 hominibus

1946 708 2052 764 ﬁde
2148 708 2540 779 principalibus
2562 748 2581 775 ,
2689 709 3009 781 principales
3035 727 3220 768 rursus
3248 714 3519 770 daemones

1946 796 2112 866 fugari
2139 798 2206 852 ab
2233 799 2541 855 humilibus.
2589 799 2712 855 llaec
2738 811 2867 867 sunt
2889 804 3140 858 miracula
3170 806 3338 861 sancti
3369 805 3520 861 Pauli

1944 887 2218 957 Simplicis
2245 898 2298 944 et
2327 890 2562 957 humilis,
2594 893 2802 960 aliaque
2825 894 2969 961 plura
2993 904 3046 949 et
3069 894 3149 951 his
3179 896 3395 966 majora.
3425 898 3522 954 llic

1944 990 2165 1037 vocatus
2194 992 2275 1037 est
2296 981 2531 1052 Simplex
2562 998 2593 1036 a
2616 993 2725 1037 tota
2755 984 3105 1042 fraternitate.

2503 1153 2729 1210 CAPUT
2760 1157 2949 1213 XXIX.

2337 1303 2457 1360 Vita
2501 1308 2697 1363 abbatis
2738 1311 2948 1366 Par/ton
2978 1316 3113 1386 (⁵10).

2012 1455 2233 1522 Quidam
2266 1457 2480 1514 Pachon
2524 1462 2758 1529 nomine,
2791 1479 2912 1519 cum
2962 1470 3292 1535 pervenisset
3323 1475 3387 1529 ad
3417 1492 3516 1531 au-

1942 1563 2069 1603 num
2099 1553 2574 1631 septuagesimum,
2600 1555 2816 1611 sedebat
2856 1557 2906 1610 in
2949 1558 3124 1615 Scete.
3170 1562 3379 1620 Accidit
3424 1584 3519 1623 aue

1944 1646 2047 1693 tem
2073 1650 2129 1693 ut
2156 1655 2253 1709 ego
2275 1651 2492 1697 vexatus
2517 1646 2586 1698 ab
2615 1644 2889 1702 atiectione
2917 1649 3157 1708 femineae
3194 1657 3517 1725 cupiditatis,

266 1727 388 1781 Non
418 1737 498 1780 est
531 1725 631 1779 hoc
658 1740 832 1780 meum
862 1740 1034 1794 opus;
1066 1740 1187 1779 nam
1214 1732 1396 1780 Colllra
1428 1724 1569 1780 hunc
1597 1725 1837 1779 ordinem
1872 1707 1919 1766 Β
1952 1733 2463 1804 cogitationibusque
2503 1746 2556 1790 et
2576 1739 2707 1792 visis
2736 1742 3029 1804 nocturnis,
3064 1707 3519 1805 ferremrdifficili:

269 1817 596 1881 dmmouum,
637 1829 827 1885 nempe
868 1815 1236 1886 principalem,
1265 1816 1499 1871 nondum
1542 1831 1658 1871 sum
1679 1815 1841 1870 dona-

263 1917 357 1964 tus
384 1910 573 1980 gratia,
601 1907 693 1964 sed
723 1908 837 1963 haec
862 1916 945 1963 est
975 1908 1118 1963 Pauli
1143 1908 1308 1979 gratia
1333 1908 1617 1977 Simplicis.
1642 1907 1840 1964 Abiens

264 2017 397 2073 ergo
448 2018 667 2072 magnus
697 2002 962 2058 Antonius
1004 2003 1071 2057 ad
1117 2004 1547 2072 probatissimum
1600 2003 1842 2070 Paulum,

263 2094 414 2163 ipsos
441 2110 652 2164 quoque
680 2096 918 2158 deduxit,
951 2104 1005 2151 et
1033 2096 1163 2151 dicit
1190 2096 1238 2151 ei
1269 2115 1283 2150 :
1314 2097 1463 2152 Abba
1496 2097 1675 2163 Paule,
1706 2098 1839 2167 ejice

265 2187 413 2241 hunc
441 2187 736 2242 daemonem
766 2188 833 2242 ab
862 2186 962 2242 hoc
992 2187 1227 2250 homine,
1259 2196 1313 2240 ut
1349 2202 1512 2241 sanus
1537 2187 1602 2241 ad
1629 2202 1720 2242 sua
1750 2205 1837 2243 re-

264 2276 417 2343 deat,
440 2286 495 2331 et
516 2278 793 2331 Dominum
818 2275 1096 2347 glorificet.
1127 2276 1263 2331 Dicit
1285 2277 1331 2330 ei
1359 2275 1550 2331 Paulus
1573 2291 1588 2330 :
1612 2276 1689 2331 Tu
1714 2292 1842 2332 Vero

264 2366 439 2435 quid?
488 2366 620 2419 Dicit
669 2368 716 2420 ei
750 2367 1011 2420 Antonius
1056 2381 1070 2418 :
1122 2364 1232 2419 Non
1274 2374 1357 2420 est
1383 2366 1510 2420 mihi
1540 2364 1727 2435 otium,
1761 2377 1841 2420 est

266 2455 412 2510 aliud
438 2455 579 2524 quod
612 2471 787 2526 agam.
822 2457 884 2510 Et
913 2457 1095 2511 relicto
1126 2456 1233 2510 illic
1261 2471 1445 2524 puero,
1487 2471 1732 2512 reversus
1761 2466 1842 2512 est

265 2562 495 2617 magnus
539 2547 800 2603 Antonius
846 2549 897 2601 in
925 2562 1075 2602 suam
1104 2548 1312 2602 cellam.
1344 2549 1473 2602 Cum
1502 2564 1627 2619 ergo
1656 2564 1839 2604 surre-

268 2642 441 2696 xisset
478 2641 734 2696 innocens
761 2653 950 2707 senex,
986 2649 1039 2695 et
1077 2639 1346 2694 efficacem
1389 2636 1613 2694 fudisset
1641 2640 1839 2694 oratio-

267 2748 422 2800 nem,
453 2733 583 2788 dicit
611 2746 902 2801 provocans
928 2731 1313 2786 daemoniacum
1343 2748 1355 2785 :
1387 2730 1707 2787 Dixitabbas
1730 2733 1843 2786 An-

264 2821 464 2888 tonius,
491 2824 760 2894 Egredere
777 2823 844 2878 ah
868 2822 1101 2879 homine.
1130 2823 1344 2877 Daemon
1367 2832 1543 2877 autem
1570 2837 1691 2878 cum
1718 2839 1841 2891 pro-

264 2913 382 2971 bris
400 2929 462 2969 ac
484 2913 777 2969 maledictis
798 2913 1148 2977 exclamabat,
1177 2913 1358 2969 dicens
1392 2930 1406 2965 :
1434 2912 1551 2967 Non
1572 2912 1834 2983 egrediar,

263 3004 470 3073 helluo,
504 3020 665 3060 senex
697 3004 810 3075 (68)
837 3013 1076 3074 nugator.
1105 3006 1333 3071 Accepta
1366 3003 1539 3071 itaque
1567 3004 1703 3072 pelle
1731 3018 1829 3058 sua

1950 1829 2051 1875 ter.
2083 1821 2324 1892 Cumque
2356 1840 2540 1892 parum
2579 1827 2789 1882 abesset
2817 1832 2942 1899 quin
2974 1843 3191 1903 propter
3220 1836 3355 1892 hanc
3395 1851 3516 1894 ten-

1947 1909 2204 1963 tationem
2254 1911 2454 1966 exirem
2482 1928 2512 1967 e
2555 1915 2858 1981 solitudine,
2894 1922 3032 1989 quod
3085 1938 3169 1977 me
3216 1925 3332 1981 hare
3357 1930 3519 1984 animi
3588 1923 3591 1925 ’

1946 2002 2277 2069 perturbatio
2321 2015 2504 2073 ageret
2548 2007 3033 2078 vehementissime,
3086 2014 3274 2070 vicinis
3301 2019 3515 2087 quidem

1945 2091 2078 2144 meis
2105 2106 2218 2145 rem
2244 2107 2348 2147 non
2374 2096 2625 2162 exposui:
2649 2098 2742 2152 sed
2770 2114 2940 2170 neque
2962 2117 3081 2157 meo
3107 2106 3357 2175 magistro
3385 2109 3520 2161 Eva-

1942 2181 2059 2250 grio
2089 2180 2221 2254 [At.,
2256 2182 2498 2257 Eulogio]
2532 2203 2544 2239 :
2578 2186 2671 2242 sed
2702 2188 2929 2246 latenter
2956 2194 3172 2250 veniens
3194 2196 3246 2250 in
3271 2198 3515 2253 solitudi-

1944 2284 2064 2325 nem
2096 2272 2397 2340 quindecim
2448 2275 2639 2331 diebus
2676 2290 2919 2335 versatus
2948 2298 3065 2336 sum
3111 2298 3231 2339 cum
3276 2287 3515 2355 patribus

1945 2364 2349 2419 senescentibus
2379 2366 2430 2419 in
2454 2367 2761 2436 solitudine,
2789 2372 2876 2440 qui
2901 2382 3055 2427 erant
3085 2374 3137 2429 in
3163 2375 3339 2431 Scete.
3370 2377 3517 2433 Inter

1946 2467 2077 2522 quos
2107 2454 2266 2509 incidi
2291 2455 2450 2509 etiam
2474 2457 2527 2510 in
2557 2467 2797 2514 sanctum
2828 2460 2996 2516 virum
3028 2463 3348 2521 Pachonem.
3380 2466 3513 2522 Cum

1950 2557 2078 2612 ergo
2105 2544 2427 2601 invenissem
2456 2562 2577 2602 eum
2605 2548 2952 2607 sinceriorem
2981 2564 3031 2607 et
3055 2555 3223 2624 magis
3253 2567 3516 2617 versatum

1946 2634 1999 2687 in
2021 2636 2421 2704 exercitatione,
2442 2653 2602 2695 ausus
2622 2655 2739 2695 sum
2758 2642 2808 2698 ei
2829 2658 3006 2698 meum
3030 2646 3263 2701 animum
3286 2649 3516 2717 aperire.

1944 2722 2089 2780 Dixit
2119 2735 2296 2781 autem
2338 2729 2467 2783 mihi
2512 2730 2607 2786 ille
2637 2744 2853 2788 sanctus
2885 2751 2899 2787 :
2932 2734 3008 2789 Ne
3038 2736 3130 2790 tibi
3160 2737 3400 2793 videatur
3428 2756 3516 2796 res

1942 2807 2073 2863 mira
2095 2811 2338 2868 etaliena
2365 2830 2379 2878 ;
2414 2813 2515 2869 huc
2540 2816 2680 2870 enim
2713 2832 2818 2873 non
2842 2818 2935 2873 tibi
2960 2822 3156 2877 accidit
3182 2825 3249 2879 ob
3275 2824 3515 2890 delicias,

1944 2900 2216 2970 otiumque
2238 2912 2293 2956 et
2322 2904 2717 2974 negligentiam.
2750 2907 2882 2961 Nam
2912 2916 2967 2963 et
3006 2925 3183 2966 mores
3225 2913 3317 2968 tibi
3339 2916 3517 2970 ferunt

1947 2990 2332 3057 testimonium,
2364 3004 2415 3048 et
2443 2997 2658 3062 penuria
2688 3011 2872 3051 eorum
2893 3014 3012 3069 quae
3038 3011 3164 3055 sunt
3190 3005 3513 3070 necessaria,

263 3097 449 3162 milia,
482 3097 795 3152 verberabat
826 3112 948 3152 eum
979 3097 1033 3151 in
1066 3105 1231 3166 ιειιδο,
1263 3097 1446 3151 dicens
1481 3114 1494 3150 ε
1546 3097 1837 3167 Egredere,
1872 3067 1918 3132 C
1949 3090 2005 3134 et
2032 3081 2171 3149 quod
2216 3082 2357 3136 nulla
2389 3083 2455 3137 sit
2484 3086 2569 3139 hic
2616 3087 2707 3139 tibi
2737 3090 3068 3144 consuetudo
3109 3106 3228 3145 cum
3268 3092 3518 3162 feminis;

262 3188 404 3242 dixit
426 3188 590 3243 abbas
612 3188 893 3243 Antonius.
928 3188 1144 3242 Daamon
1170 3197 1344 3242 autem
1376 3186 1673 3242 maledictis
1701 3188 1844 3243 inse-

262 3278 533 3349 quebatur
572 3279 791 3333 Paulum
832 3288 886 3334 et
910 3279 1217 3333 Antonium.
1244 3278 1530 3334 Ilelluones
1564 3279 1648 3333 isti
1678 3281 1727 3333 in
1756 3296 1843 3333 se-

262 3378 484 3423 nectute
531 3367 671 3439 (69),
720 3369 1007 3434 veternosi,
1064 3368 1419 3433 insatiabiles,
1473 3373 1560 3437 qui
1619 3370 1845 3438 propriis

264 3472 534 3529 nunquam
566 3468 691 3515 sunt
718 3459 974 3525 contenti,
1007 3458 1132 3527 quid
1158 3467 1237 3513 est
1266 3459 1413 3512 vobis
1436 3474 1719 3514 commune
1748 3475 1843 3513 nn-

264 3550 474 3604 hiscum
498 3548 522 3603 7
546 3550 670 3620 quid
701 3550 752 3603 in
784 3564 880 3603 nos
916 3549 1175 3604 exercetis
1206 3549 1537 3619 tyrannidem
1563 3550 1583 3602 ?
1606 3549 1842 3603 Tandem

262 3641 404 3696 dicit
447 3643 494 3695 ei
547 3641 738 3696 Paulus
771 3657 783 3695 :
817 3644 919 3695 Aut
950 3640 1138 3706 exibis,
1170 3650 1257 3695 aut
1302 3643 1436 3695 abeo
1483 3652 1538 3694 ut
1590 3643 1640 3695 id
1671 3644 1842 3697 dicam

262 3731 506 3797 Christo,
532 3733 680 3802 irque
718 3732 873 3786 faciet
894 3742 950 3785 ut
991 3732 1059 3785 sit
1090 3731 1180 3785 tibi
1211 3747 1306 3785 vae.
1343 3732 1406 3785 At
1435 3730 1613 3785 Jesum
1638 3748 1848 3802 quoque

270 3821 487 3890 probris
536 3830 589 3876 et
617 3821 912 3875 maledictis
958 3820 1315 3875 insectabatur
1359 3820 1577 3876 immitis
1620 3822 1707 3876 ille
1734 3823 1846 3878 da:-

258 3920 417 3975 r‘non,
458 3912 692 3966 clamans
725 3910 881 3965 :Non
924 3911 1100 3966 exibo.
1156 3911 1228 3965 Ea
1256 3911 1323 3966 de
1350 3926 1505 3965 causa
1539 3912 1845 3983 indignatus

260 4000 466 4054 Paulus
495 4000 747 4055 adversiis
775 4000 1092 4063 dazmonem,
1144 4014 1390 4068 egressus
1420 4011 1499 4056 est
1529 4018 1558 4056 e
1585 4018 1684 4056 suo
1714 4003 1841 4056 hos-

260 4090 399 4159 pitio
431 4091 482 4143 in
514 4091 628 4158 ipso
652 4100 845 4157 puncto
874 4088 1110 4144 meridiei
1132 4106 1146 4155 ;
1171 4090 1322 4143 aestui
1356 4100 1531 4144 autem
1564 4091 1845 4163 Egyptio-

259 4193 387 4232 rum
438 4179 717 4233 intercedit
775 4181 1022 4249 cognatio
1076 4194 1194 4233 cum
1250 4182 1464 4235 fornace
1534 4181 1844 4253 Babylonia.

262 4268 433 4324 Stans
483 4284 611 4338 ergo
657 4281 871 4323 saueius
922 4283 1083 4323 senex
1118 4280 1362 4339 tanquam
1395 4270 1642 4326 columna
1687 4288 1849 4340 super

260 4368 471 4428 petram
496 4398 511 4422 ,
552 4360 630 4414 sic
655 4368 772 4413 orat
809 4357 1098 4427 Christum,
1131 4359 1316 4414 dicens
1349 4379 1359 4411 :
1395 4360 1473 4414 Tu
1514 4361 1682 4428 vides,
1716 4364 1843 4418 Jesu

1945 3169 2041 3224 sed
2070 3171 2245 3239 potius
2291 3171 2391 3226 hoc
2424 3173 2511 3228 tibi
2544 3177 2735 3231 accidit
2763 3178 2831 3232 ab
2853 3180 3159 3236 adversario
3189 3183 3256 3238 ob
3282 3186 3515 3241 studium

1950 3260 2185 3315 virtutis.
2220 3261 2315 3316 Est
2340 3263 2483 3317 enim
2515 3264 2707 3333 triplex
2734 3267 2905 3322 hostis
2926 3271 3016 3337 qui
3058 3271 3283 3337 impellit
3307 3274 3374 3327 ad
3404 3275 3520 3329 for-

1950 3353 2288 3408 nicationem.
2320 3356 2616 3425 Aliquando
2655 3360 2797 3411 enim
2841 3372 2940 3411 nos
2976 3373 3105 3414 caro
3139 3359 3345 3416 invadit
3367 3363 3518 3419 luxu-

1946 3446 2112 3513 rians,
2143 3458 2195 3501 et
2219 3463 2338 3517 qua
2368 3449 2526 3504 nimis
2556 3450 2694 3504 laute
2721 3460 2774 3505 et
2803 3451 3025 3505 delicate
3054 3461 3137 3506 est
3163 3464 3386 3521 curata;
3422 3458 3519 3510 ali.

1946 3538 2157 3603 quando
2178 3530 2436 3591 autem-iu
2469 3554 2567 3594 nos
2601 3540 2877 3609 insurgunt
2907 3550 3083 3595 tuotus
3113 3544 3274 3597 animi
3308 3557 3522 3614 propter

1945 3630 2332 3696 cogitationes;
2378 3630 2663 3699 aliquando
2705 3643 2881 3685 autem
2929 3633 3041 3699 ipse
3070 3649 3284 3704 quoque
3311 3635 3521 3693 damon

1948 3718 1999 3772 in
2040 3735 2139 3775 nos
2179 3732 2392 3774 exercet
2441 3722 2773 3792 tyrannidem
2822 3732 3039 3791 pr0pter
3081 3724 3368 3791 invidiam;
3400 3742 3521 3782 nam

1896 3879 1907 3888 O
1948 3822 2047 3878 ego
2075 3825 2291 3879 quoque
2332 3812 2496 3865 multa
2527 3812 2844 3879 observans,
2890 3814 2990 3867 hoc
3018 3814 3213 3868 inveni.
3244 3815 3385 3872 Ecce
3413 3833 3520 3883 me,

1949 3910 2005 3954 ut
2028 3902 2198 3967 vides,
2229 3903 2496 3957 hominem
2525 3920 2745 3972 senem;
2777 3922 2895 3960 cum
2921 3908 3030 3976 jam
3062 3909 3522 3977 quadrageslmuut

1947 4007 2143 4047 annum
2170 3994 2357 4063 degam
2390 3997 2441 4051 in
2471 3997 2569 4054 hac
2592 3999 2744 4063 cella,
2777 4014 2959 4053 curam
2998 4015 3189 4069 gerens
3219 4017 3351 4057 mea:
3378 4005 3520 4057 salu-

1950 4084 2038 4149 tis,
2067 4094 2121 4140 et
2150 4087 2217 4141 ad
2257 4087 2394 4143 hanc
2431 4098 2640 4145 mtatem
2672 4094 3025 4159 pervenerim,
3057 4103 3230 4147 lentor
3272 4109 3437 4164 usque
3467 4098 3521 4151 iu

1949 4176 2265 4232 hodiernum
2294 4180 2455 4235 diem.
2489 4181 2555 4235 Et
2598 4183 2795 4249 juravit
2834 4184 3018 4238 dicens
3048 4200 3063 4240 :
3096 4184 3213 4239 Jam
3241 4187 3520 4244 duodecim

1947 4268 2104 4322 annis
2150 4280 2426 4340 postquam
2480 4272 2708 4341 transegi
2750 4288 2944 4326 annum
3002 4276 3519 4344 quinquagesimum.

1951 4362 2148 4416 nullam
2171 4364 2311 4418 diem
2342 4380 2441 4419 nec
2466 4375 2674 4420 noctem
2697 4364 2981 4421 intermisit
3002 4383 3102 4435 qua
3134 4384 3217 4423 me
3243 4386 3346 4422 non
3379 4370 3523 4424 inva~

257 4450 500 4515 Christe,
533 4450 621 4516 qui
665 4450 805 4503 fuisti
838 4452 1122 4505 cruciﬁxus
1168 4452 1264 4505 sub
1309 4452 1501 4506 Pontio
1532 4452 1725 4521 Pilato,
1759 4470 1844 4509 me
1873 4429 1927 4488 Ῑ)
1953 4455 2105 4507 serit.
2144 4453 2273 4508 Cum
2306 4455 2480 4524 itaque
2527 4457 2826 4524 suspicatus
2854 4429 3033 4512 essent.
3068 4458 3232 4511 Deum
3265 4475 3293 4513 a
3325 4476 3410 4514 me
3439 4476 3523 4515 re-

261 4555 375 4595 non
408 4543 787 4596 descensurum
833 4558 894 4597 ex
929 4544 1027 4598 hac
1076 4552 1249 4612 petra,
1307 4559 1479 4613 neque
1504 4562 1717 4600 esurum
1748 4563 1848 4601 nec

265 4632 563 4687 bibiturum
589 4633 760 4687 donec
807 4635 1022 4701 moriar,
1068 4634 1288 4691 nisime
1333 4652 1471 4691 nunc
1498 4638 1750 4705 audieris,
1793 4649 1849 4695 et

261 4720 416 4775 hunc
446 4724 744 4776 dmmonem
772 4723 838 4777 ab
870 4723 1083 4778 homine
1114 4724 1356 4794 ejeceris,
1387 4734 1437 4782 et
1468 4743 1498 4782 a
1527 4730 1713 4796 spiritu
1746 4730 1849 4784 im-

261 4811 475 4866 mundo
522 4813 691 4881 ipsum
726 4814 1050 4869 liberaveris.
1082 4814 1268 4871 Adhuc
1296 4831 1417 4872 cum
1442 4817 1568 4873 Jesu
1599 4819 1849 4888 loquente

249 4903 493 4973 simplici
508 4915 560 4957 et
575 4905 755 4958 humili
776 4906 1271 4976 Paulo,priusquam
1287 4910 1398 4977 ipse
1414 4924 1595 4977 preces
1610 4911 1850 4978 perfecis-

249 5002 371 5059 Sel,
385 4994 932 5061 exclamavitdaemon,
948 4999 1160 5052 dicens:
1180 4999 1408 5063 Recedo,
1424 5002 1695 5070 recedo,vi
1709 5018 1849 5071 egre-

250 5088 409 5151 dior,
435 5097 485 5142 et
510 5103 602 5156 per
626 5090 957 5160 tyrannidem
985 5091 1260 5159 expellor;
1284 5092 1497 5146 discedo
1518 5094 1583 5147 ab
1609 5092 1844 5161 homine,

248 5197 374 5236 non
404 5184 625 5249 amplius
654 5184 719 5237 ad
742 5200 862 5238 eum
903 5186 1118 5239 accedo.
1154 5182 1297 5237 Pauli
1332 5186 1638 5254 simplicitas
1668 5195 1721 5239 et
1748 5185 1849 5239 liu-

247 5270 465 5325 militas
490 5287 573 5325 me
599 5272 836 5341 expellit,
866 5288 1037 5342 neque
1063 5274 1177 5329 scio
1203 5290 1307 5343 quo
1335 5276 1541 5329 abeam.
1570 5275 1846 5330 Protinus-

244 5359 531 5430 que-exiit
557 5361 788 5429 daemon,
823 5373 876 5417 et
906 5371 1139 5419 mutatus
1189 5376 1270 5419 est
1299 5366 1354 5419 in
1402 5367 1689 5420 maximum
1721 5366 1846 5420 dra-

242 5465 457 5507 conem
483 5453 691 5507 circiter
712 5456 1047 5523 septuaginta
1076 5456 1399 5524 cubitorum,
1434 5459 1588 5513 reccd
1599 5460 1739 5527 itque
1762 5473 1848 5513 re-

240 5550 425 5612 ptans
456 5542 507 5596 in
538 5558 683 5596 mare
731 5543 965 5600 Rubrum
1022 5556 1079 5601 ut
1107 5547 1415 5614 impleretur
1458 5552 1595 5614 quod
1646 5551 1842 5602 dictum

238 5644 354 5693 est
384 5649 475 5706 per
497 5646 737 5692 sanctum
767 5634 1019 5705 Spiritum
1048 5657 1063 5694 :
1097 5638 1280 5694 Fidem
1300 5656 1417 5713 quae
1445 5626 1843 5696 demonstratur

1953 4546 2198 4610 cessisse,
2230 4547 2652 4616 quandoquidem
2686 4559 2828 4603 tanta
2852 4549 2902 4601 in
2932 4565 3018 4603 me
3045 4549 3253 4603 daemon
3284 4561 3523 4606 uteretur
3560 4586 3565 4589 -

1955 4645 2235 4705 potestate,
2290 4640 2463 4706 potius
2491 4639 2662 4708 delegi
2697 4641 2827 4693 mori
2866 4641 3067 4709 absque
3098 4643 3319 4705 ratione,
3362 4659 3522 4711 quam

1957 4728 2082 4780 vitio
2127 4727 2516 4796 aliectioneque
2564 4729 2840 4796 corporis.
2890 4745 2976 4784 me
3029 4733 3254 4797 turpiter
3306 4748 3519 4801 gerere.

1954 4818 2316 4888 Egressusque
2355 4834 2385 4872 a
2414 4820 2548 4874 cella
2580 4833 2717 4885 mea,
2746 4830 2799 4873 et
2824 4822 3010 4876 obiens
3040 4824 3400 4889 solitudinem,
3436 4826 3519 4878 in-

1954 4910 2071 4961 veni
2104 4909 2408 4977 speluncam
2443 4910 2662 4980 hyaenae.
2710 4909 2762 4963 In
2793 4925 2949 4979 quam
2980 4915 3287 4980 speluncam
3318 4930 3403 4970 me
3426 4932 3523 4969 ηιμ

1954 5001 2078 5054 dum
2105 5000 2298 5053 immisi
2330 5008 2440 5054 toto
2466 5000 2572 5065 die,
2600 5000 2799 5054 utferm
2825 5016 3052 5069 egressae
3079 5018 3162 5057 me
3185 5004 3518 5060 devorarent.

1954 5092 2237 5160 Postquam
2281 5102 2455 5146 autem
2495 5094 2592 5146 fuit
2635 5108 2888 5162 vespera,
2935 5106 3088 5159 prout
3115 5098 3371 5163 scriptum
3417 5108 3522 5163 est,

1953 5180 2044 5235 Sol
2067 5181 2317 5249 cognovit
2338 5196 2605 5235 occasum.
2640 5182 2866 5236 Posuisti
2899 5184 3165 5247 tenebras,
3198 5196 3252 5239 et
3284 5187 3417 5240 facta
3443 5196 3524 5241 est

1956 5288 2081 5325 nox.
2116 5271 2168 5325 ln
2201 5272 2313 5339 ipsa
2345 5274 2641 5327 transibunt
2686 5288 2872 5328 omnes
2921 5274 3101 5328 bestia:
3151 5275 3321 5330 silvae.
3353 5277 3524 5331 Catu'i

1951 5363 2162 5417 leonum
2190 5364 2459 5432 rugientes
2486 5373 2541 5417 ut
2570 5364 2778 5432 rapiant
2805 5373 2857 5419 et
2886 5374 3127 5434 quaerant
3155 5382 3184 5419 a
3209 5367 3316 5421 Deo
3340 5383 3515 5421 eseam

1950 5453 2048 5509 sibi
2081 5453 2250 5523 (Psal.
2283 5457 2421 5523 cui).
2470 5454 2718 5526 Egressze
2760 5472 2887 5526 ergo
2918 5457 3040 5511 ferae
3082 5458 3135 5512 in
3166 5459 3250 5513 illa
3283 5459 3434 5525 liora,
3466 5469 3522 5514 et

1951 5548 2219 5602 masculus
2260 5555 2312 5602 et
2358 5547 2574 5610 femina,
2623 5563 2708 5603 me
2737 5562 2765 5601 a
2797 5549 3016 5615 pedibus
3043 5550 3109 5605 ad
3151 5562 3307 5619 caput
3353 5566 3520 5619 usque

1951 5640 2156 5696 odorati
2188 5647 2327 5705 sunt,
2363 5640 2845 5710 circumlingeutes.
2889 5640 3129 5712 Cuntque
3152 5652 3522 5712 exspectarem
