4060 6516
584 229 723 293 £087

2042 224 2365 285 PALLADII

3703 228 3825 289 1088

588 372 704 425 fore
743 376 800 421 ut
826 364 1131 427 devorarer,
1163 373 1190 412 a
1218 371 1305 413 me
1340 361 1698 412 recesserunt.
1726 350 1861 405 Cum
1892 363 2020 427 ergo
2048 348 2154 402 illic
2183 353 2231 411 Α
2256 346 2713 411 rescinderentur,
2740 360 2847 400 non
2873 359 3028 401 secus
3053 358 3118 400 ac
3141 344 3187 399 si
3216 351 3400 400 essent
3429 341 3520 413 pili
3538 340 3828 409 immites,

591 469 699 517 tota
727 466 880 512 nocte
902 455 1210 525 jacuissem,
1244 465 1351 505 non
1391 445 1468 503 fui
1494 446 1799 501 devoratus.
1832 442 2160 496 Existimans

589 552 723 622 ergo
741 551 905 606 Deum
934 548 1150 603 omnino
1173 542 1302 598 mihi
1324 538 1650 611 pepercisse,
1681 534 1910 591 surrexi.
1956 533 2161 586 Rursus

594 658 722 700 vero
750 641 802 695 in
844 638 1033 693 cellam
1074 634 1229 690 redii.
1279 633 1411 687 Cum
1458 638 1634 683 autem
1678 641 1738 682 se
1766 625 1946 696 paucis
1976 622 2161 676 diebus

593 730 937 790 continuisset
982 729 1210 791 daemon,
1255 738 1341 777 me
1388 730 1470 775 est
1519 719 1739 773 adortus
1788 714 2162 770 vehementius

598 840 755 895 quam
783 831 960 887 antea,
992 827 1053 873 ut
1074 830 1259 886 parum
1288 811 1515 867 abfuerit
1554 810 1679 879 quin
1709 809 2159 873 blaSphcmarem.

595 916 1022 973 Transformatus
1047 909 1189 964 enim
1219 921 1339 961 cum
1362 912 1504 958 esset
1529 901 1838 970 in-puellam
1870 896 2166 964 Ethiopis—

598 1023 731 1073 sam,
764 1019 921 1072 quam
952 1004 1004 1055 in
1033 1013 1149 1054 mea
1175 998 1451 1067 iuventute
1480 993 1712 1046 videram
1754 998 1942 1045 aestate
1991 987 2166 1055 Spicas

598 1098 883 1165 legentem,
915 1106 977 1148 ea
1019 1088 1147 1143 mihi
1198 1090 1307 1140 visa
1350 1095 1432 1141 est
1461 1084 1594 1138 meis
1624 1081 1855 1136 insidere
1900 1079 2164 1149 genibus;

598 1201 787 1253 meque
810 1198 977 1252 usque
1005 1181 1139 1235 adeo
1168 1178 1457 1234 commovit
1484 1185 1539 1229 ut
1562 1184 1801 1243 putarem
1843 1186 1931 1227 me
1957 1186 2076 1224 cum
2104 1185 2164 1224 ea

597 1276 847 1333 coivisse.
877 1274 1078 1329 Furore
1106 1284 1232 1340 ergo
1271 1268 1505 1338 percitus
1556 1266 1745 1333 impegi
1775 1263 1822 1317 ei
1850 1261 2165 1328 colaphum;

599 1381 767 1435 eaque
794 1366 873 1420 sic
919 1363 1150 1419 evanuit.
1188 1353 1309 1414 Hoc
1350 1367 1526 1413 autem
1570 1357 1699 1410 mihi
1726 1354 1886 1408 crede
1931 1352 2166 1407 dicenti:

600 1459 815 1515 biennio
842 1472 944 1512 non
976 1464 1211 1524 poteram
1246 1452 1384 1507 ferre
1406 1465 1593 1505 manus
1616 1464 1748 1502 mete
1767 1445 2011 1501 fetorem.
2041 1446 2168 1497 Cum

602 1565 728 1617 ergo
758 1549 859 1602 liae
885 1548 951 1601 de
979 1560 1136 1601 causa
1169 1542 1342 1612 pusilli
1365 1551 1417 1594 et
1444 1538 1634 1606 abiecti
1665 1537 1823 1590 animi
1854 1538 2168 1599 evasisscm,

600 1649 651 1695 et
683 1640 749 1693 de
772 1653 858 1693 me
882 1651 1093 1692 omnem
1112 1647 1258 1701 spem
1286 1630 1618 1699 abiecissem,
1647 1641 1895 1697 egressus
1916 1640 2032 1680 sum
2054 1638 2173 1693 per-

2261 438 2334 493 ita
2373 438 2568 491 mansit
2606 437 2989 504 immutabilis,
3029 447 3135 491 tam
3170 436 3450 505 insigniter
3475 444 3532 490 et
3560 436 3834 490 admirabi-

2260 527 2382 583 liter
2401 536 2517 583 erat
2543 542 2574 581 a
2605 529 2716 583 Deo
2760 527 3071 582 instructus.
3115 526 3249 582 Cum
3292 540 3390 580 nos
3416 533 3628 589 autem,
3651 524 3829 593 inquit,

2261 619 2453 689 partim
2507 634 2857 691 angeremur,
2889 621 3081 687 partim
3124 633 3253 675 vero
3305 627 3658 682 terreremur,
3702 617 3833 686 quod

2262 711 2394 766 tanti
2426 710 2525 765 viri
2557 710 2683 766 talis
2717 711 2826 765 vita
2853 711 2905 764 in
2938 718 3143 765 tantum
3174 710 3419 765 morbum
3461 708 3765 773 incidisset,
3788 719 3839 764 ct

2265 802 2399 856 tales
2424 800 2752 856 medicorum
2780 802 3135 869 exsectiones,
3166 808 3380 856 nostras
3423 810 3609 857 autem
3638 802 3839 869 cogita-

2266 891 2440 947 tiones
2462 892 2717 947 sensisset
2748 891 2933 947 beatus
2960 892 3261 960 Stephanus
3298 892 3509 948 dicebat
3531 893 3697 948 nobis
3728 910 3742 943 :
3774 892 3845 947 Na

2265 994 2334 1036 ex
2360 981 2547 1037 hac're
2564 980 2931 1044 oll'endamini,
2960 996 2992 1036 o
3015 981 3107 1035 ﬁlii
3138 996 3156 1048 ;
3201 981 3332 1036 nihil
3360 984 3502 1036 enim
3531 982 3679 1052 quod
3712 981 3845 1036 Deus

2268 1069 2418 1139 facit,
2449 1070 2516 1125 ad
2544 1071 2740 1124 malum
2774 1086 3004 1140 unquam
3039 1071 3181 1135 facit,
3216 1071 3311 1126 sed
3338 1072 3407 1126 ad
3437 1073 3638 1127 bonum
3670 1072 3844 1127 ﬁnem.

2272 1164 2523 1219 Fortasse
2564 1166 2710 1219 enim
2753 1165 2991 1219 membra
3036 1164 3377 1219 merebantur
3419 1165 3773 1234 supplicium,
3802 1176 3849 1220 et

2269 1258 2460 1312 melius
2481 1266 2564 1313 est
2589 1272 2655 1313 ea
2688 1257 2774 1313 hic
2802 1257 2931 1312 dare
2969 1272 3175 1327 poenas,
3204 1273 3363 1327 quam
3412 1268 3534 1327 post
3563 1271 3852 1313 excessum

2269 1366 2335 1406 ex
2365 1350 2466 1405 hoc
2491 1350 2683 1404 stadio.
2710 1349 2842 1403 Cum
2866 1364 2964 1403 nos
2987 1364 3115 1418 ergo
3138 1349 3216 1403 sic
3241 1357 3325 1404 est
3350 1350 3599 1403 hortatus
3617 1389 3635 1413 ,
3658 1359 3715 1402 et
3741 1363 3855 1402 ver-

2272 1441 2354 1496 bis
2383 1439 2719 1495 contirmavit
2745 1439 2811 1493 ad
2846 1439 3204 1504 tolerantiam,
3245 1439 3530 1494 :edificavit
3553 1438 3623 1492 ad
3654 1439 3854 1493 fortiter

2274 1530 2519 1587 ferendas
2545 1529 2880 1585 afﬂictiones.
2909 1530 3033 1585 Haec
3057 1538 3235 1585 autem
3259 1530 3492 1593 narravi,
3520 1544 3593 1585 ne
3615 1529 3854 1584 videatur

2272 1620 2433 1676 nobis
2462 1622 2714 1686 alienum,
2739 1620 2949 1689 quando
2977 1621 3268 1677 viderimus
3297 1622 3504 1692 aliquos
3521 1630 3750 1679 sanctos
3776 1621 3855 1676 in.

602 1744 789 1786 errans
836 1738 1035 1783 vastam
1076 1723 1438 1788 solitudinem,
1480 1730 1533 1775 et
1564 1720 1737 1774 inveni
1788 1731 2003 1785 parvam
2031 1717 2173 1784 aspi-
2208 1712 2249 1770 Β
2277 1713 2472 1770 cidisse
2496 1714 2549 1768 in
2572 1712 2707 1768 tales
2734 1713 3088 1768 calamitates.

597 1823 743 1878 dem.
774 1821 941 1887 Quam
962 1833 1081 1873 cum
1115 1816 1462 1884 accepissem,
1489 1826 1605 1867 eam
1629 1810 1891 1865 admoveo
1918 1808 2053 1862 meis
2078 1822 2168 1876 ge-

599 1915 868 1976 nitalibus,
900 1921 957 1966 ut
976 1910 1056 1964 vel
1086 1909 1161 1962 sic
1189 1921 1395 1960 morsus
1423 1918 1696 1967 morerer;
1731 1910 1926 1954 etcum
1968 1898 2045 1953 eis
2075 1913 2166 1950 ca-

602 2018 701 2078 put
722 2003 961 2059 virilibus
976 2001 1347 2069 applicassem,
1379 2006 1432 2050 ut
1460 2010 1578 2065 quae
1604 1992 1731 2047 mihi
1760 1990 1979 2045 fuissent
2010 2003 2168 2043 causa

600 2093 924 2156 tentationis,
977 2106 1044 2145 ne
1080 2090 1155 2143 sic
1195 2087 1409 2156 quidem
1463 2098 1670 2138 morsus
1699 2096 1815 2136 Sum
1844 2081 2022 2150 gratiae
2052 2093 2172 2147 pro-

599 2182 851 2243 videntia.
902 2182 1028 2238 Post
1072 2180 1185 2233 haec
1229 2188 1402 2232 autem
1449 2176 1633 2231 audivi
1671 2188 1855 2228 vocem
1902 2172 2168 2226 dicentem

604 2279 734 2333 mihi
778 2277 832 2331 in
878 2289 993 2330 mea
1045 2273 1412 2342 cogitatione:
1455 2268 1575 2333 Abi,
1640 2266 1873 2333 Pachon,
1922 2263 2169 2323 decerta;

600 2370 726 2425 ideo
753 2366 893 2423 enim
936 2351 1151 2435 permisi
1178 2366 1230 2416 in
1259 2371 1310 2415 te
1337 2369 1535 2414 tantam
1569 2357 1804 2412 exerceri
1834 2362 2167 2422 potestatem,

603 2478 671 2518 ne
701 2461 794 2516 tibi
828 2466 967 2515 esset
995 2456 1186 2512 elatior
1213 2461 1270 2509 et
1298 2451 1632 2522 arrogantior
1659 2448 1899 2517 spiritus,
1952 2445 2193 2515 perinde'

602 2567 668 2607 ac
695 2553 806 2619 ipse
833 2561 1017 2614 posses
1063 2546 1198 2598 hanc
1225 2555 1477 2610 superare
1497 2539 1832 2594 aﬂ'ectionem
1866 2555 1879 2591 :
1905 2537 1997 2590 sed
2031 2545 2171 2588 tuam

600 2653 917 2712 agnosceres
946 2635 1383 2696 imbecillitatem,
1424 2640 1481 2686 et
1524 2631 1578 2684 in
1627 2638 1731 2683 tua:
1764 2628 2171 2681 vitte‘iostituto

605 2744 872 2800 nunquam
905 2728 1128 2781 haberes
1178 2723 1456 2785 fiduciam,
1505 2719 1599 2775 sed
1647 2731 1955 2773 recurreres
1983 2715 2048 2768 ad
2082 2713 2175 2768 Dei

600 2823 873 2879 auxilium.
906 2819 997 2875 Sic
1039 2826 1215 2872 autem
1266 2814 1573 2868 admonitus
1602 2821 1656 2865 et
1700 2810 2066 2873 conﬁrmatus,
2108 2807 2174 2861 ad

604 2915 792 2972 cellam
816 2926 934 2967 sum
960 2923 1226 2971 reversus,
1251 2915 1306 2960 et
1333 2905 1584 2973 deinceps
1606 2902 1800 2958 sedens
1822 2916 1940 2957 cum
1963 2899 2172 2964 ﬁducia,

600 3019 656 3067 et
703 3007 902 3062 nullam
950 3002 1074 3058 belli
1124 3014 1304 3055 curam
1336 3010 1546 3064 gerens,
1589 2997 1818 3063 reliquos
1857 2995 1968 3049 dies
1997 2993 2083 3063 egi
2117 2991 2172 3046 in

606 3115 756 3173 pace.
806 3098 1023 3152 Daemon
1071 3100 1247 3147 autem
1294 3104 1413 3145 cum
1458 3088 1796 3158 cognovisset
1839 3101 2010 3141 meam
2058 3083 2176 3154 ejus
2205 3075 2251 3141 C

607 3191 1035 3261 despicientiam,
1084 3186 1284 3255 pudore
1314 3183 1566 3250 deinceps
1594 3180 1831 3242 affectus,
1863 3180 1927 3232 ad
1957 3192 2043 3233 me
2072 3192 2175 3231 non

609 3280 836 3337 accessit
855 3277 1103 3346 amplius.
1130 3274 1228 3327 His
1251 3272 1426 3326 verbis
1453 3285 1573 3324 cum
1605 3270 1668 3323 ad
1702 3270 1894 3322 luctam
1922 3268 2180 3322 adversus

611 3370 864 3427 Satanam
895 3384 982 3422 me
1010 3368 1396 3429 confirmasset,
1423 3370 1478 3416 et
1496 3360 1563 3415 ad
1594 3360 1789 3414 bellum
1816 3358 2174 3421 instruxisset,

610 3478 665 3525 et
693 3468 972 3522 adversum
1012 3464 1307 3518 daemonem
1339 3455 1707 3513 fornicationis
1740 3468 1823 3509 me
1852 3460 2090 3522 parasset
2121 3466 2183 3505 ac

611 3560 898 3622 docuisset,
930 3554 1149 3619 dimisit,
1168 3551 1361 3623 jubens
1400 3556 1458 3603 ut
1486 3548 1605 3604 forti
1627 3548 1806 3602 animo
1827 3560 1913 3601 me
1940 3560 2179 3616 gererem

611 3648 663 3701 in
687 3647 953 3702 clunibus.

1192 3731 1415 3787 CAPUT
1439 3729 1609 3785 XXX.

1002 3821 1124 3877 Vita
1154 3822 1359 3875 Abbatis
1389 3820 1641 3888 Stephani
1664 3818 1802 3891 (7|).

679 3917 979 3988 Stephanus
1024 3916 1239 3987 quidam
1291 3917 1414 3971 Libs
1463 3931 1678 3985 genere,
1728 3915 1865 3971 scdit
1907 3914 2178 3984 sexaginta

609 4023 776 4063 annos
806 4023 871 4063 ex
912 4008 1077 4062 latere
1102 4006 1216 4076 (72)
1244 4006 1566 4061 Marmaricae
1593 4016 1645 4060 et
1675 4006 1944 4062 Mareottc.
1987 4006 2033 4062 Is
2058 4023 2179 4063 cum

618 4099 807 4153 fuisset
834 4112 1043 4152 summe
1063 4107 1301 4151 versatus
1327 4097 1378 4150 in
1401 4097 1797 4163 exercitatione,
1826 4107 1878 4151 et
1901 4106 2045 4153 esset
2067 4097 2181 4153 dis-

608 4188 858 4244 cernendi
883 4195 1145 4257 potestate
1173 4185 1461 4261 praeditus,
1537 4183 1679 4238 hanc
1764 4184 1996 4256 gratiam
2079 4193 2167 4240 est

607 4290 945 4344 Consecutus,
965 4289 1022 4333 ut
1045 4280 1344 4348 quicunque
1364 4293 1484 4331 eum
1512 4280 1838 4343 conveniret,
1880 4294 1907 4332 a
1947 4294 2185 4349 quacun-

608 4387 712 4440 que
739 4370 1067 4427 cruciaretur
1106 4370 1369 4434 molestia,
1403 4367 1449 4422 is
1481 4370 1723 4422 molestia
1755 4386 1952 4426 vacuus
1999 4371 2067 4425 ab
2113 4387 2178 4426 eo

2834 1824 3061 1881 CAPUT
3087 1824 3281 1882 XX-Xl.

2633 1915 2710 1970 De
2750 1916 2958 1970 Valente
2989 1917 3121 1987 (75)
3153 1919 3241 1988 qui
3279 1918 3493 1975 excidit.

2346 2009 2472 2064 Fuit
2509 2007 2724 2078 quidam
2754 2007 2952 2063 Valens
2972 2047 2991 2076 ,
3021 2024 3215 2079 genere
3242 2011 3458 2079 quidem
3492 2011 3843 2079 Palatinus,

2274 2112 2453 2159 mente
2503 2112 2682 2158 autem
2741 2102 3087 2169 Corinthius;
3137 2101 3429 2159 Corinthiis
3471 2105 3621 2159 enim
3672 2104 3851 2160 vitium

2274 2196 2563 2250 inﬂationis
2591 2195 2777 2250 tribuit
2798 2206 3012 2250 sanctus
3035 2194 3251 2262 Paulus,
3278 2194 3463 2250 dicens
3494 2212 3511 2251 :
3544 2195 3616 2249 Et
3648 2210 3751 2250 vos
3776 2198 3853 2250 in.

2274 2289 2382 2345 llati
2412 2291 2541 2344 estis
2564 2290 2610 2360 (ι
2639 2289 2862 2360 Conv).
2892 2289 3137 2356 Quicum
3160 2291 3390 2345 venisset
3410 2290 3466 2345 in
3488 2290 3853 2357 solitudinem,

2275 2384 2389 2452 ipse
2403 2397 2610 2452 quoque
2622 2382 2802 2451 plures
2814 2397 2982 2437 annos
2996 2382 3573 2445 habitavitlnobiscum.
3589 2383 3672 2438 Eo
3686 2393 3855 2437 autem

2286 2474 2543 2542 processit
2555 2472 2839 2542 superbiai,
2862 2481 2917 2527 ut
2929 2474 3183 2544 deceptus
3199 2473 3310 2528 sita
3325 2475 3696 2531 daemonibus.
3716 2475 3857 2530 Exeo

2275 2566 2416 2619 enim
2464 2564 2604 2633 quod
2636 2564 2752 2633 ipse
2783 2564 3031 2632 paulatim
3062 2564 3429 2635 deciperetur,
3482 2564 3619 2620 fecit
3667 2575 3729 2618 nt
3752 2565 3859 2635 ipse

2275 2655 2343 2708 de
2373 2669 2431 2709 se
2460 2654 2739 2725 magnifice
2765 2670 2829 2711 ac
2857 2657 3112 2723 pra‘clare
3138 2657 3380 2722 sentiret,
3435 2667 3699 2725 tanquam
3745 2673 3861 2714 cum

2275 2760 2341 2799 co
2388 2755 2729 2801 versarentur
2756 2747 2956 2817 angeli,
2987 2748 3140 2817 eique
3172 2751 3223 2802 itt
3271 2749 3496 2819 singulis
3549 2750 3862 2805 ministeriis

2277 2840 2616 2893 inservirent.
2643 2840 2885 2906 Quodam
2907 2851 3053 2895 certe
3080 2842 3197 2905 die,
3247 2852 3301 2895 ut
3346 2842 3671 2909 narrabant,
3728 2857 3850 2896 cum

2278 2940 2591 2997 operaretur
2618 2932 2671 2984 in
2702 2931 2971 2997 tenebris,
3005 2947 3156 2987 acum
3181 2932 3388 2988 dimisit
3431 2949 3539 3003 qua
3569 2935 3863 2989 consuebat

2280 3029 2543 3088 sportam.
2577 3008 2745 3089 Quam
2789 3038 2910 3078 cum
2951 3025 3065 3092 ipse
3095 3038 3197 3076 non
3230 3024 3543 3092 invenisset,
3577 3025 3794 3079 daemon
3818 3026 3863 3080 ei

2282 3111 2404 3165 fecit
2431 3112 2755 3180 lampadem,
2784 3122 2838 3167 et
2862 3115 3062 3168 invenit
3090 3129 3262 3169 acum.
3289 3115 3401 3169 Hoc
3426 3115 3655 3170 nomine
3681 3131 3864 3170 rursus

2280 3202 2517 3269 inflatus,
2553 3204 2888 3272 magniﬁcam
2920 3206 2987 3259 de
3015 3219 3072 3259 se
3106 3205 3275 3259 induit
3302 3207 3621 3275 Opinionem
3647 3249 3665 3273 ,
3700 3216 3755 3261 et
3783 3222 3865 3264 us-

2280 3307 2383 3360 que
2426 3292 2560 3346 adeo
2606 3292 2775 3347 elatus
2806 3304 2909 3360 est,
2960 3303 3017 3348 ut
3062 3297 3220 3349 etiam
3267 3307 3649 3352 contemneret
3696 3297 3861 3365 ipsam

2280 3380 2746 3437 Sacramentorum
2774 3385 3224 3440 communionem.
3251 3384 3383 3439 Cum
3405 3397 3591 3440 autem
3619 3387 3861 3441 Christus

2287 3476 2542 3530 Dominus
2573 3475 2688 3545 ejus
2718 3485 2865 3532 esset
2911 3481 3181 3545 misertus,
3231 3481 3308 3533 sic
3356 3480 3600 3549 prOvidit
3650 3491 3710 3533 ut
3755 3481 3863 3547 ejus

2282 3565 2662 3620 detrimentum
2694 3566 2801 3619 cito
2848 3564 2999 3620 ﬁeret
3047 3568 3387 3621 manifestum
3439 3570 3719 3624 universa:
3766 3568 3864 3622 fra-

2285 3657 2540 3711 ternitati.
2593 3656 2798 3710 Accidit
2839 3666 2894 3710 ut
2932 3657 3145 3726 quidam
3200 3658 3474 3711 venientes
3520 3658 3765 3726 hospites
3794 3658 3865 3714 af—

2287 3747 2491 3802 ferrent
2511 3746 2575 3798 ad
2607 3744 2993 3799 fraternitatem
3023 3746 3245 3800 bellaria
3275 3751 3327 3799 in
3357 3747 3672 3801 ecclesiam.
3706 3747 3866 3802 Porro

2284 3850 2458 3893 autem
2490 3855 2610 3893 cum
2650 3852 2741 3892 eas
2771 3839 3068 3906 accepisset
3095 3848 3317 3892 sanctus
3344 3836 3621 3894 Macarius
3650 3839 3869 3909 presby-

2286 3939 2366 3985 ter
2402 3939 2605 3993 noster,
2640 3929 2783 3982 misit
2810 3930 2874 3983 ad
2901 3944 3328 3999 unumquemque
3356 3930 3406 3984 in
3430 3931 3627 3985 cellam
3657 3932 3868 3986 circiter

2286 4021 2564 4091 pugillum,
2598 4021 2732 4074 inter
2760 4034 2893 4088 quos
2915 4019 3074 4074 etiam
3101 4021 3167 4073 ad
3194 4020 3497 4075 Valentem.
3524 4021 3664 4075 Cum
3695 4032 3865 4076 auten

2288 4110 2585 4181 accepisset
2614 4110 2832 4176 Valens,
2867 4125 2989 4165 eum
3020 4110 3107 4179 qui
3135 4111 3387 4165 attulerat
3418 4114 3757 4166 contumelia
3794 4110 3875 4164 af-

2288 4201 2433 4269 fecit,
2465 4213 2517 4257 et
2548 4202 2871 4268 verberavit,
2892 4201 3012 4256 etei
3034 4201 3164 4255 dicit
3192 4218 3206 4254 :
3236 4202 3358 4267 Abi,
3386 4212 3443 4255 et
3492 4203 3583 4256 dic
3604 4202 3873 4260 Macario:

2289 4295 2405 4349 Non
2431 4310 2550 4350 sum
2584 4303 2636 4348 te
2664 4293 2919 4358 deterior,
2952 4302 3011 4348 ut
3039 4305 3094 4347 tu
3122 4294 3187 4348 ad
3218 4308 3305 4349 me
3329 4295 3512 4348 mittas
3540 4295 3875 4350 benedictio-

2290 4400 2407 4439 ncs.
2439 4385 2570 4440 Cum
2619 4388 2962 4455 cognovisset
3006 4399 3133 4453 ergo
3177 4394 3393 4439 sanctus
3435 4383 3710 4440 Macarius
3755 4401 3873 4440 eum

615 4460 915 4517 recederet.
961 4459 1082 4513 Fuit
1114 4468 1289 4512 autem
1320 4458 1363 4513 is
1396 4472 1609 4527 quoque
1637 4465 1794 4513 notus
1836 4461 1991 4514 beato
2021 4462 2183 4516 Anto—
2213 4456 2262 4515 D.
2287 4491 2409 4530 esse
2439 4475 2738 4540 seductum,
2790 4474 3015 4528 accessi;
3046 4488 3150 4527 υηο
3193 4474 3280 4527 die
3310 4483 3497 4541 postea
3526 4476 3600 4529 ad
3632 4490 3755 4529 ειιω
3784 4492 3874 4530 ες.

610 4553 720 4608 nio.
749 4550 996 4606 Pervenit
1023 4559 1199 4605 autem
1222 4550 1383 4604 etiam
1415 4549 1481 4602 ad
1513 4559 1693 4603 nostra
1716 4565 1882 4619 usque
1909 4562 2178 4619 tempora;

606 4653 763 4713 atque
788 4656 887 4712 ego
917 4641 1131 4709 quidem
1170 4654 1288 4693 cum
1333 4653 1396 4693 eo
1425 4654 1528 4693 non
1554 4654 1672 4694 sum
1698 4650 1938 4694 versatus
1961 4652 2180 4712 propter

606 4735 707 4788 viae
732 4732 1115 4802 longitudinem
1148 4747 1162 4783 :
1192 4741 1409 4784 sanctus
1434 4741 1608 4785 autem
1637 4731 1949 4789 Ammonius
1972 4745 2027 4788 et
2047 4734 2184 4788 Eva-

604 4824 775 4895 grius,
805 4823 896 4893 qui
924 4837 1045 4877 eum
1076 4830 1461 4889 convenerunt,
1492 4834 1839 4878 narraverunt
1860 4839 1919 4879 se
1945 4841 2066 4879 eum
2098 4825 2184 4880 in-

574 4898 817 4971 .venisse
843 4915 895 4968 in
928 4914 1086 4967 talem
1115 4911 1419 4979 prolapsum
1448 4913 1811 4980 aegritudinem
1845 4914 1897 4969 in
1947 4916 2077 4983 ipsis
2105 4917 2183 4972 lo-

604 5006 683 5062 cis
711 5005 1096 5066 testiculorum,
1146 5010 1202 5057 et
1252 5003 1402 5072 penis
1448 5018 1714 5059 summum
1744 5006 2013 5061 ulcerasse
2050 5023 2182 5062 can-

604 5113 777 5166 crum,
828 5098 918 5168 qui
965 5095 1237 5173 φανέδαινα
1288 5096 1500 5151 dicitur.
1555 5099 1709 5163 Eum,
1757 5100 1988 5167 aiebant,
2037 5102 2183 5158 inve-

604 5191 782 5247 nimus
809 5190 935 5245 dum
960 5205 990 5243 a
1020 5189 1248 5258 quodam
1279 5187 1487 5243 medico
1510 5201 1804 5246 curaretur.
1844 5193 1906 5247 Et
1936 5195 2180 5248 manibus

603 5282 818 5352 quidem
848 5279 1207 5349 operabatur;
1231 5286 1285 5333 et
1310 5278 1499 5347 palma:
1540 5295 1720 5336 ramos
1753 5284 2097 5351 contexebat,
2125 5295 2179 5340 et

603 5372 881 5428 nobiscum
926 5372 1086 5426 etiam
1118 5370 1433 5439 loquebatur
1465 5389 1480 5426 :
1506 5373 1711 5443 reliquo
1742 5385 1920 5431 autem
1966 5379 2179 5447 corpori

604 5477 820 5517 manum
853 5460 1139 5516 adhibebat
1166 5459 1466 5530 chirurgus.
1499 5461 1628 5517 Erat
1652 5472 1828 5519 autem
1865 5464 1956 5519 Dei
1986 5468 2180 5536 gratia,

604 5567 667 5609 ea
715 5554 967 5623 praeditus
992 5552 1265 5622 patientia,
1297 5558 1358 5605 ut
1386 5552 1607 5621 perinde
1637 5554 1856 5610 affectus
1885 5557 2179 5625 videretur,

606 5660 668 5699 ac
688 5647 733 5700 si
763 5658 957 5720 corpus
979 5644 1200 5702 alterius
1229 5652 1538 5710 secaretur;
1573 5653 1769 5702 etcum
1794 5646 1909 5717 ejus
1940 5649 2177 5706 membra

2290 4570 2632 4624 hortandum.
2666 4567 2733 4621 Et
2756 4567 2805 4622 ei
2834 4569 3004 4621 dicit:
3037 4565 3259 4631 Valens,
3292 4566 3484 4621 illusus
3512 4582 3614 4633 es,
3647 4568 3868 4631 desine.

2290 4660 2561 4727 Deumque
2604 4660 2914 4727 deprecare.
2949 4657 3236 4726 Postquam
3279 4668 3460 4711 autem
3513 4674 3631 4714 non
3659 4661 3872 4714 audivit

2286 4751 2403 4822 ejus
2447 4751 2859 4817 admonitiones,
2913 4752 3136 4805 recessit
3180 4751 3468 4805 admodum
3523 4754 3769 4808 afflictus
3816 4767 3867 4808 et

2292 4857 2524 4898 mmrens
2566 4844 2636 4898 ob
2690 4842 2925 4898 Valentis
2954 4844 3185 4896 ruinam.
3217 4844 3346 4898 Cum
3394 4859 3527 4913 ergo
3577 4856 3735 4900 certo
3776 4848 3871 4900 sibi

2291 4935 2643 5003 persuasisset
2679 4934 2921 4999 daemon,
2954 4949 3076 4989 eum
3123 4935 3240 5003 ejus
3282 4936 3587 5005 deceptioni
3643 4940 3874 4994 maxime

2292 5028 2447 5083 ﬁdem
2479 5026 2750 5091 habuisse,
2779 5027 2918 5094 abit,
2951 5036 3005 5082 et
3048 5028 3271 5099 ﬁguram
3320 5028 3628 5084 Servatoris
3659 5032 3866 5097 induit,

2287 5131 2341 5174 et
2370 5131 2528 5173 noctu
2578 5120 2781 5174 accedit
2808 5120 2860 5174 in
2909 5120 3297 5188 phantasmate,
3332 5123 3475 5177 mille
3505 5126 3715 5193 angelis
3743 5127 3872 5179 ιω-

2290 5212 2451 5280 padas
2484 5214 2810 5278 tenentibus,
2833 5219 2890 5266 et
2916 5221 3085 5267 rotam
3119 5214 3351 5283 igneam,
3385 5216 3437 5267 in
3468 5230 3573 5283 qua
3606 5219 3754 5269 visus
3793 5230 3872 5272 est

2284 5306 2505 5374 figuram
2532 5307 2831 5373 exprimere
2851 5305 3169 5360 Servatoris.
3197 5305 3451 5375 Unusque
3470 5323 3591 5361 eum
3613 5309 3869 5375 praecedit

2282 5404 2336 5449 et
2362 5396 2494 5449 dicit
2522 5414 2533 5448 :
2581 5395 2823 5449 Christus
2851 5395 3038 5449 dilexit
3066 5406 3213 5452 tuum
3243 5399 3569 5463 institutum,
3622 5410 3869 5468 tuamque

2280 5486 2493 5540 vivendi
2519 5485 2818 5540 libertatem
2842 5495 2894 5540 et
2924 5486 3323 5557 confidentiam,
3356 5500 3407 5544 et
3438 5493 3585 5543 venit
3614 5502 3665 5544 ut
3708 5500 3764 5545 te
3794 5506 3865 5543 ri-

2279 5578 2433 5643 deit;
2459 5577 2716 5648 egredere
2740 5593 2863 5647 ergo
2883 5592 2914 5633 e
2938 5580 3093 5647 cella,
3118 5590 3173 5635 ct
3196 5582 3327 5636 nihil
3355 5583 3499 5638 aliud
3522 5581 3740 5651 feceris,
3769 5586 3863 5638 uti

2281 5684 2398 5725 cum
2435 5668 2617 5736 procul
2648 5684 2768 5724 eum
2803 5670 3028 5735 videris,
3060 5676 3422 5738 procumbens
3452 5692 3574 5732 eum
3602 5678 3788 5739 adora.
3815 5687 3859 5731 et
