4096 6510
672 351 800 418 1-091

2132 364 2484 427 PALLADII
3736 383 3836 448 1092

666 466 988 565 tthsfal,
1024 468 1118 565 καί
1141 469 1488 565 συνηγμένης
1517 469 1830 565 πάσηςθτῆς
1858 469 2247 565 ἁδελῇοὶὸτητος,
2277 477 2324 535 Α
2357 474 2588 565 μαργῶν
2626 476 2718 530 καὶ
2751 479 3088 565 οἰνοφλυγῶν
3110 482 3361 538 ἐνέπεσεν
3390 486 3480 540 καὶ
3500 488 3572 550 είς
3595 488 3672 543 τὸν
3693 491 3838 565 βάρδοι

667 551 876 603 εἰπεῖν’
928 550 1069 619 Ἐγὼ
1117 551 1401 616 κοινωνίας
1435 553 1624 622 χρείαν
1671 552 1770 605 οὐκ
1799 552 1927 622 ἔχω.
1976 552 2080 606 Τὸν
2111 553 2245 622 Χρι-

671 634 794 686 στὸν
825 633 1048 706 ἑώρακα
1081 637 1343 705 σήμερον.
1377 636 1512 688 Τότε
1543 637 1805 706 δήσαντες
1831 635 1995 689 αὐτὸν
2017 635 2067 688 οἰ
2102 636 2247 703 ἅγιοι

671 715 914 784 Πατέρες
936 719 1175 788 σιδήροις
1199 719 1293 770 ἐπὶ
1317 717 1437 780 ἔτος
1466 717 1526 770 ἓν
1555 716 2030 788 ἁπεθεράπευσαν,
2061 717 2248 786 εὐχαῖς

670 798 769 850 καὶ
828 801 1047 872 ποικίλῃ
1101 801 1457 872 ἁδιαφορήσει
1509 801 1606 853 καὶ
1644 801 2011 872 ἀπραγοτέρῳ
2053 800 2153 871 βίῳ
2186 799 2250 852 τὸ

669 881 838 952 οῖημα
871 884 1035 936 αὐτοῦ
1070 883 1413 948 καθελόντες,
1448 882 1632 946 καθὼς
1667 882 1908 952 λέγεται,
1937 887 2008 937 τά
2031 882 2249 937 ἐναντία

669 967 782 1026 τοῖς
812 967 1077 1029 ἐναντίοις
1109 966 1342 1037 ἰάματα.

752 1046 1075 1116 Ἀναγκαῖον
1108 1051 1153 1103 δ’
1208 1051 1357 1105 ἐστὶν
1402 1050 1498 1104 καὶ
1541 1051 1668 1115 τοὺς
1723 1051 1831 1105 τῶν
1879 1049 2248 1121 ἠπατημένων

672 1126 821 1196 βίους
851 1130 1088 1186 ἐνθεῖναι
1117 1132 1195 1203 τῷ
1227 1130 1549 1205 βιϐλιδαρίῳ
1577 1133 1754 1204 τούτῳ
1783 1133 1921 1205 πρὸς
1945 1133 2248 1202 ἀσφάλειαν

668 1211 779 1265 τῶν
813 1215 1274 1284 ἐντυγχανόντων,
1321 1217 1576 1290 καθάπερ
1625 1217 1719 1270 καί
1767 1219 1882 1280 τοῖς
1931 1217 2110 1284 ἁγίοις
2153 1215 2247 1269 τοῦ

668 1295 1004 1366 παραδείσου
1047 1301 1236 1368 φυτοῖς
1269 1300 1517 1368 συμφυές
1548 1302 1663 1352 ἐστι
1685 1299 1747 1352 τδ
1778 1297 1934 1362 ξύλον
1961 1299 2056 1351 τοῦ
2083 1297 2250 1366 γινώ-

671 1395 826 1432 σκειν
852 1381 1018 1436 καλὸν
1049 1384 1144 1435 καὶ
1193 1383 1457 1452 πονηρόνο
1494 1383 1558 1435 ἵν’
1585 1383 1790 1434 εἴποτέ
1847 1399 1954 1435 τινι
2004 1381 2245 1453 συμϐαίη

670 1461 1009 1533 κατόρθωμά
1049 1481 1126 1530 τι,
1164 1463 1240 1534 μὴ
1301 1465 1443 1533 μέγα
1497 1464 1744 1534 φρονήσῃ
1801 1464 1894 1515 ἐπὶ
1926 1465 1994 1534 τῇ
2053 1465 2246 1534 ἀρετῇ.

669 1545 942 1610 Πολλάκις
965 1547 1074 1618 γάρ
1103 1552 1197 1601 καὶ
1225 1550 1282 1602 αἰ
1300 1549 1492 1617 ἀρεταὶ
1520 1546 1806 1608 ὑποθέσεις
1835 1546 2074 1614 γίνονται
2099 1548 2247 1599 πτώ-

669 1647 836 1694 σεως,
871 1631 1000 1684 ὅταν
1033 1633 1110 1701 μὴ
1145 1631 1284 1700 μετὰ
1312 1629 1691 1700 πνευματίκῆς
1725 1628 1915 1698 σοφίας
1941 1629 2145 1693 ταύτας
2168 1647 2252 1692 τις

669 1712 932 1783 κατορθοῖ
957 1713 1037 1784 τῷ
1061 1714 1161 1781 τῆς
1192 1712 1476 1776 εὐσεϐείας
1511 1711 1720 1782 σκοπῷ,
1745 1710 1887 1764 κατὰ
1916 1711 1976 1763 τὸ
2004 1726 2253 1782 γεγραμ-

2351 573 2445 627 ρον
2492 560 2593 629 τῆς
2625 563 2942 627 γυναικείας
2971 565 3284 636 ἐπιθυμίας.
3341 569 3446 622 Καὶ
3490 571 3559 633 ὡς
3603 560 3838 632 ἐσκέπτετο

2348 641 2688 724 ἀμαρτῆσαι,
2729 647 2921 715 μιμάδι
2967 650 3074 701 τινὶ⁸
3121 651 3464 720 προσομιλῶν
3511 655 3737 724 συνεχῶς,
3785 665 3836 713 τὰ

2337 723 2487 791 -πρδς
2514 725 2576 778 τὸ
2600 725 2756 789 ἕλκος
2789 729 2984 782 ἐαυτοῦ
3027 730 3316 799 διελέγετο.
3361 733 3566 788 Τούτων
3600 723 3749 802 οῦτως
3770 737 3836 794 ὑπ’

2349 806 2518 891 αὐτοῦ
2575 808 3059 882 διαπραττομένων
3105 815 3331 884 γέγονεν
3385 817 3529 891 αὐτῷ
3578 823 3702 874 κατά
3749 841 3838 878 τινα

2345 888 2662 962 οἰκονομίαν
2689 894 2896 966 ἄνθραξ
2916 897 3057 951 κατὰ
3074 899 3174 968 τῆς
3200 899 3451 971 βαλάνου.
3474 888 3577 955 Καὶ
3596 905 3679 958 ἐπὶ
3700 909 3839 962 τοσοῦ·

2348 987 2440 1059 τον
2488 974 2746 1059 ἐνόσησεν
2788 978 3144 1050 ἑξαμηνιαῖον
3171 981 3379 1051 χρόνον,
3409 982 3483 1046 ὡς
3527 991 3839 1059 κατασαπῆναι

2349 1052 2516 1142 αὐτοῦ
2545 1055 2612 1108 τά
2641 1059 2826 1129 μόρια,
2852 1062 2947 1114 καὶ
2971 1064 3292 1134 αὐτομάτως
3317 1064 3617 1120 ἀποπεσεῖν.
3637 1052 3841 1142 Tetigi»

2351 1135 2678 1222 6é_\')ndvac
2717 1143 2812 1195 καὶ
2838 1138 3148 1198 ἐπανελθὼν
3187 1147 3316 1201 ἄνευ
3343 1148 3541 1201 τούτων
3565 1151 3662 1204 τῶν
3688 1135 3839 1222 μελῶν,

2352 1219 2446 1308 καὶ
2477 1223 2556 1308 εἰς
2599 1222 2854 1308 φρόνημα
2895 1227 3077 1280 θεῖκὺν
3103 1230 3294 1297 ἐλθὼν,
3320 1232 3413 1284 καὶ
3458 1235 3534 1296 εἰς
3561 1219 3749 1305 μνήμην
3770 1239 3843 1308 τῆς

2352 1303 2602 1372 οὐρανίου
2638 1306 2930 1374 πολιτείας,
2960 1312 3056 1364 καὶ
3084 1311 3608 1386 ἐξομολογησάμενος
3633 1303 3776 1371 πάντα
3796 1303 3845 1374 τά

2355 1387 2744 1472 συμϐεϐηκότα
2777 1391 2926 1462 αὐτῷ
2955 1397 3067 1458 τοῖς
3097 1396 3275 1465 ἁγίοις
3295 1400 3588 1469 Πατράσιν,
3617 1401 3848 1472 ἐνεργῆσαι

2357 1469 2431 1540 μή
2468 1470 2678 1538 φθάσας
2711 1474 2980 1546 ἐκοιμήθη
3019 1480 3136 1548 μετ’
3165 1480 3355 1548 ὀλίγας
3383 1481 3613 1553 ήμὲρας.

2907 1563 3174 1629 ῙΚΕΦΑΛ.
3220 1571 3344 1625 AP.

2853 1648 2990 1714 Περί
3017 1653 3413 1721 Πτολεμαίου.

2429 1724 2633 1814 ’Ἄλλος
2651 1743 2738 1791 τις
2764 1729 2939 1814 ,πάλιν
2971 1734 3307 1804 Πτολεμαῖος
3335 1739 3588 1810 ὀνόματι,
3618 1744 3848 1814 δυσδιήγη-

673 1796 834 1897 μένον
862 1812 874 1827 ·
903 1797 1042 1892 ’ἰδον
1073 1789 1282 1897 δίκαιον
1309 1796 1684 1867 ἀπολλύμενον
1716 1795 1776 1847 ἐν
1814 1793 2010 1865 δικαίῳ
2039 1793 2205 1848 αὐτοῦ
2227 1810 2240 1825 ⁸
2275 1817 2320 1874 Β
2345 1823 2438 1861 τον
2457 1848 2472 1874 ,
2509 1789 2728 1897 μᾶλλονή
2757 1811 2816 1897 δὲ
2860 1789 3252 1886 ἀνεκδιήγητον
3285 1789 3849 1897 ’ἀρετὲςτ-έίοῖ-ξήξίιξ,

661 1881 766 1934 καί
788 1898 851 1950 γε
869 1880 1026 1935 τοῦτο
1059 1882 1383 1952 ματαιότης.

1255 1964 1510 2021 ΚΕΦΑΛ.
1545 1961 1669 2017 AB’.

1224 2047 1366 2116 Περί
1398 2049 1682 2115 Ἥρωνος.

747 2134 936 2204 Ἥρων
989 2133 1213 2202 γέγονεν
1262 2131 1515 2200 γειτνιῶν
1571 2148 1682 2200 μοι,
1739 2128 2126 2201 Ἀλεξανδρεὺς
2171 2131 2250 2204 τῷ

667 2218 844 2286 γένει,
877 2219 1114 2282 ἀστεῖος,
1149 2217 1436 2288 νεώτερος,
1485 2216 1692 2286 εὐφυὴς
1721 2215 1820 2284 τὴν
1853 2214 2114 2279 διάνοιαν,
2151 2233 2249 2270 κα-

672 2301 835 2372 θαρὸς
866 2301 959 2353 τὸν
991 2301 1126 2371 βίον,
1153 2301 1211 2363 ὃς
1240 2301 1335 2353 καὶ
1363 2299 1524 2362 αὐτὸς
1557 2299 1694 2368 μετὰ
1724 2299 1920 2362 πόνους
1952 2301 2246 2370 μεγάλους,

679 2386 769 2436 (αἰ
799 2384 1031 2452 ἱδρῶτας
1065 2383 1370 2452 γενναίους,
1404 2381 1499 2436 καὶ
1531 2380 1645 2450 βίον
1669 2381 1749 2444 εἰς
1773 2381 1941 2454 ἄκρον
1970 2383 2248 2454 ἐνάρετον,

670 2467 752 2540 τῷ
785 2468 939 2537 τύφῳ
990 2469 1090 2536 τῆς
1115 2466 1374 2528 ἀπονοίας
1429 2464 1618 2534 ἀρθεὶς
1665 2464 1745 2528 εἰς
1794 2464 1928 2535 ὕψος
1974 2467 2249 2538 μετέωρον

667 2551 931 2604 κάκεῖθεν
960 2549 1198 2604 ἐλεεινὸν
1224 2550 1359 2602 πᾶσι
1389 2548 1589 2616 πτῶμα
1615 2548 1987 2619 κατενεχθεὶς,
2023 2546 2250 2619 ἐξετρα-

672 2631 926 2704 χηλίσθη.
967 2634 1073 2685 Καὶ
1115 2633 1258 2685 κατὰ
1300 2630 1410 2684 τῶν
1445 2631 1615 2698 ἁγίων
1648 2630 1908 2701 Πατέρων
1933 2632 2111 2702 οἰήσει
2146 2647 2250 2701 μα-

673 2717 803 2787 ταίᾳ
835 2716 1150 2787 κινούμενος
1180 2715 1482 2786 ἐφρόνησεν
1512 2714 1674 2783 μέγα,
1702 2715 1826 2777 τοὺς
1861 2715 2070 2777 πάντας
2091 2714 2250 2784 ὑϐρί-

672 2817 794 2864 σας,
829 2800 923 2852 καί
948 2799 1064 2869 μετ’
1095 2799 1274 2853 αὐτῶν
1301 2798 1393 2851 τὸν
1432 2797 1702 2867 μακάριον
1727 2797 2015 2869 Εὐάγριον,
2053 2797 2246 2864 λέγων,

668 2883 752 2935 ὅτι
788 2885 850 2936 Οἱ
877 2881 1190 2953 πειθόμενοί
1229 2899 1323 2934 σου
1363 2884 1429 2952 τῇ
1464 2879 1783 2952 διδασκαλίᾳ
1813 2879 2148 2934 ἀπατῶνται.
2174 2881 2247 2933 Οὐ

670 2967 782 3038 γάρ
814 2967 940 3038 χρὴ,
983 2968 1166 3037 φησὶν,
1210 2965 1551 3030 διδασκάλοις
1580 2966 1788 3034 ἑτέροις
1817 2964 2076 3036 χρῆσθαι,
2105 2980 2250 3034 παρα

673 3051 832 3113 εκτδς
864 3051 957 3104 τοῦ
1001 3050 1242 3121 Χριστοῦ
1273 3050 1458 3120 μόνου.
1509 3049 1889 3119 Ἀπεχρήσατο
1927 3047 1983 3100 δὲ
2029 3049 2123 3101 καὶ
2151 3048 2249 3118 τὴν

675 3135 986 3204 μαρτυρίαν
1031 3135 1166 3201 πρὸς
1217 3133 1310 3187 τὸν
1369 3135 1858 3203 κατεστραμμένον
1912 3133 2113 3186 σκοπὸν
2154 3134 2251 3202 τῆς

673 3217 870 3269 ἐαυτοῦ
903 3217 1134 3288 μωρίας,
1155 3218 1253 3270 καὶ
1275 3215 1479 3285 ἔλεγεν,
1505 3217 1588 3268 ὅτι
1605 3215 1779 3278 Αὐτὸς
1803 3218 1832 3269 6
1858 3216 2049 3286 Σωτὴρ
2075 3215 2245 3284 λέγει’

675 3299 767 3368 Μὴ
793 3299 1064 3368 καλέσητε
1090 3298 1413 3353 διδάσκαλον
1455 3299 1550 3351 ἐπὶ
1581 3299 1682 3368 τῆς
1724 3301 1848 3369 γῆς.
1889 3301 1983 3362 Ὃς
2015 3301 2110 3352 ἐπὶ
2163 3315 2251 3351 το-

675 3381 866 3435 σοῦτον
915 3382 1012 3434 καὶ
1045 3381 1209 3446 αὐτὸς
1237 3379 1516 3453 ἐσκοτώθη
1560 3381 1652 3434 τὸν
1692 3383 1954 3452 λογισμὸν
2001 3385 2069 3453 τῇ
2119 3385 2249 3454 κενῇ

673 3465 802 3538 δόξῃ
838 3466 938 3535 τῆς
960 3467 1191 3535 οἰήσεως
1213 3465 1419 3518 ἄνωθεν
1460 3468 1612 3520 κάτω
1643 3465 1835 3531 ἐλθὼν,
1869 3467 1946 3528 ὡς
1972 3469 2064 3518 καὶ
2089 3467 2251 3520 αὐτὸν

579 3615 589 3623 _
676 3553 904 3624 ὕστερον
957 3553 1345 3624 σιδηρωθῆναι,
1391 3553 1468 3624 μὴ
1529 3553 1753 3607 θέλοντα
1779 3555 1844 3623 τῇ
1886 3553 2064 3622 οἰήσει
2116 3553 2252 3623 μηδέ

672 3639 788 3700 τοῖς
842 3640 1163 3709 μυστηρίοις
1230 3639 1416 3702 αὐτοῖς
1483 3638 1902 3708 προσέρχεσθαι.
1943 3637 2078 3708 Φίλη
2131 3638 2248 3706 δὲή

679 3723 928 3792 ἀλήθεια.
967 3722 1105 3776 Καθ’
1135 3722 1445 3793 ὑπερϐολὴν
1471 3722 1667 3784 λεπτὸς
1693 3718 1762 3792 ἦν
1784 3725 1850 3792 τῇ
1879 3721 2146 3793 πολιτείᾳ,
2177 3722 2252 3784 ώς

677 3807 908 3870 πολλοὺς
961 3806 1266 3876 διηγεῖσθαι
1306 3807 1432 3869 τοὺς
1497 3806 1556 3857 ἐν
1611 3803 1871 3874 συνηθείᾳ
1922 3805 2096 3875 τούτῳ
2156 3805 2252 3876 τὴν

676 3893 850 3963 ἄκραν
911 3890 1078 3945 αὐτοῦ
1137 3891 1235 3960 τῆς
1285 3891 1569 3960 ἀσκήσεως
1623 3889 1935 3952 πολιτείαν,
1988 3888 2253 3955 λεγόντων

673 3977 859 4043 τινῶν,
889 3977 973 4030 ὅτι
1016 3974 1277 4038 πολλάκις
1308 3975 1398 4028 διὰ
1425 3975 1593 4046 τριῶν
1625 3973 1812 4045 μηνῶν
1851 3973 2028 4044 ήσθιε,
2056 3976 2252 4044 ἀρκοῦ-

679 4077 840 4131 μενος
869 4062 1006 4133 μόνῃ
1030 4061 1098 4129 τῇ
1135 4059 1387 4130 κοινωνίᾳ
1412 4059 1518 4111 τῶν
1557 4055 1872 4127 μυστηρίων
1894 4096 1910 4122 ,
1943 4057 2036 4108 καὶ
2069 4059 2121 4108 εί
2152 4074 2252 4110 που

675 4144 742 4198 ἂν
776 4146 1122 4214 παραφανείη
1185 4145 1350 4214 ἄγρια
1408 4142 1636 4211 λάχανα.
1696 4142 1897 4208 ιίεἰραν
1957 4139 2014 4191 δὲ
2061 4140 2253 4193 τούτου

678 4227 876 4298 εῖληφα
911 4226 1065 4295 κάγὼ
1119 4229 1257 4296 μετὰ
1303 4224 1396 4278 τοῦ
1443 4223 1712 4295 μακαρίου
1766 4221 2030 4275 Ἀλϐινίου
2077 4223 2255 4278 ἀπιὼν

679 4313 775 4365 ἐπὶ
802 4313 903 4383 τὴν
934 4313 1154 4383 Σκῆτιν.
1201 4313 1452 4380 Ἀπεῖχεν
1472 4311 1527 4363 δέ
1561 4309 1720 4380 ήμῶν
1753 4309 1784 4379 ἡ
1828 4309 2024 4379 Σκῆτις
2055 4326 2254 4364 τεσσα-

683 4397 922 4466 ράκοντα
973 4396 1240 4466 σημείοις.
1307 4395 1498 4465 Ἡμεῖς
1556 4393 1806 4464 δεύτερον
1872 4393 2254 4464 βεϐρώκαμεν,

2349 1893 2693 1978 τοκαταρχὰς
2747 1896 2969 1966 οἰκησεν
3039 1899 3295 1954 ἐπέκεινα
3355 1893 3469 1974 τῆς
3510 1893 3746 1978 Σκήτεως⁷
3774 1911 3848 1978 τήν

2350 1975 2693 2045 καλουμένην
2737 1978 3020 2048 Κλίμακα.
3057 1981 3232 2047 Τόπος
3265 1985 3322 2038 δέ
3353 1988 3500 2042 ἐστιν
3541 1975 3668 2043 οὕτω
3693 1975 3849 2044 καλοῦ-

2355 2074 2536 2142 μενος,
2565 2059 2729 2142 εἰςὸν
2755 2060 2929 2124 οὐδεὶς
2950 2063 3187 2136 ἠδυνήθη
3219 2069 3438 2139 οἰκῆσαί
3462 2088 3588 2125 ποτε
3614 2073 3706 2125 τῶν
3727 2089 3850 2142 μονι-

2353 2139 2484 2225 χῶν,
2512 2141 2606 2194 τοῦ
2628 2141 2746 2225 άπὸ
2776 2144 3055 2200 δεκαοκτὼ
3091 2151 3334 2219 σημείων
3371 2148 3509 2206 εἰναι
3535 2155 3588 2207 τὸ
3615 2139 3761 2225 φρέαρ
3781 2155 3848 2206 τοῦ

2353 2223 2566 2286 ὓδατος.
2622 2223 2907 2292 Βαστάσας
2955 2226 3047 2283 οῦν
3095 2234 3301 2296 ἐκεῖνος
3362 2235 3598 2308 κεράμια
3635 2223 3849 2291 Κιλικίοις

2353 2307 2569 2360 πλείονα
2618 2311 2796 2362 ἐκεῖσε
2831 2312 3165 2382 ἀπήνεγκεν.
3201 2317 3312 2370 Καὶ
3345 2318 3424 2390 τῷ
3468 2307 3750 2391 Δεκεμϐρίῳ
3786 2325 3850 2373 καὶ

2365 2391 2679 2463 Ἰανουαρίῳ
2719 2395 2852 2464 μηνὶ
2897 2398 3218 2466 συναγαγὼν
3247 2400 3346 2472 τὴν
3377 2403 3560 2474 δρόσον
3590 2407 3648 2456 ἐκ
3670 2405 3760 2456 τῶν

2349 2474 2496 2544 τρῶν
2547 2476 2830 2547 (δροσίζει
2877 2479 2986 2548 γάρ
3030 2483 3089 2532 ἐν
3139 2482 3369 2548 ἐκείνοις
3411 2489 3522 2550 τοῖς
3560 2487 3727 2556 μέρεσι
3765 2488 3851 2539 τότε

2353 2557 2562 2629 πολλὰ)
2596 2561 2690 2611 καί
2721 2560 2787 2612 τὰ
2817 2561 3058 2632 κεράμια
3100 2563 3400 2634 πληρώσας
3428 2569 3523 2639 τῆς
3547 2571 3714 2640 δρόσου
3743 2571 3852 2640 διήρ-

2352 2658 2514 2694 κεσεν
2542 2641 2722 2712 ἐαυτῷ
2751 2644 2841 2696 ἐπὶ
2869 2643 3165 2701 δεκαπέντε
3193 2649 3286 2720 ἔτη
3313 2652 3541 2722 οἰκήσας
3563 2656 3694 2720 ἐκεῖ,
3719 2654 3854 2707 πλείο⁸

2352 2743 2418 2778 να
2461 2728 2651 2796 χρόνον
2710 2727 2899 2799 μηδενὶ
2939 2733 3341 2802 συντυγχάνων.
3408 2739 3504 2802 Ὃς
3558 2738 3853 2804 άποξενωθείς

2351 2811 2701 2875 διδασκαλίας
2761 2815 3166 2886 πνευματικῆς,
3227 2819 3325 2871 καὶ
3373 2821 3648 2891 συντυχίας
3693 2820 3854 2890 ἀνδρῶν

2352 2896 2534 2962 ὁσίων,
2569 2897 2663 2949 καὶ
2702 2895 2970 2966 ὠφελείας
3010 2901 3181 2968 ἁγίων
3216 2903 3499 2976 Πατέρων,
3533 2906 3618 2958 καὶ
3653 2903 3854 2973 συνεχοῦς

2352 2981 2636 3042 κοινωνίας
2656 2982 2765 3034 τῶν
2802 2985 3119 3055 μυστηρίων
3149 2985 3242 3039 τοῦ
3268 2989 3528 3056 Χριστοῦ,
3555 2991 3639 3043 ἐπὶ
3658 2987 3853 3040 τοσοῦτον

2353 3065 2554 3136 ἐμάνη,
2588 3067 2884 3135 ἐκτραπείς
2911 3067 3007 3136 τῆς
3033 3068 3249 3134 εὐθείας
3281 3072 3427 3139 ὁδοῦ,
3459 3073 3531 3137 ὡς
3551 3073 3607 3126 τὸ
3630 3071 3754 3141 παρά
3774 3086 3854 3122 τισι

2276 3152 2320 3215 ρ
2353 3147 2460 3201 τῶν
2488 3147 2700 3201 ἀσεϐῶν
2729 3149 3043 3219 λεγόμενον,
3072 3151 3485 3226 αὐτοματισμὸν
3505 3158 3591 3209 καὶ
3614 3155 3771 3208 τοῦτον
3789 3151 3854 3204 τὸν

2351 3229 2532 3284 ἄθλιον
2579 3231 2860 3300 ὁμολογεῖν
2885 3270 2901 3296 ,
2932 3231 3027 3284 τοῦ
3066 3233 3167 3302 τῆς
3218 3237 3430 3307 πλάνης
3471 3239 3702 3308 δαίμονος
3736 3235 3855 3287 αὑτὸν

2353 3315 2786 3385 στρατηγοῦντος
2834 3315 3041 3371 λοιπόν.
3092 3314 3262 3383 Οὗτος
3313 3322 3426 3392 γὰρ
3471 3323 3499 3374 6
3547 3321 3779 3390 δυσμενὴς
3813 3317 3855 3369 τὸ

2351 3399 2536 3453 καινὸν
2570 3398 2726 3452 τοῦτο
2759 3400 2989 3452 ὑπέθετο
3021 3401 3222 3469 λέγειν,
3261 3407 3530 3475 μηδεμίαν
3557 3407 3721 3458 οὐσίαν
3749 3404 3855 3473 ἔχειν

2353 3483 2420 3534 τὰ
2468 3481 2793 3552 πράγματα,
2844 3483 2958 3536 ἀλλ’
2995 3485 3185 3548 ἁπλῶς
3235 3483 3375 3540 εἶναι
3410 3489 3477 3541 τὰ
3521 3491 3678 3544 πάντα
3711 3491 3763 3541 ἐκ
3787 3484 3855 3537 τοῦ

2351 3566 2443 3620 τὸν
2499 3566 2702 3635 κόσμον
2749 3566 3075 3634 αὐτομάτως
3130 3569 3415 3640 φέρεσθαι,
3477 3572 3742 3625 ’Υπέϐαλεν
3789 3568 3856 3620 οὑθ

2353 3646 2503 3718 αὐτῷ
2534 3649 2791 3718 πολέμιος
2823 3649 2922 3718 τῆς
2947 3651 3164 3705 πάντων
3193 3653 3361 3722 ζωῆς,
3395 3654 3655 3724 ἐνσκήψας
3683 3654 3780 3714 ὅλος
3799 3650 3856 3708 5‘4

2353 3734 2452 3801 τὴν
2481 3731 2670 3784 τούτου
2699 3733 2897 3804 ψυχὴν,
2933 3734 3130 3803 λέγων·
3155 3737 3374 3790 Τούτων
3416 3738 3580 3801 οὕτως
3615 3737 3804 3806 ἐχόντων
3820 3731 3858 3780 τί

2358 3817 2535 3887 μάτην
2563 3815 2736 3880 οὕτως
2777 3817 2974 3872 σαυτὸν
3004 3819 3445 3891 καταδαμάζεις;
3481 3823 3564 3876 ἵνα
3601 3823 3668 3884 εἰς
3695 3817 3777 3872 ποῦ
3801 3831 3859 3868 σοι

2355 3902 2545 3972 ὀνήσῃ,
2582 3900 2906 3971 Πτολεμαῖε,
2945 3904 3019 3973 μὴ
3052 3902 3218 3973 οῦσης
3258 3907 3627 3976 ἁντιμισθίαςς
3663 3907 3784 3963 ποῖος
3819 3900 3858 3950 δέ

2358 4001 2440 4037 σοι
2471 3984 2662 4052 μισθὸς
2687 3984 2751 4037 ἂν
2789 3986 3087 4057 ἐξήρκεσεν
3123 3988 3327 4041 τούτων
3356 3991 3468 4044 τῶν
3515 3991 3693 4050 πόνων,
3729 3986 3766 4036 εἰ
3791 3980 3861 4034 καί

2357 4085 2436 4131 τις
2466 4065 2536 4140 ἦν
2576 4071 2603 4122 ὁ
2632 4069 2918 4134 ἀποδιδούς
2950 4087 3032 4123 σοι
3057 4088 3072 4134 ;
3105 4072 3236 4124 ποία.
3260 4073 3316 4125 δὲ
3343 4076 3442 4128 καὶ
3471 4076 3635 4147 κρίσις
3672 4071 3789 4123 ἐστὶν
3812 4067 3860 4134 ἧν

2355 4152 2674 4206 ἀπειλοῦσιν
2692 4154 2744 4205 αἰ
2769 4153 2982 4222 Γραφαὶ
3004 4156 3241 4225 άπρονοή
3251 4174 3355 4208 των
3379 4156 3709 4229 ὑπαρχόντων
3729 4150 3862 4204 άπίν-

2356 4254 2462 4289 των
2484 4253 2498 4302 ;
2533 4236 2758 4298 Τούτοις
2781 4239 2893 4300 τοῖς
2920 4242 3228 4302 σατανικοῖς
3270 4238 3455 4309 λόγοις
3479 4235 3820 4294 κατακλεισθεὶς
3842 4231 3861 4280 ὁ

2358 4318 2652 4382 πανάθλιος
2693 4318 3026 4390 Πτολεμαῖος
3082 4321 3299 4390 λέγεται
3345 4324 3602 4394 φέρεσθαι
3649 4318 3861 4391 μετέωμ

2358 4401 2668 4472 ἐξεστηκὼς
2697 4401 2806 4454 τῶν
2836 4406 2977 4457 κατὰ
3017 4405 3178 4473 φύσιν
3208 4406 3422 4475 φρενῶν
3454 4407 3607 4477 μέχρι
3639 4403 3723 4472 τῆς
3743 4401 3862 4465 δευρο

683 4481 780 4535 καὶ
832 4482 1015 4551 τρίτον
1067 4481 1292 4551 ἐπίομεν
1347 4480 1513 4550 ὕδωρ.
1555 4479 1796 4543 Ἐκεῖνος
1844 4479 1901 4532 δὲ
1960 4480 2082 4550 μηδ’
2119 4483 2253 4544 ὅλως
2287 4491 2333 4548 D
2362 4485 2639 4554 ἀλώμενος
2694 4486 2751 4537 ἐν
2806 4487 3102 4558 Αἰγύπτῳ,
3161 4489 3373 4542 ἔκδοτον
3431 4491 3615 4544 ἐαυτὸν
3667 4480 3859 4541 δεδωκὼς

682 4565 1020 4634 γευσάμενος
1072 4563 1237 4628 πεζὸς
1296 4563 1529 4634 βαδίζων
1587 4562 1952 4634 άπεστήθιςεν
2010 4563 2256 4634 ψαλμοὺς

681 4650 1000 4715 δεκαπέντε,
1017 4648 1207 4701 ἔπειτα
1236 4648 1324 4700 τὸν
1344 4648 1536 4717 μέγαν,
1556 4642 1674 4698 εἶτα
1693 4646 1790 4716 τὴν
1811 4649 1949 4717 πρὸς
1977 4649 2258 4720 Ἐϐραίους

683 4733 1029 4804 Ἐπιστολὴν,
1067 4727 1186 4785 εἶτα
1231 4731 1457 4785 Ἡσαΐαν
1492 4731 1586 4784 καὶ
1619 4730 1784 4801 μέρος
1827 4729 2092 4802 Ἱερεμίου
2151 4736 2260 4786 τῶν

681 4821 998 4891 προφητῶν,
1047 4812 1164 4871 εἰτα
1209 4817 1423 4871 Λουκᾶν
1455 4814 1547 4868 τὸν
1592 4814 2009 4888 εὐαγγελιστὴν,
2069 4819 2259 4872 ἔπειτα

678 4903 778 4967 τὰς
811 4903 1138 4975 Παροιμίας.
1175 4903 1285 4954 Καὶ
1333 4898 1539 4952 τούτων
1569 4898 1742 4962 οὕτως
1778 4901 2034 4970 ἐχόντων,
2085 4917 2256 4954 κατα-

678 4987 980 5056 λαμϐάνειν
1015 4986 1178 5040 αὑτὸν
1227 4989 1329 5039 οὐκ
1363 4983 1680 5054 ἠδυνάμεθα
1729 4982 2038 5053 βαδίζοντα.
2089 4980 2256 5050 Οὗτος

679 5073 989 5127 τελευταῖον
1020 5075 1088 5143 τῇ
1133 5069 1227 5122 τοῦ
1271 5069 1510 5140 πονηροῦ
1564 5068 1816 5138 δαίμονος
1855 5069 2111 5142 ἐνεργείᾳ
2163 5071 2255 5140 λη-

681 5159 861 5228 φθεὶς,
888 5157 963 5220 ὡς
998 5157 1104 5210 ὑπὸ
1147 5155 1510 5227 σφοδροτάτου
1561 5153 1732 5225 πυρὸς
1784 5154 2163 5225 ἐλαυνόμενος,
2200 5157 2255 5208 ἐν

680 5248 746 5314 τῇ
807 5242 971 5312 κέλλῃ
1033 5243 1132 5312 μὲν
1193 5242 1354 5296 αὐτοῦ
1431 5241 1765 5310 καθεσθῆναι
1834 5241 1934 5294 οὐκ
1991 5241 2252 5312 ἠδυνήθη.

691 5314 967 5380 ’Λπελθὼν
995 5328 1050 5381 δὲ
1081 5329 1162 5389 εἰς
1196 5327 1294 5397 τὴν
1344 5325 1770 5396 Ἀλεξάνδρειαν,
1802 5327 1942 5395 τάχα
1976 5326 2071 5378 καὶ
2100 5326 2255 5379 τοῦτο

685 5415 826 5470 κατὰ
873 5413 1024 5468 θείαν
1075 5412 1408 5483 οἰκονομίαν,
1437 5413 1499 5465 τὸ
1543 5413 1608 5483 δὴ
1637 5412 1951 5482 λεγόμενον,
2000 5414 2114 5485 ἥλῳ
2166 5413 2253 5465 τὸν

678 5495 808 5572 ἧλον
841 5503 1181 5573 ἐξέκρουσεν.
1212 5501 1550 5572 Περιέπεσεν
1581 5503 1688 5572 γὰρ
1718 5502 1979 5564 ἑκουσίως
2009 5505 2074 5572 τῇ
2103 5502 2252 5554 ἀδια-

679 5589 866 5658 φορία,
918 5587 998 5651 εἰς
1049 5586 1274 5657 ὕστερον
1312 5586 1565 5639 ἀκούσιον
1599 5585 1899 5656 εὑράμενος
1956 5587 2250 5655 σωτηρίαν.

682 5671 1003 5742 Παρέϐαλεν
1038 5672 1143 5742 γὰρ
1168 5672 1260 5725 καὶ
1292 5669 1563 5740 θεάτροις,
1595 5670 1688 5722 καὶ
1721 5668 2127 5738 ἱπποδρομίαις,
2160 5671 2253 5722 καὶ

678 5757 779 5822 τὶς
807 5756 1086 5827 διατριϐὰς
1108 5753 1251 5826 εἶχεν
1281 5755 1338 5810 ἐν
1365 5755 1698 5824 καπηλείοις.
1730 5752 1912 5816 υύτως
1940 5752 1994 5806 δὲ
2027 5769 2250 5826 γαστρι-

2361 4571 2795 4640 γαστριμαργίᾳ,
2826 4571 2918 4622 καὶ
2939 4569 3276 4643 οἰνοφλυγία,
3302 4573 3491 4643 μηδενὶ
3522 4572 3672 4644 μηδὲν
3687 4565 3858 4638 ὁμιλῶν.

2359 4652 2495 4705 ἀλλὰ
2526 4655 2672 4714 ἐνεὸς
2694 4653 3069 4721 ἀνακάμπτων
3098 4658 3197 4724 τὴν
3228 4657 3456 4726 ἀγοράν,
3487 4655 3697 4710 ἐλεεινὸν
3725 4651 3861 4717 θέαμα

2360 4737 2454 4790 καὶ
2476 4736 2678 4806 πλῆρες
2703 4735 2952 4806 δακρύων
2977 4739 3334 4808 προκείμενος
3357 4738 3681 4809 Χριστιανῶν
3704 4731 3859 4802 6;le-

2360 4825 2499 4892 μοῖς.
2530 4821 2780 4888 παίγνιον
2806 4820 2863 4872 δὲ
2884 4821 2977 4872 καὶ
3007 4821 3172 4892 χλεύη
3194 4824 3305 4884 τοῖς
3327 4824 3579 4892 ἀγνοοῦσι
3601 4823 3682 4874 τὸν
3709 4817 3860 4888 ἡμέτε-

2359 4922 2452 4977 ρον
2490 4903 2626 4974 βίον.
2664 4903 2773 4956 Καὶ
2801 4901 2942 4975 αῦτη
2972 4904 3029 4956 δὲ
3073 4906 3294 4970 άνίατος
3327 4909 3579 4978 συμφορά
3605 4901 3860 4967 κατειλήφει

2356 4991 2446 5044 τὸν
2476 4988 2705 5043 ἐλεεινὸν
2735 4987 3068 5058 Πτολεμαῖον
3098 4991 3163 5041 ἐκ
3194 4991 3295 5060 τῆς
3325 4991 3518 5060 ἀλόγου
3551 4992 3777 5059 οἰήσεως,
3804 4978 3860 5046 τῷ

2356 5075 2596 5147 νομίζειν
2639 5075 2803 5127 αὐτὸν
2842 5074 3243 5144 ἐμπαιζὸμενον
3296 5077 3400 5129 ὑπὸ
3449 5075 3539 5128 τοῦ
3586 5073 3758 5125 πλάνον
3798 5065 3860 5117 ὃτι

2356 5163 2555 5232 γνῶσιν
2589 5160 2703 5230 ἔχει
2737 5158 2878 5228 ὑπὲρ
2909 5160 3117 5220 πάντας
3148 5161 3274 5223 τοὺς
3303 5160 3494 5228 ἁγίους
3541 5156 3780 5226 Πατέρων
3809 5147 3859 5199 δι’

2353 5245 2420 5318 ἧς
2445 5247 2739 5317 φυσιωθεὶς
2774 5248 2802 5298 6
2825 5243 3018 5296 ἐαυτοῦ
3051 5243 3305 5314 πολέμιος
3327 5247 3406 5309 εἰς
3431 5246 3518 5298 τὸν
3550 5242 3694 5313 βυθὸν
3714 5235 3859 5289 τοῦτον

2356 5328 2749 5398 κατεποντίσθη
2799 5330 2898 5398 τῆς
2934 5327 3230 5394 ἀπωλείας,
3271 5328 3536 5398 μηδέποτε
3572 5320 3736 5396 μηδενί
3766 5333 3859 5368 ουν-

2353 5419 2531 5490 τυχὼν
2561 5419 2668 5472 τῶν
2708 5416 2879 5486 ἁγίων
2923 5417 3178 5487 Πατέρων
3206 5418 3316 5469 τῶν
3348 5417 3522 5485 σοφῶς
3553 5404 3857 5490 κυϐερνησᾷνο

2353 5487 2484 5569 των,
2517 5505 2612 5558 καί
2642 5506 2708 5574 τῇ
2737 5500 2940 5555 τούτων
2963 5504 3306 5572 πνευματικῇ
3338 5497 3643 5565 διδασκαλίᾳ
3669 5487 3857 5562 τημελη’

2355 5597 2488 5659 θεὶς,
2520 5595 2634 5650 ἀλλ’
2662 5593 3031 5662 ἀκυϐέρνητος
3075 5589 3343 5660 εὑρεθεὶς,
3379 5591 3470 5644 καὶ
3515 5587 3615 5642 ὑπὸ
3646 5581 3730 5650 τῆς
3767 5591 3856 5630 σκθ·

2354 5687 2537 5754 τεινῆς
2571 5684 2832 5745 λαίλαπος
2887 5679 3244 5752 χειμασθεὶς,
3294 5680 3372 5742 είς
3413 5677 3626 5746 ἔσχατον
3675 5667 3856 5754 epam-3

2360 5769 2607 5839 πυθμένα
2649 5765 2956 5832 ἐξώκειλεν.
2990 5765 3058 5816 Ἣ
3094 5761 3280 5833 ὥσπερ
3310 5761 3517 5832 δένδρον
3554 5753 3766 5827 γενναῖον
3790 5741 3859 5796 καὶ
