4060 6526
280 357 434 422 ’1093

1545 363 1864 425 HISTORIA
1902 363 2264 423 LAUSIACA.

3391 357 3528 415 1094

280 484 575 554 ingredere
596 482 654 538 in
682 488 828 536 tuam
854 479 1067 535 cellam.
1102 479 1365 549 Egressus
1393 492 1521 549 ergo
1545 493 1668 535 cum
1694 479 1857 534 vidis—
1885 486 1939 545 Α
1963 479 2209 536 Accessit
2233 478 2375 533 enim
2404 476 2471 535 ad
2504 476 2709 531 theatra
2739 485 2795 531 et
2833 476 3107 545 equestria
3130 477 3443 547 certamina,
3487 485 3550 535 et

284 584 369 630 set
396 584 711 644 apparatum
765 574 1090 643 lampadum,
1136 572 1353 626 circiter
1392 586 1425 625 a
1454 572 1626 627 stadio
1673 572 1863 642 procul

284 663 675 718 Antichristum
731 662 991 716 adoravit.
1040 661 1161 716 Alio
1213 662 1392 729 itaque
1435 661 1525 717 die
1573 662 1709 717 adeo
1764 663 1864 717 fuit

289 764 482 808 emota:
512 755 727 819 mentis,
760 762 816 806 ut
844 753 1216 822 ingrederetur
1244 752 1561 822 ecclesiam,
1593 762 1647 807 et
1676 752 1865 808 frater-

287 845 455 898 nitate
501 853 823 913 congregata
883 844 1131 898 diceret:
1165 843 1277 911 Ego
1332 859 1439 899 non
1498 845 1674 899 habeo
1730 860 1865 914 opus

286 936 687 1001 communione;
708 934 980 990 Christum
1000 934 1140 990 enim
1161 936 1269 988 vidi
1294 935 1470 991 hodie.
1496 936 1647 991 Tunc
1666 938 1856 993 Patres

286 1041 407 1078 eum
456 1040 598 1079 anno
644 1039 750 1078 uno
794 1023 1096 1087 vinxerunt,
1141 1032 1198 1078 et
1239 1025 1294 1079 in
1336 1024 1540 1081 ferreos
1567 1027 1864 1096 compedes

287 1125 649 1184 conjecerunt,
673 1127 727 1170 et
747 1125 1036 1181 curarunt;
1071 1117 1342 1184 precibus,
1366 1117 1588 1187 ejusque
1614 1129 1863 1175 contem-

292 1210 503 1278 ptione,
526 1209 743 1276 vitaque
786 1210 1081 1261 austeriore
1107 1207 1453 1263 detrahentes
1483 1212 1597 1278 ejus
1640 1225 1861 1279 persua-

292 1304 534 1364 sionem;
566 1314 690 1354 nam
712 1339 727 1364 ,
759 1311 815 1353 ut
858 1300 1074 1366 dicitur,
1121 1301 1389 1356 contraria
1422 1302 1702 1357 contrariis
1750 1318 1864 1358 me-

290 1392 608 1446 dicamentis
634 1398 903 1447 curantur.

360 1483 592 1538 Necesse
620 1494 707 1538 est
752 1493 929 1539 autem
960 1499 1145 1540 eorum
1194 1500 1405 1556 quoque
1450 1489 1539 1553 qui
1569 1501 1691 1544 sunt
1734 1492 1867 1547 tales

291 1577 452 1628 vitam
482 1577 534 1628 in
566 1576 667 1629 hoc
700 1575 837 1631 libro
888 1577 1158 1642 inserere,
1191 1578 1256 1632 ad
1286 1581 1628 1635 securitatem
1673 1598 1860 1638 eorum

292 1669 377 1736 qui
400 1669 580 1737 legunt
608 1684 623 1721 :
649 1669 783 1722 sicut
804 1669 965 1723 etiam
984 1670 1185 1724 sanctis
1206 1671 1395 1739 plantis
1417 1675 1642 1726 accessit
1663 1674 1863 1744 lignum

294 1760 548 1828 paradisi,
573 1776 765 1828 nempe
793 1761 1021 1830 cognitio
1044 1762 1167 1815 boni
1196 1772 1250 1816 et
1279 1764 1403 1817 mali
1438 1762 1587 1833 (Gen.
1619 1769 1709 1832 ti);
1740 1775 1795 1818 ut
1821 1766 1866 1820 si

1969 570 2281 625 versabatur
2300 569 2355 623 in
2398 568 2683 637 cauponis;
2732 568 2779 620 is
2821 577 3002 621 autem
3046 582 3169 622 cum
3214 570 3354 637 gulae
3391 584 3541 625 esset

1968 661 2184 714 deditus
2212 667 2266 713 et
2287 658 2557 725 ebrietati,
2589 658 2776 713 incidit
2798 660 2851 713 in
2882 673 3092 713 caenum
3124 658 3370 715 {etninere
3390 661 3542 730 cupi-

1968 753 2183 818 ditatis;
2212 761 2265 805 et
2293 767 2413 806 cum
2444 766 2666 820 peccare
2694 750 3095 813 constituisset,
3149 764 3269 805 cum
3305 753 3536 819 quadam

1970 845 2132 897 mima
2164 844 2375 898 assidue
2422 844 2738 909 collocutus,
2782 843 2933 896 ulcus
2961 856 3113 893 suum
3144 841 3372 909 aperuit.
3403 840 3537 895 Cum

1970 935 2084 989 hinc
2110 934 2189 988 sic
2216 933 2435 1002 tierent,
2468 934 2656 987 divino
2707 932 2937 1000 quodam
2968 931 3188 984 consilio
3237 939 3429 985 enatus
3458 940 3543 985 est

1968 1023 2020 1077 ei
2047 1024 2275 1076 antbrax
2321 1025 2377 1078 in
2418 1023 2638 1093 glande;
2688 1033 2741 1077 et
2790 1032 3029 1091 tempore
3075 1023 3321 1076 semestri
3372 1037 3540 1090 usque

1969 1112 2105 1168 adeo
2158 1114 2469 1183 aegrotavit,
2526 1123 2584 1166 ut
2631 1115 2746 1179 ejus
2798 1112 2969 1166 virilia
3032 1111 3269 1165 membra
3327 1125 3545 1180 compu-

1971 1200 2236 1266 truerint,
2291 1209 2346 1256 et
2392 1215 2488 1255 sua
2553 1213 2744 1268 sponte
2798 1200 3108 1255 ceciderint.
3168 1198 3299 1253 Cum
3360 1210 3544 1267 postea

1969 1300 2148 1347 autem
2181 1293 2563 1353 convaluisset,
2597 1306 2842 1346 reversus
2888 1293 3061 1347 estad
3113 1294 3214 1348 hoc
3242 1305 3300 1347 ut
3328 1307 3391 1348 ea
3422 1309 3542 1348 sen-

1974 1385 2097 1440 tiret
2125 1400 2244 1454 qua:
2274 1386 2368 1440 Det
2421 1395 2576 1450 sunt,
2633 1393 2689 1440 et
2738 1385 2880 1438 venit
2909 1384 2963 1437 in
3015 1384 3380 1449 solitudinem,
3430 1385 3545 1440 haec

1970 1478 2147 1530 omnia
2187 1476 2457 1531 conﬁtens
2488 1476 2755 1545 patribus;
2809 1483 2865 1529 et
2908 1488 3028 1529 cum
3060 1490 3164 1528 non
3206 1472 3543 1543 pervenisset

1974 1565 2041 1619 ad
2062 1565 2453 1635 operationem,
2489 1563 2671 1634 paucis
2702 1573 2822 1633 post
2851 1562 3039 1618 diebus
3064 1562 3370 1618 obdormiit.

2517 1673 2744 1729 CAPUT
2783 1671 3002 1726 XXXIII

2399 1767 2474 1821 De
2506 1765 2785 1820 Ptolemwo
2808 1767 2894 1833 qui
2920 1765 3125 1819 excidit.

291 1847 503 1915 quando
532 1849 817 1918 contigerit
845 1864 938 1904 eos
966 1850 1019 1903 in
1076 1852 1248 1919 aliqua
1295 1867 1353 1905 re
1382 1867 1440 1906 se
1471 1862 1613 1907 recte
1641 1870 1862 1923 gerere,
1898 1856 1945 1916 B
2042 1856 2190 1909 Alius
2219 1854 2431 1923 quidam
2483 1868 2702 1919 rursus,
2756 1854 2974 1907 nomine
3018 1852 3366 1916 Ptolemeus,
3417 1866 3540 1905 cum

293 1953 402 1991 non
433 1953 491 1992 se
533 1938 757 1993 eﬂ‘erant
786 1946 840 1993 et
868 1953 927 1993 se
960 1939 1162 2008 jactent
1189 1941 1256 1995 de
1296 1941 1510 1996 virtute.
1551 1943 1680 1996 Nam
1730 1958 1872 2014 saepe

293 2047 503 2102 quoque
536 2034 701 2087 virtus
730 2033 962 2088 efficitur
986 2036 1197 2089 occasio
1229 2038 1613 2104 prolapsiouis,
1661 2041 1874 2107 quando

293 2136 399 2175 non
446 2131 593 2177 recto
638 2137 800 2192 scopo
849 2123 987 2179 facta
1032 2125 1209 2179 fuerit.
1260 2126 1525 2193 Scriptum
1557 2139 1639 2183 est
1687 2132 1869 2185 enim:

297 2210 417 2265 Vidi
463 2212 667 2282 justum
710 2224 1021 2282 pereuntem
1053 2217 1103 2269 in
1136 2230 1228 2270 sua
1256 2216 1458 2285 justitia
1504 2218 1715 2289 (Eccle.
1746 2221 1869 2290 vn).

296 2302 353 2357 Id
380 2318 592 2374 quoque
617 2317 700 2360 est
722 2306 947 2360 vanitas.

845 2397 1070 2452 CAPUT
1109 2395 1322 2453 XXXII.

867 2485 942 2541 De
968 2488 1139 2541 Eronc
1167 2489 1301 2560 (74).

371 2572 488 2631 Fuit
517 2578 731 2647 quidam
751 2621 765 2642 ,
799 2579 906 2633 Ero
934 2586 1170 2646 nomine,
1203 2583 1329 2635 mihi
1379 2584 1606 2649 vicinus,
1636 2583 1870 2638 Alexan-

296 2670 482 2725 drinus
512 2688 741 2741 genere,
780 2674 1015 2729 urbanus
1064 2675 1411 2739 adolescens,
1447 2678 1588 2730 bono
1620 2676 1832 2744 ingenio
1853 2717 1869 2742 ,

297 2762 403 2815 vita
458 2763 707 2816 mundus.
791 2764 895 2831 Qui
985 2766 1101 2836 ipse
1182 2778 1401 2836 quoque
1477 2774 1597 2835 post
1650 2781 1870 2835 magnos

296 2852 505 2907 labores
536 2864 588 2905 et
614 2854 897 2921 praeclaros
923 2856 1165 2919 sudores,
1198 2856 1265 2908 ab
1294 2857 1594 2925 arrogantia
1624 2870 1872 2924 arreptus

294 2950 348 2995 et
373 2943 638 3008 elatione,
690 2956 927 3011 praeceps
956 2947 1090 3007 ruit,
1142 2953 1195 2998 et
1243 2946 1501 3000 adversus
1550 2954 1732 3013 patres
1762 2963 1859 3001 su-

297 3032 489 3097 perbus
516 3032 687 3085 evasit
713 3044 768 3086 et
799 3034 1051 3096 insolens,
1080 3040 1135 3087 et
1162 3048 1281 3087 cum
1314 3034 1419 3088 illis
1446 3036 1660 3090 beatum
1700 3038 1862 3092 etiam

295 3121 579 3190 Evagrium
629 3123 751 3197 [AL
787 3124 1074 3178 Macarium
1107 3140 1321 3195 quoque
1360 3126 1764 3199 presbyterum]
1793 3130 1870 3183 aio

1976 1955 2189 1998 narratu
2215 1944 2503 2007 difﬁcilem,
2550 1945 2633 1997 vel
2679 1943 2851 2012 potius
2874 1960 2989 2013 quae
3019 1947 3221 2000 narrari
3244 1962 3349 2000 non
3370 1956 3543 2013 potest

1975 2036 2132 2087 vitam
2167 2033 2532 2101 transegisset,
2593 2032 2845 2087 habitavit
2882 2034 3033 2087 initio
3064 2034 3201 2087 ultra
3230 2033 3441 2090 Scetem
3485 2035 3541 2087 in

1973 2139 2035 2179 ea
2062 2139 2178 2192 qua:
2198 2123 2390 2176 dicitur
2415 2123 2618 2191 κλίμαξ,
2648 2121 2698 2175 id
2728 2129 2813 2175 est
2852 2122 3016 2176 scala.
3061 2122 3157 2176 Est
3192 2132 3367 2177 autem
3396 2124 3544 2178 locus

1976 2216 2065 2283 qui
2098 2214 2175 2267 sic
2201 2214 2400 2267 dicitur
2432 2214 2483 2265 in
2514 2225 2619 2281 quo
2647 2227 2804 2266 nemo
2834 2221 3009 2281 potest
3035 2214 3294 2279 habitare,
3328 2226 3545 2282 pr0pte-

1973 2319 2065 2358 rea
2103 2303 2243 2371 quod
2277 2313 2465 2372 puteus
2492 2317 2746 2372 aquarum
2777 2302 2937 2357 distet
2957 2304 3144 2359 decem
3174 2313 3228 2359 et
3264 2315 3383 2359 octo
3414 2306 3538 2358 mil-

1972 2397 2209 2451 liaribus.
2241 2396 2374 2451 Cum
2415 2395 2459 2450 is
2487 2410 2615 2464 ergo
2662 2388 2826 2449 multa
2864 2410 2987 2449 vasa
3038 2396 3218 2450 ﬁctilia
3249 2405 3539 2467 portasset,

1972 2498 2026 2543 ct
2068 2488 2347 2544 Deccmbri
2395 2497 2449 2543 et
2490 2486 2745 2542 Januario
2795 2502 2979 2543 mense
3024 2504 3198 2542 rorem
3243 2487 3545 2556 COIlegISSt‘l

1973 2580 2079 2649 (est
2110 2581 2251 2634 enim
2284 2582 2602 2649 permultum
2636 2582 2772 2635 roris
2799 2583 2850 2635 in
2882 2582 2987 2635 illis
3015 2578 3275 2652 partibus)
3303 2590 3358 2636 et
3386 2596 3545 2651 Spon-

1973 2672 2058 2741 gia
2086 2687 2151 2726 ex
2180 2672 2445 2739 lapidibus
2498 2674 2876 2741 expressisset,
2908 2672 3139 2742 perstitit
3166 2673 3276 2728 illic
3299 2674 3543 2729 habitans

1973 2778 2139 2818 annos
2206 2764 2528 2831 quindecim.
2607 2764 2705 2830 Qui
2763 2765 3089 2819 abalienatus
3132 2781 3161 2818 a
3202 2765 3441 2819 doctrina
3494 2776 3544 2821 el

1973 2853 2356 2921 Congressione
2421 2853 2660 2907 virorum
2718 2866 3021 2908 sanctorum
3090 2864 3143 2908 et
3200 2854 3425 2909 utilitate
3488 2856 3545 2910 et

1971 2945 2222 2998 continua
2274 2957 2729 2999 sacramentorum
2811 2946 3185 3000 communione
3220 2984 3237 3011 ,
3296 2961 3329 2999 a
3404 2955 3547 3000 recta

1977 3039 2057 3088 via
2115 3049 2282 3104 usque
2322 3035 2458 3090 adeo
2499 3034 2742 3100 receSsit,
2795 3044 2851 3088 ut
2896 3033 3035 3103 quod
3088 3034 3326 3088 nonnulli
3370 3034 3548 3091 dicunt

1974 3127 2159 3194 impii,
2208 3140 2331 3179 casu
2363 3125 2537 3179 omnia
2595 3125 2735 3189 ﬁeri,
2791 3124 2836 3177 is
2884 3139 3091 3193 quoque
3120 3124 3296 3178 infelix
3323 3123 3375 3177 id
3407 3125 3545 3179 fate-

297 3215 423 3270 fecit
448 3217 772 3270 contumelia
794 3256 807 3281 ,
840 3217 1025 3272 dicens
1051 3234 1064 3270 :
1087 3217 1186 3282 Qui
1218 3228 1316 3272 tua:
1360 3219 1617 3274 doctrina:
1649 3230 1866 3289 parent,
1897 3212 1944 3275 C
1976 3228 2143 3281 retur,
2191 3216 2434 3271 daamoue
2488 3215 2688 3270 erroris
2735 3214 2986 3283 deinceps
3030 3216 3082 3268 in
3107 3230 3229 3270 eum
3270 3215 3547 3270 obtinente

296 3306 662 3377 decipiuntur;
700 3323 805 3361 non
827 3317 1035 3377 oportet
1067 3308 1207 3362 enim
1232 3309 1365 3364 alios
1386 3312 1670 3378 magistros
1689 3322 1868 3367 atten-

298 3398 422 3453 dere
451 3409 643 3467 pneter
670 3397 966 3453 Christum.
998 3399 1210 3454 Abusus
1236 3408 1318 3454 est
1347 3409 1523 3454 autem
1552 3402 1856 3456 testimonio

297 3503 505 3557 quoque
530 3486 599 3541 ad
623 3504 928 3557 perversum
958 3504 1178 3558 scopum
1210 3506 1322 3544 sua:
1342 3492 1576 3545 stultitia:
1596 3533 1610 3557 ,
1643 3493 1831 3547 dicens
1854 3510 1869 3548 :

299 3579 375 3634 Ne
404 3579 718 3634 vocaveritis
744 3580 1055 3650 magistrum
1080 3596 1243 3650 super
1261 3590 1454 3636 terram
1487 3581 1699 3651 (Matth.
1728 3585 1872 3653 xxv).

301 3672 399 3737 Qui
429 3673 542 3739 ipse
571 3687 783 3741 quoque
830 3684 1063 3727 mentem
1094 3673 1229 3727 adeo
1259 3673 1440 3727 habuit
1468 3673 1873 3729 obtenebratam

303 3778 439 3815 vana
470 3764 811 3830 persuasione
840 3778 950 3817 suae
980 3764 1245 3833 opinionis
1264 3805 1279 3827 ,
1313 3773 1371 3816 ut
1395 3762 1557 3817 fuerit
1587 3767 1747 3818 etiam
1774 3767 1874 3819 Ier-

302 3870 365 3909 ro
416 3856 625 3909 vinctus
671 3871 791 3910 cum
842 3856 1007 3909 nollet
1062 3858 1351 3911 convenire
1398 3861 1464 3909 ad
1510 3865 1871 3910 sacramenta.

305 3950 490 4002 Amica
518 3957 692 4003 autem
723 3951 937 4002 veritas.
972 3948 1152 4002 Fuitis
1174 3948 1295 4001 vita:
1318 3948 1556 4001 instituto
1580 3948 1867 4001 admodum

305 4039 481 4093 subtili
513 4049 565 4093 et
595 4048 867 4103 accurato,
898 4038 1031 4093 adeo
1056 4049 1112 4091 ut
1132 4038 1286 4093 multi
1312 4038 1509 4103 dicant,
1532 4039 1728 4106 quibus
1755 4053 1876 4091 cum

302 4146 370 4183 eo
390 4130 701 4185 intercessit
736 4129 1109 4194 consuetudo,
1155 4130 1294 4197 quod
1323 4145 1464 4198 saepe
1495 4145 1599 4182 non
1629 4130 1728 4182 nisi
1761 4141 1879 4198 post

308 4231 417 4275 tres
446 4236 657 4276 menses
706 4220 1040 4284 comedebat,
1072 4230 1350 4273 contentus
1380 4221 1756 4273 communione
1796 4235 1879 4273 sa-

305 4323 720 4377 cramentorum,
750 4323 803 4366 et
827 4313 993 4366 sicubi
1035 4314 1082 4366 ei
1112 4312 1448 4381 apparuisset
1483 4312 1600 4365 olus
1646 4321 1876 4379 agieste.

308 4395 506 4475 Ancepi
556 4414 730 4458 autem
781 4418 879 4472 ego
928 4418 1138 4472 qumque
1186 4404 1302 4468 ejus
1345 4402 1730 4469 experientiam
1760 4416 1879 4453 cum

316 4498 473 4551 beato
501 4497 718 4561 Albino,
764 4511 883 4549 cum
932 4496 1062 4548 irem
1113 4495 1167 4547 in
1197 4493 1655 4547 Scetemzabeiat
1703 4499 1878 4544 autem

1975 3309 2280 3376 imperium.
2336 3308 2431 3361 llic
2490 3306 2631 3362 enim
2679 3306 2926 3360 inimicus
2981 3321 3117 3360 vano
3166 3305 3288 3360 huic
3343 3306 3543 3361 homini

1974 3400 2268 3468 suggessit,
2303 3406 2359 3451 ut
2387 3397 2588 3452 diceret
2615 3412 2700 3451 res
2730 3397 2929 3450 nullam
2971 3395 3168 3450 habere
3215 3397 3543 3461 essentiam;

1976 3494 2067 3543 sed
2112 3491 2329 3544 omnino
2384 3502 2503 3543 esse
2532 3488 2711 3541 omnia
2748 3503 2815 3542 ex
2846 3502 2912 3542 eo
2964 3486 3104 3556 quod
3160 3487 3388 3539 mundus
3438 3484 3548 3540 fer-

1976 3592 2127 3635 retur
2172 3595 2265 3634 sua
2298 3588 2508 3648 Sponte.
2539 3578 2596 3631 lu
2626 3576 2782 3645 hujus
2832 3591 2961 3645 ergo
3008 3577 3238 3630 animam
3289 3576 3406 3629 haec
3450 3577 3547 3628 im-

1978 3673 2124 3726 misit
2174 3672 2409 3725 ornnium
2458 3672 2582 3723 vita:
2632 3669 2831 3729 hostis,
2874 3668 3299 3723 dicendo:Cum
3352 3684 3438 3722 res
3477 3670 3545 3721 ita

1979 3778 2037 3818 se
2089 3762 2348 3826 habeant,
2408 3761 2535 3830 qttid
2586 3758 2785 3814 frustra
2842 3761 3065 3827 teipsum
3124 3760 3252 3813 foris
3322 3759 3543 3813 domas?

1979 3853 2238 3920 Quidnam
2281 3864 2331 3904 te
2386 3851 2619 3918 juvabit,
2663 3849 2981 3916 Ptolemaee,
3012 3849 3057 3901 si
3110 3862 3216 3902 non
3255 3848 3325 3903 sit
3371 3863 3549 3903 remu-

1982 3943 2219 3998 neratio?
2250 3943 2503 4008 Qurenam
2553 3948 2728 3996 autem
2763 3940 2856 3993 tibi
2906 3939 3178 3994 sufliceret
3224 3954 3429 3993 merces
3476 3949 3551 3993 tut

1982 4044 2037 4088 et
2088 4041 2351 4086 tantorum
2382 4031 2655 4093 laborum,
2688 4030 2897 4084 etiamsi
2942 4036 3086 4083 esset
3131 4029 3218 4097 qui
3269 4027 3553 4082 redderet?

1984 4126 2264 4193 Quodnam
2314 4134 2489 4178 autem
2538 4122 2902 4193 estjudicium
2933 4120 3071 4189 quod
3112 4121 3379 4173 initiantur
3409 4121 3554 4174 Scri-

1986 4228 2173 4286 ptttrte,
2207 4217 2251 4269 si
2282 4217 2425 4268 nulla
2452 4214 2520 4267 sit
2549 4213 2917 4282 providentia?
2940 4210 3033 4265 IIis
3054 4210 3305 4264 satanicis
3328 4210 3555 4263 circum-

1984 4319 2166 4373 septus
2190 4305 2598 4374 cogitationibus
2630 4302 2960 4364 miserrimus
2992 4302 3331 4365 Ptolemaeus,
3357 4300 3556 4354 dicitur

1985 4413 2103 4451 esse
2128 4407 2317 4451 etnotae
2349 4396 2541 4449 mentis
2562 4436 2576 4459 ,
2608 4403 2661 4448 et
2692 4393 2962 4462 hucusque
2989 4406 3169 4446 errare
3212 4392 3264 4445 in
3293 4390 3554 4460 Αἱεγυιο,

1986 4502 2038 4545 et
2070 4494 2302 4559 seipsum
2331 4488 2599 4542 dedidisse
2627 4487 2764 4555 gula:
2793 4496 2847 4539 et
2888 4485 3164 4548 ebrietati,
3194 4499 3313 4537 cum
3347 4485 3558 4537 neruiue

310 4589 470 4644 Seete
501 4604 529 4641 a
563 4590 714 4643 nobis
735 4587 1080 4657 quadraginta
1116 4586 1448 4638 milliaribus.
1478 4583 1535 4636 In
1561 4584 1640 4636 bis
1662 4584 1883 4652 quadra-
1914 4581 1964 4639 D
1990 4579 2440 4645 cottversans,sed
2459 4588 2633 4631 mutus
2657 4577 2826 4631 forum
2851 4577 3057 4637 obiens,
3086 4573 3386 4628 miserabile
3413 4584 3463 4627 et
3493 4574 3559 4625 la-

305 4688 451 4752 ginta
484 4680 804 4735 milliaribus
834 4693 933 4731 nos
972 4677 1056 4730 bis
1085 4676 1435 4735 comedimus,
1484 4686 1536 4727 et
1584 4682 1664 4726 ter
1688 4687 1877 4740 aquant

310 4774 577 4835 bibimus;
611 4771 700 4825 ille
730 4784 855 4823 vero
883 4784 1003 4821 cum
1053 4767 1180 4819 nihil
1223 4775 1483 4832 gustasset
1515 4766 1673 4831 pedes
1708 4764 1882 4830 ingre-

312 4866 497 4932 diens,
540 4861 907 4932 pronuntiavit
936 4858 1248 4912 memoriter
1287 4855 1585 4924 quindecim
1618 4854 1879 4922 psalmos,

308 4957 508 5010 deinde
550 4968 799 5022 magnum
835 4952 1118 5020 psalmum,
1150 4947 1343 5001 deinde
1371 4946 1648 5010 epistolam
1683 4944 1749 4996 ad
1784 4945 1885 4995 Ile-

305 5050 500 5112 brreos,
526 5045 721 5100 deinde
760 5044 968 5110 Isaiam,
983 5052 1035 5097 et
1055 5050 1253 5111 partem
1278 5040 1709 5108 propheticorum
1730 5036 1883 5090 .Ierc-

304 5143 446 5203 ruite,
468 5138 664 5192 deinde
688 5137 880 5189 Lucam
911 5134 1328 5202 Evangelislam,
1356 5130 1548 5184 deinde
1572 5126 1880 5182 Proverbia.

306 5231 640 5283 Eumautem
671 5226 1030 5279 ambulantem
1064 5239 1166 5275 non
1198 5232 1501 5288 poteramus
1526 5218 1799 5285 consequi.
1838 5216 1883 5269 Is

307 5330 583 5389 postremo
610 5327 857 5385 arreptus
886 5331 915 5368 a
942 5316 1062 5367 mali
1096 5312 1355 5365 damonis
1375 5311 1705 5378 operatioae,
1723 5307 1885 5375 utqui

305 5424 560 5485 ageretur
582 5410 648 5463 ab
674 5410 795 5476 igne
812 5407 1298 5466 vehementissimo,
1320 5403 1369 5455 iu
1398 5418 1489 5455 sua
1517 5402 1729 5469 quidem
1751 5400 1885 5452 Cella

305 5504 499 5559 sedere
544 5516 648 5555 non
704 5509 910 5569 poterat
947 5516 959 5550 :
996 5496 1264 5566 profecuis
1286 5502 1461 5547 autem
1487 5493 1886 5553 Alexandriam,

305 5596 493 5650 divino
555 5592 785 5660 quodam
855 5589 1080 5643 consilio
1142 5590 1346 5641 clavum
1417 5586 1562 5637 claro
1640 5584 1887 5638 extrusit.

310 5687 420 5742 Sua
451 5692 639 5753 Sponte
667 5684 809 5736 enim
837 5680 1020 5734 incidit
1047 5682 1097 5733 in
1121 5679 1479 5748 promiscuum
1507 5685 1562 5731 et
1583 5675 1891 5730 indilI‘ereu—

311 5790 421 5835 tem
450 5790 632 5831 rerum
661 5789 837 5838 usum,
866 5771 1081 5827 iuventa
1103 5778 1285 5840 postea
1315 5770 1485 5823 salute
1509 5766 1886 5823 involuntaria.

1984 4662 2274 4739 crytnabile
2320 4666 2681 4735 spectaculum
2709 4665 3129 4717 Christianorum
3171 4663 3340 4715 oculis
3362 4702 3378 4725 ,
3412 4661 3551 4713 ludi-

1986 4762 2157 4815 brium
2203 4771 2379 4814 autcm
2412 4759 2474 4812 iis
2504 4759 2591 4827 qui
2635 4756 2797 4809 vitam
2831 4768 3066 4809 nestram
3114 4755 3383 4808 nesciunt.
3431 4753 3557 4806 Ilaec

1986 4863 2163 4905 autem
2193 4850 2466 4904 calamitas
2490 4846 2895 4902 immedicabilis
2927 4846 3176 4897 miserum
3208 4844 3399 4896 invasit
3426 4843 3551 4896 Pto-

1990 4944 2255 5002 luminum,
2303 4954 2365 4992 ex
2418 4936 2644 4991 rationis
2692 4944 2911 5002 experte
2959 4936 3187 4999 quadam
3237 4934 3558 5001 arrogantia,

1991 5032 2130 5101 quod
2178 5045 2208 5083 a
2250 5029 2529 5084 seductore
2578 5027 2819 5080 dmmone
2869 5024 3080 5084 illusus,
3124 5023 3456 5077 existinmret
3503 5038 3563 5076 se

1994 5123 2219 5177 scientia
2270 5121 2470 5190 pollere
2517 5134 2676 5186 super
2724 5132 2910 5170 omnes
2949 5124 3158 5168 sanctos
3213 5114 3436 5166 Patres:
3473 5130 3565 5179 per

1991 5229 2149 5282 quam
2192 5211 2434 5273 innatus,
2483 5211 2565 5263 sui
2598 5209 2763 5276 ipsius
2793 5208 2979 5267 hostis,
3017 5220 3253 5274 prmceps
3294 5205 3449 5257 datus
3480 5214 3565 5258 est

1994 5310 2045 5362 in
2073 5305 2391 5376 profundum
2417 5304 2682 5365 interitus,
2716 5316 2834 5354 cum
2867 5300 3065 5352 nullum
3096 5313 3323 5365 unquam
3356 5312 3555 5349 conve-

1996 5396 2162 5449 nisset
2187 5410 2251 5449 ex
2287 5393 2484 5446 sanctis
2516 5391 2763 5444 Patribus
2790 5388 2876 5457 qui
2920 5388 3187 5457 sapienter
3229 5386 3563 5453 gubernave-

1996 5493 2137 5551 raut,
2173 5498 2273 5536 nec
2303 5497 2485 5536 eorum
2538 5480 2696 5534 fuerit
2728 5478 2976 5531 fundatus
3025 5476 3245 5544 spiritali
3289 5474 3559 5536 doctrina;

1994 5579 2088 5634 sed
2118 5580 2365 5632 iuventus
2392 5579 2591 5642 absinte
2613 5574 2991 5642 gubernatore,
3026 5572 3076 5623 in
3099 5578 3393 5622 extremum
3424 5583 3567 5622 mor~

1998 5670 2066 5723 tis
2094 5668 2408 5737 profundum
2442 5665 2665 5730 cecidit,
2699 5673 2749 5717 et
2778 5664 2912 5717 sicut
2941 5662 3100 5715 arbor
3145 5658 3399 5713 viridibus
3428 5658 3567 5712 foliis

1997 5773 2228 5827 comata,
2262 5768 2317 5817 ct
2347 5757 2608 5813 lructibus
2636 5762 2847 5820 ornata,
2876 5770 2996 5821 qua:
3026 5768 3135 5810 uno
3165 5750 3417 5822 temporis
3446 5764 3566 5805 mo-
