4060 6568
314 364 456 435 1097

1542 368 1910 432 HISTORIA
1947 369 2097 430 LAU
2106 369 2343 431 SIACA.

3430 371 3570 437 1098

307 479 538 545 εὐθαλὲς
568 479 754 553 κομῶν
781 482 892 548 τοῖς
927 482 1146 555 φύλλοις
1172 483 1268 540 καὶ
1299 484 1412 549 τοῖς
1445 488 1678 556 καρποῖς
1702 487 1760 539 ἐν
1790 485 1892 556 μιᾷ
1917 491 1967 546 Δ
1993 483 2340 555 θλιϐομένας,
2374 483 2408 553 ἢ
2439 482 2501 536 16
2533 481 2704 547 πάθος
2738 499 2840 554 μου
2871 483 3025 550 λάϐε,
3061 483 3150 539 ῐνα
3193 483 3374 540 αὐτῶν
3405 502 3572 557 φροι-

302 563 500 635 καιροῦ
535 565 675 636 ῥοπῇ
714 566 934 621 πάντων
966 567 1164 640 ἀθρόον
1195 567 1481 640 γυμνωθὲν
1510 569 1724 638 ἐδείχθη
1775 569 1884 637 ξη-

304 646 420 716 ρὸν,
446 646 588 700 κατὰ
612 647 674 701 τὸ
701 643 1108 720 γεγραμμένον,
1131 650 1306 722 τούτῳ
1327 651 1382 704 δὲ
1414 651 1726 722 ἐφαρμόζον
1743 669 1757 684 ο
1787 651 1884 717 Οἷς

305 728 384 801 μὴ
394 729 630 802 ὑπάρχει
647 731 997 804 κυϐέρνησις,
1014 727 1159 788 οὗτοι
1175 736 1463 790 πίπτουσιν
1484 734 1634 790 ὥσπε
1641 751 1672 807 ρ
1686 736 1879 806 φύλλα.

887 816 1137 871 ΚΕΦΑΛ.
1173 819 1295 873 ΛΔθ.

476 895 618 964 Περὶ
649 895 762 966 τῆς
789 897 860 951 ἐν
902 897 1347 970 Ἱεροσολύμοις
1378 902 1704 972 παρθένου.

373 987 649 1058 Παρθένον
693 984 814 1044 οῖδα
842 990 954 1060 ἐγὼ
993 992 1154 1046 πάλιν
1191 996 1250 1048 ἐν
1305 995 1700 1066 Ἱεροσολύμοις
1747 1014 1882 1051 σακ-

299 1069 639 1138 κοφοροῦσαν
664 1072 759 1126 ἐπὶ⁸
783 1073 1049 1139 ἑξαετίαν,
1080 1075 1174 1128 καὶ
1201 1077 1364 1148 κέλλῃ
1394 1078 1879 1150 ἐγκεκλεισμένην,

303 1152 531 1221 μηδενός
552 1172 682 1222 ποτε
709 1157 819 1209 τῶν
847 1157 927 1221 είς
958 1159 1151 1229 ἡδονὴν
1179 1162 1564 1216 συντεινόντων
1585 1162 1876 1230 λαϐοῦσαν,

295 1234 415 1316 ἀλλ’
440 1236 616 1308 ἄκραν
639 1239 919 1293 πολιτείαν
951 1242 1279 1314 ἐγκρατείας
1305 1245 1579 1299 ἀσκοῦσαν
1610 1247 1668 1300 ἐν
1696 1265 1882 1316 γυναι-

299 1315 382 1382 ξίν
406 1333 420 1348 ⁶
473 1320 596 1389 ῆτις
634 1322 714 1385 είς
763 1321 991 1394 ὕστερον
1031 1325 1455 1396 καταλειφθεῖσα
1499 1329 1604 1382 61:6
1641 1315 1739 1400 τῆς
1786 1330 1879 1384 τοῦ

296 1401 434 1486 Θεοῦ
469 1403 724 1476 βοηθείας
767 1406 836 1458 δι’
884 1408 1196 1480 ὑπερϐολὴν
1225 1411 1326 1482 τῆς
1370 1413 1752 1483 ὑπερηφανίας
1783 1417 1882 1486 τῆς

296 1485 519 1557 τιθηνοῦ
552 1487 662 1542 τῶν
702 1490 921 1544 πάντων
952 1493 1138 1546 κακῶν
1170 1495 1392 1566 ἐξαισίῳ
1428 1497 1682 1566 πτώματι
1724 1485 1882 1568 περι-

297 1570 513 1624 έπεσεν.
545 1571 826 1637 Ἀνοίξασα
849 1574 958 1645 γάρ
989 1575 1088 1647 τὴν
1109 1577 1298 1648 θυρίδα
1325 1579 1420 1650 τῆς
1457 1579 1652 1650 κέλλης
1676 1581 1876 1634 εἰσεδέ-

295 1651 426 1717 ξατο
449 1653 539 1706 τὸν
563 1655 1006 1727 ύπηρετούμενον
1034 1661 1199 1730 αὐτῇ,
1257 1662 1352 1715 καὶ
1382 1661 1555 1733 τούτῳ
1581 1663 1875 1734 συνεφύρη.

297 1735 468 1788 Τοῦτο
501 1735 559 1788 δέ
597 1737 767 1810 ταύτῃ
818 1741 1054 1812 συνέϐη,
1086 1742 1166 1812 τῷ
1203 1743 1277 1814 μὴ
1317 1744 1461 1798 κατά
1499 1746 1879 1816 πνευματικὴν

1989 566 2124 632 τίζω
2151 566 2290 620 κατά
2319 565 2498 634 λόγον.
2543 565 2814 636 Ἐσπέρας
2841 566 3020 620 τοίνυν
3053 567 3354 638 γενομένης
3389 569 3572 629 ῦπνω-

1993 666 2084 703 σεν
2113 652 2172 702 ἐν
2217 651 2283 720 τῇ
2315 649 2528 720 ἐρήμῳ.
2573 647 2848 711 Ἐλθόντες
2884 649 2942 701 δὲ
2971 649 3107 718 πρὸς
3151 650 3314 709 αὐτὸν
3349 651 3571 720 ἄγγελοι

1989 733 2158 802 τρεῖς,
2191 731 2264 794 ώς
2294 733 2454 794 αὐτὸς
2477 730 2732 802 διηγεῖτο,
2761 730 2945 784 λοιπὸν
2971 731 3236 801 κατέσχον
3263 733 3446 798 αὐτὸν,
3477 733 3572 787 καὶ

1989 813 2208 881 λέγουσι
2228 812 2422 884 τούτῳο
2453 812 2518 865 Τί
2549 812 2772 881 ἐξῆλθες
2801 812 2911 866 ἀπὸ
2937 811 3032 866 τοῦ
3066 814 3429 886 μοναστηρίου
3460 815 3572 869 τῶν

1987 897 2301 965 γυναικῶν;
2332 898 2641 968 Διηγήσατο
2669 896 2724 950 δὲ
2755 897 2969 960 τούτοις
3005 897 3070 950 16
3103 899 3336 968 πρᾶγμα
3375 897 3566 951 είπών·

1990 979 2112 1034 Ὅτι
2145 981 2423 1051 ἐφοϐήθην
2451 982 2660 1049 μήποτε
2691 982 2951 1042 κάκείνας
2976 979 3162 1050 βλάψω
3186 983 3278 1034 καί
3306 982 3567 1052 ἐμαυτόν.

1988 1062 2256 1131 Λέγουσιν
2285 1063 2436 1133 αὐτῷ
2470 1067 2517 1116 οί
2548 1062 2768 1131 άγγελοι
2788 1078 2802 1094 ο
2855 1063 2981 1117 Ἐὰν
3010 1063 3192 1117 τοίνυν
3222 1081 3283 1117 σε
3329 1063 3424 1118 τοῦ
3461 1066 3569 1120 πά·

1989 1141 2116 1206 θους
2148 1143 2338 1198 τούτου
2390 1144 2820 1214 ἀπαλλάξωμεν,
2858 1145 3077 1217 ἀπέρχῃ
3131 1145 3227 1199 καὶ
3260 1146 3569 1216 φροντίζεις

1985 1225 2198 1292 αὑτῶν;
2241 1227 2362 1280 Ἐπὶ
2395 1227 2606 1290 τούτοις
2639 1227 2911 1283 συνέθετο.
2939 1228 3369 1300 Είσπράττονται
3405 1229 3570 1283 αὐτὸν

1986 1309 2170 1378 ὅρκον.
2199 1309 2302 1365 Τὸν
2326 1308 2382 1361 δέ
2410 1309 2572 1378 δρκον
2595 1308 2834 1380 διηγεῖτο
2861 1304 3003 1363 εἶναι
3035 1309 3297 1366 τοιοῦτον·
3329 1313 3569 1382 Ὀμοσον

1984 1391 2148 1460 ἡμῖν,
2175 1392 2369 1463 φησὶν,
2396 1393 2479 1446 ὅτι
2508 1393 2601 1446 Μὰ
2628 1393 2721 1445 16v
2752 1392 3106 1463 φροντίζοντά
3138 1411 3263 1463 μου,
3297 1396 3583 1466 φροντίζω

1986 1474 2185 1530 αὐτῶν.
2230 1476 2354 1529 Ἐπὶ
2394 1475 2566 1546 τούτῳ
2597 1473 2811 1546 ὤμοσεν
2850 1477 3056 1538 αὐτοῖς.
3088 1477 3223 1530 Τότε
3257 1479 3306 1531 οί
3335 1478 3559 1547 ἄγγελοι

1984 1559 2250 1628 κατέσχον
2281 1559 2444 1612 αὐτὸν
2473 1561 2502 1611 6
2535 1553 2616 1622 εἷς
2649 1559 2774 1621 τοὺς
2806 1559 2994 1622 πόδας,
3046 1559 3142 1613 καὶ
3177 1563 3206 1614 6
3247 1561 3434 1632 ἐτερος
3465 1563 3568 1626 τὰς

1986 1644 2190 1711 χεῖρας,
2225 1643 2253 1695 6
2279 1641 2334 1694 δὲ
2357 1641 2538 1713 τρίτος
2566 1641 2747 1697 λαϐὼν
2775 1642 2935 1713 ξυρὸν
2959 1642 3212 1714 ἐξέτεμεν
3243 1644 3410 1696 αὐτοῦ
3438 1645 3566 1709 τοὺς

1983 1723 2236 1795 διδύμους
2257 1766 2272 1788 ,
2304 1725 2379 1787 ώς
2415 1727 2472 1776 ἐν
2514 1727 2803 1790 ἐκστάσει,
2839 1726 2952 1778 ἀλλ’
2983 1729 3042 1780 06
3092 1728 3233 1782 κατὰ
3265 1728 3524 1798 ἀλήθειαν
3545 1767 3563 1792 ,

295 1816 556 1899 πρόθεσιν
595 1819 689 1872 καὶ
729 1805 950 1893 ἀγάπην
980 1805 1116 1877 όεοῦ
1138 1805 1444 1896 ’ἐσχηκέναι
1475 1826 1574 1899 τὴν
1607 1805 1878 1899 ἄσκησιν,
1911 1828 1955 1884 Β
1984 1808 2125 1899 ἶίατᾲ
2159 1809 2215 1860 δὲ
2239 1805 2552 1899 _‘P°“_"‘°“{‘“"
2585 1808 2729 1860 τινά·
2766 1808 2984 1899 ’ξίᾷθξεν
3008 1806 3188 1899 οὖΫῌὲν
3212 1814 3280 1882 τῇ
3311 1813 3564 1899 ἐκῗπάῗει

294 1898 432 1952 ἀλλά
465 1901 604 1954 κατά
638 1905 848 1975 σκηνὴν
876 1905 1246 1978 ἀνθρωπίνην,
1276 1898 1878 1980 τουτέστινκενοδοξίαν,

296 1980 505 2052 σαθρᾶς
531 1986 907 2055 προαιρέσεως
948 1987 1180 2061 εὕρεμα.
1213 1990 1335 2043 Τῶν
1364 1991 1471 2062 γάρ
1515 1993 1755 2046 εὐσεϐῶν
1795 1995 1882 2048 λο-

293 2067 508 2135 γισμῶν
541 2067 711 2137 αὐτῆς
730 2071 1228 2142 άπασχοληθέντων
1256 2073 1361 2126 ὑπὸ
1382 2075 1476 2128 τοῦ
1503 2075 1757 2144 δαίμονος
1780 2079 1880 2147 τῆς

293 2149 600 2214 κενοδοξίας
624 2192 638 2218 ,
668 2153 975 2224 ἐνήσκησεν
1011 2157 1214 2228 ταύτην
1244 2158 1326 2220 είς
1354 2157 1415 2210 16
1444 2161 1880 2229 καταγινώσκειν

291 2232 404 2285 τῶν
462 2234 658 2287 ἀλλων.
720 2236 1235 2309 Ἐκϐακχευομένης
1285 2239 1342 2293 δὲ
1383 2241 1590 2311 ταύτης
1637 2243 1741 2297 ὑπὸ
1782 2243 1878 2297 τοῦ

291 2313 548 2384 δαίμονος
591 2317 690 2387 τῆς
727 2317 1130 2389 ὑπερηφανίας,
1173 2324 1267 2376 καὶ
1304 2323 1480 2394 τούτῳ
1517 2324 1718 2393 μᾶλλον
1747 2325 1880 2380 ταύ-

289 2413 391 2467 της
423 2399 812 2472 συνηδομένης,
841 2403 1053 2474 ἀπέστη
1080 2405 1175 2459 ἀπ’
1203 2405 1374 2478 αὐτῆς
1397 2409 1424 2460 6
1449 2407 1602 2477 ἅγιος
1625 2409 1876 2478 ἄγγελος,

290 2482 320 2534 6
354 2483 526 2550 φύλαξ
551 2485 649 2554 τῆς
678 2487 1053 2558 σωφροσύνης.

363 2565 462 2618 Διά
490 2566 549 2619 δέ
575 2566 738 2621 τοῦτο
771 2570 1152 2642 γεγράφαμεν,
1183 2573 1474 2627 πιστότατε
1509 2574 1619 2628 τῶν
1643 2576 1876 2648 ἀνδρῶν,

292 2650 388 2702 καὶ
416 2649 526 2701 τῶν
555 2649 615 2714 ἐξ
639 2653 840 2721 ἀρετῆς
874 2655 1319 2725 κατωρθωκότων
1344 2657 1434 2710 τὸν
1473 2657 1608 2728 βίον,
1655 2660 1877 2714 καὶτῶν

289 2731 402 2786 ἀπὸ
433 2733 704 2805 ῥᾳθυμίας
739 2735 796 2802 ἐξ
824 2737 1001 2806 άκρας
1029 2738 1303 2801 πολιτείας
1332 2742 1471 2810 μετά
1511 2741 1710 2807 πόνους
1743 2742 1877 2796 πολι·

291 2815 418 2878 λους
453 2816 828 2886 χειρωθέντων
874 2821 980 2874 ὑπὸ
1020 2821 1114 2874 τοῦ
1145 2823 1392 2876 διαϐόλου
1428 2827 1549 2888 ταῖς
1595 2827 1877 2892 παντοίαις

291 2899 486 2954 τούτου
514 2903 800 2972 σαγήναις,
825 2903 893 2956 ἵν’
912 2904 1144 2969 ἕκαστος
1174 2908 1240 2958 ἐκ
1263 2909 1360 2978 τῆς
1382 2908 1578 2962 ἐαυτοῦ
1604 2909 1877 2974 πολιτείας

291 2984 386 3038 τοῦ
414 2987 713 3053 μισοκάλου
735 2989 1176 3057 καταμανθάνων
1197 2990 1266 3043 τὰ
1287 2993 1650 3062 κεκρυμμένα
1661 2993 1874 3061 δίκτυα,

293 3067 472 3140 φεύγῃ
501 3068 597 3131 τὰς
625 3069 814 3122 τούτου
847 3073 1102 3141 παγίδας.
1133 3073 1350 3128 Πολλῶν
1376 3075 1554 3128 τοίνυν
1580 3077 1750 3129 ὄντων
1781 3078 1876 3131 καὶ

1984 1891 2190 1963 ἐκείνῃ,
2224 1890 2299 1954 ώς
2323 1891 2387 1944 ἂν
2409 1893 2552 1943 είποι
2583 1906 2689 1955 τις,
2719 1891 2812 1944 καὶ
2841 1894 3222 1964 ἀποτμηθῆναι
3241 1895 3334 1948 καὶ
3365 1893 3566 1947 ἀποθε-

1984 1970 2341 2045 ραπεύεσθαι.
2375 1973 2529 2027 Μετά
2558 1973 2716 2026 τοῦτο
2745 1977 3093 2044 ἐπερωτῶσιν
3121 1977 3282 2029 αὑτὸν
3316 1977 3366 2030 οί
3392 1976 3562 2045 ἀγγε-

1983 2055 2063 2108 λοι
2085 2056 2354 2122 λέγοντες
2393 2055 2669 2126 ᾘοθὴθης
2693 2059 2959 2125 ὠφελείας
2986 2061 3163 2122 τινός;
3188 2060 3354 2127 Λέγει
3381 2060 3564 2122 αὐτοῖς

1981 2139 2206 2201 ἐκεῖνος’
2241 2136 2452 2207 Σφόδρα
2495 2136 2804 2208 ὠφέλημαι.
2857 2141 3217 2210 Ἐκουφίσθην
3251 2143 3357 2212 γὰρ
3397 2141 3560 2205 πάνυ,

1982 2221 2075 2274 καὶ
2122 2221 2428 2290 πέπεισμαι
2462 2221 2808 2293 ἀπηλλάχθαι
2856 2223 2952 2276 καὶ
2997 2224 3094 2277 τοῦ
3143 2225 3305 2278 πόνου
3341 2225 3436 2277 καὶ
3466 2223 3562 2276 τοῦ

1981 2303 2209 2368 πάθους.
2235 2304 2368 2357 Τότε
2394 2305 2444 2358 οἱ
2475 2304 2697 2375 ἄγγελοι
2729 2305 2980 2374 λέγουσιν
3005 2308 3173 2378 αὐτῷ’
3208 2307 3443 2361 Ἀπελθε
3468 2305 3564 2362 οὖν

1982 2389 2062 2448 είς
2101 2388 2162 2442 τὸ
2197 2388 2534 2460 ἀσκητήριὸν
2581 2405 2695 2444 σου.
2743 2389 3114 2461 Ὑπέστρεψεν
3146 2391 3204 2444 δὲ
3237 2384 3392 2456 0610;
3425 2390 3566 2461 μετά

1982 2473 2141 2526 πέντε
2169 2473 2403 2543 ἡμέρας.
2431 2473 2764 2536 Πενθοῦντος
2785 2471 2876 2528 οῦν
2900 2478 3027 2546 περὶ
3053 2475 3215 2528 αὑτοῦ
3241 2477 3442 2538 παντὸς
3466 2474 3560 2528 τοῦ

1983 2557 2346 2628 μοναστηρίου
2379 2557 2687 2629 εἰσέρχεται
2719 2557 2890 2624 ἔνδον,
2922 2561 3018 2613 καὶ
3043 2559 3229 2612 ἔκτοτε
3261 2559 3474 2628 ἔμεινεν
3505 2561 3560 2612 ἐν

1980 2645 2178 2716 κελλίῳ
2203 2647 2267 2698 ἐκ
2288 2644 2533 2713 πλαγίων
2557 2644 2649 2698 τοῦ
2677 2663 2917 2716 μοναστη
2929 2647 3063 2718 ρίου·
3090 2647 3149 2712 ἐξ
3173 2641 3232 2700 οῦ
3257 2645 3559 2717 ἐγγύτερος

1979 2727 2055 2784 ὢν
2084 2729 2329 2800 συνεχῶς
2352 2729 2520 2792 αὑτὰς
2554 2729 2883 2800 διωρθοῦτο,
2915 2731 3038 2783 ὅσον
3069 2731 3154 2783 ἐπ’
3179 2730 3402 2800 ἐκείνῳ·
3437 2731 3558 2783 ἐπι-

1972 2812 2156 2894 ’ζήσας
2183 2814 2372 2876 αὑταῖς
2401 2812 2538 2868 ἀλλα
2565 2813 2977 2881 τεσσαράκοντα
3001 2813 3118 2882 ἐτη,
3139 2812 3558 2882 διαϐεϐαιούμε-

1979 2915 2070 2961 νος
2100 2901 2210 2960 τοῖς
2238 2899 2534 2967 Πατράσιν,
2565 2899 2646 2952 ὅτι
2673 2899 2871 2953 Οὐκέτι
2898 2897 3067 2968 ἀνέϐη
3104 2901 3183 2961 είς
3217 2897 3313 2969 τὴν
3336 2898 3560 2969 καρδίαν

1983 2998 2086 3051 μου
2123 2982 2292 3043 πάθος
2335 2963 2594 3049 γυναικὸς
2635 2981 2954 3050 ἐπιθυμίας.
3003 2963 3173 3034 Τοῦτο
3215 2963 3282 3034 τὸ⁷
3313 2963 3574 3051 χάρισιῆ⁵

1979 3065 2071 3118 τοῦ
2107 3065 2262 3134 ἁγίου
2306 3065 2498 3136 ἀνδρὸς
2550 3066 2724 3130 Ἦλία,
2765 3067 2860 3119 καὶ
2901 3064 3042 3134 αῦτη
3076 3067 3107 3134 ἠ
3161 3064 3425 3134 ἄσκησις*
3465 3065 3558 3116 καὶ

295 3139 550 3222 μεγάλων
599 3153 812 3222 ἀνδρῶν
853 3171 911 3206 τε
940 3139 1054 3208 καὶ
1091 3158 1368 3224 γυναικῶν
1398 3158 1507 3210 τῶν
1537 3159 1656 3210 κατ’
1702 3160 1877 3230 ἀρχὰς
1904 3171 1947 3229 c
1979 3147 2150 3212 οὕτως
2176 3149 2493 3218 ἐφρόντισεν
2518 3149 2610 3202 τοῦ
2637 3149 2998 3230 μοναστηρίου
3028 3149 3055 3200 6
3081 3147 3347 3217 μακάριος
3378 3139 3555 3210 οὗτος·

291 3234 392 3305 τὴν
417 3233 672 3303 ἐνάρετον
707 3235 808 3304 τῆς
846 3237 1136 3307 ἀσκήσεως
1170 3240 1446 3294 πολιτείαν
1489 3241 1876 3312 κατορθωσάν-

291 3333 423 3382 των,
450 3317 758 3370 τελευταῖον
777 3318 833 3370 δὲ
861 3319 965 3372 ὑπὸ
984 3319 1077 3372 τοῦ
1103 3321 1400 3376 ἀντιπάλου
1427 3324 1647 3377 πάντων
1669 3324 1879 3397 ἀνθρὼ-

293 3419 413 3455 πων
438 3401 882 3473 ἐκριζωθέντων,
931 3403 1038 3457 ἀπὸ
1094 3405 1202 3458 τῶν
1243 3406 1452 3460 πολλῶν
1494 3409 1876 3478 μνημονεύσας

292 3487 523 3556 ὀλίγων,
561 3487 940 3558 ἀποσιωπήσω
973 3490 1098 3552 τοὺς
1137 3489 1455 3559 πλείστους,
1503 3495 1640 3564 μήτε
1679 3493 1879 3557 αὐτοὺς

293 3571 526 3624 ἀνιστῶν
555 3611 568 3636 ,
609 3574 747 3641 μήτε
799 3573 1034 3639 ἐμαυτὸν
1083 3573 1309 3643 ὠφελῶν
1351 3577 1444 3629 ἐπὶ
1499 3578 1633 3631 πολὺ
1668 3579 1879 3640 τούτοις

293 3655 751 3726 προσδιατρίϐων,
780 3657 874 3707 καὶ
897 3655 1006 3708 τῶν
1035 3655 1234 3726 ἐξὸχων
1258 3658 1350 3712 106
1389 3660 1628 3730 Χριστοῦ
1659 3661 1877 3732 ἀμελῶν

293 3738 564 3808 ἀθλητῶν,
593 3737 688 3790 τοῦ
735 3737 810 3807 μὴ
851 3738 1156 3808 διηγεῖσθαί
1198 3759 1264 3811 με
1303 3743 1505 3812 μᾶλλον
1541 3748 1641 3810 τὰς
1672 3745 1878 3799 τούτων

293 3822 496 3892 ἀρετὰς
522 3822 617 3892 τῆς
644 3821 826 3875 ἐνθέου
849 3823 1028 3875 αὐτῶν
1056 3826 1363 3894 ἀσκήσεως.

860 3916 1086 3968 ΚΕΦΑΛ
1099 3955 1113 3969 .
1186 3917 1310 3970 ΛΕ’.

890 4000 1030 4066 Περὶ
1083 4000 1278 4054 Ἠλία.

376 4095 563 4158 Ἠλίας
592 4110 674 4156 τις
719 4093 794 4164 τῷ
824 4092 1050 4159 ὀνόματι
1095 4092 1316 4163 ἄριστος
1351 4095 1601 4168 ἀσκητὴς
1624 4137 1638 4162 ,
1675 4099 1880 4170 σφῖδρα

289 4180 516 4247 γέγονεν
580 4175 1012 4246 φιλοπάρθενος,
1072 4175 1165 4230 τοῦ
1228 4176 1623 4250 ἀσθενεστέρου
1685 4182 1879 4251 μέλους

290 4262 616 4330 ποιούμενος
646 4261 924 4329 πρόνοιαν.
962 4261 1084 4312 Εἰσὶ
1113 4259 1222 4329 γάρ
1265 4261 1513 4314 τοιαῦται
1555 4263 1754 4334 ψυχαὶ,
1791 4259 1880 4328 αἶς

293 4346 564 4416 μαρτυρεῖ
605 4345 664 4398 τὸ
693 4344 845 4406 τέλος
890 4344 972 4397 ὅτι
1016 4343 1136 4396 κατ’
1171 4345 1374 4415 ἀρετὴν
1417 4345 1575 4399 τοῦτο
1610 4347 1875 4404 ποιοῦσιν.

291 4426 463 4491 (ιῦτος
489 4429 943 4500 κατοικτειρήσας
975 4428 1034 4481 16
1065 4431 1298 4500 πρᾶγμα
1321 4429 1428 4483 τῶν
1453 4431 1789 4504 ἀσκητριῶν,
1819 4433 1876 4487 ἐν

303 4513 531 4585 Ἀθρίϐῃ
555 4515 620 4584 τῇ
657 4513 810 4566 πόλει
840 4513 979 4584 ἔχων
1005 4513 1362 4584 ἀναλώματα,
1391 4513 1744 4587 ᾠκοδόμησεν
1772 4535 1870 4588 με·
1909 4515 1951 4570 D

289 4599 464 4667 γάλην
508 4597 708 4668 μονὴν,
744 4599 838 4650 καὶ
889 4599 1198 4667 συνήγαγεν
1232 4600 1412 4662 πάσας
1442 4601 1542 4660 τὰς
1588 4601 1874 4672 ἀλωμένας

289 4684 348 4735 ἐν
381 4680 455 4750 τῷ
497 4681 876 4752 μοναστηρίῳ,
907 4681 1218 4746 ἀκολούθως
1253 4683 1432 4736 αὐτῶν
1462 4684 1762 4754 φροντίζων
1795 4687 1876 4750 είς

291 4768 504 4830 πάντα,
557 4766 790 4836 ποιήσας
829 4766 1021 4829 αὐταῖς
1069 4767 1249 4819 πᾶσαν
1299 4769 1606 4822 ἀνάπαυσιν
1646 4769 1756 4822 τῶν
1795 4771 1874 4833 είς

289 4849 388 4920 τὴν
421 4849 608 4920 χρείαν
634 4890 647 4913 ,
679 4850 921 4918 κήπους,
959 4849 1052 4903 καὶ
1084 4850 1153 4902 τά
1181 4849 1390 4903 τούτων
1425 4853 1752 4922 χρηστήριαο
1781 4854 1875 4905 καὶ

287 4931 627 4997 ἁπαξαπλῶς
667 4931 887 4984 ἅπαντα
941 4932 1042 4984 ὅσα
1098 4931 1318 4985 ἀπαιτεῖ
1363 4935 1391 4987 6
1441 4938 1540 5005 τῆς
1589 4936 1874 5006 ἀσκήσεως

291 5018 425 5089 βίος.
458 5008 629 5069 Αῦται
659 5017 716 5069 δὲ
739 5019 804 5070 ἐκ
832 5016 1108 5087 διαφόρων
1135 5015 1268 5086 βίων
1299 5021 1392 5073 καὶ
1416 5019 1710 5090 συνηθείας
1738 5021 1874 5085 ίδίας

285 5102 527 5171 ἠγμέναι
595 5103 840 5170 συνεχεῖς
906 5103 1086 5170 μάχας
1141 5103 1358 5155 ἐποίουν
1423 5104 1542 5171 μετ’
1605 5103 1869 5176 ἀλλήλων.

300 5185 502 5255 Ἐχρῆν
528 5185 585 5238 δὲ
607 5184 796 5238 τοῦτον
825 5185 919 5240 16v
941 5185 1095 5252 ἅγιον
1123 5188 1216 5239 καὶ
1245 5187 1519 5240 διακούειν
1547 5189 1751 5244 τούτων
1781 5191 1874 5245 καὶ

288 5269 591 5340 εἰρηνεύειν
639 5269 830 5331 αὐτάς.
887 5269 1202 5339 Συνήγαγεν
1254 5272 1363 5341 γάρ
1409 5271 1484 5333 0'0;
1529 5275 1870 5342 τριακοσίας,

287 5356 386 5406 καὶ
438 5352 684 5423 ἀνάγκην
729 5353 886 5422 ἔσχεν
935 5354 1240 5424 μεσιτεύειν
1287 5357 1478 5420 αὑταῖς
1527 5358 1619 5410 ἐπὶ
1650 5359 1743 5412 δύο
1778 5358 1870 5430 ἐτη

288 5438 418 5490 νέαν
451 5437 600 5504 ἄγων
628 5435 727 5506 τὴν
751 5438 987 5508 ἠλικίαν.
1015 5436 1126 5492 Ἦν
1154 5439 1262 5510 γὰρ
1292 5441 1368 5501 ὼς
1394 5443 1692 5512 τριάκοντα
1714 5444 1869 5512 ἐτῶν,

289 5520 322 5591 ἢ
357 5521 790 5593 τεσσαράκοντα.
824 5517 990 5586 0610;
1024 5523 1327 5595 ἐπειράσθη
1361 5526 1483 5579 καθ’
1514 5527 1728 5597 ἡδονήν.
1767 5531 1874 5583 Καὶ

287 5605 324 5656 ά
360 5605 653 5675 αχωρήσας
679 5603 775 5659 τοῦ
809 5607 1170 5677 μοναστηρίου
1191 5648 1206 5672 ,
1240 5608 1428 5677 νῆστις
1464 5610 1734 5664 ἐπλανᾶτο
1768 5611 1873 5666 ἀνά

287 5684 389 5756 τὴν
419 5686 625 5758 ἔρημον
654 5690 746 5743 ἐπὶ
787 5690 999 5760 ἡμέρας
1027 5691 1140 5754 δύο,
1167 5692 1322 5746 τοῦτο
1353 5693 1629 5764 δεόμενος,
1661 5697 1755 5749 καὶ
1781 5695 1872 5748 λέ-

289 5783 426 5837 γων,
461 5771 545 5829 ὅτι
596 5771 794 5845 Κύριε,
827 5775 1149 5830 ἀπόκτεινόν
1172 5793 1274 5847 με,
1324 5778 1409 5831 ἵνα
1461 5778 1535 5848 μὴ
1578 5779 1672 5834 ἴδω
1703 5782 1872 5846 αὑτὰς

2559 3232 2808 3286 κΕψΑΑ.
2851 3228 2990 3298 Aq'.

2506 3315 2647 3383 Περὶ
2697 3313 3022 3381 Δωροθέου.

2056 3401 2152 3452 Ὃν
2194 3398 2468 3465 διεδέξατο
2505 3398 2782 3470 Δωρόθεός
2812 3415 2916 3462 τις,
2956 3396 3097 3468 ἀνὴρ
3142 3394 3555 3466 δοκιμώτατος,

1978 3482 2228 3552 γηράσας
2251 3486 2308 3535 ἐν
2337 3484 2438 3552 βίῳ
2465 3481 2688 3553 χρηστῷ
2720 3481 2815 3534 καὶ
2843 3480 3166 3552 ἐμπράκτιεγ
3205 3479 3280 3550 μὴ
3309 3479 3558 3549 δυνηθεὶς

1983 3569 2079 3638 μὲν
2108 3565 2250 3619 οῦτω
2289 3568 2572 3636 φροντίσαι
2605 3566 2680 3627 ῶς
2710 3568 2737 3618 6
2771 3566 3038 3635 μακάριος
3071 3560 3226 3625 0610;
3275 3563 3369 3615 106
3427 3579 3556 3633 μον-

1977 3651 2264 3721 αστηρίου,
2303 3653 2442 3720 μήτε
2477 3653 2655 3719 μεῖναι
2689 3652 2744 3702 ἐν
2778 3651 2842 3719 τῇ
2887 3649 3051 3719 κέλλῃ
3084 3648 3286 3718 ἐκείνῃ.
3318 3647 3407 3700 Ἐν
3425 3647 3559 3700 ἀνα-

1978 3733 2119 3805 γαίῳ
2150 3734 2206 3787 δὲ
2239 3734 2432 3802 κελλίῳ
2464 3732 2890 3802 ἀποκλειόμενος
2933 3730 3124 3802 θυρίδα
3153 3730 3410 3801 ἐποίησεν
3451 3730 3559 3797 ἀφ-

1978 3818 2295 3888 ορῶσανέπὶ
2318 3821 2376 3870 1‘)
2392 3819 2496 3870 τῶν
2512 3817 2787 3884 γυναικῶν
2812 3815 3197 3884 μοναστήριον.
3223 3814 3334 3867 Καὶ
3356 3813 3560 3884 ταύτην

1979 3902 2187 3956 ἐκλειεν
2215 3901 2307 3953 καὶ
2335 3901 2571 3971 ῆνοιγεν.
2619 3898 3003 3960 ’Δδιαλείπτως
3029 3898 3083 3950 δὲ
3107 3895 3561 3968 παρακαθεζόμε-

1981 4001 2070 4046 νος
2099 3986 2164 4054 τῇ
2191 3982 2384 4054 θυρίδι,
2415 3983 2510 4054 τὴν
2531 3981 2771 4052 ἀμαχίαν
2789 3979 3016 4042 ταύταις
3039 3978 3556 4049 ἐπραγματεύσατο.

1981 4067 2166 4131 Οῦτως
2209 4065 2572 4136 ἀπροσκόπῳς
2604 4065 2948 4134 ἐπιγηράσας
2983 4067 3037 4115 ἐν
3081 4064 3278 4132 ἐκείνῳ
3308 4062 3385 4132 τῷ
3427 4062 3560 4116 ἀνα-

1979 4155 2121 4224 γαίῳ
2145 4195 2160 4219 ,
2193 4153 2316 4222 μηδ’
2349 4152 2483 4213 ὅλως
2515 4152 2644 4204 ποτέ
2671 4166 2816 4224 τινος
2841 4147 3160 4210 ἀνελθόντος
3187 4149 3322 4210 ἐκεῖ,
3352 4146 3476 4200 οῦτε
3503 4147 3560 4200 δέ

1979 4238 2190 4291 ἐκείνου
2218 4236 2367 4288 κάτω
2398 4235 2528 4288 ποτέ
2555 4233 2840 4288 κατελθεῖν
2869 4233 3195 4305 δυναμένου,
3229 4231 3318 4285 διὰ
3349 4231 3411 4284 16
3441 4230 3557 4284 κλί-

1981 4338 2132 4392 μακα
2170 4322 2244 4392 μὴ
2278 4322 2521 4374 ἐστᾶναι.
2552 4318 2700 4388 Αῦτη
2731 4319 2765 4390 ἡ
2804 4319 2973 4390 ἀρετὴ
3006 4318 3105 4388 τῆς
3148 4319 3435 4390 ἀσκήσεως
3463 4315 3556 4368 τοῦ

1983 4407 2250 4479 μακαρίου
2281 4404 2578 4476 Δωροθέου,
2613 4405 2707 4457 καὶ¹
2731 4406 2786 4486 ἐν
2810 4403 2985 4476 ταύτῃ
3011 4404 3274 4482 τὸητέλος.
3323 4425 3337 4439 ο

2548 4499 2799 4552 ΚΕΦΛΛ.
2862 4496 2983 4553 ΛΖ’.

2363 4583 2502 4652 Περὶ
2543 4581 2816 4651 Πιιιμοῦν
2849 4580 3172 4652 παρθένου.

2048 4679 2298 4751 Πιαμοῦν
2327 4680 2388 4734 16
2415 4680 2586 4751 ὄνομα
2616 4681 2839 4750 γέγονεν
2871 4681 3141 4752 παρθένος
3161 4720 3176 4746 ,
3226 4682 3348 4752 ἥτις
3381 4679 3559 4734 πάντα

1975 4765 2044 4818 τὰ
2069 4766 2165 4836 ἐτη
2196 4767 2292 4836 τῆς
2323 4765 2468 4834 ζωῆς
2503 4765 2674 4830 αὐτῆς
2697 4765 2892 4836 ἔζησεν
2916 4765 3052 4835 μετά
3073 4763 3172 4834 τῆς
3206 4763 3406 4834 μητρὸς
3431 4765 3559 4816 ἐαυ-

1974 4851 2075 4920 τῆς
2125 4852 2225 4922 μία
2268 4851 2423 4921 παρά
2478 4851 2608 4920 μίαν
2644 4852 2900 4905 ἐσθίουσα
2942 4851 3029 4902 ἀεὶ
3067 4851 3126 4903 ἐν
3172 4850 3412 4920 ἑσπέρᾳ,
3463 4849 3559 4902 καὶ

1975 4938 2214 5008 νήθουσα
2236 4936 2402 4990 λίνον.
2430 4935 2579 5004 Αῦτη
2603 4935 2914 5006 κατηξιώθη
2940 4934 3279 5006 χαρίσματος
3309 4935 3558 5005 1190996-

1978 5037 2135 5083 σεως.
2179 5019 2268 5072 Ἐν
2298 5013 2380 5082 οἷς
2426 5018 2623 5088 συνέϐη
2649 5021 2718 5072 ’ἐν
2749 5017 3010 5088 Αἰγύπτῳ
3049 5017 3181 5070 ποτὲ
3219 5016 3317 5086 τῆς
3347 5017 3559 5072 ἀναϐάν
3639 5009 3654 5034 '

1977 5122 2116 5168 σεως
2137 5103 2304 5175 οῦσης
2332 5104 2426 5158 τοῦ
2455 5104 2650 5157 Νείλου
2684 5102 2878 5174 κώμην
2907 5104 3070 5175 κώμῃ
3105 5103 3411 5158 ἐπιθέσθαι.
3441 5102 3556 5156 Μά-

1975 5207 2162 5260 χονται
2218 5189 2327 5260 γάρ
2384 5190 2465 5251 είς
2515 5189 2613 5252 τάς
2671 5187 3029 5259 ύδρημερίας,
3079 5187 3154 5252 0'0;
3214 5187 3310 5240 καὶ
3365 5186 3561 5254 φόνους

1978 5273 2408 5345 παρακολουθεῖν
2425 5271 2706 5337 πολλάκις,
2727 5273 2820 5324 καὶ
2841 5274 3180 5334 κατακοπάς.
3203 5271 3558 5341 Δυνατωτέρα

1975 5355 2069 5412 οὖν
2100 5358 2260 5428 κώμη
2301 5356 2528 5410 ἐπέθετο
2555 5358 2620 5426 τῇ
2649 5355 2822 5424 αὐτῆς
2849 5355 3032 5425 κώμῃ.
3066 5355 3174 5407 Καὶ
3200 5354 3430 5424 ῆρχοντο
3470 5356 3555 5406 ἐπ’
3609 5393 3623 5412 ι

1976 5442 2146 5511 αὐτὴν
2176 5441 2367 5510 ἀνδρες
2396 5441 2454 5494 ἐν
2486 5438 2681 5509 πλήθει
2715 5437 2853 5507 μετά
2884 5437 3124 5509 δοράτων
3151 5441 3245 5490 καὶ
3278 5436 3552 5508 ῥοπάλων,

1975 5525 2116 5578 ὥστε
2143 5523 2411 5594 συγκόψαι
2439 5522 2540 5594 τὴν
2563 5521 2758 5592 κώμην
2787 5521 2978 5589 αὐτῆς.
3015 5521 3267 5591 Παρέστη
3299 5521 3355 5572 δὲ
3381 5520 3557 5592 ταύτῃ

1974 5612 2039 5680 τῇ
2076 5608 2324 5680 μακαρίᾳ
2351 5608 2581 5675 ἄγγελος
2629 5604 2725 5658 τοῦ
2773 5604 2909 5658 Θεοῦ
2961 5602 3363 5656 ἀποκαλύπτων
3408 5603 3549 5672 αὐτῇ

1974 5699 2075 5768 τῆν
2109 5694 2352 5750 ἐπίθεσιν
2381 5691 2606 5746 τούτων.
2644 5689 3128 5758 Μεταστειλαμένη
3165 5687 3223 5739 δέ
3256 5686 3396 5757 αῦτη
3427 5689 3554 5746 τοὺς

1977 5781 2381 5856 πρεσϐυτέρους
2408 5777 2503 5849 τῆς
2533 5777 2725 5848 κώμης
2751 5777 2939 5847 αὐτῆς,
2963 5774 3113 5843 λέγει
3144 5774 3344 5840 αὐτοῖς,
3381 5771 3554 5837 Ἐξέλ-
