4060 6508
580 323 718 381 i095

2038 331 2356 388 PALLADII

3703 337 3835 395 {096

587 459 768 506 mento
792 453 1042 509 omnibus
1065 454 1223 510 simul
1252 464 1335 511 est
1363 460 1587 524 nudata,
1635 459 1840 515 reddita
1867 469 1955 516 est
1978 461 2149 517 arida.
2178 460 2338 521 Afer
2380 457 2739 523 atiectionem,
2770 464 2829 511 ut
2855 470 3039 512 earum
3069 472 3250 513 curam
3282 472 3462 527 geram
3504 465 3569 513 nt
3609 462 3835 528 posmlat

583 543 717 598 bam
745 552 803 599 ut
829 545 1083 614 scriptum
1107 556 1192 603 est
1217 566 1229 601 :
1253 550 1458 616 Quibus
1484 566 1587 610 non
1616 560 1703 606 est
1723 552 2075 622 gubernatio,
2112 550 2151 607 ii

498 708 503 713 Ξ
582 635 780 691 cadunt
808 647 865 691 ut
891 639 1014 692 folia
1042 638 1220 711 (Ριου.
1244 642 1341 711 ιι).

1123 752 1349 807 CAPUT
1387 753 1426 806 Χ
1440 754 1602 808 XXV.

1126 842 1203 894 De
1231 844 1420 912 virgine
1444 846 1609 915 lapsa.

655 925 784 978 Novi
815 940 999 979 rursus
1026 928 1306 994 quamdam
1334 934 1589 1001 virginem
1622 932 1997 1003 Jerosolymis,
2030 948 2148 1003 qua:

583 1028 795 1068 saccum
832 1015 1056 1082 gestavit
1100 1018 1358 1073 sexennio
1401 1062 1419 1089 ,
1513 1024 1568 1071 et
1663 1016 1762 1072 fuit
1879 1018 2083 1077 inclusa
2132 1039 2147 1088 ;

578 1121 676 1160 nec
693 1106 889 1173 aliquid
913 1107 1116 1176 accepit
1138 1123 1203 1162 ex
1227 1107 1293 1162 iis
1313 1123 1427 1177 quae
1451 1107 1678 1163 tendunt
1706 1108 1772 1164 ad
1797 1106 2142 1177 voluptatem,

579 1195 672 1249 sed
703 1210 965 1249 summam
1008 1198 1394 1253 continentiam
1438 1199 1685 1253 exercuit
1714 1199 1855 1253 inter
1897 1199 2145 1253 feminas.

576 1284 765 1342 Postea
796 1297 972 1341 autem
1005 1303 1033 1341 a
1066 1288 1248 1343 divino
1273 1288 1483 1343 deserta
1528 1289 1727 1343 auxilio
1756 1296 1972 1356 propter
1997 1302 2145 1342 sum-

576 1395 715 1434 mam
757 1378 1058 1449 superbiam
1090 1396 1207 1449 qua:
1246 1382 1506 1435 malorum
1554 1381 1791 1435 omnium
1820 1388 1904 1435 est
1934 1380 2143 1445 nutrix,

573 1467 717 1537 lapsa
746 1480 825 1523 est
845 1511 858 1533 ,
888 1480 940 1524 et
969 1481 1151 1538 aperta
1185 1470 1416 1526 fenestra
1465 1470 1679 1524 admisit
1709 1484 1829 1523 eum
1860 1470 1947 1538 qui
1978 1471 2026 1524 ei
2061 1469 2145 1524 in-

571 1563 857 1627 serviebat,
889 1573 940 1616 et
980 1578 1101 1617 cum
1152 1577 1217 1617 eo
1246 1562 1345 1616 fuit
1374 1564 1697 1629 commixta;
1729 1578 1794 1618 eo
1844 1563 1984 1633 quod
2038 1578 2144 1618 non

572 1652 750 1708 divino
782 1656 1052 1723 proposito
1079 1665 1132 1710 et
1161 1672 1228 1711 ex
1256 1658 1519 1711 charitate
1566 1672 1624 1711 se
1664 1665 2016 1727 exercuerat,
2048 1656 2143 1711 sed

570 1743 892 1799 mltumante
920 1762 1093 1801 scenae
1123 1749 1369 1813 serviret,
1417 1750 1557 1818 quod
1605 1750 1819 1819 quidem
1867 1758 1948 1803 est
1992 1764 2141 1803 vana:

2254 549 2411 603 ratio.
2437 547 2569 603 Cum
2594 548 2776 603 fuisset
2803 561 2932 617 ergo
2959 563 3197 615 vespera,
3219 562 3342 602 eum
3364 564 3591 604 somnus
3610 564 3831 622 oppres-

2254 640 2324 693 sit
2352 639 2407 692 in
2432 638 2734 693 solitudine.
2770 638 3055 699 Venientes
3101 651 3279 693 autem
3326 641 3392 692 ad
3423 655 3547 694 eum
3579 650 3691 696 tres
3729 656 3831 695 an.

2252 729 2378 799 geli,
2408 738 2465 783 ut
2510 729 2625 797 ipse
2672 728 2803 782 mihi
2849 730 3103 791 narravit.
3134 744 3254 783 eum
3284 730 3606 795 retinentes,
3662 731 3713 785 ei
3755 730 3831 785 di-

2251 830 2380 875 cunt
2410 835 2427 873 :
2456 817 2566 874 Cur
2593 818 2769 874 exiiSti
2826 834 2891 873 ex
2940 820 3262 875 monasterio
3309 818 3672 875 feminarum?
3705 822 3831 875 Rem

2253 908 2433 977 itaque
2471 908 2549 963 eis
2576 907 2828 971 narravit,
2860 907 3044 961 dicens
3077 924 3091 959 :
3124 908 3300 962 Timui
3329 922 3396 963 ne
3420 918 3474 962 et
3510 908 3634 963 illas
3678 909 3832 964 Iade.

2250 1015 2365 1056 rem
2394 1008 2449 1055 et
2486 1000 2768 1068 meipsum.
2813 1000 3005 1055 Dicunt
3031 1000 3081 1054 ei
3124 1000 3333 1068 angeli:
3379 1000 3436 1056 Si
3467 1011 3521 1056 te
3547 1015 3681 1069 ergo
3708 1001 3835 1055 lihe-

2251 1094 2546 1149 raverimus
2575 1092 2642 1145 ab
2674 1092 2773 1146 hac
2802 1092 3106 1158 affectione,
3148 1093 3367 1156 redibis,
3410 1102 3463 1146 et
3503 1108 3692 1146 earum
3741 1106 3833 1145 cu-

2251 1196 2365 1236 ram
2394 1182 2585 1252 geres?
2613 1182 2707 1237 His
2736 1197 2986 1237 assensus
3014 1191 3117 1237 est.
3161 1183 3243 1236 Ab
3262 1197 3327 1237 eo
3356 1193 3531 1237 autem
3558 1182 3836 1253 jusjuran-

2250 1272 2375 1326 dum
2406 1275 2664 1341 exigunt:
2719 1275 2972 1327 narrabat
3021 1283 3200 1328 autem
3249 1273 3652 1342 jusjurandum.
3703 1273 3834 1328 Jura

2250 1363 2404 1417 nobis
2428 1365 2528 1417 tale
2545 1362 2915 1433 jusjurandum
2952 1381 2965 1418 :
2998 1364 3098 1418 Per
3126 1379 3247 1419 eum
3274 1367 3362 1434 qui
3394 1367 3498 1418 mei
3530 1382 3718 1419 curam
3741 1383 3838 1433 ge-

2249 1454 2339 1518 rit,
2367 1469 2548 1508 earum
2576 1469 2757 1507 curam
2793 1470 2999 1524 geram.
3031 1455 3142 1509 lloc
3169 1455 3249 1509 eis
3285 1454 3503 1523 jnravit.
3553 1454 3710 1509 Tunc
3738 1468 3839 1507 an-

2246 1544 2353 1614 geli
2381 1560 2503 1598 eum
2552 1553 2885 1599 tenuerunt:
2945 1561 3079 1598 unus
3131 1560 3339 1609 manus,
3382 1554 3436 1598 et
3467 1547 3605 1598 alter
3648 1544 3837 1613 pedes,

2251 1638 2437 1690 tertius
2475 1644 2650 1689 autem
2693 1646 2909 1704 accepta
2941 1636 3197 1689 novacula
3225 1635 3423 1690 excidit
3466 1634 3583 1702 ejus
3621 1634 3838 1687 testicu-

2245 1729 2327 1781 los
2350 1737 2596 1796 tanquam
2620 1728 2673 1781 in
2695 1729 2916 1795 exstasi,
2941 1744 3046 1781 non
3073 1742 3217 1791 vere,
3238 1727 3333 1780 sed
3355 1726 3582 1794 quadam
3607 1725 3835 1778 visione.

538 1836 750 1903 ‘glon-a,
779 1847 834 1892 ει
863 1840 1007 1907 pravi
1051 1840 1296 1894 insuum.
1328 1814 1458 1894 Nan,
1504 1814 1636 1895 cum.
1657 1842 1773 1910 eius
1806 1842 1903 1910 pia,
1933 1842 2137 1909 cogita,
2173 1821 2221 1882 Β
2249 1819 2408 1873 Visus
2435 1826 2520 1873 est
2543 1833 2678 1910 ergo;
2701 1817 2755 1872 in
2802 1818 2892 1910 illa
2920 1818 3121 1873 exstasi
3152 1819 3317 1910 veluti
3346 1820 3558 1910 excisus
3592 1814 3761 1910 fuisse
3786 1822 3838 1867 et

569 1927 741 1980 tiones
770 1938 1039 1995 occupatae
1066 1941 1248 1985 essent
1279 1932 1328 1985 in
1357 1931 1670 1986 damnandis
1701 1934 1817 1987 aliis
1837 1973 1851 1998 ,
1887 1934 2138 1988 incitare-

574 2029 663 2073 tur
703 2030 879 2075 autem
913 2020 1094 2077 furore
1124 2037 1151 2076 a
1183 2024 1427 2079 darmone
1457 2026 1740 2094 superbia},
1774 2042 1943 2095 eoque
1990 2026 2141 2080 valde

569 2111 946 2177 delectaretur,
977 2113 1042 2167 ab
1072 2127 1132 2167 ea
1178 2116 1403 2170 recessit
1437 2127 1652 2172 sanetus
1696 2118 1915 2186 angelus
1960 2126 2142 2172 custos

568 2202 950 2269 mittperantize.

642 2293 766 2348 Ideo
787 2304 962 2349 autem
992 2298 1319 2365 scr'psimus,
1357 2313 1389 2351 ο
1431 2300 1659 2353 virorum
1710 2300 2041 2365 fidelissime,
2086 2308 2143 2355 et

567 2382 724 2436 vitam
751 2399 932 2439 eorum
965 2388 1051 2457 qui
1082 2403 1139 2441 se
1171 2399 1315 2443 recte
1343 2399 1395 2443 et
1424 2404 1488 2445 ex
1513 2390 1705 2445 virtute
1745 2401 2046 2460 gesserunt,
2090 2400 2143 2445 et

566 2490 746 2529 eorum
778 2475 865 2543 qui
915 2485 1034 2543 post
1076 2478 1272 2532 multos
1302 2478 1508 2532 labores
1550 2495 1644 2548 per
1681 2482 1846 2534 otium
1880 2491 1933 2536 et
1962 2496 2145 2536 socor-

566 2568 704 2619 diam
732 2582 760 2619 a
790 2581 998 2620 summo
1024 2576 1079 2622 et
1105 2568 1492 2635 perfectissimo
1516 2572 1635 2624 vitae
1660 2572 1903 2628 instituto
1924 2573 2144 2629 excide-

568 2668 713 2725 runt,
747 2661 885 2727 capti
915 2674 944 2713 a
987 2660 1199 2715 diabolo
1230 2675 1390 2716 omne
1418 2678 1582 2733 genus
1629 2663 1850 2734 laqueis,
1897 2674 1954 2719 ut
1982 2678 2169 2720 unus-‘

565 2750 785 2818 quisque
812 2764 879 2803 ex
914 2764 1025 2804 suae
1053 2750 1176 2805 vitae
1218 2752 1461 2807 instituto
1492 2754 1789 2825 intelligens
1817 2758 2027 2811 occulta
2060 2772 2144 2811 re-

534 2838 634 2921 }ia
666 2839 832 2893 hostis
876 2840 1158 2906 bonorum,
1210 2841 1373 2911 fugiat
1423 2844 1537 2912 ejus
1564 2846 1802 2915 laqueos.
1859 2846 1992 2903 Cum
2039 2851 2148 2902 sint

557 2943 687 3000 ergo
709 2930 881 2997 multi,
909 2931 1049 2999 iique
1071 2936 1246 3000 magni
1274 2934 1370 2987 viri
1391 2942 1444 2988 et
1473 2935 1742 3002 mulieres,
1775 2938 1862 3006 qui
1892 2938 1959 2992 ab
1990 2937 2144 2992 initio

557 3035 619 3079 se
647 3030 791 3076 recte
815 3031 1095 3090 gesserunt
1126 3023 1176 3076 in
1201 3024 1426 3078 honesto
1452 3026 1690 3080 instituto
1718 3030 2143 3097 exercitationis,

565 3112 775 3167 tandem
803 3123 978 3167 autem
1017 3114 1231 3169 fuerunt
1281 3117 1455 3171 eversi
1494 3118 1749 3173 radicitus
1804 3120 1872 3174 ab
1901 3122 2139 3176 omnium

563 3202 834 3256 hominum
860 3204 1196 3268 adversario;
1225 3220 1289 3260 ex
1322 3207 1505 3261 multis
1547 3211 1681 3264 facta
1709 3213 1978 3267 mentione
2008 3229 2140 3281 pau-

559 3307 764 3362 corum,
798 3297 1054 3364 plurimos
1082 3300 1369 3367 praeteribo
1394 3301 1627 3367 silentio,
1656 3311 1712 3357 ut
1747 3303 1835 3370 qui
1866 3319 2036 3373 neque
2064 3306 2140 3374 ip-

559 3398 654 3441 sos
681 3386 905 3455 erigam,
938 3403 1110 3457 neque
1141 3390 1269 3443 mihi
1314 3392 1533 3458 prosim,
1577 3393 1701 3446 dum
1736 3394 1787 3447 in
1821 3394 2139 3450 iismultum

568 3476 843 3541 immorer,
873 3486 927 3532 ει
966 3481 1192 3535 eximios
1220 3481 1417 3536 Christi
1468 3482 1695 3537 athletas
1749 3484 1981 3554 negligo,
2034 3500 2139 3540 non

562 3579 788 3623 narrans
807 3568 1031 3624 virtutes
1061 3572 1257 3625 divinae
1278 3588 1461 3628 eorum
1494 3576 1914 3631 exercitationis.

1105 3658 1331 3718 CAPUT
1374 3662 1589 3721 XXXV.

1074 3751 1191 3806 Vita
1238 3754 1435 3809 abbatis
1485 3754 1639 3811 Elide.

632 3838 775 3894 Elias
813 3841 1026 3910 quidam
1077 3846 1309 3913 optimus
1342 3848 1684 3914 exercitator,
1736 3848 1833 3903 fuit
1878 3848 2137 3919 virginum

560 3932 977 4001 amantissimus,
996 3948 1179 3990 curam
1202 3952 1390 4006 gerens
1414 3939 1975 4007 partisimbecillioris.
2000 3942 2137 3997 Sunt

561 4021 708 4076 enim
753 4024 885 4079 tales
933 4027 1146 4096 animae,
1187 4028 1380 4097 quibus
1426 4030 1529 4085 fert
1575 4030 1697 4085 finis
1748 4032 2135 4099 testimOnium,

560 4114 697 4182 quod
728 4114 780 4169 id
808 4114 1005 4171 faciant
1025 4132 1092 4173 ex
1115 4119 1332 4174 virtute.
1364 4120 1413 4173 ιε
1440 4137 1561 4176 cum
1607 4122 1853 4176 misertus
1886 4134 2026 4177 esset
2051 4137 2137 4177 or-

561 4204 695 4259 dinis
717 4202 1027 4261 feminarum
1050 4224 1168 4277 quae
1199 4222 1257 4264 se
1281 4220 1561 4280 exercent,
1591 4213 1804 4267 haberet
1834 4221 2012 4268 autem
2045 4212 2122 4267 fa-

560 4298 783 4351 cultates
811 4297 865 4350 ili
898 4298 1118 4353 Athribe
1149 4298 1280 4371 [Al.,
1308 4300 1557 4373 Athlebe]
1582 4302 1819 4367 civitate,
1852 4304 2137 4359 mdificavit

562 4402 810 4457 maguum
847 4390 1251 4459 monasterium,
1303 4398 1357 4444 et
1409 4392 1517 4448 illic
1562 4396 1901 4462 c0ngregavit
1951 4410 2138 4451 omnes

518 4490 526 4496 ·
560 4492 678 4545 qua:
706 4478 960 4534 errabant
988 4480 1239 4548 virgines,
1280 4493 1670 4551 consequenter
1723 4499 1906 4538 earum
1937 4485 1991 4540 in
2022 4502 2136 4541 om-

2239 1917 2479 1963 curatus.
2509 1910 2637 1963 Post
2666 1908 2767 1962 hoc
2804 1908 3134 1978 interrogant
3177 1909 3347 1976 ipsum
3394 1908 3601 1976 angeli,
3644 1906 3834 1959 dicen-

2242 2008 2369 2053 tes:
2421 1998 2648 2054 Sensisti
2706 1999 2987 2051 utilitatem
3038 1997 3305 2066 aliquant?
3361 1999 3455 2051 Eis
3516 1997 3652 2050 dicit
3700 1995 3833 2047 ille:

2243 2086 2412 2142 Valde
2441 2102 2683 2156 tuagnam
2708 2086 2886 2154 accepi
2918 2086 3229 2153 utilitatem;
3260 2086 3414 2140 valde
3452 2088 3600 2140 enim
3630 2085 3838 2139 levatus

2245 2191 2388 2242 sum,
2420 2185 2473 2230 et
2504 2190 2812 2245 persuasum
2840 2175 3010 2229 habeo
3040 2192 3125 2230 me
3152 2192 3270 2230 esse
3300 2176 3581 2229 liberatum
3606 2190 3637 2226 a
3659 2174 3837 2227 labore

2242 2274 2297 2320 et
2321 2264 2617 2318 affectione.
2667 2265 2814 2318 Tunc
2852 2265 3033 2333 angeli
3064 2266 3111 2318 ei
3153 2266 3374 2319 dicunt:
3424 2265 3528 2317 Abi
3583 2279 3717 2333 ergo
3773 2264 3837 2315 ad

2243 2364 2389 2410 tuum
2420 2356 2818 2409 monasterium.
2850 2355 3113 2409 Reversus
3135 2364 3215 2409 est
3239 2364 3415 2407 autem
3443 2363 3566 2423 ροςι
3593 2356 3835 2422 quinque

2246 2447 2380 2512 dies,
2413 2462 2532 2502 eum
2556 2447 2765 2515 lugente
2790 2454 2901 2499 toto
2930 2448 3275 2510 monasterio,
3301 2454 3354 2499 et
3380 2448 3525 2499 intus
3560 2446 3834 2513 ingressus

2248 2548 2358 2605 est;
2380 2548 2538 2607 atque
2560 2552 2624 2591 ex
2644 2552 2708 2590 eo
2738 2544 2975 2603 tempore
2993 2538 3188 2591 mansit
3211 2537 3261 2589 in
3284 2537 3415 2589 cella
3433 2536 3499 2587 ad
3521 2537 3695 2588 lactus
3721 2534 3838 2602 (sic)

2247 2626 2580 2692 monasterii,
2601 2625 3027 2695 quandoquidem
3046 2642 3162 2679 cum
3195 2638 3337 2679 esset
3356 2640 3542 2693 prope,
3564 2641 3658 2679 eas
3681 2624 3836 2677 corti-

2246 2716 3090 2788 gebatassidue,quantuminillo
3118 2726 3252 2770 erat.
3281 2717 3413 2769 Cum
3438 2728 3622 2769 autem
3653 2725 3834 2782 postea

2248 2813 2473 2867 vixisset
2497 2813 2629 2883 alios
2650 2812 2992 2882 quadraginta
3019 2824 3207 2874 annus,
3231 2808 3536 2862 affirmabat
3567 2809 3837 2869 Patribus.

2250 2902 2393 2971 quod
2423 2902 2489 2956 ab
2517 2916 2582 2957 eo
2622 2908 2861 2969 tempore
2893 2914 2996 2953 ιιοη
3039 2898 3357 2952 ascenderat
3400 2898 3451 2950 in
3485 2912 3584 2951 cor
3616 2896 3735 2963 ejus
3764 2895 3837 2947 af-

2249 2995 2412 3051 fectio
2440 2995 2743 3065 cupiditatis
2771 2992 3027 3051 femiuiat.
3053 2994 3176 3048 llaec
3206 3003 3288 3048 est
3326 2993 3498 3062 gratia
3540 2993 3720 3045 sancti
3743 2991 3837 3048 viti

2254 3086 2405 3153 Elite,
2435 3086 2625 3141 ethzec
2657 3086 2997 3149 exercitatio,
3045 3094 3098 3139 et
3147 3083 3599 3154 quemadmodum
3648 3096 3835 3137 curant

2167 3185 2214 3247 (ι
2245 3178 2413 3249 gessit
2431 3177 2740 3232 monasterii
2764 3176 3047 3245 virginum.

2789 3289 3013 3344 CAPUT
3058 3289 3293 3343 XXXVI.

2710 3378 2829 3433 Vita
2865 3380 3063 3433 abbatis
3096 3379 3358 3436 Darotltei.

2313 3474 2408 3527 Cui
2434 3473 2694 3527 successit
2718 3473 3016 3525 Dorotheus
3057 3471 3136 3523 vir
3163 3469 3597 3549 probatissimos,
3646 3469 3740 3539 qui
3782 3471 3833 3523 in

2252 3565 2389 3619 bona
2418 3568 2542 3629 vita,
2578 3574 2633 3618 et
2652 3580 2772 3633 qua:
2796 3564 2810 3617 i
2837 3586 2845 3613 ι
2877 3553 3083 3632 agendo
3110 3571 3368 3625 versatur,
3404 3560 3715 3614 consenuit.
3739 3560 3837 3627 Qui

2243 3671 2362 3709 cum
2397 3673 2500 3709 non
2530 3666 2710 3722 posset
2733 3655 2945 3723 quidem
2971 3656 3047 3708 sic
3075 3669 3257 3708 curam
3283 3667 3473 3721 gerere
3512 3653 3835 3706 monasterii

2244 3757 2301 3802 ut
2333 3750 2417 3802 hic
2457 3750 2669 3812 beatus,
2696 3761 2866 3815 neque
2893 3747 3177 3801 mansisset
3215 3747 3265 3801 in
3300 3744 3389 3799 illa
3431 3747 3594 3809 eella,
3629 3747 3684 3798 in
3722 3745 3838 3811 ipso

2243 3840 2567 3892 monasterio
2599 3840 2650 3892 in
2682 3838 2945 3905 superiori
2991 3838 3269 3893 cmnacnlo
3315 3838 3557 3906 seipsnm
3592 3837 3836 3899 inclusit,

2242 3938 2295 3984 et
2324 3930 2447 3983 fecit
2478 3930 2765 3984 fenestram
2794 3946 2911 3999 qua:
2944 3932 3219 3998 spectabat
3242 3929 3305 3981 ad
3331 3931 3725 3982 monasterium
3759 3928 3837 3980 fe-

2243 4018 2529 4085 minarum,
2580 4036 2739 4090 quam
2788 4022 3069 4077 claudebat
3116 4031 3175 4076 et
3228 4023 3523 4090 aperiebat.
3571 4022 3839 4089 Perpetuo

2242 4126 2372 4181 ergo
2399 4113 2671 4167 assidebat
2706 4114 2970 4179 fenestrae,
3023 4128 3312 4183 procurans
3344 4124 3399 4166 ut
3445 4114 3589 4167 inter
3618 4128 3711 4167 eas
3738 4129 3835 4182 pu-

2240 4215 2359 4270 gna:
2389 4212 2678 4256 cessarent.
2710 4201 2902 4272 Sicque
2941 4204 2993 4256 in
3025 4204 3287 4270 superiori
3312 4204 3597 4257 cenacula
3645 4218 3835 4256 conse-

2242 4294 2378 4357 nuit,
2412 4308 2533 4347 cum
2580 4308 2677 4348 nec
2705 4295 2843 4348 ullus
2875 4309 3116 4348 seorsum
3146 4295 3456 4357 ascendere,
3520 4310 3699 4363 neque
3746 4294 3836 4347 ille

2243 4394 2421 4453 posset
2448 4384 2788 4451 descendere,
2823 4400 2925 4439 non
2957 4386 3095 4438 enim
3127 4386 3337 4439 stabant
3375 4386 3561 4439 scalae.
3598 4386 3727 4438 llaec
3755 4396 3834 4437 est

2243 4478 2385 4532 beati
2440 4478 2691 4532 Dorothei
2744 4480 2991 4547 religiosa
3041 4488 3096 4532 et
3124 4479 3408 4532 virtutibus
3460 4487 3657 4532 ornata
3706 4480 3835 4531 vita.

559 4568 715 4623 nibus
743 4583 923 4623 curam
954 4584 1166 4641 gerens,
1201 4571 1549 4640 suppeditans
1581 4576 1658 4627 eis
1702 4576 1878 4629 omnia
1923 4592 2040 4645 qure
2070 4578 2135 4631 ad
2172 4555 2221 4614 ί)
2247 4572 2344 4627 Hic
2373 4571 2613 4640 ejusdem
2643 4572 2763 4626 vitm
2805 4571 2943 4626 ﬁnis.

560 4672 713 4715 nsum
756 4662 1027 4729 pertinent
1076 4663 1436 4716 necessarium
1471 4681 1483 4717 :
1527 4664 1734 4731 hortos,
1770 4676 1824 4719 et
1850 4666 1916 4719 ad
1947 4681 2134 4723 eorum

561 4753 821 4808 culturam
856 4753 1204 4809 instrumenta
1254 4755 1392 4825 (75),
1441 4764 1598 4826 atque
1646 4758 1894 4813 utscmel
1943 4760 2135 4826 dicam,

560 4843 736 4898 omnia
767 4859 884 4914 quae
907 4845 1137 4913 postulat
1158 4845 1263 4899 vita
1293 4847 1708 4903 exercitationis.
1745 4848 1834 4903 Ere
1864 4860 2040 4904 autem
2069 4866 2134 4906 ex

560 4936 784 4991 diversis
810 4938 932 4991 vita:
960 4938 1213 4995 institutis
1241 4951 1294 4994 et
1338 4942 1542 5009 privata
1573 4944 1816 4999 deducta:
1854 4956 2141 5000 consuetu-

557 5029 705 5095 dine,
732 5030 869 5084 inter
888 5045 945 5085 se
972 5031 1345 5101 depugnabant
1390 5035 1622 5091 assidue.
1656 5034 1789 5091 Cum
1812 5052 1940 5106 ergo
1979 5053 2139 5107 opor-

557 5129 695 5173 teret
725 5120 865 5177 hunc
887 5136 1129 5177 sanetum
1174 5134 1232 5179 et
1260 5139 1351 5179 eas
1381 5126 1584 5193 audire,
1617 5137 1671 5182 et
1699 5127 1915 5182 efficere
1944 5138 2001 5183 ut
2042 5143 2135 5198 pa-

557 5226 674 5267 cem
702 5213 841 5268 inter
867 5228 927 5267 se
957 5225 1249 5282 servarent,
1275 5218 1566 5287 collegerat
1593 5220 1734 5274 enim
1758 5220 1821 5274 ad
1849 5230 2135 5286 trecentas,

559 5311 614 5356 et
642 5317 859 5358 necesse
886 5304 937 5360 ei
967 5304 1139 5361 fuerat
1166 5322 1286 5362 esse
1326 5323 1507 5364 earum
1539 5309 1862 5365 intercessor
1894 5311 2131 5376 biennio,

558 5393 687 5449 licet
734 5404 891 5451 :etatc
917 5397 1132 5466 juveni;
1181 5411 1296 5454 erat
1350 5401 1489 5454 enim
1528 5400 1743 5457 circiter
1789 5401 2000 5471 triginta
2046 5394 2139 5455 aut

560 5486 904 5557 quadraginta
929 5504 1099 5545 annos
1128 5500 1306 5556 natus,
1338 5492 1384 5546 is
1412 5500 1643 5547 tentatus
1672 5492 1769 5546 fuit
1791 5507 1821 5547 a
1844 5494 2135 5562 voluptate.

559 5578 604 5632 Δ
631 5582 954 5636 utonasterio
1000 5593 1175 5638 autem
1222 5584 1477 5639 recedens
1516 5585 1750 5655 jejunus,
1800 5586 2014 5641 errabat
2046 5601 2138 5653 per

561 5675 900 5730 solitudinem
930 5678 1061 5732 duos
1093 5678 1229 5744 dies,
1261 5680 1361 5735 hoc
1403 5695 1618 5753 rogans,
1670 5690 1726 5738 et
1759 5683 1941 5738 dicens
1968 5700 1981 5735 :
2031 5686 2136 5736 Aut

562 5762 749 5820 occide
770 5780 880 5836 me,
907 5783 975 5825 ne
1004 5771 1145 5837 ipsas
1177 5771 1384 5827 videam
1429 5772 1689 5837 afflictus;
1721 5784 1810 5831 aut
1838 5790 2009 5831 meam
2037 5790 2133 5829 au-

2759 4684 2798 4736 C
2820 4682 2985 4737 \PUT
3023 4682 3287 4738 XXXVII.

2768 4772 2840 4825 De
2866 4776 3045 4824 Amma
3068 4771 3306 4825 Piamun.

2353 4865 2477 4922 Fuit
2567 4866 2809 4937 quaedam
2921 4863 3070 4931 virgo
3097 4861 3343 4928 Piamun,
3369 4877 3490 4930 qua:
3516 4878 3693 4915 annm
3719 4864 3834 4915 vita:

2244 4966 2354 5007 sua:
2383 4952 2511 5007 vixit
2543 4968 2660 5007 cum
2704 4961 2873 5007 matre
2904 4954 3139 5021 prapria,
3173 4955 3287 5007 sola
3314 4969 3433 5005 cum
3470 4956 3580 5007 sola
3610 4972 3834 5023 vespere

2244 5044 2552 5108 comedens.
2579 5054 2632 5098 et
2657 5044 2820 5097 linum
2846 5060 2996 5097 ttcns.
3024 5045 3144 5098 llaac
3167 5045 3373 5113 dignata
3403 5055 3486 5099 est
3504 5048 3676 5114 gratia
3705 5063 3835 5111 prr-

2242 5137 2484 5189 dictionis
2514 5136 2808 5188 futurorum
2840 5136 2977 5188 inter
3008 5134 3271 5188 homines.
3299 5135 3509 5188 Accidit
3538 5136 3837 5201 aliquando

2242 5228 2295 5281 in
2321 5227 2574 5297 Egypto,
2604 5242 2723 5279 cum
2753 5227 2900 5279 Nilus
2925 5229 3258 5291 ascenderet,
3285 5235 3341 5277 ut
3364 5228 3514 5278 virus
3536 5228 3723 5280 vicum
3753 5230 3832 5277 in-

2243 5321 2501 5384 vaderet;
2537 5328 2773 5388 pugnant
2802 5321 2944 5373 enim
2970 5336 3065 5387 pro
3094 5334 3353 5389 aquarum
3376 5319 3673 5381 divisione,
3705 5320 3838 5373 adeo

2244 5421 2300 5465 ut
2345 5421 2637 5479 sequantur
2679 5412 2849 5466 caedes
2879 5420 2933 5465 et
2975 5411 3353 5465 sauciationes.
3399 5412 3687 5466 Potentior
3710 5426 3838 5480 ergo

2238 5504 2384 5557 vicos
2408 5504 2521 5570 ejus
2550 5504 2722 5557 vicum
2756 5503 2966 5561 invasit.
2998 5512 3051 5557 et
3074 5502 3220 5557 venit
3248 5504 3489 5557 virorum
3537 5505 3833 5557 multitudo

2242 5607 2363 5645 cum
2395 5591 2595 5646 lanceis
2637 5602 2692 5647 et
2735 5594 2919 5659 clavis,
2967 5602 3025 5647 ut
3070 5594 3186 5660 ejus
3239 5593 3415 5646 vicum
3463 5590 3835 5647 exscinderet.

2235 5681 2417 5736 Astitit
2446 5691 2623 5737 autem
2654 5683 2775 5738 huic
2805 5684 2973 5739 beata:
3003 5682 3221 5753 angelus
3248 5682 3499 5737 revelans
3528 5697 3729 5737 eorum
3754 5682 3837 5737 in-

2236 5770 2547 5835 vasionetn;
2591 5783 2643 5829 et
2690 5773 2963 5830 accersitis
3004 5772 3106 5828 vici
3134 5773 3485 5839 presbyteris,
3533 5775 3617 5830 eis
3653 5774 3835 5831 dicit:
