4096 6572
355 357 501 427 1097

1588 362 1957 425 HISTORIA
1992 363 2390 426 LAUSIACA.

3475 367 3620 434 1098-

347 471 584 538 εὐθαλὲς
613 472 800 546 κομῶν
828 474 938 540 τοῖς
973 474 1192 547 φύλλοις
1219 476 1314 532 καὶ
1345 477 1458 542 τοῖς
1491 481 1724 548 καρποῖς
1749 480 1806 533 ἐν
1836 479 1938 550 μιᾷ
1963 485 2012 540 Α
2039 477 2386 550 θλιϐομένας,
2420 478 2454 548 ἢ
2485 477 2548 531 τὺ
2579 477 2750 542 πάθος
2785 495 2886 550 μου
2917 477 3070 545 λάϐε,
3107 479 3196 535 ῖνα
3240 479 3420 536 αὐτῶν
3450 499 3617 555 φρομ

343 555 545 628 καιροῦ
579 557 721 629 ῥοπῇ
761 559 979 614 πάντων
1012 559 1210 632 ἀθρόον
1241 560 1527 632 γυμνωθὲν
1556 562 1770 632 ἐδείχθη
1821 562 1930 630 ξη-

345 638 464 708 ρὸν,
489 638 634 693 κατά
659 628 720 694 τό
747 628 1154 712 γεγραμμένον,
1177 628 1352 714 τούτω
1373 644 1428 697 δὲ
1460 628 1772 715 ἐφαρμόζου
1789 663 1803 677 ο
1833 628 1930 710 Οἷς

344 721 426 793 μὴ
437 721 675 794 ὑπάρχει
693 723 1042 796 κυϐέρνησις,
1060 719 1205 780 οὗτοι
1220 729 1509 785 πίπτουσιν
1530 727 1717 800 ὥσπερ
1731 730 1925 799 φύλλα.

933 808 1183 864 ΚΕΦΑΛ.
1218 811 1341 866 ΛΔ’.

519 887 663 957 Περὶ
695 887 807 958 τῆς
834 890 905 944 ἐν
947 891 1393 963 Ἰεροσολύμοις
1424 896 1749 965 παρθένου.

415 979 694 1050 Παρθένον
738 976 859 1036 οἶδα
887 982 999 1052 ἐγώ
1038 985 1200 1039 πάλιν
1237 989 1295 1041 ἐν
1351 988 1745 1059 Ἰεροσολύμοις
1793 1008 1927 1045 σακ-

336 1061 684 1131 κοφοροῦσαν
709 1064 804 1118 ἐπὶ
828 1066 1094 1132 ἑξαετίαν,
1126 1069 1220 1121 καὶ
1247 1070 1410 1142 κέλλῃ
1439 1071 1924 1144 ἐγκεκλεισμένην,

341 1145 575 1213 μηδενός
596 1164 728 1216 ποτε
754 1149 864 1202 τῶν
892 1150 972 1213 είς
1003 1151 1197 1222 ἡδονὴν
1225 1155 1608 1209 συντεινόντων
1630 1155 1920 1224 λαϐοῦσαν,

333 1226 457 1310 ἀλλ’
482 1229 660 1300 ἄκραν
683 1231 965 1286 πολιτείαν
996 1235 1325 1305 ἐγκρατείας
1351 1238 1624 1292 ἀσκοῦσαν
1654 1241 1712 1293 ἐν
1741 1257 1928 1310 γυναι-

338 1307 462 1394 ξίν·
517 1313 640 1382 ἥτις
679 1314 758 1377 είς
808 1313 1036 1386 ὕστερον
1075 1319 1500 1389 καταλειφθείσα
1544 1322 1648 1374 ὑπὸ
1685 1307 1784 1394 τῆς
1831 1323 1924 1377 τοῦ

334 1393 476 1479 Θεοῦ
513 1395 768 1468 βοηθείας
811 1398 880 1452 δι’
929 1401 1242 1472 ὑπερϐολὴν
1271 1404 1371 1475 τῆς
1415 1393 1797 1475 ὑπερηφανίας
1827 1411 1926 1479 τῆς

335 1478 563 1549 τιθηνοῦ
595 1480 706 1534 τῶν
747 1483 966 1536 πάντων
996 1486 1182 1539 κακῶν
1214 1487 1436 1558 ἐξαισίῳ
1472 1491 1726 1559 πτώματι
1769 1478 1926 1561 περι-

335 1561 556 1616 έπεσεν.
589 1563 870 1629 Ἀνοίξασα
894 1567 1002 1637 γάρ
1034 1567 1132 1639 τῆν
1154 1569 1343 1640 θυρίδα
1369 1572 1465 1642 τῆς
1501 1571 1696 1642 κέλλης
1720 1573 1920 1627 εἰσεδέ-

333 1643 468 1708 ξατο
491 1645 583 1699 τὸν
606 1647 1049 1720 ύπηρετούμενον
1078 1653 1242 1723 αὐτῇ,
1301 1655 1396 1707 καί
1426 1654 1598 1725 τούτῳ
1625 1656 1918 1727 συνεφύρη.

335 1726 511 1780 Τοῦτο
545 1728 603 1781 δὲ
640 1730 810 1802 ταύτῃ
861 1733 1097 1804 συνέϐη,
1129 1734 1209 1804 τῷ
1247 1735 1320 1807 μὴ
1361 1736 1504 1790 κατά
1543 1739 1922 1808 πνευματικὴν

2035 560 2170 626 τίζω
2196 561 2336 615 κατά
2364 560 2544 628 λόγον.
2588 560 2860 632 Ἐσπέρας
2887 562 3066 616 τοίνυν
3099 563 3399 634 γενομένης
3435 565 3618 626 ῦπνω-

2039 659 2129 696 σεν
2159 645 2218 696 ἐν
2263 646 2328 715 τῇ
2361 644 2573 714 ἐρήμῳ.
2619 643 2894 707 Ἐλθόντες
2930 644 2988 697 δὲ
3016 645 3153 714 πρὸς
3197 647 3360 705 αὐτὸν
3394 648 3616 716 ἄγγελοι

2035 727 2203 796 τρεῖς,
2235 725 2309 788 ώς
2339 727 2499 788 αὐτὸς
2522 725 2778 797 διηγεῖτο,
2807 726 2991 780 λοιπὸν
3018 727 3282 797 κατέσχον
3308 729 3492 795 αὑτὸν,
3523 731 3617 784 καὶ

2035 806 2253 875 λέγουσι
2273 807 2467 878 τούτῳ’
2497 807 2562 859 Τί
2593 807 2817 875 ἐξῆλθες
2846 807 2956 861 ἀπὸ
2981 807 3078 862 τοῦ
3112 810 3474 882 μοναστηρίου
3505 812 3616 866 τῶν

2033 891 2346 958 γυναικῶν;
2377 893 2685 962 Διηγήσατο
2713 891 2770 944 δὲ
2801 892 3014 955 τούτοις
3050 893 3112 945 τὸ
3149 895 3382 964 πρᾶγμα
3420 894 3612 947 είπώνο

2035 973 2158 1028 Ὅτι
2191 976 2468 1045 ἐφοϐήθην
2497 976 2704 1044 μήποτε
2735 977 2996 1038 κάκείνας
3021 975 3208 1046 βλάψω
3231 978 3324 1030 καί
3351 978 3612 1048 ἐμαυτόν.

2033 1056 2300 1125 Λέγουσιν
2331 1058 2480 1127 αὐτῷ
2515 1062 2562 1110 οἱ
2593 1057 2813 1126 ἄγγελοι
2832 1073 2847 1088 ο
2899 1059 3025 1112 Ἐάν
3054 1059 3237 1113 τοίνυν
3267 1076 3328 1113 σε
3375 1059 3470 1114 τοῦ
3505 1063 3614 1116 πά-

2035 1135 2160 1200 θους
2193 1138 2382 1193 τούτου
2435 1139 2864 1209 ἀπαλλάξωμεν,
2903 1140 3122 1212 ἀπέρχῃ
3175 1141 3271 1194 καὶ
3305 1142 3614 1212 φροντίζεις

2031 1219 2242 1286 αύτῶν;
2285 1221 2407 1274 Ἐπὶ
2440 1221 2651 1284 τούτοις
2683 1222 2955 1278 συνέθετο.
2983 1223 3414 1295 Είσπράττονται
3450 1226 3614 1279 αὐτὸν

2031 1302 2215 1372 ὅρκον.
2243 1303 2346 1358 Τὸν
2371 1302 2427 1356 δέ
2455 1303 2616 1373 ὅρκον
2639 1303 2879 1374 διηγεῖτο
2905 1299 3047 1359 εἶναι
3079 1305 3341 1362 τοιοῦτον·
3373 1309 3613 1378 Ὀμοσον

2029 1386 2192 1453 ἡμῖν,
2221 1387 2414 1456 φησὶν,
2440 1387 2524 1440 ὅτι
2553 1387 2646 1440 Μὰ
2673 1387 2765 1440 τὸν
2797 1388 3150 1458 φροντίζοντά
3181 1406 3307 1459 μου,
3341 1392 3627 1462 φροντίζω-

2030 1468 2229 1523 αὑτῶν.
2275 1470 2398 1524 Ἐπὶ
2439 1469 2610 1540 τούτῳ
2641 1468 2856 1540 ὤμοσεν
2895 1472 3100 1534 αὐτοῖς.
3132 1472 3267 1526 Τότε
3301 1475 3350 1526 οί
3379 1474 3603 1543 ἄγγελοι

2029 1552 2295 1622 κατέσχον
2325 1553 2488 1605 αὐτὸν
2517 1555 2546 1605 ὁ
2580 1547 2660 1616 εἷς
2693 1555 2818 1616 τοὺς
2850 1555 3038 1618 πόδας,
3091 1555 3186 1608 κα)⁸
3221 1558 3250 1610 ὁ
3292 1557 3477 1628 ἔτερος
3508 1559 3623 1622 τὰς,

2029 1637 2235 1704 χεῖρας,
2269 1637 2297 1688 ὁ
2323 1635 2378 1688 δὲ
2401 1636 2582 1706 τρίτος
2611 1635 2791 1692 λαϐὼν
2819 1637 2980 1708 ξυρὸν
3003 1637 3256 1710 ἐξέτεμεν
3286 1640 3454 1693 αὐτοῦ
3482 1641 3610 1706 τοὺς

2027 1717 2279 1788 διδύμους
2301 1760 2315 1782 ,
2348 1719 2423 1781 ὡς
2459 1721 2516 1770 ἐν
2558 1722 2846 1785 ἐκστάσει,
2882 1721 2996 1773 ἀλλ’
3027 1724 3086 1775 ού
3135 1724 3277 1777 κατά
3309 1723 3568 1793 ἀλήθειαν
3588 1763 3606 1788 ,

333 1809 600 1876 πρόθεσιν
639 1811 733 1865 καὶ
772 1799 993 1884 ἀγάπην
1024 1799 1160 1868 Θεοῦ
1181 1799 1488 1888 *ἐσχηκέναι
1519 1819 1618 1891 τὴν
1651 1799 1921 1891 ἄσκησιν,
1954 1821 1999 1877 Β
2027 1801 2168 1891 ξων-τᾲ
2202 1802 2259 1853 δὲ
2283 1799 2596 1891 ,φαξταεξίαν
2629 1803 2772 1854 τινά·
2809 1802 3028 1891 ᾜδοξεν
3051 1801 3154 1891 οὖν
3175 1809 3231 1858 ὲν
3256 1809 3323 1877 τῇ
3354 1808 3608 1891 tum?“

333 1890 474 1944 ἀλλά
507 1894 646 1946 κατά
682 1897 892 1967 σκηνὴν
919 1897 1289 1970 ἀνθρωπίνην,
1319 1890 1922 1973 τουτέστικενοδοξίαν,

334 1972 548 2044 σαθρᾶς
575 1979 950 2047 προαιρέσεως
991 1979 1222 2052 εὕρεμα.
1257 1982 1378 2035 Τῶν
1407 1984 1514 2054 γάρ
1558 1985 1798 2039 εὐσεϐῶν
1838 1972 1926 2040 λος

331 2058 552 2126 γισμῶν
584 2059 754 2128 αὐτῆς
773 2063 1270 2134 ἁπασχοληθέντων
1299 2065 1404 2119 ὑπὸ
1425 2067 1518 2121 τοῦ
1545 2068 1800 2136 δαίμονος
1823 2072 1923 2140 τῆς

332 2141 643 2206 κενοδοξίας
667 2184 681 2209 ,
711 2145 1018 2216 ἐνήσκησεν
1054 2149 1257 2220 ταύτην
1286 2151 1369 2213 εἰς
1397 2150 1458 2203 τὸ
1487 2155 1923 2223 καταγινώσκειν

330 2224 445 2276 τῶν
505 2225 701 2279 ἄλλων.
763 2227 1278 2302 Ἐκϐακχευομένης
1327 2233 1384 2286 δὲ
1425 2235 1633 2305 ταύτης
1681 2237 1784 2290 ὑπὸ
1825 2237 1921 2291 τοῦ

329 2305 590 2375 δαίμονος
633 2309 734 2379 τῆς
770 2309 1173 2381 ὑπερηφανίας,
1217 2317 1310 2368 καὶ
1347 2317 1524 2387 τούτῳ
1559 2317 1761 2387 μᾶλλον
1791 2319 1923 2373 ταύ-

327 2405 432 2458 της
464 2391 855 2464 συνηδομένης,
884 2395 1096 2467 ἀπέστη
1123 2397 1218 2451 ἀπ’
1245 2399 1417 2470 αὐτῆς
1439 2403 1467 2453 ὁ
1491 2400 1646 2471 ἀγιος
1667 2403 1919 2472 ἄγγελος,

328 2473 359 2525 ό
392 2474 569 2542 φύλαξ
593 2476 692 2545 τῆς
721 2479 1095 2550 σωφροσύνης.

402 2557 590 2641 Διάνδὲ
617 2557 780 2612 τοῦτο
814 2561 1194 2633 γεγράφαμεν,
1225 2565 1516 2620 πιστότατε
1551 2567 1661 2621 τῶν
1687 2569 1919 2641 ἀνδρῶν,

329 2643 429 2693 καὶ
457 2640 568 2692 τῶν
598 2641 657 2705 ἐξ
680 2645 881 2713 ἀρετῆς
916 2647 1361 2717 κατωρθωκότων
1386 2649 1476 2702 τὸν
1515 2650 1651 2721 βίον,
1697 2655 1790 2707 καὶ
1813 2653 1919 2707 τῶν

327 2723 443 2778 ἀπὸ
475 2724 746 2797 ῥᾳθυμίας
781 2727 838 2794 ἐξ
866 2727 1043 2799 ἄκρας
1071 2730 1345 2793 πολιτείας
1374 2734 1513 2802 μετὰ
1553 2735 1751 2800 πόνους
1785 2736 1919 2790 πολι·

328 2807 458 2870 λοὺς
495 2808 869 2878 χειρωθέντων
915 2813 1022 2866 ὑπὸ
1061 2813 1156 2866 τοῦ
1187 2815 1434 2869 διαϐόλου
1470 2820 1591 2882 ταῖς
1637 2819 1919 2885 παντοίαις

327 2891 527 2945 τούτου
555 2895 842 2964 σαγήναις,
867 2895 935 2948 ἵν’
953 2896 1186 2961 ἕκαστος
1216 2901 1281 2951 ἐκ
1304 2902 1402 2970 τῆς
1423 2900 1620 2954 ἑαυτοῦ
1645 2903 1918 2967 πολιτείας

326 2975 426 3029 τοῦ
454 2979 755 3044 μισοκάλου
777 2981 1216 3049 καταμανθάνων
1238 2982 1308 3035 τὰ
1327 2986 1691 3055 κεκρυμμένα
1703 2986 1915 3054 δίκτυα,

328 3059 513 3132 φεύγῃ
542 3060 638 3122 τὰς
666 3060 855 3114 τούτου
888 3065 1143 3133 παγίδας.
1174 3066 1391 3120 Πολλῶν
1417 3068 1596 3121 τοίνυν
1621 3069 1792 3123 ὄντων
1822 3071 1917 3124 καὶ

2028 1883 2234 1956 ἐκείνῃ,
2267 1883 2342 1947 ώς
2367 1885 2430 1937 ἂν
2453 1887 2595 1936 εἴποι
2626 1901 2733 1949 τις,
2762 1886 2856 1939 καὶ
2885 1888 3376 1959 ἀποτμηθῆναικαὶ
3408 1889 3608 1942 ἀποθε-

2027 1963 2384 2039 ραπεύεσθαι.
2419 1968 2572 2021 Μετὰ
2601 1967 2759 2021 τοῦτο
2787 1971 3136 2039 ἐπερωτῶσιν
3164 1972 3325 2024 αὐτὸν
3359 1973 3409 2025 οἱ
3435 1971 3606 2040 ἀγγε-

2026 2049 2106 2102 λοι
2128 2049 2398 2116 λέγοντες
2437 2050 2712 2120 ᾙσθήθης
2736 2054 3002 2120 ὠφελείας
3029 2055 3206 2118 τινὸς;
3231 2055 3397 2123 Λέγει
3423 2056 3607 2118 αὐτοῖς

2023 2133 2250 2196 ἐκεῖνος·
2285 2130 2495 2202 Σφόδρα
2539 2131 2847 2203 ὠφέλημαι.
2900 2136 3260 2206 Ἐκουφίσθην
3295 2137 3400 2208 γὰρ
3440 2137 3603 2201 πάνυ,

2025 2215 2118 2268 καὶ
2166 2215 2471 2285 πέπεισμαι
2505 2217 2851 2288 ἀπηλλάχθαι
2899 2219 2994 2272 καὶ
3041 2220 3136 2272 τοῦ
3185 2220 3348 2274 πόνου
3385 2220 3479 2273 καὶ
3509 2219 3604 2272 τοῦ

2025 2298 2252 2362 πάθους.
2278 2299 2411 2352 Τότε
2439 2299 2487 2352 οἱ
2519 2299 2740 2370 ἄγγελοι
2773 2301 3023 2370 λέγουσιν
3047 2303 3216 2374 αὐτῷ·
3250 2303 3486 2357 Ἀπελθε
3511 2301 3606 2358 οὖν

2024 2383 2104 2442 είς
2144 2382 2205 2436 τὸ
2240 2382 2577 2454 ἀσκητήριόν
2623 2400 2738 2439 σου.
2786 2384 3156 2456 Ὑπέστρεψεν
3189 2387 3246 2440 δέ
3279 2380 3434 2452 οὗτος
3468 2387 3608 2457 μετά

2025 2467 2184 2520 πέντε
2212 2467 2446 2537 ἡμέρας.
2474 2467 2806 2532 Πενθοῦντος
2827 2467 2919 2523 οῦν
2942 2473 3069 2542 περὶ
3094 2471 3258 2524 αὑτοῦ
3283 2473 3485 2534 παντὸς
3509 2470 3603 2524 τοῦ

2026 2551 2388 2622 μοναστηρίου
2421 2552 2729 2624 εἰσέρχεται
2760 2552 2931 2619 ἔνδον,
2964 2556 3060 2608 καὶ
3085 2554 3272 2608 ἔκτοτε
3303 2554 3516 2624 ἔμεινεν
3547 2557 3602 2607 ἐν

2023 2639 2220 2710 κελλίῳ
2245 2641 2310 2692 ἐκ
2331 2638 2576 2707 πλαγίων
2599 2639 2691 2692 τοῦ
2719 2657 2959 2710 μοναστη
2971 2642 3105 2712 ρίου·
3132 2643 3190 2708 ἐξ
3215 2637 3274 2696 οῦ
3299 2641 3601 2713 ἐγγύτερος

2021 2720 2097 2778 ὣν
2126 2723 2371 2793 συνεχῶς,
2393 2723 2562 2786 αύτάς
2595 2723 2924 2793 διωρθοῦτο,
2956 2726 3080 2778 ὅσον
3110 2727 3196 2778 ἐπ’
3221 2726 3444 2796 ἐκείνην
3479 2727 3600 2779 ἐπι-

2023 2805 2198 2877 ζήσας
2225 2808 2413 2869 αὑταῖς
2443 2805 2580 2861 ἀλλα
2607 2807 3018 2874 τεσσαράκοντα
3043 2807 3159 2877 ἔτη,
3179 2807 3600 2877 διαϐεϐαιούμε-

2014 2871 2111 2954 θος
2141 2894 2252 2954 τοῖς
2280 2892 2576 2960 Πατράσιν,
2607 2893 2688 2945 ὅτι
2715 2871 2913 2947 Ού-κέτι
2939 2892 3108 2962 ἀνέϐη
3126 2871 3224 2956 ἐἰς
3257 2893 3354 2964 τὴν
3377 2871 3602 2964 καρδίαν

2025 2992 2127 3044 μου
2164 2975 2333 3036 πάθος
2377 2957 2635 3042 γυναικὸς
2676 2975 2996 3044 ἐπιθυμίας.
3044 2957 3214 3028 Τοῦτο
3256 2957 3323 3029 τὸ⁷
3355 2957 3616 3046 χάρισιῆ

2020 3058 2112 3111 τοῦ
2147 3059 2304 3127 ἁγίου
2347 3058 2539 3130 ἀνδρὸς
2591 3060 2764 3124 Ἠλία,
2807 3061 2902 3112 καὶ
2943 3058 3084 3128 αῦτη
3117 3061 3148 3128 ἡ
3202 3059 3466 3129 ἄσκησις·
3506 3060 3599 3112 καὶ

330 3145 591 3214 μεγάλων
641 3145 852 3214 ἀνδρῶν
895 3163 952 3199 τε
999 3149 1094 3200 καὶ
1132 3150 1410 3217 γυναικῶν
1439 3151 1548 3202 τῶν
1578 3153 1698 3204 κατ’
1743 3153 1918 3222 ἀρχὰς
1945 3164 1988 3222 C
2019 3141 2191 3205 οὕτως
2216 3142 2534 3212 ἐφρόντισεν
2558 3143 2651 3196 τοῦ
2677 3143 3040 3214 μοναστηρίου
3069 3143 3096 3194 ό
3122 3141 3388 3212 μακάριος
3419 3135 3596 3205 οὗτος.

326 3226 432 3297 τὴν
457 3225 713 3294 ἐνάρετον
748 3227 849 3296 τῆς
886 3229 1176 3300 ἀσκήσεως
1211 3232 1487 3286 πολιτείαν
1529 3235 1917 3305 κατορθωσάν-

325 3325 464 3373 των,
491 3309 799 3361 τελευταῖον
818 3310 874 3362 δὲ
902 3311 1006 3364 ὑπὸ
1025 3311 1118 3365 τοῦ
1144 3314 1441 3368 ἀντιπάλου
1467 3317 1688 3370 πάντων
1710 3317 1920 3389 ἀνθρώ-

327 3411 453 3446 πων
479 3393 922 3464 ἐκριζωθέντων,
972 3396 1079 3449 ἀπὸ
1135 3397 1243 3450 τῶν
1284 3398 1493 3452 πολλῶν
1534 3402 1916 3471 μνημονεύσας

326 3478 565 3546 ὀλίγων,
603 3478 980 3548 ἀποσιωπὴσω
1013 3482 1138 3544 τοὺς
1178 3481 1496 3552 πλείστους,
1543 3488 1680 3557 μήτε
1720 3487 1920 3550 αὐτοὺς

327 3562 568 3616 ἀνιστῶν
596 3602 610 3626 ,
650 3564 788 3632 μήτε
840 3564 1074 3630 ἐμαυτὸν
1123 3565 1349 3635 ώφελῶν
1392 3570 1485 3622 εῖεπλ⁵
1539 3571 1673 3624 πολὺ
1708 3572 1920 3634 τούτοις

327 3646 792 3717 προσδιατρίϐων,
821 3648 914 3698 καὶ
937 3646 1047 3699 τῶν
1075 3646 1274 3717 ἐξόχων
1298 3651 1391 3704 τοῦ
1428 3653 1668 3722 Χριστοῦ
1699 3654 1917 3724 ἀμελῶν

327 3729 604 3799 ἀθλητῶν,
634 3727 729 3780 τοῦ
776 3728 851 3798 μὴ
892 3729 1196 3799 διηγεῖσθαί
1238 3751 1304 3803 με
1343 3735 1545 3804 μᾶλλον
1581 3740 1681 3802 τὰς
1712 3738 1918 3792 τούτων

327 3813 536 3884 ἀρετάς
562 3813 658 3883 τῆς
685 3811 867 3865 ἐνθέου
891 3815 1068 3866 αὐτῶν
1096 3818 1403 3886 ἀσκήσεως.

900 3907 1152 3960 ΚΕΦΑΛ.
1226 3909 1349 3961 ΛΕ’.

931 3991 1070 4058 Περὶ
1123 3992 1317 4046 Ἠλία.

412 4087 602 4150 Ἠλίας
630 4102 713 4149 τις
759 4085 835 4156 τῷ
865 4083 1090 4151 ὀνόματι
1135 4083 1355 4155 ἄριστος
1389 4087 1641 4160 ἀσκητὴς
1663 4129 1678 4155 ,
1714 4093 1920 4164 σφίδρα

323 4171 554 4240 γέγονεν
618 4167 1052 4239 φιλοπάρθενος,
1111 4167 1204 4221 τοῦ
1267 4168 1662 4243 ἀσθενεστέρου
1725 4175 1918 4244 μέλους

323 4254 656 4322 ποιούμενος
685 4253 963 4322 πρόνοιαν.
1001 4252 1124 4304 Εἰσὶ⁵
1151 4251 1261 4322 γάρ
1304 4253 1553 4307 τοιαῦται
1594 4255 1794 4327 ψυχαὶ,
1830 4253 1919 4322 αἷς

327 4338 604 4409 μαρτυρεῖ
643 4337 704 4390 τὸ
731 4336 884 4399 τέλος
929 4336 1012 4389 ὅτι
1054 4336 1175 4388 κατ’
1209 4338 1413 4408 ἀρετὴν
1456 4338 1614 4392 τοῦτο
1649 4341 1914 4398 ποιοῦσιν.

325 4417 502 4483 οὗτος
528 4422 982 4492 κατοικτειρήσας
1014 4421 1073 4472 τὸ
1103 4423 1337 4492 πρᾶγμα
1359 4422 1468 4476 τῶν
1492 4425 1828 4498 ἀσκητριῶν,
1858 4427 1915 4480 ἐν

337 4505 570 4577 ’Δορίϐῃ
594 4507 659 4576 τῇ
695 4505 848 4558 πόλει
878 4506 1017 4576 ἔχων
1044 4505 1401 4577 ἀναλώματα,
1430 4507 1783 4581 ᾠκοδόμησεν
1811 4529 1910 4581 με-
1947 4509 1990 4564 D

323 4591 502 4659 γάλην
546 4589 748 4660 μονὴν,
783 4591 877 4642 καὶ
929 4591 1236 4660 συνήγαγεν
1271 4593 1450 4655 πάσας
1481 4594 1581 4653 τὰς
1626 4594 1913 4666 ἀλωμένας

323 4677 384 4726 ἐν
417 4672 492 4742 τῷ
535 4673 914 4744 μοναστηρίῳ,
945 4673 1256 4738 ἀκολούθως
1291 4676 1470 4728 αὐτῶν
1501 4678 1800 4748 φροντίζων
1834 4681 1914 4744 είς

325 4761 542 4821 πάντα,
594 4758 828 4828 ποιήσας
868 4758 1059 4821 αὑταῖς
1107 4759 1288 4812 πᾶσαν
1338 4761 1645 4815 ἀνάπαυσιν
1685 4763 1794 4816 τῶν
1833 4765 1912 4827 είς

323 4843 425 4912 τὴν
458 4840 646 4913 χρείαν
672 4882 685 4906 ,
717 4842 959 4910 κήπους,
997 4841 1090 4895 καὶ
1122 4843 1191 4894 τὰ
1219 4841 1428 4896 τούτων
1464 4847 1790 4917 χρηστήρια⁹
1819 4848 1912 4900 καὶ

320 4923 665 4989 ἁπαξαπλῶς
705 4923 925 4976 ἅπαντα
979 4924 1080 4977 ὅσα
1136 4924 1356 4993 ἀπαιτεί
1401 4928 1430 4980 δ
1480 4931 1578 4998 τῆς
1628 4929 1912 5000 ἀσκήσεως

325 5010 462 5081 βίος.
495 5000 666 5061 Αὖται
697 5008 753 5061 δὲ
777 5011 841 5062 ἐκ
869 5008 1146 5080 διαφόρων
1173 5008 1306 5079 βίων
1337 5015 1430 5066 καὶ
1454 5012 1748 5084 συνηθείας
1776 5015 1912 5079 ἰδίας

320 5094 564 5163 ἠγμέναι
633 5095 876 5162 συνεχεῖς
943 5095 1124 5163 μάχας
1178 5096 1396 5150 ἐποίουν
1461 5097 1580 5165 μετ’
1643 5097 1907 5169 ἀλλήλων.

335 5177 540 5248 Ἐχρῆν
565 5176 622 5230 δὲ
644 5176 833 5230 τοῦτον
863 5178 957 5233 τὸν
977 5178 1133 5244 ἅγιον
1161 5181 1254 5232 καὶ
1283 5180 1556 5234 διακούειν
1584 5183 1789 5237 τούτων
1819 5185 1912 5238 καὶ

323 5261 628 5333 εἰρηνεύειν
676 5261 867 5324 αὑτάς.
925 5261 1240 5332 Συνήγαγεν
1291 5265 1400 5335 γὰρ
1446 5265 1522 5327 ώς
1567 5269 1908 5336 τριακοσίας,

323 5348 423 5399 καὶ
475 5345 721 5416 ἀνάγκην
766 5345 924 5415 ἔσχεν
973 5347 1278 5416 μεσιτεύειν
1325 5351 1515 5414 αὐταῖς
1564 5352 1656 5404 ἐπὶ
1687 5353 1781 5406 δύο
1815 5351 1908 5424 έτη

323 5431 454 5483 νέαν
487 5429 638 5497 ἄγων
665 5428 764 5498 τὴν
787 5430 1024 5501 ἠλικίαν.
1053 5429 1163 5485 Ἦν
1192 5433 1300 5504 γὰρ
1329 5434 1405 5496 ώς
1431 5437 1730 5506 τριάκοντα
1751 5438 1907 5506 ἐτῶν,

323 5513 358 5584 ἦ
393 5514 826 5586 τεσσαράκοντα.
861 5511 1028 5579 Οὗτος
1062 5517 1364 5588 ἐπειράσθη
1398 5520 1520 5572 καθ’
1551 5521 1765 5591 ἡδονήν.
1803 5525 1911 5578 Καὶ

323 5598 360 5649 ἀ
395 5598 690 5667 αχωρήσας
715 5597 812 5652 τοῦ
845 5600 1207 5670 μοναστηρίου
1229 5641 1243 5665 ,
1277 5601 1465 5670 νῆστις
1501 5604 1772 5658 ἐπλανᾶτο
1805 5606 1910 5660 ἀνά

322 5677 424 5749 τὴν
454 5679 662 5750 ἔρημον
690 5682 783 5735 ἐπὶ
824 5683 1037 5753 ἡμέρας
1064 5683 1178 5747 δύο,
1203 5685 1360 5738 τοῦτο
1389 5687 1666 5758 δεόμενος,
1698 5692 1792 5744 καὶ
1819 5690 1908 5743 λέ-

325 5775 461 5830 των,
496 5763 581 5821 δτι
633 5764 830 5838 Κύριε,
864 5767 1186 5823 ἀπόκτεινόν
1211 5787 1311 5840 με,
1361 5771 1445 5824 ἵνα
1497 5772 1572 5843 μὴ
1614 5774 1709 5828 iam
1739 5777 1909 5840 αὑτὰς

2599 3226 2849 3279 manu.
2892 3223 3032 3292 Acr.

2547 3310 2688 3377 Περὶ
2737 3308 3064 3376 Δωροθέου.

2096 3395 2192 3446 Ὃν
2235 3392 2509 3459 διεδέξατο
2546 3392 2822 3464 Δωρόθεός
2853 3410 2957 3456 τις,
2997 3391 3138 3464 ἀνὴρ
3184 3389 3595 3462 δοκιμώτατος,

2018 3475 2269 3546 γηράσας
2292 3480 2348 3528 ἐν
2377 3478 2479 3547 βίῳ
2505 3476 2728 3547 χρηστῷ
2761 3475 2856 3529 καὶ
2883 3475 3207 3547 ἐμπράκτῳ·
3246 3475 3322 3545 μὴ
3350 3474 3600 3545 δυνηθεὶς

2023 3562 2120 3631 μὲν
2149 3559 2290 3612 οὕτω
2329 3562 2612 3630 φροντίσαι
2646 3561 2721 3622 ὼς
2750 3563 2778 3613 ὀ
2812 3561 3078 3630 μακάριος
3113 3556 3266 3620 οὗτος
3317 3558 3410 3611 τοῦ
3467 3575 3597 3628 μον-

2018 3644 2304 3715 αςτηρίου,
2344 3648 2483 3714 μήτε
2519 3647 2695 3714 μεῖναι
2729 3646 2785 3696 ἐν
2818 3647 2883 3714 τῇ
2928 3643 3092 3714 κέλλῃ
3125 3643 3326 3713 ἐκείνῃ.
3359 3642 3447 3694 Ἐν
3467 3643 3600 3695 ἀνα-

2018 3727 2159 3798 γαίῳ
2191 3728 2246 3780 δὲ
2279 3728 2473 3796 κελλίῳ
2504 3727 2930 3796 ἀποκλειόμενος
2974 3725 3165 3796 θυρίδα
3193 3725 3450 3796 ἐποίησεν
3491 3726 3600 3792 ἀφ-

2018 3811 2335 3882 ορῶσανέπι
2358 3813 2416 3864 τὸ
2432 3813 2538 3864 τῶν
2553 3811 2828 3878 γυναικῶν
2852 3810 3237 3878 μοναστήριον.
3265 3809 3373 3861 Καὶ
3396 3808 3606 3879 ταύτην

2019 3895 2226 3949 ἑκλειεν
2254 3895 2347 3947 καὶ
2375 3895 2612 3965 ῆνοιγεν.
2660 3892 3044 3954 ’Λδιαλείπτως
3070 3892 3124 3945 δὲ
3147 3890 3600 3963 παρακαθεζόμε-

2021 3995 2110 4040 νος
2139 3981 2204 4048 τῇ
2230 3976 2424 4048 θυρίδι,
2454 3977 2550 4048 τὴν
2571 3975 2812 4046 ἀμαχίαν
2829 3974 3055 4037 ταύταις
3079 3973 3595 4044 ἐπραγματεύσατο.

2021 4061 2205 4124 υῦτως
2248 4060 2613 4131 ἀπροσκόπῳς
2644 4059 2988 4128 ἐπιγηράσας
3022 4061 3077 4110 ἐν
3121 4059 3318 4127 ἐκείνῳ
3348 4057 3425 4128 τῷ
3466 4057 3600 4111 ἀνα-

2019 4148 2161 4218 γαίῳ
2184 4189 2199 4212 ,
2232 4148 2355 4216 μηδ’
2388 4146 2523 4207 ὅλως
2555 4146 2683 4197 ποτέ
2711 4160 2856 4220 τινος
2881 4142 3200 4205 ἀνελθόντος
3227 4144 3361 4204 ἐκεῖ,
3392 4141 3514 4195 οῦτε
3543 4142 3599 4195 δέ

2019 4232 2229 4284 ἐκείνου
2257 4230 2406 4282 κάτω
2437 4229 2568 4281 ποτὲ
2595 4228 2879 4282 κατελθεῖν
2909 4227 3235 4300 δυναμένου,
3269 4226 3358 4280 διὰ
3388 4226 3450 4280 τὸ
3480 4226 3596 4280 κλί-

2021 4333 2171 4386 μακα
2209 4316 2283 4386 μὴ
2317 4315 2560 4368 ἑστάναι.
2591 4312 2739 4383 Αῦτη
2771 4314 2804 4384 ἡ
2844 4313 3012 4384 ἀρετὴ
3045 4313 3145 4383 τῆς
3187 4314 3474 4385 ἀσκήσεως
3502 4310 3596 4364 τοῦ

2021 4401 2289 4474 μακαρίου
2319 4399 2618 4470 Δωροθέου,
2652 4400 2747 4452 καὶ
2771 4401 2826 4481 ἐγ
2849 4398 3024 4471 ταύτῃ
3051 4399 3313 4478 τδητέλος.
3362 4421 3376 4434 ο

2587 4494 2838 4547 ΚΕΦΑΛ.
2901 4491 3022 4548 ΛΖ’.

2400 4579 2541 4648 Περὶ
2582 4575 2856 4646 ΙΙιαμο-ῦν
2888 4576 3210 4647 παρθένου.

2087 4673 2338 4746 Πιαμοῦν
2365 4675 2426 4728 τὸ
2454 4675 2625 4746 ὄνομα
2655 4676 2878 4745 γέγονεν
2911 4677 3180 4747 παρθένος
3199 4715 3215 4741 ,
3265 4677 3386 4747 ἥτις
3419 4674 3597 4730 πάντα

2014 4759 2082 4813 τὰ
2109 4759 2203 4831 ἔτη
2233 4761 2330 4831 τῆς
2362 4761 2507 4828 ζωῆς
2541 4760 2712 4825 αὐτῆς
2736 4760 2930 4832 ἔζησεν
2954 4760 3090 4830 μετά
3111 4759 3210 4830 τῆς
3245 4759 3445 4830 μητρὸς
3469 4760 3598 4811 ἐαυ-

2012 4845 2113 4915 τῆς
2163 4846 2263 4916 μία
2307 4846 2461 4916 παρά
2515 4847 2646 4916 μίαν
2682 4847 2938 4900 ἐσθίουσα
2981 4846 3068 4898 ἀεί
3107 4847 3164 4898 ἐν
3211 4845 3450 4916 ἑσπέρᾳ,
3501 4845 3597 4898 καὶ

2013 4933 2252 5002 νήθουσα
2273 4931 2439 4984 λίνον.
2467 4930 2617 4999 Αῦτη
2641 4930 2952 5000 κατηξιώθη
2978 4929 3317 5001 χαρίσματος
3347 4931 3597 5001 προρρή-

2015 5031 2172 5078 σεως.
2218 5014 2306 5066 Ἐν
2335 5008 2417 5077 οἷς
2464 5013 2661 5084 συνέϐη
2685 5016 2755 5067 ’ἐν
2786 5013 3048 5083 Αἰγύπτῳ
3088 5012 3219 5066 ποτὲ
3257 5012 3355 5082 τῆς
3385 5013 3596 5068 ἀναϐἀ-
3677 5007 3692 5032 ³

2015 5117 2153 5163 σεως
2175 5098 2341 5170 οῦσης
2370 5098 2464 5152 τοῦ
2492 5099 2687 5152 Νείλου
2721 5097 2916 5170 κώμην
2945 5099 3108 5170 κώμῃ
3143 5099 3448 5154 ἐπιθέσθαι.
3478 5097 3595 5152 Μά-

2013 5201 2198 5254 χονται
2255 5183 2365 5255 γάρ
2421 5184 2502 5246 είς
2553 5183 2651 5247 τὰς
2709 5183 3067 5254 ύδρημερίας,
3117 5183 3192 5247 ώς
3252 5182 3348 5236 τιιαὶ¹
3403 5181 3599 5250 φόνους

2016 5267 2446 5339 παρακολουθεῖν
2463 5266 2742 5333 πολλάκις,
2765 5268 2858 5319 καί
2879 5269 3218 5331 κατακοπάς.
3241 5266 3597 5337 Δυνατωτέρα

2012 5349 2106 5406 οὖν
2137 5352 2298 5423 κώμη
2337 5351 2564 5404 ἐπέθετο
2592 5353 2657 5420 τῇ
2686 5350 2859 5419 αὐτῆς
2886 5351 3070 5421 κώμη.
3103 5351 3212 5403 Καὶ
3238 5350 3468 5420 ῆρχοντο
3508 5352 3594 5404 ἐπ’
3648 5391 3662 5409 ι

2013 5437 2184 5506 αὐτὴν
2213 5435 2404 5505 ἄνδρες
2433 5436 2491 5488 ἐν
2523 5433 2718 5505 πλήθει
2751 5433 2890 5502 μετά
2921 5433 3162 5505 δοράτων
3188 5437 3282 5487 καὶ
3315 5432 3591 5504 ῥοπάλων,

2013 5519 2154 5573 ὥστε
2180 5517 2448 5588 συγκόψαι
2477 5517 2578 5589 τὴν
2600 5517 2795 5588 κώμην
2823 5517 3016 5585 αὐτῆς.
3051 5517 3304 5588 Παρέστη
3335 5516 3392 5570 δέ
3419 5517 3595 5590 ταύτῃ

2011 5607 2076 5674 τῇ
2113 5603 2360 5675 μακαρίᾳ
2387 5603 2619 5670 ἄγγελος
2666 5601 2762 5654 τοῦ
2810 5600 2947 5654 Θεοῦ
2999 5599 3401 5654 ἀποκαλύπτων
3446 5601 3588 5669 αὐτῇ

2011 5693 2111 5762 τὴν
2145 5689 2389 5744 ἐπίθεσιν
2419 5687 2644 5741 τούτων.
2681 5686 3166 5756 Μεταστειλαμένη
3202 5684 3259 5737 δὲ
3293 5683 3434 5754 αὕτη
3465 5687 3592 5744 τοὺς

2014 5776 2418 5851 πρεσϐυτέρους
2446 5773 2541 5846 τῆς
2570 5773 2762 5845 κώμης
2788 5773 2976 5844 αὐτῆς,
3000 5771 3150 5840 λέγει
3181 5771 3382 5838 αὐτοῖς,
3418 5769 3591 5835 Ἐξέλ-
