4096 6526
542 321 680 387 1099

1979 316 2332 380 PALLADII

2383 213 2438 225 ς-

3677 323 3820 393 1100

539 432 660 485 θέτε
712 432 791 494 είς
842 430 1162 500 συνάντησιν
1209 430 1322 493 τοῖς
1368 425 1683 499 ἐρχομένοις
1728 425 1812 494 ἐφ’
1862 425 2006 495 ὑμᾶς
2056 429 2120 478 ἐκ
2148 429 2196 485 Α
2222 422 2441 492 ἄμαλλα
2485 420 2563 486 ὡς
2626 424 2892 490 παιδίοις·
2928 426 2987 480 ἐν
3031 423 3114 491 οἷς
3141 424 3240 481 καὶ
3283 429 3606 501 καυστῆράς
3661 451 3818 502 τινας

532 516 698 586 τῆσδε
726 515 826 584 τῆς
859 513 1085 583 κώμης,
1117 513 1204 565 ἵνα
1239 513 1313 583 μὴ
1357 511 1558 575 πάντες
1599 509 1688 580 ὑφ’
1716 510 1774 563 ἓν
1803 509 2119 562 συναπολώο

536 599 676 670 μεθα
703 599 753 650 οἱ
787 597 994 665 ταύτης
1038 597 1139 664 τῆς
1173 597 1388 666 κώμης.
1427 596 1537 648 Καὶ
1568 594 1988 664 παρακαλέσατε
2021 593 2116 647 αύο

530 683 659 744 τοὺς
691 680 941 748 λωφῆσαι
977 680 1076 743 τῆς
1110 679 1231 732 καθ’
1259 681 1417 750 ὑμῶν
1441 679 1754 748 ἐπιϐουλῆς.
1784 678 2119 749 Φοϐηθέντες

529 766 588 818 δὲ
617 765 665 817 οἱ
692 763 1056 835 πρεσϐύτεροι
1089 763 1293 832 σφόδρα
1325 763 1618 816 πίπτουσιν
1649 763 1822 831 αὐτῆς
1868 764 1950 824 εἰς
1986 763 2119 826 τοὺς

533 849 720 911 πόδας,
762 847 1005 916 δεόμενοι
1040 845 1135 898 καὶ
1175 845 1626 914 παρακαλοῦντες
1671 847 1842 917 αὐτὴν
1888 848 1984 900 καὶ
2028 847 2120 900 λέ-

536 947 723 995 γοντες
775 931 858 983 ὅτι
905 931 1097 998 Ἡμεῖς
1127 931 1189 983 οὐ
1217 929 1510 1000 τολμῶμεν
1547 932 1732 994 αὐτοῖς
1764 932 2117 1002 συναντῆσαι.

533 1014 770 1082 Οἴδαμεν
807 1014 916 1084 γὰρ
956 1012 1139 1065 αὐτῶν
1170 1013 1271 1083 τὴν
1308 1011 1479 1082 μέθην
1507 1053 1523 1076 ,
1566 1014 1662 1066 καὶ
1693 1013 1792 1082 τὴν
1837 1015 2118 1070 ἀπόνοιαν.

545 1097 684 1150 Ἀλλ’
717 1099 765 1151 εί
803 1099 976 1159 ποιεῖς
1005 1096 1154 1160 ἕλεος
1197 1097 1293 1149 καὶ
1341 1098 1426 1164 ἐφ’
1451 1098 1602 1166 ἡμᾶς
1623 1137 1639 1158 ,
1681 1099 1777 1151 καὶ
1811 1100 1906 1152 ἐπὶ
1938 1101 2121 1152 πᾶσαν

532 1181 632 1250 τὴν
661 1182 857 1248 κώμην
881 1220 897 1245 ,
929 1181 1024 1233 καὶ
1055 1181 1151 1232 ἐπὶ
1192 1179 1284 1231 τὸν
1330 1176 1479 1232 οἷκον
1522 1181 1616 1232 τὸν
1669 1181 1760 1234 σδν
1785 1173 1814 1248 ,'
1828 1181 2121 1247 ἐξελθοῦσα

534 1264 670 1332 αὐτὴ
711 1264 896 1325 αὐτοῖς
939 1263 1307 1330 συνάντησον,
1351 1264 1446 1315 καὶ
1499 1264 1864 1333 είρηνεύσασα
1899 1265 2121 1328 τούτους

533 1348 895 1418 ἁπόστρεῷον.
934 1347 1001 1407 Ἠι
1021 1347 1078 1400 δὲ
1102 1348 1231 1415 ἁγία
1253 1347 1436 1418 ἐκείνη
1461 1348 1620 1401 τοῦτο
1643 1350 1742 1417 μὲν
1762 1350 1822 1401 ού
1845 1349 2116 1402 συνέθετο’

534 1431 833 1484 ἀνελθοῦσα
881 1430 939 1483 δὲ
979 1433 1060 1494 είς
1109 1431 1170 1483 τὸ
1214 1431 1489 1500 δωμάτιον
1526 1431 1587 1482 τὸ
1626 1432 1826 1501 ἑαυτῆς
1873 1431 2000 1500 ἔστη
2053 1431 2121 1484 δι’

533 1521 662 1587 ὅλης
701 1517 893 1581 νυκτὸς
922 1518 1191 1588 εὐχομένη
1215 1562 1229 1583 ,
1281 1520 1375 1572 καί
1415 1520 1490 1588 μὴ
1524 1519 1752 1572 κλίνασα
1787 1519 1915 1587 γόνυ
1937 1560 1950 1581 ,
1982 1519 2120 1572 ἀλλὰ

532 1601 762 1671 δεομένη
793 1600 888 1654 τοῦ
926 1600 1082 1662 Θεοῦ,
1117 1603 1211 1655 καὶ
1243 1603 1500 1670 λέγουσα,
1531 1604 1611 1656 ὅτι
1642 1605 1834 1672 Κύριε,
1865 1605 1892 1655 6
1920 1603 2120 1671 κρίνων

535 1687 718 1738 πᾶσαν
749 1685 848 1754 τὴν
893 1685 1020 1754 γῆν,
1125 1685 1276 1738 οὐδὲν
1304 1685 1412 1738 τῶν
1451 1687 1653 1738 ἀδίκων
1693 1687 1918 1755 ἀρέσκει
1950 1687 2115 1746 ποτὲ,

2226 505 2464 576 σταυροῦ
2499 505 2903 579 διαπορφυρίου
2940 509 3197 564 ἐκέλευσε
3234 511 3449 576 τούτοις
3484 515 3814 572 ἐντίθεσθαι.

2234 589 2558 643 Ἐκέλευσεν
2619 590 2674 642 δέ
2728 594 3149 664 εἰκοσιτέσσαρα
3196 595 3453 666 τάγματα
3517 595 3658 652 εῖναι
3710 603 3818 655 τῶν

2222 673 2489 742 ἀδελφῶν,
2545 675 2688 728 κατὰ
2751 677 2843 730 τὸν
2896 678 3134 749 ἀριθμὸν
3173 679 3284 732 τῶν
3350 681 3814 756 εἰκοσιτεσσάρων

2220 759 2590 828 γραμμάτων.
2652 761 2764 813 Καὶ
2806 762 3143 832 προσέταξεν
3195 763 3413 834 ἑκάστῳ
3456 770 3705 837 τάγματι
3758 769 3818 824 τδ

2221 839 2392 911 ὄνομα
2447 841 2674 910 τεθῆναι
2714 846 2978 913 στοιχεῖον
3021 843 3357 915 Ἑλληνικὸν,
3393 848 3504 901 ἀπὸ
3545 850 3645 904 τοῦ
3676 852 3818 920 ἄλφα

2223 927 2320 978 καὶ
2353 925 2493 996 βῆτα
2525 927 2620 979 καὶ
2643 926 2752 979 τῶν
2782 926 3018 997 καθεξῆς
3046 928 3152 991 ἕως
3180 927 3277 982 τοῦ
3305 947 3351 983 ω
3405 933 3649 1002 μεγάλου
3672 953 3686 965 ·
3732 938 3817 990 ἵνα

2226 1010 2285 1062 ἐν
2319 1011 2397 1080 τῷ
2428 1011 2642 1083 ἐρωτᾷν
2678 1011 2774 1064 καὶ
2805 1013 3272 1083 φιλοπραγμονεῖν
3327 1014 3418 1070 τὸν
3454 1018 3816 1090 ἀρχιμανδρί-

2224 1112 2324 1164 την
2365 1096 2492 1164 περί
2512 1112 2658 1157 τινος
2691 1096 2770 1158 είς
2805 1095 3059 1153 τοσοῦτον
3092 1096 3319 1166 πλῆθος,
3353 1099 3537 1174 ἐρωτᾷ
3565 1103 3661 1154 τὸν
3697 1104 3814 1159 δεύ⁸

2220 1194 2379 1249 τερον
2413 1177 2611 1232 ἑαυτοῦ
2649 1178 2766 1242 πῶς
2804 1178 2918 1249 ἔχει
2966 1178 3062 1232 τοῦ
3113 1180 3280 1250 ἄλφα
3300 1182 3360 1235 τὸ
3392 1185 3604 1254 τάγμα,
3629 1187 3663 1255 ἦ
3699 1188 3814 1253 πῶς
3859 1233 3872 1243 .

2220 1264 2332 1336 ἔχει
2359 1265 2420 1317 τὸ
2439 1262 2603 1342 βῆτα
2624 1283 2636 1295 ο
2685 1266 2849 1320 πάλιν
2896 1266 3144 1322 ἄσπασαι
3188 1268 3249 1320 τὸ
3274 1269 3364 1336 ῥῶ
3389 1287 3400 1300 ο
3439 1271 3554 1342 ίδίῳ
3588 1275 3697 1326 τινὶ
3724 1292 3820 1342 ση-

2226 1351 2365 1419 μείῳ
2399 1337 2664 1418 ὀνόματος
2709 1350 3055 1420 γραμμάτων
3083 1337 3538 1415 ἀκολουθοῦντος..
3564 1358 3674 1409 Καὶ
3703 1337 3816 1422 τοῖς

2225 1433 2324 1500 μὲν
2371 1431 2768 1502 ἁπλουστέροις
2826 1433 2919 1486 καὶ
2965 1433 3375 1506 άκεραιοτέροις
3430 1439 3715 1509 ἐπιθήσεις
3756 1441 3816 1495 τὸ

2225 1515 2395 1567 ἰῶταο
2432 1519 2544 1577 τοῖς
2576 1515 2633 1568 δὲ
2664 1516 3114 1586 δυσχερεστέροις
3140 1518 3233 1570 καὶ
3262 1519 3647 1591 σκολιωτέροις
3680 1539 3815 1592 προ-

2221 1599 2405 1664 τάξεις
2437 1599 2496 1651 τὸ
2527 1598 2584 1662 ξι
2608 1600 2717 1652 Καὶ
2743 1598 2918 1662 οἶν-τως
2941 1601 3060 1654 κατ’
3091 1601 3383 1670 ἀναλογίαν
3407 1603 3506 1672 τῆς
3537 1607 3818 1657 musti.

2224 1699 2364 1745 σεως
2414 1681 2525 1734 τῶν
2577 1684 2954 1753 προαιρέσεων
2997 1684 3095 1736 καὶ
3155 1683 3264 1739 τῶν
3299 1685 3521 1756 τρόπων
3571 1688 3667 1740 καὶ
3706 1686 3816 1738 τῶν

532 1770 635 1836 τῆς
679 1770 988 1840 προσευχῆς
1031 1770 1237 1838 ταύτης
1284 1769 1547 1840 ἐλθούσης
1603 1770 1741 1839 πρὸς
1783 1770 1867 1832 σὲ,
1911 1772 1944 1839 ὴ
1986 1769 2118 1836 ἁγία
2150 1777 2192 1830 Β
2225 1766 2355 1836 βίων
2415 1766 2634 1836 ἑκάστῳ
2680 1767 2924 1835 τάγματι
2981 1768 3042 1819 τὸ
3073 1771 3336 1838 στοιχεῖον
3364 1768 3458 1822 τοῦ
3487 1770 3816 1840 γράμματος

534 1853 767 1922 δύναμις
803 1853 1136 1921 στηλωσάτω
1181 1853 1380 1916 αὐτοὺς
1415 1855 1494 1917 είς
1524 1854 1616 1906 τὸν
1661 1853 1825 1906 τόπον
1871 1855 2004 1906 ὅπου
2054 1853 2120 1907 ἂν

536 1936 735 1999 αὐτοὺς
793 1936 1098 2006 καταλάὸῃ.
1158 1936 1616 2007 Προσευξαμένης
1671 1937 1727 1989 δὲ
1775 1936 1982 2006 ταύτης
2021 1938 2121 2005 τῆς

537 2018 698 2086 ἁγίας
730 2019 998 2088 παρθένου
1025 2019 1237 2086 γίνεταί
1263 2037 1317 2072 τι
1341 2020 1602 2074 τοιοῦτον·
1632 2021 1769 2090 Περὶ
1796 2020 1944 2089 ῶραν
1968 2022 2122 2092 πρώ-

534 2121 637 2174 την
668 2103 973 2173 εύρέθησαν
1019 2104 1066 2154 οί
1105 2103 1354 2171 πολέμιοι
1393 2103 1502 2156 ἀπὸ
1531 2105 1698 2174 τριῶν
1735 2104 1979 2175 σημείων
2021 2106 2121 2172 τῆς

539 2185 734 2257 κώμης
759 2225 774 2250 ,
814 2187 909 2239 καὶ
945 2188 1004 2239 ἐν
1037 2186 1184 2255 αύτῷ
1213 2187 1292 2256 τῷ
1331 2188 1484 2255 τόπῳ
1515 2187 1902 2259 ἐστηλὼθησαν
1940 2188 2122 2253 καθὼς

537 2271 783 2341 ᾐτήσατο
819 2271 852 2338 ὴ
886 2268 1046 2336 ἁγία,
1087 2270 1208 2340 μηδ’
1260 2269 1398 2333 ὅλως
1434 2271 1724 2340 δυνάμενοι
1771 2271 2119 2342 σαλευθῆναι.

552 2351 942 2421 ’Ᾱπεκαλύφθη
985 2352 1043 2404 δὲ
1073 2353 1350 2414 κάκείνοις
1378 2355 1491 2415 τοῖς
1549 2354 1808 2423 μαχίμοις
1833 2395 1848 2419 ,
1880 2355 1962 2407 ὅτι
1994 2371 2124 2425 πρε-

539 2434 697 2506 σϐείᾳ
711 2435 813 2503 τῆς
829 2434 1023 2504 δούλης
1044 2434 1282 2504 Χριστοῦ
1312 2433 1560 2503 Πιαμοῦν
1581 2435 1738 2488 τοῦτο
1756 2437 1964 2500 τούτοις
1991 2453 2125 2504 συμ-

537 2517 796 2587 6έ6ηκεν.
855 2516 1301 2580 ’Λποστείλαντες
1331 2516 1424 2570 οῦν
1469 2519 1549 2582 είς
1590 2518 1688 2588 τὴν
1719 2519 1914 2589 κώμην
1955 2519 2125 2589 αὐτῆς

537 2601 814 2670 ᾐτήσαντο
839 2599 917 2661 είς
947 2600 1193 2670 εἰρήνην,
1211 2600 1556 2668 δηλώσαντες
1583 2605 1696 2662 τοῖς
1720 2603 2021 2664 κατοίκοις,
2040 2601 2123 2654 ὅτι

539 2682 984 2752 Εὐχαριστήσατε
1011 2682 1088 2752 τῷ
1106 2682 1224 2753 Θεῷ
1247 2684 1342 2736 καὶ
1363 2686 1482 2746 ταῖς
1500 2683 1768 2753 καθαραῖς
1794 2686 2124 2755 προσευχαῖς

539 2762 784 2832 Πιαμοῦν
806 2764 906 2832 τῆς
931 2764 1170 2829 δικαίας,
1217 2767 1423 2829 αἵτινες
1465 2768 1560 2819 καλ⁸
1589 2768 1732 2837 ὑμᾶς
1760 2767 2087 2834 διεφύλαξαν
2108 2807 2122 2830 ,

531 2847 633 2926 ⁸ξιαλ
655 2847 804 2917 ἡμᾶς
845 2848 1198 2902 συνεπόδισειν
1224 2850 1304 2912 εἰς
1329 2851 1640 2920 ἀνατροπὴν
1666 2851 1903 2920 μεγάλου
1927 2848 2120 2907 κακοῦ.

1109 2949 1360 3001 ΚΕΦΛΛ.
1415 2949 1543 3001 AH'.

892 3030 1033 3098 Περὶ
1057 3029 1177 3082 τῶν
1207 3030 1764 3103 Ταόεννη[σιω]τῶν.

611 3126 978 3196 Ταϐεννήσιός
1020 3129 1138 3179 ἐστι
1169 3127 1334 3190 τόπος
1385 3128 1443 3178 ἐν
1473 3131 1539 3199 τῇ
1579 3129 1806 3198 Θηϐαΐδι
1831 3128 1974 3182 οὕτω
2020 3147 2123 3183 κα-

541 3209 823 3278 λούμενος.
855 3211 911 3260 ἐν
933 3203 976 3276 ᾧ
1001 3208 1297 3278 Παχώμιος
1345 3209 1539 3277 γέγονέ
1571 3229 1656 3274 τις
1701 3213 1954 3282 μοναχὸς,
1985 3213 2126 3285 ἀνὴρ

541 3292 649 3344 τῶν
684 3295 763 3353 εἰς
795 3291 973 3361 ἄκραν
1007 3291 1285 3344 πολιτείαν
1327 3292 1690 3362 βεϐιωκότων,
1740 3295 1816 3359 ώς
1852 3297 2124 3364 καταξιωε

545 3375 706 3440 θῆναι
739 3373 928 3425 τοῦτον
961 3376 1055 3426 καὶ
1087 3377 1472 3446 προρρήσεων,
1523 3378 1617 3430 καὶ
1645 3379 1922 3432 ὀπτασιῶν
1956 3381 2126 3448 ἀγγε-

543 3459 729 3512 λικῶνξ
769 3453 933 3511 Οὗτος
956 3460 1035 3516 είς
1067 3458 1208 3527 ἄγαν
1230 3461 1449 3527 ἐγένετο
1479 3461 1839 3534 φιλόπτωχος,
1870 3465 1966 3517 καὶ
2003 3465 2124 3534 φιλ-

545 3540 850 3609 ἅνθρωπος.
894 3540 1261 3612 Καθεξομένῳ
1305 3543 1399 3597 οὖν
1448 3545 1600 3616 αὐτῷ
1644 3547 1703 3599 ἐν
1756 3547 1833 3618 τῷ
1879 3548 2126 3620 σπηλαίῳ

543 3623 698 3694 ώςθη
734 3624 884 3694 αύτῷ
907 3625 1136 3694 ἄγγελος
1155 3627 1388 3697 Κυρίου,
1423 3629 1518 3682 καὶ
1543 3630 1692 3698 λέγει
1716 3631 1866 3701 αὐτῷ
1887 3648 1900 3662 ο
1930 3632 2124 3703 na:de-

547 3725 659 3782 μιε,
714 3708 784 3761 τὰ
839 3710 982 3762 κατὰ
1037 3709 1232 3763 σαυτὸν
1264 3711 1635 3782 κατώρθωσας
1663 3731 1676 3742 ·
1724 3718 1997 3786 περιττῶς
2034 3717 2126 3771 οὖν

544 3792 751 3864 καθέζῃ
780 3795 836 3846 ἐν
865 3793 943 3864 τῷ
975 3794 1228 3866 σπηλαίῳ
1244 3795 1440 3867 τούτῳ.
1465 3799 1636 3869 Δεῦρο
1663 3803 1862 3863 τοίνυν,
1895 3802 2126 3869 ἐξελθὼν

545 3877 820 3945 συνάγαγε
847 3879 1058 3942 πάντας
1110 3881 1238 3943 τοὺς
1283 3881 1585 3952 νεωτέρους
1646 3885 1997 3954 μονάζοντας,
2031 3887 2126 3940 καὶ

542 3961 763 4030 οἷκησον
793 3961 912 4032 μετά
942 3963 1146 4027 αὐτῶν,
1200 3965 1294 4018 καί
1341 3967 1482 4019 κατὰ
1514 3967 1604 4020 τὸν
1638 3969 1810 4021 τύπον
1848 3970 1906 4022 ὃν
1935 3970 2126 4042 δίδωμί

544 4060 629 4095 σοι
659 4043 833 4106 οἱτως
860 4045 1041 4106 αὐτοῖς
1063 4048 1448 4118 νομοθέτησον.
1478 4051 1587 4102 Καὶ
1624 4051 1948 4104 ἐπιδέδωκεν
1977 4053 2124 4123 αύτῴ

541 4127 726 4180 δέλτον
756 4130 966 4200 χαλκῆν
995 4133 1052 4182 ἐν
1149 4134 1463 4208 ἐγέγραπτο
1487 4136 1660 4189 ταῦτα
1681 4152 1695 4165 ·
1740 4136 2124 4207 Συγχωρήσεις

541 4213 759 4283 ἐλαστῳ
785 4216 926 4267 κατὰ
949 4214 1045 4281 τὴν
1063 4215 1293 4285 δυνάμιν
1319 4221 1514 4286 φαγεῖν
1541 4221 1634 4277 καὶ
1663 4223 1827 4275 πιεῖν.
1853 4223 1959 4273 Καὶ
1992 4222 2123 4290 πρὸς

539 4297 640 4360 τάς
666 4297 924 4375 δυνάμεις
982 4300 1090 4350 τῶν
1131 4299 1422 4352 ἐσθιόντων
1467 4303 1707 4371 ἀνάλογα
1751 4309 1846 4357 καὶ
1888 4306 1955 4357 τά
1987 4306 2123 4375 ἔργα

543 4369 741 4434 αὐτῶν’
774 4383 1085 4452 ἐγχείρισον
1111 4424 1126 4449 ,
1175 4385 1269 4437 καὶ
1308 4387 1447 4455 μήτε
1487 4388 1784 4457 νηστεῦσαι
1849 4390 2118 4461 κωλύσῃς,

543 4465 682 4532 μήτε
715 4469 928 4531 φαγεῖν.
958 4466 1114 4519 Οὕτω
1140 4467 1324 4538 μέντοι
1352 4470 1419 4522 τά
1459 4472 1658 4544 ίσχυρά
1688 4477 1797 4536 τοῖς
1838 4475 2027 4543 ίσχυρο

544 4563 662 4616 ροις
693 4549 788 4600 καὶ
823 4549 1096 4603 ἐσθίουσιν
1121 4553 1395 4622 ἐγχείριζε
1427 4555 1584 4625 ἔργα,
1618 4559 1686 4610 τά
1718 4558 1884 4612 ἄτονα
1923 4558 1980 4610 δὲ
2030 4559 2122 4611 καὶ

538 4631 750 4701 ἐλαφρά
780 4635 893 4696 τοῖς
941 4635 1482 4709 άνασκητικωτέροις
1540 4643 1635 4694 καὶ
1687 4643 2118 4714 ἀσθενεστέροις.

541 4714 778 4784 Ποίησον
813 4716 870 4768 δὲ
900 4717 1098 4783 κέλλας
1124 4721 1417 4792 διαφόρους
1448 4727 1506 4776 ὲν
1535 4729 1601 4794 τῇ
1634 4727 1772 4796 αὐτῇ
1802 4741 1817 4755 ⁶
1855 4728 1949 4780 καὶ
1972 4730 2122 4797 τρεῖς

539 4800 681 4852 κατά
707 4800 906 4856 κέλλαν
935 4805 1276 4873 μενέτωσαν.
1337 4809 1401 4860 Ἠ
1438 4810 1492 4860 δὲ
1536 4812 1709 4880 τροφὴ
1761 4811 1976 4864 πάντων
2018 4813 2122 4865 ὑπὸ

538 4880 634 4936 ἕνα
666 4883 815 4937 οἷκον
846 4887 1186 4951 ἐξεταζέσθω
1210 4906 1223 4918 ο
1259 4891 1676 4946 καθευδέτωσαν
1709 4893 1764 4946 δὲ
1793 4893 1868 4965 μὴ
1898 4895 2122 4968 ἀνακρι-

537 4967 770 5036 νόμενοι,
803 4969 938 5024 άλλά
971 4971 1188 5040 θρόνους
1219 4974 1604 5044 οἰκοδομητοὺς
1627 4978 1996 5049 ύπτιωτέρους
2020 4967 2119 5033 πει

538 5054 845 5118 ποιηκότες,
860 5055 953 5107 καὶ
967 5055 1211 5118 ἐνθέντες
1230 5059 1349 5109 ἐκεῖ
1360 5059 1426 5109 τά
1448 5059 1745 5129 στρώματα
1763 5063 1970 5116 ἑαυτῶν
1987 5065 2118 5118 καθ-

535 5133 842 5189 ευδέτωσαν
902 5137 1221 5208 καθήμενοι.
1276 5142 1620 5211 Φορείτωσαν
1647 5145 1702 5196 δὲ
1737 5147 1793 5198 ἐν
1843 5149 1964 5212 ταῖς
2001 5149 2119 5214 νυξὶ

535 5216 831 5283 λεϐιτῶνας
869 5222 1049 5286 λινοῦς
1079 5222 1401 5295 ἐζωσμένοι.
1440 5228 1709 5292 ’Ἕκαστος
1743 5232 1920 5285 αὐτῶν
1950 5237 2118 5304 ἐχέτω

538 5306 794 5378 μηλωτὴν
817 5305 1036 5374 αἰγείαν
1059 5311 1430 5380 εἰργασμένην
1452 5311 1675 5382 λευκὴν.
1711 5309 1818 5380 ἾΙς
1837 5320 1966 5372 ἄνευ
1983 5321 2116 5373 ταύ-

529 5409 628 5460 της
667 5392 802 5460 μήτε
829 5391 1179 5454 ἐσθιέτωσαν,
1209 5395 1348 5464 μήτε
1371 5396 1803 5454 καθευδέτωσαν.
1843 5403 2117 5468 [εἰσιόντες

529 5476 585 5527 δὲ
609 5477 688 5538 είς
706 5474 805 5544 τὴν
823 5475 1107 5529 κοινωνίαν
1127 5476 1238 5528 τῶν
1257 5481 1574 5549 μυστηρίων
1601 5482 1691 5534 τοῦ
1717 5485 1954 5553 Χριστοῦ
1975 5489 2115 5542 κατά

445 5548 462 5579 ³
533 5557 812 5610 Σάὸὂατον
845 5560 938 5611 καὶ
990 5561 1278 5630 Κυριακὴν
1318 5548 1448 5624 τὰς
1473 5564 1647 5628 ζώνας
1682 5565 1984 5636 λυέτωσαν,
2023 5575 2116 5625 καὶ

530 5639 629 5707 τὴν
659 5640 916 5710 μηλωτην
943 5643 1408 5708 άποτιθέσθωσαν,
1455 5647 1545 5700 καὶ
1596 5649 1731 5718 μετά
1768 5655 2112 5708 κουκουλλίου

536 5722 700 5799 μόνον
743 5723 1055 5782 είσίτωσαν.
1118 5727 1459 5786 Κουκούλλια
1511 5730 1566 5784 δὲ
1610 5733 1791 5803 αὐτοῖς
1831 5737 2113 5796 ὲτύπωσεν

2226 1851 2590 1920 ἐφαρμόσεις,
2661 1850 2838 1920 μόνων
2883 1851 2991 1904 τῶν
3046 1855 3434 1923 πνευματικῶν
3477 1855 3699 1907 εἰδότων
3747 1858 3814 1909 τά

2225 1933 2621 2003 σημαινόμενα.
2686 1933 3027 2005 Ἐγέγραπτο
3067 1934 3125 1988 δὲ
3170 1936 3226 1987 ἐν
3251 1938 3316 2005 τῇ
3350 1935 3520 2006 δέλτῳ
3549 1939 3631 1991 ὅτι
3662 1939 3813 2004 ξένος

2223 2015 2386 2068 ἄλλου
2417 2016 2784 2086 μοναστηρίου
2817 2017 2911 2068 ἐὰν
2969 2016 3124 2089 ἔλθῃ,
3176 2017 3334 2069 ἄλλον
3367 2017 3587 2086 ἔχοντος
3618 2021 3812 2082 τύπον,

2224 2097 2436 2161 τούτοις
2463 2099 2537 2168 μὴ
2576 2100 2862 2171 συμφάγῃ,
2895 2103 2970 2169 μὴ
3006 2101 3242 2175 συμπίῃ,
3280 2103 3356 2170 μὴ
3390 2104 3710 2176 συνεισέλθῃ
3737 2105 3815 2167 είς

2224 2181 2321 2250 τὴν
2351 2181 2539 2251 μονὴν,
2565 2181 2718 2244 ἐκτὸς
2745 2180 2811 2233 ἂν
2842 2184 2890 2234 εί
2923 2183 2999 2253 μὴ
3028 2187 3107 2246 είς
3134 2183 3251 2236 ὁδὸν
3290 2184 3514 2256 εὑρεθῇ.
3545 2187 3652 2239 Τὸν
3684 2189 3814 2256 μέν-

2224 2280 2306 2316 τοι
2366 2263 2677 2316 εἰσελθόντα
2743 2264 2978 2329 είσάπαξ
3041 2269 3337 2335 συμμεῖναι
3413 2270 3623 2332 αὐτοῖς.
3691 2271 3816 2322 Ἐπὶ

2225 2347 2470 2415 τριετίαν
2537 2347 2615 2408 είς
2675 2346 2862 2414 ἀγῶνα
2922 2348 3132 2403 ἀδύτων
3168 2349 3330 2402 αὐτὸν
3371 2351 3432 2402 ού
3488 2351 3660 2426 δέξῃ*
3700 2352 3815 2404 ἀλλ’

2226 2429 2638 2501 ἑργατικώτερα
2684 2431 2822 2500 ἔργα
2874 2433 3130 2501 ποιήσας,
3169 2431 3341 2495 οὕτως
3386 2435 3467 2497 είς
3505 2439 3570 2491 τὸ
3603 2437 3815 2494 στάδιον

2227 2513 2536 2583 ἐμϐαινέτω
2567 2513 2705 2582 μετά
2733 2513 2832 2584 τὴν
2860 2516 3123 2584 τριετίαν.
3166 2515 3469 2580 Ἐσθίοντες
3513 2517 3614 2581 τὰς
3643 2537 3814 2586 κεφα-

2226 2595 2325 2658 λάς
2348 2595 2814 2654 καλυπτέσθωσαν
2840 2600 2949 2660 τοῖς
2996 2598 3368 2662 κουκουλλίοις
3392 2620 3404 2632 ο
3431 2601 3522 2653 ἵνα
3549 2606 3628 2670 μὴ
3658 2602 3814 2654 ἀδελ-

2229 2679 2326 2746 φὸς
2366 2677 2595 2747 ἀδελφὸν
2651 2677 3013 2749 μασσώμενον
3067 2681 3172 2752 ῖδῃ.
3238 2683 3353 2735 υύκ
3408 2683 3526 2736 ἐστι
3577 2684 3813 2754 λαλῆσαι

2227 2761 2500 2827 ἐσθίοντα,
2552 2761 2673 2814 οὐδὲ
2724 2762 2881 2825 ἐκτὸς
2929 2762 3023 2814 τοῦ
3059 2765 3350 2835 πίνακοςῆ
3398 2769 3497 2836 τῆς
3530 2770 3814 2840 τραπέζης

2227 2847 2464 2917 ἀλλαχοῦ.
2502 2847 2792 2918 προσέχειν
2845 2846 2920 2916 τῷ
2952 2846 3244 2917 ὀφθαλμῷ.
3291 2849 3575 2903 Ἐτύπωσε
3616 2852 3675 2904 δέ
3722 2853 3810 2907 διὰ

2229 2932 2411 3000 πάσης
2448 2932 2546 3000 τῆς
2586 2932 2802 3001 ἡμέρας
2833 2933 3010 2984 ποιεῖν
3034 2932 3235 2995 αὐτοὺς
3267 2933 3432 3002 εύχάς
3456 2934 3689 2996 δώδεκα,
3714 2941 3809 2988 καὶ

2228 3016 2286 3066 ἐν
2307 3015 2385 3085 τῷ
2410 3015 2647 3086 λυχνικῷ
2669 3015 2897 3081 δώδεκα,
2920 3018 3016 3069 καὶ
3041 3019 3100 3069 ἐν
3121 3021 3238 3078 ταῖς
3273 3019 3564 3089 παννυχίσι
3582 3021 3808 3083 δώδεκα,

2152 3112 2197 3171 c
2228 3100 2322 3152 καὶ
2352 3100 2581 3170 ὲννάτην
2615 3099 2764 3170 ὥραν
2807 3103 2981 3170 τρεῖς.
3015 3101 3145 3156 Ὅτε
3182 3101 3240 3153 δὲ
3291 3102 3440 3155 δοκεῖ
3488 3103 3551 3156 τδ
3612 3106 3810 3176 πλῆθος

2228 3183 2452 3246 ἐσθίειν,
2482 3183 2698 3256 ἑκάστῳ
2713 3184 2955 3256 τάγματι
2984 3185 3104 3238 καθ’
3139 3186 3377 3257 ἑκάστην
3413 3189 3580 3258 εὐχὴν
3597 3190 3808 3259 ψαλμὸν

2229 3267 2558 3338 προάδεσθαι
2588 3267 2890 3321 ἐτύπωσεν.
2943 3268 3471 3339 Προσαντιλέγοντος
3497 3274 3553 3326 δὲ
3586 3274 3683 3326 τοῦ
3717 3293 3809 3344 με·

2227 3351 2393 3418 γάλου
2426 3349 2725 3422 Παχωμίου
2758 3350 2837 3420 τῷ
2869 3352 3089 3422 ἀγγέλῳ
3118 3354 3199 3405 ὅτι
3235 3353 3414 3422 ὀλίγαι
3449 3358 3588 3409 εἰσὶν
3641 3361 3696 3412 αί
3723 3360 3804 3410 εύ-

2229 3436 2342 3507 χαὶ,
2381 3435 2530 3502 λέγει
2575 3434 2725 3505 αύτῷ
2757 3437 2784 3487 6
2835 3437 3096 3503 ἄγγελος,
3125 3440 3205 3493 ὅτι
3236 3438 3451 3504 Ταύτας
3476 3441 3803 3505 διετύπωσε,

2229 3519 2303 3582 ὡς
2333 3519 2571 3588 ὀφείλειν
2607 3519 2830 3588 φθάνειν
2858 3524 2954 3573 καὶ
2985 3525 3110 3585 τοὺς
3151 3525 3383 3595 μικροὺς
3415 3527 3686 3578 ἐπιτελεῖν
3717 3529 3805 3580 τὸν

2227 3604 2448 3666 κανόνα,
2486 3605 2580 3656 καὶ
2611 3603 2685 3673 μὴ
2705 3604 3015 3659 λυπεῖσθαι·
3056 3608 3105 3659 οἱ
3147 3609 3204 3660 δὲ
3237 3609 3452 3674 τέλειοι,
3487 3613 3806 3679 νομοθεσίας

2228 3687 2417 3756 χρείαν
2446 3688 2546 3738 οὐκ
2578 3688 2815 3756 έχουσινο
2851 3688 2993 3742 Καθ’
3035 3691 3263 3755 ἑαυτοὺς
3296 3696 3407 3762 γὰρ
3458 3696 3518 3745 ἑν
3542 3699 3663 3756 ταῖς
3687 3697 3806 3748 κέλ-

2227 3769 2347 3830 λαις
2369 3768 2522 3832 ὄντες
2568 3769 2688 3821 ὅλον
2716 3770 2776 3822 τὸ
2838 3770 2939 3842 ζῇν
2988 3773 3168 3827 αὐτῶν
3195 3778 3263 3845 τῇ
3298 3778 3393 3828 τοῦ
3437 3776 3574 3830 Θεοῦ
3607 3777 3808 3849 θεωρία

2229 3852 2658 3922 παρεχώρησαν.
2710 3852 2936 3916 Τούτοις
3005 3855 3061 3907 δὲ
3121 3858 3492 3929 ἐνομοθέτησα
3549 3861 3666 3912 ὅσοι
3709 3864 3806 3916 οὐκ

2225 3936 2408 4005 έχουσι
2439 3935 2563 3988 νοῦν
2606 3935 2956 4008 ἐπιγνώμονα
2981 3952 2994 3966 ⁸
3029 3939 3118 3993 ῖνα
3142 3941 3246 3994 κάν
3276 3942 3352 4005 ώς
3382 3944 3591 3997 οἰκέται
3643 3965 3806 4000 κατα-

2227 4021 2518 4089 φρονηταὶ,
2549 4019 2628 4091 τῷ
2645 4020 2794 4091 φόϐῳ
2824 4021 2919 4074 τοῦ
2951 4024 3247 4087 Δεσπότου,
3273 4026 3374 4096 τὴν
3402 4027 3658 4092 σύνταξιν
3683 4033 3809 4100 πλη-

2231 4102 2449 4174 ροῦντες
2505 4103 2602 4171 τῆς
2678 4104 2958 4168 πολιτείας
3004 4106 3327 4161 διατεθῶσιν
3392 4111 3450 4161 ἐν
3505 4115 3806 4183 παρρησία.

2227 4186 2411 4239 Ταῦτα
2444 4185 2840 4256 διαταξάμενος
2869 4190 2899 4240 6
2955 4188 3206 4258 ἄγγελος,
3253 4192 3348 4248 καὶ
3377 4193 3676 4267 πληρώσας
3714 4200 3807 4268 την

2225 4271 2518 4336 διακονίαν,
2541 4271 2769 4342 ἀνῆλθεν
2783 4273 2890 4325 ἀπὸ
2907 4273 2999 4326 τοῦ
3021 4276 3261 4344 μεγάλου
3286 4279 3602 4348 Παχωμίου.
3627 4282 3811 4335 Ἔστιν

2225 4354 2316 4408 οῦν
2347 4355 2521 4408 ταῦτα
2543 4356 2613 4409 τά
2641 4359 2981 4430 μοναστήρια
3000 4360 3218 4413 πλείονα
3240 4365 3596 4432 κρατήσαντα
3626 4368 3808 4420 τοῦτον

2153 4451 2196 4503 D
2225 4438 2315 4492 τὸν
2346 4438 2534 4501 τύπον,
2565 4441 2908 4494 συντείνοντα
2961 4445 3040 4503 είς
3087 4445 3531 4514 ἑπτακισχιλίους
3588 4449 3807 4521 ἄνδρας.

2231 4522 2388 4575 Ἐστι
2409 4524 2465 4577 δέ
2485 4525 2545 4577 τὸ
2567 4525 2786 4595 πρῶτον
2818 4527 2912 4579 καὶ
2937 4529 3082 4597 μέγα
3104 4532 3468 4600 μοναστήριον
3499 4533 3630 4585 ἔνθα
3653 4538 3808 4598 αὐτὸς

2224 4606 2251 4658 6
2269 4606 2538 4678 μακάριος
2564 4607 2858 4680 Παχώμιος
2875 4609 3031 4681 ᾤκει,
3051 4612 3110 4663 τὸ
3132 4612 3308 4664 καὶτὰ
3331 4614 3467 4666 ἄλλα
3489 4618 3808 4686 ἀποκυῆσαν

2224 4690 2562 4763 ἀσκητήρια,
2595 4693 2718 4763 ἔχον
2745 4695 2960 4767 ἀνδρῶν
2984 4695 3216 4767 ἀριθμὸν
3238 4696 3427 4767 χιλίων
3457 4703 3804 4771 τριακοσίων.

2800 4794 3054 4848 ΚΕΦΑΛ.
3115 4799 3240 4849 AB'.

2582 4878 2720 4944 Βίος
2760 4877 2869 4932 τοῦ
2907 4879 3062 4935 ἀϐϐᾶ,
3111 4882 3454 4952 Ἀφθονίου.

2307 4984 2394 5036 Ἐν
2425 4978 2506 5048 οἷς
2535 4985 2632 5038 καὶ
2660 4987 2688 5037 6
2719 4985 2906 5050 δοῦλος
2933 4985 3026 5039 τοῦ
3071 4987 3205 5041 Θεοῦ
3238 4991 3576 5063 καλούμενος
3621 4995 3806 5064 Ἀφθό-

2222 5087 2354 5134 νιος,
2383 5068 2538 5137 φίλος
2575 5087 2676 5140 μου
2710 5070 3005 5142 γενόμενος
3047 5074 3294 5143 γνήσιος,
3344 5076 3439 5127 νῦν
3472 5078 3806 5149 δευτερεύων

2221 5155 2368 5206 ἐστὶν
2395 5155 2451 5205 ὲν
2474 5154 2553 5222 τῷ
2587 5155 2940 5225 μοναστηρίῳ
2973 5156 3188 5227 ἐκείνῳ.
3232 5162 3326 5212 Ὃν
3355 5161 3432 5223 ῶς
3482 5163 3805 5216 άσκανδάλι-

2223 5255 2348 5290 στον
2383 5237 2806 5290 ἀποστέλλουσιν
2844 5241 2903 5291 ἐν
2941 5240 3318 5314 Ἀλεξανδρεία
3347 5246 3440 5297 ἐπὶ
3470 5246 3570 5308 τάς
3597 5248 3819 5315 χρείας..

2219 5322 2560 5392 διαπωλῆσαι
2624 5323 2722 5390 μὲν
2759 5324 2940 5376 αὐτῶν
2970 5325 3037 5377 τά
3084 5328 3244 5396 ἔργα,
3302 5332 3716 5400 συνωνησασθαι
3745 5331 3832 5384 δὲ’

2218 5406 2316 5468 τὰς
2338 5407 2548 5477 χρείας.
2591 5407 2747 5459 ’Ἐστι
2786 5408 2879 5460 καὶ
2919 5409 3054 5462 ἄλλα
3114 5413 3458 5482 μοναστήρια
3490 5415 3600 5468 ἀπὸ
3627 5416 3801 5468 6mm-

2221 5490 2350 5542 σίων
2381 5493 2473 5542 καὶ
2519 5493 2852 5562 τριακοσίων
2901 5494 3111 5564 ψυχῶν,
3144 5498 3202 5548 ἐν
3239 5495 3319 5560 οἷς
3364 5499 3459 5552 καὶ
3512 5501 3593 5563 είς
3632 5501 3798 5562 Πανὸς

2216 5573 2316 5644 τὴν
2349 5575 2526 5637 πόλιν,
2574 5578 2656 5637 είς
2707 5577 2735 5628 ὃ
2792 5578 3042 5648 εἰσῆλθεν
3085 5580 3298 5653 ἀνδρῶν
3339 5585 3668 5652 τριακοσίων
3707 5588 3796 5636 σύ-

2221 5675 2422 5737 στημα.
2465 5659 2554 5713 Ἐν
2586 5659 2765 5732 τούτῳ
2817 5660 2895 5732 τῷ
2946 5665 3297 5735 μοναστηρίῳ
3333 5666 3558 5737 ἑώρακα
3593 5669 3792 5735 ράπτας

2216 5733 2538 5810 δεκαπέντε,
2569 5746 2792 5815 χαλκεῖς
2820 5733 2979 5816 ἑπτά,
3005 5747 3264 5815 τέκτονας
3295 5752 3589 5824 τέσσαρας,
3620 5767 3792 5823 καμη-
