4060 6564
301 304 427 361 ΗΟΙ

1544 299 1857 358 HISTORIA
1901 302 2255 359 LAUSIACA.

3370 305 3508 365 ηοξ

292 420 464 486 Exite,
487 426 539 472 et
563 431 627 472 ex
649 416 751 472 hoc
777 416 895 472 vico
924 416 1184 473 occurrite
1202 416 1279 472 cis
1301 416 1389 486 qui
1418 417 1632 471 veniunt
1658 426 1841 472 contra
1874 424 1918 476 Α
1952 426 2072 470 ιιιοι·
2105 416 2318 471 ordines
2363 415 2604 481 fratrum,
2636 431 2698 477 ex
2733 432 2951 474 numero
2972 419 3155 489 viginti
3177 429 3401 493 quatuor
3425 423 3511 478 lit-

289 524 407 573 vos,
436 524 504 563 ne
532 524 624 564 vos
653 524 860 580 quoque
894 523 1001 563 una
1017 525 1136 564 cum
1164 511 1283 564 vico
1306 510 1552 577 pereatis,
1580 518 1636 564 et
1663 522 1844 581 rogate

287 617 384 656 eos
406 612 461 654 ut
485 602 741 655 desistant
765 602 831 655 ab
859 601 1061 655 insidiis
1077 600 1330 657 adversus
1357 615 1452 655 vos
1473 603 1690 670 paratis.
1716 603 1846 658 Ter-

287 693 375 746 riti
402 700 577 747 autem
611 692 901 761 presbyteri
944 692 992 745 ei
1042 690 1108 745 ad
1136 691 1295 759 pedes
1327 691 1699 758 procumbunt,
1728 708 1845 747 eam

290 789 540 848 rogantes
579 791 630 835 et
654 781 929 837 dicentes:
962 782 1067 835 Nos
1111 796 1213 834 non
1243 780 1495 835 audemus
1516 781 1594 835 eis
1623 782 1701 835 ire
1746 782 1848 837 oh-

292 870 453 935 viam;
483 870 679 926 scimus
725 872 864 926 enim
894 887 1079 927 eorum
1120 871 1478 926 temulentiam
1507 880 1562 926 et
1608 874 1846 939 petulan-

292 960 445 1023 tiam;
477 959 568 1015 sed
594 958 637 1013 si
664 958 796 1014 facis
836 960 1245 1016 misericordiam
1292 960 1344 1014 in
1392 975 1491 1014 nos
1519 969 1573 1013 et
1599 962 1846 1024 inlotum

290 1051 484 1113 vicum,
514 1056 570 1103 et
596 1050 649 1103 in
669 1049 883 1104 domum
912 1058 1072 1115 tuam,
1102 1051 1213 1119 ipsa
1236 1050 1311 1104 eis
1332 1050 1585 1119 egredere
1612 1051 1845 1119 obviam,

292 1138 511 1208 illosque
540 1150 753 1209 pac‘atos
777 1150 975 1197 averte.
1005 1141 1095 1195 llla
1133 1151 1309 1196 autem
1332 1156 1452 1195 cum
1483 1157 1585 1195 non
1629 1155 1847 1198 assensa

288 1239 453 1295 esset,
480 1229 699 1285 veniens
740 1231 791 1284 in
836 1245 982 1285 suam
1019 1231 1413 1293 domunculam,
1443 1231 1590 1286 stetit
1618 1239 1724 1286 tota
1752 1246 1849 1285 no-

288 1330 374 1374 cte
407 1335 566 1373 orans
587 1331 639 1374 et
684 1336 819 1389 genu
866 1321 1083 1375 minime
1111 1321 1351 1389 ﬂectens,
1382 1322 1475 1377 sed
1520 1337 1730 1391 rogans,
1764 1324 1847 1378 di-

289 1414 460 1467 cendo
491 1430 504 1466 :
539 1414 759 1469 Domine
804 1413 896 1481 qui
922 1414 1127 1482 judicas
1158 1423 1374 1479 terram,
1409 1414 1493 1469 cui
1524 1414 1653 1469 nihil
1680 1417 1851 1484 placet

286 1503 425 1570 quod
449 1514 527 1557 est
554 1503 823 1572 injustum,
847 1518 964 1557 cum
988 1503 1099 1557 haec
1127 1503 1190 1557 ad
1221 1511 1273 1557 te
1299 1506 1501 1559 venerit
1523 1504 1709 1571 oratio,
1741 1506 1848 1560 vir-

290 1599 373 1646 tus
401 1601 489 1645 tua
542 1607 634 1646 eos
673 1594 824 1646 sistat
874 1592 1171 1647 immobiles
1227 1602 1473 1662 tanquam
1527 1593 1845 1661 columnam,

288 1682 585 1751 ubicunque
612 1697 704 1737 eos
736 1682 1159 1751 deprehenderit.
1191 1684 1319 1737 Cum
1354 1685 1465 1738 haec
1492 1694 1671 1739 sancta
1698 1686 1847 1754 virgo

287 1776 367 1828 sic
414 1784 636 1839 orasset,
668 1775 774 1828 tale
818 1774 940 1842 quid
970 1774 1180 1829 accidit.
1233 1775 1422 1829 llostes
1476 1776 1615 1830 circa
1664 1776 1848 1829 horam

289 1869 535 1934 primam,
575 1880 604 1917 a
635 1867 799 1919 tribus
828 1866 1160 1928 milliaribus,
1202 1865 1254 1919 in
1307 1867 1422 1920 loco
1461 1866 1550 1920 fixi
1601 1875 1847 1937 tanquam

287 1955 550 2017 columna,
583 1952 883 2008 labefactari
908 1969 1009 2008 non
1044 1963 1302 2023 poterant.
1336 1953 1443 2008 Illis
1466 1970 1675 2025 quoque
1700 1972 1849 2010 reve-

287 2043 452 2097 latum
496 2052 575 2098 est
600 2046 737 2113 quod
780 2057 947 2098 servm
976 2044 1169 2098 Christi
1200 2044 1417 2098 Piamuu
1446 2045 1845 2100 intercessioni-

286 2134 388 2187 bus
416 2133 610 2189 factutn
638 2142 718 2188 est
762 2135 840 2188 eis
887 2134 1350 2203 impedimentum;
1399 2135 1539 2202 iique
1580 2136 1645 2188 ad
1670 2136 1844 2190 vicum

287 2223 553 2277 mittentes
582 2238 762 2291 pacem
793 2223 1073 2293 petierunt,
1100 2223 1333 2277 dicentes
1361 2238 1376 2276 :
1406 2224 1557 2292 Agite
1583 2224 1689 2278 Deo
1714 2239 1841 2295 gra-

288 2313 389 2367 tias
436 2322 488 2368 et
539 2313 784 2381 precibus
840 2313 1056 2367 Piamun
1085 2328 1203 2384 qua:
1232 2327 1328 2367 nos
1377 2312 1749 2383 impedierunt,
1780 2330 1847 2371 ne

286 2420 531 2474 magnum
563 2405 711 2461 vobis
735 2403 928 2458 malum
960 2404 1292 2458 inferremus.

794 2492 1014 2548 CAPUT
1053 2491 1331 2547 XXXVIII.

300 2579 412 2635 Vita
455 2582 649 2638 abbatis
696 2580 961 2637 Pachomii
1006 2580 1142 2653 (7(3),
1175 2591 1221 2634 et
1262 2597 1432 2635 eorum
1474 2582 1558 2650 qui
1594 2596 1709 2635 cum
1736 2582 1845 2651 ipso

982 2687 1144 2730 εναιιε.

355 2765 679 2822 Tabennesis
710 2766 821 2839 (77)
856 2776 937 2822 est
983 2768 1129 2821 locus
1155 2767 1232 2822 sic
1273 2766 1561 2837 appellatus
1612 2767 1664 2821 in
1706 2767 1846 2822 'l‘he-

286 2855 460 2920 baide,
512 2857 564 2910 in
607 2872 711 2926 quo
756 2855 1191 2910 fuitPachomius
1235 2858 1543 2922 monachus,
1574 2857 1655 2910 vir
1683 2871 1749 2910 ex
1778 2856 1845 2911 iis

286 2947 373 3015 qui
402 2946 648 2999 vixerunt
694 2946 745 2999 in
796 2961 1004 2999 summo
1044 2954 1100 2998 et
1149 2948 1383 3015 perfecto
1430 2948 1549 3001 vita:
1603 2946 1843 3001 instituto

288 3036 434 3106 (Vita
462 3038 571 3105 ejus
597 3052 771 3104 supra,
804 3036 841 3092 ι.
874 3036 933 3105 ἰ),
962 3038 1093 3091 adeo
1122 3046 1176 3090 ut
1218 3037 1260 3089 is
1297 3035 1453 3091 fuerit
1495 3036 1736 3105 dignatus
1789 3046 1845 3092 et

286 3127 576 3180 futurorum
617 3125 1043 3194 praedictionibus
1078 3136 1133 3180 et
1161 3127 1409 3195 angelicis
1438 3127 1744 3182 visionibus.
1795 3128 1842 3182 ls

290 3218 388 3271 fuit
414 3216 561 3271 valde
599 3232 782 3270 amans
831 3231 1138 3286 pauperum,
1171 3227 1221 3271 et
1271 3233 1458 3287 magna
1490 3218 1744 3273 charitate
1792 3220 1842 3272 in

285 3301 550 3361 homines.
576 3306 652 3360 Eo
675 3321 803 3375 ergo
821 3307 1038 3361 sedente
1055 3310 1104 3360 in
1129 3310 1225 3363 hac
1246 3311 1510 3376 spelunca,
1542 3310 1683 3363 visus
1695 3319 1776 3363 est
1796 3311 1843 3364 ei

286 3396 507 3465 angelus
548 3396 773 3461 Domini,
819 3397 906 3465 qui
936 3397 982 3451 ei
1013 3397 1141 3451 dicit
1183 3415 1194 3452 :
1229 3398 1496 3465 Pachomi,
1528 3414 1587 3452 ea
1632 3401 1844 3467 quidem

287 3501 404 3557 quas
433 3486 497 3539 ad
528 3493 579 3540 he
605 3487 886 3555 pertinent,
918 3498 1060 3542 recte
1086 3496 1139 3543 et
1180 3504 1243 3543 ex
1268 3488 1458 3543 virtute
1482 3491 1724 3560 gessisti;
1756 3507 1845 3545 su-

288 3590 610 3645 pervacanee
636 3592 764 3647 ergo
784 3578 938 3632 sedes
966 3577 1020 3630 in
1059 3579 1160 3631 hoc
1202 3578 1347 3645 loco;
1380 3595 1475 3649 age
1514 3597 1659 3651 ergo,
1689 3597 1841 3653 egre-

285 3668 432 3731 dere,
456 3678 509 3721 et
537 3682 801 3736 congrege
847 3683 1031 3723 omnes
1055 3671 1290 3738 juniores
1328 3673 1634 3740 monachos,
1667 3686 1719 3727 et
1751 3674 1844 3728 ha-

284 3756 391 3811 bita
420 3772 536 3810 cum
565 3758 663 3823 eis,
689 3765 744 3812 et
767 3774 995 3827 sequens
1025 3759 1245 3815 formam
1275 3777 1429 3831 quam
1452 3763 1597 3819 dabo
1627 3765 1737 3826 tibi.
1764 3768 1842 3822 eis

285 3849 425 3917 leges
452 3851 732 3904 constitue.
773 3851 936 3919 Eique
957 3853 1100 3906 dedit
1140 3854 1365 3908 tabulam
1398 3871 1618 3921 teneam,
1645 3860 1700 3914 in
1740 3876 1839 3929 qua

284 3938 400 3994 haec
428 3940 621 4009 scripta
648 3940 853 3996 fuerant
883 3959 895 3995 :
938 3944 1183 3999 Concede
1219 3946 1498 4018 unicuique
1520 3958 1575 4004 ut
1602 3953 1846 4007 comedat

283 4038 338 4085 et
366 4030 507 4085 bibat
534 4048 625 4100 pro
654 4033 853 4088 viribus
876 4036 1264 4091 comedentium
1287 4040 1394 4104 ;eis
1424 4056 1629 4111 quoque
1652 4043 1841 4098 manda

281 4136 441 4189 opera
472 4138 589 4193 quae
626 4126 963 4193 proportione
993 4129 1309 4184 conveniant
1351 4146 1414 4185 ac
1462 4133 1840 4202 respondeant,

282 4221 338 4268 et
362 4229 531 4283 neque
550 4215 790 4283 jejunare
819 4218 1037 4285 prohibe
1066 4235 1162 4274 nec
1192 4224 1491 4278 comedere.
1515 4226 1604 4281 Sic
1630 4228 1842 4297 quidem

280 4302 506 4357 fortibus
537 4306 684 4358 lertia
713 4308 903 4361 manda
930 4324 1111 4377 opera,
1146 4311 1405 4367 imbecilla
1436 4325 1607 4371 autem
1632 4328 1684 4372 et
1711 4319 1843 4374 levia

281 4394 346 4447 iis
376 4393 460 4461 qui
489 4409 548 4449 se
577 4396 745 4463 magis
766 4410 1035 4465 exercent,
1078 4410 1132 4454 et
1160 4411 1282 4455 sunt
1311 4403 1705 4463 imbecilliores.
1738 4408 1841 4463 Fac

280 4494 458 4539 autem
482 4484 715 4539 diversas
744 4488 907 4541 cellas
939 4488 990 4542 in
1020 4491 1204 4545 eadem
1239 4493 1382 4561 aula,
1418 4503 1471 4549 et
1494 4505 1599 4550 tres
1626 4499 1680 4552 in
1710 4499 1842 4554 cella

279 4587 548 4632 maneant.
579 4579 834 4635 Omnibus
849 4588 1024 4655 autem
1047 4582 1199 4636 cibus
1224 4584 1278 4637 in
1302 4600 1404 4639 una
1429 4586 1584 4645 domo
1606 4602 1842 4659 paretur.

280 4668 553 4723 Dormiunt
605 4680 779 4725 autem
836 4687 940 4725 non
988 4675 1375 4744 recumbentes,
1420 4680 1513 4733 sed
1562 4685 1843 4739 exstructis

276 4759 379 4813 sibi
408 4759 618 4814 sedibus
650 4761 808 4828 paulo
836 4762 1210 4830 supinioribus,
1235 4775 1289 4820 et
1311 4767 1422 4822 illic
1449 4770 1557 4824 suis
1584 4771 1840 4841 impositis

278 4852 525 4919 singulis
553 4851 815 4906 dormiant
840 4856 1105 4910 sedentes.
1138 4857 1303 4911 Noctu
1327 4870 1503 4914 autem
1531 4872 1737 4931 gestent
1764 4865 1840 4919 le-

276 4941 486 4995 bitones
516 4942 705 5007 lineos,
737 4946 1010 4999 succincti.
1045 4947 1245 5002 Habeat
1273 4952 1634 5022 unusquisque
1665 4970 1730 5010 ex
1761 4957 1840 5010 bis

277 5030 469 5100 pellem
494 5031 701 5085 ovillam
724 5034 895 5087 albam
921 5036 1230 5100 laboratam,
1253 5039 1451 5108 absque
1472 5056 1532 5096 ea
1559 5058 1729 5114 neque
1752 5060 1841 5101 co-

273 5120 514 5187 medant,
539 5136 708 5192 neque
728 5123 1008 5179 dormiant.
1025 5127 1379 5195 lngredicntes
1401 5142 1574 5187 autem
1597 5138 1661 5189 ad
1687 5137 1839 5192 Chri~

273 5213 346 5268 eti
372 5216 798 5271 communionem
837 5218 1069 5273 Sahbato
1114 5229 1167 5274 et
1214 5222 1503 5290 Dominica,
1538 5241 1697 5282 zonas
1735 5230 1840 5284 sol-

274 5312 421 5369 vant,
445 5314 498 5360 et
517 5307 708 5383 pellem
732 5308 941 5363 ovillam
965 5310 1251 5378 deponant,
1286 5324 1337 5367 et
1366 5331 1483 5368 cum
1502 5317 1610 5372 sola
1635 5320 1839 5374 cuculla

274 5394 657 5465 ingrediantur.
691 5397 837 5454 Fecit
867 5410 1039 5453 autem
1064 5402 1141 5454 eis
1164 5404 1399 5457 cucullas
1428 5407 1541 5461 sine
1565 5408 1701 5463 villis
1726 5407 1841 5480 (78)

275 5497 523 5555 tanquam
556 5489 751 5555 pueris,
784 5490 834 5543 in
867 5492 1057 5559 quibus
1096 5493 1254 5547 etiam
1281 5494 1439 5562 jussit
1465 5497 1664 5566 imponi
1711 5501 1841 5570 ﬁgu-

274 5591 389 5633 ram
420 5579 594 5634 crucis
631 5594 923 5648 purpureas.
958 5582 1119 5638 Jussit
1148 5594 1324 5640 autem
1351 5601 1470 5643 esse
1496 5591 1676 5660 viginti
1705 5608 1836 5661 qua-

1950 517 2212 571 terarum;
2241 508 2591 577 praecepitque
2614 508 2894 579 unicuique
2919 511 3089 564 ordini
3117 511 3386 579 imponere
3418 530 3514 569 no-

1948 613 2069 653 men
2099 599 2419 653 elementum
2449 597 2711 664 Grtecum,
2760 599 2826 652 ab
2855 623 2908 665 α,
2941 601 2996 671 β,
3027 608 3079 654 et
3117 616 3235 670 quae
3263 602 3511 673 deinceps

1946 698 2256 754 sequuntur,
2287 704 2453 757 usque
2485 688 2550 742 ad
2574 712 2632 756 ω,
2658 699 2714 742 ιιι
2740 689 2863 742 dum
2895 688 3181 757 interrogat
3208 692 3512 749 archiman-

1946 779 2081 832 drita
2111 780 2177 834 de
2206 780 2380 847 aliquo
2411 781 2461 833 in
2494 789 2634 834 tanta
2664 782 3018 847 multitudine,
3051 783 3348 837 sciscitetur
3388 798 3508 837 eum

1946 868 2035 938 qui
2065 879 2145 923 est
2172 869 2237 924 ab
2284 884 2348 923 eo
2385 870 2670 935 secundus,
2713 870 2978 938 quomodo
3007 885 3064 925 se
3096 871 3253 925 habet
3296 872 3427 926 ordo
3455 895 3508 934 α.

1947 967 2036 1013 aut
2061 960 2324 1028 quomodo
2369 974 2429 1013 se
2476 960 2635 1014 habet
2662 960 2792 1015 ordo
2822 962 2875 1032 β.
2905 961 3105 1017 Rursus
3133 963 3298 1017 saluta
3341 986 3391 1042 ρ,
3423 978 3509 1017 se-

1947 1047 2157 1115 quendo
2206 1048 2466 1115 quoddam
2512 1051 2780 1117 pr0prium
2834 1065 3025 1107 nomen
3073 1051 3415 1107 litterarum:
3460 1064 3523 1108 et

1947 1134 2356 1202 simplicioribus
2382 1137 2593 1205 quidem
2618 1148 2671 1193 et
2710 1139 3089 1196 sincerioribus
3142 1143 3383 1211 impones
3412 1159 3506 1198 no-

1948 1238 2068 1293 men
2098 1241 2134 1288 i;
2161 1224 2542 1281 difficilioribus
2563 1238 2735 1281 autem
2766 1232 2792 1294 ξ
2822 1239 2910 1284 :et
2937 1231 3019 1284 sic
3034 1234 3409 1288 convenienter
3430 1236 3509 1288 in-

1948 1314 2149 1367 stitutis
2192 1329 2374 1369 eorum
2408 1324 2462 1369 et
2490 1315 2611 1369 vitae
2641 1325 2700 1370 et
2736 1320 2991 1383 moribus,
3024 1322 3302 1391 unicuique
3333 1325 3507 1379 ordini

1948 1403 2265 1459 elementum
2322 1405 2506 1459 littera:
2536 1407 2994 1474 accommodabis;
3031 1411 3157 1465 solis
3187 1412 3510 1480 spiritalibus

1949 1493 2359 1562 intelligentibus
2382 1509 2443 1549 ea
2473 1511 2589 1564 quae
2616 1496 2997 1565 signiﬁcantur.
3042 1499 3307 1569 Scriptum
3334 1515 3507 1558 autem
3520 1532 3532 1544 η

1946 1593 2062 1638 erat
2092 1585 2143 1638 in
2171 1585 2343 1639 tabula
2370 1602 2389 1639 :
2437 1587 2492 1641 Si
2526 1588 2732 1642 venerit
2774 1591 2965 1657 hospes
3001 1592 3216 1648 alterius
3247 1605 3511 1650 monaste-

1949 1674 2033 1738 rii,
2062 1676 2199 1743 quod
2231 1676 2389 1731 habet
2425 1678 2580 1731 aliam
2610 1678 2854 1743 formam,
2887 1696 3003 1735 cum
3035 1686 3112 1737 eis
3147 1700 3243 1737 nec
3267 1687 3519 1739 comedat

1880 1757 1927 1817 B
1955 1779 2051 1819 nec
2084 1766 2247 1828 bibat,
2289 1775 2343 1821 et
2387 1783 2484 1823 nec
2514 1770 2838 1837 ingrediatur
2884 1773 2934 1824 in
2982 1775 3378 1838 monasterium,
3412 1776 3510 1830 nisi

1950 1852 2109 1907 fuerit
2135 1855 2380 1910 inventus
2404 1856 2455 1910 in
2484 1857 2589 1911 via.
2619 1858 2782 1912 Porro
2813 1875 2934 1915 eum
2966 1862 3052 1929 qui
3095 1863 3256 1916 semel
3285 1864 3510 1932 ingredi-

1951 1952 2056 2007 tur,
2082 1960 2181 1998 nec
2224 1955 2396 2013 potest
2423 1961 2539 2000 cum
2571 1949 2650 2002 eis
2679 1951 2743 2002 ad
2776 1951 3058 2004 triennium
3104 1954 3367 2007 sustinere
3397 1968 3510 2008 cer-

1952 2041 2147 2098 tamen,
2181 2048 2283 2087 non
2307 2035 2583 2100 admittes;
2609 2038 2704 2090 sed
2746 2054 2864 2091 cum
2915 2055 3073 2105 opera
3122 2040 3300 2095 fecerit
3320 2042 3508 2096 difﬁci-

1950 2122 2099 2188 liora,
2135 2125 2213 2178 sic
2245 2126 2462 2193 prodeat
2508 2128 2558 2180 in
2587 2129 2810 2181 stadium
2847 2138 2963 2197 post
2993 2130 3289 2184 triennium.
3324 2133 3509 2187 Conic—

1949 2214 2135 2269 dentes
2161 2225 2334 2270 autem
2364 2217 2542 2270 velent
2588 2220 2755 2281 capita
2799 2221 3037 2285 eucullis,
3087 2237 3151 2274 ne
3206 2222 3369 2277 frater
3408 2223 3509 2276 fra-

1949 2314 2080 2359 trem
2116 2304 2291 2359 videat
2320 2306 2679 2361 maudentcm.
2709 2308 3016 2363 Comedenti
3060 2326 3162 2364 non
3194 2311 3313 2366 licet
3342 2312 3504 2382 loqui,

1946 2410 2044 2451 nec
2064 2406 2209 2450 extra
2239 2399 2492 2465 quadram
2524 2408 2577 2452 et
2622 2415 2857 2455 mensam
2906 2417 3125 2471 usquam
3176 2406 3279 2458 alio
3326 2407 3508 2460 oculos

1944 2495 2273 2540 convertere.
2305 2486 2585 2541 Constituit
2613 2498 2785 2543 autem
2811 2500 2867 2544 ut
2897 2506 2989 2559 per
3011 2501 3174 2547 totum
3198 2495 3336 2549 diem
3369 2496 3507 2552 face-

1948 2584 2066 2630 rent
2096 2575 2375 2629 duodecim
2416 2577 2699 2644 orationes,
2734 2590 2785 2635 et
2811 2596 2929 2635 cum
2961 2582 3025 2636 ad
3053 2587 3407 2653 vespertinum
3435 2591 3483 2643 tu

1946 2679 2065 2719 men
2093 2664 2206 2735 (79)
2231 2664 2493 2731 venirent,
2526 2677 2575 2722 et
2604 2668 2656 2721 in
2697 2670 2968 2724 nocturnis
2998 2674 3184 2741 vigiliis
3207 2674 3505 2746 duodecim,

1946 2764 2001 2808 et
2092 2757 2227 2813 hora
2314 2771 2456 2813 nona
2546 2766 2674 2815 tres.
2762 2760 2981 2828 Quando
3031 2772 3204 2818 autem
3239 2767 3503 2822 videretur

1945 2843 2325 2899 comedendum
2355 2861 2473 2901 esse
2519 2847 2864 2918 multitudini,
2920 2854 3193 2908 con5tituit
3242 2864 3296 2910 ut
3347 2873 3513 2912 unus»

1946 2933 2168 3004 quisque
2197 2937 2327 2989 ordo
2357 2938 2409 2990 in
2439 2953 2752 3008 unaquaque
2788 2942 3025 2997 oratione
3069 2946 3325 3012 psalmum
3358 2950 3501 3015 prius

1945 3034 2179 3078 caneret.
2210 3023 2339 3078 Cum
2379 3035 2554 3081 autem
2587 3044 2805 3097 magnus
2850 3030 3161 3087 Pachomius
3190 3046 3371 3090 contra
3412 3054 3505 3092 an-

1869 3110 1913 3173 C
1943 3114 2114 3182 gelum
2146 3115 2343 3169 diceret
2381 3131 2498 3172 esse
2538 3133 2728 3186 paucas
2750 3124 3044 3191 orationes,
3077 3126 3125 3179 ei
3177 3127 3299 3181 dicit
3342 3144 3506 3201 ange-

1945 3206 2063 3257 lus:
2098 3204 2201 3257 llas
2231 3207 2503 3272 consutui,
2538 3217 2594 3261 ut
2624 3212 2769 3277 parvi
2816 3228 3027 3282 quoque
3072 3217 3271 3284 possint
3324 3235 3505 3286 proce-

1945 3293 2071 3347 dere
2092 3294 2156 3346 ad
2186 3297 2557 3362 perficiendam
2589 3301 2841 3369 regulam,
2873 3319 2967 3358 nec
2997 3307 3073 3360 eis
3094 3307 3164 3359 sit
3184 3310 3462 3365 molestum
3488 3330 3503 3377 ς

1944 3387 2030 3456 qui
2061 3398 2238 3440 autem
2268 3398 2390 3441 sunt
2419 3388 2659 3458 perfecti,
2710 3408 2815 3447 non
2844 3410 2975 3462 opus
3024 3398 3217 3453 habent
3259 3411 3315 3454 ut
3364 3401 3507 3471 leges

1945 3480 2021 3534 eis
2051 3479 2285 3534 terantur
2307 3497 2331 3545 ;_
2370 3497 2489 3535 nam
2531 3498 2650 3537 cum
2694 3500 2787 3553 per
2815 3500 2873 3540 se
2916 3498 3036 3542 sunt
3069 3490 3118 3543 in
3149 3492 3318 3557 cellis,
3347 3503 3507 3548 totam

1946 3583 2095 3622 suam
2130 3571 2287 3623 vitam
2319 3572 3082 3643 attribuuntcontemplationi.
3117 3579 3209 3633 llis
3235 3592 3407 3637 autem
3432 3585 3507 3639 lc-

1943 3676 2061 3730 gem
2094 3663 2208 3727 tuli,
2235 3662 2325 3730 qui
2356 3672 2586 3717 mentem
2616 3667 2833 3721 minime
2871 3666 3064 3721 habent
3103 3670 3506 3740 intelligentem.

1944 3763 2002 3807 ut
2025 3754 2162 3807 sicut
2195 3754 2333 3807 servi
2363 3764 2720 3821 contumaces,
2751 3768 2891 3812 metu
2940 3760 3138 3814 domini
3186 3772 3354 3817 totum
3393 3765 3510 3819 vita:

1948 3845 2242 3899 institutum
2280 3845 2583 3916 itnplentes,
2614 3864 2801 3905 secure
2840 3860 2895 3905 et
2930 3853 3093 3906 libere
3122 3854 3334 3923 degant.
3367 3857 3502 3911 Cum

1946 3935 2061 3991 haec
2089 3936 2388 3992 ordinasset
2434 3939 2675 4008 angelus,
2719 3949 2773 3996 et
2818 3942 3091 4012 imples~et
3131 3946 3504 4013 ministerium,

1945 4029 2163 4084 recessit
2190 4044 2217 4082 a
2246 4045 2434 4098 magno
2475 4031 2777 4086 Pachomio.
2818 4033 2955 4089 Sunt
2979 4046 3151 4091 autem
3187 4040 3299 4093 lucc
3328 4056 3510 4095 mona-

1945 4118 2105 4174 steria
2140 4135 2255 4187 qure
2286 4120 2506 4174 formam
2536 4122 2670 4175 hanc
2698 4124 3061 4188 obtinuerunt,
3094 4128 3335 4184 habentia
3366 4133 3510 4185 v2ro~

1945 4222 2062 4261 rum
2094 4208 2305 4261 circiter
2335 4218 2538 4277 septem
2587 4210 2773 4265 millia.
2826 4212 2921 4268 Est
2965 4226 3137 4270 autem
3184 4217 3408 4285 primum
3458 4230 3510 4274 et

1946 4312 2192 4367 magnum
2228 4299 2629 4365 monasterium,
2684 4302 2734 4355 in
2766 4318 2870 4372 quo
2921 4304 3034 4374 ipse
3077 4308 3279 4363 habitat
3325 4310 3510 4372 beatus

1946 4385 2280 4453 Pachomius,
2314 4388 2453 4457 quod
2480 4389 2583 4443 alia
2625 4392 2824 4460 peperit
2856 4398 3194 4461 monasteria,
3227 4402 3507 4458 continens

1874 4484 2228 4544 Dnumerum
2270 4478 2482 4533 circiter
2526 4481 2672 4535 mille
2711 4484 3211 4554 quadringentorum
3245 4491 3494 4548 virorum.

2470 4590 2697 4646 CAPUT
2739 4594 2976 4651 XXXIX.

2317 4681 2434 4735 Vita
2461 4682 2652 4738 abbatis
2688 4685 2964 4756 Apht/ionii
2990 4678 3141 4759 7(80).

2020 4772 2159 4829 Inter
2174 4788 2307 4843 quos
2334 4784 2416 4830 est
2434 4775 2590 4831 etiam
2614 4794 2800 4833 servus
2823 4780 2913 4833 Dei
2930 4782 3016 4850 qui
3036 4794 3252 4838 vocatur
3267 4787 3533 4855 Aphtho-‘

1942 4871 2081 4935 nius,
2122 4874 2211 4941 qui
2243 4872 2475 4926 estmihi
2498 4887 2781 4939 germanus
2812 4889 2872 4928 ac
2897 4875 3139 4929 sincerus
3168 4879 3391 4942 amicus,
3419 4881 3508 4949 qui

1943 4975 2083 5015 nunc
2112 4961 2314 5016 obtinet
2356 4963 2646 5016 secundum
2690 4964 2860 5018 locum
2912 4966 2962 5018 in
3013 4966 3099 5019 illo
3160 4973 3508 5024 monasterio.

1945 5050 2112 5117 Quem
2145 5061 2200 5106 ut
2222 5054 2307 5120 qui
2338 5044 2406 5106 sit
2436 5063 2617 5121 potens
2648 5054 2698 5107 iu
2731 5054 2961 5121 Christo,
2994 5058 3278 5127 ﬁrmusque
3307 5074 3368 5114 ac
3397 5072 3505 5114 sla-

1945 5140 2084 5209 bilis,
2117 5156 2212 5197 nec
2236 5140 2390 5197 facile
2415 5144 2607 5198 oﬂ'eudi
2640 5147 2824 5214 possit,
2858 5147 3072 5201 mittunt
3116 5152 3179 5202 ad
3225 5164 3351 5205 suos
3384 5167 3510 5207 usus

1946 5233 2341 5299 Alexandriam,
2389 5247 2444 5289 ut
2491 5238 2678 5289 vendat
2708 5239 2917 5304 quidem
2950 5254 3130 5294 eorum
3155 5257 3334 5310 opera,
3364 5256 3507 5298 emat

1943 5331 2115 5376 autem
2152 5338 2266 5389 qttta
2298 5335 2417 5377 sunt
2438 5325 2514 5379 eis
2542 5328 2858 5381 necessaria.
2889 5327 3019 5382 Sunt
3044 5339 3219 5383 autem
3247 5332 3347 5384 alia
3369 5348 3502 5401 quo-

1942 5426 2044 5479 que
2074 5414 2392 5466 monasteria
2418 5430 2532 5481 qure
2556 5426 2800 5470 constant
2826 5435 2890 5471 cx
2912 5420 3151 5473 ducentis
3174 5432 3227 5475 et
3251 5426 3505 5477 trecentis

1943 5504 2221 5557 animabus
2274 5507 2309 5558 ⁸.
2354 5508 2524 5576 Atque
2566 5509 2617 5561 in
2661 5508 2821 5564 l’anis
2846 5511 3054 5580 quidem
3088 5513 3358 5584 ingressus
3386 5529 3501 5568 sum

1941 5593 2205 5649 civitatem
2240 5595 2377 5667 (8|),
2411 5596 2461 5650 in
2510 5613 2607 5666 qua
2640 5598 3013 5655 monasterium
3043 5612 3247 5659 constat
3274 5618 3336 5661 ex
3369 5605 3497 5661 viris

350 5687 498 5743 ‘llic
544 5693 782 5760 quadam
812 5694 863 5751 in
908 5694 1111 5763 Graeco,
1160 5711 1278 5767 qua:
1328 5697 1486 5754 habet
1534 5699 1837 5760 Heraclides
1875 5719 1992 5772 cap.
2025 5707 2103 5762 l9.
