4060 6534
568 300 709 359 1195

580 544 700 598 quae
726 538 1031 598 supersunt,
1060 528 1320 582 aediﬁcant
1341 528 1454 599 (82)
1481 531 1636 583 etiam
1664 530 1941 583 mulierum
1964 545 2143 585 mona-

586 620 763 682 steria,
805 629 860 673 et
906 618 1194 672 custodias.
1240 619 1389 672 Mane
1421 633 1545 687 ergo
1588 629 1865 685 surgentes
1894 619 1927 673 ii
1957 621 2144 688 quibus

580 728 673 765 sua
705 712 821 765 vice
852 709 950 763 hoc
982 725 1171 763 munus
1198 708 1440 776 obtingit,
1472 709 1558 761 alii
1591 708 1799 776 quidem
1840 723 1960 764 sunt
1989 724 2146 764 occu-

592 806 693 874 pati
716 807 766 859 in
790 807 984 873 culina,
1009 806 1097 859 alii
1129 820 1252 858 vero
1277 813 1552 858 versantur
1576 804 1626 856 in
1652 806 1849 858 mensis
1875 805 2141 873 parandis,

582 910 779 950 mensze
803 898 1130 964 imponentes
1160 909 1321 963 panes
1340 904 1393 948 et
1409 893 1549 947 olera
1579 895 1826 965 agrestia,
1847 894 2031 959 olivas,
2056 908 2145 947 ca-

581 1002 722 1053 seos,
753 996 806 1040 et
832 997 1096 1040 extremas
1123 985 1358 1039 carnium
1390 993 1587 1053 partes,
1612 993 1665 1037 et
1690 983 2012 1038 comminuta
2035 984 2146 1037 ole-

581 1093 659 1130 ra.
691 1079 860 1146 Atque
880 1077 1247 1144 ingrediuntur
1267 1075 1499 1144 quidem,
1530 1075 1619 1144 qui
1645 1075 1819 1129 minus
1843 1084 1966 1128 sunt
1986 1076 2145 1127 robu-

578 1170 664 1233 sti,
695 1169 821 1223 hora
851 1170 1097 1237 septima,
1128 1178 1179 1224 et
1208 1169 1513 1231 comedunt,
1546 1177 1602 1219 ut
1628 1167 1714 1235 qui
1755 1166 1861 1219 sint
1906 1166 2143 1219 imbecil-

576 1256 767 1321 liores;
800 1258 887 1310 alii
927 1272 1088 1321 nona,
1119 1256 1208 1309 alii
1248 1255 1474 1323 decima,
1506 1254 1595 1307 alii
1634 1268 1755 1307 sero
1784 1266 2024 1318 vespere,
2054 1251 2140 1303 alii

576 1358 696 1418 post
727 1349 963 1415 biduum,
996 1349 1085 1402 alii
1118 1356 1235 1417 post
1261 1347 1515 1410 triduum,
1539 1346 1625 1401 alii
1651 1356 1767 1413 post
1787 1345 2138 1413 quatriduum,

574 1439 663 1491 alii
689 1447 807 1506 post
834 1439 1065 1507 quinque
1087 1438 1221 1502 dies,
1248 1437 1381 1491 adeo
1400 1446 1457 1490 ut
1483 1435 1894 1505 unumquodque
1914 1434 2142 1488 elemen-

576 1538 684 1582 tum
712 1532 892 1582 horam
926 1529 1187 1597 propriam
1228 1526 1508 1598 signiticet.
1551 1526 1641 1581 Sic
1671 1536 1845 1579 autem
1876 1533 2028 1578 erant
2053 1538 2142 1576 eo-

573 1637 690 1674 rum
723 1635 933 1689 quoque
961 1634 1120 1690 opera
1153 1636 1168 1673 :
1201 1620 1335 1673 alius
1364 1619 1572 1688 quidem
1599 1618 1799 1671 laborat
1829 1618 1881 1669 in
1904 1631 2031 1684 agro
2052 1631 2142 1669 co-

571 1711 753 1776 lendo,
795 1711 930 1764 alius
970 1711 1022 1764 in
1048 1711 1221 1771 horto,
1254 1709 1386 1762 alius
1415 1710 1467 1763 in
1497 1708 1740 1777 pistrino,
1772 1709 1908 1760 alius
1938 1708 1988 1760 in
2018 1707 2141 1760 arris

2027 305 2346 362 PALLADII

581 439 851 493 trecentis.
908 437 1168 492 Exercent
1205 448 1384 494 autem
1435 452 1647 492 omnem
1679 447 1868 498 artcm.
1900 446 1956 493 et
1984 453 2046 494 ex
2080 440 2143 493 iis
2171 438 2224 497 A

3688 312 3810 367 HN

2832 446 3055 503 CAPUT
3093 441 3233 502 XLI.

2390 530 2466 584 De
2519 531 2724 604 Virgine
2775 534 2887 607 (86)
2929 553 3043 606 φατε
3078 536 3353 589 simulabat
3390 536 3677 591 stultitiam.

2317 619 2369 674 lu
2402 624 2501 675 hoc
2527 626 2849 680 monasterio
2871 627 2967 681 fuit
2988 628 3086 680 a'lia
3110 629 3256 696 virgo
3280 642 3398 695 quze
3426 640 3641 696 propter
3668 627 3810 681 Chri-

2244 718 2382 765 stum
2406 714 2686 767 simulabat
2716 719 2989 771 stultitiam
3013 717 3419 788 (Pelag.,fibell.
3443 735 3599 782 xvnl,
3627 738 3681 771 η.
3714 721 3811 785 19),

2245 818 2299 859 et
2372 819 2429 858 se
2503 820 2532 858 a
2609 803 2853 861 daemone
2946 811 3211 875 occupari,
3243 810 3570 876 persuadens
3594 810 3697 862 sibi
3732 826 3812 877 per

2248 890 2365 945 haec
2387 892 2636 948 virtutem
2665 898 2865 959 optime
2893 902 3170 966 exercere,
3204 915 3262 954 se
3286 902 3336 953 in
3364 917 3423 953 ea
3453 902 3712 968 prmelare
3733 916 3811 969 ge-

2244 997 2389 1051 rens,
2423 998 2584 1051 seque
2617 988 2844 1041 reddens
2866 989 3123 1057 abjectam
3154 1001 3207 1044 et
3250 992 3521 1045 humilem.
3562 992 3709 1044 Hane
3736 1009 3815 1045 us.

2242 1088 2345 1139 que
2394 1073 2528 1127 adeo
2578 1077 2794 1145 reliqure
2838 1088 2962 1131 sunt
3009 1092 3322 1147 aspernatae,
3375 1091 3432 1134 ut
3478 1098 3577 1134 nec
3610 1097 3730 1134 cum
3759 1097 3812 1135 ea

2243 1163 2453 1227 quidem
2483 1176 2848 1232 vescerentur,
2888 1168 2937 1220 id
2972 1168 3059 1222 illa
3103 1171 3396 1238 excipiente
3444 1187 3571 1226 cum
3618 1172 3811 1225 lauitizt.

2248 1252 2560 1308 Discurrens
2590 1256 2767 1325 itaque
2797 1258 2845 1309 in
2878 1260 3129 1323 culinam,
3176 1261 3459 1313 exhibebat
3503 1262 3628 1313 aliis
3668 1275 3817 1314 omne

2242 1358 2411 1410 genus
2435 1345 2808 1411 ministerium,
2830 1348 2961 1401 adeo
2992 1357 3050 1402 ut
3078 1364 3173 1402 nec
3207 1352 3385 1402 horam
3415 1352 3637 1417 quidem
3665 1366 3813 1404 unam

2245 1432 2640 1501 intermitteret,
2673 1436 2765 1489 sed
2798 1445 3047 1507 tanquam
3080 1441 3268 1495 ancilla
3298 1442 3521 1494 serviret
3557 1460 3571 1494 :
3605 1452 3817 1510 eratque

2243 1520 2357 1575 haec
2387 1523 2557 1588 beata,
2590 1534 2646 1577 ut
2671 1526 2881 1590 dicitur,
2910 1530 3129 1597 Spongia
3156 1531 3483 1594 monasterii,
3510 1546 3702 1584 revera
3726 1534 3819 1583 im-

2244 1614 2394 1681 plcns
2424 1615 2474 1668 id
2507 1615 2644 1683 quod
2694 1618 2946 1687 scripturn
2995 1630 3077 1673 est
3116 1623 3168 1675 in
3218 1622 3549 1692 Evangelia:
3584 1623 3691 1688 Qui
3716 1627 3819 1677 vult

2246 1704 2383 1758 inter
2406 1720 2498 1758 vos
2527 1721 2643 1760 esse
2667 1723 2905 1776 magnus,
2929 1710 2997 1763 sit
3023 1713 3256 1763 omnium
3280 1726 3483 1777 servus,
3507 1723 3565 1765 et
3586 1716 3817 1766 omnium

571 1803 806 1871 officina,
839 1803 971 1857 alius
1000 1804 1052 1858 iu
1096 1802 1425 1868 fabricando,
1465 1802 1601 1855 alius
1643 1802 1695 1854 in
1735 1808 1851 1854 arte
1894 1798 2127 1865 fullonia,
2170 1805 2216 1863 Β
2244 1797 2484 1849 minister
2515 1796 2727 1864 (Manu.
2762 1815 2865 1863 xx;
2902 1799 3065 1855 Marc.
3099 1802 3177 1868 ι).
3219 1802 3282 1854 Ει
3326 1818 3512 1856 rursus
3566 1803 3693 1855 alibi
3729 1804 3819 1857 :Si

571 1896 704 1951 alius
728 1897 778 1950 in
809 1896 1057 1963 parandis
1084 1897 1240 1950 coriis
1268 1896 1403 1965 (83),
1437 1896 1569 1949 alius
1600 1894 1652 1947 in
1680 1894 1997 1948 consueudis
2026 1894 2141 1947 cal-

570 1986 701 2052 ceis,
726 1986 859 2040 alius
889 1986 941 2039 iu
965 1986 1183 2054 pulchre
1204 1985 1503 2047 scribendo,
1531 1984 1664 2038 alius
1686 1984 2001 2038 conterebat
2027 1998 2139 2038 ma-

569 2092 701 2143 gnas
730 2085 960 2143 sportas,
992 2077 1126 2133 alius
1152 2077 1410 2130 canistros
1439 2085 1492 2130 et
1522 2075 1809 2143 sportulas.
1834 2074 2141 2128 Memoriter

571 2183 745 2225 autem
775 2185 961 2224 utnnes
982 2178 1298 2238 expromunt
1328 2169 1647 2237 Scripturas.

647 2261 845 2313 llorum
874 2271 956 2314 est
986 2260 1263 2313 mulzerum
1287 2274 1495 2327 quoque
1520 2259 1899 2313 monasterium
1929 2258 2140 2312 circiter

571 2351 1094 2419 quadringentarum,
1127 2351 1266 2419 quod
1299 2352 1458 2405 habet
1503 2351 1741 2405 eamdem
1774 2350 1983 2403 vivendi
2032 2350 2142 2404 for-

572 2457 711 2495 mam
739 2452 790 2496 et
819 2440 962 2495 idem
996 2441 1313 2503 institutum,
1349 2450 1540 2506 praeter
1561 2440 1747 2506 pellem
1779 2439 2013 2491 ovillam.
2072 2438 2139 2493 Et

571 2542 695 2586 sunt
722 2532 931 2599 quidem
966 2532 1214 2584 mulieres
1258 2539 1401 2583 trans
1431 2530 1645 2582 ﬂuvium
1677 2530 1880 2593 Nilum;
1913 2529 2009 2581 viri
2039 2544 2136 2581 au-

574 2636 679 2678 tem
703 2638 765 2677 ex
796 2622 1020 2676 adverso
1054 2637 1256 2675 earum.
1290 2621 1348 2675 Si
1380 2621 1525 2689 virgo
1553 2628 1726 2674 autem
1758 2618 1966 2683 obierit,
2013 2620 2136 2672 reli-

570 2732 689 2786 qua:
707 2718 935 2785 virgines
965 2730 1083 2770 cum
1102 2730 1216 2769 eam
1244 2715 1304 2767 ad
1328 2715 1651 2782 sepulturam
1675 2714 2133 2777 concinnaverint,

570 2806 812 2865 eﬂ'erunt.
848 2816 903 2860 et
926 2821 1041 2860 eam
1066 2815 1268 2874 ponunt
1299 2807 1363 2858 ad
1394 2806 1561 2874 ripam
1594 2806 1757 2860 ﬂuvii.
1790 2805 2136 2873 Trajicientes

568 2905 743 2950 autem
777 2895 967 2949 fratres
987 2911 1107 2949 cum
1141 2895 1327 2962 palmis
1353 2906 1406 2949 et
1434 2896 1594 2950 ramis
1624 2895 1775 2948 οίὶιιε
1819 2905 1871 2949 et
1908 2896 2137 2962 psalmo-

568 2987 675 3051 dia,
727 3001 845 3039 eam
877 2987 1257 3049 transmittunt,
1291 2996 1343 3039 et
1369 2987 1419 3040 in
1464 2987 1574 3040 suis
1611 2988 1944 3040 inanimentis
1985 3002 2136 3053 sepe-

570 3078 723 3131 liuut.
759 3077 959 3130 Praeter
983 3078 1345 3147 presbyterum
1368 3087 1541 3131 autem
1565 3088 1614 3131 et
1642 3077 1920 3129 diaconum
1962 3077 2134 3131 nullus

572 3167 765 3220 transit
791 3166 855 3219 ad
887 3166 1262 3219 monasterium
1296 3165 1630 3229 feminarum,
1664 3165 1817 3233 idque
1844 3165 1928 3219 die
1957 3166 2133 3219 Domi-
2161 3182 2205 3241 ρ

565 3259 705 3312 nico-

1164 3350 1384 3405 CAPUT
1425 3350 1529 3403 XL.

567 3460 643 3515 De
694 3459 902 3532 Virgine
958 3460 1094 3534 (81),
1138 3462 1200 3517 de
1243 3480 1341 3543 qua
1384 3463 1558 3543 fuerat
1604 3463 1794 3516 dictum
1838 3465 2022 3532 falsum
2067 3474 2138 3519 le-

1194 3543 1503 3588 stuuomum.

636 3647 691 3701 In
722 3646 824 3700 hoc
853 3647 1177 3700 monasterio
1211 3647 1522 3699 feminarum
1558 3646 1668 3699 haec
1691 3661 1774 3699 rcs
1801 3644 2011 3699 accidit.
2036 3646 2137 3699 Su-

560 3749 643 3794 tor
670 3738 942 3793 szecularis
964 3753 1083 3793 cum
1115 3738 1413 3806 trajecisset
1452 3754 1542 3806 per
1574 3738 1946 3807 ignorantiam,
1988 3752 2134 3805 qum-

560 3829 711 3884 rebat
730 3843 863 3897 opus
894 3844 909 3882 :
941 3842 1153 3897 egressa
1185 3838 1361 3881 autem
1393 3843 1495 3880 una
1521 3826 1698 3895 juniur
1723 3842 1879 3895 quam
1900 3828 2014 3893 ejus
2043 3841 2136 3894 po-

558 3921 781 3976 stularet
807 3921 941 3975 ratio
973 3920 1075 3991 (est
1116 3919 1258 3974 enim
1307 3919 1455 3972 locus
1501 3918 1763 3987 desertus)
1810 3917 1971 3970 invita
2012 3932 2133 3971 eum

558 4014 827 4077 convenit,
870 4014 1120 4081 deditque
1149 4012 1197 4066 ei
1223 4026 1535 4079 responsum
1570 4028 1582 4064 :
1613 4010 1716 4063 Nos
1739 4010 2002 4063 habemus
2033 4024 2133 4062 no-

557 4114 698 4159 stros
718 4114 949 4159 sutores.
972 4104 1085 4158 Alia
1108 4113 1281 4156 autem
1298 4117 1413 4171 qum
1432 4101 1547 4169 t-jus
1570 4100 2132 4167 videratcolloquium,

557 4210 677 4249 cum
711 4211 963 4261 processu
996 4195 1252 4264 temporis
1294 4193 1434 4247 inter
1469 4208 1559 4247 cas
1592 4204 1776 4246 exorta
1817 4201 1959 4245 esset
2005 4206 2131 4244 con-

558 4286 749 4349 tentio,
772 4302 838 4339 ex
868 4286 1071 4339 diaboli
1100 4288 1458 4353 suggesuone,
1483 4300 1590 4352 prte
1618 4299 1820 4337 summa
1853 4282 2050 4336 malitia
2079 4291 2133 4336 et

558 4376 721 4429 animi
755 4375 1195 4429 excandescentia
1225 4389 1341 4428 eam
1368 4373 1686 4427 ealumniata
1723 4382 1808 4427 est
1842 4372 1977 4438 apud
2023 4372 2129 4423 fra-

556 4465 864 4520 ternitatem
893 4473 1111 4532 propter
1138 4464 1189 4516 id
1215 4462 1557 4531 colloquium.
1602 4462 1734 4515 Cum
1777 4477 1878 4529 qua
1908 4476 2131 4515 concur-

2247 1890 2363 1955 quis
2382 1888 2591 1941 videtur
2620 1904 2737 1944 esse
2766 1890 2901 1945 inter
2929 1908 3021 1945 vos
3048 1894 3261 1962 sapiens
3287 1895 3340 1947 in
3370 1894 3469 1948 hoc
3498 1895 3725 1961 sazculo,
3758 1897 3820 1950 sit

2243 1981 2435 2033 stultus
2467 1990 2521 2033 ut
2549 1982 2637 2034 liat
2667 1983 2878 2051 sapiens
2906 1984 2954 2054 (Ι
2982 1983 3101 2040 Cor.
3132 1986 3234 2055 ιιι).
3258 1991 3431 2056 Atque
3457 1989 3693 2042 aliarum
3717 1991 3819 2057 qui-

2244 2073 2361 2126 dem
2386 2072 2643 2141 virginum
2663 2085 2779 2128 erat
2806 2076 3065 2143 ejusmodi
3092 2078 3317 2143 habitus,
3352 2090 3410 2134 ut
3430 2093 3619 2134 eSSent
3642 2090 3819 2145 tonse,

2242 2172 2293 2216 et
2319 2162 2575 2217 haberent
2602 2166 2834 2219 cucullos
2862 2166 2913 2218 in
2941 2167 3145 2235 capite;
3174 2170 3281 2236 ipsa
3306 2186 3434 2223 vero
3458 2185 3644 2238 panno
3672 2184 3819 2239 caput

2243 2254 2491 2308 obvoluta
2522 2255 2699 2308 obibat
2742 2272 2922 2310 earum
2972 2259 3208 2313 omnium
3265 2262 3653 2315 ministerium.
3703 2265 3818 2316 Eant

2242 2345 2385 2397 nulla
2415 2359 2477 2399 ex
2503 2346 2898 2416 quadringentis
2930 2347 3057 2402 vidit
3081 2350 3417 2404 mandentem
3441 2357 3700 2406 omnibus
3722 2368 3811 2405 an-

2243 2434 2324 2487 nis
2346 2436 2465 2489 vitte
2490 2450 2618 2490 suae.
2643 2437 2695 2489 ln
2721 2453 2899 2491 mensa
2930 2455 3192 2508 nunquam
3210 2442 3366 2507 sedit,
3396 2458 3577 2513 neque
3594 2460 3817 2513 unquam

2242 2526 2591 2595 fragmentum
2643 2530 2793 2598 panis
2842 2532 3093 2598 comedit,
3152 2534 3244 2588 sed
3295 2535 3463 2589 micas
3513 2551 3818 2589 mensarum

2241 2620 2457 2687 spongia
2488 2621 2764 2689 colligens,
2799 2630 2852 2675 et
2874 2622 3004 2677 ollas
3033 2624 3231 2688 lavans,
3267 2626 3347 2678 his
3385 2636 3503 2679 erat
3545 2637 3812 2681 contenta.

2240 2712 2420 2780 Neque
2444 2728 2569 2767 vero
2594 2729 2654 2767 ea
2681 2730 2908 2783 unquam
2932 2716 3102 2769 induit
3125 2716 3352 2781 calceos,
3384 2732 3562 2785 neque
3592 2719 3815 2787 aliquem

2240 2806 2412 2858 aliecit
2444 2806 2781 2869 contumelia,
2815 2821 2917 2859 non
2949 2808 3320 2874 muruiuravit,
3354 2824 3459 2860 non
3494 2824 3723 2876 parvmn
3744 2811 3818 2862 rei

2241 2912 2484 2966 maguum
2515 2897 2638 2964 quid
2662 2907 2743 2950 est
2772 2895 2964 2961 locuta,
3009 2897 3108 2951 etsi
3146 2898 3467 2951 contumelia
3493 2897 3815 2961 afﬁceretur,

2239 3000 2289 3041 et
2324 2992 2509 3057 pugnis
2537 2988 2866 3054 tunderetur,
2916 2997 2969 3043 et
3014 2988 3311 3043 maledictis
3368 3000 3741 3059 appeteretur,
3770 3004 3818 3044 et

2241 3080 2448 3149 plurimi
2470 3094 2584 3135 eam
2602 3080 3057 3134 abominarentur.

2816 3191 3039 3247 CAPUT
3080 3192 3229 3247 XLII.

2742 3284 2817 3339 De
2859 3294 3033 3340 sancta
3079 3284 3321 3339 Pitirum.

2316 3379 2387 3431 De
2419 3380 2515 3431 hac
2543 3388 2746 3445 sancta,
2772 3390 2957 3433 sancto
2987 3379 3208 3433 Pitirum
3234 3380 3606 3443 anachoretze,
3628 3378 3721 3445 qui
3742 3394 3819 3431 se-

2241 3469 2395 3521 debat
2422 3468 2472 3522 in
2499 3469 2829 3539 Porphyrite,
2852 3471 2967 3522 viro
2989 3469 3359 3537 probatissimo
3377 3469 3430 3521 in
3450 3470 3655 3522 virtute
3675 3484 3819 3522 exer-

2240 3559 2523 3626 citationis,
2553 3560 2719 3613 astitit
2737 3560 2977 3614 revelaus
3001 3562 3217 3627 angelus
3235 3559 3473 3629 (Pelag.,
3492 3560 3662 3613 libell.
3683 3575 3817 3621 mn,

2241 3669 2379 3704 nam.
2416 3653 2502 3715 19,
2534 3652 2617 3704 ubi
2638 3652 2824 3704 dicitur
2851 3648 3159 3720 Pyaterius),
3188 3651 3275 3718 qui
3304 3652 3350 3703 ei
3382 3650 3519 3703 dixit
3544 3666 3561 3703 :
3597 3649 3708 3701 Cur
3734 3652 3816 3699 tibi

2240 3746 2441 3811 places,
2474 3752 2529 3796 et
2569 3752 2620 3796 te
2650 3742 2925 3809 magniﬁce
2969 3741 3331 3809 circumspicis
3354 3740 3422 3793 ob
3453 3756 3514 3794 ea
3567 3757 3689 3809 qua:
3719 3756 3747 3792 a
3775 3750 3819 3792 te

2240 3845 2384 3889 recte
2430 3843 2484 3889 et
2507 3848 2572 3887 ex
2602 3835 2796 3886 virtute
2827 3843 3078 3900 geruntur
3102 3872 3116 3894 ,
3149 3842 3205 3885 ut
3235 3832 3321 3899 qui
3354 3833 3429 3885 sis
3460 3832 3581 3898 pius
3622 3842 3678 3884 et
3705 3828 3819 3883 reli-

2238 3927 2439 3994 giosus,
2466 3935 2519 3978 et
2539 3924 2723 3978 sedeas
2756 3924 2808 3976 in
2839 3925 2937 3977 hoc
2966 3924 3117 3991 loco?
3142 3923 3225 3976 Vis
3249 3922 3433 3975 videre
3466 3922 3747 3974 mulierem
3772 3932 3817 3972 te

2239 3997 2409 4085 magis
2434 4014 2572 4083 piam
2596 4028 2656 4068 ac
2682 4014 3022 4083 religiosam?
3053 4013 3150 4066 Abi
3177 4014 3227 4065 in
3253 4014 3646 4065 monasterium
3673 4011 3814 4063 femi-

2239 4120 2424 4159 narum
2456 4106 2987 4172 Tabennesiotarum,
3030 4112 3085 4157 et
3114 4104 3349 4157 invenies
3378 4104 3490 4156 illic
3516 4118 3683 4155 unam
3708 4114 3819 4169 qua

2240 4199 2399 4252 habet
2428 4197 2795 4252 redimiculum
2832 4195 2945 4266 (87)
2978 4197 3027 4249 in
3058 4196 3228 4263 capite
3255 4211 3269 4257 ;
3303 4208 3365 4247 ea
3392 4202 3477 4247 est
3506 4204 3559 4245 te
3588 4193 3773 4245 melior
3799 4204 3814 4242 :

2238 4306 2355 4358 quae
2385 4306 2504 4343 eum
2537 4300 2679 4345 tanta
2709 4288 2858 4342 turba
2881 4289 3181 4347 decertans,
3222 4295 3278 4339 et
3302 4286 3558 4338 omnibus
3584 4282 3817 4337 indiscri-

2238 4380 2474 4433 minalim
2509 4381 2765 4444 serviens,
2799 4393 2893 4433 cor
2925 4392 3192 4446 nunquam
3236 4375 3456 4429 abduxit
3485 4390 3513 4426 a
3560 4374 3696 4437 Deo,
3726 4371 3817 4425 etsi

2236 4473 2302 4525 ab
2333 4473 2580 4525 omnibus
2601 4473 2827 4540 superbe
2856 4478 3243 4524 contemnatur.
3275 4465 3353 4518 Tu
3380 4475 3565 4518 autem
3615 4462 3815 4517 etiamsi

555 4565 741 4611 rerunt
772 4571 972 4624 paucae,
1004 4570 1122 4624 qua:
1160 4570 1266 4608 non
1309 4555 1443 4607 adeo
1478 4569 1661 4621 magna
1692 4554 1999 4608 ferebantur
2029 4569 2134 4606 ma-
2165 4543 2209 4599 D
2239 4562 2323 4615 hic
2351 4562 2560 4624 sedeas,
2589 4576 2685 4628 per
2710 4562 2874 4614 urbes
2897 4571 3073 4614 tamen
3115 4559 3322 4625 vagaris
3357 4559 3707 4626 cogitatione,
3734 4558 3813 4623 qui

552 4647 688 4702 litia.
709 4647 802 4700 Illa
818 4656 996 4701 autem
1013 4646 1197 4699 dolore
1217 4646 1474 4707 confecta,
1498 4653 1555 4698 ut
1570 4661 1686 4719 qua:
1705 4646 1861 4699 talem
1879 4645 2129 4700 subiisset

554 4739 900 4804 calumniam,
924 4753 1043 4807 quae
1068 4754 1134 4792 ne
1157 4739 1206 4791 in
1235 4738 1349 4805 ejus
1379 4737 1592 4805 quidem
1625 4747 1854 4792 mentem
1882 4752 2120 4807 venerat,

551 4846 652 4887 nec
676 4846 789 4887 rem
819 4832 1077 4898 potuisset
1108 4831 1358 4895 tolerare,
1389 4844 1448 4884 se
1476 4830 1610 4884 clam
1649 4830 1777 4896 jecit
1805 4832 1856 4883 in
1890 4830 2123 4901 ﬂuvium,

552 4923 712 4978 et'sie
744 4923 894 4978 obiit.
939 4921 1068 4976 Cum
1112 4935 1288 4977 autem
1337 4922 1387 4976 id
1432 4925 1684 4977 sensisset
1722 4939 1784 4977 ea
1815 4940 1931 4991 qua:
1959 4925 2123 4991 ipsam

551 5014 1086 5079 fueratcalumniata,
1119 5025 1172 5070 et
1194 5015 1413 5071 vidisset
1441 5033 1497 5070 se
1529 5018 1792 5071 malitiose
1821 5032 1936 5071 eam
1967 5017 2129 5071 fuisse

551 5107 953 5171 calumniatam,
985 5115 1039 5160 et
1065 5106 1165 5160 hoc
1191 5108 1363 5159 scelus
1390 5106 1502 5176 (85)
1534 5122 1563 5161 a
1588 5122 1644 5160 se
1666 5109 2033 5168 commissum.
2078 5116 2129 5161 et

554 5195 669 5263 ipsa
691 5211 901 5265 quoque
921 5212 979 5250 se
1009 5196 1143 5250 clam
1173 5197 1469 5259 suffocavit,
1495 5214 1614 5251 cum
1639 5196 1830 5251 factum
1856 5213 1996 5267 :egre
2024 5198 2127 5251 fer—

551 5296 657 5341 ret.
688 5288 818 5341 Cum
850 5297 1023 5342 autem
1055 5288 1287 5342 venisset
1317 5288 1613 5357 presbyter,
1660 5289 1873 5357 reliqua:
1902 5289 2129 5357 virgines

550 5382 601 5435 ei
625 5396 738 5436 rem
760 5382 1202 5456 renuntiaverunt
1234 5380 1421 5448 :jussit
1443 5382 1615 5451 itaque
1644 5396 1736 5449 pro
1772 5382 1912 5434 nulla
1944 5382 2127 5434 harum

555 5472 669 5526 ﬁeri
706 5473 1054 5532 oblationem.
1102 5473 1351 5543 Reliquas
1380 5484 1557 5528 autem
1590 5484 1834 5542 tanquam
1868 5474 2128 5536 conscias,

552 5574 751 5626 etqaa:
797 5565 1210 5619 calumniantem
1256 5579 1360 5619 non
1408 5572 1865 5632 compescuerant,
1914 5572 1969 5619 et
2014 5579 2131 5631 qua:

554 5652 695 5707 dicta
724 5665 847 5708 sunt
889 5656 1243 5723 crediderant,
1294 5658 1625 5725 scptenuium
1674 5655 1993 5725 segregavit,
2039 5671 2130 5710 eas

554 5747 1042 5812 excouununicmts.

2237 4652 2420 4705 orbem
2441 4650 2782 4704 habitabilem
2799 4665 3065 4715 nunquam
3084 4648 3294 4702 calcasti
3320 4648 3570 4713 pedibus.
3585 4648 3814 4711 ευθέως

2236 4748 2411 4793 autem
2441 4756 2658 4810 magnus
2686 4738 2925 4806 Pitirum,
2958 4740 3097 4793 venit
3125 4754 3290 4805 usque
3314 4737 3380 4790 ad
3421 4736 3807 4789 rnnuastezium

2234 4832 2764 4895 Tabennesiotarum,
2791 4839 2844 4884 et
2865 4840 3014 4900 rogat
3035 4830 3312 4897 magistros
3336 4836 3393 4880 ut
3412 4828 3573 4880 liceat
3603 4828 3654 4878 ci
3678 4834 3812 4878 trano

2235 4923 2339 4978 sire
2370 4938 2537 4990 usque
2565 4921 2629 4976 ad
2666 4924 3042 4976 monasterium
3077 4920 3426 4982 feminarum;
3482 4929 3539 4970 ut
3568 4918 3814 4986 quiesset

2234 5029 2361 5084 ergo
2407 5012 2544 5066 inter
2590 5012 2772 5065 Patres
2813 5026 3014 5080 magna:
3065 5008 3495 5069 exisdmatiouis,
3544 5018 3603 5060 et
3635 5021 3811 5060 censeo

2236 5107 2437 5158 nuisset
2464 5106 2514 5157 in
2532 5102 2932 5161 exercitatione,
2966 5101 3105 5154 bono
3135 5115 3196 5152 ae
3225 5099 3405 5153 fidenti
3434 5100 3622 5151 animo
3639 5108 3808 5151 trans-

2237 5197 2399 5249 misso
2415 5197 2570 5249 ﬂuvio
2592 5209 2711 5249 eum
2735 5192 3157 5246 introduxerunt.
3187 5188 3315 5242 Cum
3343 5197 3520 5241 autem
3552 5196 3811 5246 orassent,

2238 5286 2385 5354 petiit
2414 5301 2634 5353 magnus
2680 5267 2900 5337 Pitiruui
2930 5291 2988 5334 ut
3017 5281 3245 5349 virgines
3285 5293 3474 5332 omnes
3514 5292 3702 5331 coram
3751 5290 3807 5328 ex

2237 5378 2371 5431 facie
2398 5377 2623 5430 videret.
2671 5374 2801 5428 Cum
2828 5388 3015 5427 omnes
3045 5387 3171 5440 ergo
3199 5373 3249 5425 iu
3279 5372 3512 5425 medium
3555 5367 3813 5423 accessis~

2237 5476 2375 5532 sent,
2409 5468 2493 5519 illa
2524 5482 2626 5519 non
2652 5464 2915 5533 apparuit.
2948 5464 3181 5517 Tandem
3204 5463 3335 5516 dicit
3372 5463 3451 5516 eis
3491 5471 3715 5514 sanctus
3737 5458 3813 5511 Pi-

2240 5561 2395 5613 tirum
2418 5558 2674 5612 :Cnnctas
2695 5557 2758 5609 ad
2781 5572 2864 5609 me
2895 5554 3159 5609 adducite.
3181 5552 3313 5608 Cum
3330 5562 3509 5607 autem
3535 5552 3809 5605 dicereut:

2236 5649 2505 5703 Adsumus
2531 5662 2733 5709 omnes,
2757 5645 2884 5699 dicit
2914 5644 2991 5698 eis
3024 5663 3035 5696 :
3066 5644 3227 5699 Deest
3252 5658 3355 5697 una
3393 5658 3554 5712 quam
3586 5640 3812 5695 ostendit

2237 5741 2362 5796 mihi
2394 5738 2633 5807 angelus.
2669 5738 2758 5791 Eae
2787 5751 2913 5792 vero
2943 5736 3122 5790 dicunt
3156 5753 3165 5785 :
3224 5734 3395 5791 Unam
3427 5735 3693 5789 habemus
3719 5730 3809 5785 Sa-

2385 5922 2409 5947 Ο
