4096 6500
254 298 393 363 1105

1468 289 1835 354 HISTORIA
1869 287 2260 356 LAUSIACA.

3366 299 3508 366 1106

247 412 472 481 λαρίους
502 408 732 472 δώδεκα,
759 405 989 474 κναφειῖς
1015 403 1331 458 δεκαπέντε.
1371 401 1728 472 Ἐργάζονται
1753 398 1812 450 δὲ
1841 398 1889 458 Α
1917 398 2124 452 τούτων
2161 403 2404 472 μηδεμιᾷ
2456 403 2772 478 προσφορὰν
2829 407 3268 478 ἐπιτελεσθῆναι.
3312 409 3423 474 Τὰς
3449 410 3510 464 δὲ

239 499 425 549 πᾶσαν
461 493 683 561 τέχνην,
713 491 778 543 ἐκ
807 489 913 542 τῶν
940 486 1394 556 περισσευμάτων
1417 484 1826 554 οἰκονομοῦντες

241 580 338 631 καὶ
403 576 475 630 τὰ
522 575 634 628 τῶν
680 573 960 644 γυναικῶν
1013 573 1370 641 μοναστήρια.
1412 571 1507 622 καὶ
1559 569 1825 637 φυλακάς.

239 663 519 732 Τρέφουσι
571 659 628 712 δὲ
678 659 772 711 καὶ¹
835 657 1076 728 χοίρους.
1135 655 1302 726 Ἐμοῦ
1353 655 1411 708 δὲ
1452 655 1714 725 ψέγοντος
1769 654 1830 708 τὸ

240 747 502 814 πρᾶγμα,
535 741 758 810 λέγουσί
791 759 903 812 μοι’
947 741 1033 794 Ἐν
1064 743 1130 811 τῇ
1162 741 1456 812 παραδόσει
1484 741 1829 812 παρειλήφα-

238 847 362 897 μεν,
390 831 474 881 ὅτι
507 827 908 899 Τρεφέσθωσαν
941 827 1038 897 μὲν
1066 827 1153 879 διὰ
1174 827 1244 878 τὰ
1271 825 1622 896 σινιάσματα,
1647 825 1735 879 διὰ
1762 825 1832 878 τὰ

234 913 739 984 ἀποκαθαρίσματα
772 914 883 965 τῶν
925 913 1195 984 λαχάνων,
1253 913 1344 966 διὰ
1392 913 1460 967 τὰ
1520 911 1828 982 ῥιπτόμενα

235 999 331 1066 ἀφ’
357 998 593 1051 ἑκάστου
626 997 1044 1068 περιττώματα,
1087 999 1176 1050 ἵνα
1207 996 1280 1066 μὴ
1328 996 1681 1068 ζημιοῦνται.
1713 994 1829 1048 Καὶ

236 1081 562 1134 θυέσθωσαν
615 1082 664 1133 οἱ
693 1083 890 1151 χοῖροι,
939 1083 1033 1135 καὶ¹
1063 1083 1124 1135 τὸ
1163 1081 1332 1152 κρέας
1387 1082 1483 1152 μὲν
1518 1079 1830 1150 πιπρασκέ-

239 1166 380 1230 σθω,
403 1166 472 1218 τὰ
497 1165 552 1218 δὲ
587 1165 732 1236 ἄκρα
758 1167 871 1226 τοῖς
896 1166 1143 1219 νοσοῦσιν
1165 1167 1391 1230 καὶτοῖς
1419 1167 1674 1238 γέρουσιν
1698 1167 1831 1219 ἀνα-

237 1249 647 1315 λισκέσθωσαν,
679 1249 757 1318 τῷ
795 1247 934 1305 εἶναι
984 1253 1211 1324 μετρίαν
1240 1253 1339 1322 τὴν
1378 1253 1561 1323 χώραν
1599 1252 1694 1306 καὶ
1735 1269 1833 1305 πο-

236 1333 624 1403 λυάνθρωπον.
686 1332 760 1387 Τὸ
810 1334 918 1405 γὰρ
958 1337 1109 1399 ἔθνος
1147 1337 1257 1390 τῶν
1303 1337 1608 1406 Βλεμμύων
1649 1336 1833 1400 αὑτοῖς

241 1418 527 1486 παροικεῖ.
569 1418 929 1483 Ἀναστάντες
947 1415 1040 1474 οὖν
1062 1422 1110 1472 οἱ
1139 1420 1572 1490 ἑφημερεύοντες
1600 1419 1828 1490 δρθριοι·

239 1499 292 1551 οἱ
330 1498 433 1568 μὲν
469 1500 599 1570 περὶ
633 1500 695 1553 τὸ
729 1505 1047 1576 μαγειρεῖον
1098 1488 1454 1572 ἀσχολοῦ-νταί
1476 1519 1489 1532 ·
1523 1504 1572 1555 οἱ
1604 1501 1661 1554 δὲ
1701 1488 1828 1573 περὶ

239 1582 341 1644 τὰς
370 1582 652 1652 τραπέζας
694 1585 956 1652 γίνονται.
1019 1586 1256 1640 Ίστῶσιν
1305 1586 1396 1640 οῦν
1445 1586 1616 1649 αὑτὰς
1671 1585 1830 1655 μέχρι

240 1665 438 1735 τρίτης
469 1665 618 1734 ὥρας
643 1668 1082 1741 ἀπαρτήσαντες,
1137 1672 1418 1733 ἐπιθέντες
1451 1671 1596 1724 κατὰ
1628 1669 1833 1738 τράπε-

1929 481 2119 547 λοιπὰς
2147 485 2221 550 ώς
2263 494 2568 550 συνειδυίας
2602 491 2697 542 καὶ
2749 488 2823 561 μὴ
2857 491 3252 561 εἰρηνευσάσας
3281 491 3381 562 τὴν
3413 510 3509 546 συ-

1928 583 2308 637 κοφαντωσαν,
2339 576 2475 627 ἀλλὰ
2510 575 2708 643 μᾶλλον
2739 576 3107 640 πιστευσάσας
3128 576 3198 630 τὰ
3219 578 3506 648 εἰρημένα,

1930 651 2225 709 ἑπταετίαν
2254 659 2530 730 ἀφώρισεν
2562 661 2960 730 ἀκοινωνήτους
2991 662 3245 732 ποιήσας.

2517 745 2767 798 ΚΕΦΑΛ.
2801 746 2938 799 ΜΑ’.

2196 828 2335 896 Περὶ
2363 829 2473 896 τῆς
2495 827 2970 896 ὑποκρινομένης
2989 828 3238 896 μωρίαν.

2014 909 2101 960 Ἐν
2129 910 2304 979 τούτῳ
2335 911 2414 981 τῷ
2457 911 2802 981 μοναστηρίῳ
2853 911 3122 981 παρθένος
3178 927 3263 973 τις
3314 905 3384 982 ἦν
3411 910 3510 981 μία

1944 990 2186 1064 ἰσιδώρα
2210 995 2543 1064 καλουμένη,
2574 995 2663 1048 διὰ
2712 997 2802 1047 τὸν
2837 994 3070 1064 Χριστὸν
3105 995 3511 1065 ὑποκρινομένη

1935 1074 2146 1144 μωρίαν
2171 1077 2266 1129 καὶ
2297 1077 2578 1148 δαιμονᾷν,
2624 1077 2938 1148 προθεμένη
2972 1076 3039 1130 δι’
3074 1077 3256 1129 αὑτῶν
3316 1095 3509 1149 κατορ-

1932 1155 2107 1210 θῶσαι
2135 1161 2234 1231 τὴν
2265 1159 2484 1230 ἀρετὴν,
2526 1163 2603 1222 εἰς
2625 1160 2802 1230 ἄκρον
2837 1161 3036 1229 ἑαυτὴν
3061 1158 3392 1212 ταπεινοῦσα
3421 1162 3513 1214 κα)⁸

1931 1242 2409 1307 κατευτελίζουσα.
2459 1242 2676 1313 Ταύτην
2717 1243 2809 1294 ἐπὶ
2858 1237 3112 1294 τοσοῦτον
3162 1241 3514 1308 ἐϐδελύξαντο

1931 1322 1987 1374 αἱ
2020 1322 2226 1389 λοιπαὶ,
2261 1325 2403 1378 ὥστε
2460 1325 2595 1397 μηδὲ
2639 1324 2943 1378 συνεσθίειν
2997 1325 3171 1393 αὑτῇ,
3207 1325 3303 1376 καὶ
3353 1326 3513 1380 τοῦτο

1933 1404 2148 1476 ἐκείνης
2185 1409 2324 1478 μετὰ
2370 1411 2546 1479 χαρᾶς
2589 1407 3056 1477 καταδεξαμένης.
3102 1407 3380 1478 Ἀλωμένη
3419 1407 3513 1462 οῦν

1934 1490 2064 1558 περὶ
2091 1490 2152 1542 τὸ
2173 1547 2185 1559 ⁸
2207 1496 2524 1561 μαγειρεῐον
2556 1491 2739 1560 ἐκείνη
2783 1492 2965 1542 πᾶσαν
3007 1492 3182 1542 ἐποίει
3213 1492 3514 1561 ὑπηρεσίαν

1935 1573 2134 1638 πάσαις
2182 1577 2392 1640 αὑταῖς,
2451 1575 2526 1637 ώς
2582 1575 2742 1646 δούλη
2807 1573 3156 1626 ὑπακούουσα
3203 1577 3282 1638 είς
3333 1577 3514 1628 πᾶσαν

1936 1656 2205 1730 ὑπακοήν.
2237 1661 2345 1710 Καὶ
2374 1655 2440 1728 ἦν
2468 1657 2612 1727 αὕτη
2715 1660 3010 1727 μακαρίτις
3066 1658 3145 1727 (τὸ
3184 1657 3248 1728 δή
3286 1657 3516 1728 λεγόμε-

241 1747 344 1812 ζαν
371 1749 597 1818 ἄρτους,
627 1749 896 1819 λαψάνας,
928 1752 1191 1816 συνθετὰς
1221 1753 1434 1817 ἐλαίας,
1475 1754 1636 1823 τυρὸν
1672 1751 1832 1822 βοῶν,
1864 1761 1907 1817 Β
1935 1745 2044 1810 νον)
2085 1743 2325 1811 σπόγγος
2354 1745 2454 1812 τῆς
2480 1787 2483 1790 -
2510 1743 2773 1805 συνοδίαςο
2807 1742 2952 1812 ἔργῳ
2991 1742 3272 1812 πληροῦσα
3325 1743 3388 1795 τὸ
3417 1760 3515 1811 γε-

237 1831 310 1884 τὰ
341 1831 490 1902 ἄκρα
512 1833 622 1887 τῶν
662 1835 860 1905 κρεῶν,
891 1837 982 1888 καὶ
1009 1836 1402 1906 λεπτολάχανα,
1455 1837 1609 1890 Εἰσὶν
1647 1833 1740 1890 οῦν
1779 1835 1829 1888 οἱ

238 1915 618 1986 εἰσερχόμενοι
649 1916 826 1970 ἄτονοι
862 1917 1029 1988 ἕκτην
1068 1920 1239 1988 ὥραν,
1289 1921 1385 1973 καὶ
1437 1919 1828 1988 ἐσθίοντεςηΟί

238 1985 534 2052 ἀσθενέστε
546 2017 626 2068 ροι
647 2002 758 2054 είσέ
768 1985 1153 2073 ρχονταινώραν
1173 2003 1290 2056 ἑὸδό
1300 2021 1427 2073 μην,
1445 2003 1592 2058 ἄλλοι
1612 1985 1827 2073 ὀγδόην,

239 2081 397 2137 ἄλλοι
438 2083 685 2154 ἐννάτην,
747 2085 926 2154 ἕτεροι
956 2087 1220 2156 δεκάτην,
1269 2087 1418 2141 ἄλλοι
1457 2087 1696 2156 ἑσπέραν
1731 2086 1831 2156 βα-

245 2166 428 2220 θεῖαν.
468 2166 653 2220 Ἀλλοι
675 2169 764 2221 διὰ
796 2168 889 2222 δύο
913 2186 926 2200 ·
977 2168 1152 2240 ἕτεροι
1207 2170 1294 2223 διὰ
1337 2171 1503 2242 τριῶν
1527 2187 1542 2203 ο
1571 2170 1719 2223 ἄλλοι
1743 2171 1831 2225 διὰ

240 2251 442 2302 πέντε*
476 2250 554 2312 ὡς
581 2248 812 2305 ἑκαστον
850 2258 1110 2324 στοιχεῖον
1134 2254 1234 2324 τὴν
1265 2254 1400 2308 ἰδίαν
1451 2254 1602 2324 ὥραν
1631 2253 1831 2323 γνωρί-

239 2332 353 2397 ζει.
381 2331 568 2398 Οὕτως
602 2329 671 2406 ἦν
705 2336 881 2389 αὐτῶν
911 2339 1004 2390 καὶ
1041 2337 1111 2390 τὰ
1139 2338 1297 2408 ἔργα.
1367 2339 1425 2392 '0
1469 2340 1567 2408 μὲν
1603 2338 1830 2407 ἐργάζε-

239 2431 336 2469 ται
398 2417 504 2486 γῆν
557 2419 856 2486 γεωργῶν,
907 2421 1066 2484 ἄλλος
1112 2423 1309 2491 κῆπον,
1359 2423 1518 2487 ἄλλος
1555 2423 1827 2492 χαλκεῖον,

239 2503 407 2564 ἄλλος
431 2503 810 2572 ἀρτοκοπεῖον,
831 2504 988 2569 ἄλλος
1016 2509 1336 2569 τεκτονεῖον,
1363 2507 1522 2570 ἄλλος
1547 2507 1827 2576 γναφεῖον,

240 2584 406 2648 ἄλλος
435 2585 704 2658 βυρσεῖον,
723 2588 882 2653 ἄλλος
906 2590 1122 2644 πλέκων
1151 2590 1412 2661 σπυρίδας
1434 2591 1533 2654 τὰς
1564 2594 1826 2662 μεγάλας,

240 2669 409 2732 ἄλλος
441 2671 511 2724 τὰ
561 2671 830 2743 λεγόμενα
860 2674 1126 2746 μαλάκια,
1160 2676 1229 2729 τά
1260 2677 1586 2746 σπυριδάλια
1635 2679 1704 2732 τὰ
1742 2697 1830 2750 μι-

243 2753 378 2824 κρά.
413 2755 866 2825 Ἀποστηθίζουσι
887 2759 944 2812 δὲ
977 2761 1157 2822 πάσας
1186 2759 1282 2822 τὰς
1318 2760 1560 2830 Γραφάς.

317 2839 541 2893 Τούτων
567 2842 687 2894 ἐστὶ
745 2843 843 2895 καὶ
905 2845 1270 2915 μοναστήριον
1329 2847 1608 2912 γυναικῶν
1638 2847 1714 2910 ὡς
1739 2865 1829 2902 τε-

239 2922 589 2992 τρακοσίων,
637 2925 736 2995 τὴν
773 2926 941 2995 αὐτὴν
977 2925 1099 2996 ἔχον
1143 2926 1494 2991 διατύπωσιν,
1529 2929 1629 3000 τὴν
1658 2930 1827 3003 αὐτὴν

242 3003 528 3057 πολιτείαν
549 3007 704 3070 ἐκτὸς
726 3007 829 3077 τῆς
863 3007 1142 3080 μηλωτῆς.
1175 3010 1285 3063 Καὶ
1337 3013 1393 3064 αἱ
1427 3013 1526 3082 μὲν
1570 3018 1828 3082 γυναῖκες

1938 1830 2254 1897 γραμμένον
2283 1830 2340 1879 ὲν
2375 1829 2452 1898 τῷ
2481 1829 2620 1898 ἁγίῳ
2676 1826 3012 1894 Εὑαγγελίῳ,
3043 1829 3123 1889 τὸ,
3165 1826 3222 1877 ὐ
3259 1826 3426 1879 θέλων
3457 1828 3516 1880 ἐν

1939 1910 2068 1980 ὑμῖν
2095 1910 2234 1964 εἶναι
2271 1913 2465 1980 μέγας,
2516 1912 2656 1964 ἔστω
2709 1911 2925 1962 πάντων
2958 1909 3146 1970 δοῦλος
3172 1909 3266 1960 καὶ
3296 1909 3516 1964 πάντων

1937 1993 2202 2056 διάκονος.
2241 1996 2349 2047 Καὶ
2381 1994 2535 2058 εἴτις
2564 1994 2711 2046 δοκεῖ
2750 1993 2911 2061 σοφὸς
2955 1987 3118 2054 εἶναι,
3161 1993 3218 2044 ἐν
3254 1991 3334 2060 τῷ
3357 1991 3516 2044 αἰῶνι

1936 2077 2110 2148 τούτῳ
2152 2077 2332 2148 μωρὸς
2367 2077 2627 2140 γενέσθω,
2657 2078 2744 2129 ἵνα
2783 2077 3010 2144 γένηται
3052 2075 3234 2142 σοφός.
3277 2074 3398 2126 Τῶν
3425 2071 3516 2128 οὑν

1937 2161 2111 2214 ἄλλων
2140 2162 2422 2230 παρθένων
2451 2161 2510 2213 τὸ
2533 2161 2723 2230 σχῆμα
2762 2155 2829 2229 ἦν
2857 2160 3237 2228 κεκαρμὲνων,
3276 2159 3519 2228 ἐχουσῶν

1938 2243 2268 2297 κουκούλλια
2291 2245 2384 2296 ἐπὶ
2422 2243 2532 2298 τῶν
2555 2243 2828 2311 κεφαλῶν.
2860 2239 3016 2312 Αὕτη
3043 2241 3100 2292 δέ
3131 2241 3297 2310 ῥάκος
3321 2241 3519 2312 ἀναδήο

1940 2344 2080 2380 σασα
2107 2328 2206 2394 τὴν
2257 2327 2518 2397 κεφαλὴν,
2575 2326 2746 2388 οὕτως
2777 2329 2951 2379 ἐποίει
2984 2327 3163 2378 πᾶσαν
3189 2324 3369 2378 αὐτῶν
3418 2326 3517 2396 τὴν

1940 2410 2264 2478 ὑπηρεσίαν.
2289 2410 2506 2480 Ταύτην
2541 2410 2906 2480 μασσωμένην
2935 2409 3038 2460 οὑκ
3065 2408 3169 2460 ἴδεν
3192 2409 3251 2460 οὑ
3285 2408 3381 2478 μία
3409 2410 3518 2461 τῶν

1937 2493 2306 2564 τετρακοσίων
2344 2493 2412 2546 τὰ
2461 2493 2555 2561 ἔτη
2583 2493 2679 2561 τῆς
2712 2493 2856 2562 ζωῆς
2909 2491 3116 2560 αὑτῆς.
3159 2493 3281 2544 Ἐπὶ
3311 2493 3518 2560 τραπέ-

1938 2578 2039 2649 ζης
2069 2578 2190 2631 οὑδέ
2228 2594 2357 2630 ποτε
2389 2576 2683 2645 ἐκαθέσθη,
2715 2576 2834 2628 οὑδέ
2860 2575 3169 2643 κλάσματος
3198 2576 3362 2645 ἄρτου
3389 2593 3518 2646 μετ-

1938 2661 2130 2714 έλαϐέν
2179 2677 2333 2726 ποτε,
2385 2659 2521 2712 ἀλλὰ
2563 2660 2660 2722 τὰς
2706 2659 2873 2728 ψίχας
2921 2655 3364 2725 σπογγδλογοῦσα
3409 2659 3516 2713 τῶν

1936 2743 2248 2816 τραπεζῶν,
2313 2745 2407 2797 καὶ
2442 2745 2537 2806 τὰς
2569 2744 2772 2813 χύτρας
2822 2741 3253 2811 περιπλύνουσα,
3306 2741 3516 2807 τούτοις

1937 2831 2184 2901 ἠρκεῖτο,
2221 2827 2296 2899 μὴ
2330 2828 2718 2898 ὑποδησαμένη
2752 2827 2905 2892 ποτε,
2944 2830 3018 2898 μὴ
3073 2826 3346 2896 ὑϐρίσασά
3373 2845 3512 2895 τινα,

1939 2917 2015 2985 μὴ
2044 2913 2362 2982 γογγύσασα
2390 2913 2584 2982 μικρὸν
2618 2912 2651 2982 ἢ
2685 2912 2828 2981 μέγα
2881 2911 3057 2980 ῥῆμα,
3112 2912 3316 2980 καίπερ
3358 2912 3514 2983 ὑϐρι-

1937 2997 2164 3068 ζομένη,
2217 2999 2313 3048 καὶ
2359 2997 2762 3065 καταρωμένη,
2801 2997 2895 3046 καὶ
2943 2994 3048 3047 ὑπὸ
3090 2993 3200 3047 τῶν
3257 2995 3514 3048 πλειόνων

239 3089 354 3176 είσὶ
384 3088 562 3176 πέραν
583 3089 676 3144 τοῦ
710 3091 902 3176 Νείλου
953 3092 1232 3162 ποταμοῦ·
1262 3095 1310 3147 οἱ
1335 3095 1392 3147 δὲ
1429 3079 1635 3165 ’ἄνδρες
1677 3079 1826 3152 ἀντιέ-
1857 3117 1900 3176 c
1939 3079 2339 3152 μυσαττομένη·

245 3171 397 3241 τέρα
418 3171 650 3250 τούτων.
697 3174 822 3227 Ἐὰν
844 3175 1144 3248 τελευτήσῃ
1175 3177 1465 3246 παρθένος,
1497 3181 1830 3248 ἐνταφιάσα-

244 3270 341 3307 σαι
383 3254 632 3324 αὑτὴναι
661 3256 848 3310 λοιπαὶ
875 3259 1135 3329 παρθένοι
1171 3259 1406 3331 ζφέρουσι
1444 3263 1538 3316 καὶ
1589 3264 1832 3318 τιθέασιν

240 3339 423 3409 αὑτὴν
452 3341 533 3401 εἰς
565 3341 664 3412 τὴν
703 3341 871 3411 ὄχθην
900 3343 994 3394 τοῦ
1031 3345 1297 3414 ποταμοῦ.
1327 3345 1674 3417 Περάσαντες
1698 3348 1754 3400 δὲ
1781 3349 1832 3403 οἱ

242 3421 471 3490 ἀδελφοὶ
513 3426 648 3493 μετά
690 3425 964 3496 πορθμοῦ,
1001 3427 1138 3496 μετὰ
1167 3427 1334 3496 βαῒων
1370 3429 1580 3484 κλάδων
1613 3430 1831 3496 ἐλαιῶν,

246 3505 390 3575 μετὰ
415 3505 757 3578 ψαλμῳδίας,
794 3510 1115 3581 διαφέρουσι
1170 3511 1376 3583 ταύτην
1415 3514 1494 3576 είς
1545 3515 1605 3566 τὸ
1635 3515 1830 3585 πέραν,

243 3589 344 3641 καὶ
376 3588 675 3643 θάπτουσιν
719 3594 799 3655 εἰς
826 3593 897 3645 τὰ
959 3595 1219 3663 μνήματα
1278 3596 1505 3651 ἑαυτῶν.
1553 3599 1834 3668 Παρεκτὸς

248 3673 439 3741 μέντοι
477 3674 573 3727 τοῦ
601 3675 975 3747 πρεσϐυτέρου
1001 3677 1094 3730 καὶ
1115 3679 1210 3731 τοῦ
1228 3680 1474 3732 διακόνου
1495 3682 1669 3745 οὐδεὶς
1691 3685 1836 3754 περᾷ

241 3759 328 3816 εἰς
361 3757 424 3808 τὸ
466 3759 830 3830 μοναστήριον
868 3760 976 3814 τῶν
1004 3761 1280 3830 γυναικῶν
1307 3779 1320 3792 ·
1359 3763 1455 3816 καὶ
1499 3765 1662 3818 τοῦτο
1695 3767 1836 3819 κατὰ

243 3840 558 3910 Κυριακήν.

840 3942 1095 3997 ΚΕΦΑΛ.
1150 3943 1243 4000 Μ’.

334 4058 426 4111 Ἐν
475 4057 652 4130 τούτῳ
683 4059 762 4130 τῷ
813 4063 1161 4134 μοναστηρίῳ
1194 4064 1302 4115 τῶν
1331 4064 1605 4132 γυναικῶν
1636 4066 1834 4136 συνέϐη

247 4142 486 4210 πρᾶγμα
516 4143 782 4196 τοιοῦτον
840 4144 1078 4212 Ῥάπτης
1111 4147 1371 4216 κοσμικὸς
1418 4149 1667 4218 περάσας
1714 4152 1835 4204 κατ’

245 4226 477 4294 ἆγνδιαν
517 4225 703 4297 ἐζήτει
734 4227 916 4298 ἔργον.
964 4229 1288 4295 Ἐξελθοῦσα
1331 4231 1388 4283 δὲ
1441 4233 1538 4302 μία
1595 4235 1838 4305 νεωτέρα

244 4309 362 4361 τῶν
391 4309 680 4379 παρθένων
707 4310 852 4381 λόγῳ
889 4314 1087 4383 ἑαυτῆς
1121 4313 1348 4384 (ἕρημος
1373 4317 1480 4385 γάρ
1513 4318 1662 4370 ἐστιν
1691 4321 1718 4372 ὁ
1747 4320 1837 4372 τό·

245 4393 396 4458 πος),
429 4392 721 4463 συνέτυχεν
752 4393 901 4464 αὑτῷ
950 4397 1242 4464 ἀκουσίως,
1276 4401 1370 4451 καὶ
1417 4400 1646 4453 δέδωκεν
1684 4401 1834 4472 αὑτῷ

2506 3178 2760 3231 ΚΕΦΑΛ.
2809 3177 2944 3233 MB’.

2407 3277 2545 3345 Περὶ
2582 3276 2688 3330 τοῦ
2723 3280 3043 3346 Πιτγιρούμ.

2007 3377 2143 3448 Περὶ⁵
2166 3375 2368 3445 ταύτης
2392 3377 2487 3446 τῆς
2513 3376 2664 3438 ὁσίας
2690 3374 2766 3445 τῷ
2796 3375 2935 3445 ἁγίῳ
2958 3375 3245 3446 Πιτηροὺμ
3270 3377 3513 3447 παρέστη

1935 3462 1964 3514 6
1993 3461 2222 3529 ἄγγελος
2249 3462 2305 3513 ἐν
2330 3458 2405 3529 τῷ
2435 3458 2750 3532 Πορφυρίτῃ
2778 3457 3130 3529 καθεζομένῳ
3164 3459 3512 3532 ἀναχωρητῇ,

1938 3547 2093 3617 ἀνδρὶ
2147 3546 2504 3614 δοκιμωτάτῳ
2552 3547 2632 3608 είς
2671 3546 2768 3614 τὴν
2820 3545 2921 3614 τῆς
2951 3545 3237 3614 ἀσκήσεως
3291 3547 3515 3616 ἀρετήν.

1940 3633 2047 3685 Καὶ
2088 3630 2236 3696 λέγει
2267 3628 2435 3698 αὑτῴ-
2468 3629 2564 3680 Διὰ
2606 3629 2656 3680 τί
2690 3629 2830 3698 μέγα
2859 3631 3074 3697 φρονεῖς
3109 3631 3200 3680 ἐπὶ
3237 3633 3349 3693 τοῖς
3385 3648 3517 3683 σαυ-

1939 3716 2032 3769 τοῦ
2061 3714 2484 3786 κατορθώμασιν
2512 3715 2587 3777 Lb;
2620 3715 2876 3784 εὐλαϐὴς,
2922 3715 3015 3767 καὶ
3049 3716 3107 3766 έν
3133 3716 3358 3785 τοιούτῳ
3387 3717 3519 3769 καθ-

1937 3799 2196 3867 εζόμενος
2223 3800 2410 3867 τόπῳς
2445 3797 2634 3861 Θέλεις
2677 3797 2804 3854 ἰδεῖν
2833 3815 2925 3850 σου
2972 3797 3368 3868 εὑλαϐεστέραν
3415 3815 3517 3867 γυ-

1937 3885 2137 3948 ναίκα;
2185 3883 2386 3936 ἄπελθε
2439 3885 2517 3945 εἰς
2557 3883 2619 3935 τὸ
2675 3884 3038 3954 μοναστήριον
3084 3883 3193 3936 τῶν
3243 3884 3518 3950 γυναικῶν

1936 3969 2046 4023 τῶν
2078 3969 2572 4040 Ταόεννησιωτῶν,
2615 3971 2709 4021 καὶ
2749 3968 3004 4040 εὑρήσεις
3051 3971 3165 4021 ἐκεῖ
3200 3969 3360 4039 μίαν,
3407 3970 3520 4022 διά-

1939 4054 2087 4122 δημα
2136 4053 2363 4123 ἔχουσαν
2404 4053 2499 4106 ἐπὶ
2532 4053 2630 4121 τῆς
2664 4052 2903 4121 κεφαλῆς
2944 4052 3151 4122 αὑτῆςο
3193 4053 3378 4122 ἐκείνη
3422 4069 3517 4106 σου

1938 4139 2179 4209 ἀμείνων
2221 4138 2359 4191 ἐστί.
2393 4137 2644 4208 Τοσούτῳ
2678 4137 2786 4208 γὰρ
2820 4137 2966 4208 ὄχλῳ
2997 4136 3342 4196 πυκτεύουσα
3365 4176 3380 4201 ,
3422 4140 3519 4190 καὶ

1938 4222 2211 4292 διαφόρως
2262 4224 2462 4286 πάσαις
2496 4223 2855 4286 δουλεύουσα,
2906 4222 3002 4292 τὴν
3043 4223 3241 4289 ἑαυτῆς
3289 4221 3519 4291 καρδίαν

1939 4307 2193 4358 οὐδέποτε
2222 4308 2533 4378 ἀπέστησεν
2566 4307 2658 4360 τοῦ
2699 4307 2856 4370 Θεοῦ,
2903 4306 3107 4375 καίπερ
3138 4304 3288 4375 παρὰ
3328 4306 3519 4358 πασῶν

1941 4391 2454 4461 καταφρονουμένη.
2504 4393 2574 4445 Σὺ
2607 4391 2664 4445 δέ
2714 4391 3081 4460 καθεζόμενος
3127 4386 3225 4446 ὧδε
3278 4392 3380 4446 ἀνὰ
3421 4394 3520 4457 τὰς

244 4477 351 4545 τὴν
403 4478 728 4546 ἀπόκρισιν,
777 4480 859 4534 ὅτι
901 4480 1094 4550 Ἡμεῖς
1143 4483 1339 4552 ἔχομεν
1397 4486 1608 4554 ράπτας
1633 4488 1832 4558 ήμετέ-
1864 4481 1910 4538 D
1939 4475 2124 4536 πόλεις
2168 4475 2439 4529 πλανᾶσαι
2471 4480 2535 4547 τῇ
2565 4476 2794 4548 διανοίᾳ,
2827 4479 2855 4529 ὁ
2892 4477 3165 4546 μηδέποτε
3194 4479 3519 4548 οἱκσυμένην

249 4577 400 4629 ρους.
440 4561 609 4631 ’Λλλη
661 4563 939 4632 ἑωρακυῖα
967 4565 1065 4635 τὴν
1117 4567 1404 4637 συντυχίαν
1437 4571 1658 4640 ταύτην,
1704 4571 1831 4640 χρο-

245 4660 342 4694 νου
406 4643 770 4712 παρελθόντος
831 4650 1128 4718 γενομένης
1186 4651 1384 4720 μάχης,
1441 4653 1500 4718 ἐξ
1563 4653 1834 4722 ὑποϐολῆς

246 4726 345 4778 τοῦ
380 4726 654 4790 διαϐόλου,
705 4729 813 4781 ἀπὸ
844 4729 1041 4798 πολλῆς
1073 4735 1340 4803 πονηρίας
1383 4737 1479 4788 καὶ
1507 4737 1708 4800 ζέσεως
1741 4737 1835 4790 θυ-

252 4809 355 4879 μοῦ
388 4811 828 4883 ἐσυκοφάντησεν
869 4815 1071 4884 ταύτην
1111 4818 1201 4870 ἐπὶ
1235 4817 1336 4886 τῆς
1365 4819 1722 4891 ἀδελφότητος
1748 4821 1836 4875 διὰ

246 4896 350 4961 τὴν
405 4895 721 4962 συντυχίαν.
781 4889 857 4967 7'1‘1
915 4899 1253 4969 συνέδραμον
1295 4902 1474 4968 ὀλίγαι
1534 4889 1626 4956 οὑή
1665 4906 1832 4976 πολλῇ

247 4978 424 5047 κακίᾳ
466 4982 786 5049 φερόμεναι.
833 4981 1274 5053 ’Λπολυπηθεῖσα
1316 4987 1373 5040 δὲ
1420 4988 1602 5060 ἐκείνη
1630 4989 1703 5050 ὡς
1730 5007 1836 5042 τοι·

246 5059 424 5129 αύτην
451 5062 734 5116 ὑποστᾶσα
768 5067 1154 5134 συκοφαντίαν,
1191 5071 1291 5139 τὴν
1347 5071 1481 5141 μηδὲ
1508 5059 1599 5135 είς
1627 5071 1836 5127 ἔννοιαν

249 5146 428 5214 αὐτῆς
457 5147 828 5212 ἁνελθοῦσαν,
887 5151 982 5203 καλ⁵
1019 5152 1093 5222 μή
1129 5154 1424 5220 ἐνεγκοῦσα
1471 5156 1528 5208 το
1583 5159 1832 5226 πρᾶγμα,

251 5228 447 5281 ἔϐαλεν
475 5231 674 5302 ἑαυτὴν
709 5235 790 5296 είς
815 5233 904 5286 τὸν
932 5235 1176 5303 ποταμὸν
1205 5235 1402 5307 λάθρα,
1427 5240 1519 5294 καὶ
1550 5242 1837 5313 ἐτελεύτη-

253 5331 348 5366 σεν
395 5315 586 5378 οὑτως.
621 5318 713 5380 Εἰς
763 5317 1114 5388 συναίσθησιν
1145 5319 1202 5372 δέ
1239 5321 1467 5374 ἐλθοῦσα
1497 5325 1530 5394 ἡ
1563 5341 1834 5394 συκοφαν-

252 5402 492 5468 τήσασα,
530 5401 622 5452 καὶ
652 5401 950 5472 ἑωρακυῖα,
981 5403 1063 5455 ὅτι
1097 5401 1206 5454 ἀπὸ
1231 5405 1496 5473 πονηρίας
1537 5408 1837 5476 ἐσυκοφάν-

253 5498 443 5551 τησεν.
476 5483 572 5536 καὶ
600 5484 758 5536 τοῦτο
775 5486 1072 5555 εἰργάσατο
1092 5485 1154 5538 τὸ
1174 5486 1304 5553 ἄγος
1327 5489 1422 5556 τῆς
1451 5489 1834 5564 ἀδελφότητος,

255 5564 497 5618 λαϐοῦσα
531 5567 729 5637 ἑαυτὴν
785 5569 1070 5639 ἀπήγξατο
1105 5570 1202 5623 καὶ¹
1248 5567 1386 5639 αὕτη
1430 5572 1504 5641 μὴ
1537 5575 1838 5642 ἐνεγκοῦσα

250 5649 316 5702 τὸ
344 5653 599 5722 πρᾶγμα.
637 5652 974 5717 Ἐξελθὸντος
1018 5653 1074 5707 δὲ
1097 5654 1189 5708 τοῦ
1238 5654 1640 5727 πρεσϐυτέρου,
1666 5662 1835 5730 ἀνήγ-

253 5734 447 5804 γειλαν
492 5734 665 5791 ταῦτα
718 5739 773 5791 αἱ
808 5737 994 5792 λοιπαὶ
1040 5737 1320 5808 παρθένοι.
1383 5737 1701 5800 Ἐκέλευσεν
1741 5745 1833 5799 οῦν

1939 4558 2210 4629 πατήσας.
2261 4560 2528 4622 Ἀναστὰς
2556 4560 2613 4612 δέ
2640 4563 2704 4613 ἐκ
2737 4559 2928 4612 τούτου
2958 4559 3051 4612 τοῦ
3088 4563 3253 4612 τόπου
3283 4563 3311 4611 6
3348 4563 3519 4632 μέγας

1937 4641 2224 4715 Πιτηροὺμ
2245 4686 2259 4710 ,
2289 4639 2452 4714 ἦλθεν
2481 4646 2588 4707 ἕως
2617 4645 2712 4697 τοῦ
2752 4645 3116 4716 μοναστηρίου
3168 4645 3275 4696 τῶν
3311 4645 3520 4695 Ταῦεν-

1936 4736 2238 4807 νησιωτῶν,
2270 4737 2365 4788 καὶ
2395 4733 2706 4804 παρακαλεῖ
2729 4733 2854 4793 τοὺς
2875 4730 3232 4791 διδασκάλους
3264 4729 3518 4798 διαϐῆναι

1938 4821 2017 4882 εἰς
2045 4821 2108 4872 τὸ
2140 4821 2503 4889 μοναστήριον
2542 4817 2654 4870 τῶν
2681 4816 2979 4884 γυναικῶν.
3035 4815 3122 4878 Ὦς
3150 4809 3244 4866 οὖν
3275 4814 3518 4878 ἐπίδοξον

1935 4904 2044 4958 τῶν
2076 4885 2336 4975 Πατίέρων
2369 4885 2479 4956 *καὶ
2522 4905 2579 4954 ἐν
2627 4905 2693 4971 τῇ
2726 4900 2955 4970 ἀσκήσει
2995 4898 3346 4968 γεγηρακότα
3391 4898 3521 4969 θαρ-

1940 4989 2161 5060 ροῦντες
2191 4991 2486 5057 εἰσήγαγον
2530 4985 2713 5048 αὑτὸν,
2759 4984 3190 5054 διαπεράσαντες
3223 4980 3315 5034 τὸν
3349 4998 3518 5034 ποτα-

1941 5073 2063 5144 μόν.
2110 5074 2219 5126 Καὶ
2257 5071 2396 5140 μετὰ
2445 5071 2506 5123 τὸ
2557 5070 2815 5135 εὔξασθαι
2848 5069 3064 5128 αὐτοὺς,
3113 5063 3450 5135 ἐπεζήτησεν
3492 5067 3522 5120 6

1941 5160 2117 5227 μέγας
2147 5157 2326 5216 πάσας
2371 5154 2470 5217 τὰς
2501 5155 2804 5224 παρθένους
2840 5153 2965 5205 ίδείν
3008 5149 3151 5204 κατὰ
3203 5151 3517 5221 πρόσωπον.

1939 5240 2136 5294 Πασῶν
2155 5235 2250 5292 οὖν
2279 5237 2549 5290 ἐλθουσῶν
2582 5242 2641 5289 ὲν
2666 5237 2744 5306 τῷ
2777 5237 2926 5305 μέσῳ
2949 5235 3130 5303 ἐκείνη
3164 5234 3224 5286 οὐ
3253 5235 3523 5303 παρεφαί-

1937 5341 2078 5378 νετο.
2113 5323 2278 5386 Τέλος
2322 5323 2469 5389 λέγει
2504 5323 2693 5384 αὑταῖς
2721 5326 2748 5375 6
2788 5322 2939 5388 ἅγιος
2981 5318 3289 5389 ΙΙιτηρούμ·
3321 5318 3524 5388 Φέρετέ

1943 5425 2032 5478 μοι
2080 5410 2285 5471 πάσας.
2340 5409 2461 5459 Τῶν
2510 5409 2566 5461 δὲ
2617 5408 2924 5475 λεγουσῶν,
2963 5405 3254 5474 Πάρεσμεν
3310 5406 3520 5456 πᾶσαι·

1940 5491 2092 5559 λέγει
2122 5493 2335 5554 αὑταῖς,
2377 5493 2569 5544 Λείπει
2599 5491 2720 5561 μία,
2756 5492 2820 5562 ἣν
2846 5489 3046 5552 ἔδειξέν
3080 5505 3172 5558 μοι
3205 5489 3233 5540 6
3267 5485 3520 5554 ἄγγελος.

1939 5576 2203 5645 Λέγουσιν
2251 5575 2420 5645 αὑτῷο
2461 5575 2605 5629 Μίαν
2648 5574 2843 5645 ἔχομεν
2881 5573 3048 5642 σαλήν
3072 5588 3086 5601 ο
3117 5572 3174 5625 ἐν
3205 5571 3283 5642 τῷ
3327 5587 3520 5641 μαγει»

1945 5661 2043 5732 ρίῳ
2071 5661 2237 5714 ἐστίν.
2276 5659 2432 5714 Οὕτω
2479 5661 2588 5730 γὰρ
2633 5663 2748 5714 ἐκεῖ
2793 5658 3019 5713 καλοῦσι
3047 5658 3147 5722 τὰς
3183 5655 3517 5727 πασχούσας.

1941 5747 2106 5814 Λέγει
2145 5748 2172 5799 6
2219 5745 2410 5817 μέγας
2457 5747 2717 5816 ’Λγάγετε
2765 5744 3043 5815 κάκείνην,
3081 5744 3245 5813 ἄφετε
3284 5741 3381 5796 τδω
3419 5744 3519 5798 a6-
