4096 6514
570 303 705 371 1107

2028 300 2379 361 PALLADII

3694 304 3829 371 [108

564 418 686 485 τήν.
737 414 1004 483 ’Δπῆλθον
1045 408 1146 468 οῦν
1192 414 1442 483 φωνῆσαι
1472 412 1665 483 αὑτήν.
1704 412 1771 465 Ἦ
1814 411 1871 464 δὲ
1909 412 2007 481 οὐχ
2036 410 2142 463 ύπ-
2170 418 2216 470 Λ
2251 426 2439 461 στασιν
2474 408 2567 462 καὶ
2605 410 2702 481 τήν
2735 414 2960 483 ταχεῖαν
2988 412 3169 465 αὐτῶν
3208 413 3371 467 πάλιν
3400 414 3707 485 ἀναίρεσιν,
3737 416 3833 468 καὶ

564 502 798 569 ήκουσεν
817 502 937 554 τότε
961 502 1257 573 αἰσθομένη
1280 502 1375 554 τοῦ
1397 502 1742 572 πράγματος
1773 500 1902 561 ἴσως
1918 498 2025 569 γὰρ
2051 498 2145 551 καὶ

567 588 932 657 ἀπεκαλύφθη
974 589 1135 658 αὐτῇ.
1191 590 1455 660 Σύρουσιν
1504 585 1597 641 οὖν
1639 588 1809 657 αὐτὴν
1852 586 1989 657 μετὰ
2024 586 2145 655 βίας

566 677 797 743 ἄγουσαι
830 677 925 729 καὶ
946 677 1199 745 λέγουσαι
1228 679 1391 748 αὐτή
1431 677 1487 729 '0
1521 676 1673 743 ἅγιος
1706 677 1990 745 Πιτηροὺμ
2017 675 2146 726 ίδεῖν

568 781 625 814 σε
674 764 839 818 θέλει.
876 760 986 816 Ἶίν
1018 766 1124 833 γάρ
1164 759 1317 827 οὗτος
1355 764 1672 834 ὀνομαστός.
1728 763 2013 834 Ἀχθείσης
2052 757 2145 815 οὖν

566 851 760 919 αὐτῆς,
808 853 1070 905 ἐθεάσατο
1109 854 1136 904 6
1170 853 1341 921 μέγας
1370 853 1430 904 τὸ
1468 854 1761 923 πρόσωπον
1811 852 2003 921 αὐτῆς,
2055 851 2147 904 καὶ

566 937 625 989 τδ
656 940 824 1008 ῥάκος
859 938 951 991 ἐπὶ
1000 942 1098 1008 τῆς
1131 939 1376 1008 κεφαλῆς
1407 940 1577 1009 αὐτῆς
1616 940 1708 993 καὶ
1738 939 1833 992 τοῦ
1869 937 2144 1008 μετώπου.

568 1026 675 1077 Kal
713 1025 892 1077 πεσὼν
920 1025 1085 1078 αὐτοῦ
1128 1027 1206 1088 είς
1233 1027 1357 1089 τοὺς
1389 1026 1576 1090 πόδας,
1608 1026 1757 1094 λέγει
1796 1028 1955 1095 αὐτῇ·
1986 1027 2145 1079 Εύλό-

568 1112 734 1179 γησόν
768 1130 834 1180 με
880 1114 1061 1183 ἀμμᾶ.
1103 1112 1354 1168 Πεσοῦσα
1386 1113 1440 1165 δέ
1477 1115 1573 1167 καὶ
1602 1114 1739 1185 αὐτὴ
1782 1117 1861 1177 εἰς
1895 1116 2019 1177 τοὺς
2050 1114 2148 1167 πόο

565 1198 660 1259 δας
695 1198 860 1251 αὐτοῦ
885 1241 899 1265 ,
936 1200 1142 1266 ἔλεγεν·
1198 1200 1268 1252 Σύ
1313 1218 1379 1269 με
1415 1200 1708 1271 εύλόγησον
1736 1243 1750 1266 ,
1803 1200 1960 1271 κύριέ
2018 1217 2145 1269 μου.

578 1286 804 1339 ’ἰδοῦσαι
837 1289 892 1340 δέ
928 1288 1084 1341 τοῦτο
1113 1289 1314 1351 πᾶσαι,
1350 1289 1645 1357 ἐξέστησαν
1686 1290 1942 1357 λέγουσαι
1972 1287 2143 1357 αὐτῷ’

578 1376 784 1442 Ἀϐϐά,
838 1379 913 1448 μὴ
969 1379 1145 1447 πάσχε
1200 1378 1393 1449 ὕϐρι-ι’
1449 1378 1585 1449 σαλὴ
1619 1380 1725 1449 γάρ
1772 1382 1941 1432 ἐστιν.
1984 1379 2146 1445 Λέγει

565 1466 757 1527 αὐταῖς
792 1469 995 1527 πάσαις
1047 1470 1074 1520 6
1110 1468 1261 1535 ἅγιος
1309 1467 1611 1537 Πιτηρούμ·
1662 1468 1850 1539 Ὑμεῖς
1893 1472 2015 1520 ἐστε
2056 1484 2148 1520 σα-

566 1554 677 1607 λαί.
726 1554 873 1624 Λῦτη
929 1556 1037 1625 γάρ
1074 1558 1166 1609 καὶ
1218 1557 1371 1626 ὑμῶν
1408 1558 1502 1610 καὶ
1558 1558 1691 1625 ἐμοῦ
1728 1558 1965 1628 ἀμείνων
2013 1552 2147 1609 οὖσα

566 1644 753 1712 ἀμμᾶς
789 1647 937 1696 ἐστιν
986 1643 1166 1714 (οὕτω
1209 1647 1316 1716 γάρ
1351 1645 1571 1699 καλοῦσι
1622 1647 1720 1709 τάς
1767 1646 2147 1715 πνευματικὰς

569 1731 864 1800 μητέρας)’
906 1735 999 1785 καὶ
1033 1732 1261 1800 εὖχομαι
1295 1733 1442 1797 ἄξιος
1470 1733 1642 1800 αὐτῆς
1668 1733 1957 1803 εὑρεθῆναι
1990 1734 2046 1785 ἐν
2078 1734 2143 1802 τῇ
2173 1760 2219 1818 Β

564 1814 751 1884 ἡμέρα
788 1815 888 1884 τῆς
933 1814 1186 1884 κρίσεως.
1237 1815 1563 1869 Ἀκούσασαι
1593 1817 1648 1869 δέ
1692 1818 1895 1868 τούτων
1944 1815 2144 1868 ἔπεσαν

566 1901 731 1953 αὐτοῦ
758 1903 838 1963 εἰς
856 1902 979 1964 τοὺς
1007 1903 1187 1965 πόδας,
1218 1902 1503 1956 κλαίουσαι
1530 1903 1625 1956 καὶ
1653 1903 2145 1973 ἐξομολογούμεναι

567 1990 758 2051 πᾶσαι,
805 1987 922 2050 πῶς
949 1988 1220 2058 διαφόρως
1248 1988 1344 2058 τὴν
1377 1989 1541 2057 ἁγίαν
1569 1989 1776 2058 ταύτην
1807 1990 2040 2042 ἐλύπουν
2064 2005 2078 2021 ⁸
2110 1992 2142 2058 ὴ

571 2075 669 2145 μὲν
703 2074 953 2141 λέγουσα·
998 2075 1139 2142 Ἐγὼ
1169 2076 1337 2146 αὐτὴν
1366 2077 1454 2128 ἀεὶ
1502 2076 1790 2145 ἐχλεύαζον
1816 2092 1829 2105 ’
1861 2080 1955 2129 καὶ
1988 2077 2143 2146 amn-

582 2161 723 2228 Ἐγὼ
757 2162 814 2214 δὲ
853 2162 916 2215 τὸ
966 2164 1149 2233 σχῆμα
1183 2164 1352 2233 αὐτῆς
1398 2164 1652 2218 ταπεινὸν
1683 2164 2021 2231 κατεγέλων·
2053 2165 2147 2216 καὶ

569 2250 755 2321 ἑτέρω
785 2250 925 2319 Ἐγὼ
940 2252 1111 2322 αὐτὴν
1133 2250 1353 2323 ὕϐριζον
1369 2253 1680 2306 σιωπῶσαν·
1699 2254 1793 2305 καὶ
1808 2252 1967 2305 πάλιν
1989 2253 2143 2324 άλλη·

583 2339 723 2405 Ἐγὼ
748 2338 842 2391 τοῦ
878 2339 1108 2402 πίνακος
1131 2340 1193 2392 τὸ
1225 2340 1521 2409 ἀπόπλυμα
1558 2340 1817 2403 πολλάκις
1848 2342 1985 2411 αὐτῇ
2017 2359 2147 2394 κατ-

570 2428 717 2495 έχεαο
745 2426 898 2497 ἄλλη·
917 2428 1136 2498 Πληγάς
1158 2429 1295 2499 αὐτῇ
1321 2429 1430 2496 ἐγὼ
1449 2428 1645 2483 ἔδωκα’
1672 2430 1765 2482 καὶ
1781 2430 1941 2499 ἑτέρα
1960 2428 2143 2482 πάλινο

582 2513 881 2584 Ἐγὼήμην
898 2513 1186 2577 κονδύλους
1210 2515 1346 2585 αὐτῇ
1372 2516 1739 2587 ἐντριψαμένη
1762 2534 1775 2546 ⁸
1804 2517 1935 2587 ἄλλη
1961 2517 2143 2569 πάλιν·

583 2600 723 2667 Ἐγὼ
755 2600 1013 2663 πολλάκις
1039 2600 1137 2671 τὴν
1169 2604 1288 2672 ῥῖνα
1312 2603 1479 2670 αὐτῆς
1512 2604 1833 2673 ἐσινάπησα·
1860 2604 1952 2657 καὶ
1970 2604 2147 2670 ἀπαξ-

572 2688 791 2752 απλῶς,
842 2689 1015 2742 πᾶσαι
1065 2688 1353 2760 διαφόρους
1410 2690 1595 2760 ὕϐρεις
1650 2691 1997 2763 ἀπήγγελλον
2049 2707 2146 2745 πε-

568 2779 854 2845 ποιηκυῖαι
916 2779 995 2841 εἰς
1051 2779 1243 2848 αὑτήν.
1302 2778 1605 2849 Δεξάμενος
1662 2776 1757 2832 οῦν
1818 2780 1995 2833 αὐτῶν
2048 2780 2148 2851 τὴν

568 2864 956 2935 ἐξομολόγησιν
986 2868 1014 2919 6
1042 2866 1193 2933 ἅγιος
1218 2867 1523 2936 Πιτηροὺμ,
1557 2867 1652 2919 καὶ
1675 2866 1969 2937 εὐξάμενος
2005 2867 2145 2939 ὑπὲρ

567 2953 745 3005 αὐτῶν
781 2954 897 3023 ἄμα
950 2955 1087 3025 αὐτῇ
1110 2994 1124 3017 ,
1180 2955 1273 3007 καὶ
1309 2956 1402 3007 ἐπὶ
1435 2956 1568 3009 πολὺ
1618 2957 2007 3026 παρακαλέσας
2045 2957 2145 3025 τήν

566 3040 751 3110 τιμίαν
780 3041 874 3094 τοῦ
905 3040 1143 3111 Χριστοῦ
1173 3040 1387 3111 δούλην,
1420 3041 1593 3107 οὕτως
1622 3043 1866 3113 ἐξῆλθεν.
1902 3043 2057 3098 Μετά
2086 3043 2143 3097 δὲ

565 3131 754 3197 ὀλίγας
796 3129 1010 3200 ἡμέρας
1040 3130 1144 3182 ὑπὸ
1179 3131 1367 3184 πασῶν
1407 3132 1689 3202 τιμωμένη
1726 3133 2014 3201 μεγάλως,
2052 3134 2146 3186 καὶ

570 3218 715 3289 παρὰ
751 3218 939 3269 πασῶν
978 3218 1415 3289 θεραπευομένη,
1456 3220 1528 3290 μὴ
1568 3220 1867 3287 ἐνεγκοῦσα
1896 3221 2077 3291 ἐκείνη
2111 3223 2144 3292 ή

571 3309 865 3376 μακαρῖτις
894 3306 993 3375 τὴν
1030 3305 1185 3369 δόξαν
1218 3307 1314 3359 καὶ
1348 3308 1444 3377 τήν
1474 3309 1636 3377 τιμὴν
1663 3310 1759 3378 τὴν
1787 3311 1937 3379 παρᾶ
1967 3312 2144 3380 πάσης

566 3395 665 3462 τῆς
706 3394 1101 3464 ἁδελφότητος,
1145 3396 1237 3447 καὶ
1279 3395 1373 3458 τάς
1410 3396 1733 3463 ἀπολογίας,
1785 3396 1949 3471 ἄχθος
1988 3398 2144 3451 τοῦτο

568 3482 919 3551 ἡγησαμένη,
973 3483 1145 3552 λάθρα
1193 3483 1414 3553 ἐξῆλθεν
1454 3483 1547 3536 τοῦ
1599 3487 2005 3554 μοναστηρίου·
2051 3487 2145 3539 καὶ

568 3569 701 3621 ὅπου
734 3570 1011 3639 ἀπῆλθεν,
1051 3570 1084 3642 ἢ
1136 3570 1237 3623 ποῦ
1279 3570 1473 3623 κατέδυ
1495 3611 1509 3633 ,
1550 3571 1583 3641 ἢ
1618 3570 1720 3625 ποῦ
1753 3572 2104 3639 ἐτελεύτησεν
2126 3615 2140 3641 ,

568 3659 710 3726 ἔγνω
738 3660 915 3724 οὐδεὶς
946 3662 1075 3733 ἄχρι
1106 3662 1204 3730 τῆς
1234 3661 1411 3729 δεῦρο.
1458 3661 1643 3714 Ταῦτά
1674 3663 1788 3714 ἐστι
1817 3662 1885 3714 τά
1912 3663 2143 3734 ἐνάρετα

567 3748 704 3817 ἔργα
733 3750 831 3817 τῆς
860 3749 1111 3817 γενναίας
1141 3750 1413 3821 παρθένου
1440 3749 1536 3821 τῆς
1566 3748 1987 3821 ταπεινόφρονος
2012 3750 2141 3804 ταύ-

567 3853 665 3904 της
693 3838 787 3889 καὶ
816 3837 1113 3906 μακαρίας.
1290 3840 1297 3849 ’

1134 3924 1383 3977 ΚΕΦΛΛ.
1424 3922 1555 3977 ΜΓ.

808 4013 950 4081 Περὶ
991 4012 1271 4067 Ἰωάννου
1308 4012 1415 4066 τοῦ
1460 4015 1893 4069 Λυκοπολίτου.

636 4098 866 4181 Γέγονέν
896 4130 983 4174 τις
1016 4113 1277 4210 ἓωάννης
1324 4113 1545 4183 ὀνόματι
1588 4114 1646 4167 ἐν
1672 4114 1933 4210 Λυκῶρτῇ
1965 4114 2137 4178 πόλει,

565 4202 624 4264 δς
681 4203 745 4253 ἐκ
791 4200 1002 4253 παιδίου
1021 4196 1252 4271 ’ἔμαθεν
1282 4203 1380 4271 τήν
1418 4203 1737 4272 τεκτονικήν
1761 4218 1775 4232 ’
1830 4196 1875 4270 ᾧ
1914 4201 2141 4271 ἁδελφὸς

568 4290 812 4359 ὑπῆρχεν
843 4289 1071 4359 βαφεύς.
1118 4292 1208 4353 Ὃς
1244 4288 1470 4360 ὕστερον
1507 4292 1795 4361 γενόμενος
1825 4292 1961 4343 ἐτῶν
1992 4293 2139 4345 εἰκο-

569 4378 822 4439 σιπέντε,
872 4375 1218 4440 ἀπετάξατοο
1278 4378 1373 4430 καὶ
1425 4377 1713 4447 διατρίψας
1759 4379 1816 4431 ἐν
1859 4378 2139 4449 διαφόροις

569 4464 952 4534 μοναστηρίοις
993 4465 1155 4517 πέντε
1205 4464 1332 4535 ἔτη,
1386 4467 1700 4536 ἀνεχώρησε
1748 4466 1910 4536 μόνος
1952 4468 2031 4529 είς
2074 4467 2134 4520 τὺ

564 4550 689 4622 ὅρος
733 4550 794 4603 τὸ
842 4551 1040 4615 Δυκῶ,
1094 4554 1174 4616 είς
1218 4553 1386 4623 αὐτὴν
1418 4552 1516 4623 τὴν
1557 4554 1871 4624 ἀκρώρειαν
1903 4556 2135 4623 ποιήσας

564 4637 747 4708 ἐαυτῷ
781 4640 931 4710 τρεῖς
978 4638 1185 4702 θόλους.
1234 4640 1345 4693 Kal
1396 4639 1651 4693 εἰσελθὼν
1696 4643 1773 4704 είς
1803 4642 1999 4706 αὐτοὺς
2049 4642 2135 4692 ἐν-

562 4725 910 4796 ῳκοδόμησεν
924 4726 1134 4781 ἑαυτόν.
1162 4721 1271 4779 Ἦν
1294 4722 1388 4779 οὖν
1404 4726 1432 4777 6
1458 4721 1537 4789 είς
1562 4727 1645 4780 θό)
1655 4744 1731 4791 ος,
1751 4727 1879 4781 ἔνθα
1901 4727 2135 4798 προσηύ·

562 4830 723 4884 χετο·
756 4815 785 4867 6
826 4813 883 4867 δέ
920 4814 1143 4883 ἔτερος,
1189 4815 1248 4866 ἐν
1288 4807 1332 4881 ᾧ
1368 4813 1682 4885 εἰργάζετο,
1720 4814 1815 4866 καὶ
1852 4814 2072 4884 ήσθιενο
2105 4816 2134 4869 6

561 4902 742 4967 ἄλλος,
776 4903 855 4965 είς
882 4904 981 4966 τὰς
1011 4904 1219 4974 χρείας,
1247 4904 1343 4965 τὰς
1383 4904 1482 4971 τῆς
1518 4902 1738 4973 σαρκός.
1780 4897 1949 4966 Οὗτος
1977 4903 2132 4972 τριά-

563 5006 727 5042 κοντα
749 4988 1041 5059 πληρώσας
1063 4989 1158 5059 ἐτη
1185 4988 1655 5057 ἐγκεκλεισμένος,
1686 4991 1779 5042 καὶ
1800 4990 1890 5043 διὰ
1919 4990 2135 5061 θυρίδος

562 5077 852 5146 λαμϐάνων
883 5076 973 5129 διά
1001 5076 1094 5128 τοῦ
1124 5074 1495 5138 διακονοῦντος
1530 5077 1599 5129 τὰ
1633 5077 1768 5147 πρὸς
1795 5076 1894 5139 τὰς
1921 5078 2130 5147 χρείας,

562 5162 873 5233 κατηξιώθη
908 5164 1245 5235 χαρίσματος
1277 5164 1653 5234 προρρήσεως.
1701 5164 1786 5216 Ἐν
1818 5158 1899 5227 οἷς
1933 5166 2026 5217 καὶ
2055 5164 2134 5235 τῷ

564 5250 824 5321 μακαρίῳ
852 5250 1117 5320 Θεοδοσίῳ
1145 5249 1221 5319 τῷ
1257 5249 1466 5320 βασιλεῖ
1489 5250 1773 5318 διαφόρους
1807 5252 2133 5304 ἀπέστελλεν

562 5340 896 5409 προρρήσεις
920 5340 958 5402 ’,
991 5336 1048 5399 ὃς
1081 5340 1146 5389 ἐκ
1173 5336 1280 5389 τῶν
1314 5336 1492 5407 ἔργων
1520 5337 1742 5407 ἔκδηλος
1776 5339 1967 5406 γέγονε
1997 5340 2132 5392 πᾶσι

562 5424 899 5494 προφητείας
920 5424 1164 5495 χάρισμα
1191 5425 1567 5495 κεκτημένοις.
1599 5427 1705 5477 Kal
1729 5426 1834 5495 γὰρ
1857 5426 2036 5480 πάντα
2065 5427 2132 5479 τά

561 5516 628 5564 ἐκ
654 5512 787 5564 Θεοῦ
816 5514 1084 5583 ἐρχόμενα
1112 5512 1188 5583 τῷ
1216 5513 1424 5583 κόσμῳ,
1456 5513 1535 5583 τῷ
1568 5513 1943 5584 εύσεϐεστάτῳ
1979 5514 2131 5583 βασι-

562 5601 641 5653 λεῖ
674 5604 1017 5671 προεμήνυεν
1050 5600 1333 5670 Θεοδοσίῳ,
1372 5600 1462 5653 καὶ
1490 5600 1556 5653 τά
1591 5600 1933 5671 ἐκϐησόμενα
1965 5601 2131 5654 πάλιν

565 5690 1043 5760 προαπήγγελλεψ
1074 5692 1171 5760 τήν
1205 5706 1261 5741 τε
1307 5691 1413 5743 τῶν
1447 5689 1722 5760 τυράννων
1751 5689 1894 5757 αύτῷ
1926 5690 2127 5743 ἐπανά-

2246 498 2337 549 τέν
2366 499 2730 570 ἐπιρρεόντων
2766 501 2916 570 αὐτῷ
2948 502 3282 571 ἀφανισμόν.
3315 502 3424 555 Καὶ
3457 504 3831 574 στρατηλάτου

2245 585 2301 637 δέ
2332 603 2476 648 τινος
2516 586 2651 651 πρὸς
2685 586 2846 639 αὐτὸν
2876 586 3120 650 ἐλθόντος
3153 589 3416 641 πυθέσθαι
3449 591 3499 641 εί
3533 593 3832 660 περιγενήσ-

2251 690 2400 725 σεται
2427 673 2533 726 τῶν
2560 674 2834 726 Αἰθιόπων
2862 675 2971 727 τῶν
2993 676 3133 729 κατὰ
3153 676 3252 746 τὴν
3276 677 3504 747 Συήνην,
3535 678 3661 747 ἥτις
3684 680 3832 730 ἐστὶν

2246 760 2389 830 ἁρχὴ
2438 762 2535 829 τῆς
2583 762 2866 833 Θηϐαΐδος,
2910 763 3033 816 τότε
3092 765 3554 818 συνεισπεσόντων
3606 767 3701 817 καὶ
3735 766 3832 833 τὴν

2247 848 2554 917 περίχωρον
2619 849 2792 917 αὐτῆς
2846 850 3290 918 ἐρημωσάντων,
3360 853 3638 922 φήσαντος
3698 852 3831 921 πρὸς

2247 936 2407 988 αὐτὸν
2431 935 2524 988 τοῦ
2554 936 2816 1006 Πατέρος,
2845 938 2926 989 ὅτι
2963 937 3225 990 Ἀνελθὼν
3244 938 3400 1003 αὐτὸς
3423 940 3719 1010 καταλήῂ
3742 941 3830 990 καὶ

2248 1022 2487 1093 χειρώσῃ
2555 1022 2649 1074 καὶ
2690 1023 3009 1088 ὑποτάξεις,
3058 1026 3153 1077 καὶ
3184 1025 3335 1095 παρὰ
3368 1028 3479 1088 τοῖς
3513 1023 3833 1093 βασιλεῦσιν

2248 1110 2526 1178 εὐδόκιμος
2563 1108 2683 1179 ἔσῃ,
2730 1108 2921 1177 γέγονέ
2961 1128 3021 1163 τε
3065 1110 3258 1175 οὕτως,
3294 1113 3389 1164 καὶ
3431 1113 3500 1165 τὰ
3543 1111 3832 1179 συμϐάντα

2246 1192 2345 1262 τὴν
2379 1193 2684 1263 πρόρρησιν
2710 1191 3056 1246 ἐϐεϐαίωσεν.
3098 1193 3289 1261 Ἔλεγε
3320 1196 3375 1247 δὲ
3400 1195 3482 1247 ὅτι
3517 1197 3614 1247 καὶ
3646 1193 3832 1261 οἰκείῳ

2248 1278 2462 1349 θανάτῳ
2500 1281 2528 1331 6
2568 1279 3106 1349 Χριστιανικώτατος
3157 1280 3435 1344 Θεοδόσιος
3482 1283 3511 1335 ό
3574 1281 3833 1350 βασιλεὺς

2247 1362 2579 1431 τελευτήσει.
2612 1358 2738 1432 Εἶχε
2765 1362 2820 1415 δέ
2846 1362 2940 1415 καί
2968 1380 3091 1416 τινα
3118 1364 3425 1435 ὑπερϐολὴν
3454 1366 3483 1415 6
3516 1366 3661 1434 ἀνὴρ
3692 1383 3832 1436 προ-

2249 1451 2497 1522 (θητείας,
2530 1452 2604 1515 ὡς
2646 1452 2710 1504 ἐκ
2749 1451 2859 1503 τῶν
2902 1454 3327 1522 παραμενόντων
3373 1453 3522 1524 αὐτῷ
3572 1455 3834 1524 Πατέρων

2249 1540 2597 1610 ἀκηκόαμεν
2627 1534 2700 1594 ὧν
2736 1543 2764 1593 6
2811 1540 2923 1610 βίος
2961 1542 3184 1610 δόκιμος
3216 1542 3367 1609 παρά
3398 1545 3513 1605 τοῖς
3545 1545 3667 1595 ἐκεῖ
3695 1547 3833 1598 πᾶσι

2249 1629 2623 1697 πεφήμισται·
2660 1630 2753 1681 καὶ
2783 1630 2864 1681 ὅτι
2891 1630 3041 1682 ούδέν
3079 1633 3497 1700 κεχαρισμένον,
3529 1632 3646 1683 ἀλλ’
3679 1632 3834 1685 ἐλατ-

2248 1714 2336 1767 τόν
2368 1733 2420 1768 τι
2450 1717 2576 1786 περὶ
2609 1715 2701 1767 τοῦ
2744 1715 2935 1785 ἀνδρὸς
2972 1716 3347 1787 ύφηγήσαντο.
3380 1716 3681 1787 Τριϐούνου
3723 1722 3833 1790 γάρ

2246 1820 2389 1865 τινος
2422 1802 2754 1866 εἰσελθόντος
2787 1803 2865 1864 είς
2905 1803 3088 1867 αὐτὸν,
3117 1806 3212 1857 καὶ
3244 1804 3581 1867 ἱκετεύοντος
3622 1822 3834 1874 συγχω-

2250 1893 2362 1960 ρεῖν
2404 1889 2577 1942 ἐλθεῖν
2630 1890 2767 1959 πρὸς
2816 1890 2978 1942 αὐτὸν
3022 1892 3123 1961 τὴν
3167 1891 3332 1945 αὐτοῦ
3374 1892 3625 1962 γαμετὴν
3660 1892 3835 1945 πολλά

2247 1977 2561 2041 παθοῦσαν,
2604 1978 2698 2031 καὶ
2736 1978 3001 2030 θέλουσαν
3031 1979 3194 2031 αὑτὸν
3226 1979 3561 2042 θεάσασθαι,
3598 1982 3694 2032 ἐπὶ
3732 1982 3831 2050 τὴν

2247 2065 2457 2135 Συήνην
2494 2064 2794 2133 μέλλουσαν
2846 2066 3087 2131 ἀνιέναι,
3138 2066 3224 2119 ἵνα
3280 2067 3343 2137 δὴ
3384 2067 3653 2138 πρότερον
3702 2068 3831 2136 περὶ

2246 2154 2419 2223 αὐτῆς
2453 2153 2695 2223 εὔξηται,
2724 2154 2820 2206 καὶ
2868 2156 3168 2226 εὐλογήσας
3194 2156 3363 2225 αὐτὴν
3392 2155 3642 2226 ἀπολύσῃ
3665 2172 3679 2184 ⁸
3714 2158 3742 2208 ὅ
3767 2174 3827 2209 τε

2250 2241 2324 2311 μή
2363 2240 2621 2311 ἑωρακὼς
2654 2244 3096 2312 τεσσαρακοστὸν
3152 2244 3251 2314 ήδη
3301 2244 3421 2306 ἑτος
3471 2244 3615 2314 ἔχων
3654 2246 3715 2297 ἐν
3750 2245 3831 2316 τῷ

2249 2328 2497 2398 σπηλαίῳ
2540 2330 2991 2400 ἐνενηκονταέτης
3051 2347 3153 2382 που
3210 2330 3502 2400 ὑπάρχων,
3545 2332 3645 2383 καὶ
3688 2334 3829 2401 μήτε

2247 2415 2408 2478 αὐτὸς
2452 2415 2679 2480 ἐξελθών
2723 2434 2885 2482 ποτε,
2933 2421 3071 2487 μήτε
3118 2420 3353 2485 γυναῖκα
3392 2417 3628 2487 ὀφθῆναι
3676 2421 3831 2491 αύτῴ

2250 2503 2590 2574 συγχωρῶν,
2642 2508 2940 2576 παρῃτεῖτο
2988 2504 3285 2558 θεάσασθαι
3338 2506 3439 2577 τήν
3486 2506 3829 2576 ἐλευθέραν·

2246 2590 2361 2643 ἀλλ’
2383 2591 2501 2644 ούδέ
2528 2592 2667 2663 ἀνήρ
2689 2610 2773 2655 τις
2805 2593 3022 2662 εἰσῆλθέ
3055 2610 3185 2645 ποτε
3216 2594 3351 2663 πρὸς
3377 2594 3561 2648 αὐτόν.
3593 2595 3835 2663 Ηὺλόγει

2245 2680 2354 2750 γάρ
2388 2681 2546 2750 μόνον
2592 2680 2679 2733 διὰ
2718 2682 2951 2752 θυρίδος,
2981 2683 3073 2735 καὶ
3104 2680 3380 2751 ἠσπάζετο
3412 2684 3540 2745 τοὺς
3574 2682 3832 2753 προσιόν-

2245 2784 2365 2833 τας,
2402 2768 2617 2838 ἑκάστῳ
2649 2768 2789 2839 ὑπὲρ
2825 2771 2922 2839 τῆς
2974 2768 3111 2832 ίδίας
3145 2768 3378 2837 σπουδῆς
3417 2769 3826 2837 διαλεγόμενος.

2258 2850 2342 2913 Ὠς
2394 2850 2488 2903 οῦν
2543 2853 2772 2921 ἐπέμενε
2816 2852 3123 2922 δεόμενοςὸ
3151 2851 3462 2924 τριϐσᾶνος,
3506 2854 3557 2903 εἰ
3610 2852 3829 2904 κελεύοι

2244 2944 2395 3015 ἥξειν
2428 2945 2591 2998 αὐτοῦ
2622 2945 2717 3016 τὴν
2754 2945 3046 3015 ἐλευθέραν
3087 2940 3187 3017 (ἦν
3220 2948 3329 3018 γὰρ
3357 2948 3429 3011 ώς
3458 2950 3567 3002 ἀπὸ

2251 3050 2418 3101 ματος
2466 3033 2625 3085 πέντε
2680 3034 2923 3103 σημείων
2965 3035 3063 3103 τῆς
3113 3035 3319 3099 πόλεως
3350 3038 3379 3089 ὁ
3423 3038 3562 3109 ἀνὴρ
3610 3040 3691 3103 εἰς
3729 3044 3832 3109 τὴν

2248 3122 2451 3192 ἔρημον
2495 3124 2553 3175 ἐν
2597 3121 2673 3190 τῷ
2726 3122 2839 3190 ὄρει
2884 3122 3130 3189 διάγων),
3160 3124 3259 3176 οὐκ
3305 3125 3638 3178 ἐπένευσεν’
3691 3128 3829 3180 ἀλλὰ

2247 3209 2509 3263 ἀδύνατον
2541 3204 2678 3285 εἶναι
2702 3210 2895 3277 λέγων,
2920 3211 3137 3281 κατηφῆ
3162 3211 3251 3263 τὸν
3275 3211 3440 3283 ἄνδρα
3468 3214 3824 3283 ἀπέπεμπεν.

2258 3294 2321 3345 Ἦ
2352 3292 2411 3345 δέ
2441 3292 2703 3366 ἐλευθέρα
2740 3295 2840 3346 οὐκ
2871 3292 3103 3345 ἐπαύετο
3152 3294 3379 3364 ἡμέριον
3416 3296 3699 3365 διοχλοῦσα
3734 3300 3827 3350 καὶ

2247 3384 2516 3452 ἐνομότως
2544 3382 2778 3451 λέγουσα
2811 3382 3061 3453 μηδαμοῦ
3099 3383 3340 3448 ἀπιέναι,
3376 3387 3422 3437 εί
3458 3388 3533 3455 μή
3560 3387 3649 3438 τὸν
3685 3404 3819 3456 προ-

2246 3472 2423 3541 φήτην
2441 3471 2706 3525 θεάσοιτο.
2740 3473 2826 3535 Ὠς
2845 3473 2899 3524 δὲ
2922 3473 3206 3543 ἀπηγγέλη
3222 3474 3297 3543 τῷ
3323 3478 3576 3546 μακαρίῳ
3603 3477 3820 3547 Ἰωάννῃ

2246 3559 2393 3629 παρά
2424 3558 2516 3612 τοῦ
2563 3560 2753 3629 ἀνδρὸς
2780 3563 2807 3613 ὁ
2835 3559 2935 3628 τῆς
2975 3563 3227 3628 γυναικὸς
3262 3561 3440 3631 ὅρκος,
3480 3569 3821 3634 κατανοήσας

2245 3645 2343 3717 τὴν
2375 3647 2557 3700 πίστιν
2598 3648 2767 3717 αὐτῆς
2799 3648 2903 3718 ἔφη
2946 3649 3081 3718 πρὸς
3126 3650 3216 3702 τὸν
3244 3650 3561 3719 τριϐοῦνον,
3618 3654 3819 3722 Ὀφθή-

2247 3752 2410 3805 σομαι
2462 3737 2597 3807 αὐτῇ
2652 3739 2718 3807 τῇ
2769 3736 2923 3789 νυκτὶ
2972 3736 3143 3807 ταύτῃ
3204 3739 3320 3790 κατ’
3368 3738 3536 3809 ὄναρ*
3589 3744 3683 3793 καὶ
3745 3743 3821 3811 μή

2246 3823 2459 3894 προσθῇ
2498 3824 2624 3877 ίδείν
2655 3823 2733 3875 ἔτι
2760 3824 2821 3876 τὸ
2851 3824 3141 3894 πρόσωπόν
3172 3843 3270 3895 μου
3299 3828 3355 3877 ἐν
3382 3827 3565 3896 σαρκί.
3613 3830 3817 3899 ’Δπήγ-

2243 3912 2389 3979 γειλε
2415 3912 2472 3965 δὲ
2497 3914 2621 3976 τοὺς
2652 3912 2845 3979 λόγους
2874 3912 2966 3965 τοῦ
2992 3913 3234 3984 Πατέρος
3264 3917 3330 3984 τῇ
3356 3918 3573 3981 γυναικὶ
3600 3920 3626 3967 ὁ
3648 3921 3810 3987 ἁνήρ.

2242 4000 2352 4051 Καὶ
2378 4000 2443 4068 δὴ
2475 3999 2595 4051 καθ’
2625 3998 2791 4051 ὕπνον
2828 4000 2931 4070 όρᾷ
2973 4001 3005 4069 ή
3042 4002 3178 4068 γυνή
3226 4003 3315 4052 τὸν
3350 4004 3637 4072 προφήτην
3683 4007 3811 4073 πρῖνς

2240 4089 2409 4158 αὐτὴν
2449 4087 2762 4159 ἐρχόμενον,
2793 4087 2887 4139 καί
2911 4102 3067 4155 φησι’
3097 4090 3160 4141 Τί
3184 4106 3272 4158 μοι
3296 4092 3387 4141 καὶ
3414 4092 3514 4157 σοὶ,
3542 4092 3732 4159 γύν,ιαι;
3762 4095 3809 4145 τί

2239 4176 2348 4229 τῶν
2395 4176 2543 4245 ἐμῶν
2595 4175 2771 4245 ὄψεων
2813 4174 3199 4245 ἐπεθύμησας;
3258 4177 3333 4249 μή
3374 4178 3483 4248 γάρ
3531 4186 3809 4252 προφήτης

2241 4263 2359 4332 ιείμλ⁵
2392 4260 2536 4331 ἐγὼ,
2580 4263 2614 4332 ἢ
2647 4262 2858 4314 δικαίου
2903 4262 3053 4326 τάξιν
3103 4264 3317 4332 ἐπέχω;
3366 4264 3650 4335 ἄνθρωπός
3696 4271 3807 4335 εἰμι

2241 4350 2563 4421 ἁμαρτωλὸς
2604 4350 2697 4403 xal
2744 4351 3077 4421 ὁμοιοπαθὴς
3130 4352 3277 4421 ὑμῖν.
3324 4352 3511 4422 Ὅμως
3562 4357 3807 4427 ηύξάμην

2164 4438 2216 4499 D
2245 4440 2383 4511 ὑπὲρ
2412 4439 2505 4491 σοῦ
2539 4440 2631 4491 καὶ
2655 4437 2747 4491 τοῦ
2771 4438 2920 4490 οἴκου
2950 4438 3041 4491 τοῦ
3067 4439 3257 4511 ἀνδρός
3286 4456 3399 4504 σου,
3433 4442 3519 4493 ἵνα
3545 4446 3684 4496 κατά
3716 4450 3807 4512 τὴν

2239 4529 2422 4582 πίστιν
2454 4527 2609 4597 ὑμῶν
2637 4527 2839 4597 γενηθῇ
2879 4525 3028 4596 ὑμῖν.
3065 4528 3365 4597 Πορεύεσθε
3394 4524 3486 4581 οὖν
3510 4531 3567 4581 ἐν
3598 4533 3801 4603 εἰρήνῃ.

2236 4618 2347 4671 Καὶ
2378 4617 2550 4670 ταῦτα
2593 4615 2761 4669 εἰπὼν
2812 4614 3125 4685 ἀπηλλάγη.
3180 4616 3444 4681 Ἔξυπνος
3500 4619 3555 4672 δὲ
3593 4622 3627 4687 ή
3672 4623 3803 4688 γυνή

2234 4706 2525 4776 γενομένη,
2559 4704 2859 4776 ἀπήγγειλε
2892 4704 2971 4775 τῷ
2995 4706 3147 4775 ἀνδρὶ
3172 4706 3239 4757 τά
3268 4704 3361 4757 τοῦ
3397 4709 3674 4775 προφήτου
3708 4712 3801 4777 ρή-

2238 4810 2404 4865 ματα,
2426 4793 2522 4844 καὶ
2541 4792 2604 4844 τὸ
2618 4793 2799 4861 σχῆμα
2810 4792 3066 4861 διηγεῖτο,
3090 4792 3181 4844 καὶ
3198 4793 3645 4863 εὐχαριστηρίους
3661 4796 3802 4864 αὐτῷ

2234 4880 2417 4950 φωνὰς
2450 4879 2539 4931 διὰ
2566 4878 2658 4930 τοῦ
2683 4879 2873 4947 ἀνδρὸς
2902 4879 3322 4947 προσεπελύετο.
3351 4880 3495 4933 Ἰδὼν
3519 4882 3574 4934 δὲ
3597 4884 3749 4933 αὐτοι
3774 4885 3799 4935 ὀ

2237 4968 2505 5037 μακάριος
2534 4965 2780 5035 Ἰωάννης
2814 4964 3103 5036 προλαϐὼν
3132 4961 3285 5019 εἶπεν
3314 4969 3493 5037 αὐτῷ·
3534 4970 3683 5031 Ἰδοὺ,
3708 4971 3798 5039 τήν

2234 5055 2455 5122 ἀξίωσίν
2476 5072 2567 5107 σου
2587 5052 2895 5123 ἐπλήρωσα.
2913 5052 3055 5105 Ἰδὼν
3081 5055 3188 5123 γὰρ
3202 5056 3368 5125 αὐτὴν
3389 5056 3797 5128 ἐπληροφόρησα

2233 5142 2325 5196 τοῦ
2350 5141 2549 5213 μηκέτι
2583 5143 2709 5194 ἰδεῖν
2738 5158 2827 5211 με,
2857 5140 2991 5195 ἀλλά
3021 5143 3342 5211 πορεύεσθαι
3368 5145 3426 5195 ἐν
3454 5146 3661 5215 εἰρήνῃ.

2308 5246 2505 5299 ’Δλλου
2562 5247 2619 5299 δέ
2652 5246 3010 5315 πραιποσίτου
3047 5246 3183 5316 γυνὴ
3217 5248 3447 5310 ἀπόντος
3495 5250 3785 5319 ἐκυοφόρει.

2234 5336 2345 5389 Kal
2376 5334 2440 5405 δὴ
2466 5336 2776 5404 γεννήσασα
2805 5336 2925 5384 κατ’
2952 5334 3121 5405 αὐτὴν
3160 5336 3259 5405 τήν
3292 5336 3502 5405 ἡμέραν
3536 5338 3652 5389 καθ’
3680 5340 3741 5405 ήν
3764 5340 3787 5387 ό

2233 5426 2373 5495 ἀνὴρ
2418 5424 2586 5491 αὐτῆς
2633 5424 2709 5493 τῷ
2759 5423 2932 5495 Πατρὶ
2992 5422 3209 5496 Ἰωάννῃ
3244 5426 3562 5495 συνέτυχεν,
3612 5426 3782 5496 ἔμελλε

2233 5512 2564 5581 κινδυνεύειν
2616 5512 3086 5583 λειποῲυχήσασα.
3142 5515 3198 5566 '0
3238 5514 3293 5567 δέ
3327 5515 3481 5584 ἅγιος
3519 5515 3779 5583 εὐαγγελί·

2232 5601 2385 5665 ζεται
2419 5599 2587 5669 αὐτῷ,
2624 5600 2819 5666 λέγων,
2862 5601 2925 5652 Εί
2971 5601 3119 5673 ᾔδεις
3146 5603 3244 5673 τήν
3272 5604 3481 5674 δωρεάν
3510 5603 3601 5656 τοῦ
3637 5602 3773 5665 θεοῦ,

2236 5690 2327 5743 καὶ
2364 5689 2444 5741 ὅτι
2496 5690 2607 5753 υἱός
2651 5707 2729 5743 σοι
2780 5694 3017 5761 σήμερον
3066 5694 3403 5763 γεγέννηται,
3444 5693 3678 5758 ἐδόξαξες
3721 5696 3775 5743 iv
