4060 6522
218 337 345 393 “09

1471 325 1793 385 HISTORIA
1830 325 2184 383 LAUSIACA.

3297 329 3435 388 1110

208 446 306 501 lem
337 446 475 517 (88),
501 461 618 516 qua:
640 454 721 501 cst
749 445 799 499 in
825 446 1020 502 culina.
1044 446 1133 501 Slc
1156 446 1296 501 enim
1323 455 1513 499 vocant
1540 444 1649 498 illic
1675 459 1765 498 eas
1794 447 1845 504 Α
1871 451 1925 497 et
1970 459 2156 499 rursus
2184 444 2421 498 velocem
2460 457 2644 498 eorum
2690 444 2983 513 interitum,
3012 452 3067 499 et
3092 458 3209 514 quae
3238 444 3290 508 in
3320 459 3442 499 eum

205 550 317 603 quae
349 550 453 589 non
480 545 602 589 sunt
630 552 771 590 sanae
800 541 1011 591 mentis.
1052 537 1184 591 Dicit
1212 536 1288 589 eis
1317 549 1539 604 magnus
1574 552 1585 586 :
1622 534 1766 587 Illam

206 641 411 695 quoque
438 627 703 691 adducite,
736 628 893 681 sinite
929 635 985 680 ut
1012 642 1128 680 eam
1168 624 1398 678 videam.
1431 623 1641 676 Iverunt
1670 623 1768 674 ita-

205 729 303 783 que
330 714 395 767 ad
425 729 541 769 eam
572 714 881 769 vocandam.
912 716 1001 769 Illa
1033 730 1159 769 vero
1188 728 1517 782 nequaquam
1547 712 1765 774 obediit,

207 820 261 863 ut
287 826 405 881 quae
436 828 546 866 rem
583 812 825 876 sentiret,
862 827 980 865 nam
1032 812 1167 866 forte
1208 810 1305 879 ipsi
1345 822 1552 877 quoque
1596 806 1769 860 fuerat

206 902 517 956 revelatum.
553 902 679 955 Eam
710 917 836 971 ergo
856 903 903 955 vi
929 902 1160 967 trahunt,
1198 900 1297 969 ipsi
1324 901 1561 954 dicentes
1591 914 1603 949 :
1629 898 1766 950 San-

204 1001 319 1046 ctus
346 991 569 1045 Pitirum
598 993 711 1047 vult
745 1002 798 1048 te
827 993 1028 1059 videre,
1073 1003 1184 1046 erat
1231 992 1369 1046 enim
1399 991 1444 1045 is
1473 990 1645 1056 magni
1675 1003 1767 1041 no-

204 1082 382 1136 minis.
410 1082 483 1136 Ea
512 1098 643 1151 ergo
663 1083 905 1147 adducta,
930 1083 1059 1137 vidit
1085 1095 1306 1150 magnus
1335 1080 1448 1148 ejus
1474 1079 1685 1143 faciem,
1714 1087 1770 1131 et

204 1186 431 1239 pannum
457 1172 507 1225 in
538 1171 708 1240 capite
737 1180 793 1225 et
822 1172 993 1225 fronte
1019 1170 1155 1241 ejus,
1201 1178 1257 1225 et
1291 1170 1486 1225 cadens
1515 1167 1579 1222 ad
1608 1169 1768 1235 pedes

202 1263 334 1327 ejus,
361 1261 485 1316 dicit
501 1263 549 1316 ei
574 1280 588 1315 :
617 1262 844 1317 Benedic
862 1263 1069 1317 Amma.
1089 1263 1297 1317 Cadens
1323 1274 1496 1315 autem
1518 1260 1583 1314 ad
1610 1259 1770 1328 pedes

203 1351 320 1420 ejus
350 1353 465 1420 ipsa
493 1368 701 1422 quoque
729 1353 940 1407 dicebat
971 1370 984 1404 :
1015 1354 1093 1406 Tu
1125 1354 1250 1406 mihi
1282 1352 1522 1415 benedic,
1555 1349 1771 1404 domine

203 1444 295 1497 mi.
336 1443 467 1497 Cum
505 1445 601 1498 hoc
627 1452 801 1498 autem
829 1454 1032 1499 cuncta:
1053 1445 1327 1509 vidissent,
1363 1444 1766 1511 obstupuerunt,

203 1544 255 1588 et
278 1534 327 1588 ei
356 1533 602 1587 dixerunt
635 1552 647 1589 :
682 1535 758 1588 Ne
788 1534 881 1589 tibi
930 1536 1017 1587 ﬁat
1058 1534 1305 1602 probrum
1336 1548 1398 1586 ac
1433 1532 1770 1598 vituperium,

204 1635 281 1677 est
313 1624 451 1677 enim
483 1623 625 1677 Sale.
660 1622 749 1677 Eis
795 1624 922 1678 dicit
950 1633 1164 1678 sanctus
1206 1624 1422 1677 Pitirum
1455 1638 1470 1676 :
1503 1622 1608 1675 Vos
1642 1622 1773 1676 estis

207 1712 350 1777 Sale,
376 1713 486 1766 ltzec
514 1715 653 1771 enim
683 1722 737 1767 et
762 1730 845 1768 me
867 1723 919 1767 et
949 1716 1095 1767 vobis
1122 1724 1202 1767 est
1230 1712 1445 1777 melior;
1474 1721 1555 1766 est
1585 1715 1770 1764 Amma

1870 534 2149 589 irruebant
2184 536 2419 603 gentium
2446 535 2766 590 deletionem
2799 554 2811 586 :
2835 534 2969 588 adeo
2994 543 3052 589 ut
3080 550 3200 589 cum
3228 536 3439 600 quidam

1870 625 1972 680 dux
2006 628 2270 682 exercitus
2300 628 2362 679 ad
2389 643 2510 681 eum
2542 629 2777 681 venisset
2797 626 3116 681 sciscitatum
3145 641 3211 680 an
3232 626 3445 681 Ethio-

1872 731 1965 783 pes
1994 718 2079 785 qui
2112 727 2233 769 sunt
2256 717 2305 770 in
2327 718 2501 785 Syene
2528 727 2667 769 esset
2692 725 3059 783 superaturos,
3080 730 3199 783 quae
3226 715 3440 783 quidem

1869 817 1948 862 est
1984 808 2295 877 principium
2324 808 2643 872 Thebaidis;
2692 808 2726 860 ii
2768 816 2942 861 autem
2971 819 3095 863 tunc
3124 808 3443 875 irruperant,

1868 911 1922 957 et
1965 918 2148 957 eorum
2192 904 2465 957 ﬁnitimam
2505 905 2771 975 regionem
2796 910 3161 967 vaStaverant;
3192 902 3239 955 ei
3268 913 3441 955 autem

1869 993 2000 1047 dixit
2055 993 2284 1049 Joannes
2342 1013 2354 1047 :
2403 996 2458 1049 Si
2514 995 2840 1059 ascenderis,
2872 1009 2964 1048 eos
2995 994 3438 1062 comprehendcs,

1870 1083 2093 1149 vincies,
2117 1092 2171 1138 et
2190 1084 2499 1154 subjunges,
2520 1096 2571 1139 et
2593 1087 2766 1141 clarus
2790 1086 2896 1139 eris
2920 1086 3055 1153 apud
3077 1088 3444 1154 imperatores.

1869 1172 1923 1225 Id
1946 1174 2104 1225 etiam
2132 1174 2326 1229 factum
2357 1186 2455 1239 est,
2501 1186 2552 1229 et
2588 1191 2706 1244 qua:
2732 1176 3037 1229 acciderunt
3062 1176 3450 1231 confirmarunt

1871 1263 1989 1331 ejus
2020 1266 2441 1332 praedictionem.
2471 1265 2688 1319 Dicebat
2733 1278 2907 1319 autem
2936 1266 3444 1320 Christianissimum

1873 1352 2246 1421 imperatorem
2274 1355 2622 1410 Theodosium
2652 1371 2771 1409 esse
2793 1366 2963 1409 morte
2990 1370 3081 1408 sna
3112 1358 3445 1412 moriturum.

1875 1443 2064 1498 IIabuit
2092 1456 2267 1498 autem
2322 1446 2406 1499 bic
2436 1447 2517 1499 vir
2560 1446 2923 1501 admirabilem
2955 1463 3183 1515 quoque,
3238 1458 3291 1502 et
3328 1464 3447 1517 qua:

1877 1537 2094 1589 modum
2126 1539 2431 1605 superabat,
2464 1540 2816 1607 prophetiam,
2848 1549 2904 1593 ut
2930 1540 3224 1593 audivimus
3254 1556 3316 1593 ex
3349 1540 3448 1593 Pa—

1876 1627 2044 1679 tribus
2072 1628 2161 1695 qui
2191 1643 2312 1681 cum
2340 1644 2403 1682 eo
2434 1627 2802 1693 versabantur,
2826 1644 3049 1696 quorum
3081 1630 3184 1681 vita
3209 1626 3303 1680 fuit
3332 1645 3451 1696 pro-

1878 1715 1998 1768 bata
2030 1717 2167 1782 apud
2198 1730 2381 1771 omnes
2414 1716 2502 1786 qui
2532 1718 2634 1770 illic
2664 1728 2835 1771 erant.
2866 1717 3015 1781 Quod
3062 1728 3235 1770 autem
3278 1718 3344 1772 de
3388 1730 3453 1770 eo

206 1802 305 1872 (sic
333 1804 471 1856 enim
506 1814 693 1857 vocant
737 1805 932 1858 Matres
957 1803 1269 1874 spiritales),
1322 1813 1375 1857 et
1418 1818 1598 1872 quaeso
1627 1811 1683 1855 ut
1710 1816 1773 1856 ea
1804 1794 1850 1852 Β
1879 1804 2007 1858 nihil
2034 1806 2302 1859 narrarint
2327 1806 2389 1858 ad
2421 1808 2669 1875 gratiam,
2705 1808 2798 1861 sed
2830 1809 3002 1861 minus
3032 1824 3188 1875 quam
3220 1821 3450 1861 merere-

204 1895 390 1962 dignus
418 1893 655 1949 inveniar
682 1896 732 1948 in
762 1895 889 1949 hora
916 1895 1123 1964 jodicii.
1176 1897 1263 1949 Ea:
1308 1904 1484 1948 autem
1521 1909 1639 1948 cum
1674 1909 1768 1947 au—

202 1984 445 2050 diissent,
490 1984 796 2039 ceciderunt
832 1986 897 2039 ad
931 1986 1090 2053 pedes
1128 1986 1242 2054 ejus
1284 1985 1493 2051 flentes,
1524 1993 1575 2038 et
1605 1984 1771 2037 conﬁ-

206 2083 377 2154 tentes
416 2090 600 2130 omnes
630 2076 765 2144 quod
796 2079 1000 2131 beatam
1029 2078 1253 2131 diversis
1285 2077 1456 2130 modis
1497 2076 1774 2130 afﬁcerent

203 2170 545 2223 contumelia.
578 2169 690 2223 Alia
732 2169 944 2237 quidem
976 2170 1157 2224 dicens
1200 2187 1213 2220 :
1251 2169 1357 2236 Ego
1389 2169 1525 2222 hanc
1563 2183 1774 2234 semper

202 2258 626 2323 subsannaham;
677 2259 798 2324 alia,
830 2260 941 2329 Ego
966 2260 1079 2327 ejus
1108 2259 1357 2314 humilem
1390 2257 1623 2310 habitum
1654 2256 1773 2310 irri-

202 2347 423 2413 debam;
454 2356 510 2402 et
533 2350 657 2416 alia,
684 2350 792 2417 Ego
820 2365 935 2404 eam
967 2359 1225 2405 tacentem
1256 2349 1552 2403 afliciebam
1584 2357 1775 2401 contn-

204 2439 395 2505 tnelia;
426 2449 477 2493 et
499 2454 680 2494 rursus
717 2440 841 2504 alia,
884 2440 995 2507 Ego
1021 2440 1233 2509 quadra:
1280 2438 1506 2493 eluviem
1539 2452 1679 2507 saepe
1720 2437 1774 2491 in

204 2545 320 2583 eam
352 2529 544 2593 effudi;
595 2530 718 2595 alia,
743 2530 853 2600 Ego
888 2532 937 2585 ei
979 2530 1161 2603 plagas
1201 2530 1397 2595 inllixi;
1437 2529 1536 2582 alia
1567 2542 1772 2593 rursus,

204 2620 320 2692 Ego
345 2636 404 2674 ea
427 2635 544 2674 sum
569 2636 687 2689 quae
712 2623 761 2675 ei
794 2634 997 2690 pugnos
1025 2619 1250 2683 incussi;
1283 2620 1383 2672 alia
1414 2632 1614 2682 rursus,
1662 2617 1775 2688 Ego

203 2709 410 2777 sinapio
438 2710 552 2776 ejus
581 2724 738 2763 nares
766 2710 987 2776 aspersi.
1023 2709 1085 2763 Et
1115 2717 1170 2762 ut
1198 2709 1364 2763 semel
1393 2710 1586 2771 dicam,
1610 2708 1777 2775 signi-

206 2799 433 2853 ﬁcabant
476 2814 659 2852 omnes
685 2814 744 2853 se
773 2814 893 2854 eam
923 2800 1088 2853 variis
1130 2798 1370 2853 affecisse
1417 2799 1772 2852 contumeliis.

205 2888 339 2944 Cum
370 2891 555 2943 barum
580 2903 709 2959 ergo
737 2889 1121 2944 confessionem
1148 2888 1439 2957 accepisset
1463 2896 1674 2942 sanctus
1698 2887 1777 2941 Pi-

205 2978 387 3043 tirum,
419 2989 470 3031 et
495 2994 587 3047 pro
617 2980 694 3032 eis
720 2978 875 3033 simul
906 2994 1026 3032 cum
1051 2980 1162 3046 ipsa
1188 2987 1413 3045 orasset,
1446 2987 1498 3032 et
1524 2978 1612 3031 diu
1634 2986 1777 3032 esset

204 3072 504 3125 consolatus
520 3071 871 3125 venerandam
894 3072 1089 3126 Christi
1117 3086 1345 3135 servam,
1372 3071 1449 3124 sic
1466 3071 1619 3125 exiit.
1646 3070 1779 3123 Pau-

205 3163 283 3216 cis
316 3172 488 3215 autem
520 3172 635 3231 post
663 3163 852 3216 diebus
882 3178 1000 3216 cum
1023 3163 1089 3217 ab
1112 3163 1354 3217 omnibus
1378 3162 1527 3217 valde
1551 3163 1773 3217 honora-
1808 3148 1852 3209 Β

205 3263 373 3322 retur,
406 3262 459 3308 et
489 3254 556 3306 ab
590 3255 835 3308 omnibus
866 3255 1255 3322 observaretur,
1286 3270 1388 3307 non
1422 3254 1595 3308 ferens
1626 3254 1778 3309 beata

206 3345 426 3415 gloriam
457 3355 513 3399 et
540 3344 792 3399 honorem
820 3361 923 3414 quo
950 3345 1278 3401 afﬁciebatur
1315 3346 1379 3400 ab
1408 3345 1551 3399 omni
1592 3346 1781 3398 frater-

206 3423 475 3508 nitate,.t
502 3438 870 3492 excusationes
894 3452 1028 3491 onus
1046 3453 1165 3492 esse
1188 3438 1470 3502 arbitrans,
1494 3438 1627 3491 clam
1652 3439 1782 3491 exiit

207 3544 272 3585 ex
310 3529 666 3604 monasterio;
699 3536 752 3581 et
776 3543 1006 3597 quonam
1054 3530 1227 3591 iverit,
1276 3538 1367 3581 aut
1406 3544 1561 3597 quem
1606 3529 1779 3581 locum

206 3618 450 3683 subierit,
477 3630 565 3673 aut
587 3620 673 3673 ubi
694 3621 904 3686 obierit,
938 3636 1091 3674 nemo
1113 3620 1362 3688 cognovit
1392 3620 1443 3672 in
1469 3619 1779 3674 hodiernum

207 3711 370 3766 diem.
402 3711 525 3768 ﬂat
553 3722 678 3766 sunt
703 3728 976 3782 generosa:
1022 3722 1074 3767 et
1122 3708 1335 3767 humilis
1367 3712 1583 3781 virginis
1626 3710 1785 3781 hujus

207 3817 275 3858 ac
303 3802 470 3859 beati:
498 3813 643 3860 recte
672 3804 811 3860 facta
837 3813 893 3859 et
919 3819 1101 3874 opera.

779 3917 1002 3972 CAPUT
1042 3916 1221 3972 XLIII.

453 4006 530 4061 De
571 4007 748 4061 abbate
786 4008 987 4064 Joanne
1040 4008 1154 4077 (80)
1210 4007 1347 4059 urbis
1396 4005 1550 4076 Lyco.

288 4094 407 4154 Fuit
452 4097 663 4167 quidam
707 4098 938 4153 Joannes
980 4100 1030 4152 in
1072 4099 1204 4151 urbe
1233 4097 1394 4167 Lyco,
1435 4096 1526 4165 qui
1559 4110 1588 4149 a
1623 4108 1786 4164 puero

211 4188 429 4259 quidem
458 4188 643 4243 didicit
668 4199 833 4244 artem
863 4189 1126 4251 fabrilem,
1155 4189 1237 4241 cui
1266 4186 1369 4241 fuit
1399 4186 1564 4241 frater
1594 4188 1788 4241 tinctor

214 4277 414 4348 (Ra/ll,
439 4280 529 4335 lib.
561 4294 620 4345 tt,
645 4296 759 4348 cap.
790 4280 869 4349 l).
899 4280 1087 4334 Postea
1116 4290 1288 4332 autem
1317 4293 1435 4331 cum
1465 4287 1608 4332 esset
1636 4277 1790 4331 circi-

214 4370 499 4440 terviginti
524 4370 753 4439 quinque
815 4386 987 4426 annos
1060 4380 1248 4437 natus,
1325 4367 1525 4425 sarculo
1594 4381 1790 4420 renun-

213 4463 406 4523 tiavit;
455 4469 509 4514 et
554 4475 671 4513 cum
700 4459 932 4528 quinque
957 4473 1126 4511 annos
1151 4466 1391 4511 versatus
1420 4463 1562 4510 esset
1592 4455 1642 4508 in
1670 4468 1790 4507 mo-

214 4554 475 4618 nasterio,
502 4553 725 4608 secessit
754 4552 898 4607 solus
924 4552 973 4605 in
1004 4560 1236 4606 montem
1270 4550 1432 4620 Lyco,
1472 4557 1522 4602 et
1556 4550 1605 4601 in
1634 4562 1789 4602 cacu-

216 4644 363 4699 mine
409 4646 605 4697 montis
653 4643 805 4697 factis
857 4643 957 4696 sibi
1010 4642 1176 4696 tribus
1234 4641 1429 4707 tholis,
1480 4640 1787 4706 ingressus,

215 4735 453 4802 seipsum
482 4734 834 4788 inmdiﬁcavit.
869 4737 1040 4802 Atque
1070 4740 1182 4788 erat
1209 4733 1423 4801 quidem
1449 4746 1584 4784 unus
1616 4731 1789 4784 tholus

216 4824 289 4877 ad
318 4822 554 4891 corporis
586 4823 949 4889 necessitates,
978 4836 1112 4875 unus
1133 4830 1307 4875 autem
1334 4821 1419 4873 ubi
1448 4819 1786 4888 Operabatnr,

221 4916 362 4969 alius
391 4930 516 4969 vero
539 4914 624 4968 ubi
651 4914 858 4969 orabat.
888 4914 935 4969 Is
962 4928 1082 4970 cum
1110 4914 1428 4981 complesset
1455 4912 1663 4980 triginta
1695 4925 1788 4964 an-

220 5020 346 5069 nos,
384 5004 638 5067 inclusus,
674 5011 727 5058 et
758 5004 823 5056 ab
851 5018 915 5057 eo
942 5004 1027 5072 qui
1057 5004 1103 5057 ei
1134 5002 1461 5056 ministrabat
1510 5016 1605 5069 per
1650 5002 1795 5055 fene-

216 5104 385 5149 stram
414 5095 677 5162 aecipiens
715 5108 832 5160 qua:
872 5101 1027 5147 erant
1056 5093 1120 5145 ad
1152 5107 1301 5145 usum
1345 5091 1668 5154 necessaria,
1716 5089 1797 5143 di-

220 5199 362 5255 gnus
388 5196 467 5239 est
491 5185 700 5238 habitus
721 5181 890 5252 gratia
909 5185 1204 5237 futurorum
1236 5183 1614 5251 praedictionis,
1639 5195 1795 5249 quem

220 5277 424 5332 donum
449 5276 642 5332 habere
684 5275 973 5344 prephetia:
1002 5275 1214 5342 planum
1250 5275 1442 5328 factum
1471 5286 1552 5328 est
1578 5290 1639 5327 ex
1671 5287 1802 5341 ope-

219 5368 396 5424 ribus.
430 5366 637 5421 Etenim
668 5375 859 5423 cuncta
888 5382 1004 5435 qua:
1034 5382 1062 5419 a
1108 5366 1216 5420 Deo
1255 5366 1305 5419 in
1338 5366 1588 5419 mundum
1621 5366 1801 5420 venie-

224 5458 377 5524 bant,
406 5458 457 5510 in
487 5455 668 5524 primis
697 5457 781 5525 pio
802 5454 1109 5524 imperatori
1140 5456 1436 5509 Theodosio
1467 5456 1610 5522 prius
1639 5456 1801 5525 signi-

221 5545 429 5613 ficavit,
450 5555 504 5600 et
525 5561 641 5613 qua:
662 5561 847 5600 rursus
873 5556 1123 5600 eventura
1150 5555 1319 5608 erant,
1345 5546 1488 5613 prius
1513 5547 1797 5599 annuntia-

222 5638 331 5704 vit;
356 5651 548 5706 nempe
563 5648 615 5693 et
631 5647 971 5705 tyrannorum
991 5638 1104 5705 (90)
1122 5638 1171 5690 in
1189 5652 1309 5692 eum
1334 5638 1796 5703 insurrectionem,

1878 1906 1983 1960 tur,
2017 1895 2139 1949 hinc
2162 1896 2314 1950 facile
2335 1898 2455 1950 sciri
2482 1908 2672 1965 potest.
2698 1898 2826 1951 Nam
2849 1915 2969 1952 cum
2993 1899 3055 1951 ad
3082 1913 3199 1951 cum
3223 1899 3453 1952 venisset

1883 1986 2098 2054 quidam
2130 1986 2390 2048 tribunus.
2431 1997 2484 2042 et
2525 1990 2743 2056 supplex
2774 1998 2976 2057 peteret
3021 1999 3078 2041 ut
3129 1989 3453 2056 permitteret

1877 2091 2093 2129 uxorem
2116 2091 2263 2129 suam
2290 2077 2354 2129 ad
2376 2092 2495 2130 eum
2520 2080 2722 2142 venire,
2745 2094 2861 2147 qua:
2885 2080 3045 2131 multa
3070 2094 3223 2147 passa
3256 2078 3453 2142 fuerat,

1875 2174 1929 2219 et
1958 2165 2164 2218 volebat
2194 2180 2313 2219 eum
2344 2166 2545 2233 videre,
2593 2181 2811 2221 ventura
2844 2168 3072 2239 Syenem
3116 2179 3170 2219 ut
3210 2182 3303 2235 pro
3337 2167 3451 2235 ipsa

1877 2253 2026 2323 prius
2056 2262 2254 2316 oraret,
2287 2265 2340 2309 et
2368 2270 2484 2308 eam
2516 2256 2638 2309 data
2669 2257 3035 2310 benedictione
3055 2256 3374 2320 dimitteret;
3408 2256 3453 2310 is

1876 2351 2055 2396 autem
2086 2343 2173 2412 qui
2200 2342 2309 2411 jam
2341 2344 2688 2414 quadraginta
2719 2347 2872 2399 annis
2902 2361 3005 2399 non
3038 2347 3239 2399 viderat
3262 2346 3452 2398 mulie—

1876 2448 1990 2486 rem
2015 2433 2066 2486 in
2091 2434 2365 2500 spelunca,
2393 2450 2512 2488 cum
2530 2445 2673 2489 esset
2693 2437 3099 2507 nonagenarius,
3125 2446 3179 2491 et
3212 2453 3308 2491 nec
3339 2437 3452 2507 ipse

1878 2540 2111 2593 unquam
2143 2534 2289 2580 espet
2334 2540 2603 2593 egressus,
2653 2542 2751 2581 nec
2787 2529 2885 2581 sibi
2918 2529 3246 2596 permitteret
3276 2530 3453 2583 videre

1879 2616 2179 2681 mulierem,
2210 2616 2488 2671 recusabat
2511 2618 2688 2671 videre
2710 2618 2825 2687 ejus
2848 2634 3085 2673 uxorem.
3112 2620 3215 2672 Sed
3247 2633 3343 2671 nec
3374 2619 3454 2672 vir

1883 2706 2022 2760 ullus
2055 2706 2120 2759 ad
2145 2721 2266 2759 eum
2298 2722 2537 2779 unquam.
2569 2716 2651 2761 est
2673 2709 2957 2776 ingressus.
2982 2709 3162 2763 Solum
3190 2709 3329 2762 enim
3361 2709 3454 2761 he-

1881 2797 2159 2851 nedicebat
2202 2812 2296 2865 per
2338 2796 2649 2863 fenestram,
2694 2807 2747 2851 et
2782 2799 3038 2851 salutabat
3068 2814 3160 2852 eos
3186 2798 3273 2867 qui
3301 2814 3456 2853 accev

1881 2886 2098 2951 debant,
2127 2901 2246 2939 cum
2280 2901 2596 2954 unoquoque
2641 2887 2911 2941 disserens
2937 2888 3004 2942 de
3041 2904 3105 2941 eo
3135 2890 3271 2956 quod
3307 2889 3452 2943 vole~

1880 2980 1972 3036 bat
2003 2981 2041 3032 ί.
2076 2978 2206 3033 Cum
2242 2995 2367 3048 ergo
2397 2982 2614 3034 instaret
2640 2978 2902 3045 tribunus,
2937 2996 3128 3049 rogans
3153 2997 3216 3034 an
3240 2982 3454 3048 juberet

1886 3088 2035 3127 suam
2068 3073 2249 3127 venire
2277 3073 2555 3143 conjugem
2598 3074 2844 3142 (degebat
2885 3076 3027 3127 enim
3068 3076 3123 3128 in
3168 3076 3453 3131 solitudine

1886 3166 2069 3232 quinto
2094 3164 2160 3216 ab
2184 3165 2312 3216 urbe
2337 3164 2531 3231 lapide)
2561 3164 2603 3216 is
2628 3172 2800 3216 autem
2828 3182 2932 3220 non
2955 3170 3246 3226 annuisset.
3270 3166 3455 3221 dicens

1885 3255 1935 3309 id
1970 3270 2073 3309 non
2105 3269 2259 3323 posse
2290 3254 2426 3317 ﬁeri,
2472 3255 2674 3307 tristem
2724 3254 2927 3308 dimisit
2970 3255 3262 3310 hominem.
3313 3256 3454 3312 Uxor

1884 3356 2058 3399 autem
2089 3362 2190 3398 non
2218 3348 2455 3399 ce-sabat
2479 3345 2565 3398 die
2587 3355 2639 3398 et
2664 3354 2815 3399 nocte
2844 3346 3032 3397 marito
3051 3346 3313 3402 exhibere
3340 3363 3455 3399 mo-

1886 3436 2114 3498 lestiam,
2144 3444 2197 3488 et
2227 3434 2576 3503 jurejurando
2605 3434 2871 3488 afﬁrmare
2905 3449 2964 3487 se
3003 3450 3257 3503 nusquam
3287 3436 3456 3487 abitu-

1886 3544 1997 3582 ram
2041 3507 2137 3581 nisi
2167 3529 2370 3582 videret
2398 3529 2734 3595 prophetam.
2767 3526 3051 3594 POStquam
3097 3538 3271 3580 autem
3304 3527 3457 3580 beato

1885 3622 2076 3677 Joanni
2106 3638 2133 3675 a
2166 3623 2354 3675 marito
2381 3623 2734 3675 renuntiatum
2764 3619 3225 3688 estjusjurandum
3258 3620 3460 3684 uxoris,

1886 3716 2000 3783 ejus
2027 3714 2129 3768 ﬁde
2165 3714 2451 3778 intellecta,
2476 3712 2604 3765 dicit
2633 3711 2697 3763 ad
2729 3713 2897 3778 ipsum
2931 3727 2943 3761 :
2987 3709 3095 3763 Hac
3123 3717 3277 3761 nocte
3299 3709 3365 3761 ab
3393 3724 3454 3761 ea

1894 3804 2110 3859 videbor
2142 3804 2193 3856 in
2224 3803 2423 3871 somnis
2449 3819 2463 3867 ;
2517 3816 2613 3855 nec
2640 3802 2867 3868 amplius
2899 3810 3075 3868 pergat
3106 3801 3155 3852 in
3184 3814 3344 3852 carne
3376 3800 3455 3851 vi-

1886 3896 2013 3949 dere
2046 3910 2215 3948 meam
2244 3895 2451 3948 faciem.
2483 3890 2853 3948 Uxorisautem
2882 3891 3199 3944 renuntiavit
3240 3891 3459 3943 maritus

1889 4004 1947 4041 ea
1977 4002 2093 4057 quae
2125 3987 2280 4040 Pater
2309 3987 2537 4039 dixerat.
2569 3984 2789 4038 Videbat
2815 3996 2994 4045 autem
3019 3983 3278 4057 mnlierin
3308 3999 3462 4051 som-

1890 4033 3459 4175 .‘.§."p“.;,.'..;;;;.'.;a:,;....amissaa;alaeam

1890 4166 1983 4221 tibi
2016 4181 2220 4221 mecum
2251 4182 2327 4221 rei
2350 4176 2428 4219 est
2455 4165 2681 4218 mulier?
2710 4164 2833 4233 quid
2861 4164 3029 4218 meam
3053 4164 3261 4231 cupiisti
3284 4164 3464 4218 videre

1892 4259 2127 4314 faciem?
2157 4259 2391 4327 nunquid
2422 4260 2561 4311 enim
2602 4257 2855 4326 propheta
2887 4272 2985 4325 ego
3010 4270 3152 4319 sum,
3191 4269 3279 4309 aut
3329 4256 3463 4326 justi

1892 4350 2066 4405 locum
2090 4349 2342 4403 obtineo?
2370 4349 2530 4401 homo
2553 4364 2667 4403 sum
2695 4358 2957 4415 jeccator,
2980 4357 3035 4400 et
3052 4347 3293 4400 similiter
3311 4357 3468 4414 atque

1895 4457 1991 4496 vos
2023 4440 2253 4511 patibilis
2290 4458 2302 4493 :
2328 4441 2471 4493 oravi
2500 4450 2672 4492 tamen
2706 4455 2799 4506 pro
2823 4448 2873 4492 te
2902 4450 2953 4492 et
2980 4438 3141 4493 domo
3173 4439 3344 4491 mariti
3372 4439 3465 4504 tui,

1896 4546 1949 4588 ut
1968 4534 2219 4587 ﬁatvohis
2236 4532 2525 4586 secundum
2554 4532 2709 4585 ﬁdem
2724 4541 2972 4584 vestram.
3000 4530 3075 4584 Ite
3092 4545 3217 4599 ergo
3239 4529 3289 4583 in
3316 4545 3465 4598 pace.

1901 4627 2107 4681 Etcum
2140 4628 2251 4679 haec
2283 4626 2524 4690 dixisset,
2570 4625 2812 4677 recessit.
2859 4622 2990 4676 Cum
3038 4631 3213 4676 autem
3243 4622 3468 4675 excitata

1897 4718 2084 4772 fuisset
2114 4717 2327 4780 mulier,
2356 4716 2679 4771 renuntiavit
2706 4715 2898 4768 marito
2918 4713 3075 4767 verba
3102 4712 3393 4780 prophetae,
3418 4721 3471 4766 et

1898 4810 2135 4864 narravit
2166 4810 2382 4877 figuram
2413 4817 2465 4860 et
2492 4806 2751 4873 habitum,
2784 4814 2838 4859 et
2860 4820 2952 4872 per
2981 4805 3223 4858 maritum
3250 4804 3296 4857 ei
3325 4803 3471 4857 misit

1897 4902 2128 4972 agendas
2173 4902 2391 4970 gratias.
2441 4898 2569 4952 Cum
2617 4913 2738 4951 eum
2788 4907 2963 4951 autem
3014 4896 3235 4951 vidisset
3282 4896 3470 4950 beatus

1896 4992 2150 5055 Joannes,
2180 5003 2444 5053 occupans
2471 4989 2519 5043 ei
2551 4987 2683 5041 dixit
2717 5004 2729 5038 :
2764 4985 2901 5040 Ecce
2930 4986 3144 5054 implevi
3191 4984 3330 5054 quod
3378 5000 3472 5053 po-

1899 5081 2225 5139 stulaveras;
2268 5094 2383 5131 eam
2418 5077 2567 5132 .enim
2602 5078 2806 5141 videns,
2839 5076 3019 5131 monui
3063 5090 3131 5130 ne
3161 5091 3246 5131 me
3267 5077 3472 5131 videret

1899 5171 2147 5238 amplius,
2176 5166 2294 5232 sed,
2318 5167 2393 5221 Ite
2420 5167 2469 5220 in
2505 5181 2651 5236 pace.

1972 5282 2203 5335 Alterius
2232 5290 2405 5334 autem
2440 5279 2705 5348 praepositi
2749 5295 2911 5346 uxor,
2961 5277 3182 5332 absente
3227 5276 3419 5330 marito
3444 5318 3461 5345 ,

1905 5373 2110 5427 ferebat
2153 5382 2383 5425 uterum.
2413 5372 2543 5425 Cum
2575 5379 2750 5424 autem
2796 5370 3120 5437 peperisset,
3153 5383 3218 5422 eo
3247 5368 3362 5436 ipso
3389 5367 3475 5419 dze

1903 5477 2009 5532 quo
2036 5461 2153 5528 ejus
2184 5463 2405 5514 maritus
2434 5460 2685 5514 convenit
2722 5459 2931 5512 Patrem
2959 5457 3216 5512 Joannem
3242 5498 3259 5522 ,
3308 5455 3471 5509 animi

1902 5553 2133 5620 deliquio
2158 5551 2303 5605 venit
2329 5552 2379 5604 in
2410 5549 2722 5619 periculum.
2748 5549 2808 5602 Ei
2831 5556 3007 5602 autem
3027 5554 3243 5601 sanctus
3266 5559 3474 5598 annun-

1905 5642 2073 5706 tiavit,
2103 5642 2282 5695 dicens
2310 5657 2322 5691 :
2347 5640 2402 5694 Si
2436 5641 2601 5695 scires
2627 5639 2822 5695 donum
2858 5639 2949 5695 Dei
2991 5636 3219 5711 (Joann.
3246 5652 3297 5691 Iv
3321 5634 3375 5704 ),
3414 5639 3473 5691 et

296 5751 317 5789 ⁸
348 5750 448 5815 Hic
472 5753 714 5823 quadam
744 5755 957 5812 Gracus
980 5760 1151 5811 textus
1174 5752 1458 5821 interserit,
1484 5768 1602 5824 quae
1623 5754 1783 5811 habes
1826 5754 1964 5822 apud
1990 5752 2342 5818 Heraclidem,
2365 5768 2485 5825 cap.
2514 5752 2603 5810 22.
