4060 6532
599 349 728 404 HIl

2047 346 2366 406 PALLADII

3721 352 3850 408 {IIS

594 481 735 551 quod
763 479 855 537 tibi
885 490 1037 536 natus
1076 481 1144 535 sit
1187 481 1342 536 hodie
1384 482 1519 536 filius
1542 521 1557 546 ,
1598 481 1760 537 Deum
1792 477 2156 551 glurilicares;
2187 480 2236 536 A
2263 481 2492 536 eminus.
2522 481 2652 535 Cum
2684 489 2868 538 essent
2891 494 3069 539 autem
3109 484 3354 540 collocuti
3383 486 3607 552 diutius,
3635 489 3842 546 tristitia

595 575 690 630 sed
719 585 884 628 mater
909 574 1024 642 ejus
1048 575 1428 643 propemodum
1452 573 1596 627 venit
1618 574 1666 626 in
1692 571 2002 642 periculum.
2027 570 2160 624 Cum

595 666 808 720 veneris
837 667 1013 735 igitur,
1041 665 1279 719 invenies
1300 662 1553 718 infantem
1575 673 1776 730 Septem
1798 660 1912 715 dies
1936 667 2117 713 natum
2147 675 2162 710 :

597 758 644 812 ei
687 759 894 825 impone
924 772 1114 811 nomen
1142 757 1391 810 Joannes.
1422 756 1662 822 Cumque
1701 769 1820 808 eum
1853 761 1996 806 recte
2035 751 2164 804 edu-

597 850 826 913 caveris,
869 858 921 902 et
957 848 1022 900 ad
1051 863 1243 899 annum
1273 847 1558 913 septimum
1590 845 1834 910 venerit,
1866 843 2014 896 tnitte
2041 855 2161 895 eum

596 945 662 998 ad
690 943 974 997 monachos
1002 943 1089 1011 qui
1121 952 1242 994 sunt
1283 941 1332 994 in
1364 941 1669 994 solitudine.
1703 940 1768 992 Et
1798 939 1909 992 haec
1950 936 2164 1004 quidem

599 1035 914 1089 ostendebat
960 1035 1211 1087 miracula
1259 1034 1323 1088 iis
1367 1035 1456 1102 qui
1505 1032 1785 1086 veniebant
1828 1029 1894 1088 ab
1938 1027 2163 1091 exteris;

598 1125 711 1178 suis
756 1133 930 1177 autem
969 1123 1173 1177 civibus
1213 1131 1426 1191 propter
1463 1137 1614 1176 suum
1646 1136 1800 1175 usum
1847 1119 2059 1172 assidue
2099 1118 2165 1171 ad

600 1216 771 1282 ipsum
789 1214 1119 1267 venientibus
1139 1223 1193 1268 et
1217 1213 1525 1281 pra'sciebat
1547 1223 1599 1266 et
1614 1211 1932 1280 praedicebat
1959 1209 2126 1262 futura
2148 1223 2164 1273 ;

598 1316 652 1361 et
694 1321 813 1375 qute
853 1305 921 1358 ab
958 1321 1274 1374 unoquoque
1310 1305 1517 1359 occulte
1556 1304 1687 1358 facta
1722 1304 1962 1366 fuerant,
2007 1309 2060 1354 et
2102 1300 2168 1354 de

600 1399 740 1464 Nilo,
773 1410 826 1452 et
853 1399 921 1454 de
953 1399 1126 1452 futura
1158 1398 1281 1452 anni
1314 1397 1581 1452 fertilitate
1609 1397 1684 1451 eis
1712 1393 2060 1463 significabat.
2087 1391 2168 1445 Si-

601 1491 796 1544 militer
843 1499 1020 1544 autem
1065 1490 1157 1545 Dei
1199 1505 1403 1558 quoque
1447 1491 1614 1542 minas
1653 1487 1716 1541 ad
1761 1501 1854 1541 eos
1893 1485 2169 1538 venientes

603 1582 749 1649 pritts
776 1581 1117 1634 annuntiabat
1142 1623 1156 1645 ,
1192 1589 1245 1634 et
1271 1581 1385 1648 ejus
1409 1589 1650 1634 auctores
1689 1577 1962 1646 arguebat.
1999 1576 2172 1643 Atque

603 1675 715 1740 ipse
754 1671 963 1740 quidem
1013 1672 1194 1724 beatus
1243 1672 1476 1726 Joannes
1520 1685 1624 1722 non
1669 1669 1954 1737 peragebat
1991 1675 2173 1734 apt'rle

599 1761 932 1822 curationes;
963 1761 1094 1812 dans
1123 1770 1298 1814 autem
1329 1760 1527 1823 oleum,
1560 1760 1764 1812 curavit
1797 1757 1988 1811 multos
2018 1772 2081 1810 ex
2110 1755 2174 1808 iis

601 1851 687 1919 qui
716 1850 1041 1903 laborabant.

671 1936 932 1992 Senatorii
975 1938 1112 1991 enim
1163 1937 1434 2007 cujusdam
1477 1938 1572 1991 viri
1617 1953 1780 2005 uxor,
1829 1952 1946 2006 qua!
1990 1933 2170 1988 oculos

601 2029 872 2091 amiserat,
902 2037 956 2082 et
981 2027 1205 2081 habebat
1239 2029 1460 2096 pupillas
1487 2029 1742 2083 obductas
1772 2027 2038 2094 albugine,
2082 2042 2170 2078 ro-

601 2123 746 2188 gavit
786 2123 1033 2175 maritum
1076 2137 1227 2175 suum
1258 2133 1313 2175 ιιι
1345 2123 1406 2175 ad
1437 2124 1604 2188 ipsum
1635 2123 2007 2176 deduceretur.
2039 2119 2171 2173 Cum

603 2211 647 2264 is
677 2220 852 2264 autem
894 2211 1117 2274 diceret,
1163 2227 1281 2265 eum
1325 2227 1590 2280 nunquam
1637 2211 1948 2266 convenisse
1989 2211 2176 2264 mulie-

605 2315 738 2364 rem,
783 2315 842 2352 ea
873 2309 1046 2354 autem
1079 2311 1288 2370 rogaret
1327 2311 1383 2354 ut
1425 2282 1520 2370 ipsi
1549 2303 1718 2354 solum
1751 2301 2173 2371 significaretur,

607 2403 656 2444 et
688 2406 782 2460 pro
815 2391 925 2456 ipsa
958 2390 1007 2442 id
1039 2388 1294 2455 efﬁceret,
1327 2391 1413 2444 ille
1439 2393 1516 2445 sic
1547 2391 1693 2455 fecit,
1727 2401 1778 2444 et
1809 2391 1950 2444 misit
1978 2393 2174 2444 oleum.

605 2481 737 2532 Cum
771 2489 876 2533 tres
904 2489 1077 2533 autem
1106 2480 1219 2533 dies
1245 2482 1411 2534 solum
1445 2481 1737 2534 inunxisset
1764 2479 1968 2545 oculos,
2001 2496 2037 2532 rt
2058 2494 2177 2546 Spe—

606 2571 701 2635 xit,
732 2579 783 2624 et
814 2569 921 2623 Deo
945 2581 1126 2636 aperte
1157 2570 1264 2639 egit
1291 2571 1508 2638 gratias.

681 2661 893 2730 thuid
916 2676 1046 2731 opus
1069 2659 1349 2713 estdicere
1414 2659 1480 2714 de
1544 2657 1665 2714 aliis
1737 2657 1854 2729 ejus
1926 2659 2177 2729 aperibus

612 2768 730 2820 qua:
774 2753 899 2820 ipsis
944 2753 1108 2804 oculis
1148 2750 1485 2819 accepimus?
1520 2750 1743 2803 Eramus
1787 2748 1924 2802 enim
1971 2758 2178 2817 septem

609 2842 802 2897 fratres
845 2842 1108 2912 peregrini
1140 2857 1326 2897 omnes
1356 2842 1408 2895 in
1440 2841 1726 2896 solitudine
1753 2840 1957 2907 Nitritc,
2001 2856 2098 2909 ego
2128 2849 2181 2894 et

611 2934 800 2988 beatus
836 2934 1108 3003 Evagrius,
1150 2945 1203 2988 et
1232 2934 1455 2988 Albinus
1475 2975 1491 3001 ,
1521 2942 1574 2988 et
1603 2933 1931 2986 Ammonius.
1961 2931 2182 2998 Quzere-

611 3027 798 3081 bamus
829 3037 1004 3080 autem
1028 3025 1164 3080 scire
1190 3036 1434 3080 accurate
1459 3041 1700 3094 quaenam
1729 3036 1872 3079 esset
1902 3025 2056 3094 hujus
2085 3025 2182 3078 viri

613 3117 806 3171 virtus.
836 3117 976 3170 Dixit
1002 3126 1176 3169 autem
1207 3131 1426 3183 magnus
1457 3116 1710 3184 Evagrius
1742 3133 1753 3168 :
1781 3116 2049 3170 Lubenter
2080 3113 2185 3169 Sei-

616 3227 729 3266 rem
761 3210 828 3263 ab
883 3208 1059 3278 aliquo
1102 3209 1192 3276 qui
1236 3207 1374 3260 norit
1419 3207 1722 3261 examinare
1764 3218 1818 3261 et
1857 3217 2084 3258 tuentem
2123 3215 2175 3259 et
2204 3205 2246 3266 ς

618 3301 933 3363 orationem,
975 3296 1250 3366 cujusnam
1280 3296 1418 3349 modi
1447 3296 1514 3348 sit
1546 3298 1653 3361 vir;
1687 3298 1729 3349 si
1761 3297 1901 3349 enim
1931 3312 2028 3363 ego
2059 3311 2176 3349 eum

620 3406 723 3445 non
755 3398 972 3458 potuero
1000 3388 1199 3454 videre,
1242 3387 1356 3456 ejus
1392 3398 1568 3442 autem
1610 3389 1729 3441 vita:
1762 3387 2057 3441 institutum
2089 3403 2180 3443 ac-

619 3490 801 3534 curate
829 3479 1011 3533 audire
1041 3487 1259 3546 potuero
1286 3478 1390 3532 alio
1419 3486 1704 3542 narrante,
1748 3476 1946 3531 discam
1979 3489 2034 3531 ut
2061 3494 2180 3532 eum

619 3573 960 3637 conveniam;
993 3571 1133 3641 quod
1163 3569 1206 3624 si
1238 3584 1342 3623 non
1369 3569 1637 3636 didicero,
1671 3584 1772 3625 non
1807 3570 1893 3625 ibo
1925 3586 2088 3640 usque
2118 3571 2183 3626 ad

621 3678 875 3722 montem.
900 3663 1030 3718 Cum
1059 3663 1157 3717 hoc
1184 3673 1362 3718 autem
1391 3663 1696 3727 audiissem,
1725 3672 1779 3717 et
1809 3663 2003 3715 nemini
2031 3661 2184 3732 quid-

619 3772 775 3826 quam
808 3755 1056 3810 dixisscm
1080 3797 1092 3818 ,
1136 3754 1306 3822 quievi
1337 3769 1497 3808 unum
1536 3753 1674 3806 diem
1700 3794 1713 3813 .
1758 3754 1862 3806 alio
1893 3763 2066 3806 autem
2096 3767 2184 3808 oc-

617 3847 748 3902 clusi
779 3847 998 3910 cellam;
1031 3854 1227 3900 etcum
1256 3860 1339 3898 me
1376 3851 1430 3898 et
1471 3844 1637 3912 ipsam
1677 3842 1786 3897 Deo
1816 3843 2185 3897 commendas-

619 3953 764 4003 sem,
815 3936 1082 4006 profectus
1123 3951 1237 3989 sum
1281 3951 1446 4003 usque
1485 3935 1548 3987 ad
1583 3933 1928 3988 Thebaidem.
1959 3933 2091 3987 Cum
2121 3948 2186 3988 eo

615 4039 792 4081 autem
811 4026 1024 4094 idecem
1071 4035 1286 4083 eLocto
1333 4025 1535 4080 dierum
1578 4025 1751 4094 spatio
1790 4025 2183 4093 pervenissem,

620 4117 816 4184 partirit'
843 4118 1053 4188 quidem
1079 4119 1306 4186 pedibus
1332 4158 1346 4184 ,
1395 4118 1582 4186 partim
1629 4133 1754 4173 vero
1794 4117 2090 4186 navigando
2133 4121 2185 4173 itt

617 4211 833 4265 flmnine
858 4227 872 4262 :
899 4217 1012 4264 erat
1051 4224 1223 4262 autem
1265 4218 1473 4276 tempus
1510 4223 1762 4264 ascensus
1801 4208 1949 4280 (9t),
1992 4210 2042 4262 in
2082 4224 2189 4279 quo

618 4301 770 4354 multi
803 4309 1074 4368 :egrotant,
1105 4299 1242 4367 quod
1273 4300 1399 4352 mihi
1441 4316 1651 4370 quoque
1693 4302 1907 4356 accidit.
1939 4301 2070 4356 Cum
2099 4319 2189 4358 ve-

620 4391 818 4445 nissem
872 4401 1085 4454 autcm,
1139 4389 1312 4443 iuveni
1368 4391 1602 4445 clausum
1657 4391 1773 4461 ejus
1821 4393 2184 4459 vestibulum;

617 4480 812 4535 fratres
837 4487 976 4532 enim
1005 4481 1267 4546 posterius
1289 4482 1617 4536 a-difiearunt
1646 4484 1930 4537 maximum
1953 4486 2188 4539 vestibu-

2265 586 2382 627 sum
2410 571 2649 636 alfectus,
2697 583 2753 628 et
2801 576 3125 629 murmuravi
3171 577 3429 632 adversus
3477 579 3842 636 venerabilem

2265 677 2447 716 senem
2474 662 2589 732 (92)
2616 703 2631 726 ,
2663 665 2803 731 quod
2847 681 2931 719 tne
2961 665 3174 735 quidem
3204 672 3664 736 contempsisset,
3696 669 3839 723 illum

2264 764 2439 806 autem
2487 752 2915 818 ltonorassct;et
2957 757 3026 810 ob
3073 757 3121 808 id
3162 757 3342 810 animo
3385 758 3766 824 Conturbattts,
3798 762 3844 813 in

2265 842 2444 895 animo
2470 842 2729 895 habebam
2758 858 2822 897 eo
2849 855 3154 913 contempto
3196 848 3470 902 recedere.
3503 849 3723 904 Vocato
3756 866 3846 902 ae-

2265 941 2370 986 tem
2419 935 2729 1002 interprete,
2777 935 3058 990 Theodoro
3106 939 3338 1001 nomine,
3379 939 3510 993 dicit
3561 939 3614 994 ei
3647 958 3659 990 :
3689 940 3848 1010 Vade,

2265 1024 2350 1078 die
2377 1024 2450 1078 illi
2481 1025 2625 1079 fratri
2651 1036 2704 1080 ut
2729 1043 2794 1082 ne
2815 1043 2956 1097 ﬂre
2979 1028 3139 1096 ferat;
3169 1030 3278 1100 jam
3307 1031 3520 1085 dimitto
3544 1032 3851 1100 president,

2266 1125 2319 1169 et
2361 1133 2480 1170 eum
2533 1117 2788 1185 alloquar.
2846 1119 3026 1174 Visum
3075 1132 3156 1176 est
3199 1138 3327 1192 ergo
3379 1123 3508 1176 mihi
3555 1122 3850 1176 toleranter

2268 1206 2430 1272 ferre,
2463 1217 2523 1261 ut
2551 1209 2635 1276 qui
2666 1211 3189 1279 animadvertissem,
3220 1228 3340 1267 eum
3370 1228 3493 1268 esse
3531 1213 3852 1280 spiritalem.

2268 1297 2397 1354 Cum
2424 1300 2641 1354 exiissct
2663 1309 2838 1355 autem
2869 1317 3088 1370 praeses,
3107 1319 3189 1356 me
3211 1305 3495 1364 arcersito,
3522 1303 3660 1357 dicit
3690 1304 3851 1354 mihi:

2269 1390 2374 1445 Cur
2401 1402 2586 1444 contra
2615 1408 2700 1446 nte
2728 1393 2870 1446 fuisti
2901 1394 3239 1463 indignatus?
3266 1395 3400 1460 Quid
3431 1393 3688 1448 invenisti
3719 1395 3855 1462 quod

2272 1490 2323 1535 te
2363 1481 2481 1549 jure
2521 1482 2851 1548 offenderet,
2884 1484 3023 1551 quod
3075 1484 3160 1538 illa
3208 1486 3388 1539 animo
3434 1486 3696 1552 reputain
3746 1501 3856 1552 qu:

2273 1587 2443 1641 neque
2471 1573 2596 1626 toilti
2621 1573 2837 1640 adsunt,
2872 1590 3042 1643 neque
3070 1586 3119 1629 te
3147 1575 3370 1629 desunt?
3398 1579 3478 1628 An
3502 1577 3685 1628 nescis
3720 1575 3853 1627 scri-

2274 1672 2420 1731 ptum
2450 1679 2568 1718 esse
2593 1681 2604 1714 :
2630 1665 2743 1716 Non
2774 1677 2908 1732 opus
2943 1664 3135 1717 habent
3161 1667 3273 1718 8.ιηί
3306 1667 3534 1729 medico,
3572 1667 3668 1718 sed
3719 1665 3853 1718 male

2280 1753 2534 1805 habentes
2566 1752 2776 1821 (Matth.
2806 1769 2887 1814 tit;
2917 1752 3082 1806 Marc.
3108 1770 3175 1818 x;
3203 1753 3352 1807 Lucra
3389 1752 3464 1820 v).
3497 1754 3599 1815 Te,
3645 1756 3854 1821 quando

2202 1833 2249 1892 B
2278 1845 2417 1909 volo,
2451 1846 2684 1910 invenio,
2729 1856 2782 1898 et
2811 1853 2863 1898 tu
2895 1862 3008 1909 mc;
3052 1854 3106 1899 et
3133 1849 3174 1898 si
3206 1856 3256 1899 te
3286 1861 3390 1900 non
3423 1847 3576 1900 fuero
3607 1848 3856 1898 consola-

2278 1942 2384 1999 tus,
2412 1933 2500 1987 alii
2531 1943 2580 1987 te
2610 1935 2952 1987 consolantur
2979 1934 3186 2001 fratres,
3213 1947 3266 1990 et
3287 1936 3373 1988 alii
3407 1936 3614 1990 Patres.
3647 1935 3748 1989 llic
3774 1951 3855 1988 au-

2277 2034 2381 2078 tem
2413 2024 2500 2091 qui
2548 2041 2640 2092 per
2683 2027 2946 2079 mundana
2979 2028 3188 2095 negotia
3216 2040 3332 2081 erat
3361 2027 3577 2081 deditus
3621 2028 3853 2092 diabolo,

2277 2126 2332 2171 et
2369 2131 2488 2170 cum
2530 2117 2676 2170 brevi
2711 2118 2962 2184 temporis
3006 2120 3176 2186 spatio
3223 2120 3541 2187 respirasset
3588 2129 3644 2170 ιιι
3675 2123 3857 2171 servus

2277 2207 2364 2271 qui
2403 2203 2607 2273 aufugit
2648 2205 2715 2257 ab
2753 2215 2966 2260 austero
3005 2208 3243 2272 domino,
3276 2209 3505 2262 accessit
3537 2216 3600 2260 ut
3630 2210 3855 2274 aliquam

2277 2308 2488 2365 Caperet
2517 2297 2818 2352 utilitatem.
2855 2301 3154 2353 Absurdum
3193 2315 3320 2368 ergo
3361 2299 3548 2354 fuisset
3581 2309 3643 2351 ut
3677 2315 3746 2352 eo
3784 2315 3859 2353 re-

2281 2387 2408 2443 licto
2438 2395 2614 2442 tecum
2658 2405 2934 2455 versarer,
2967 2407 3086 2446 cum
3129 2401 3181 2445 tu
3219 2393 3432 2447 assidue
3478 2407 3644 2446 vaces
3691 2393 3859 2445 saluti.

2280 2482 2411 2537 Cum
2443 2497 2564 2535 cum
2597 2498 2722 2552 ergo
2754 2497 3020 2551 rogassem
3055 2493 3112 2538 ut
3141 2499 3234 2552 pro
3262 2500 3346 2538 me
3375 2495 3583 2547 oraret,
3618 2485 3862 2552 explora-

2283 2585 2392 2627 tum
2423 2573 2581 2627 habui
2611 2588 2730 2626 eum
2761 2588 2880 2626 esse
2909 2573 3078 2626 virum
3121 2575 3431 2644 spiritalem.
3479 2575 3637 2628 Tune
3664 2575 3860 2628 urbane

2282 2647 2489 2716 mecum
2515 2663 2723 2730 jocans,
2756 2678 2872 2716 cum
2903 2665 3171 2717 sinistram
3204 2664 3470 2717 maxillam
3507 2665 3642 2716 mihi
3667 2665 3859 2718 sensit-

2282 2754 2567 2822 pulsasset,
2596 2753 2758 2808 dicit:
2786 2755 2958 2808 Multa:
2987 2765 3037 2809 te
3065 2767 3277 2809 manent
3302 2756 3655 2817 afflictioncs,
3680 2767 3734 2810 et
3761 2772 3868 2822 gra-

2282 2845 2366 2899 via
2399 2843 2535 2898 bella
2572 2858 2756 2912 passus
2783 2860 2841 2896 es
2873 2853 2931 2897 ut
2959 2844 3132 2898 exires
3161 2860 3192 2899 e
3219 2844 3527 2909 solitudine,
3563 2846 3864 2914 timoreque

2283 2932 2504 2988 affectus
2549 2948 2630 2997 es,
2680 2943 2732 2988 et
2780 2935 3208 3003 distulisti:pios
3248 2946 3425 2989 autem
3476 2948 3776 3004 priElCIlUS
3815 2947 3863 2990 et

2284 3024 2476 3078 rationi
2521 3034 2904 3079 consentaneus
2948 3025 3175 3078 alferens
3212 3027 3420 3079 datatim
3450 3071 3464 3093 ,
3511 3038 3562 3080 te
3605 3028 3862 3095 exagitat.

2285 3114 2403 3168 'I‘ibi
2432 3115 2572 3170 enim
2600 3116 2860 3185 suggessit
2887 3126 2938 3169 et
2961 3117 3124 3184 patris
3149 3119 3215 3170 tui
3239 3118 3590 3182 desiderium,
3617 3130 3670 3172 et
3696 3119 3869 3174 fratris

2286 3206 2357 3257 tui
2400 3215 2453 3259 et
2492 3207 2694 3258 sororis
2735 3218 2838 3259 ture
2878 3207 2931 3260 itt
2976 3209 3081 3260 vita
3129 3210 3413 3262 monastica
3459 3210 3868 3266 institutionem.

2287 3295 2423 3348 Ecce
2469 3310 2597 3364 ergo
2645 3296 2839 3349 bonum
2884 3297 2977 3350 tibi
3023 3298 3185 3351 affero
3223 3299 3465 3351 nuntium
3501 3300 3707 3354 :ambo
3743 3295 3868 3355 salvi

2282 3395 2432 3452 sunt,
2489 3385 2686 3440 mundo
2724 3387 2863 3440 cnim
2915 3389 3318 3452 renuntiarunt,
3355 3399 3406 3443 et
3445 3399 3600 3458 pater
3641 3403 3766 3444 tuus
3794 3403 3865 3446 est

2284 3477 2457 3530 adhuc
2504 3478 2741 3538 victurus
2795 3489 2999 3545 septem
3049 3493 3237 3532 annos.
3294 3479 3424 3533 Esto
3479 3495 3611 3548 ergo
3652 3480 3778 3533 f0rti
3823 3495 3869 3532 rt

2285 3568 2549 3621 constanti
2576 3569 2754 3622 animo
2781 3569 2832 3622 in
2861 3570 3170 3640 solitudine,
3203 3587 3301 3625 nec
3327 3587 3514 3626 eorum
3544 3585 3709 3626 causa
3742 3575 3866 3627 vctis

2287 3658 2434 3713 abire
2486 3660 2535 3711 in
2587 3661 2828 3727 patriam.
2879 3660 3147 3729 Scriptum
3202 3671 3291 3715 est
3338 3666 3481 3716 enim
3517 3682 3530 3715 :
3561 3664 3734 3746 δεῖωο
3781 3671 3870 3732 qui

2288 3763 2500 3802 manum
2532 3750 2765 3804 admovit
2794 3761 3000 3814 aratro,
3055 3761 3110 3804 et
3134 3761 3216 3805 est
3246 3769 3572 3818 conversus.
3608 3769 3689 3810 est
3721 3772 3866 3823 aptus

2285 3854 2452 3908 regno
2485 3842 2576 3895 Dei
2608 3841 2788 3907 (Lucra
2819 3842 2918 3911 ιχ).
2964 3844 3039 3896 Ex
3079 3843 3162 3897 his
3191 3859 3316 3913 ergo
3356 3847 3533 3900 verbis
3579 3849 3795 3916 adjutus
3818 3861 3868 3903 et

2287 3924 2416 3984 satis
2453 3931 2766 3997 roboratus,
2815 3933 2925 3988 Deo
2955 3935 3037 4004 egi
3069 3936 3287 4004 gratias,
3321 3952 3443 3991 eum
3476 3938 3750 4003 intellexi,
3781 3955 3868 3995 eos

2286 4021 2375 4090 qui
2419 4037 2503 4076 me
2551 4027 2809 4091 urgebant
2854 4034 3141 4094 praetextas
3186 4040 3307 4082 esse
3358 4041 3628 4096 peractos.
3675 4032 3868 4086 Deinde

2288 4126 2473 4165 rursus
2513 4111 2642 4165 mihi
2679 4110 2829 4179 dicit,
2874 4114 3071 4168 urbane
3110 4129 3312 4168 mecum
3350 4117 3544 4184 jocans
3579 4136 3594 4172 :
3635 4121 3724 4174 Vis
3763 4123 3866 4176 fieri

2289 4202 2602 4270 episcopus?
2643 4202 2758 4256 Dixi
2796 4213 2972 4257 autem
3001 4221 3013 4256 :
3039 4204 3412 4275 Nequaquam;
3452 4224 3573 4263 sum
3623 4216 3787 4265 enim.
3825 4213 3868 4266 Is

2289 4302 2465 4346 autem
2491 4292 2618 4345 mihi
2641 4293 2804 4347 dicit:
2828 4293 2960 4348 Ubi?
2976 4295 3235 4364 Dixiego:
3260 4297 3310 4351 In
3333 4300 3599 4366 coquinis,
3629 4301 3685 4353 in
3708 4316 3860 4368 penu,

2290 4384 2342 4438 in
2376 4385 2594 4449 mensis,
2628 4386 2680 4439 in
2707 4387 2863 4441 doliis
2889 4405 2902 4440 :
2929 4403 2989 4442 ea
3019 4388 3300 4459 diligenter
3328 4391 3595 4459 inSpicio,
3638 4407 3693 4448 et
3722 4396 3764 4447 si
3795 4395 3866 4447 vi-

2291 4491 2415 4530 num
2441 4479 2662 4543 acuerit,
2679 4478 2728 4532 id
2747 4493 2999 4549 segrego;
3024 4481 3216 4535 bonum
3237 4493 3411 4537 autem
3426 4483 3553 4540 bibo
3584 4503 3600 4550 ;
3633 4488 3865 4542 similiter

617 4571 746 4634 lum,
774 4570 910 4638 quod
934 4570 1174 4638 capiebat
1204 4573 1342 4625 viros
1370 4573 1583 4628 circiter
1604 4587 1813 4628 centum
1838 4577 2010 4643 :quod
2037 4577 2184 4632 clave
2213 4566 2266 4626 D
2289 4569 2446 4622 ollam
2477 4584 2687 4638 quoque
2717 4570 2993 4639 diligenter
3031 4572 3285 4639 inSpiciO,
3326 4585 3382 4628 et
3426 4577 3471 4628 si
3512 4579 3593 4630 sal
3649 4579 3865 4632 defuerit

613 4662 944 4727 claudentes,
975 4663 1284 4730 aperiebant
1312 4675 1510 4718 tantum
1543 4667 1773 4720 Sabbato
1804 4677 1858 4723 et
1885 4669 2181 4725 Dominica.

612 4753 744 4806 Cum
771 4767 897 4820 ergo
923 4753 1228 4806 didicissem
1252 4769 1462 4808 causam
1489 4765 1874 4824 propterquam
1895 4768 2012 4813 erat
2038 4760 2184 4813 clau-

612 4857 751 4907 sum,
795 4843 1060 4896 silentium
1092 4843 1173 4912 egi
1204 4859 1368 4911 usque
1397 4845 1460 4898 ad
1503 4846 1813 4900 Sabbatum.
1850 4848 1914 4902 Et
1943 4865 2062 4904 cum
2095 4867 2187 4905 ve;

612 4936 808 4988 nissem
851 4935 976 4988 hora
1023 4935 1253 4988 secunda
1279 4976 1294 5002 ,
1344 4936 1396 4988 in
1426 4937 1798 5006 congressione
1846 4955 1967 4994 eum
2009 4943 2184 4997 inveni

609 5025 928 5080 assidentem
967 5024 1018 5078 in
1054 5026 1315 5090 fenestra,
1353 5041 1446 5094 pcr
1491 5008 1646 5096 quam
1679 5028 1955 5082 videbatur
1991 5045 2183 5085 conso-

608 5116 703 5168 lari
735 5130 828 5168 eos
857 5117 944 5184 qui
971 5115 1315 5170 accedebant.
1357 5116 1488 5171 Cum
1533 5136 1618 5174 me
1653 5131 1826 5174 autem
1859 5122 2176 5192 salutasset,

606 5206 741 5259 dixit
770 5221 860 5274 per
888 5207 1230 5273 interpretem
1259 5225 1274 5262 :
1298 5209 1578 5280 Cujasnam
1609 5228 1668 5266 es
1700 5213 1961 5284 regionis,
2006 5226 2060 5270 et
2087 5232 2183 5273 cur

606 5297 836 5351 venisti?
863 5295 1092 5365 eonjicio
1128 5299 1269 5353 enim
1311 5309 1360 5352 te
1398 5314 1517 5354 esse
1557 5318 1618 5356 ex
1655 5315 1919 5359 conventu
1951 5304 2176 5375 Evagrii.

607 5387 725 5441 Dixi
755 5398 929 5442 autem
957 5403 1041 5442 me
1066 5404 1184 5443 esse
1213 5390 1477 5458 hospitem
1509 5409 1573 5446 ex
1605 5393 1840 5466 Galatia,
1885 5409 1936 5452 et
1964 5399 2178 5454 confes-

604 5492 697 5531 sus
725 5493 841 5532 sum
871 5495 954 5531 me
976 5493 1094 5534 esse
1119 5495 1184 5534 ex
1206 5481 1485 5536 sodalitate
1510 5483 1736 5553 Evagrii.
1762 5487 1975 5542 Interim
1999 5499 2173 5544 autem

604 5572 732 5624 dum
793 5571 1153 5640 loqueremur,
1217 5572 1489 5641 ingressus
1526 5585 1607 5628 est
1645 5592 1844 5645 praises
1903 5583 2174 5650 regionis,

605 5662 826 5731 Alypius
856 5664 1104 5727 nomine;
1137 5679 1238 5734 quo
1270 5678 1612 5735 accurrente,
1646 5670 1800 5724 desiit
1831 5687 2035 5728 mecum
2067 5675 2177 5728 eol-

607 5750 769 5816 loqui.
801 5752 933 5810 Cum
960 5770 1089 5824 ergo
1117 5771 1302 5824 parum
1334 5759 1700 5828 secessissctn,
1741 5762 1862 5818 dedi
1891 5762 1968 5818 eis
1999 5764 2172 5820 locum

2289 4665 2372 4718 vel
2401 4663 2725 4719 condimenti
2755 4665 2950 4735 aliquid
2969 4707 2983 4731 ,
3025 4681 3142 4721 eam
3175 4667 3366 4722 condio
3385 4710 3400 4734 ,
3437 4680 3494 4722 et
3523 4670 3603 4724 sic
3632 4687 3750 4724 eam
3780 4687 3864 4726 co-

2291 4757 2468 4810 medo.
2513 4757 2607 4811 llic
2652 4767 2736 4812 est
2775 4773 2924 4812 meus
2965 4758 3337 4827 episcopatus,
3387 4776 3508 4815 mea
3541 4763 3760 4829 inquam
3791 4766 3862 4816 in-

2291 4848 2524 4914 spectio,
2562 4864 2645 4902 me
2674 4849 2815 4902 enim
2846 4850 2910 4902 ad
2943 4865 3063 4904 eum
3097 4851 3296 4920 delegit
3322 4853 3467 4920 gula.
3501 4855 3551 4909 Is
3585 4871 3715 4909 vero
3743 4857 3863 4909 dixit

2291 4936 2785 4992 Subrideus:lllitte
2834 4938 3082 5006 ridicula;
3139 4939 3370 4996 futurum
3417 4954 3506 4997 est
3552 4956 3611 5000 ut
3661 4948 3863 5015 eligaris

2290 5029 2597 5096 episcopus,
2642 5039 2693 5084 et
2721 5031 2943 5085 multum
2974 5033 3215 5099 labores,
3257 5045 3309 5090 et
3348 5037 3640 5107 allligaris;
3675 5041 3719 5094 si
3747 5056 3863 5107 ergo

2288 5118 2425 5188 fugis
2450 5121 2788 5184 afflictiones.
2815 5137 2882 5176 ne
2909 5138 3068 5177 exeas
3097 5141 3126 5178 e
3153 5127 3460 5189 solitudine.
3498 5130 3549 5182 in
3577 5132 3863 5184 solitudine

2285 5209 2427 5262 enim
2457 5224 2615 5263 nemo
2644 5219 2692 5262 te
2719 5223 2887 5280 petest
2914 5214 3162 5269 ordinare
3190 5221 3522 5287 episcopum.
3552 5220 3666 5290 Ego
3693 5234 3859 5275 autc-tn

2283 5297 2400 5367 ejus
2431 5299 2710 5354 verborum
2757 5317 2873 5355 sum
2909 5303 3131 5370 oblitus,
3179 5307 3347 5360 tribus
3383 5309 3528 5363 enim
3563 5321 3684 5378 post
3715 5312 3861 5365 annis

2283 5398 2337 5443 et
2373 5393 2557 5457 splene
2591 5396 2645 5444 et
2673 5391 2948 5448 stomacho
2987 5393 3242 5449 laboravi.
3290 5396 3443 5453 Illinc
3491 5411 3669 5455 autem
3695 5417 3723 5454 a
3752 5403 3859 5456 Ira-

2288 5479 2457 5532 tribus
2498 5480 2693 5534 missus
2724 5497 2841 5536 sum
2872 5484 3273 5550 Alexandriam,
3309 5489 3527 5544 morbus
3567 5492 3709 5546 enim
3750 5491 3859 5562 (93)

2284 5569 2348 5622 ad
2378 5569 2683 5639 hydropisin
2718 5574 2987 5642 vergebat,
3020 5575 3087 5628 ab
3112 5577 3436 5633 Alexandria
3460 5592 3641 5635 autem
3665 5599 3848 5638 ωηερε

2285 5666 2498 5721 luerunt
2529 5668 2720 5723 medici
2751 5679 2808 5723 ut
2848 5672 2985 5725 aeris
3027 5673 3193 5742 gratia
3225 5674 3357 5730 irem
3398 5677 3452 5731 in
3493 5678 3851 5746 Palaestinam;

2283 5766 2445 5822 habet
2470 5767 2607 5823 enim
2637 5767 2775 5833 quod
2792 5769 2856 5824 ad
2875 5785 3044 5826 meam
3063 5773 3246 5830 attinet
3275 5783 3707 5838 temperaturam.
3729 5782 3852 5834 sub-
