4096 6572
297 338 435 408 1113

1531 335 1892 400 HISTORIA
1935 337 2321 400 LAUSIACA.

3405 352 3545 420 11H

288 459 383 512 c‘w
411 459 548 513 Θεόν
568 475 580 493 ·
612 459 729 515 ἀλλ’
766 461 801 533 ή
845 459 1029 540 μήτηρ
1075 458 1242 514 αὐτοῦ
1277 458 1476 531 μικροῦ
1515 459 1627 512 δεῖν
1658 453 1868 540 ἐκινδύ-
1899 455 1944 512 Α
1974 451 2190 540 πάντας
2217 456 2309 508 καὶ
2327 454 2500 540 τούτῳ
2522 457 2781 540 προσχὼν
2811 460 3014 530 μᾶλλον
3041 468 3541 540 προσεκαρτέρουν.

287 558 470 597 νευσε.
520 544 795 597 ’.ἀπελθὼν
821 539 917 597 οὖν
947 544 1204 614 εὑρήσεις
1234 543 1325 597 τὸν
1355 542 1522 597 παῖδα
1553 541 1692 595 ἐπτά
1727 539 1861 608 ἠμέ-

290 653 393 704 ρας
433 635 660 701 ἔχοντα,
696 635 790 685 καὶ
838 633 1118 702 ἐπιθήσεις
1163 632 1310 702 αὐτῷ
1357 631 1418 685 τὸ
1455 629 1550 684 τοῦ
1617 630 1862 683 Ἰωάννου

286 718 492 784 ὄνομαο
538 715 631 768 καὶ
671 715 790 767 κατ’
843 715 1155 785 ἐπιστήμην
1207 713 1370 768 αὐτὸν
1421 711 1734 782 ἀναθρέψας
1783 713 1863 776 είς

283 800 518 868 ἕϐδομον
561 799 680 860 ἔτος
734 798 975 861 ἐλθόντα,
1025 797 1161 866 πρὸς
1205 797 1334 860 τοὺς
1375 797 1642 866 μοναχοὺς
1687 797 1747 849 ἐν
1795 799 1859 868 τῇ

287 884 485 952 ἐρήμῳ
512 880 848 935 ἀπόστειλον.
878 881 987 932 Kal
1015 880 1188 933 ταῦτα
1221 880 1321 950 μὲν
1345 879 1481 947 πρὸς
1509 881 1636 942 τοὺς
1662 880 1861 947 ἔξωθεν

283 965 618 1034 ἐρχομένους
649 965 968 1018 ἀπεδείκνυε
999 963 1070 1016 τά
1102 963 1408 1032 θαυμάσια·
1441 967 1554 1028 τοῖς
1582 964 1639 1017 δὲ
1664 963 1859 1018 ἐαυτοῦ

279 1050 532 1113 πολίταις
569 1048 806 1116 συνεχῶς
837 1048 926 1102 διὰ
963 1049 1061 1110 τὰς
1088 1049 1267 1102 αὐτῶν
1303 1048 1492 1118 χρείας
1531 1051 1666 1118 πρὸς
1697 1049 1860 1102 αὑτὸν

275 1131 508 1198 ἀπιοῦσι
547 1132 840 1204 προεδήλου
869 1150 930 1186 τε
968 1133 1062 1186 καὶ
1092 1133 1463 1203 προεγίνωσκε
1495 1134 1565 1187 τά
1597 1134 1853 1203 ἐσόμενα,

277 1217 378 1270 κα)⁵
407 1218 476 1269 τὰ
506 1217 754 1286 κρυφίως
792 1216 1007 1286 ἑκάστῳ
1037 1218 1422 1287 πεπραγμένα.
1462 1218 1554 1271 καὶ
1601 1219 1731 1288 περὶ⁵
1761 1217 1854 1270 τοῦ

273 1299 500 1362 Νείλου,
528 1302 624 1353 καὶ
652 1299 781 1366 περὶ
820 1298 917 1366 τῆς
951 1299 1226 1369 ίεύφορίας
1264 1301 1431 1369 αὐτῆς
1456 1301 1851 1371 προηγόρευεν.

287 1381 532 1451 Ὅμοίως
555 1381 610 1435 δὲ
635 1382 730 1438 καὶ
757 1381 986 1452 ἀπειλήν
1013 1400 1132 1436 τινα
1158 1381 1250 1434 τοῦ
1279 1383 1413 1436 Θεοῦ
1440 1384 1743 1454 ἐρχομένην
1765 1387 1854 1440 ἐπ’

275 1467 481 1528 αὐτοὺς
511 1466 953 1536 προαπήγγειλεν
972 1507 988 1531 ,
1018 1468 1115 1520 καὶ
1142 1467 1267 1528 τοὺς
1296 1468 1503 1530 αἰτίους
1546 1468 1848 1538 διήλεγχεν,

271 1549 390 1602 Kal
414 1549 574 1611 αὐτὸς
607 1550 704 1617 μὲν
734 1551 762 1602 6
802 1549 1072 1621 μακάριος
1110 1551 1383 1620 Ἰωάννης,
1428 1552 1718 1622 προφανῶς
1753 1553 1852 1617 τὰς

274 1632 454 1696 ιάσεις
491 1633 592 1685 οὐκ
617 1633 882 1698 ἐπετέλει,
910 1633 1087 1688 ἔλαιον
1114 1633 1171 1688 δὲ
1199 1633 1394 1699 διδοὺς,
1431 1635 1716 1701 πλείστους
1741 1637 1850 1692 τῶν

268 1718 594 1786 καμνόντων
630 1717 980 1787 ἐθεράπευεν.

1973 536 2310 600 Ἐξελθόντος
2335 537 2429 592 οὖν
2453 538 2547 593 τοῦ
2571 541 2872 610 ήγεμόνοςξ,
2903 536 3302 614 προσκαλεῖταί
3321 536 3424 620 με,
3447 554 3543 606 καὶ

1971 620 2121 706 λέγει
2146 638 2260 706 μοι·
2281 622 2452 706 Διάμτί
2481 623 2716 696 ἐϐλάϐης
2741 627 2862 679 κατ’
2889 627 3026 696 ἐμοῦ
3051 645 3066 694 ;
3093 629 3144 682 τί
3168 629 3316 694 ἀξιον
3337 633 3542 706 βλάϐης

1971 695 2128 773 εὗρες
2141 705 2198 754 ἐν
2216 704 2334 786 ἐμοί
2351 703 2493 772 ςὈτι
2509 695 2690 761 ἐκεῖνα
2707 695 2936 776 ἐλογίσω
2948 709 3090 779 άπερ
3103 709 3225 764 οὔτε
3243 695 3363 783 ἐμοὶ
3381 695 3543 786 πρόσλ

1968 801 2137 850 εστιν,
2167 785 2290 840 οὔτε
2341 788 2426 841 σοὶ
2450 787 2688 859 ἔπρεπεν
2723 791 2903 845 ἐκεῖνα
2952 792 3290 860 λογίσασθαι.
3329 797 3398 848 Ἦ
3440 798 3538 850 οὐκ

1969 864 2115 930 οἶδας
2135 871 2218 923 ὅτι
2243 871 2551 942 γέγραπται
2573 889 2586 904 ο
2619 875 2692 926 Οὑ
2719 875 2908 944 χρείαν
2941 875 3155 944 ἔχουσιν
3182 878 3231 928 οἱ
3264 877 3538 948 ἰσχύοντες

1972 951 2180 1023 ἰατροῦ,
2198 953 2314 1006 ἀλλ’
2339 955 2387 1006 οί
2413 956 2596 1018 κακῶς
2619 956 2832 1025 ἔχοντες
2852 975 2866 1023 ;
2891 958 2958 1009 Σὲ
2978 959 3066 1010 ὅτε
3095 958 3252 1022 θέλω,
3276 962 3536 1030 εὑρίσκω,

1968 1037 2061 1086 καὶ
2107 1036 2174 1088 σὺ
2206 1037 2327 1106 ἐμέ.
2370 1037 2489 1090 Κᾶν
2519 1038 2630 1107 ἐγώ
2659 1057 2718 1092 σε
2750 1040 2824 1111 μὴ
2859 1042 3229 1111 παρακαλέσω
3249 1083 3264 1104 ,
3297 1027 3446 1098 ἄλλοι
3477 1063 3536 1098 σε

1967 1117 2182 1188 ἀδελφοὶ
2210 1121 2616 1189 παρακαλοῦσιν
2661 1124 2754 1176 καὶ
2784 1123 2934 1178 ἄλλοι
2975 1125 3238 1197 Πατέρες.
3275 1123 3440 1193 Οὗτος
3480 1130 3537 1182 δὲ

1965 1199 2178 1264 ἔκδοτος
2222 1203 2568 1273 ἐκδεδομένος
2617 1205 2695 1276 τῷ
2737 1206 2967 1276 διαϐόλῳ
3004 1208 3094 1260 διά
3117 1209 3226 1261 τῶν
3255 1212 3535 1279 κοσμικῶν

1964 1284 2327 1352 πραγμάτων,
2390 1285 2484 1338 καὶ
2535 1286 2628 1339 ἐὰν
2674 1286 2932 1357 βραχεῖαν
2989 1291 3332 1354 ἀναπνεύσας
3383 1293 3536 1362 ὥραν

1964 1363 2153 1436 ῶσπερ
2175 1383 2259 1430 τις
2284 1367 2557 1438 αὐστηρὸν
2586 1370 2961 1440 δραπετεύσας
2991 1372 3254 1443 δεσπότην
3280 1376 3530 1446 οἰκέτης·

1961 1443 2167 1513 ῦοῦτως
2202 1453 2298 1504 καὶ
2354 1470 2474 1516 οτος
2511 1454 2770 1523 βραχεῖαν
2801 1454 2947 1525 ὥραν
2987 1455 3163 1526 εὑρὼν
3203 1458 3534 1528 παρεγένετο

1961 1534 2095 1602 πρὸς
2121 1535 2265 1602 ἡμᾶς
2297 1534 2390 1588 τοῦ
2439 1536 2809 1606 ὠφεληθῆναι.
2847 1540 3082 1593 ’Δτοπον
3132 1539 3224 1592 οὖν
3277 1542 3424 1610 ἡμᾶς
3459 1538 3533 1611 ἦν

1959 1616 2392 1685 καταλείψαντας
2414 1621 2618 1672 ἐκεῖνόν
2649 1638 2732 1674 σοι
2763 1621 3209 1692 προσδιατρίψαι,
3241 1624 3334 1677 σοῦ
3373 1625 3530 1678 ἀδια-

1957 1695 2190 1762 λείπτως
2223 1703 2287 1767 τῇ
2323 1701 2567 1772 σωτηρίᾳ
2614 1703 2985 1772 σχολάζοντος.
3019 1705 3414 1774 Παρακαλέσας
3435 1703 3530 1760 οὖν
3610 1757 3619 1766 ,

344 1780 734 1869 ὲυγκλητικοῦ
769 1804 877 1873 γάρ
910 1821 1055 1866 τινος
1081 1804 1219 1875 γυνὴ
1251 1805 1350 1868 τάς
1377 1805 1598 1878 δράσεις
1639 1807 1851 1860 ἀποϐα·
1885 1809 1922 1862 Β
1950 1780 2116 1878 fit.th
2136 1782 2258 1878 ἒγδίζ
2295 1781 2556 1878 εὖξαῗθῗίι
2583 1786 2722 1878 ’ξπὲρ
2771 1784 2907 1854 ἐμοῦ
2943 1786 3397 1878 έπλῖὶροξεξῆρὴθην
3435 1807 3528 1842 τε*

264 1883 441 1937 λοῦσα
463 1925 476 1947 ,
511 1885 603 1936 καὶ
635 1885 964 1955 λευκώματα
1005 1887 1146 1940 κατά
1186 1887 1296 1940 τῶν
1333 1889 1512 1957 κορῶν
1543 1891 1847 1959 ποιήσασα,

261 1969 426 2034 ἠξίου
444 1969 583 2037 πρὸς
610 1969 700 2021 τὸν
727 1971 924 2040 ἑαυτῆς
950 1971 1140 2040 ἀνδρα,
1171 1972 1307 2042 πρὸς
1329 1974 1490 2025 αὑτὸν
1509 1973 1844 2044 ἀπαχθῆναι.

277 2050 339 2104 '0
378 2051 436 2102 δὲ
471 2051 548 2113 ὡς
575 2050 762 2119 ἔλεγεν
805 2055 1025 2120 γυναικὶ
1058 2055 1223 2107 αὑτὸν
1260 2055 1381 2122 μηδ’
1418 2057 1554 2118 ὅλως
1590 2075 1847 2111 συντετυ-

263 2133 500 2204 χηκέναι
519 2147 534 2161 ·
566 2135 598 2204 ή
625 2134 681 2187 δὲ
713 2136 1010 2202 παρεκάλει
1036 2137 1197 2204 μόνον
1221 2137 1370 2206 αύτῷ
1391 2137 1720 2208 δηλωθῆναι.
1753 2144 1846 2196 καὶ

260 2214 435 2285 εὐχὴν
465 2215 604 2286 ὑπὲρ
655 2217 828 2286 αὐτῆς
862 2219 1163 2272 ἐκτελέσαι.
1204 2220 1262 2273 '0
1290 2219 1345 2272 δὲ
1369 2219 1445 2282 ὡς
1473 2221 1720 2288 ἐποίησε.
1748 2225 1847 2277 καὶ

259 2299 448 2352 ἔλαιον
477 2301 761 2354 ἀπέστειλε
786 2341 800 2364 ,
831 2301 1140 2371 χρισαμένη
1173 2304 1298 2363 τοὺς
1343 2303 1686 2374 ὀφθαλμοὺς,
1728 2309 1846 2377 τρί-

257 2399 356 2436 τον
391 2384 532 2451 μετά
569 2388 718 2453 τρεῖς
751 2385 966 2454 ἡμέρας
998 2383 1314 2455 ἀνέϐλεψεν,
1348 2388 1445 2440 καὶ
1476 2387 1554 2458 τῷ
1597 2388 1716 2459 Θεῷ
1745 2408 1846 2460 φα..

257 2469 440 2540 νερῶς
463 2470 861 2540 ηὖχαρίστησε.

347 2553 520 2606 Ἐπτά
545 2555 651 2626 γὰρ
675 2551 822 2625 ἦμεν
841 2556 1060 2624 ἀδελφοὶ
1082 2556 1221 2624 ξένοι
1253 2558 1453 2621 πάντες
1475 2559 1533 2611 ἐν
1558 2562 1623 2630 τῇ
1651 2560 1843 2631 ἐρήμῳ

253 2637 362 2706 τῆς
384 2637 636 2706 Νιτρίας,
666 2637 776 2706 ἐγώ
797 2657 881 2704 τε,
912 2640 1015 2693 καὶ
1040 2642 1088 2693 οί
1121 2641 1248 2711 περὶ
1270 2641 1364 2693 τὸν
1398 2642 1667 2713 μακάριον
1702 2643 1838 2696 Εὐά-

255 2738 442 2791 γριον,
485 2721 744 2786 Ἀλϐῖνον,
782 2724 876 2777 καὶ
910 2723 1244 2794 Ἀμμώνιον.
1289 2725 1624 2796 Ἐζητοῦμεν
1651 2727 1840 2796 μαθεῖν

252 2805 361 2875 τὴν
395 2806 686 2874 ἀκρίϐειαν
732 2808 814 2870 τίς
859 2809 891 2876 ή
943 2809 1114 2879 ἀρετὴ
1149 2808 1243 2862 τοῦ
1287 2810 1498 2880 ἀνδρός.
1538 2810 1699 2878 Λέγει
1746 2809 1840 2865 οὖν

256 2887 554 2959 Εὐάγριος·
589 2891 788 2952 Ἡδέως
817 2891 1116 2960 ἐμάνθανον
1154 2892 1305 2962 παρά
1345 2893 1439 2946 τοῦ
1461 2894 1659 2956 εἰδότος
1691 2894 1838 2948 δοκι-

258 2973 460 3040 μάζειν
489 2973 616 3026 νοῦν
648 2975 741 3027 καὶ
763 2974 941 3040 λόγον,
972 2975 1214 3038 ποταπὸς
1234 2978 1317 3046 είη
1343 2978 1372 3030 6
1392 2978 1550 3048 ἀνήρ.
1582 2978 1707 3032 Ἐάν
1730 2980 1838 3051 γὰρ

255 3056 443 3124 μάθω,
476 3056 562 3110 ῐνα
590 3056 737 3126 αὐτῷ
766 3057 1011 3126 συντύχω
1030 3074 1045 3088 ο
1075 3059 1168 3111 ἐὰν
1186 3059 1241 3112 δὲ
1267 3059 1340 3128 μὴ
1370 3060 1526 3127 μάθω
1551 3061 1716 3114 αὐτοῦ
1738 3064 1837 3132 τήν

1950 1863 2110 1929 λείως
2132 1868 2213 1919 δτι
2235 1866 2401 1930 ὅντως
2425 1869 2567 1939 ἀνήρ
2595 1871 2708 1921 ἐστι
2739 1870 3126 1936 πνευματικός.
3153 1871 3284 1922 Τότε
3311 1888 3529 1942 χαριεν-

1950 1949 2232 2017 τιζόμενός
2267 1969 2354 2020 μοι
2389 1954 2454 2021 τῇ
2504 1952 2653 2021 δεξιᾷ
2684 1950 2848 2004 αὐτοῦ
2879 1951 3026 2020 χειρὶ
3058 1954 3138 2015 είς
3181 1952 3279 2023 τὴν
3310 1955 3528 2022 ἀριστε-

1953 2031 2051 2100 ράν
2070 2049 2171 2102 μου
2196 2035 2419 2102 σιαγόνα
2443 2035 2622 2106 ήρέμα
2646 2035 2948 2098 ἐκόσσισεν,
2975 2037 3069 2088 καὶ
3090 2038 3234 2104 λέγει
3255 2054 3364 2107 μοι·
3391 2037 3526 2091 Πολ-

1948 2115 2036 2168 λαί
2062 2132 2120 2167 σε
2140 2115 2361 2184 μένουσι
2376 2118 2606 2186 θλίψεις,
2626 2117 2908 2170 καὶπολλὰ
2926 2118 3271 2190 ἐπολεμήθης
3289 2119 3526 2182 ἐξελθεῖν

1945 2197 2042 2267 τῆς
2065 2199 2296 2269 ἐρήμου,
2328 2201 2419 2252 καὶ
2442 2201 2774 2270 ἐδειλάνθης,
2801 2201 2894 2254 καὶ
2934 2202 3223 2272 ὑπερέθου.
3267 2197 3526 2266 Εὑσεϐεῖς

1945 2281 2002 2334 δέ
2030 2299 2110 2336 σοι
2141 2275 2444 2353 προφάσεις
2467 2286 2562 2338 καὶ
2587 2285 2845 2353 εὐλόγους
2872 2285 3033 2355 δῆθεν
3060 2287 3241 2357 φέρων
3267 2289 3294 2339 6
3315 2287 3523 2358 δαίμων

1946 2367 2316 2438 ἀναῤῥιπίζει.
2364 2368 2623 2422 ’Υπέθετο
2652 2372 2759 2440 γάρ
2788 2387 2867 2422 σοι
2904 2371 2998 2423 καὶ
3031 2370 3128 2439 τήν
3147 2370 3241 2422 τοῦ
3287 2374 3523 2442 πατέρος

1947 2469 2039 2502 σου
2082 2452 2396 2521 ἐπιθυμίαν,
2425 2453 2517 2505 καὶ
2544 2453 2643 2524 τήν
2674 2454 2979 2523 κατήχησιν
3011 2453 3105 2505 τοῦ
3131 2453 3364 2522 ἀδελφοῦ
3402 2471 3520 2518 σου,

1945 2534 2040 2586 καὶ
2070 2534 2169 2604 τῆς
2196 2535 2430 2604 ἀδελφῆς
2464 2552 2557 2588 σου
2606 2537 2685 2597 είς
2712 2536 2803 2587 τὸν
2852 2536 3060 2606 μονήρη
3109 2535 3244 2604 βίον.
3288 2536 3392 2589 Ἴδε
3425 2533 3521 2590 οὖν

1947 2632 2028 2668 σοι
2064 2617 2506 2686 εὐαγγελίζομαι,
2566 2618 2869 2688 ἀμφότεροι
2922 2618 3226 2689 ἐσώθησαν.
3287 2619 3520 2673 Ἀπετά-

1945 2701 2102 2765 ξαντο
2141 2704 2268 2772 γὰρ,
2307 2703 2448 2755 καὶὸ
2478 2703 2662 2772 πατήρ
2697 2719 2793 2753 σου
2827 2702 2990 2771 ζῆσαι
3023 2702 3136 2770 ἔχει
3178 2703 3361 2772 ἀκμὴν
3385 2701 3521 2756 ἀλλα.

1943 2785 2038 2854 ἔτη
2067 2785 2226 2838 ἑπτά.
2267 2785 2624 2856 Ἐγκαρτέρει
2647 2781 2740 2837 οὖν
2765 2787 2828 2838 σὺ
2853 2789 2919 2855 τῇ
2947 2786 3141 2854 ἐρήμῳ
3163 2787 3259 2838 καὶ
3285 2787 3358 2856 μὴ
3389 2786 3518 2839 τού-

1940 2885 2050 2920 των
2079 2869 2241 2939 χάριν
2272 2867 2506 2938 θελήσῃς
2539 2867 2792 2922 ἀπελθεῖν
2826 2868 2884 2920 ἐν
2923 2871 2989 2938 τῇ
3018 2869 3238 2938 πατρίδι
3272 2886 3386 2924 σου.
3419 2870 3522 2922 Γέ-

1941 2968 2186 3024 γραπται
2213 2952 2352 3022 γάρ’
2386 2951 2574 3012 Οὐδεὶς
2606 2949 2880 3003 ἐπιϐαλὼν
2910 2953 3009 3022 τὴν
3038 2955 3196 3021 χεῖρα
3231 2953 3396 3005 αὑτοῦ
3428 2955 3519 3007 ἐπ’

1939 3035 2189 3106 ἄροτρον,
2216 3035 2308 3086 καὶ
2337 3034 2598 3104 στραφεὶς
2627 3034 2705 3095 είς
2733 3033 2801 3086 τὰ
2828 3033 3023 3098 όπίσω,
3046 3033 3430 3097 εῠθετόςιέστιν
3459 3038 3520 3090 ἐν

253 3115 563 3198 πολιτείαν,
597 3115 1056 3209 ούκόπέρχομαι
1085 3141 1189 3205 ἕως
1223 3115 1531 3212 τοῦ1ϐρους.
1571 3115 1838 3208 ’Λκούσάς
1866 3131 1910 3192 C
2038 3119 2317 3212 βῗίσιλείᾳ,
2344 3135 2438 3212 ’ξω
2470 3120 2627 3212 Θε⁰,υ⁶
2677 3118 2996 3212 Ὡςξεὶξηβεὶί
3047 3115 3140 3212 οξῦν
3179 3119 3290 3212 ἐγίί)
3316 3122 3518 3212 ξκῖων

247 3217 351 3274 οὖν
391 3223 503 3288 ἐγὼ
541 3223 729 3292 μηδενὶ
761 3223 928 3293 μηδὲν
957 3223 1194 3293 εἰρηκὼς
1229 3225 1509 3294 ήσυχάσας
1547 3227 1674 3294 μίαν
1698 3228 1835 3296 ἡμέ-

252 3320 381 3374 ραν.
407 3304 507 3373 τήν
537 3305 706 3372 ἀλλην
737 3306 1014 3359 ἀποκλείω
1040 3324 1141 3375 μου
1159 3306 1218 3358 τδ
1237 3307 1467 3370 κελλίον,
1501 3309 1596 3361 καὶ
1623 3309 1700 3378 τῷ
1719 3309 1836 3379 Θεῴ

249 3385 641 3455 παραθέμενος
683 3388 938 3456 ἐμαυτὸν,
988 3389 1082 3441 καὶ
1121 3389 1282 3448 αὐτὸς
1328 3390 1566 3458 ἐσκύλην
1596 3391 1701 3452 ἕως
1730 3391 1837 3461 Θη-

251 3469 463 3533 ϐαΐδος.
498 3471 604 3523 Καὶ
621 3470 830 3536 ἔφθασα
854 3472 922 3524 δι’
947 3473 1169 3543 ἡμερῶν
1189 3472 1486 3538 δεκαοκτὼ,
1515 3474 1582 3526 τὰ
1617 3474 1716 3544 μὲν
1745 3492 1836 3528 πε-

248 3551 475 3614 ξεύσας,
508 3553 572 3606 τά
598 3554 655 3606 δὲ
688 3554 782 3607 καὶ
825 3554 1068 3617 πλεύσας
1109 3556 1166 3606 ἐν
1196 3555 1275 3625 τῷ
1309 3557 1560 3626 ποταμῷ·
1586 3559 1614 3610 6
1643 3560 1834 3629 καιρὸς

245 3635 305 3687 δὲ
333 3631 404 3704 ἦν
433 3636 532 3706 τῆς
563 3638 901 3701 ἀναϐάσεως,
933 3641 991 3691 ἐν
1022 3632 1067 3705 ᾧ
1094 3639 1309 3692 νοσοῦσι
1343 3640 1564 3693 πολλοί·
1590 3641 1618 3693 ὃ
1649 3642 1713 3712 δή
1737 3644 1832 3695 καὶ

247 3717 518 3788 ὑπέστην.
568 3719 843 3773 ’Λπελθῶν
872 3718 964 3774 οὖν
985 3715 1142 3791 εὗρον
1168 3720 1332 3775 αὐτοῦ
1362 3723 1746 3794 κεκλεισμένον
1772 3726 1833 3777 τὸ

245 3805 650 3873 προεισοδικόν.
671 3805 935 3876 ’Υστερον
952 3807 1059 3876 γάρ
1081 3807 1578 3878 προσῳκοδόμησαν
1601 3810 1650 3861 οἱ
1673 3810 1830 3862 ἀδελ-

244 3889 342 3956 ῳοὶ
389 3888 761 3958 προεισοδικὸν
808 3889 1080 3957 μέγιστον.
1118 3894 1174 3942 ἐν
1200 3883 1244 3958 ᾧ
1271 3891 1510 3961 ἐχώρουν
1536 3891 1728 3961 ἄνδρες
1755 3893 1830 3956 ῶς

241 3971 465 4022 ἑκατόν.
496 3973 605 4023 Kal
651 3971 867 4042 κλειδίῳ
909 3972 1328 4038 ἀποκλείοντες,
1368 3975 1509 4028 κατά
1552 3975 1830 4030 Σάϐϐατον

241 4053 344 4104 καὶ
369 4054 654 4123 Κυριακὴν
682 4055 840 4123 μόνον
881 4055 1202 4122 ἀνοίγοντες.
1237 4054 1441 4109 Μαθὼν
1490 4052 1583 4110 οὖν
1619 4059 1717 4128 τὴν
1740 4061 1828 4112 αξ-

240 4134 365 4186 τίαν
395 4135 463 4187 δι’
499 4137 564 4206 ἥν
588 4137 925 4198 ἐκέκλειστο,
951 4140 1234 4208 ἡσυχάσας
1263 4139 1492 4202 ⁹έως.τοῦ
1522 4141 1822 4205 Σαϐϐάτου,

238 4217 341 4270 καὶ
373 4219 821 4290 παραγενόμενος
848 4221 998 4288 ὥραν
1031 4222 1291 4292 δευτέραν
1326 4225 1416 4276 ἐπὶ
1445 4227 1702 4296 συντυχίᾳ
1731 4226 1824 4277 τοῦ

235 4301 453 4354 δικαίου
491 4304 702 4373 ἀνδρὸς,
742 4299 902 4376 εὖρον
929 4305 1091 4358 αὐτὸν
1133 4308 1196 4375 τῇ
1231 4305 1408 4371 θυρίδι
1443 4309 1825 4377 παρακαθεζὸ-

237 4399 426 4452 μενον.
453 4386 532 4436 Δι’
562 4387 628 4456 ἣν
651 4387 826 4439 ἐδόκει
854 4389 1196 4450 παρακαλεῖν
1217 4389 1342 4452 τοὺς
1368 4393 1822 4461 παρατυγχάνον-

233 4484 358 4528 τας.

235 4551 416 4603 Πόθεν
445 4547 518 4618 εἷ,
545 4556 636 4606 καὶ
667 4555 717 4607 τί
765 4557 1187 4624 παραγέγοναςς
1236 4557 1570 4628 στοχάζομαι
1598 4561 1708 4630 γάρ
1758 4577 1817 4612 σε

229 4633 338 4700 τῆς
377 4638 622 4700 συνοδίας
647 4635 786 4693 εἷναι
815 4643 913 4710 τῆς
949 4642 1240 4712 Εὑαγρίου.
1285 4644 1394 4695 Kal
1423 4645 1479 4694 ἐν
1508 4642 1584 4713 τῷ
1613 4645 1816 4714 μεταξὺ

231 4715 547 4771 λαλούντων
575 4721 731 4790 ήμῶν
763 4725 1012 4785 εἰσῆλθεν
1041 4727 1069 4777 6
1098 4726 1278 4796 ἄρχων
1303 4727 1400 4789 τῆς
1432 4727 1616 4796 χώρας
1662 4727 1816 4778 ’Λλύ-

231 4817 361 4863 πιος
396 4801 642 4872 ὀνόματι.
677 4799 753 4860 Οὗ
805 4808 1249 4878 προσδραμόντος
1286 4810 1502 4878 ἀφῆκεν
1550 4810 1650 4880 τὴν
1681 4811 1816 4878 πρὸς

227 4885 335 4953 ἐμὲ
377 4887 594 4955 ὁμιλίαν
631 4891 660 4942 6
699 4891 892 4959 μέγας.
939 4893 1330 4963 ’Λναχωρήσας
1371 4891 1464 4947 οῦν
1498 4895 1677 4962 ὀλίγον
1705 4893 1816 4961 ἐγὼ

226 4969 444 5023 δέδωκα
485 4972 671 5040 αὐτοῖς
701 4976 870 5030 τόπον
924 4979 1004 5040 είς
1051 4978 1114 5030 τὸ
1161 4979 1469 5049 πόρρωθεν.
1511 4979 1637 5032 Ἐπὶ
1678 4979 1812 5031 πολὺ

226 5051 285 5105 δὲ
331 5057 765 5126 συνομιλούντων
811 5061 988 5114 αὐτῶν
1025 5062 1320 5133 ἠκηδίασα,
1369 5063 1462 5115 καὶ
1511 5061 1813 5133 ἀκηδιάσας

227 5140 617 5210 κατεγόγγυσα
645 5143 738 5198 τοῦ
771 5145 1097 5215 καλογήρου,
1128 5148 1207 5209 είς
1243 5147 1342 5216 ἐμὲ
1390 5147 1488 5217 μὲν
1532 5164 1812 5217 καταφρο-

229 5225 520 5293 νήσαντος,
537 5229 869 5298 τιμήσαντος
891 5230 948 5283 δὲ
975 5231 1205 5283 ἐκεῖνον.
1231 5231 1341 5283 Καὶ
1355 5232 1447 5283 ἐπὶ
1469 5230 1644 5299 τούτῳ
1662 5247 1811 5284 σιαν-

228 5307 345 5373 θεὶς
375 5309 476 5381 τὴν
507 5311 750 5366 διάνοιαν
778 5313 1126 5383 ἐσκεπτόμην
1155 5314 1504 5383 ἀναχωρῆσαι
1535 5331 1809 5384 καταφρο-

223 5395 401 5463 νήσας
444 5394 636 5450 αὑτοῦ.
685 5395 1207 5468 Προσκαλεσάμενος
1253 5396 1310 5449 δέ
1349 5398 1378 5450 6
1428 5397 1522 5449 τοῦ
1565 5395 1806 5468 Χριστοῦ

222 5477 412 5543 δοῦλος
439 5480 532 5534 τὸν
558 5481 802 5552 ἑρμηνέα
846 5481 1122 5551 Θεόδωρον
1148 5479 1394 5550 ὀνόματι,
1432 5479 1580 5548 λέγει
1633 5481 1804 5550 αῦτῳ⁶

1943 3205 2202 3276 ῥημάτων
2228 3203 2320 3256 τοῦ
2347 3203 2718 3256 θεοπνεύστου
2750 3202 2964 3274 ἀνδρὸς,
2999 3203 3093 3258 xal
3117 3204 3368 3272 στυφθεὶς
3394 3207 3516 3258 ἱκα-

1937 3289 2063 3352 νῶς,
2094 3288 2472 3358 ηύχαρίστησα
2495 3287 2572 3358 τῷ
2592 3285 2710 3356 Θεῷ
2730 3285 2825 3348 τὰς
2848 3287 3178 3349 ἐλαυνούσας
3206 3305 3273 3356 με
3305 3290 3517 3359 προφά-

1938 3389 2052 3435 σεις
2072 3371 2379 3442 ὴνυσμένας
2414 3370 2600 3441 μαθὼν
2649 3373 2714 3442 τῇ
2746 3373 3052 3440 προγνώσει
3084 3371 3179 3424 τοῦ
3222 3373 3376 3441 ἁγίου
3418 3375 3517 3426 ἀν-

1933 3456 2079 3527 δρός.
2114 3452 2246 3509 Εἶτα
2275 3457 2438 3509 πάλιν
2466 3456 2614 3524 λέγει
2645 3473 2734 3526 μοι
2783 3457 3279 3528 χαριεντιζόμενος,
3325 3457 3514 3521 Θέλεις

1935 3541 2239 3604 ἐπίσκοπος
2283 3540 2573 3608 γενέσθαι;
2622 3538 2762 3607 Ἐγὼ
2787 3540 2841 3592 δέ
2870 3540 3011 3608 λέγω
3051 3541 3222 3609 αὐτῷ,
3247 3541 3328 3593 δτι
3360 3542 3511 3610 Είμί.

1945 3624 2004 3677 '0
2037 3625 2093 3678 δέ
2117 3625 2264 3690 λέγει
2301 3641 2414 3692 μοι,
2451 3625 2612 3685 Ποίας
2646 3623 2884 3684 πόλεως;
2932 3623 3092 3689 Λέγω
3121 3623 3292 3692 αὐτῷ,
3320 3625 3414 3687 Εἰς
3443 3627 3513 3678 τὰ

1937 3711 2248 3778 μαγειρεῖα,
2286 3709 2364 3769 εἰς
2408 3705 2476 3758 τὰ
2507 3706 2803 3776 καπηλεῖα,
2849 3707 2929 3768 είς
2967 3707 3064 3768 τὰς
3091 3708 3396 3774 τραπέζας,
3430 3709 3512 3770 εἰς

1931 3791 2000 3842 τὰ
2021 3793 2283 3862 κεράμια,
2317 3788 2602 3842 ἐπισκοπῶ
2633 3789 2791 3843 αύτά.
2826 3790 2937 3841 Kal
2959 3785 3107 3863 ἐάνῇ
3139 3785 3279 3853 οἶνος
3310 3783 3506 3855 δξῖνος,

1930 3875 2178 3946 ἀφορίζω
2201 3873 2362 3927 αὐτόν
2383 3891 2398 3905 ·
2436 3874 2526 3926 τὸν
2558 3873 2614 3926 δὲ
2653 3873 2892 3944 χρηστὸν
2927 3874 3088 3927 πίνω.
3129 3874 3361 3944 Ὁμοίως
3391 3877 3510 3928 ἐπι-

1931 3962 2118 4015 σκοπῶ
2139 3962 2233 4013 καὶ
2260 3961 2360 4030 τὴν
2386 3960 2612 4030 χύτραν·
2631 3961 2725 4013 καὶ
2753 3960 2852 4011 ἐάν
2881 3959 3044 4030 λείπῃ
3075 3959 3232 4023 ἃλας,
3263 3962 3298 4031 ἦ
3324 3978 3377 4013 τι
3397 3960 3508 4014 τῶν

1927 4046 2304 4117 ἀρτυμάτων,“
2328 4045 2576 4099 ἐκϐάλλω
2607 4045 2686 4106 είς
2735 4045 2928 4116 αὐτὴν,
2970 4046 3064 4097 καὶ
3094 4045 3280 4115 ἀρτύω
3311 4047 3504 4115 αὐτὴν,

1928 4135 2022 4186 καὶ
2045 4132 2215 4196 οὕτως
2249 4132 2418 4203 αὐτὴν
2445 4131 2627 4184 ἐσθίω.
2658 4129 2804 4200 Λῦτη
2837 4132 2938 4200 μού
2967 4132 3114 4184 ἐστιν
3149 4134 3182 4203 ή
3209 4133 3503 4202 ἐπισκοπή.

1941 4218 2376 4289 Ἐχειροτόνησεν
2403 4217 2512 4286 γάρ
2544 4233 2610 4285 με
2647 4217 2679 4284 ή
2711 4216 3144 4286 γαστριμαργία.
3177 4217 3337 4284 Λέγει
3365 4235 3453 4287 μοι
3476 4219 3507 4270 ό

1930 4302 2200 4370 μακάριος
2234 4303 2542 4372 μειδιάσας·
2579 4302 2749 4369 Ἀφες
2789 4300 2859 4352 τά
2897 4299 3140 4368 παίγνια.
3178 4302 3504 4366 Ἐπίσκοπος

1925 4385 2068 4456 ἔχεις
2086 4387 2554 4457 χειροτονηθῆναι,
2574 4387 2670 4438 καὶ
2691 4385 2858 4438 πολλά
2881 4388 3099 4454 καμεῖν,
3115 4388 3207 4440 καὶ
3229 4387 3498 4457 θλιϐἧναι.

442 4468 856 4538 Ἀσπασάμενος
896 4471 991 4526 οὖν
1025 4473 1148 4542 ἐμὲ,
1183 4474 1369 4544 ἔλεγεν
1402 4475 1470 4527 δι’
1515 4476 1817 4545 ἑρμηνέως·
1855 4469 1896 4522 Ι)
1930 4470 1990 4520 lii
2019 4469 2198 4522 τοίνυν
2233 4470 2454 4539 φεύγεις
2491 4469 2720 4536 θλίψεις,
2769 4469 2843 4538 μὴ
2879 4467 3102 4540 ἐξέλθῃς
3135 4470 3234 4538 τῆς
3267 4472 3497 4542 ἐρήμου.

1936 4550 2024 4602 Ἐν
2051 4552 2162 4624 γάρ
2191 4557 2257 4623 τῇ
2297 4556 2488 4625 ἐρήμῳ
2512 4569 2570 4605 σε
2595 4554 2896 4606 ἐπίσκοπον
2928 4554 3306 4622 χειροτονῆσαι
3324 4553 3500 4616 οὐδεὶς

1918 4637 2160 4692 δύναται.
2206 4639 2594 4708 Ἀναχωρήσας
2619 4633 2710 4690 οὖν
2735 4637 2924 4700 αὐτοῦ,
2955 4632 3122 4705 ἦλθον
3140 4639 3217 4699 είς
3236 4637 3333 4706 τὴν
3365 4636 3498 4706 ἔρηο

1921 4742 2018 4793 μον
2046 4727 2122 4786 εἱς
2155 4725 2246 4777 τὸν
2275 4726 2436 4777 τόπον
2466 4742 2566 4791 μου
2595 4724 2686 4775 τὸν
2736 4723 2961 4791 συνήθη,
3016 4723 3154 4774 αύτά
3194 4721 3368 4774 ταῦτα
3414 4722 3493 4773 δι-

1917 4807 2264 4875 ηγησάμενος
2287 4810 2397 4868 τοῖς
2425 4807 2600 4874 ἀγίοις
2627 4807 2904 4876 Πατράσιν
2931 4805 2999 4856 τὰ
3025 4804 3151 4874 περὶ
3173 4803 3266 4856 τοῦ
3300 4803 3494 4855 θεσπε-

1918 4891 2032 4941 σίου
2074 4892 2167 4942 καὶ
2217 4891 2662 4959 πνευματοφόρου
2693 4889 2906 4958 ἀνδρός.
2955 4890 3166 4951 Οἵτινες
3224 4889 3361 4956 μετά
3400 4885 3494 4940 δύο

1918 4973 2092 5041 μῆνας
2119 4973 2542 5034 διαπλεύσαντες
2567 4968 2731 5042 ἦλθον
2764 4973 2860 5023 καὶ
2890 4971 3184 5041 συνέτυχον
3216 4969 3392 5042 τούτῳ
3412 4969 3492 5041 τῷ

1918 5059 2193 5128 μακαρίῳ.
2227 5056 2370 5125 Ἐγὼ
2402 5057 2457 5108 δέ
2482 5058 2508 5108 6
2535 5056 2716 5118 ἄθλιος
2742 5057 2849 5108 τῶν
2885 5057 3146 5125 ῥημάτων
3184 5054 3348 5108 αύτοῦ
3393 5056 3492 5109 ἐπ-

1913 5139 2207 5210 ελαθόμην,
2242 5141 2337 5194 xal
2366 5141 2502 5210 μετά
2531 5140 2655 5212 τρία
2690 5139 2784 5210 ἔτη
2817 5139 3152 5212 ὴρῤώστησα
3177 5139 3490 5210 ἀρρωστίαν

1910 5225 2009 5296 τὴν
2044 5227 2153 5280 ἀπὸ
2184 5225 2416 5290 σπληνὸς
2441 5225 2535 5277 καὶ
2571 5224 2866 5294 στομάχου,
2891 5225 3145 5276 κάκεῖθεν
3176 5223 3489 5292 ἀπεστάλην

1911 5313 1993 5374 εξς
2015 5311 2124 5381 τὴν
2155 5309 2564 5378 Ἀλεξάνδρειαν
2592 5308 2742 5378 παρὰ
2769 5307 2875 5362 τῶν
2904 5306 3169 5377 ἀδελφῶν.
3199 5307 3293 5368 Είς
3320 5305 3490 5374 ὓδρω-

1912 5411 1988 5446 πα
2008 5393 2116 5464 γάρ
2143 5393 2328 5445 λοιπον
2359 5393 2594 5462 ἐμελέτα
2616 5392 2676 5444 τὸ
2711 5391 2902 5456 πάθος.
2941 5392 3072 5443 Ἀπὺ
3102 5391 3199 5460 τῆς
3241 5389 3488 5453 ’Λλεξαν-

1907 5479 2080 5548 δρέων
2117 5477 2278 5528 πάλιν
2307 5476 2737 5530 συνεϐούλευσάν
2767 5494 2856 5546 μοι
2886 5476 2935 5529 οἱ
2962 5475 3140 5546 ἰατροὶ
3172 5474 3281 5527 τῶν
3307 5474 3489 5542 ἀέρων

226 5561 489 5628 ’Λπελθε,
509 5560 631 5621 εἷπε
652 5565 730 5636 τῷ
749 5565 964 5635 ἀδελφῷ
984 5564 1196 5633 ἐκείνῳ,
1220 5565 1294 5633 μὴ
1311 5564 1659 5635 μικροψύχει,
1680 5565 1806 5634 ἀρτι
1907 5563 2093 5616 ἕνεκεν
2137 5560 2576 5631 καταλαμϐάνειν
2626 5577 2692 5631 με
2754 5561 2853 5630 τὴν
2898 5558 3287 5627 Παλαιστίνην.
3333 5558 3488 5626 Ἔχει

221 5646 448 5701 ἀπολύω
463 5649 554 5702 τὸν
581 5651 683 5719 ήγε
693 5649 848 5720 μόνα,
873 5648 968 5702 καὶ
987 5645 1135 5700 λαλῶ
1162 5663 1265 5700 σοι.
1296 5647 1508 5715 Ἔγνων
1534 5647 1628 5702 οὖν
1648 5649 1806 5717 ἀκρι·

219 5728 338 5797 ϐῶς
389 5732 761 5804 πνευματικὸν
802 5731 963 5787 αὑτὸν
1008 5725 1170 5798 εἶναι,
1240 5731 1356 5798 καὶ,
1403 5731 1802 5804 προγινώσκειν

1910 5647 2022 5718 γάρ
2047 5645 2405 5715 λεπτοτέρους
2434 5644 2603 5712 ἀέρας
2627 5645 2700 5707 ῶς
2725 5644 2862 5715 πρὸς
2888 5643 2987 5714 τήν
3011 5643 3208 5714 κρᾶσιν
3229 5642 3328 5710 τὴν
3351 5643 3490 5710 ήμε-

1913 5731 2097 5802 τέραν.
2141 5728 2274 5784 ’Λπὸ
2305 5731 2405 5801 τῆς
2446 5728 2811 5798 Παλαιστίνης
2859 5727 3022 5786 πάλιν
3039 5724 3353 5782 κατέλαϐον
3389 5723 3489 5794 τὴν
