4096 6572
627 353 764 423 1115

2098 336 2447 409 PALLADII

3774 342 3795 409 1
3812 342 3891 409 116

626 470 885 525 Βιθυνίαν
906 483 921 500 ⁶
944 468 1039 523 καὶ
1066 468 1122 522 ἐν
1148 464 1345 541 ταύτῃ,
1374 451 1476 520 οὐκ
1498 461 1615 520 οῖδα
1652 466 1768 530 πῶς
1802 465 1965 533 εῐπω,
1992 464 2101 518 εἴτε
2122 462 2215 516 καὶ
2248 466 2290 519 A
2316 456 2375 541 δὲ
2397 453 2636 541 εἴπαμεν
2668 453 2787 541 [τὴν
2831 448 3089 541 σαερίδα.
3131 452 3227 506 καὶ
3262 453 3355 541 δτι.
3388 448 3677 541 ἀτελείας
3722 456 3894 526 ψυχῶν

622 556 682 622 ἐξ
698 552 1048 626 ἀνθρωπίνης
1063 551 1319 621 σπουδῆς,
1338 550 1448 602 είτε
1466 550 1560 602 καὶ
1583 550 1640 616 ἐξ
1658 550 1908 613 εὐδοκίας
1924 548 2015 602 τοῦ
2037 547 2214 619 κρείτ-

622 656 795 701 τονος,
832 636 989 706 μόνος
1022 636 1050 685 ό
1076 634 1209 696 Θεὸς
1241 633 1306 687 ἂν
1335 633 1526 703 εἰδείη,
1563 630 1911 702 κατηξιώθην
1942 633 2049 701 τῆς,
2074 631 2214 699 ὑπὲρ

623 725 724 794 ἐμὲ
752 720 1107 793 χειροτονίας,
1145 720 1485 789 κοινωνήσας
1510 720 1577 789 τῇ
1606 719 1929 788 περιστάσει
1974 721 2040 788 τῇ
2072 717 2217 771 κατὰ,

623 811 714 861 τὸν
748 806 1017 877 μακάριον
1068 804 1344 873 Ἰωάννην.
1412 804 1522 855 Καὶ
1549 804 1643 856 ἐπὶ
1684 803 1883 856 ἕνδεκα
1932 803 2107 871 μῆνας
2158 802 2216 855 ἐν

624 889 840 960 ζοφερῷ
873 887 1069 955 κελλίῳ
1095 886 1473 955 κρυπτόμενος
1500 886 1785 957 ἐμνήσθην
1813 886 1906 939 τοῦ
1943 883 2216 955 μακαρίου

625 977 721 1029 καὶ
743 971 1048 1041 θαυμασίου
1081 971 1271 1039 ἀνδρὸς
1294 971 1530 1035 ἐκείνου,
1568 972 1651 1024 ὅτι
1687 970 1861 1024 ταῦτά
1894 986 1984 1041 μοι
2026 969 2217 1037 προεί-

631 1074 797 1128 ρηκεν
827 1058 971 1123 άπερ
1002 1054 1096 1106 νῦν
1119 1053 1380 1123 ὑπέστην.

698 1138 1006 1209 Διηγήσατό
1023 1152 1111 1207 μοι
1124 1137 1179 1189 δὲ
1194 1137 1289 1190 καὶ
1305 1137 1463 1191 τοῦτο
1476 1139 1504 1190 ὀ
1526 1137 1701 1208 μέγας
1721 1138 1963 1209 ἀθλητής
1977 1134 2070 1190 τοῦ
2084 1137 2219 1208 Χρι-

632 1222 781 1287 στοῦ,
800 1223 873 1284 ὡς
897 1222 1129 1291 ὀφείλων
1156 1238 1221 1290 με
1245 1220 1333 1273 διά
1356 1221 1450 1273 τοῦ
1487 1221 1824 1291 διηγήματος
1856 1223 1936 1282 εἰς
1962 1220 2062 1291 τὴν
2085 1222 2216 1273 ὑπο-

635 1307 803 1376 μονὴν
830 1307 1056 1373 ἀγαγεῖν
1075 1305 1173 1373 τῆς
1218 1305 1429 1374 ἐρήμου
1472 1306 1610 1375 πρὸς
1636 1306 1695 1357 τὸ
1725 1305 1998 1375 μηδέποτε
2050 1305 2219 1373 αὐτῆς

631 1389 966 1460 χωρισθῆναι
987 1405 1000 1419 ·
1021 1388 1196 1456 λέγων
1234 1405 1323 1457 μοι
1345 1387 1521 1452 τοῦτο,
1541 1389 1621 1441 ὅτι
1648 1387 2220 1458 Τεσσαρακονταοκτὼ

633 1476 728 1545 ἐτη
764 1476 871 1544 ἔχω
900 1478 954 1526 ἐν
985 1478 1051 1544 τῇ
1083 1474 1245 1544 κέλλῃ
1273 1473 1447 1545 ταύτῃ
1474 1490 1487 1503 ο
1528 1473 1587 1524 οὐ
1624 1474 1883 1539 γυναικὸς
1927 1473 2220 1541 πρόσωπον

636 1560 765 1623 ῖδον,
802 1561 861 1612 οὐ
892 1559 1255 1629 νομίσματοςο
1286 1558 1345 1609 οὐ
1374 1557 1730 1627 μασσώμενόν
1764 1557 1830 1625 μέ
1860 1574 1941 1618 τις
1970 1556 2099 1620 ῖδεν,
2123 1556 2221 1609 οὐκ

634 1644 903 1709 ἐσθίοντα,
932 1645 993 1694 οὐ
1030 1643 1250 1694 πίνοντά
1288 1659 1353 1711 με
1400 1641 1507 1693 ἴδεν
1534 1658 1618 1703 τις
1648 1643 1885 1695 πώποτε.

720 1740 1108 1811 Ἀναχωρήσας
1140 1738 1232 1792 οὖν
1266 1738 1429 1791 αὐτοῦ
1458 1736 1619 1810 ἦλθον
1659 1740 1740 1803 εἰς
1769 1740 1868 1811 τὴν
1900 1740 2107 1811 ἔρημον
2141 1741 2221 1804 εἰς

636 1822 727 1877 τὸν
756 1825 921 1877 τόπον
972 1842 1072 1893 μου
1115 1824 1205 1876 τὸν
1236 1824 1462 1895 συνήθη,
1496 1823 1635 1877 αὐτὰ
1665 1825 1834 1877 ταῦτα
1884 1824 2217 1895 διηγησάμεο

638 1913 728 1971 νός
750 1911 858 1969 τοῖς
891 1909 1065 1975 ἁγίοις
1089 1907 1336 1979 Πατράσι
1352 1908 1420 1959 τὰ
1442 1908 1680 1975 περὶτοῦ
1703 1907 1993 1959 θεσπεσίου
2012 1907 2221 1977 ἀνδρός·

639 1990 849 2053 οἵτινες
881 1990 1021 2057 μετὰ
1057 1989 1149 2041 δύο
1184 1991 1359 2059 μῆνας
1397 1988 1870 2059 μεταπλεύσαντες
1908 1984 2099 2059 ἦλθον,
2129 1989 2227 2041 καὶ

643 2076 932 2142 συνέτυχον
965 2072 1112 2142 αὐτῷ
1136 2113 1150 2137 ,
1190 2074 1285 2126 καὶ
1320 2072 1479 2125 αὐτοὶ
1519 2074 1652 2143 ἡμῖν
1691 2073 2042 2144 διηγήσαντο.
2082 2073 2228 2143 Πρὸς

642 2157 804 2211 αὑτὸν
820 2157 876 2209 δὲ
897 2156 1227 2217 ἀπελθόντας
1244 2156 1529 2225 ἠσπάσατο
1546 2157 1713 2225 ἡμᾶς,
1731 2156 1938 2228 φαιδρῷ
1954 2159 2032 2228 τῷ
2054 2174 2225 2224 προσ-

643 2240 779 2308 ώπῳ
819 2240 1033 2308 ἑκάστῳ
1064 2240 1610 2309 προσιλαρευόμενος.
1636 2242 1745 2293 Καὶ
1770 2239 2030 2310 ἠξιοῦμεν
2062 2240 2225 2294 αὐτὸν

646 2324 808 2387 εὐθὺς
841 2323 1005 2392 εὐχήν
1043 2322 1256 2375 τελέσαι
1292 2322 1507 2391 πρῶτον
1544 2323 1684 2391 ὑπὲρ
1713 2323 1871 2393 ήμῶν
1903 2324 2078 2393 (τοῦτο
2118 2325 2227 2394 γὰρ

646 2405 766 2469 ἔθος
782 2410 893 2470 τοῖς
926 2408 1203 2477 Πατράσιν
1234 2406 1348 2458 ἐστὶ
1372 2408 1504 2459 πᾶσι
1532 2409 1642 2469 τοῖς
1667 2409 1723 2459 ἐν
1758 2406 2061 2478 Αἰγύπτῳ).
2096 2406 2153 2459 Ὀ
2173 2407 2229 2459 δέ

646 2492 877 2544 ἐπύθετο
903 2491 975 2562 μὴ
1001 2493 1107 2561 ἄρα
1132 2508 1212 2553 τις
1242 2490 1503 2560 κληρικδς
1530 2492 1586 2542 ἐν
1608 2488 1740 2561 ήμῖν
1766 2491 1872 2559 εἴη.
1912 2488 1998 2553 Ὠς
2016 2491 2070 2542 δὲ
2092 2490 2228 2560 ἔφη·

651 2592 751 2645 μεν
767 2576 967 2637 πάντες
988 2575 1062 2646 μὴ
1080 2570 1325 2635 εἷναι,-πε
1336 2574 1563 2643 ριϐλεψά
1571 2590 1729 2643 μενος
1748 2574 1996 2637 ἅπαντας
2015 2575 2231 2641 ἐπέγνω

650 2660 744 2713 τὸν
771 2658 1152 2727 κεκρυμμένον
1175 2652 1262 2729 (ἦν
1285 2657 1342 2709 δὲ
1358 2657 1464 2727 ἄρα
1487 2652 1565 2719 εἷς
1583 2658 1641 2721 ἐξ
1664 2658 1818 2727 ήμῶν
1836 2658 1933 2727 τῆς
1956 2656 2233 2719 διακονίας

649 2744 979 2813 ἠξιωμένος,
997 2742 1115 2805 ἐνὸς
1132 2741 1360 2810 ἀδελφοῦ
1383 2741 1514 2794 αὐτὸ
1533 2741 1693 2794 τοῦτο
1724 2742 2019 2805 ξυνειδότος
2046 2742 2231 2813 μόνου,

648 2819 695 2893 ᾧ
724 2828 816 2879 καὶ
851 2824 1187 2896 παρήγγειλε
1238 2824 1427 2894 μηδενὶ
1455 2826 1707 2894 φράζειν,
1734 2825 2233 2895 ταπεινοφροσύνης

650 2908 838 2975 ἕνεκα,
873 2912 967 2963 καὶ
992 2911 1074 2961 ὅτι
1104 2910 1161 2960 ὲν
1197 2906 1478 2977 συγκρίσει
1510 2909 1767 2961 τοιούτων
1804 2909 1972 2976 ἁγίων
2004 2910 2099 2962 καὶ
2134 2912 2234 2980 τῆς

653 2994 1026 3063 προσηγορίας
1070 2991 1176 3043 τῶν
1230 2991 1576 3061 Χριστιανῶν
1637 2991 1789 3060 μόλις
1842 2991 2031 3043 ἑαυτὸν
2087 2990 2235 3055 ἄξιον

654 3082 860 3145 ἡγεῖτο,
906 3078 1102 3146 μήτιγε
1140 3076 1235 3129 τοῦ
1272 3076 1637 3146 ἀξιώματος).
1674 3076 1751 3145 Τῇ
1794 3077 1938 3145 χειρὶ
1991 3071 2084 3128 οῦν
2114 3077 2234 3128 ἐπιο

2316 540 2477 592 ἕνεκα
2518 537 2626 590 ἀπὸ
2666 535 3055 608 Ἱεροσολύμων
3086 537 3499 607 παρεγενόμεθα
3532 539 3677 608 πρὸς
3706 541 3786 606 σὲ,
3815 543 3892 608 ἶν’,

2320 623 2464 690 άπερ
2500 619 2567 673 δι’
2615 619 2786 689 ἀκοῆς
2834 618 3279 688 παρειλήφαμεν,
3317 620 3488 673 ταῦτα
3516 622 3687 690 ὂψεσι
3731 639 3895 691 παρα-

2276 772 2288 794 .
2320 704 2573 775 λάϐωμεν
2602 696 2738 773 (ὦτα
2767 702 2875 772 γάρ
2897 702 3141 770 πέφυκεν
3155 704 3487 794 ἀπίστοτερα
3515 700 3676 758 εἶναι
3705 707 3891 773 ὀφθαλ-

2323 774 2485 858 μῶν,
2529 786 2623 838 καὶ
2670 787 2751 838 ὅτι
2790 788 2855 855 τῇ
2892 786 3027 855 ἀκοῇ
3077 785 3336 849 πολλάκις
3368 774 3502 858 λήθη
3561 805 3653 851 τις
3694 789 3891 850 ἕπεται.

2319 872 2419 939 τῆς
2450 869 2505 923 δέ
2534 869 2778 940 ὁράσεως
2816 870 2850 939 ή
2893 870 3082 940 μνήμη
3115 872 3213 923 οὐκ
3261 858 3635 941 ἀπαλείφεται
3666 889 3683 903 ’
3732 872 3835 925 ἀλλ’
3863 878 3893 945 ή

2295 952 2533 1026 κὶστορία
2583 955 2652 1023 τῇ
2703 951 2913 1022 διανοίᾳ
2967 954 3131 1004 οἱονεὶ
3182 954 3585 1023 ἐντετύπωται)
3619 971 3636 986 ο
3683 951 3801 1010 εἰπε
3840 959 3895 1027 δὴ

2321 1040 2459 1109 πρὸς
2482 1038 2628 1107 ἡμᾶς
2668 1035 2991 1105 ἀποκριθεὶς
3039 1036 3069 1087 ό
3122 1038 3410 1106 μακάριος·
3438 1039 3554 1090 Καὶ
3598 1039 3655 1090 τί
3701 1040 3896 1107 θαυμα-

2323 1124 2447 1176 στὸν
2476 1122 2756 1191 ὀψόμενοι,
2809 1114 2855 1172 ὦ
2888 1119 3343 1189 προσφιλέστατοι
3392 1122 3610 1185 παῖδες,
3651 1124 3897 1192 τοσαύτην

2322 1207 2438 1261 ὁδὸν
2483 1206 2576 1259 καὶ
2610 1204 2859 1274 κάματον
2896 1203 3211 1273 ὑπήλθατες
3247 1204 3576 1274 ἀνθρώπους
3619 1208 3901 1270 ταπεινοὺς

2323 1292 2417 1343 κοιλ⁵
2457 1289 2695 1355 εὐτελεῖς
2733 1289 2865 1358 ὀρᾷν
2911 1286 3340 1356 ἐπιθυμήσατε,¹
3366 1287 3519 1340 οὐδὲν
3572 1288 3731 1352 ἀξιον
3783 1290 3903 1343 θεω.

2325 1373 2470 1444 ρίας,
2496 1372 2617 1425 οὐδὲ
2640 1371 2918 1441 θαύματος
2942 1370 3187 1438 ἔχοντας.
3214 1370 3495 1439 Πανταχοῦ
3516 1371 3578 1423 δέ
3613 1376 3754 1424 εἰσιν
3778 1373 3902 1437 ἄξιοι

2324 1456 2600 1525 θαύματος
2647 1455 2741 1507 καὶ
2780 1452 3027 1514 ἐπαίνου,
3083 1451 3216 1504 ὅπου
3247 1451 3384 1503 Θεοῦ
3415 1455 3706 1524 προφῆταί
3736 1473 3793 1506 τε
3823 1458 3905 1508 καὶ

2323 1539 2612 1593 ἀπόστολοι
2645 1542 2702 1591 ἐν
2731 1540 2853 1600 ταῖς
2882 1535 3203 1604 ἐκκλησίαις
3254 1536 3733 1603 ἀναγινώσκονται
3763 1578 3778 1602 ,
3821 1540 3903 1601 οῦς

2323 1624 2404 1676 δεῖ
2438 1621 2745 1692 μιμεῖσθαι.
2795 1620 3072 1690 Θαυμάζω
3102 1619 3193 1680 δὲ,
3225 1622 3413 1690 φησὶν,
3458 1620 3587 1672 λίαν
3618 1624 3785 1687 ὑμᾶς,
3820 1624 3905 1673 καὶ

2324 1707 2423 1776 τὴν
2455 1705 2607 1775 ὑμῶν
2639 1702 2895 1772 σπουδὴν,
2929 1702 3045 1764 πῶς
3090 1700 3367 1763 τοιούτους
3404 1703 3765 1773 ὑπεριδόντες
3800 1723 3905 1756 xw-

2254 1812 2294 1867 Β
2330 1788 2539 1853 δύνους,
2571 1787 2637 1839 δι’
2667 1786 2938 1855 ὠφέλειαν
2968 1785 3103 1855 πρὸς
3133 1786 3279 1855 ἡμᾶς
3313 1786 3642 1855 ἐληλύθατε,
3676 1788 3904 1856 δι’ήμῶν

2331 1872 2435 1925 ὑπὸ
2475 1870 2735 1940 ὀκνηρίας
2790 1868 2924 1938 μηδέ
2956 1868 3120 1921 αὐτοῦ
3172 1868 3265 1921 τοῦ
3323 1870 3595 1939 σπηλαίου
3636 1871 3904 1938 προελθεῖν

2330 1954 2693 2026 βουλομένων.
2742 1952 2906 2004 Ἀλλά
2944 1968 3007 2020 γε
3057 1951 3174 2017 νῦν,
3228 1953 3414 2022 φησὶν,
3466 1955 3513 2005 εἰ
3569 1955 3669 2005 καὶ
3698 1955 3902 2005 ἔπαινον

2329 2039 2482 2109 ὑμῶν
2516 2038 2627 2106 ἔχει
2656 2036 2717 2089 τὸ
2750 2038 2980 2106 πρᾶγμα
3018 2035 3095 2098 ὡς
3122 2035 3287 2089 καλὸν
3318 2035 3775 2107 κατορθώσαντες
3800 2038 3902 2088 lx:-

2328 2123 2433 2185 νῶς
2462 2121 2607 2191 ἔχειν
2634 2120 2822 2188 δόξητε
2848 2160 2862 2183 ,
2899 2118 3035 2171 ἀλλὰ
3079 2118 3334 2187 μιμεῖσθε
3385 2121 3483 2181 τὰς
3519 2121 3732 2189 ἀρετάς
3774 2120 3834 2182 ἀς
3857 2121 3898 2171 οἱ

2330 2206 2567 2275 πατέρες
2595 2204 2750 2273 ὑμῶν
2786 2203 3163 2272 μετέρχονται.
3202 2204 3262 2254 Εἰ
3288 2202 3346 2254 δὲ
3401 2204 3496 2255 καὶ
3552 2204 3744 2265 πάσας
3780 2204 3899 2268 κτή-

2330 2288 2510 2351 σεσθε,
2568 2288 2705 2355 ὅπερ
2766 2285 3011 2348 σπάνιον,
3079 2284 3217 2353 μηδὲ
3264 2284 3441 2347 οὑτως
3482 2287 3708 2347 ἑαυτοῖς
3754 2301 3899 2337 κατα-

2330 2369 2683 2440 πιστεύσητε.
2725 2367 2881 2430 Τινὲς
2920 2367 3028 2437 γάρ
3056 2367 3198 2421 οὕτω
3227 2367 3635 2436 θαρρήσαντες,
3659 2368 3751 2420 καὶ
3786 2368 3901 2436 πρὸς

2331 2454 2463 2507 αὐτὸ
2508 2453 2568 2504 τὸ
2626 2451 2761 2519 ὕψος
2814 2450 2923 2502 τῶν
2986 2450 3198 2520 ἀρετῶν
3256 2450 3567 2517 γεγονότες,
3626 2451 3778 2515 τέλος
3824 2452 3902 2517 ἀφ.

2332 2534 2539 2604 ὑψηλοῦ
2562 2532 3013 2586 ἐκπεπτώκασιν.
3054 2533 3194 2585 Ἀλλ’
3228 2534 3393 2601 ὁρᾶτε
3443 2535 3492 2585 εἰ
3536 2532 3601 2585 εὖ
3650 2533 3762 2602 ἔχει
3790 2535 3901 2601 ὑμῖν

2333 2621 2391 2671 ἐν
2420 2620 2539 2679 ταῖς
2568 2618 2935 2685 προσευχαῖς·
2960 2617 3008 2667 εἰ
3048 2616 3123 2685 μὴ
3156 2616 3219 2668 τὸ
3245 2614 3492 2685 καθαρὸν
3541 2617 3647 2685 τῆς
3687 2617 3901 2677 διανοίας

2333 2701 2487 2773 ὑμῶν
2522 2699 2854 2752 τεθόλωται·
2885 2699 2933 2750 εἰ
2994 2698 3070 2769 μή
3100 2702 3128 2752 ό
3185 2699 3310 2762 νοῦς
3360 2698 3515 2767 ὑμῶν
3563 2700 3901 2769 ῥεμϐασμούς

2334 2786 2532 2853 πάσχει
2556 2783 2709 2844 τινὰς
2739 2784 2821 2845 εἰς
2848 2782 3021 2858 εὐχὴν.
3068 2781 3146 2850 τῷ
3198 2781 3317 2850 Θεῷ
3359 2784 3773 2852 παριστάμενος
3796 2800 3810 2812 ’
3841 2784 3903 2852 μὴ

2333 2868 2519 2939 ἕτερός
2560 2883 2643 2929 τις
2691 2864 3065 2934 παρεισελθὼν
3095 2866 3356 2934 λογισμὸς
3385 2866 3477 2919 τὸν
3506 2866 3638 2919 νοῦν
3684 2869 3767 2919 ἐπ’
3794 2867 3903 2919 ἀλλο

2333 2971 2386 3007 τι
2413 2951 2639 3023 στρέφει
2659 2964 2674 2979 ⁸
2713 2950 2788 3019 μὴ
2818 2950 3004 3019 μνήμη
3031 2965 3115 3011 τις
3138 2949 3246 3001 τῶν
3276 2950 3494 3002 ἀτόπων
3520 2949 3902 3020 ἐνθυμημάτων

2337 3034 2661 3104 παρενοχλεῖ
2687 3036 2754 3102 τῇ
2793 3033 3022 3103 διανοίᾳ.
3067 3032 3263 3101 Ὁρᾶτε
3297 3034 3346 3084 εἰ
3377 3032 3518 3084 κατά
3558 3032 3815 3103 ἀλήθειαν
3838 3030 3903 3100 τῷ

661 3114 860 3145 ιιιειυυο
906 3114 1102 3146 ιον-ιι·-
1150 3114 1235 3129 ww
1272 3114 1637 3146 *w-wr'wu-
1683 3114 1751 3145 -ιι
1795 3114 1938 3145 aut"
1992 3114 2081 3128 νυν
2114 3114 2234 3128 ’ν’-ν*
2576 3120 2584 3129 ·
2671 3133 2701 3147 .-
2886 3132 2939 3145 --
3190 3114 3201 3131 '
3716 3133 3741 3145 ο
3878 3134 3887 3141 ι

654 3163 868 3222 δεικνὺς
906 3161 1093 3224 αὐτὸν,
1128 3161 1294 3212 πᾶσιν
1338 3159 1521 3225 ἔλεγεν
1544 3198 1559 3223 ,
1594 3152 1762 3220 Οὗτος
1808 3157 2053 3223 διάκονός
2093 3162 2232 3214 ἐστι.
2260 3143 2307 3207 C
2340 3114 3903 3225 f’_“,§*fff_“f:,ff,f‘jlf£i:af

658 3248 701 3298 Τ
705 3246 766 3298 οῦ
801 3245 858 3297 δὲ
886 3244 1123 3313 συνεχῶς
1146 3242 1503 3313 ἀρνουμένου,
1538 3242 1633 3293 καὶ
1654 3241 1837 3294 λαθεῖν
1872 3244 2237 3315 πειρωμένου,

658 3330 957 3399 λαϐόμενος
985 3326 1151 3379 αὐτοῦ
1193 3327 1291 3394 τῆς
1334 3326 1535 3397 χειρὸς,
1566 3328 1629 3378 ἐκ
1658 3326 1757 3392 τῆς
1796 3327 2007 3396 θυρίδος
2039 3330 2238 3397 ἐφίλει,

664 3416 754 3468 καὶ
781 3411 1048 3464 νουθετῶν
1068 3409 1388 3480 παρεκάλει,
1416 3410 1609 3475 λέγων,
1628 3410 1718 3482 Μή
1746 3411 1926 3463 ἀθέτει
1954 3411 2052 3482 τὴν
2079 3413 2239 3483 χάριν

662 3496 755 3552 τοῦ
787 3493 945 3558 Θεοῦ,
972 3498 1191 3548 τέκνον·
1232 3493 1366 3561 μηδὲ
1401 3493 1579 3566 ψεύσῃ
1623 3495 1956 3564 ἀρνούμενος
1998 3498 2097 3567 τὴν
2133 3498 2239 3550 δω-

666 3580 795 3651 ρεὰν
822 3578 986 3633 αὐτοῦ
1011 3577 1269 3648 Χριστοῦ.
1308 3576 1381 3628 Τὸ
1414 3578 1522 3646 γάρ
1547 3578 1739 3646 ψεῦδός
1771 3581 1919 3631 ἐστιν
1963 3580 2239 3650 ἀλλότριον

662 3677 757 3729 τοῦ
801 3674 1060 3746 Χριστοῦ,
1100 3672 1319 3727 καὶτῶν
1366 3674 1733 3744 Χριστιανῶν,
1779 3674 1881 3728 κᾶν
1916 3676 2007 3728 ἐπί
2034 3675 2237 3746 μικρῷ,

664 3761 769 3815 κᾶν
802 3763 894 3813 ἐπὶ
952 3758 1172 3830 μεγάλῳ
1203 3758 1427 3827 γένηται
1482 3758 1802 3828 πράγματιο
1864 3759 1964 3812 κᾶν
2003 3760 2090 3813 διὰ
2124 3761 2241 3814 τόδε

664 3844 934 3914 χρήσιμον
977 3843 1223 3912 γένηται,
1283 3841 1431 3909 ὅμως
1464 3840 1584 3892 οὐδέ
1622 3845 1769 3893 ἐστιν
1808 3843 2116 3906 ἐπαινετὸν,
2147 3844 2241 3897 τοῦ

666 3926 917 3996 Σωτῆρος
939 3926 1202 3987 εἰπόντος,
1227 3924 1306 3976 ὅτι
1327 3924 1386 3975 τὸ
1405 3922 1596 3992 ψεῦδος
1623 3925 1787 3978 αὐτοῦ
1813 3927 2049 3997 πονηροῦ
2074 3929 2240 3982 ἐστιν,

682 4008 739 4062 '0
769 4009 825 4061 δὲ
866 4008 1144 4077 ἐλεγχθεὶς
1169 4006 1465 4076 ἡσύχασεν,
1494 4009 1928 4079 καταδεξάμενος
1956 4012 2121 4064 αὐτοῦ
2147 4011 2245 4082 τὴν

668 4095 901 4163 πραεῖαν
946 4093 1283 4162 ἐπιτίμησιν.
1328 4090 1656 4161 Εὐξαμένων
1696 4093 1753 4145 δὲ
1801 4095 1958 4163 ήμῶν
2001 4096 2098 4148 καὶ
2149 4096 2246 4167 τὴν

670 4176 834 4245 εὐχὴν
881 4175 1310 4245 πληριυσάντων,
1346 4171 1424 4238 εἷς
1463 4178 1519 4241 ἐξ
1570 4177 1729 4247 ήμῶν
1754 4178 1983 4247 ἀδελφὸς
2021 4180 2249 4250 τριταίῳ

672 4259 774 4330 ήδη
811 4260 1032 4330 πυρετῷ
1078 4259 1266 4321 δεινῶς
1297 4263 1673 4330 συνεχόμενος,
1701 4262 1852 4331 ἠξίου
1903 4263 2250 4334 θεραπευθῆ-

674 4362 783 4398 ναι.
821 4346 1078 4405 Εἰπόντος
1098 4345 1153 4397 δὲ
1187 4345 1280 4396 τοῦ
1312 4346 1551 4413 Πατέρος
1580 4347 1715 4415 πρὸς
1750 4346 1911 4399 αὐτὸν
1952 4350 2251 4419 συμφέρειν

2341 3199 2656 3269 ἐλευθερίαν
2695 3199 2854 3267 ήμῶν
2889 3196 3327 3268 προσεληλύθατε
3352 3213 3365 3225 ·
3400 3200 3450 3250 εἰ
3483 3198 3558 3268 μή
3603 3198 3743 3268 πρὸς
3776 3213 3903 3249 κενου

2340 3282 2520 3348 δοξίαν
2546 3282 2646 3345 τάς
2677 3280 2951 3351 ὑμετέρας
2984 3279 3187 3350 ἀρετὰς
3216 3278 3444 3350 θηρᾶτε,
3479 3281 3563 3333 ἵνα
3612 3280 3679 3351 δὴ
3702 3281 3773 3342 ὡς
3806 3281 3901 3331 ἔπιε

2339 3365 2675 3427 δεικνύοντες
2706 3364 3009 3434 φανήσεσθε
3030 3367 3143 3426 τοῖς
3173 3362 3482 3434 ἀνθρώποις
3510 3364 3581 3417 τά
3605 3364 3760 3434 ἡμῶν
3784 3364 3900 3432 ἔργα

2344 3448 2689 3521 μιμούμενοι.
2736 3448 2932 3517 Ὀρᾶτε
2987 3446 3063 3517 μὴ
3120 3447 3293 3510 πάθος
3337 3448 3464 3517 ὑμῖν
3503 3448 3801 3518 ἐνοχλήσει,
3836 3448 3897 3514 μὴ

2340 3534 2475 3603 τιμὴ
2510 3534 2600 3584 καὶ
2648 3529 2798 3594 δόξα,
2846 3531 2941 3583 καὶ
2989 3530 3231 3593 ἔπαινος,
3265 3530 3633 3599 ἀνθρώπινος,
3671 3532 3743 3601 μή
3773 3532 3897 3599 ἱερα-

2338 3617 2491 3677 τείας
2523 3615 2811 3683 ὑπόκρισις
2854 3614 2947 3665 καὶ
2973 3614 3256 3679 φιλαυτίας
3277 3630 3289 3642 ·
3335 3613 3409 3683 μὴ
3442 3613 3757 3684 νομίζοντες
3783 3608 3899 3664 εἶναι

2342 3699 2609 3761 δικαίους,
2661 3698 2753 3748 ἐπὶ
2810 3695 3125 3767 δικαιοσύνῃ
3184 3697 3547 3765 καυχήσεσθε.
3608 3699 3701 3765 Μὴ
3735 3697 3895 3766 μνήμῃ

2356 3779 2692 3849 συγγενειῶν
2754 3780 2847 3829 ἐπὶ
2904 3782 2972 3848 τῇ
3020 3778 3229 3830 διανοία
3297 3781 3782 3849 προσευχομένων’
3834 3780 3896 3845 μὴ

2351 3868 2538 3936 μνήμῃ
2587 3860 2902 3925 εὐπαθείας,
2940 3862 2973 3931 ἢ
3024 3861 3191 3931 ἄλλης
3237 3863 3378 3925 τινὸς
3415 3864 3735 3925 διαϐάσεως,
3783 3860 3894 3930 μηδὲ

2347 3947 2511 4002 αὐτοῦ
2551 3946 2673 3998 ὅλου
2719 3945 2813 3997 τοῦ
2864 3945 3094 4014 κόσμου.
3140 3947 3200 3997 Εἰ
3255 3946 3312 3997 δὲ
3358 3946 3452 4016 μὴ,
3513 3950 3801 4015 ματαιότης
3847 3944 3896 3995 τὸ

2351 4031 2585 4101 πρᾶγμα
2604 4029 2847 4096 γίνεται⁶
2873 4029 3002 4080 ὅταν
3039 4046 3122 4090 τις
3152 4028 3358 4098 ὁμιλῶν
3410 4029 3485 4098 τῷ
3539 4034 3603 4082 Δε
3618 4032 3777 4100 σπότῃ
3809 4028 3896 4080 ὑπὸ

2347 4114 2455 4165 τῶν
2504 4114 2889 4165 ἀντισπώντων
2946 4110 3221 4181 λογισμῶν
3271 4114 3670 4183 καταφέρηται.
3720 4115 3893 4181 Πάσχει

2348 4197 2405 4248 δὲ
2429 4194 2518 4246 τὸν
2542 4194 2754 4246 ὄλισθον
2797 4192 2986 4245 τοῦτον
3015 4194 3110 4262 τῆς
3142 4194 3379 4257 διανοίας
3408 4197 3640 4259 ἕκαστος
3682 4198 3751 4265 μή
3775 4212 3893 4247 παν-

2350 4279 2519 4341 τελῶς
2552 4278 2643 4330 τὸν
2682 4278 2884 4344 κόσμον
2912 4279 3389 4348 ἀπαρνησάμενος,
3434 4280 3572 4332 ἀλλὰ
3613 4280 3893 4349 θηρώμενος

2354 4360 2518 4414 αὐτοῦ
2553 4360 2649 4430 τὴν
2674 4360 2984 4430 ἀρέσκειαν.
3022 4360 3121 4411 Διά
3149 4362 3259 4431 γάρ
3288 4364 3385 4425 τάς
3422 4363 3623 4425 πολλάς
3672 4361 3891 4431 ἐγχειρήο

673 4426 821 4495 αὐτῷ
851 4426 987 4538 τέως
1013 4427 1112 4495 τὴν
1143 4427 1384 4480 κάκωσιν
1420 4427 1484 4479 δι’
1508 4428 1882 4538 ὀλιγοπιστίαν
1905 4430 2054 4502 αὐτῴ
2078 4449 2249 4501 προσ·
2284 4481 2329 4538 D
2358 4460 2470 4506 σεις
2524 4442 2841 4512 μερίζονται
2884 4442 3049 4494 αὐτοῦ
3101 4445 3199 4512 τὴν
3252 4444 3493 4497 διάνοιαν
3539 4448 3596 4496 αἰ
3649 4443 3892 4515 φροντίδες

676 4528 837 4538 .,-......
878 4527 973 4538 ......
1045 4510 1192 4538 2...“-
1252 4510 1467 4538 :-...2..‘.-
1566 4512 1714 4538 ‘........
1762 4514 2040 4538 x--n-..__-.
2090 4517 2247 4538 -.ι-ιη
2644 4527 2655 4538 ι
2757 4522 2780 4538 τ
2999 4527 3011 4538 ι
3118 4528 3162 4538 .-
3388 4530 3398 4538 .
3452 4528 3467 4538 ι
3583 4529 3594 4538 .
3752 4530 3762 4538 .
3874 4527 3883 4538 ι

676 4511 994 4580 γενομένην,
1044 4510 1192 4578 ὅμως
1250 4510 1467 4573 ἐπιδοὺς
1536 4510 1714 4565 ἔλαιον
1760 4514 2041 4567 ἐκέλευσεν
2085 4517 2247 4568 αὐτὸν
2284 4510 2329 4538 υ
2356 4510 2666 4595 σωμαξωξαὶ
2723 4522 2880 4578 οὖσαι
2928 4527 3021 4578 καὶ
3070 4510 3289 4595 γήῖναι·
3316 4530 3410 4580 καὶ
3452 4510 3799 4600 λοιπὸν
3839 4527 3894 4577 τὰ

677 4593 1015 4661 ἀλείφεσθαι.
1067 4592 1456 4661 Ἀλειψαμένου
1510 4594 1566 4647 δὲ
1620 4596 1782 4648 αὐτοῦ
1824 4599 1932 4649 πᾶν
1978 4600 2005 4650 ὅ
2058 4617 2111 4651 τι
2160 4602 2253 4652 καὶ

675 4674 819 4748 εἶχεν
855 4676 1066 4729 ἔνδοθεν
1114 4677 1201 4728 διὰ
1248 4678 1341 4729 τοῦ
1398 4679 1661 4747 στόματος
1706 4682 1972 4750 ήνεγκεν,
2021 4685 2250 4736 καθόλου

676 4763 769 4814 τοῦ
801 4760 1033 4831 πυρετοῦ
1065 4759 1419 4829 ἀπαλλαγεὶς,
1453 4763 1545 4814 καὶ
1578 4763 1797 4824 οἰκείοις
1842 4766 2000 4817 ποσὶν
2033 4767 2127 4817 ἐπὶ
2156 4768 2253 4835 τὴν

678 4847 852 4913 ξενίαν
896 4847 1261 4915 ἀνεχώρησεν.
1290 4842 1398 4898 Ἦν
1442 4845 1499 4897 δὲ
1528 4846 1652 4897 ἰδεῖν
1689 4848 1851 4900 αὐτὸν
1904 4850 2255 4916 ἐνενηκοστὸν

678 4936 794 4993 ἔτος
816 4931 917 5003 ήδη
938 4929 1163 4997 ἄγοντα,
1190 4930 1525 4998 τετηγμένον
1563 4928 1669 4998 ὅλῳ
1709 4930 1786 4999 τῷ
1813 4930 2026 4998 σώματι
2051 4932 2125 4995 ὡς
2151 4934 2255 4987 ὑπὸ

677 5020 961 5086 ἀσκήσεως
1000 5015 1134 5083 μηδὲ
1163 5015 1253 5065 τὸν
1294 5014 1533 5078 πώγωνα
1560 5013 1724 5081 φῦναι
1755 5016 1833 5078 εἰς
1860 5017 1919 5069 τὸ
1941 5019 2253 5087 πρόσωπον.

684 5087 875 5155 ’Ῑίσθιε
918 5100 1027 5169 γὰρ
1074 5099 1225 5152 οὐδὲν
1263 5097 1451 5168 ἕτερον
1492 5097 1632 5169 πλὴν
1671 5098 1915 5171 ὀπώρας,
1963 5104 2055 5154 καὶ
2103 5102 2258 5156 τοῦτο

684 5188 821 5257 μετὰ
864 5184 961 5255 τὴν
988 5183 1141 5253 ήλίου
1178 5182 1349 5247 δύσιν,
1377 5184 1434 5234 ἐν
1481 5183 1708 5254 τοιούτῳ
1739 5186 1887 5256 γήρᾳ
1920 5188 2090 5239 πολλὰ
2125 5205 2257 5257 προ-

679 5270 925 5339 ασκήτας
954 5268 1239 5337 πρότερον,
1263 5266 1357 5317 καὶ
1382 5266 1517 5337 μήτε
1544 5266 1709 5336 ἄρτου
1742 5268 2084 5337 μετειληφὼς
2119 5271 2255 5341 μήτε

642 5408 645 5413 ,
680 5356 780 5407 ὅσα
810 5352 895 5405 διὰ
928 5353 1099 5422 πυρός
1134 5351 1247 5420 ἔχει
1281 5352 1378 5421 τὴν
1407 5351 1618 5421 χρείαν.
1672 5352 2043 5415 Κελεύσαντος
2073 5354 2127 5407 δὲ
2158 5358 2260 5409 αὐ-

680 5436 773 5489 τοῦ
832 5435 1183 5504 καθεσθῆναι,
1224 5434 1666 5503 ηὐχαριστοῦμεν
1711 5435 1786 5506 τῷ
1817 5437 1931 5507 Θεῷ
1986 5438 2261 5511 ὐπέρεεῆς

681 5519 847 5572 αὐτοῦ
878 5518 1187 5589 συντυχίας.
1228 5519 1285 5570 '0
1320 5518 1374 5571 δὲ
1414 5518 1488 5583 ὡς
1522 5521 1617 5573 ἆτε
1663 5523 1861 5590 γνήσια
1898 5521 2091 5574 ἑαυτοῦ
2125 5524 2262 5576 ὐπο-

680 5603 995 5672 δεξάμενος,
1019 5601 1294 5673 μειδιῶντι
1325 5603 1601 5673 προσώπῳ
1646 5604 1780 5673 πρὸς
1814 5607 1961 5675 ἡμᾶς
1989 5608 2262 5671 τοιούτους

684 5688 1295 5756 ἁπεφθέγγετολόγους·
1333 5688 1527 5751 Πόθεν,
1557 5681 1602 5740 ὦ
1646 5689 1835 5754 τέκνα,
1870 5693 1963 5744 καὶ
2003 5693 2067 5743 ἐκ
2105 5694 2263 5757 ποίας

685 5768 867 5837 χώρας
911 5772 1048 5840 πρὸς
1099 5769 1386 5839 ἄνθρωπον
1430 5770 1684 5827 ταπεινδν
1710 5774 2121 5843 παρεγένεσθε;
2170 5776 2228 5828 Ὦ

2357 4610 2507 4679 πάθη
2533 4609 2955 4678 διαμαχόμενος,
2992 4610 3053 4661 οὐ
3086 4611 3309 4663 δύναται
3330 4614 3462 4682 ὀρᾷν
3499 4613 3593 4665 τὸν
3630 4614 3773 4675 Θεὸν,
3803 4610 3892 4663 ἀλλ’

2354 4693 2473 4745 οὐδὲ
2496 4694 2573 4752 εἰς
2606 4694 2772 4761 αὐτὴν
2799 4692 2897 4763 τὴν
2935 4692 3135 4759 γνῶσιν
3158 4694 3365 4763 ὀφείλει
3392 4713 3473 4757 τις
3497 4698 3737 4767 ἀκριϐῶς
3760 4710 3893 4747 κατα-

2356 4776 2624 4845 γίνεσθαι,
2659 4779 2857 4845 μήπως
2890 4776 3109 4840 ἀνάξιος
3135 4776 3210 4829 ῶν
3248 4778 3343 4831 τοῦ
3374 4779 3617 4832 τοιούτου
3659 4784 3892 4849 κτήματῡς

2356 4860 2449 4912 καὶ
2474 4858 2671 4929 μικροῦ
2705 4875 2848 4920 τινος
2881 4860 3238 4923 καταξιωθεὶς
3268 4863 3465 4932 νομίσῃ
3491 4864 3553 4915 τδ
3597 4866 3702 4916 πᾶν
3746 4878 3895 4915 κατειο

2355 4945 2607 5014 ληφέναι,
2652 4945 2745 4995 καί¹
2801 4942 3077 5006 παντελῶς
3119 4944 3328 5017 ἐκπέσῃ
3372 4950 3509 5015 πρὸς
3555 4950 3655 5016 τὴν
3705 4946 3893 5017 φθορὲν.

2372 5028 2532 5079 ’Λλλά
2564 5027 2668 5097 χρὴ
2702 5026 2939 5095 μετρίως
2979 5027 3067 5078 ἀεὶ
3091 5029 3184 5079 καὶ
3214 5029 3457 5092 εὐλαϐῶς
3506 5031 3584 5099 τῷ
3616 5032 3731 5100 Θεῷ
3764 5044 3895 5099 προσ-

2362 5111 2521 5175 ιέναι,
2546 5111 2669 5161 ὅσον
2696 5109 2928 5173 ἕκαστος
2955 5108 3203 5174 δύναται,
3232 5112 3311 5183 τῷ
3339 5114 3421 5165 νοῒ
3449 5115 3797 5183 προσοδεύων,
3826 5113 3897 5163 καὶ

2361 5196 2487 5246 ὅσον
2530 5192 2806 5263 ἀνθρώπῳ
2855 5194 3000 5245 ἐστὶν
3042 5195 3284 5261 ἐφικτόν.
3340 5200 3430 5249 Δεῖ
3466 5195 3559 5251 οὖν
3608 5199 3712 5250 τῶν
3756 5196 3897 5250 ἀλλων

2360 5279 2616 5332 ἀπάντων
2639 5277 3012 5347 σχολάσαιτὴν
3034 5278 3259 5349 γνώμην
3299 5281 3406 5333 τῶν
3440 5282 3532 5334 τὸν
3573 5282 3703 5334 Θεὸν
3742 5279 3896 5344 ἐπιζη-

2358 5361 2618 5414 τούντων.
2648 5362 2953 5431 Σχολάσατε
2978 5364 3109 5431 γάρ,
3136 5365 3292 5432 φησὶ,
3327 5366 3423 5417 καὶ
3465 5366 3661 5431 γνῶτε,
3698 5368 3775 5419 δτι
3807 5360 3892 5428 ἐγώ

2361 5447 2529 5515 εἰμιό
2562 5446 2714 5507 Θεὸς.
2772 5446 2829 5496 '0
2861 5443 2954 5498 οὗν
2991 5447 3243 5513 γνώσεως
3277 5449 3410 5501 Θεοῦ
3449 5452 3513 5501 ἐκ
3559 5453 3752 5520 μέρους
3794 5462 3895 5499 κατα

2362 5530 2614 5593 αξιωθείς
2647 5529 2766 5598 (τήν
2793 5530 2973 5581 πᾶσαν
3003 5532 3111 5600 γὰρ
3164 5532 3337 5584 οὐδενί
3372 5532 3598 5586 δυνατόν
3629 5536 3768 5585 ἐστιν
3800 5531 3896 5581 iam

2362 5612 2635 5681 δέξασθαι)
2665 5614 2926 5683 τυγχάνει
2961 5615 3053 5666 καὶ
3075 5615 3172 5683 τῆς
3196 5616 3301 5667 τῶν
3328 5616 3501 5669 ἄλλων
3528 5618 3775 5669 ἁπάντων
3791 5611 3893 5681 γνώο

2366 5714 2521 5758 σεως,
2563 5702 2655 5749 καὶ
2695 5699 2796 5768 ὀρᾷ
2824 5700 3099 5768 μυστήρια
3123 5700 3258 5753 Θεοῦ
3302 5702 3612 5765 δεικνύντος
3645 5701 3799 5768 αὐτῷ,
3826 5698 3895 5748 καὶ

2366 5781 2657 5850 προϐλέπει
2687 5784 2754 5834 τὰ
2786 5782 3071 5852 μέλλοντα,
3101 5785 3193 5837 καὶ
3234 5786 3430 5855 θεωρεῖ
3464 5786 3819 5854 ἀποκαλύψεις
3848 5781 3893 5838 ἀί
