  <div class='ocr_page' id='page_1' title='image "/cluster/home/n/w/nwhite01/storage/ocr_20150623/34/hvd.32044019207760/572.png"; bbox 0 0 4060 6564; ppageno 0'>
   <div class='ocr_carea' id='block_1_1' title="bbox 328 370 463 429">
    <p class='ocr_par' dir='ltr' id='par_1_1' title="bbox 328 370 463 429">
     <span class='ocr_line' id='line_1_1' title="bbox 328 370 463 429; baseline -0.015 -1"><span class='ocrx_word' id='word_1_1' title='bbox 328 370 463 429; x_wconf 79' lang='grc' dir='ltr'><strong><em>ΗΠ</em></strong></span> 
     </span>
    </p>
   </div>
   <div class='ocr_carea' id='block_1_2' title="bbox 1583 377 2292 436">
    <p class='ocr_par' dir='ltr' id='par_1_2' title="bbox 1583 377 2292 436">
     <span class='ocr_line' id='line_1_2' title="bbox 1583 377 2292 436; baseline 0 -2"><span class='ocrx_word' id='word_1_2' title='bbox 1583 378 1896 435; x_wconf 78' lang='lat' dir='ltr'><strong>HISTORIA</strong></span> <span class='ocrx_word' id='word_1_3' title='bbox 1934 377 2292 436; x_wconf 75' lang='lat' dir='ltr'><strong>LAUSIACA.</strong></span> 
     </span>
    </p>
   </div>
   <div class='ocr_carea' id='block_1_3' title="bbox 3408 396 3549 459">
    <p class='ocr_par' dir='ltr' id='par_1_3' title="bbox 3408 396 3549 459">
     <span class='ocr_line' id='line_1_3' title="bbox 3408 396 3549 459; baseline 0.071 -9"><span class='ocrx_word' id='word_1_4' title='bbox 3408 396 3549 459; x_wconf 77' lang='lat' dir='ltr'><strong>HIS</strong></span> 
     </span>
    </p>
   </div>
   <div class='ocr_carea' id='block_1_4' title="bbox 318 492 3558 569">
    <p class='ocr_par' dir='ltr' id='par_1_4' title="bbox 318 492 3558 569">
     <span class='ocr_line' id='line_1_4' title="bbox 318 492 3558 569; baseline 0.004 -17"><span class='ocrx_word' id='word_1_5' title='bbox 318 498 546 552; x_wconf 91' lang='lat' dir='ltr'><strong>tiliorem</strong></span> <span class='ocrx_word' id='word_1_6' title='bbox 588 508 786 548; x_wconf 85' lang='lat' dir='ltr'><strong>aerem.</strong></span> <span class='ocrx_word' id='word_1_7' title='bbox 828 495 872 548; x_wconf 84' lang='lat' dir='ltr'><strong>A</strong></span> <span class='ocrx_word' id='word_1_8' title='bbox 916 492 1192 548; x_wconf 84' lang='lat' dir='ltr'><strong>Palaestina</strong></span> <span class='ocrx_word' id='word_1_9' title='bbox 1240 505 1415 549; x_wconf 90' lang='lat' dir='ltr'><strong>autem</strong></span> <span class='ocrx_word' id='word_1_10' title='bbox 1452 496 1569 549; x_wconf 84' lang='lat' dir='ltr'><strong>veni</strong></span> <span class='ocrx_word' id='word_1_11' title='bbox 1609 497 1662 550; x_wconf 90' lang='lat' dir='ltr'><strong>in</strong></span> <span class='ocrx_word' id='word_1_12' title='bbox 1704 495 1887 564; x_wconf 81' lang='lat' dir='ltr'><strong>Bitby-</strong></span> <span class='ocrx_word' id='word_1_13' title='bbox 1916 495 1960 554; x_wconf 77' lang='grc' dir='ltr'><strong>Α</strong></span> <span class='ocrx_word' id='word_1_14' title='bbox 1987 510 2213 563; x_wconf 87' lang='lat' dir='ltr'><strong>quanam</strong></span> <span class='ocrx_word' id='word_1_15' title='bbox 2255 496 2470 563; x_wconf 80' lang='lat' dir='ltr'><strong>regione</strong></span> <span class='ocrx_word' id='word_1_16' title='bbox 2500 498 2564 551; x_wconf 87' lang='lat' dir='ltr'><strong>ad</strong></span> <span class='ocrx_word' id='word_1_17' title='bbox 2598 497 2869 555; x_wconf 77' lang='lat' dir='ltr'><strong>hominem</strong></span> <span class='ocrx_word' id='word_1_18' title='bbox 2900 501 3164 569; x_wconf 75' lang='lat' dir='ltr'><strong>abiectum</strong></span> <span class='ocrx_word' id='word_1_19' title='bbox 3210 515 3265 561; x_wconf 89' lang='lat' dir='ltr'><strong>et</strong></span> <span class='ocrx_word' id='word_1_20' title='bbox 3304 508 3558 569; x_wconf 88' lang='lat' dir='ltr'><strong>humilem</strong></span> 
     </span>
    </p>
   </div>
   <div class='ocr_carea' id='block_1_5' title="bbox 318 570 1883 651">
    <p class='ocr_par' dir='ltr' id='par_1_5' title="bbox 318 570 1883 651">
     <span class='ocr_line' id='line_1_5' title="bbox 318 570 1883 651; baseline -0.003 -11"><span class='ocrx_word' id='word_1_21' title='bbox 318 591 461 641; x_wconf 89' lang='lat' dir='ltr'><strong>niam</strong></span> <span class='ocrx_word' id='word_1_22' title='bbox 482 627 494 650; x_wconf 92' lang='lat'><strong>,</strong></span> <span class='ocrx_word' id='word_1_23' title='bbox 524 598 580 639; x_wconf 84' lang='lat' dir='ltr'><strong>et</strong></span> <span class='ocrx_word' id='word_1_24' title='bbox 611 585 663 637; x_wconf 89' lang='lat' dir='ltr'><strong>in</strong></span> <span class='ocrx_word' id='word_1_25' title='bbox 691 598 754 638; x_wconf 87' lang='lat' dir='ltr'><strong>ea</strong></span> <span class='ocrx_word' id='word_1_26' title='bbox 786 588 966 639; x_wconf 81' lang='lat' dir='ltr'><strong>nescio</strong></span> <span class='ocrx_word' id='word_1_27' title='bbox 993 586 1259 651; x_wconf 90' lang='lat' dir='ltr'><strong>quomodo</strong></span> <span class='ocrx_word' id='word_1_28' title='bbox 1280 626 1293 642; x_wconf 93' lang='lat'><strong>.</strong></span> <span class='ocrx_word' id='word_1_29' title='bbox 1325 601 1390 639; x_wconf 91' lang='lat' dir='ltr'><strong>an</strong></span> <span class='ocrx_word' id='word_1_30' title='bbox 1421 585 1653 639; x_wconf 86' lang='lat' dir='ltr'><strong>humano</strong></span> <span class='ocrx_word' id='word_1_31' title='bbox 1678 570 1883 648; x_wconf 76' lang='lat' dir='ltr'><strong>studio,</strong></span> 
     </span>
    </p>
   </div>
   <div class='ocr_carea' id='block_1_6' title="bbox 314 673 1886 744">
    <p class='ocr_par' dir='ltr' id='par_1_6' title="bbox 314 673 1886 744">
     <span class='ocr_line' id='line_1_6' title="bbox 314 673 1886 744; baseline -0.002 -14"><span class='ocrx_word' id='word_1_32' title='bbox 314 692 382 731; x_wconf 89' lang='lat' dir='ltr'><strong>an</strong></span> <span class='ocrx_word' id='word_1_33' title='bbox 411 676 588 729; x_wconf 85' lang='lat' dir='ltr'><strong>divina</strong></span> <span class='ocrx_word' id='word_1_34' title='bbox 623 674 894 729; x_wconf 88' lang='lat' dir='ltr'><strong>voluntate</strong></span> <span class='ocrx_word' id='word_1_35' title='bbox 925 675 1073 744; x_wconf 66' lang='lat'><strong>(96),</strong></span> <span class='ocrx_word' id='word_1_36' title='bbox 1106 675 1247 730; x_wconf 86' lang='lat' dir='ltr'><strong>Deus</strong></span> <span class='ocrx_word' id='word_1_37' title='bbox 1275 676 1406 742; x_wconf 87' lang='lat' dir='ltr'><strong>scit,</strong></span> <span class='ocrx_word' id='word_1_38' title='bbox 1452 677 1641 743; x_wconf 86' lang='lat' dir='ltr'><strong>dignus</strong></span> <span class='ocrx_word' id='word_1_39' title='bbox 1679 673 1886 729; x_wconf 88' lang='lat' dir='ltr'><strong>habitus</strong></span> 
     </span>
    </p>
   </div>
   <div class='ocr_carea' id='block_1_7' title="bbox 313 766 1883 834">
    <p class='ocr_par' dir='ltr' id='par_1_7' title="bbox 313 766 1883 834">
     <span class='ocr_line' id='line_1_7' title="bbox 313 766 1883 834; baseline -0.001 -14"><span class='ocrx_word' id='word_1_40' title='bbox 313 782 431 820; x_wconf 89' lang='lat' dir='ltr'><strong>sum</strong></span> <span class='ocrx_word' id='word_1_41' title='bbox 474 766 812 820; x_wconf 78' lang='lat' dir='ltr'><strong>ordinatione</strong></span> <span class='ocrx_word' id='word_1_42' title='bbox 855 780 973 834; x_wconf 69' lang='lat' dir='ltr'><strong>qua:</strong></span> <span class='ocrx_word' id='word_1_43' title='bbox 1014 780 1162 820; x_wconf 92' lang='lat' dir='ltr'><strong>meas</strong></span> <span class='ocrx_word' id='word_1_44' title='bbox 1198 767 1338 821; x_wconf 89' lang='lat' dir='ltr'><strong>vires</strong></span> <span class='ocrx_word' id='word_1_45' title='bbox 1380 773 1624 833; x_wconf 88' lang='lat' dir='ltr'><strong>superat,</strong></span> <span class='ocrx_word' id='word_1_46' title='bbox 1663 766 1719 819; x_wconf 92' lang='lat' dir='ltr'><strong>in</strong></span> <span class='ocrx_word' id='word_1_47' title='bbox 1760 780 1883 819; x_wconf 90' lang='lat' dir='ltr'><strong>eum</strong></span> 
     </span>
    </p>
   </div>
   <div class='ocr_carea' id='block_1_8' title="bbox 316 853 1887 929">
    <p class='ocr_par' dir='ltr' id='par_1_8' title="bbox 316 853 1887 929">
     <span class='ocr_line' id='line_1_8' title="bbox 316 853 1887 929; baseline -0.002 -16"><span class='ocrx_word' id='word_1_48' title='bbox 316 873 496 913; x_wconf 84' lang='lat' dir='ltr'><strong>casum</strong></span> <span class='ocrx_word' id='word_1_49' title='bbox 528 857 768 910; x_wconf 90' lang='lat' dir='ltr'><strong>incidens</strong></span> <span class='ocrx_word' id='word_1_50' title='bbox 798 871 955 925; x_wconf 86' lang='lat' dir='ltr'><strong>quem</strong></span> <span class='ocrx_word' id='word_1_51' title='bbox 1055 853 1290 913; x_wconf 82' lang='lat' dir='ltr'><strong>Joannes</strong></span> <span class='ocrx_word' id='word_1_52' title='bbox 1386 858 1731 929; x_wconf 62' lang='lat' dir='ltr'><strong>praedixerat.</strong></span> <span class='ocrx_word' id='word_1_53' title='bbox 1821 856 1887 910; x_wconf 83' lang='lat' dir='ltr'><strong>Et</strong></span> 
     </span>
    </p>
   </div>
   <div class='ocr_carea' id='block_1_9' title="bbox 316 946 1886 1012">
    <p class='ocr_par' dir='ltr' id='par_1_9' title="bbox 316 946 1886 1012">
     <span class='ocr_line' id='line_1_9' title="bbox 316 946 1886 1012; baseline -0.003 -8"><span class='ocrx_word' id='word_1_54' title='bbox 316 949 561 1004; x_wconf 84' lang='lat' dir='ltr'><strong>undecim</strong></span> <span class='ocrx_word' id='word_1_55' title='bbox 599 947 870 1001; x_wconf 86' lang='lat' dir='ltr'><strong>mensibus</strong></span> <span class='ocrx_word' id='word_1_56' title='bbox 910 946 1080 1001; x_wconf 86' lang='lat' dir='ltr'><strong>latens</strong></span> <span class='ocrx_word' id='word_1_57' title='bbox 1110 948 1161 999; x_wconf 92' lang='lat' dir='ltr'><strong>in</strong></span> <span class='ocrx_word' id='word_1_58' title='bbox 1190 946 1321 1001; x_wconf 82' lang='lat' dir='ltr'><strong>cella</strong></span> <span class='ocrx_word' id='word_1_59' title='bbox 1354 947 1662 1012; x_wconf 88' lang='lat' dir='ltr'><strong>tenebrosa,</strong></span> <span class='ocrx_word' id='word_1_60' title='bbox 1703 961 1886 1000; x_wconf 88' lang='lat' dir='ltr'><strong>recor-</strong></span> 
     </span>
    </p>
   </div>
   <div class='ocr_carea' id='block_1_10' title="bbox 315 1036 1885 1106">
    <p class='ocr_par' dir='ltr' id='par_1_10' title="bbox 315 1036 1885 1106">
     <span class='ocr_line' id='line_1_10' title="bbox 315 1036 1885 1106; baseline -0.004 -11"><span class='ocrx_word' id='word_1_61' title='bbox 315 1041 469 1095; x_wconf 88' lang='lat' dir='ltr'><strong>datus</strong></span> <span class='ocrx_word' id='word_1_62' title='bbox 497 1053 617 1093; x_wconf 83' lang='lat' dir='ltr'><strong>sum</strong></span> <span class='ocrx_word' id='word_1_63' title='bbox 644 1037 784 1091; x_wconf 89' lang='lat' dir='ltr'><strong>illius</strong></span> <span class='ocrx_word' id='word_1_64' title='bbox 816 1036 955 1092; x_wconf 87' lang='lat' dir='ltr'><strong>beati</strong></span> <span class='ocrx_word' id='word_1_65' title='bbox 983 1038 1073 1106; x_wconf 89' lang='lat' dir='ltr'><strong>qui</strong></span> <span class='ocrx_word' id='word_1_66' title='bbox 1106 1038 1233 1091; x_wconf 86' lang='lat' dir='ltr'><strong>mihi</strong></span> <span class='ocrx_word' id='word_1_67' title='bbox 1261 1036 1507 1105; x_wconf 67' lang='lat' dir='ltr'><strong>praedixit</strong></span> <span class='ocrx_word' id='word_1_68' title='bbox 1531 1051 1592 1091; x_wconf 89' lang='lat' dir='ltr'><strong>ea</strong></span> <span class='ocrx_word' id='word_1_69' title='bbox 1619 1050 1737 1106; x_wconf 72' lang='lat' dir='ltr'><strong>qua:</strong></span> <span class='ocrx_word' id='word_1_70' title='bbox 1766 1050 1885 1105; x_wconf 87' lang='lat' dir='ltr'><strong>pas-</strong></span> 
     </span>
    </p>
   </div>
   <div class='ocr_carea' id='block_1_11' title="bbox 316 1146 575 1187">
    <p class='ocr_par' dir='ltr' id='par_1_11' title="bbox 316 1146 575 1187">
     <span class='ocr_line' id='line_1_11' title="bbox 316 1146 575 1187; baseline -0.008 -3"><span class='ocrx_word' id='word_1_71' title='bbox 316 1146 410 1185; x_wconf 74' lang='grc'><strong>8118</strong></span> <span class='ocrx_word' id='word_1_72' title='bbox 435 1146 575 1187; x_wconf 89' lang='lat' dir='ltr'><strong>sum.</strong></span> 
     </span>
    </p>
   </div>
   <div class='ocr_carea' id='block_1_12' title="bbox 385 1218 1881 1290">
    <p class='ocr_par' dir='ltr' id='par_1_12' title="bbox 385 1218 1881 1290">
     <span class='ocr_line' id='line_1_12' title="bbox 385 1218 1881 1290; baseline -0.001 -16"><span class='ocrx_word' id='word_1_73' title='bbox 385 1221 554 1275; x_wconf 89' lang='lat' dir='ltr'><strong>Porro</strong></span> <span class='ocrx_word' id='word_1_74' title='bbox 579 1228 754 1273; x_wconf 80' lang='lat' dir='ltr'><strong>autem</strong></span> <span class='ocrx_word' id='word_1_75' title='bbox 783 1219 882 1272; x_wconf 88' lang='lat' dir='ltr'><strong>hoc</strong></span> <span class='ocrx_word' id='word_1_76' title='bbox 916 1233 1123 1287; x_wconf 84' lang='lat' dir='ltr'><strong>quoque</strong></span> <span class='ocrx_word' id='word_1_77' title='bbox 1148 1218 1278 1273; x_wconf 92' lang='lat' dir='ltr'><strong>mihi</strong></span> <span class='ocrx_word' id='word_1_78' title='bbox 1319 1220 1599 1283; x_wconf 76' lang='lat' dir='ltr'><strong>narrabat,</strong></span> <span class='ocrx_word' id='word_1_79' title='bbox 1632 1230 1881 1290; x_wconf 84' lang='lat' dir='ltr'><strong>tanquam</strong></span> 
     </span>
    </p>
   </div>
   <div class='ocr_carea' id='block_1_13' title="bbox 316 1310 1882 1382">
    <p class='ocr_par' dir='ltr' id='par_1_13' title="bbox 316 1310 1882 1382">
     <span class='ocr_line' id='line_1_13' title="bbox 316 1310 1882 1382; baseline -0.002 -16"><span class='ocrx_word' id='word_1_80' title='bbox 316 1312 624 1382; x_wconf 88' lang='lat' dir='ltr'><strong>profuturus</strong></span> <span class='ocrx_word' id='word_1_81' title='bbox 647 1311 710 1363; x_wconf 90' lang='lat' dir='ltr'><strong>ad</strong></span> <span class='ocrx_word' id='word_1_82' title='bbox 736 1310 856 1374; x_wconf 92' lang='lat' dir='ltr'><strong>hoc,</strong></span> <span class='ocrx_word' id='word_1_83' title='bbox 879 1317 937 1363; x_wconf 88' lang='lat' dir='ltr'><strong>ut</strong></span> <span class='ocrx_word' id='word_1_84' title='bbox 968 1324 1061 1377; x_wconf 85' lang='lat' dir='ltr'><strong>per</strong></span> <span class='ocrx_word' id='word_1_85' title='bbox 1091 1311 1446 1364; x_wconf 80' lang='lat' dir='ltr'><strong>narrationem</strong></span> <span class='ocrx_word' id='word_1_86' title='bbox 1479 1325 1564 1364; x_wconf 89' lang='lat' dir='ltr'><strong>me</strong></span> <span class='ocrx_word' id='word_1_87' title='bbox 1590 1310 1882 1365; x_wconf 83' lang='lat' dir='ltr'><strong>deduceret</strong></span> 
     </span>
    </p>
   </div>
   <div class='ocr_carea' id='block_1_14' title="bbox 308 1399 1884 1472">
    <p class='ocr_par' dir='ltr' id='par_1_14' title="bbox 308 1399 1884 1472">
     <span class='ocr_line' id='line_1_14' title="bbox 308 1399 1884 1472; baseline -0.003 -16"><span class='ocrx_word' id='word_1_88' title='bbox 308 1404 379 1457; x_wconf 84' lang='lat' dir='ltr'><strong>ad</strong></span> <span class='ocrx_word' id='word_1_89' title='bbox 432 1402 694 1472; x_wconf 78' lang='lat' dir='ltr'><strong>patienter</strong></span> <span class='ocrx_word' id='word_1_90' title='bbox 747 1399 1021 1454; x_wconf 78' lang='lat' dir='ltr'><strong>ferendam</strong></span> <span class='ocrx_word' id='word_1_91' title='bbox 1071 1399 1414 1454; x_wconf 85' lang='lat' dir='ltr'><strong>solitudinem</strong></span> <span class='ocrx_word' id='word_1_92' title='bbox 1458 1417 1470 1453; x_wconf 94' lang='lat'>:</span> <span class='ocrx_word' id='word_1_93' title='bbox 1525 1399 1884 1467; x_wconf 77' lang='lat' dir='ltr'><strong>Quadraginta</strong></span> 
     </span>
    </p>
   </div>
   <div class='ocr_carea' id='block_1_15' title="bbox 311 1488 1878 1555">
    <p class='ocr_par' dir='ltr' id='par_1_15' title="bbox 311 1488 1878 1555">
     <span class='ocr_line' id='line_1_15' title="bbox 311 1488 1878 1555; baseline -0.005 -6"><span class='ocrx_word' id='word_1_94' title='bbox 311 1510 480 1549; x_wconf 83' lang='lat' dir='ltr'><strong>annos</strong></span> <span class='ocrx_word' id='word_1_95' title='bbox 508 1507 696 1547; x_wconf 90' lang='lat' dir='ltr'><strong>versor</strong></span> <span class='ocrx_word' id='word_1_96' title='bbox 726 1492 778 1545; x_wconf 93' lang='lat' dir='ltr'><strong>in</strong></span> <span class='ocrx_word' id='word_1_97' title='bbox 810 1491 906 1545; x_wconf 89' lang='lat' dir='ltr'><strong>hac</strong></span> <span class='ocrx_word' id='word_1_98' title='bbox 932 1492 1098 1555; x_wconf 89' lang='lat' dir='ltr'><strong>cella;</strong></span> <span class='ocrx_word' id='word_1_99' title='bbox 1134 1505 1239 1544; x_wconf 89' lang='lat' dir='ltr'><strong>non</strong></span> <span class='ocrx_word' id='word_1_100' title='bbox 1276 1491 1385 1543; x_wconf 90' lang='lat' dir='ltr'><strong>vidi</strong></span> <span class='ocrx_word' id='word_1_101' title='bbox 1418 1490 1603 1544; x_wconf 87' lang='lat' dir='ltr'><strong>faciem</strong></span> <span class='ocrx_word' id='word_1_102' title='bbox 1633 1488 1878 1555; x_wconf 84' lang='lat' dir='ltr'><strong>feminae,</strong></span> 
     </span>
    </p>
   </div>
   <div class='ocr_carea' id='block_1_16' title="bbox 313 1579 1881 1650">
    <p class='ocr_par' dir='ltr' id='par_1_16' title="bbox 313 1579 1881 1650">
     <span class='ocr_line' id='line_1_16' title="bbox 313 1579 1881 1650; baseline -0.005 -11"><span class='ocrx_word' id='word_1_103' title='bbox 313 1603 416 1641; x_wconf 85' lang='lat' dir='ltr'><strong>non</strong></span> <span class='ocrx_word' id='word_1_104' title='bbox 444 1586 605 1639; x_wconf 83' lang='lat' dir='ltr'><strong>ullum</strong></span> <span class='ocrx_word' id='word_1_105' title='bbox 641 1597 944 1646; x_wconf 73' lang='lat' dir='ltr'><strong>nummum;</strong></span> <span class='ocrx_word' id='word_1_106' title='bbox 972 1597 1074 1635; x_wconf 91' lang='lat' dir='ltr'><strong>non</strong></span> <span class='ocrx_word' id='word_1_107' title='bbox 1108 1581 1215 1634; x_wconf 90' lang='lat' dir='ltr'><strong>vidi</strong></span> <span class='ocrx_word' id='word_1_108' title='bbox 1246 1580 1475 1650; x_wconf 87' lang='lat' dir='ltr'><strong>aliquem</strong></span> <span class='ocrx_word' id='word_1_109' title='bbox 1524 1579 1881 1644; x_wconf 76' lang='lat' dir='ltr'><strong>mandentem,</strong></span> 
     </span>
    </p>
   </div>
   <div class='ocr_carea' id='block_1_17' title="bbox 311 1670 1749 1738">
    <p class='ocr_par' dir='ltr' id='par_1_17' title="bbox 311 1670 1749 1738">
     <span class='ocr_line' id='line_1_17' title="bbox 311 1670 1749 1738; baseline -0.008 -5"><span class='ocrx_word' id='word_1_110' title='bbox 311 1693 416 1733; x_wconf 88' lang='lat' dir='ltr'><strong>non</strong></span> <span class='ocrx_word' id='word_1_111' title='bbox 448 1675 812 1730; x_wconf 89' lang='lat' dir='ltr'><strong>comedentem</strong></span> <span class='ocrx_word' id='word_1_112' title='bbox 840 1688 938 1727; x_wconf 90' lang='lat' dir='ltr'><strong>nec</strong></span> <span class='ocrx_word' id='word_1_113' title='bbox 966 1673 1231 1727; x_wconf 90' lang='lat' dir='ltr'><strong>bibentem</strong></span> <span class='ocrx_word' id='word_1_114' title='bbox 1263 1686 1346 1725; x_wconf 89' lang='lat' dir='ltr'><strong>ine</strong></span> <span class='ocrx_word' id='word_1_115' title='bbox 1382 1670 1512 1723; x_wconf 85' lang='lat' dir='ltr'><strong>vidit</strong></span> <span class='ocrx_word' id='word_1_116' title='bbox 1536 1671 1749 1738; x_wconf 79' lang='lat' dir='ltr'><strong>aliquis.</strong></span> 
     </span>
    </p>
   </div>
   <div class='ocr_carea' id='block_1_18' title="bbox 384 1758 1865 1831">
    <p class='ocr_par' dir='ltr' id='par_1_18' title="bbox 384 1758 1865 1831">
     <span class='ocr_line' id='line_1_18' title="bbox 384 1758 1865 1831; baseline -0.007 -12"><span class='ocrx_word' id='word_1_117' title='bbox 384 1766 515 1819; x_wconf 82' lang='lat' dir='ltr'><strong>Cum</strong></span> <span class='ocrx_word' id='word_1_118' title='bbox 544 1777 671 1831; x_wconf 87' lang='lat' dir='ltr'><strong>ergo</strong></span> <span class='ocrx_word' id='word_1_119' title='bbox 696 1765 764 1816; x_wconf 90' lang='lat' dir='ltr'><strong>ab</strong></span> <span class='ocrx_word' id='word_1_120' title='bbox 791 1777 855 1817; x_wconf 90' lang='lat' dir='ltr'><strong>eo</strong></span> <span class='ocrx_word' id='word_1_121' title='bbox 884 1763 1254 1825; x_wconf 86' lang='lat' dir='ltr'><strong>recessissem,</strong></span> <span class='ocrx_word' id='word_1_122' title='bbox 1300 1761 1417 1816; x_wconf 93' lang='lat' dir='ltr'><strong>veni</strong></span> <span class='ocrx_word' id='word_1_123' title='bbox 1449 1760 1498 1813; x_wconf 93' lang='lat' dir='ltr'><strong>in</strong></span> <span class='ocrx_word' id='word_1_124' title='bbox 1529 1758 1865 1812; x_wconf 72' lang='lat' dir='ltr'><strong>solitudinem</strong></span> 
     </span>
    </p>
   </div>
   <div class='ocr_carea' id='block_1_19' title="bbox 1985 582 3551 666">
    <p class='ocr_par' dir='ltr' id='par_1_19' title="bbox 1985 582 3551 666">
     <span class='ocr_line' id='line_1_19' title="bbox 1985 582 3551 666; baseline 0.011 -31"><span class='ocrx_word' id='word_1_125' title='bbox 1985 584 2320 637; x_wconf 78' lang='lat' dir='ltr'><strong>accessistis?</strong></span> <span class='ocrx_word' id='word_1_126' title='bbox 2357 582 2641 655; x_wconf 81' lang='lat' dir='ltr'><strong>Postquam</strong></span> <span class='ocrx_word' id='word_1_127' title='bbox 2690 598 2865 643; x_wconf 89' lang='lat' dir='ltr'><strong>autem</strong></span> <span class='ocrx_word' id='word_1_128' title='bbox 2915 591 3152 646; x_wconf 83' lang='lat' dir='ltr'><strong>diximus</strong></span> <span class='ocrx_word' id='word_1_129' title='bbox 3203 598 3450 666; x_wconf 85' lang='lat' dir='ltr'><strong>patriam,</strong></span> <span class='ocrx_word' id='word_1_130' title='bbox 3499 612 3551 655; x_wconf 87' lang='lat' dir='ltr'><strong>et</strong></span> 
     </span>
    </p>
   </div>
   <div class='ocr_carea' id='block_1_20' title="bbox 1987 676 3550 745">
    <p class='ocr_par' dir='ltr' id='par_1_20' title="bbox 1987 676 3550 745">
     <span class='ocr_line' id='line_1_20' title="bbox 1987 676 3550 745; baseline 0.012 -18"><span class='ocrx_word' id='word_1_131' title='bbox 1987 676 2279 744; x_wconf 88' lang='lat' dir='ltr'><strong>adjecimus</strong></span> <span class='ocrx_word' id='word_1_132' title='bbox 2306 694 2316 729; x_wconf 93' lang='lat'>:</span> <span class='ocrx_word' id='word_1_133' title='bbox 2351 678 2452 731; x_wconf 85' lang='lat' dir='ltr'><strong>Pro</strong></span> <span class='ocrx_word' id='word_1_134' title='bbox 2482 680 2711 735; x_wconf 88' lang='lat' dir='ltr'><strong>utilitate</strong></span> <span class='ocrx_word' id='word_1_135' title='bbox 2738 683 3033 736; x_wconf 89' lang='lat' dir='ltr'><strong>animarum</strong></span> <span class='ocrx_word' id='word_1_136' title='bbox 3062 698 3362 742; x_wconf 85' lang='lat' dir='ltr'><strong>nosrarum</strong></span> <span class='ocrx_word' id='word_1_137' title='bbox 3401 692 3550 745; x_wconf 70' lang='lat' dir='ltr'><strong>nil-te</strong></span> 
     </span>
    </p>
   </div>
   <div class='ocr_carea' id='block_1_21' title="bbox 1985 768 3555 847">
    <p class='ocr_par' dir='ltr' id='par_1_21' title="bbox 1985 768 3555 847">
     <span class='ocr_line' id='line_1_21' title="bbox 1985 768 3555 847; baseline 0.008 -27"><span class='ocrx_word' id='word_1_138' title='bbox 1985 768 2226 821; x_wconf 82' lang='lat' dir='ltr'><strong>venimus</strong></span> <span class='ocrx_word' id='word_1_139' title='bbox 2252 768 2317 823; x_wconf 79' lang='lat' dir='ltr'><strong>ab</strong></span> <span class='ocrx_word' id='word_1_140' title='bbox 2342 768 2636 825; x_wconf 80' lang='lat' dir='ltr'><strong>Jerusalem</strong></span> <span class='ocrx_word' id='word_1_141' title='bbox 2658 812 2675 837; x_wconf 93' lang='lat'><strong>,</strong></span> <span class='ocrx_word' id='word_1_142' title='bbox 2704 784 2759 825; x_wconf 92' lang='lat' dir='ltr'><strong>ut</strong></span> <span class='ocrx_word' id='word_1_143' title='bbox 2788 774 2927 841; x_wconf 89' lang='lat' dir='ltr'><strong>quod</strong></span> <span class='ocrx_word' id='word_1_144' title='bbox 2961 775 3230 832; x_wconf 87' lang='lat' dir='ltr'><strong>auditione</strong></span> <span class='ocrx_word' id='word_1_145' title='bbox 3267 793 3555 847; x_wconf 69' lang='lat' dir='ltr'><strong>accepera~</strong></span> 
     </span>
    </p>
   </div>
   <div class='ocr_carea' id='block_1_22' title="bbox 1986 858 3554 929">
    <p class='ocr_par' dir='ltr' id='par_1_22' title="bbox 1986 858 3554 929">
     <span class='ocr_line' id='line_1_22' title="bbox 1986 858 3554 929; baseline 0.009 -19"><span class='ocrx_word' id='word_1_146' title='bbox 1986 872 2136 923; x_wconf 83' lang='lat' dir='ltr'><strong>mus,</strong></span> <span class='ocrx_word' id='word_1_147' title='bbox 2165 858 2216 912; x_wconf 92' lang='lat' dir='ltr'><strong>id</strong></span> <span class='ocrx_word' id='word_1_148' title='bbox 2247 874 2585 914; x_wconf 89' lang='lat' dir='ltr'><strong>cerneremus</strong></span> <span class='ocrx_word' id='word_1_149' title='bbox 2613 863 2810 929; x_wconf 86' lang='lat' dir='ltr'><strong>oculis;</strong></span> <span class='ocrx_word' id='word_1_150' title='bbox 2842 874 2966 918; x_wconf 87' lang='lat' dir='ltr'><strong>sunt</strong></span> <span class='ocrx_word' id='word_1_151' title='bbox 3007 867 3149 919; x_wconf 89' lang='lat' dir='ltr'><strong>enim</strong></span> <span class='ocrx_word' id='word_1_152' title='bbox 3194 882 3349 922; x_wconf 84' lang='lat' dir='ltr'><strong>aures</strong></span> <span class='ocrx_word' id='word_1_153' title='bbox 3380 868 3554 925; x_wconf 88' lang='lat' dir='ltr'><strong>minus</strong></span> 
     </span>
    </p>
   </div>
   <div class='ocr_carea' id='block_1_23' title="bbox 1986 948 3552 1026">
    <p class='ocr_par' dir='ltr' id='par_1_23' title="bbox 1986 948 3552 1026">
     <span class='ocr_line' id='line_1_23' title="bbox 1986 948 3552 1026; baseline 0.008 -25"><span class='ocrx_word' id='word_1_154' title='bbox 1986 948 2166 1003; x_wconf 86' lang='lat' dir='ltr'><strong>fideles</strong></span> <span class='ocrx_word' id='word_1_155' title='bbox 2190 950 2358 1003; x_wconf 90' lang='lat' dir='ltr'><strong>oculis</strong></span> <span class='ocrx_word' id='word_1_156' title='bbox 2383 966 2396 1004; x_wconf 90' lang='lat'><strong>:</strong></span> <span class='ocrx_word' id='word_1_157' title='bbox 2425 960 2480 1007; x_wconf 87' lang='lat' dir='ltr'><strong>et</strong></span> <span class='ocrx_word' id='word_1_158' title='bbox 2510 953 2833 1008; x_wconf 83' lang='lat' dir='ltr'><strong>auditionem</strong></span> <span class='ocrx_word' id='word_1_159' title='bbox 2862 956 3075 1025; x_wconf 89' lang='lat' dir='ltr'><strong>quidem</strong></span> <span class='ocrx_word' id='word_1_160' title='bbox 3105 972 3246 1024; x_wconf 76' lang='lat' dir='ltr'><strong>srepe</strong></span> <span class='ocrx_word' id='word_1_161' title='bbox 3268 962 3552 1026; x_wconf 86' lang='lat' dir='ltr'><strong>consequi-</strong></span> 
     </span>
    </p>
   </div>
   <div class='ocr_carea' id='block_1_24' title="bbox 1985 1040 3547 1115">
    <p class='ocr_par' dir='ltr' id='par_1_24' title="bbox 1985 1040 3547 1115">
     <span class='ocr_line' id='line_1_24' title="bbox 1985 1040 3547 1115; baseline 0.007 -24"><span class='ocrx_word' id='word_1_162' title='bbox 1985 1048 2069 1091; x_wconf 90' lang='lat' dir='ltr'><strong>tur</strong></span> <span class='ocrx_word' id='word_1_163' title='bbox 2096 1040 2311 1105; x_wconf 90' lang='lat' dir='ltr'><strong>oblivio,</strong></span> <span class='ocrx_word' id='word_1_164' title='bbox 2344 1043 2419 1095; x_wconf 89' lang='lat' dir='ltr'><strong>rei</strong></span> <span class='ocrx_word' id='word_1_165' title='bbox 2459 1051 2635 1097; x_wconf 91' lang='lat' dir='ltr'><strong>autem</strong></span> <span class='ocrx_word' id='word_1_166' title='bbox 2675 1046 2800 1097; x_wconf 87' lang='lat' dir='ltr'><strong>visae</strong></span> <span class='ocrx_word' id='word_1_167' title='bbox 2845 1061 2952 1098; x_wconf 92' lang='lat' dir='ltr'><strong>non</strong></span> <span class='ocrx_word' id='word_1_168' title='bbox 3003 1047 3212 1100; x_wconf 85' lang='lat' dir='ltr'><strong>deletur</strong></span> <span class='ocrx_word' id='word_1_169' title='bbox 3261 1051 3547 1115; x_wconf 86' lang='lat' dir='ltr'><strong>memoria,</strong></span> 
     </span>
    </p>
   </div>
   <div class='ocr_carea' id='block_1_25' title="bbox 1983 1128 3552 1203">
    <p class='ocr_par' dir='ltr' id='par_1_25' title="bbox 1983 1128 3552 1203">
     <span class='ocr_line' id='line_1_25' title="bbox 1983 1128 3552 1203; baseline 0.01 -22"><span class='ocrx_word' id='word_1_170' title='bbox 1983 1128 2077 1182; x_wconf 89' lang='lat' dir='ltr'><strong>sed</strong></span> <span class='ocrx_word' id='word_1_171' title='bbox 2104 1131 2267 1184; x_wconf 91' lang='lat' dir='ltr'><strong>menti</strong></span> <span class='ocrx_word' id='word_1_172' title='bbox 2296 1132 2685 1200; x_wconf 87' lang='lat' dir='ltr'><strong>quodammodo</strong></span> <span class='ocrx_word' id='word_1_173' title='bbox 2714 1136 3031 1203; x_wconf 88' lang='lat' dir='ltr'><strong>imprimitur</strong></span> <span class='ocrx_word' id='word_1_174' title='bbox 3057 1139 3295 1193; x_wconf 89' lang='lat' dir='ltr'><strong>historia.</strong></span> <span class='ocrx_word' id='word_1_175' title='bbox 3340 1143 3420 1196; x_wconf 89' lang='lat' dir='ltr'><strong>Ad</strong></span> <span class='ocrx_word' id='word_1_176' title='bbox 3455 1158 3552 1196; x_wconf 89' lang='lat' dir='ltr'><strong>nos</strong></span> 
     </span>
    </p>
   </div>
   <div class='ocr_carea' id='block_1_26' title="bbox 1983 1220 3541 1302">
    <p class='ocr_par' dir='ltr' id='par_1_26' title="bbox 1983 1220 3541 1302">
     <span class='ocr_line' id='line_1_26' title="bbox 1983 1220 3541 1302; baseline 0.009 -28"><span class='ocrx_word' id='word_1_177' title='bbox 1983 1234 2108 1288; x_wconf 85' lang='lat' dir='ltr'><strong>ergo</strong></span> <span class='ocrx_word' id='word_1_178' title='bbox 2129 1220 2264 1274; x_wconf 82' lang='lat' dir='ltr'><strong>dixit</strong></span> <span class='ocrx_word' id='word_1_179' title='bbox 2295 1223 2476 1276; x_wconf 88' lang='lat' dir='ltr'><strong>beatus</strong></span> <span class='ocrx_word' id='word_1_180' title='bbox 2498 1222 2729 1280; x_wconf 80' lang='lat' dir='ltr'><strong>Joannes</strong></span> <span class='ocrx_word' id='word_1_181' title='bbox 2753 1243 2766 1277; x_wconf 91' lang='lat'>:</span> <span class='ocrx_word' id='word_1_182' title='bbox 2794 1228 2857 1280; x_wconf 81' lang='lat' dir='ltr'><strong>Et</strong></span> <span class='ocrx_word' id='word_1_183' title='bbox 2879 1228 3004 1297; x_wconf 90' lang='lat' dir='ltr'><strong>quid</strong></span> <span class='ocrx_word' id='word_1_184' title='bbox 3031 1232 3324 1285; x_wconf 90' lang='lat' dir='ltr'><strong>mirandum</strong></span> <span class='ocrx_word' id='word_1_185' title='bbox 3355 1234 3541 1302; x_wconf 86' lang='lat' dir='ltr'><strong>visuri,</strong></span> 
     </span>
    </p>
   </div>
   <div class='ocr_carea' id='block_1_27' title="bbox 1981 1309 3545 1377">
    <p class='ocr_par' dir='ltr' id='par_1_27' title="bbox 1981 1309 3545 1377">
     <span class='ocr_line' id='line_1_27' title="bbox 1981 1309 3545 1377; baseline 0.011 -16"><span class='ocrx_word' id='word_1_186' title='bbox 1981 1323 2015 1361; x_wconf 89' lang='grc' dir='ltr'><strong>ο</strong></span> <span class='ocrx_word' id='word_1_187' title='bbox 2045 1309 2135 1363; x_wconf 84' lang='lat' dir='ltr'><strong>lilii</strong></span> <span class='ocrx_word' id='word_1_188' title='bbox 2165 1311 2479 1375; x_wconf 90' lang='lat' dir='ltr'><strong>charissimi,</strong></span> <span class='ocrx_word' id='word_1_189' title='bbox 2513 1323 2715 1367; x_wconf 89' lang='lat' dir='ltr'><strong>tantum</strong></span> <span class='ocrx_word' id='word_1_190' title='bbox 2747 1315 2952 1371; x_wconf 88' lang='lat' dir='ltr'><strong>itineris</strong></span> <span class='ocrx_word' id='word_1_191' title='bbox 2983 1328 3036 1372; x_wconf 91' lang='lat' dir='ltr'><strong>et</strong></span> <span class='ocrx_word' id='word_1_192' title='bbox 3067 1320 3263 1374; x_wconf 88' lang='lat' dir='ltr'><strong>laboris</strong></span> <span class='ocrx_word' id='word_1_193' title='bbox 3307 1323 3545 1377; x_wconf 92' lang='lat' dir='ltr'><strong>toleran-</strong></span> 
     </span>
    </p>
   </div>
   <div class='ocr_carea' id='block_1_28' title="bbox 1985 1390 3551 1474">
    <p class='ocr_par' dir='ltr' id='par_1_28' title="bbox 1985 1390 3551 1474">
     <span class='ocr_line' id='line_1_28' title="bbox 1985 1390 3551 1474; baseline 0.012 -23"><span class='ocrx_word' id='word_1_194' title='bbox 1985 1409 2063 1452; x_wconf 90' lang='lat' dir='ltr'><strong>tes</strong></span> <span class='ocrx_word' id='word_1_195' title='bbox 2092 1401 2190 1452; x_wconf 91' lang='lat' dir='ltr'><strong>huc</strong></span> <span class='ocrx_word' id='word_1_196' title='bbox 2218 1402 2458 1467; x_wconf 88' lang='lat' dir='ltr'><strong>venistis,</strong></span> <span class='ocrx_word' id='word_1_197' title='bbox 2489 1404 2729 1459; x_wconf 85' lang='lat' dir='ltr'><strong>homines</strong></span> <span class='ocrx_word' id='word_1_198' title='bbox 2760 1407 2997 1474; x_wconf 90' lang='lat' dir='ltr'><strong>abjectos</strong></span> <span class='ocrx_word' id='word_1_199' title='bbox 3027 1417 3082 1463; x_wconf 90' lang='lat' dir='ltr'><strong>et</strong></span> <span class='ocrx_word' id='word_1_200' title='bbox 3114 1410 3341 1467; x_wconf 92' lang='lat' dir='ltr'><strong>humiles</strong></span> <span class='ocrx_word' id='word_1_201' title='bbox 3369 1390 3551 1470; x_wconf 70' lang='lat' dir='ltr'><strong>videre</strong></span> 
     </span>
    </p>
   </div>
   <div class='ocr_carea' id='block_1_29' title="bbox 1982 1489 3548 1569">
    <p class='ocr_par' dir='ltr' id='par_1_29' title="bbox 1982 1489 3548 1569">
     <span class='ocr_line' id='line_1_29' title="bbox 1982 1489 3548 1569; baseline 0.011 -27"><span class='ocrx_word' id='word_1_202' title='bbox 1982 1489 2274 1556; x_wconf 88' lang='lat' dir='ltr'><strong>cupientes,</strong></span> <span class='ocrx_word' id='word_1_203' title='bbox 2301 1491 2390 1559; x_wconf 92' lang='lat' dir='ltr'><strong>qui</strong></span> <span class='ocrx_word' id='word_1_204' title='bbox 2420 1493 2548 1546; x_wconf 92' lang='lat' dir='ltr'><strong>nihil</strong></span> <span class='ocrx_word' id='word_1_205' title='bbox 2575 1494 2768 1549; x_wconf 82' lang='lat' dir='ltr'><strong>habent</strong></span> <span class='ocrx_word' id='word_1_206' title='bbox 2799 1507 3039 1564; x_wconf 78' lang='lat' dir='ltr'><strong>spectato</strong></span> <span class='ocrx_word' id='word_1_207' title='bbox 3076 1500 3293 1569; x_wconf 88' lang='lat' dir='ltr'><strong>dignum</strong></span> <span class='ocrx_word' id='word_1_208' title='bbox 3327 1520 3423 1557; x_wconf 73' lang='lat' dir='ltr'><strong>nec</strong></span> <span class='ocrx_word' id='word_1_209' title='bbox 3452 1506 3548 1559; x_wconf 49' lang='lat' dir='ltr'><strong>ad.</strong></span> 
     </span>
    </p>
   </div>
   <div class='ocr_carea' id='block_1_30' title="bbox 1983 1579 3545 1663">
    <p class='ocr_par' dir='ltr' id='par_1_30' title="bbox 1983 1579 3545 1663">
     <span class='ocr_line' id='line_1_30' title="bbox 1983 1579 3545 1663; baseline 0.013 -33"><span class='ocrx_word' id='word_1_210' title='bbox 1983 1579 2209 1632; x_wconf 82' lang='lat' dir='ltr'><strong>miratu?</strong></span> <span class='ocrx_word' id='word_1_211' title='bbox 2237 1579 2438 1649; x_wconf 83' lang='lat' dir='ltr'><strong>Ubique</strong></span> <span class='ocrx_word' id='word_1_212' title='bbox 2465 1592 2797 1643; x_wconf 79' lang='lat' dir='ltr'><strong>atttem,sunt</strong></span> <span class='ocrx_word' id='word_1_213' title='bbox 2825 1587 3118 1643; x_wconf 84' lang='lat' dir='ltr'><strong>admirandi</strong></span> <span class='ocrx_word' id='word_1_214' title='bbox 3145 1601 3199 1645; x_wconf 90' lang='lat' dir='ltr'><strong>et</strong></span> <span class='ocrx_word' id='word_1_215' title='bbox 3227 1594 3380 1645; x_wconf 81' lang='lat' dir='ltr'><strong>laude</strong></span> <span class='ocrx_word' id='word_1_216' title='bbox 3402 1594 3545 1663; x_wconf 79' lang='lat' dir='ltr'><strong>digiti</strong></span> 
     </span>
    </p>
   </div>
   <div class='ocr_carea' id='block_1_31' title="bbox 1983 1664 3541 1749">
    <p class='ocr_par' dir='ltr' id='par_1_31' title="bbox 1983 1664 3541 1749">
     <span class='ocr_line' id='line_1_31' title="bbox 1983 1664 3541 1749; baseline 0.013 -32"><span class='ocrx_word' id='word_1_217' title='bbox 1983 1664 2075 1718; x_wconf 91' lang='lat' dir='ltr'><strong>Dei</strong></span> <span class='ocrx_word' id='word_1_218' title='bbox 2106 1669 2374 1735; x_wconf 68' lang='lat' dir='ltr'><strong>propheta:</strong></span> <span class='ocrx_word' id='word_1_219' title='bbox 2403 1680 2455 1723; x_wconf 92' lang='lat' dir='ltr'><strong>et</strong></span> <span class='ocrx_word' id='word_1_220' title='bbox 2486 1674 2748 1740; x_wconf 90' lang='lat' dir='ltr'><strong>apostoli,</strong></span> <span class='ocrx_word' id='word_1_221' title='bbox 2780 1677 2867 1744; x_wconf 89' lang='lat' dir='ltr'><strong>qui</strong></span> <span class='ocrx_word' id='word_1_222' title='bbox 2904 1677 3148 1745; x_wconf 85' lang='lat' dir='ltr'><strong>leguntur</strong></span> <span class='ocrx_word' id='word_1_223' title='bbox 3181 1681 3229 1732; x_wconf 93' lang='lat' dir='ltr'><strong>in</strong></span> <span class='ocrx_word' id='word_1_224' title='bbox 3269 1683 3541 1749; x_wconf 84' lang='lat' dir='ltr'><strong>ecclesiis,</strong></span> 
     </span>
    </p>
   </div>
   <div class='ocr_carea' id='block_1_32' title="bbox 1981 1760 3541 1840">
    <p class='ocr_par' dir='ltr' id='par_1_32' title="bbox 1981 1760 3541 1840">
     <span class='ocr_line' id='line_1_32' title="bbox 1981 1760 3541 1840; baseline 0.014 -35"><span class='ocrx_word' id='word_1_225' title='bbox 1981 1771 2113 1820; x_wconf 86' lang='lat' dir='ltr'><strong>quos</strong></span> <span class='ocrx_word' id='word_1_226' title='bbox 2153 1768 2364 1824; x_wconf 88' lang='lat' dir='ltr'><strong>oportet</strong></span> <span class='ocrx_word' id='word_1_227' title='bbox 2410 1760 2625 1815; x_wconf 87' lang='lat' dir='ltr'><strong>itnitari.</strong></span> <span class='ocrx_word' id='word_1_228' title='bbox 2669 1764 2831 1819; x_wconf 80' lang='lat' dir='ltr'><strong>Valde</strong></span> <span class='ocrx_word' id='word_1_229' title='bbox 2877 1778 3052 1821; x_wconf 88' lang='lat' dir='ltr'><strong>autem</strong></span> <span class='ocrx_word' id='word_1_230' title='bbox 3105 1771 3284 1837; x_wconf 84' lang='lat' dir='ltr'><strong>miror,</strong></span> <span class='ocrx_word' id='word_1_231' title='bbox 3342 1774 3541 1840; x_wconf 87' lang='lat' dir='ltr'><strong>inquit,</strong></span> 
     </span>
    </p>
   </div>
   <div class='ocr_carea' id='block_1_33' title="bbox 307 1850 3540 1932">
    <p class='ocr_par' dir='ltr' id='par_1_33' title="bbox 307 1850 3540 1932">
     <span class='ocr_line' id='line_1_33' title="bbox 307 1850 3540 1932; baseline -0.001 -20"><span class='ocrx_word' id='word_1_232' title='bbox 307 1859 362 1913; x_wconf 93' lang='lat' dir='ltr'><strong>in</strong></span> <span class='ocrx_word' id='word_1_233' title='bbox 392 1857 508 1911; x_wconf 88' lang='lat' dir='ltr'><strong>loco</strong></span> <span class='ocrx_word' id='word_1_234' title='bbox 536 1863 812 1920; x_wconf 91' lang='lat' dir='ltr'><strong>consueto,</strong></span> <span class='ocrx_word' id='word_1_235' title='bbox 842 1854 957 1909; x_wconf 76' lang='lat' dir='ltr'><strong>htec</strong></span> <span class='ocrx_word' id='word_1_236' title='bbox 985 1855 1159 1908; x_wconf 86' lang='lat' dir='ltr'><strong>omnia</strong></span> <span class='ocrx_word' id='word_1_237' title='bbox 1190 1867 1413 1908; x_wconf 88' lang='lat' dir='ltr'><strong>narrans</strong></span> <span class='ocrx_word' id='word_1_238' title='bbox 1440 1852 1606 1907; x_wconf 88' lang='lat' dir='ltr'><strong>beatis</strong></span> <span class='ocrx_word' id='word_1_239' title='bbox 1633 1850 1874 1905; x_wconf 86' lang='lat' dir='ltr'><strong>Patribus</strong></span> <span class='ocrx_word' id='word_1_240' title='bbox 1908 1851 1953 1909; x_wconf 85' lang='grc' dir='ltr'><strong>Β</strong></span> <span class='ocrx_word' id='word_1_241' title='bbox 1981 1855 2210 1899; x_wconf 72' lang='lat' dir='ltr'><strong>vestrum</strong></span> <span class='ocrx_word' id='word_1_242' title='bbox 2237 1850 2488 1915; x_wconf 76' lang='lat' dir='ltr'><strong>Studium,</strong></span> <span class='ocrx_word' id='word_1_243' title='bbox 2524 1854 2966 1919; x_wconf 81' lang='lat' dir='ltr'><strong>quemadmodum</strong></span> <span class='ocrx_word' id='word_1_244' title='bbox 2996 1867 3071 1912; x_wconf 87' lang='lat' dir='ltr'><strong>tot</strong></span> <span class='ocrx_word' id='word_1_245' title='bbox 3094 1864 3413 1929; x_wconf 71' lang='lat' dir='ltr'><strong>contemptis</strong></span> <span class='ocrx_word' id='word_1_246' title='bbox 3444 1881 3540 1932; x_wconf 75' lang='lat' dir='ltr'><strong>pe-</strong></span> 
     </span>
    </p>
   </div>
   <div class='ocr_carea' id='block_1_34' title="bbox 305 1942 1872 2014">
    <p class='ocr_par' dir='ltr' id='par_1_34' title="bbox 305 1942 1872 2014">
     <span class='ocr_line' id='line_1_34' title="bbox 305 1942 1872 2014; baseline -0.001 -17"><span class='ocrx_word' id='word_1_247' title='bbox 305 1945 396 2013; x_wconf 81' lang='lat' dir='ltr'><strong>qui</strong></span> <span class='ocrx_word' id='word_1_248' title='bbox 429 1953 545 2014; x_wconf 89' lang='lat' dir='ltr'><strong>post</strong></span> <span class='ocrx_word' id='word_1_249' title='bbox 568 1944 702 1998; x_wconf 92' lang='lat' dir='ltr'><strong>duos</strong></span> <span class='ocrx_word' id='word_1_250' title='bbox 726 1959 937 1999; x_wconf 90' lang='lat' dir='ltr'><strong>menses</strong></span> <span class='ocrx_word' id='word_1_251' title='bbox 960 1953 1220 1999; x_wconf 84' lang='lat' dir='ltr'><strong>venerunt</strong></span> <span class='ocrx_word' id='word_1_252' title='bbox 1239 1952 1294 1997; x_wconf 91' lang='lat' dir='ltr'><strong>et</strong></span> <span class='ocrx_word' id='word_1_253' title='bbox 1317 1953 1439 1997; x_wconf 90' lang='lat' dir='ltr'><strong>sunt</strong></span> <span class='ocrx_word' id='word_1_254' title='bbox 1467 1958 1584 1995; x_wconf 91' lang='lat' dir='ltr'><strong>cum</strong></span> <span class='ocrx_word' id='word_1_255' title='bbox 1613 1957 1679 1996; x_wconf 91' lang='lat' dir='ltr'><strong>eo</strong></span> <span class='ocrx_word' id='word_1_256' title='bbox 1706 1942 1872 1996; x_wconf 81' lang='lat' dir='ltr'><strong>collo-</strong></span> 
     </span>
    </p>
   </div>
   <div class='ocr_carea' id='block_1_35' title="bbox 303 2032 1872 2104">
    <p class='ocr_par' dir='ltr' id='par_1_35' title="bbox 303 2032 1872 2104">
     <span class='ocr_line' id='line_1_35' title="bbox 303 2032 1872 2104; baseline -0.001 -14"><span class='ocrx_word' id='word_1_257' title='bbox 303 2035 436 2101; x_wconf 87' lang='lat' dir='ltr'><strong>cuti,</strong></span> <span class='ocrx_word' id='word_1_258' title='bbox 467 2036 607 2104; x_wconf 87' lang='lat' dir='ltr'><strong>iique</strong></span> <span class='ocrx_word' id='word_1_259' title='bbox 638 2033 753 2088; x_wconf 61' lang='lat' dir='ltr'><strong>haec</strong></span> <span class='ocrx_word' id='word_1_260' title='bbox 782 2035 934 2088; x_wconf 62' lang='lat' dir='ltr'><strong>nobis</strong></span> <span class='ocrx_word' id='word_1_261' title='bbox 965 2042 1265 2089; x_wconf 88' lang='lat' dir='ltr'><strong>narrarunt.</strong></span> <span class='ocrx_word' id='word_1_262' title='bbox 1293 2032 1422 2087; x_wconf 88' lang='lat' dir='ltr'><strong>Cum</strong></span> <span class='ocrx_word' id='word_1_263' title='bbox 1455 2034 1521 2086; x_wconf 89' lang='lat' dir='ltr'><strong>ad</strong></span> <span class='ocrx_word' id='word_1_264' title='bbox 1551 2047 1669 2087; x_wconf 90' lang='lat' dir='ltr'><strong>eum</strong></span> <span class='ocrx_word' id='word_1_265' title='bbox 1694 2033 1872 2088; x_wconf 86' lang='lat' dir='ltr'><strong>venis-</strong></span> 
     </span>
    </p>
   </div>
   <div class='ocr_carea' id='block_1_36' title="bbox 302 2124 1870 2192">
    <p class='ocr_par' dir='ltr' id='par_1_36' title="bbox 302 2124 1870 2192">
     <span class='ocr_line' id='line_1_36' title="bbox 302 2124 1870 2192; baseline -0.003 -11"><span class='ocrx_word' id='word_1_266' title='bbox 302 2140 506 2191; x_wconf 81' lang='lat' dir='ltr'><strong>scmus,</strong></span> <span class='ocrx_word' id='word_1_267' title='bbox 538 2124 656 2177; x_wconf 86' lang='lat' dir='ltr'><strong>laeto</strong></span> <span class='ocrx_word' id='word_1_268' title='bbox 691 2124 831 2176; x_wconf 88' lang='lat' dir='ltr'><strong>vultu</strong></span> <span class='ocrx_word' id='word_1_269' title='bbox 862 2141 960 2179; x_wconf 93' lang='lat' dir='ltr'><strong>nos</strong></span> <span class='ocrx_word' id='word_1_270' title='bbox 988 2128 1194 2192; x_wconf 77' lang='lat' dir='ltr'><strong>excepit</strong></span> <span class='ocrx_word' id='word_1_271' title='bbox 1222 2136 1274 2180; x_wconf 88' lang='lat' dir='ltr'><strong>et</strong></span> <span class='ocrx_word' id='word_1_272' title='bbox 1303 2125 1554 2181; x_wconf 72' lang='lat' dir='ltr'><strong>salutavit</strong></span> <span class='ocrx_word' id='word_1_273' title='bbox 1576 2165 1592 2189; x_wconf 95' lang='lat'><strong>,</strong></span> <span class='ocrx_word' id='word_1_274' title='bbox 1636 2140 1696 2180; x_wconf 91' lang='lat' dir='ltr'><strong>se</strong></span> <span class='ocrx_word' id='word_1_275' title='bbox 1737 2124 1870 2178; x_wconf 73' lang='lat' dir='ltr'><strong>hila~</strong></span> 
     </span>
    </p>
   </div>
   <div class='ocr_carea' id='block_1_37' title="bbox 304 2212 1869 2285">
    <p class='ocr_par' dir='ltr' id='par_1_37' title="bbox 304 2212 1869 2285">
     <span class='ocr_line' id='line_1_37' title="bbox 304 2212 1869 2285; baseline 0 -17"><span class='ocrx_word' id='word_1_276' title='bbox 304 2228 418 2268; x_wconf 86' lang='lat' dir='ltr'><strong>rem</strong></span> <span class='ocrx_word' id='word_1_277' title='bbox 447 2212 732 2277; x_wconf 76' lang='lat' dir='ltr'><strong>unicuique</strong></span> <span class='ocrx_word' id='word_1_278' title='bbox 762 2212 1071 2268; x_wconf 87' lang='lat' dir='ltr'><strong>ostendens.</strong></span> <span class='ocrx_word' id='word_1_279' title='bbox 1105 2216 1438 2285; x_wconf 85' lang='lat' dir='ltr'><strong>ltogabamus</strong></span> <span class='ocrx_word' id='word_1_280' title='bbox 1462 2222 1637 2268; x_wconf 89' lang='lat' dir='ltr'><strong>autem</strong></span> <span class='ocrx_word' id='word_1_281' title='bbox 1670 2230 1788 2267; x_wconf 91' lang='lat' dir='ltr'><strong>eum</strong></span> <span class='ocrx_word' id='word_1_282' title='bbox 1812 2222 1869 2268; x_wconf 89' lang='lat' dir='ltr'><strong>ut</strong></span> 
     </span>
    </p>
   </div>
   <div class='ocr_carea' id='block_1_38' title="bbox 302 2299 1867 2373">
    <p class='ocr_par' dir='ltr' id='par_1_38' title="bbox 302 2299 1867 2373">
     <span class='ocr_line' id='line_1_38' title="bbox 302 2299 1867 2373; baseline 0.004 -20"><span class='ocrx_word' id='word_1_283' title='bbox 302 2299 478 2353; x_wconf 73' lang='lat' dir='ltr'><strong>atatim</strong></span> <span class='ocrx_word' id='word_1_284' title='bbox 510 2314 604 2366; x_wconf 87' lang='lat' dir='ltr'><strong>pro</strong></span> <span class='ocrx_word' id='word_1_285' title='bbox 631 2301 784 2356; x_wconf 88' lang='lat' dir='ltr'><strong>nobis</strong></span> <span class='ocrx_word' id='word_1_286' title='bbox 814 2312 1087 2373; x_wconf 81' lang='lat' dir='ltr'><strong>perageret</strong></span> <span class='ocrx_word' id='word_1_287' title='bbox 1118 2305 1441 2365; x_wconf 81' lang='lat' dir='ltr'><strong>orationem,</strong></span> <span class='ocrx_word' id='word_1_288' title='bbox 1487 2313 1569 2357; x_wconf 89' lang='lat' dir='ltr'><strong>est</strong></span> <span class='ocrx_word' id='word_1_289' title='bbox 1608 2305 1748 2358; x_wconf 91' lang='lat' dir='ltr'><strong>cnim</strong></span> <span class='ocrx_word' id='word_1_290' title='bbox 1783 2304 1867 2360; x_wconf 91' lang='lat' dir='ltr'><strong>hic</strong></span> 
     </span>
    </p>
   </div>
   <div class='ocr_carea' id='block_1_39' title="bbox 301 2389 1868 2463">
    <p class='ocr_par' dir='ltr' id='par_1_39' title="bbox 301 2389 1868 2463">
     <span class='ocr_line' id='line_1_39' title="bbox 301 2389 1868 2463; baseline 0.003 -19"><span class='ocrx_word' id='word_1_291' title='bbox 301 2403 420 2444; x_wconf 86' lang='lat' dir='ltr'><strong>mos</strong></span> <span class='ocrx_word' id='word_1_292' title='bbox 446 2389 690 2445; x_wconf 87' lang='lat' dir='ltr'><strong>Patribus</strong></span> <span class='ocrx_word' id='word_1_293' title='bbox 720 2390 808 2460; x_wconf 89' lang='lat' dir='ltr'><strong>qui</strong></span> <span class='ocrx_word' id='word_1_294' title='bbox 837 2402 959 2446; x_wconf 88' lang='lat' dir='ltr'><strong>sunt</strong></span> <span class='ocrx_word' id='word_1_295' title='bbox 1002 2392 1054 2446; x_wconf 92' lang='lat' dir='ltr'><strong>in</strong></span> <span class='ocrx_word' id='word_1_296' title='bbox 1096 2391 1345 2463; x_wconf 64' lang='lat' dir='ltr'><strong>Egypto.</strong></span> <span class='ocrx_word' id='word_1_297' title='bbox 1377 2394 1422 2447; x_wconf 89' lang='lat' dir='ltr'><strong>Is</strong></span> <span class='ocrx_word' id='word_1_298' title='bbox 1448 2402 1622 2447; x_wconf 85' lang='lat' dir='ltr'><strong>autem</strong></span> <span class='ocrx_word' id='word_1_299' title='bbox 1652 2409 1747 2447; x_wconf 79' lang='lat' dir='ltr'><strong>uos</strong></span> <span class='ocrx_word' id='word_1_300' title='bbox 1787 2396 1868 2448; x_wconf 84' lang='lat' dir='ltr'><strong>in-</strong></span> 
     </span>
    </p>
   </div>
   <div class='ocr_carea' id='block_1_40' title="bbox 301 2481 1866 2553">
    <p class='ocr_par' dir='ltr' id='par_1_40' title="bbox 301 2481 1866 2553">
     <span class='ocr_line' id='line_1_40' title="bbox 301 2481 1866 2553; baseline 0.005 -20"><span class='ocrx_word' id='word_1_301' title='bbox 301 2481 591 2550; x_wconf 80' lang='lat' dir='ltr'><strong>terrogavit</strong></span> <span class='ocrx_word' id='word_1_302' title='bbox 613 2498 735 2536; x_wconf 89' lang='lat' dir='ltr'><strong>num</strong></span> <span class='ocrx_word' id='word_1_303' title='bbox 767 2482 903 2537; x_wconf 89' lang='lat' dir='ltr'><strong>inter</strong></span> <span class='ocrx_word' id='word_1_304' title='bbox 931 2497 1027 2536; x_wconf 88' lang='lat' dir='ltr'><strong>nos</strong></span> <span class='ocrx_word' id='word_1_305' title='bbox 1052 2495 1194 2537; x_wconf 90' lang='lat' dir='ltr'><strong>esset</strong></span> <span class='ocrx_word' id='word_1_306' title='bbox 1221 2485 1447 2538; x_wconf 87' lang='lat' dir='ltr'><strong>clericus</strong></span> <span class='ocrx_word' id='word_1_307' title='bbox 1472 2482 1683 2553; x_wconf 88' lang='lat' dir='ltr'><strong>aliquis.</strong></span> <span class='ocrx_word' id='word_1_308' title='bbox 1714 2486 1866 2541; x_wconf 81' lang='lat' dir='ltr'><strong>Post-</strong></span> 
     </span>
    </p>
   </div>
   <div class='ocr_carea' id='block_1_41' title="bbox 299 2573 1865 2641">
    <p class='ocr_par' dir='ltr' id='par_1_41' title="bbox 299 2573 1865 2641">
     <span class='ocr_line' id='line_1_41' title="bbox 299 2573 1865 2641; baseline 0.004 -17"><span class='ocrx_word' id='word_1_309' title='bbox 299 2586 455 2638; x_wconf 89' lang='lat' dir='ltr'><strong>quam</strong></span> <span class='ocrx_word' id='word_1_310' title='bbox 485 2580 661 2625; x_wconf 90' lang='lat' dir='ltr'><strong>autem</strong></span> <span class='ocrx_word' id='word_1_311' title='bbox 710 2586 898 2626; x_wconf 90' lang='lat' dir='ltr'><strong>omnes</strong></span> <span class='ocrx_word' id='word_1_312' title='bbox 943 2587 1047 2627; x_wconf 91' lang='lat' dir='ltr'><strong>non</strong></span> <span class='ocrx_word' id='word_1_313' title='bbox 1094 2587 1213 2627; x_wconf 91' lang='lat' dir='ltr'><strong>esse</strong></span> <span class='ocrx_word' id='word_1_314' title='bbox 1258 2573 1528 2641; x_wconf 79' lang='lat' dir='ltr'><strong>diximus,</strong></span> <span class='ocrx_word' id='word_1_315' title='bbox 1561 2590 1658 2629; x_wconf 93' lang='lat' dir='ltr'><strong>nos</strong></span> <span class='ocrx_word' id='word_1_316' title='bbox 1680 2592 1865 2631; x_wconf 90' lang='lat' dir='ltr'><strong>omnes</strong></span> 
     </span>
    </p>
   </div>
   <div class='ocr_carea' id='block_1_42' title="bbox 240 2662 1865 2733">
    <p class='ocr_par' dir='ltr' id='par_1_42' title="bbox 240 2662 1865 2733">
     <span class='ocr_line' id='line_1_42' title="bbox 240 2662 1865 2733; baseline 0.003 -18"><span class='ocrx_word' id='word_1_317' title='bbox 240 2714 243 2715; x_wconf 30' lang='grc' dir='ltr'><em>ν</em></span> <span class='ocrx_word' id='word_1_318' title='bbox 297 2662 753 2730; x_wconf 84' lang='lat' dir='ltr'><strong>circumspiciens.</strong></span> <span class='ocrx_word' id='word_1_319' title='bbox 784 2664 1001 2733; x_wconf 79' lang='lat' dir='ltr'><strong>agnovit</strong></span> <span class='ocrx_word' id='word_1_320' title='bbox 1028 2679 1150 2719; x_wconf 91' lang='lat' dir='ltr'><strong>eum</strong></span> <span class='ocrx_word' id='word_1_321' title='bbox 1180 2664 1272 2733; x_wconf 91' lang='lat' dir='ltr'><strong>qui</strong></span> <span class='ocrx_word' id='word_1_322' title='bbox 1302 2674 1419 2718; x_wconf 89' lang='lat' dir='ltr'><strong>erat</strong></span> <span class='ocrx_word' id='word_1_323' title='bbox 1445 2666 1684 2719; x_wconf 88' lang='lat' dir='ltr'><strong>occultus</strong></span> <span class='ocrx_word' id='word_1_324' title='bbox 1712 2685 1724 2718; x_wconf 91' lang='lat'>:</span> <span class='ocrx_word' id='word_1_325' title='bbox 1751 2675 1865 2720; x_wconf 90' lang='lat' dir='ltr'><strong>erat</strong></span> 
     </span>
    </p>
   </div>
   <div class='ocr_carea' id='block_1_43' title="bbox 297 2755 1863 2825">
    <p class='ocr_par' dir='ltr' id='par_1_43' title="bbox 297 2755 1863 2825">
     <span class='ocr_line' id='line_1_43' title="bbox 297 2755 1863 2825; baseline 0.005 -21"><span class='ocrx_word' id='word_1_326' title='bbox 297 2762 471 2806; x_wconf 77' lang='lat' dir='ltr'><strong>autem</strong></span> <span class='ocrx_word' id='word_1_327' title='bbox 504 2769 639 2807; x_wconf 90' lang='lat' dir='ltr'><strong>unus</strong></span> <span class='ocrx_word' id='word_1_328' title='bbox 668 2768 733 2808; x_wconf 77' lang='lat' dir='ltr'><strong>ex</strong></span> <span class='ocrx_word' id='word_1_329' title='bbox 760 2755 914 2808; x_wconf 90' lang='lat' dir='ltr'><strong>nobis</strong></span> <span class='ocrx_word' id='word_1_330' title='bbox 943 2755 1031 2824; x_wconf 93' lang='lat' dir='ltr'><strong>qui</strong></span> <span class='ocrx_word' id='word_1_331' title='bbox 1063 2756 1254 2825; x_wconf 86' lang='lat' dir='ltr'><strong>dignus</strong></span> <span class='ocrx_word' id='word_1_332' title='bbox 1301 2758 1471 2811; x_wconf 90' lang='lat' dir='ltr'><strong>fuerat</strong></span> <span class='ocrx_word' id='word_1_333' title='bbox 1502 2758 1710 2814; x_wconf 81' lang='lat' dir='ltr'><strong>habitus</strong></span> <span class='ocrx_word' id='word_1_334' title='bbox 1748 2759 1863 2812; x_wconf 85' lang='lat' dir='ltr'><strong>dia-</strong></span> 
     </span>
    </p>
   </div>
   <div class='ocr_carea' id='block_1_44' title="bbox 296 2847 1863 2915">
    <p class='ocr_par' dir='ltr' id='par_1_44' title="bbox 296 2847 1863 2915">
     <span class='ocr_line' id='line_1_44' title="bbox 296 2847 1863 2915; baseline 0.006 -20"><span class='ocrx_word' id='word_1_335' title='bbox 296 2854 511 2908; x_wconf 91' lang='lat' dir='ltr'><strong>conatu,</strong></span> <span class='ocrx_word' id='word_1_336' title='bbox 543 2859 661 2897; x_wconf 91' lang='lat' dir='ltr'><strong>cum</strong></span> <span class='ocrx_word' id='word_1_337' title='bbox 694 2855 839 2899; x_wconf 89' lang='lat' dir='ltr'><strong>esset</strong></span> <span class='ocrx_word' id='word_1_338' title='bbox 867 2862 1001 2900; x_wconf 90' lang='lat' dir='ltr'><strong>unus</strong></span> <span class='ocrx_word' id='word_1_339' title='bbox 1033 2847 1192 2901; x_wconf 90' lang='lat' dir='ltr'><strong>frater</strong></span> <span class='ocrx_word' id='word_1_340' title='bbox 1216 2848 1333 2915; x_wconf 86' lang='lat' dir='ltr'><strong>ejus</strong></span> <span class='ocrx_word' id='word_1_341' title='bbox 1358 2850 1432 2903; x_wconf 89' lang='lat' dir='ltr'><strong>rei</strong></span> <span class='ocrx_word' id='word_1_342' title='bbox 1461 2849 1706 2904; x_wconf 80' lang='lat' dir='ltr'><strong>conscius</strong></span> <span class='ocrx_word' id='word_1_343' title='bbox 1730 2892 1744 2914; x_wconf 89' lang='lat'><strong>,</strong></span> <span class='ocrx_word' id='word_1_344' title='bbox 1776 2851 1863 2905; x_wconf 90' lang='lat' dir='ltr'><strong>cui</strong></span> 
     </span>
    </p>
   </div>
   <div class='ocr_carea' id='block_1_45' title="bbox 295 2932 1866 3005">
    <p class='ocr_par' dir='ltr' id='par_1_45' title="bbox 295 2932 1866 3005">
     <span class='ocr_line' id='line_1_45' title="bbox 295 2932 1866 3005; baseline 0.006 -19"><span class='ocrx_word' id='word_1_345' title='bbox 295 2932 456 2987; x_wconf 89' lang='lat' dir='ltr'><strong>etiam</strong></span> <span class='ocrx_word' id='word_1_346' title='bbox 488 2936 741 3004; x_wconf 69' lang='lat' dir='ltr'><strong>praecepit</strong></span> <span class='ocrx_word' id='word_1_347' title='bbox 765 2943 823 2989; x_wconf 94' lang='lat' dir='ltr'><strong>ut</strong></span> <span class='ocrx_word' id='word_1_348' title='bbox 854 2938 1054 2991; x_wconf 85' lang='lat' dir='ltr'><strong>nemini</strong></span> <span class='ocrx_word' id='word_1_349' title='bbox 1085 2937 1306 2993; x_wconf 90' lang='lat' dir='ltr'><strong>diceret.</strong></span> <span class='ocrx_word' id='word_1_350' title='bbox 1337 2940 1438 3005; x_wconf 87' lang='lat' dir='ltr'><strong>Qui</strong></span> <span class='ocrx_word' id='word_1_351' title='bbox 1467 2954 1623 2994; x_wconf 82' lang='lat' dir='ltr'><strong>causa</strong></span> <span class='ocrx_word' id='word_1_352' title='bbox 1655 2942 1866 2995; x_wconf 88' lang='lat' dir='ltr'><strong>humili-</strong></span> 
     </span>
    </p>
   </div>
   <div class='ocr_carea' id='block_1_46' title="bbox 293 3023 1865 3099">
    <p class='ocr_par' dir='ltr' id='par_1_46' title="bbox 293 3023 1865 3099">
     <span class='ocr_line' id='line_1_46' title="bbox 293 3023 1865 3099; baseline 0.006 -22"><span class='ocrx_word' id='word_1_353' title='bbox 293 3023 455 3089; x_wconf 88' lang='lat' dir='ltr'><strong>tatis,</strong></span> <span class='ocrx_word' id='word_1_354' title='bbox 506 3032 562 3080; x_wconf 91' lang='lat' dir='ltr'><strong>et</strong></span> <span class='ocrx_word' id='word_1_355' title='bbox 605 3026 656 3079; x_wconf 93' lang='lat' dir='ltr'><strong>in</strong></span> <span class='ocrx_word' id='word_1_356' title='bbox 705 3025 884 3080; x_wconf 90' lang='lat' dir='ltr'><strong>talium</strong></span> <span class='ocrx_word' id='word_1_357' title='bbox 941 3027 1153 3082; x_wconf 88' lang='lat' dir='ltr'><strong>Patrum</strong></span> <span class='ocrx_word' id='word_1_358' title='bbox 1202 3029 1626 3099; x_wconf 86' lang='lat' dir='ltr'><strong>comparatione,</strong></span> <span class='ocrx_word' id='word_1_359' title='bbox 1676 3032 1764 3084; x_wconf 84' lang='lat' dir='ltr'><strong>vix</strong></span> <span class='ocrx_word' id='word_1_360' title='bbox 1804 3046 1865 3086; x_wconf 87' lang='lat' dir='ltr'><strong>se</strong></span> 
     </span>
    </p>
   </div>
   <div class='ocr_carea' id='block_1_47' title="bbox 291 3115 1861 3189">
    <p class='ocr_par' dir='ltr' id='par_1_47' title="bbox 291 3115 1861 3189">
     <span class='ocr_line' id='line_1_47' title="bbox 291 3115 1861 3189; baseline 0.006 -22"><span class='ocrx_word' id='word_1_361' title='bbox 291 3115 510 3186; x_wconf 84' lang='lat' dir='ltr'><strong>dignum</strong></span> <span class='ocrx_word' id='word_1_362' title='bbox 563 3118 813 3171; x_wconf 86' lang='lat' dir='ltr'><strong>censebat</strong></span> <span class='ocrx_word' id='word_1_363' title='bbox 865 3118 1151 3173; x_wconf 87' lang='lat' dir='ltr'><strong>Christiani</strong></span> <span class='ocrx_word' id='word_1_364' title='bbox 1202 3121 1604 3189; x_wconf 87' lang='lat' dir='ltr'><strong>appellatione,</strong></span> <span class='ocrx_word' id='word_1_365' title='bbox 1658 3132 1861 3177; x_wconf 87' lang='lat' dir='ltr'><strong>tantum</strong></span> 
     </span>
    </p>
   </div>
   <div class='ocr_carea' id='block_1_48' title="bbox 1974 1932 3543 2017">
    <p class='ocr_par' dir='ltr' id='par_1_48' title="bbox 1974 1932 3543 2017">
     <span class='ocr_line' id='line_1_48' title="bbox 1974 1932 3543 2017; baseline 0.015 -33"><span class='ocrx_word' id='word_1_366' title='bbox 1974 1932 2184 2000; x_wconf 81' lang='lat' dir='ltr'><strong>riculis,</strong></span> <span class='ocrx_word' id='word_1_367' title='bbox 2213 1938 2276 1988; x_wconf 85' lang='lat' dir='ltr'><strong>ad</strong></span> <span class='ocrx_word' id='word_1_368' title='bbox 2311 1954 2405 1990; x_wconf 91' lang='lat' dir='ltr'><strong>nos</strong></span> <span class='ocrx_word' id='word_1_369' title='bbox 2433 1940 2653 1995; x_wconf 79' lang='lat' dir='ltr'><strong>veniSIis</strong></span> <span class='ocrx_word' id='word_1_370' title='bbox 2681 1954 2895 2010; x_wconf 91' lang='lat' dir='ltr'><strong>propter</strong></span> <span class='ocrx_word' id='word_1_371' title='bbox 2922 1947 3234 2017; x_wconf 87' lang='lat' dir='ltr'><strong>utilitatem,</strong></span> <span class='ocrx_word' id='word_1_372' title='bbox 3278 1967 3394 2005; x_wconf 87' lang='lat' dir='ltr'><strong>eum</strong></span> <span class='ocrx_word' id='word_1_373' title='bbox 3446 1968 3543 2008; x_wconf 88' lang='lat' dir='ltr'><strong>nos</strong></span> 
     </span>
    </p>
   </div>
   <div class='ocr_carea' id='block_1_49' title="bbox 1976 2027 3545 2105">
    <p class='ocr_par' dir='ltr' id='par_1_49' title="bbox 1976 2027 3545 2105">
     <span class='ocr_line' id='line_1_49' title="bbox 1976 2027 3545 2105; baseline 0.014 -32"><span class='ocrx_word' id='word_1_374' title='bbox 1976 2036 2081 2089; x_wconf 72' lang='lat' dir='ltr'><strong>pra:</strong></span> <span class='ocrx_word' id='word_1_375' title='bbox 2108 2027 2349 2080; x_wconf 89' lang='lat' dir='ltr'><strong>socordia</strong></span> <span class='ocrx_word' id='word_1_376' title='bbox 2400 2044 2466 2082; x_wconf 91' lang='lat' dir='ltr'><strong>ne</strong></span> <span class='ocrx_word' id='word_1_377' title='bbox 2514 2045 2578 2083; x_wconf 84' lang='lat' dir='ltr'><strong>ex</strong></span> <span class='ocrx_word' id='word_1_378' title='bbox 2622 2033 2731 2100; x_wconf 88' lang='lat' dir='ltr'><strong>ipsa</strong></span> <span class='ocrx_word' id='word_1_379' title='bbox 2762 2034 2971 2101; x_wconf 87' lang='lat' dir='ltr'><strong>quidem</strong></span> <span class='ocrx_word' id='word_1_380' title='bbox 3022 2039 3273 2105; x_wconf 87' lang='lat' dir='ltr'><strong>spelunca</strong></span> <span class='ocrx_word' id='word_1_381' title='bbox 3319 2042 3545 2096; x_wconf 87' lang='lat' dir='ltr'><strong>velimus</strong></span> 
     </span>
    </p>
   </div>
   <div class='ocr_carea' id='block_1_50' title="bbox 1972 2114 3542 2192">
    <p class='ocr_par' dir='ltr' id='par_1_50' title="bbox 1972 2114 3542 2192">
     <span class='ocr_line' id='line_1_50' title="bbox 1972 2114 3542 2192; baseline 0.013 -28"><span class='ocrx_word' id='word_1_382' title='bbox 1972 2114 2235 2180; x_wconf 76' lang='lat' dir='ltr'><strong>progredi.</strong></span> <span class='ocrx_word' id='word_1_383' title='bbox 2260 2116 2363 2170; x_wconf 92' lang='lat' dir='ltr'><strong>Sed</strong></span> <span class='ocrx_word' id='word_1_384' title='bbox 2388 2133 2484 2187; x_wconf 86' lang='lat' dir='ltr'><strong>age</strong></span> <span class='ocrx_word' id='word_1_385' title='bbox 2515 2135 2678 2183; x_wconf 89' lang='lat' dir='ltr'><strong>nunc,</strong></span> <span class='ocrx_word' id='word_1_386' title='bbox 2702 2122 2890 2192; x_wconf 74' lang='lat' dir='ltr'><strong>inquit,</strong></span> <span class='ocrx_word' id='word_1_387' title='bbox 2918 2124 3128 2181; x_wconf 80' lang='lat' dir='ltr'><strong>etiamSi</strong></span> <span class='ocrx_word' id='word_1_388' title='bbox 3153 2144 3239 2182; x_wconf 90' lang='lat' dir='ltr'><strong>res</strong></span> <span class='ocrx_word' id='word_1_389' title='bbox 3269 2145 3447 2184; x_wconf 73' lang='lat' dir='ltr'><strong>vesxra</strong></span> <span class='ocrx_word' id='word_1_390' title='bbox 3471 2132 3542 2185; x_wconf 90' lang='lat' dir='ltr'><strong>sit</strong></span> 
     </span>
    </p>
   </div>
   <div class='ocr_carea' id='block_1_51' title="bbox 1969 2200 3540 2289">
    <p class='ocr_par' dir='ltr' id='par_1_51' title="bbox 1969 2200 3540 2289">
     <span class='ocr_line' id='line_1_51' title="bbox 1969 2200 3540 2289; baseline 0.014 -36"><span class='ocrx_word' id='word_1_391' title='bbox 1969 2200 2124 2256; x_wconf 88' lang='lat' dir='ltr'><strong>laude</strong></span> <span class='ocrx_word' id='word_1_392' title='bbox 2152 2204 2305 2272; x_wconf 88' lang='lat' dir='ltr'><strong>digna</strong></span> <span class='ocrx_word' id='word_1_393' title='bbox 2330 2246 2346 2270; x_wconf 91' lang='lat'><strong>,</strong></span> <span class='ocrx_word' id='word_1_394' title='bbox 2379 2224 2445 2260; x_wconf 90' lang='lat' dir='ltr'><strong>ne</strong></span> <span class='ocrx_word' id='word_1_395' title='bbox 2476 2216 2725 2277; x_wconf 88' lang='lat' dir='ltr'><strong>tanquam</strong></span> <span class='ocrx_word' id='word_1_396' title='bbox 2758 2227 2816 2265; x_wconf 90' lang='lat' dir='ltr'><strong>re</strong></span> <span class='ocrx_word' id='word_1_397' title='bbox 2842 2213 3018 2283; x_wconf 88' lang='lat' dir='ltr'><strong>aliqua</strong></span> <span class='ocrx_word' id='word_1_398' title='bbox 3062 2219 3314 2284; x_wconf 69' lang='lat' dir='ltr'><strong>przeclare</strong></span> <span class='ocrx_word' id='word_1_399' title='bbox 3360 2231 3504 2289; x_wconf 84' lang='lat' dir='ltr'><strong>gesta</strong></span> <span class='ocrx_word' id='word_1_400' title='bbox 3525 2264 3540 2285; x_wconf 93' lang='lat'><strong>,</strong></span> 
     </span>
    </p>
   </div>
   <div class='ocr_carea' id='block_1_52' title="bbox 1969 2294 3540 2381">
    <p class='ocr_par' dir='ltr' id='par_1_52' title="bbox 1969 2294 3540 2381">
     <span class='ocr_line' id='line_1_52' title="bbox 1969 2294 3540 2381; baseline 0.012 -35"><span class='ocrx_word' id='word_1_401' title='bbox 1969 2294 2119 2349; x_wconf 90' lang='lat' dir='ltr'><strong>vobis</strong></span> <span class='ocrx_word' id='word_1_402' title='bbox 2164 2299 2409 2354; x_wconf 87' lang='lat' dir='ltr'><strong>sufficere</strong></span> <span class='ocrx_word' id='word_1_403' title='bbox 2434 2301 2633 2371; x_wconf 89' lang='lat' dir='ltr'><strong>putetis</strong></span> <span class='ocrx_word' id='word_1_404' title='bbox 2654 2340 2673 2368; x_wconf 87' lang='lat'><strong>,</strong></span> <span class='ocrx_word' id='word_1_405' title='bbox 2703 2303 2797 2358; x_wconf 88' lang='lat' dir='ltr'><strong>sed</strong></span> <span class='ocrx_word' id='word_1_406' title='bbox 2844 2306 3121 2362; x_wconf 90' lang='lat' dir='ltr'><strong>imitemini</strong></span> <span class='ocrx_word' id='word_1_407' title='bbox 3157 2311 3379 2366; x_wconf 86' lang='lat' dir='ltr'><strong>virtutes</strong></span> <span class='ocrx_word' id='word_1_408' title='bbox 3410 2328 3540 2381; x_wconf 80' lang='lat' dir='ltr'><strong>quas</strong></span> 
     </span>
    </p>
   </div>
   <div class='ocr_carea' id='block_1_53' title="bbox 1970 2391 3540 2464">
    <p class='ocr_par' dir='ltr' id='par_1_53' title="bbox 1970 2391 3540 2464">
     <span class='ocr_line' id='line_1_53' title="bbox 1970 2391 3540 2464; baseline 0.014 -27"><span class='ocrx_word' id='word_1_409' title='bbox 1970 2395 2143 2453; x_wconf 90' lang='lat' dir='ltr'><strong>patres</strong></span> <span class='ocrx_word' id='word_1_410' title='bbox 2188 2391 2349 2443; x_wconf 88' lang='lat' dir='ltr'><strong>vestri</strong></span> <span class='ocrx_word' id='word_1_411' title='bbox 2401 2404 2812 2463; x_wconf 84' lang='lat' dir='ltr'><strong>persequuntur.</strong></span> <span class='ocrx_word' id='word_1_412' title='bbox 2860 2398 3009 2464; x_wconf 83' lang='lat' dir='ltr'><strong>Quod</strong></span> <span class='ocrx_word' id='word_1_413' title='bbox 3062 2401 3105 2454; x_wconf 93' lang='lat' dir='ltr'><strong>si</strong></span> <span class='ocrx_word' id='word_1_414' title='bbox 3155 2405 3315 2457; x_wconf 89' lang='lat' dir='ltr'><strong>etiam</strong></span> <span class='ocrx_word' id='word_1_415' title='bbox 3355 2419 3540 2459; x_wconf 89' lang='lat' dir='ltr'><strong>omnes</strong></span> 
     </span>
    </p>
   </div>
   <div class='ocr_carea' id='block_1_54' title="bbox 1968 2476 3539 2562">
    <p class='ocr_par' dir='ltr' id='par_1_54' title="bbox 1968 2476 3539 2562">
     <span class='ocr_line' id='line_1_54' title="bbox 1968 2476 3539 2562; baseline 0.015 -36"><span class='ocrx_word' id='word_1_416' title='bbox 1968 2476 2330 2543; x_wconf 85' lang='lat' dir='ltr'><strong>possederitis,</strong></span> <span class='ocrx_word' id='word_1_417' title='bbox 2361 2482 2499 2549; x_wconf 83' lang='lat' dir='ltr'><strong>quod</strong></span> <span class='ocrx_word' id='word_1_418' title='bbox 2529 2483 2747 2551; x_wconf 75' lang='lat' dir='ltr'><strong>quidem</strong></span> <span class='ocrx_word' id='word_1_419' title='bbox 2780 2495 2863 2539; x_wconf 78' lang='lat' dir='ltr'><strong>est</strong></span> <span class='ocrx_word' id='word_1_420' title='bbox 2888 2503 3066 2542; x_wconf 90' lang='lat' dir='ltr'><strong>rarum</strong></span> <span class='ocrx_word' id='word_1_421' title='bbox 3086 2531 3101 2554; x_wconf 93' lang='lat'><strong>,</strong></span> <span class='ocrx_word' id='word_1_422' title='bbox 3133 2505 3198 2545; x_wconf 92' lang='lat' dir='ltr'><strong>ne</strong></span> <span class='ocrx_word' id='word_1_423' title='bbox 3222 2492 3300 2546; x_wconf 89' lang='lat' dir='ltr'><strong>sic</strong></span> <span class='ocrx_word' id='word_1_424' title='bbox 3323 2494 3539 2562; x_wconf 87' lang='lat' dir='ltr'><strong>quidem</strong></span> 
     </span>
    </p>
   </div>
   <div class='ocr_carea' id='block_1_55' title="bbox 1969 2565 3539 2648">
    <p class='ocr_par' dir='ltr' id='par_1_55' title="bbox 1969 2565 3539 2648">
     <span class='ocr_line' id='line_1_55' title="bbox 1969 2565 3539 2648; baseline 0.012 -32"><span class='ocrx_word' id='word_1_425' title='bbox 1969 2565 2116 2618; x_wconf 91' lang='lat' dir='ltr'><strong>vobis</strong></span> <span class='ocrx_word' id='word_1_426' title='bbox 2146 2565 2274 2634; x_wconf 80' lang='lat' dir='ltr'><strong>ipsis</strong></span> <span class='ocrx_word' id='word_1_427' title='bbox 2302 2569 2658 2628; x_wconf 82' lang='lat' dir='ltr'><strong>credideritis.</strong></span> <span class='ocrx_word' id='word_1_428' title='bbox 2692 2575 2917 2637; x_wconf 83' lang='lat' dir='ltr'><strong>Quidam</strong></span> <span class='ocrx_word' id='word_1_429' title='bbox 2949 2577 3092 2630; x_wconf 90' lang='lat' dir='ltr'><strong>enim</strong></span> <span class='ocrx_word' id='word_1_430' title='bbox 3134 2581 3221 2648; x_wconf 92' lang='lat' dir='ltr'><strong>qui</strong></span> <span class='ocrx_word' id='word_1_431' title='bbox 3262 2579 3338 2634; x_wconf 92' lang='lat' dir='ltr'><strong>sic</strong></span> <span class='ocrx_word' id='word_1_432' title='bbox 3368 2581 3539 2635; x_wconf 84' lang='lat' dir='ltr'><strong>confl-</strong></span> 
     </span>
    </p>
   </div>
   <div class='ocr_carea' id='block_1_56' title="bbox 1966 2656 3537 2737">
    <p class='ocr_par' dir='ltr' id='par_1_56' title="bbox 1966 2656 3537 2737">
     <span class='ocr_line' id='line_1_56' title="bbox 1966 2656 3537 2737; baseline 0.011 -30"><span class='ocrx_word' id='word_1_433' title='bbox 1966 2656 2177 2722; x_wconf 90' lang='lat' dir='ltr'><strong>derunt,</strong></span> <span class='ocrx_word' id='word_1_434' title='bbox 2214 2668 2260 2710; x_wconf 86' lang='lat' dir='ltr'><strong>et</strong></span> <span class='ocrx_word' id='word_1_435' title='bbox 2286 2660 2349 2710; x_wconf 88' lang='lat' dir='ltr'><strong>ad</strong></span> <span class='ocrx_word' id='word_1_436' title='bbox 2377 2659 2546 2722; x_wconf 89' lang='lat' dir='ltr'><strong>ipsum</strong></span> <span class='ocrx_word' id='word_1_437' title='bbox 2574 2663 2824 2735; x_wconf 68' lang='lat' dir='ltr'><strong>virtutum</strong></span> <span class='ocrx_word' id='word_1_438' title='bbox 2857 2665 3125 2733; x_wconf 81' lang='lat' dir='ltr'><strong>fastigium</strong></span> <span class='ocrx_word' id='word_1_439' title='bbox 3158 2682 3537 2737; x_wconf 76' lang='lat' dir='ltr'><strong>pervenerunt,</strong></span> 
     </span>
    </p>
   </div>
   <div class='ocr_carea' id='block_1_57' title="bbox 1967 2747 3539 2831">
    <p class='ocr_par' dir='ltr' id='par_1_57' title="bbox 1967 2747 3539 2831">
     <span class='ocr_line' id='line_1_57' title="bbox 1967 2747 3539 2831; baseline 0.011 -30"><span class='ocrx_word' id='word_1_440' title='bbox 1967 2747 2178 2802; x_wconf 89' lang='lat' dir='ltr'><strong>tandem</strong></span> <span class='ocrx_word' id='word_1_441' title='bbox 2223 2764 2286 2803; x_wconf 83' lang='lat' dir='ltr'><strong>ex</strong></span> <span class='ocrx_word' id='word_1_442' title='bbox 2320 2752 2428 2803; x_wconf 88' lang='lat' dir='ltr'><strong>alto</strong></span> <span class='ocrx_word' id='word_1_443' title='bbox 2468 2754 2797 2809; x_wconf 87' lang='lat' dir='ltr'><strong>ceciderunt.</strong></span> <span class='ocrx_word' id='word_1_444' title='bbox 2844 2757 2949 2812; x_wconf 82' lang='lat' dir='ltr'><strong>Sed</strong></span> <span class='ocrx_word' id='word_1_445' title='bbox 2995 2760 3170 2814; x_wconf 81' lang='lat' dir='ltr'><strong>videte</strong></span> <span class='ocrx_word' id='word_1_446' title='bbox 3199 2778 3323 2815; x_wconf 90' lang='lat' dir='ltr'><strong>num</strong></span> <span class='ocrx_word' id='word_1_447' title='bbox 3356 2780 3539 2831; x_wconf 83' lang='lat' dir='ltr'><strong>preces</strong></span> 
     </span>
    </p>
   </div>
   <div class='ocr_carea' id='block_1_58' title="bbox 1969 2844 3533 2925">
    <p class='ocr_par' dir='ltr' id='par_1_58' title="bbox 1969 2844 3533 2925">
     <span class='ocr_line' id='line_1_58' title="bbox 1969 2844 3533 2925; baseline 0.012 -36"><span class='ocrx_word' id='word_1_448' title='bbox 1969 2846 2159 2891; x_wconf 67' lang='lat' dir='ltr'><strong>vestrae</strong></span> <span class='ocrx_word' id='word_1_449' title='bbox 2184 2854 2241 2894; x_wconf 89' lang='lat' dir='ltr'><strong>se</strong></span> <span class='ocrx_word' id='word_1_450' title='bbox 2267 2852 2411 2895; x_wconf 89' lang='lat' dir='ltr'><strong>recte</strong></span> <span class='ocrx_word' id='word_1_451' title='bbox 2441 2844 2705 2925; x_wconf 69' lang='lat' dir='ltr'><strong>habeant;</strong></span> <span class='ocrx_word' id='word_1_452' title='bbox 2748 2863 2873 2900; x_wconf 90' lang='lat' dir='ltr'><strong>num</strong></span> <span class='ocrx_word' id='word_1_453' title='bbox 2915 2850 3225 2905; x_wconf 80' lang='lat' dir='ltr'><strong>contuibata</strong></span> <span class='ocrx_word' id='word_1_454' title='bbox 3257 2853 3324 2906; x_wconf 93' lang='lat' dir='ltr'><strong>sit</strong></span> <span class='ocrx_word' id='word_1_455' title='bbox 3355 2856 3533 2909; x_wconf 87' lang='lat' dir='ltr'><strong>cordis</strong></span> 
     </span>
    </p>
   </div>
   <div class='ocr_carea' id='block_1_59' title="bbox 1968 2928 3537 2999">
    <p class='ocr_par' dir='ltr' id='par_1_59' title="bbox 1968 2928 3537 2999">
     <span class='ocr_line' id='line_1_59' title="bbox 1968 2928 3537 2999; baseline 0.012 -19"><span class='ocrx_word' id='word_1_456' title='bbox 1968 2928 2127 2982; x_wconf 85' lang='lat' dir='ltr'><strong>vestri</strong></span> <span class='ocrx_word' id='word_1_457' title='bbox 2181 2932 2409 2997; x_wconf 89' lang='lat' dir='ltr'><strong>puritas;</strong></span> <span class='ocrx_word' id='word_1_458' title='bbox 2442 2949 2565 2987; x_wconf 92' lang='lat' dir='ltr'><strong>num</strong></span> <span class='ocrx_word' id='word_1_459' title='bbox 2611 2951 2765 2990; x_wconf 91' lang='lat' dir='ltr'><strong>mens</strong></span> <span class='ocrx_word' id='word_1_460' title='bbox 2800 2946 2983 2993; x_wconf 83' lang='lat' dir='ltr'><strong>vestra</strong></span> <span class='ocrx_word' id='word_1_461' title='bbox 3016 2941 3154 2994; x_wconf 91' lang='lat' dir='ltr'><strong>inter</strong></span> <span class='ocrx_word' id='word_1_462' title='bbox 3184 2945 3440 2996; x_wconf 84' lang='lat' dir='ltr'><strong>orandum</strong></span> <span class='ocrx_word' id='word_1_463' title='bbox 3472 2944 3537 2999; x_wconf 86' lang='lat' dir='ltr'><strong>sit</strong></span> 
     </span>
    </p>
   </div>
   <div class='ocr_carea' id='block_1_60' title="bbox 1965 3022 3533 3099">
    <p class='ocr_par' dir='ltr' id='par_1_60' title="bbox 1965 3022 3533 3099">
     <span class='ocr_line' id='line_1_60' title="bbox 1965 3022 3533 3099; baseline 0.01 -27"><span class='ocrx_word' id='word_1_464' title='bbox 1965 3028 2219 3087; x_wconf 90' lang='lat' dir='ltr'><strong>occupata</strong></span> <span class='ocrx_word' id='word_1_465' title='bbox 2266 3022 2385 3075; x_wconf 87' lang='lat' dir='ltr'><strong>aliis</strong></span> <span class='ocrx_word' id='word_1_466' title='bbox 2434 3025 2691 3094; x_wconf 80' lang='lat' dir='ltr'><strong>negotiis;</strong></span> <span class='ocrx_word' id='word_1_467' title='bbox 2741 3044 2865 3081; x_wconf 86' lang='lat' dir='ltr'><strong>num</strong></span> <span class='ocrx_word' id='word_1_468' title='bbox 2916 3031 3087 3099; x_wconf 91' lang='lat' dir='ltr'><strong>aliqua</strong></span> <span class='ocrx_word' id='word_1_469' title='bbox 3138 3032 3240 3086; x_wconf 88' lang='lat' dir='ltr'><strong>alia</strong></span> <span class='ocrx_word' id='word_1_470' title='bbox 3297 3043 3533 3090; x_wconf 83' lang='lat' dir='ltr'><strong>mentem</strong></span> 
     </span>
    </p>
   </div>
   <div class='ocr_carea' id='block_1_61' title="bbox 1968 3109 3537 3188">
    <p class='ocr_par' dir='ltr' id='par_1_61' title="bbox 1968 3109 3537 3188">
     <span class='ocr_line' id='line_1_61' title="bbox 1968 3109 3537 3188; baseline 0.011 -26"><span class='ocrx_word' id='word_1_471' title='bbox 1968 3109 2186 3163; x_wconf 88' lang='lat' dir='ltr'><strong>subiens</strong></span> <span class='ocrx_word' id='word_1_472' title='bbox 2218 3110 2472 3178; x_wconf 85' lang='lat' dir='ltr'><strong>cogitatio</strong></span> <span class='ocrx_word' id='word_1_473' title='bbox 2502 3125 2712 3170; x_wconf 82' lang='lat' dir='ltr'><strong>avertat</strong></span> <span class='ocrx_word' id='word_1_474' title='bbox 2738 3117 2805 3169; x_wconf 89' lang='lat' dir='ltr'><strong>ad</strong></span> <span class='ocrx_word' id='word_1_475' title='bbox 2836 3121 3034 3187; x_wconf 90' lang='lat' dir='ltr'><strong>aliquid</strong></span> <span class='ocrx_word' id='word_1_476' title='bbox 3063 3121 3240 3188; x_wconf 90' lang='lat' dir='ltr'><strong>aliud;</strong></span> <span class='ocrx_word' id='word_1_477' title='bbox 3285 3140 3408 3178; x_wconf 87' lang='lat' dir='ltr'><strong>num</strong></span> <span class='ocrx_word' id='word_1_478' title='bbox 3437 3126 3537 3179; x_wconf 85' lang='lat' dir='ltr'><strong>ali-</strong></span> 
     </span>
    </p>
   </div>
   <div class='ocr_carea' id='block_1_62' title="bbox 292 3201 3532 3279">
    <p class='ocr_par' dir='ltr' id='par_1_62' title="bbox 292 3201 3532 3279">
     <span class='ocr_line' id='line_1_62' title="bbox 292 3201 3532 3279; baseline 0.007 -34"><span class='ocrx_word' id='word_1_479' title='bbox 292 3206 446 3260; x_wconf 59' lang='lat' dir='ltr'><strong>abes;</strong></span> <span class='ocrx_word' id='word_1_480' title='bbox 487 3214 544 3260; x_wconf 76' lang='grc' dir='ltr'><strong>ιη</strong></span> <span class='ocrx_word' id='word_1_481' title='bbox 583 3208 804 3276; x_wconf 66' lang='lat' dir='ltr'><strong>alicujus</strong></span> <span class='ocrx_word' id='word_1_482' title='bbox 851 3207 1142 3277; x_wconf 47' lang='lat' dir='ltr'><strong>dignitatis.</strong></span> <span class='ocrx_word' id='word_1_483' title='bbox 1184 3209 1338 3263; x_wconf 68' lang='lat' dir='ltr'><strong>Manu</strong></span> <span class='ocrx_word' id='word_1_484' title='bbox 1368 3226 1495 3279; x_wconf 62' lang='lat' dir='ltr'><strong>ergo</strong></span> <span class='ocrx_word' id='word_1_485' title='bbox 1525 3226 1643 3266; x_wconf 72' lang='lat' dir='ltr'><strong>eum</strong></span> <span class='ocrx_word' id='word_1_486' title='bbox 1676 3223 1854 3267; x_wconf 69' lang='grc' dir='ltr'><strong>οειριι,</strong></span> <span class='ocrx_word' id='word_1_487' title='bbox 1885 3203 1934 3266; x_wconf 76' lang='lat' dir='ltr'>c</span> <span class='ocrx_word' id='word_1_488' title='bbox 1965 3214 2065 3267; x_wconf 86' lang='lat' dir='ltr'><strong>qua</strong></span> <span class='ocrx_word' id='word_1_489' title='bbox 2088 3201 2437 3268; x_wconf 72' lang='lat' dir='ltr'><strong>cogitatorum</strong></span> <span class='ocrx_word' id='word_1_490' title='bbox 2462 3208 2721 3259; x_wconf 89' lang='lat' dir='ltr'><strong>memoria</strong></span> <span class='ocrx_word' id='word_1_491' title='bbox 2743 3209 2920 3261; x_wconf 87' lang='lat' dir='ltr'><strong>animo</strong></span> <span class='ocrx_word' id='word_1_492' title='bbox 2944 3210 3191 3266; x_wconf 76' lang='lat' dir='ltr'><strong>exhibeat</strong></span> <span class='ocrx_word' id='word_1_493' title='bbox 3211 3215 3532 3270; x_wconf 85' lang='lat' dir='ltr'><strong>molestiam.</strong></span> 
     </span>
    </p>
   </div>
   <div class='ocr_carea' id='block_1_63' title="bbox 292 3298 1865 3365">
    <p class='ocr_par' dir='ltr' id='par_1_63' title="bbox 292 3298 1865 3365">
     <span class='ocr_line' id='line_1_63' title="bbox 292 3298 1865 3365; baseline 0.002 -13"><span class='ocrx_word' id='word_1_494' title='bbox 292 3299 461 3365; x_wconf 91' lang='lat' dir='ltr'><strong>dens,</strong></span> <span class='ocrx_word' id='word_1_495' title='bbox 513 3298 721 3352; x_wconf 87' lang='lat' dir='ltr'><strong>dicebat</strong></span> <span class='ocrx_word' id='word_1_496' title='bbox 768 3300 1052 3355; x_wconf 87' lang='lat' dir='ltr'><strong>omnibus:</strong></span> <span class='ocrx_word' id='word_1_497' title='bbox 1084 3299 1177 3355; x_wconf 85' lang='lat' dir='ltr'><strong>llic</strong></span> <span class='ocrx_word' id='word_1_498' title='bbox 1218 3311 1302 3356; x_wconf 89' lang='lat' dir='ltr'><strong>est</strong></span> <span class='ocrx_word' id='word_1_499' title='bbox 1341 3302 1613 3355; x_wconf 78' lang='lat' dir='ltr'><strong>diaconus.</strong></span> <span class='ocrx_word' id='word_1_500' title='bbox 1647 3302 1780 3355; x_wconf 89' lang='lat' dir='ltr'><strong>Cum</strong></span> <span class='ocrx_word' id='word_1_501' title='bbox 1822 3304 1865 3356; x_wconf 91' lang='lat' dir='ltr'><strong>is</strong></span> 
     </span>
    </p>
   </div>
   <div class='ocr_carea' id='block_1_64' title="bbox 292 3388 1864 3458">
    <p class='ocr_par' dir='ltr' id='par_1_64' title="bbox 292 3388 1864 3458">
     <span class='ocr_line' id='line_1_64' title="bbox 292 3388 1864 3458; baseline 0.004 -17"><span class='ocrx_word' id='word_1_502' title='bbox 292 3400 469 3443; x_wconf 87' lang='lat' dir='ltr'><strong>autem</strong></span> <span class='ocrx_word' id='word_1_503' title='bbox 497 3388 708 3444; x_wconf 84' lang='lat' dir='ltr'><strong>assidue</strong></span> <span class='ocrx_word' id='word_1_504' title='bbox 731 3399 967 3458; x_wconf 77' lang='lat' dir='ltr'><strong>negaret,</strong></span> <span class='ocrx_word' id='word_1_505' title='bbox 988 3400 1043 3445; x_wconf 93' lang='lat' dir='ltr'><strong>et</strong></span> <span class='ocrx_word' id='word_1_506' title='bbox 1071 3391 1236 3446; x_wconf 87' lang='lat' dir='ltr'><strong>latere</strong></span> <span class='ocrx_word' id='word_1_507' title='bbox 1251 3400 1551 3456; x_wconf 89' lang='lat' dir='ltr'><strong>conaretur,</strong></span> <span class='ocrx_word' id='word_1_508' title='bbox 1577 3407 1606 3446; x_wconf 94' lang='lat' dir='ltr'><strong>e</strong></span> <span class='ocrx_word' id='word_1_509' title='bbox 1632 3391 1864 3448; x_wconf 80' lang='lat' dir='ltr'><strong>fenestra</strong></span> 
     </span>
    </p>
   </div>
   <div class='ocr_carea' id='block_1_65' title="bbox 291 3479 1861 3549">
    <p class='ocr_par' dir='ltr' id='par_1_65' title="bbox 291 3479 1861 3549">
     <span class='ocr_line' id='line_1_65' title="bbox 291 3479 1861 3549; baseline 0.003 -17"><span class='ocrx_word' id='word_1_510' title='bbox 291 3479 405 3546; x_wconf 90' lang='lat' dir='ltr'><strong>ejus</strong></span> <span class='ocrx_word' id='word_1_511' title='bbox 434 3493 643 3532; x_wconf 90' lang='lat' dir='ltr'><strong>manum</strong></span> <span class='ocrx_word' id='word_1_512' title='bbox 663 3483 1047 3549; x_wconf 85' lang='lat' dir='ltr'><strong>apprehensam</strong></span> <span class='ocrx_word' id='word_1_513' title='bbox 1073 3482 1340 3536; x_wconf 80' lang='lat' dir='ltr'><strong>osculatus</strong></span> <span class='ocrx_word' id='word_1_514' title='bbox 1364 3490 1466 3545; x_wconf 89' lang='lat' dir='ltr'><strong>est,</strong></span> <span class='ocrx_word' id='word_1_515' title='bbox 1488 3491 1542 3535; x_wconf 83' lang='lat' dir='ltr'><strong>et</strong></span> <span class='ocrx_word' id='word_1_516' title='bbox 1568 3482 1861 3537; x_wconf 73' lang='lat' dir='ltr'><strong>admonens</strong></span> 
     </span>
    </p>
   </div>
   <div class='ocr_carea' id='block_1_66' title="bbox 291 3566 1852 3640">
    <p class='ocr_par' dir='ltr' id='par_1_66' title="bbox 291 3566 1852 3640">
     <span class='ocr_line' id='line_1_66' title="bbox 291 3566 1852 3640; baseline 0.004 -20"><span class='ocrx_word' id='word_1_517' title='bbox 291 3582 411 3620; x_wconf 87' lang='lat' dir='ltr'><strong>eum</strong></span> <span class='ocrx_word' id='word_1_518' title='bbox 443 3566 683 3622; x_wconf 89' lang='lat' dir='ltr'><strong>hortatus</strong></span> <span class='ocrx_word' id='word_1_519' title='bbox 710 3579 812 3631; x_wconf 87' lang='lat' dir='ltr'><strong>est,</strong></span> <span class='ocrx_word' id='word_1_520' title='bbox 837 3569 1020 3623; x_wconf 91' lang='lat' dir='ltr'><strong>dicens</strong></span> <span class='ocrx_word' id='word_1_521' title='bbox 1050 3587 1063 3622; x_wconf 86' lang='lat'><strong>:</strong></span> <span class='ocrx_word' id='word_1_522' title='bbox 1096 3569 1174 3625; x_wconf 86' lang='lat' dir='ltr'><strong>Ne</strong></span> <span class='ocrx_word' id='word_1_523' title='bbox 1208 3570 1408 3626; x_wconf 86' lang='lat' dir='ltr'><strong>irritam</strong></span> <span class='ocrx_word' id='word_1_524' title='bbox 1442 3571 1605 3625; x_wconf 88' lang='lat' dir='ltr'><strong>facias</strong></span> <span class='ocrx_word' id='word_1_525' title='bbox 1629 3572 1852 3640; x_wconf 78' lang='lat' dir='ltr'><strong>gratiam</strong></span> 
     </span>
    </p>
   </div>
   <div class='ocr_carea' id='block_1_67' title="bbox 291 3654 1861 3724">
    <p class='ocr_par' dir='ltr' id='par_1_67' title="bbox 291 3654 1861 3724">
     <span class='ocr_line' id='line_1_67' title="bbox 291 3654 1861 3724; baseline 0.004 -16"><span class='ocrx_word' id='word_1_526' title='bbox 291 3654 417 3724; x_wconf 88' lang='lat' dir='ltr'><strong>Dei,</strong></span> <span class='ocrx_word' id='word_1_527' title='bbox 449 3655 548 3723; x_wconf 85' lang='lat' dir='ltr'><strong>fili,</strong></span> <span class='ocrx_word' id='word_1_528' title='bbox 576 3670 642 3710; x_wconf 90' lang='lat' dir='ltr'><strong>ne</strong></span> <span class='ocrx_word' id='word_1_529' title='bbox 674 3658 945 3711; x_wconf 86' lang='lat' dir='ltr'><strong>mentiaris</strong></span> <span class='ocrx_word' id='word_1_530' title='bbox 976 3658 1174 3712; x_wconf 90' lang='lat' dir='ltr'><strong>donum</strong></span> <span class='ocrx_word' id='word_1_531' title='bbox 1207 3659 1301 3713; x_wconf 92' lang='lat' dir='ltr'><strong>Dei</strong></span> <span class='ocrx_word' id='word_1_532' title='bbox 1340 3660 1608 3713; x_wconf 83' lang='lat' dir='ltr'><strong>inliciatis.</strong></span> <span class='ocrx_word' id='word_1_533' title='bbox 1643 3660 1861 3715; x_wconf 79' lang='lat' dir='ltr'><strong>Menda-</strong></span> 
     </span>
    </p>
   </div>
   <div class='ocr_carea' id='block_1_68' title="bbox 289 3747 1861 3812">
    <p class='ocr_par' dir='ltr' id='par_1_68' title="bbox 289 3747 1861 3812">
     <span class='ocr_line' id='line_1_68' title="bbox 289 3747 1861 3812; baseline 0.003 -12"><span class='ocrx_word' id='word_1_534' title='bbox 289 3748 427 3800; x_wconf 89' lang='lat' dir='ltr'><strong>cium</strong></span> <span class='ocrx_word' id='word_1_535' title='bbox 455 3747 593 3800; x_wconf 91' lang='lat' dir='ltr'><strong>enim</strong></span> <span class='ocrx_word' id='word_1_536' title='bbox 616 3747 844 3801; x_wconf 86' lang='lat' dir='ltr'><strong>alienum</strong></span> <span class='ocrx_word' id='word_1_537' title='bbox 872 3758 953 3802; x_wconf 90' lang='lat' dir='ltr'><strong>est</strong></span> <span class='ocrx_word' id='word_1_538' title='bbox 980 3762 1007 3800; x_wconf 94' lang='lat' dir='ltr'><strong>a</strong></span> <span class='ocrx_word' id='word_1_539' title='bbox 1033 3749 1371 3812; x_wconf 83' lang='lat' dir='ltr'><strong>Christianis,</strong></span> <span class='ocrx_word' id='word_1_540' title='bbox 1404 3759 1457 3803; x_wconf 87' lang='lat' dir='ltr'><strong>et</strong></span> <span class='ocrx_word' id='word_1_541' title='bbox 1481 3749 1591 3803; x_wconf 90' lang='lat' dir='ltr'><strong>sive</strong></span> <span class='ocrx_word' id='word_1_542' title='bbox 1621 3751 1693 3802; x_wconf 89' lang='lat' dir='ltr'><strong>sit</strong></span> <span class='ocrx_word' id='word_1_543' title='bbox 1727 3752 1777 3804; x_wconf 86' lang='lat' dir='ltr'><strong>in</strong></span> <span class='ocrx_word' id='word_1_544' title='bbox 1804 3766 1861 3805; x_wconf 94' lang='lat' dir='ltr'><strong>re</strong></span> 
     </span>
    </p>
   </div>
   <div class='ocr_carea' id='block_1_69' title="bbox 287 3838 1855 3907">
    <p class='ocr_par' dir='ltr' id='par_1_69' title="bbox 287 3838 1855 3907">
     <span class='ocr_line' id='line_1_69' title="bbox 287 3838 1855 3907; baseline 0.002 -17"><span class='ocrx_word' id='word_1_545' title='bbox 287 3852 500 3907; x_wconf 83' lang='lat' dir='ltr'><strong>magna,</strong></span> <span class='ocrx_word' id='word_1_546' title='bbox 534 3838 645 3891; x_wconf 84' lang='lat' dir='ltr'><strong>sive</strong></span> <span class='ocrx_word' id='word_1_547' title='bbox 675 3838 723 3891; x_wconf 90' lang='lat' dir='ltr'><strong>iu</strong></span> <span class='ocrx_word' id='word_1_548' title='bbox 756 3852 936 3904; x_wconf 87' lang='lat' dir='ltr'><strong>parva,</strong></span> <span class='ocrx_word' id='word_1_549' title='bbox 963 3852 1069 3892; x_wconf 91' lang='lat' dir='ltr'><strong>non</strong></span> <span class='ocrx_word' id='word_1_550' title='bbox 1098 3848 1180 3893; x_wconf 89' lang='lat' dir='ltr'><strong>est</strong></span> <span class='ocrx_word' id='word_1_551' title='bbox 1220 3849 1393 3893; x_wconf 78' lang='lat' dir='ltr'><strong>tamen</strong></span> <span class='ocrx_word' id='word_1_552' title='bbox 1428 3839 1707 3904; x_wconf 89' lang='lat' dir='ltr'><strong>laudabile,</strong></span> <span class='ocrx_word' id='word_1_553' title='bbox 1733 3854 1855 3893; x_wconf 91' lang='lat' dir='ltr'><strong>cum</strong></span> 
     </span>
    </p>
   </div>
   <div class='ocr_carea' id='block_1_70' title="bbox 288 3927 1855 4000">
    <p class='ocr_par' dir='ltr' id='par_1_70' title="bbox 288 3927 1855 4000">
     <span class='ocr_line' id='line_1_70' title="bbox 288 3927 1855 4000; baseline 0.001 -19"><span class='ocrx_word' id='word_1_554' title='bbox 288 3929 432 3982; x_wconf 87' lang='lat' dir='ltr'><strong>dicat</strong></span> <span class='ocrx_word' id='word_1_555' title='bbox 455 3928 742 3982; x_wconf 87' lang='lat' dir='ltr'><strong>Servator:</strong></span> <span class='ocrx_word' id='word_1_556' title='bbox 777 3930 1104 3983; x_wconf 80' lang='lat' dir='ltr'><strong>Mendacium</strong></span> <span class='ocrx_word' id='word_1_557' title='bbox 1137 3938 1270 3983; x_wconf 88' lang='lat' dir='ltr'><strong>esta</strong></span> <span class='ocrx_word' id='word_1_558' title='bbox 1293 3931 1432 3984; x_wconf 90' lang='lat' dir='ltr'><strong>malo</strong></span> <span class='ocrx_word' id='word_1_559' title='bbox 1460 3927 1677 4000; x_wconf 85' lang='lat' dir='ltr'><strong>(Joann.</strong></span> <span class='ocrx_word' id='word_1_560' title='bbox 1711 3931 1855 3999; x_wconf 85' lang='lat' dir='ltr'><strong>vui).</strong></span> 
     </span>
    </p>
   </div>
   <div class='ocr_carea' id='block_1_71' title="bbox 290 4020 1860 4090">
    <p class='ocr_par' dir='ltr' id='par_1_71' title="bbox 290 4020 1860 4090">
     <span class='ocr_line' id='line_1_71' title="bbox 290 4020 1860 4090; baseline 0.002 -17"><span class='ocrx_word' id='word_1_561' title='bbox 290 4021 337 4073; x_wconf 87' lang='lat' dir='ltr'><strong>Is</strong></span> <span class='ocrx_word' id='word_1_562' title='bbox 361 4036 487 4075; x_wconf 91' lang='lat' dir='ltr'><strong>vero</strong></span> <span class='ocrx_word' id='word_1_563' title='bbox 514 4020 785 4074; x_wconf 88' lang='lat' dir='ltr'><strong>convictus</strong></span> <span class='ocrx_word' id='word_1_564' title='bbox 812 4023 994 4086; x_wconf 86' lang='lat' dir='ltr'><strong>tacuit,</strong></span> <span class='ocrx_word' id='word_1_565' title='bbox 1025 4021 1293 4089; x_wconf 89' lang='lat' dir='ltr'><strong>accipiens</strong></span> <span class='ocrx_word' id='word_1_566' title='bbox 1321 4031 1594 4090; x_wconf 91' lang='lat' dir='ltr'><strong>paternam</strong></span> <span class='ocrx_word' id='word_1_567' title='bbox 1624 4022 1742 4090; x_wconf 88' lang='lat' dir='ltr'><strong>ejus</strong></span> <span class='ocrx_word' id='word_1_568' title='bbox 1773 4038 1860 4077; x_wconf 91' lang='lat' dir='ltr'><strong>re-</strong></span> 
     </span>
    </p>
   </div>
   <div class='ocr_carea' id='block_1_72' title="bbox 288 4112 1849 4181">
    <p class='ocr_par' dir='ltr' id='par_1_72' title="bbox 288 4112 1849 4181">
     <span class='ocr_line' id='line_1_72' title="bbox 288 4112 1849 4181; baseline -0.001 -14"><span class='ocrx_word' id='word_1_569' title='bbox 288 4112 716 4181; x_wconf 88' lang='lat' dir='ltr'><strong>prehensionem.</strong></span> <span class='ocrx_word' id='word_1_570' title='bbox 748 4112 876 4165; x_wconf 90' lang='lat' dir='ltr'><strong>Cum</strong></span> <span class='ocrx_word' id='word_1_571' title='bbox 924 4127 1107 4180; x_wconf 84' lang='lat' dir='ltr'><strong>preces</strong></span> <span class='ocrx_word' id='word_1_572' title='bbox 1134 4123 1306 4166; x_wconf 90' lang='lat' dir='ltr'><strong>autem</strong></span> <span class='ocrx_word' id='word_1_573' title='bbox 1339 4113 1849 4180; x_wconf 85' lang='lat' dir='ltr'><strong>complevissemus,</strong></span> 
     </span>
    </p>
   </div>
   <div class='ocr_carea' id='block_1_73' title="bbox 286 4203 1853 4271">
    <p class='ocr_par' dir='ltr' id='par_1_73' title="bbox 286 4203 1853 4271">
     <span class='ocr_line' id='line_1_73' title="bbox 286 4203 1853 4271; baseline 0.001 -13"><span class='ocrx_word' id='word_1_574' title='bbox 286 4219 423 4258; x_wconf 91' lang='lat' dir='ltr'><strong>unus</strong></span> <span class='ocrx_word' id='word_1_575' title='bbox 452 4204 610 4257; x_wconf 88' lang='lat' dir='ltr'><strong>frater</strong></span> <span class='ocrx_word' id='word_1_576' title='bbox 636 4218 702 4257; x_wconf 82' lang='lat' dir='ltr'><strong>ex</strong></span> <span class='ocrx_word' id='word_1_577' title='bbox 732 4203 903 4266; x_wconf 83' lang='lat' dir='ltr'><strong>nobis,</strong></span> <span class='ocrx_word' id='word_1_578' title='bbox 927 4217 1082 4271; x_wconf 89' lang='lat' dir='ltr'><strong>quem</strong></span> <span class='ocrx_word' id='word_1_579' title='bbox 1107 4205 1216 4270; x_wconf 88' lang='lat' dir='ltr'><strong>jam</strong></span> <span class='ocrx_word' id='word_1_580' title='bbox 1242 4203 1465 4258; x_wconf 75' lang='lat' dir='ltr'><strong>tertiana</strong></span> <span class='ocrx_word' id='word_1_581' title='bbox 1494 4203 1657 4258; x_wconf 89' lang='lat' dir='ltr'><strong>febris</strong></span> <span class='ocrx_word' id='word_1_582' title='bbox 1686 4204 1853 4259; x_wconf 85' lang='lat' dir='ltr'><strong>vehe-</strong></span> 
     </span>
    </p>
   </div>
   <div class='ocr_carea' id='block_1_74' title="bbox 286 4292 1856 4364">
    <p class='ocr_par' dir='ltr' id='par_1_74' title="bbox 286 4292 1856 4364">
     <span class='ocr_line' id='line_1_74' title="bbox 286 4292 1856 4364; baseline -0.001 -14"><span class='ocrx_word' id='word_1_583' title='bbox 286 4310 437 4350; x_wconf 89' lang='lat' dir='ltr'><strong>mens</strong></span> <span class='ocrx_word' id='word_1_584' title='bbox 483 4295 728 4357; x_wconf 90' lang='lat' dir='ltr'><strong>tenebat,</strong></span> <span class='ocrx_word' id='word_1_585' title='bbox 779 4294 999 4364; x_wconf 81' lang='lat' dir='ltr'><strong>rogabat</strong></span> <span class='ocrx_word' id='word_1_586' title='bbox 1049 4304 1105 4348; x_wconf 91' lang='lat' dir='ltr'><strong>ut</strong></span> <span class='ocrx_word' id='word_1_587' title='bbox 1150 4303 1446 4349; x_wconf 90' lang='lat' dir='ltr'><strong>curaretur.</strong></span> <span class='ocrx_word' id='word_1_588' title='bbox 1503 4292 1637 4349; x_wconf 87' lang='lat' dir='ltr'><strong>Cum</strong></span> <span class='ocrx_word' id='word_1_589' title='bbox 1677 4303 1856 4350; x_wconf 89' lang='lat' dir='ltr'><strong>autem</strong></span> 
     </span>
    </p>
   </div>
   <div class='ocr_carea' id='block_1_75' title="bbox 283 4384 1856 4454">
    <p class='ocr_par' dir='ltr' id='par_1_75' title="bbox 283 4384 1856 4454">
     <span class='ocr_line' id='line_1_75' title="bbox 283 4384 1856 4454; baseline -0.001 -14"><span class='ocrx_word' id='word_1_590' title='bbox 283 4386 503 4440; x_wconf 73' lang='lat' dir='ltr'><strong>dixisset</strong></span> <span class='ocrx_word' id='word_1_591' title='bbox 550 4384 713 4439; x_wconf 89' lang='lat' dir='ltr'><strong>frater</strong></span> <span class='ocrx_word' id='word_1_592' title='bbox 750 4385 796 4438; x_wconf 90' lang='lat' dir='ltr'><strong>ei</strong></span> <span class='ocrx_word' id='word_1_593' title='bbox 834 4384 1077 4439; x_wconf 87' lang='lat' dir='ltr'><strong>conferre</strong></span> <span class='ocrx_word' id='word_1_594' title='bbox 1106 4384 1449 4440; x_wconf 80' lang='lat' dir='ltr'><strong>afflictionem</strong></span> <span class='ocrx_word' id='word_1_595' title='bbox 1491 4393 1709 4454; x_wconf 86' lang='lat' dir='ltr'><strong>propter</strong></span> <span class='ocrx_word' id='word_1_596' title='bbox 1738 4386 1856 4439; x_wconf 83' lang='lat' dir='ltr'><strong>exi-</strong></span> 
     </span>
    </p>
   </div>
   <div class='ocr_carea' id='block_1_76' title="bbox 281 4473 1857 4545">
    <p class='ocr_par' dir='ltr' id='par_1_76' title="bbox 281 4473 1857 4545">
     <span class='ocr_line' id='line_1_76' title="bbox 281 4473 1857 4545; baseline 0.003 -21"><span class='ocrx_word' id='word_1_597' title='bbox 281 4489 439 4545; x_wconf 82' lang='lat' dir='ltr'><strong>gnam</strong></span> <span class='ocrx_word' id='word_1_598' title='bbox 471 4490 588 4542; x_wconf 72' lang='lat' dir='ltr'><strong>quat</strong></span> <span class='ocrx_word' id='word_1_599' title='bbox 609 4475 656 4528; x_wconf 92' lang='lat' dir='ltr'><strong>ei</strong></span> <span class='ocrx_word' id='word_1_600' title='bbox 685 4474 821 4528; x_wconf 92' lang='lat' dir='ltr'><strong>inest</strong></span> <span class='ocrx_word' id='word_1_601' title='bbox 850 4473 1029 4538; x_wconf 88' lang='lat' dir='ltr'><strong>fidem,</strong></span> <span class='ocrx_word' id='word_1_602' title='bbox 1055 4474 1269 4529; x_wconf 85' lang='lat' dir='ltr'><strong>tradens</strong></span> <span class='ocrx_word' id='word_1_603' title='bbox 1295 4483 1469 4528; x_wconf 89' lang='lat' dir='ltr'><strong>tamen</strong></span> <span class='ocrx_word' id='word_1_604' title='bbox 1499 4475 1674 4529; x_wconf 90' lang='lat' dir='ltr'><strong>oleum</strong></span> <span class='ocrx_word' id='word_1_605' title='bbox 1696 4475 1857 4545; x_wconf 90' lang='lat' dir='ltr'><strong>jussit</strong></span> 
     </span>
    </p>
   </div>
   <div class='ocr_carea' id='block_1_77' title="bbox 1974 3290 3532 3375">
    <p class='ocr_par' dir='ltr' id='par_1_77' title="bbox 1974 3290 3532 3375">
     <span class='ocr_line' id='line_1_77' title="bbox 1974 3290 3532 3375; baseline 0.012 -33"><span class='ocrx_word' id='word_1_606' title='bbox 1974 3290 2158 3345; x_wconf 83' lang='lat' dir='ltr'><strong>Videte</strong></span> <span class='ocrx_word' id='word_1_607' title='bbox 2189 3307 2310 3345; x_wconf 89' lang='lat' dir='ltr'><strong>num</strong></span> <span class='ocrx_word' id='word_1_608' title='bbox 2340 3294 2537 3348; x_wconf 91' lang='lat' dir='ltr'><strong>mundo</strong></span> <span class='ocrx_word' id='word_1_609' title='bbox 2563 3312 2688 3351; x_wconf 86' lang='lat' dir='ltr'><strong>vere</strong></span> <span class='ocrx_word' id='word_1_610' title='bbox 2719 3301 3099 3366; x_wconf 72' lang='lat' dir='ltr'><strong>renuntiaSIis;</strong></span> <span class='ocrx_word' id='word_1_611' title='bbox 3146 3319 3269 3357; x_wconf 91' lang='lat' dir='ltr'><strong>num</strong></span> <span class='ocrx_word' id='word_1_612' title='bbox 3305 3306 3532 3375; x_wconf 81' lang='lat' dir='ltr'><strong>ingressi</strong></span> 
     </span>
    </p>
   </div>
   <div class='ocr_carea' id='block_1_78' title="bbox 1966 3380 3533 3460">
    <p class='ocr_par' dir='ltr' id='par_1_78' title="bbox 1966 3380 3533 3460">
     <span class='ocr_line' id='line_1_78' title="bbox 1966 3380 3533 3460; baseline 0.011 -27"><span class='ocrx_word' id='word_1_613' title='bbox 1966 3380 2094 3433; x_wconf 81' lang='lat' dir='ltr'><strong>estis</strong></span> <span class='ocrx_word' id='word_1_614' title='bbox 2125 3390 2369 3450; x_wconf 84' lang='lat' dir='ltr'><strong>tanquam</strong></span> <span class='ocrx_word' id='word_1_615' title='bbox 2404 3394 2635 3439; x_wconf 90' lang='lat' dir='ltr'><strong>nostram</strong></span> <span class='ocrx_word' id='word_1_616' title='bbox 2660 3389 2997 3455; x_wconf 86' lang='lat' dir='ltr'><strong>speculantes</strong></span> <span class='ocrx_word' id='word_1_617' title='bbox 3038 3391 3372 3460; x_wconf 87' lang='lat' dir='ltr'><strong>libertatem;</strong></span> <span class='ocrx_word' id='word_1_618' title='bbox 3406 3410 3533 3450; x_wconf 80' lang='lat' dir='ltr'><strong>nunt</strong></span> 
     </span>
    </p>
   </div>
   <div class='ocr_carea' id='block_1_79' title="bbox 1965 3470 3527 3552">
    <p class='ocr_par' dir='ltr' id='par_1_79' title="bbox 1965 3470 3527 3552">
     <span class='ocr_line' id='line_1_79' title="bbox 1965 3470 3527 3552; baseline 0.011 -29"><span class='ocrx_word' id='word_1_619' title='bbox 1965 3470 2030 3523; x_wconf 90' lang='lat' dir='ltr'><strong>ad</strong></span> <span class='ocrx_word' id='word_1_620' title='bbox 2060 3487 2247 3525; x_wconf 80' lang='lat' dir='ltr'><strong>Vanam</strong></span> <span class='ocrx_word' id='word_1_621' title='bbox 2279 3474 2500 3541; x_wconf 78' lang='lat' dir='ltr'><strong>gloriam</strong></span> <span class='ocrx_word' id='word_1_622' title='bbox 2531 3486 2732 3531; x_wconf 86' lang='lat' dir='ltr'><strong>vestras</strong></span> <span class='ocrx_word' id='word_1_623' title='bbox 2763 3478 2989 3535; x_wconf 89' lang='lat' dir='ltr'><strong>virtutes</strong></span> <span class='ocrx_word' id='word_1_624' title='bbox 3020 3486 3320 3552; x_wconf 82' lang='lat' dir='ltr'><strong>venamini,</strong></span> <span class='ocrx_word' id='word_1_625' title='bbox 3365 3497 3418 3540; x_wconf 89' lang='lat' dir='ltr'><strong>ut</strong></span> <span class='ocrx_word' id='word_1_626' title='bbox 3461 3488 3527 3540; x_wconf 86' lang='lat' dir='ltr'><strong>ad</strong></span> 
     </span>
    </p>
   </div>
   <div class='ocr_carea' id='block_1_80' title="bbox 1965 3563 3533 3645">
    <p class='ocr_par' dir='ltr' id='par_1_80' title="bbox 1965 3563 3533 3645">
     <span class='ocr_line' id='line_1_80' title="bbox 1965 3563 3533 3645; baseline 0.01 -30"><span class='ocrx_word' id='word_1_627' title='bbox 1965 3563 2375 3616; x_wconf 86' lang='lat' dir='ltr'><strong>ostentationem</strong></span> <span class='ocrx_word' id='word_1_628' title='bbox 2431 3566 2716 3621; x_wconf 82' lang='lat' dir='ltr'><strong>videamini</strong></span> <span class='ocrx_word' id='word_1_629' title='bbox 2775 3568 3080 3625; x_wconf 87' lang='lat' dir='ltr'><strong>hominibus</strong></span> <span class='ocrx_word' id='word_1_630' title='bbox 3133 3584 3314 3629; x_wconf 91' lang='lat' dir='ltr'><strong>nostra</strong></span> <span class='ocrx_word' id='word_1_631' title='bbox 3372 3591 3533 3645; x_wconf 85' lang='lat' dir='ltr'><strong>opera</strong></span> 
     </span>
    </p>
   </div>
   <div class='ocr_carea' id='block_1_81' title="bbox 1966 3651 3528 3731">
    <p class='ocr_par' dir='ltr' id='par_1_81' title="bbox 1966 3651 3528 3731">
     <span class='ocr_line' id='line_1_81' title="bbox 1966 3651 3528 3731; baseline 0.009 -27"><span class='ocrx_word' id='word_1_632' title='bbox 1966 3651 2253 3706; x_wconf 89' lang='lat' dir='ltr'><strong>imitantes.</strong></span> <span class='ocrx_word' id='word_1_633' title='bbox 2284 3652 2473 3708; x_wconf 81' lang='lat' dir='ltr'><strong>Videte</strong></span> <span class='ocrx_word' id='word_1_634' title='bbox 2498 3671 2565 3708; x_wconf 91' lang='lat' dir='ltr'><strong>ne</strong></span> <span class='ocrx_word' id='word_1_635' title='bbox 2607 3658 2753 3711; x_wconf 89' lang='lat' dir='ltr'><strong>vobis</strong></span> <span class='ocrx_word' id='word_1_636' title='bbox 2800 3662 3024 3714; x_wconf 88' lang='lat' dir='ltr'><strong>facessat</strong></span> <span class='ocrx_word' id='word_1_637' title='bbox 3068 3665 3336 3731; x_wconf 85' lang='lat' dir='ltr'><strong>negotium</strong></span> <span class='ocrx_word' id='word_1_638' title='bbox 3366 3665 3528 3718; x_wconf 90' lang='lat' dir='ltr'><strong>animi</strong></span> 
     </span>
    </p>
   </div>
   <div class='ocr_carea' id='block_1_82' title="bbox 1966 3744 3532 3820">
    <p class='ocr_par' dir='ltr' id='par_1_82' title="bbox 1966 3744 3532 3820">
     <span class='ocr_line' id='line_1_82' title="bbox 1966 3744 3532 3820; baseline 0.01 -25"><span class='ocrx_word' id='word_1_639' title='bbox 1966 3744 2321 3809; x_wconf 84' lang='lat' dir='ltr'><strong>perturbatio,</strong></span> <span class='ocrx_word' id='word_1_640' title='bbox 2368 3760 2436 3799; x_wconf 90' lang='lat' dir='ltr'><strong>ne</strong></span> <span class='ocrx_word' id='word_1_641' title='bbox 2471 3748 2642 3800; x_wconf 91' lang='lat' dir='ltr'><strong>honor</strong></span> <span class='ocrx_word' id='word_1_642' title='bbox 2668 3756 2723 3801; x_wconf 93' lang='lat' dir='ltr'><strong>et</strong></span> <span class='ocrx_word' id='word_1_643' title='bbox 2748 3749 2917 3817; x_wconf 78' lang='lat' dir='ltr'><strong>gloria</strong></span> <span class='ocrx_word' id='word_1_644' title='bbox 2944 3763 2994 3805; x_wconf 91' lang='lat' dir='ltr'><strong>et</strong></span> <span class='ocrx_word' id='word_1_645' title='bbox 3030 3752 3142 3806; x_wconf 88' lang='lat' dir='ltr'><strong>laus</strong></span> <span class='ocrx_word' id='word_1_646' title='bbox 3174 3756 3432 3820; x_wconf 86' lang='lat' dir='ltr'><strong>humana,</strong></span> <span class='ocrx_word' id='word_1_647' title='bbox 3464 3771 3532 3810; x_wconf 85' lang='lat' dir='ltr'><strong>ne</strong></span> 
     </span>
    </p>
   </div>
   <div class='ocr_carea' id='block_1_83' title="bbox 1965 3839 3524 3913">
    <p class='ocr_par' dir='ltr' id='par_1_83' title="bbox 1965 3839 3524 3913">
     <span class='ocr_line' id='line_1_83' title="bbox 1965 3839 3524 3913; baseline 0.01 -29"><span class='ocrx_word' id='word_1_648' title='bbox 1965 3848 2141 3886; x_wconf 86' lang='lat' dir='ltr'><strong>rerum</strong></span> <span class='ocrx_word' id='word_1_649' title='bbox 2171 3848 2444 3888; x_wconf 83' lang='lat' dir='ltr'><strong>sat-rarum</strong></span> <span class='ocrx_word' id='word_1_650' title='bbox 2469 3851 2613 3892; x_wconf 62' lang='lat' dir='ltr'><strong>cura:</strong></span> <span class='ocrx_word' id='word_1_651' title='bbox 2643 3839 2936 3903; x_wconf 90' lang='lat' dir='ltr'><strong>simulatio,</strong></span> <span class='ocrx_word' id='word_1_652' title='bbox 2970 3851 3059 3895; x_wconf 89' lang='lat' dir='ltr'><strong>aut</strong></span> <span class='ocrx_word' id='word_1_653' title='bbox 3084 3858 3235 3896; x_wconf 87' lang='lat' dir='ltr'><strong>amor</strong></span> <span class='ocrx_word' id='word_1_654' title='bbox 3261 3845 3524 3913; x_wconf 88' lang='lat' dir='ltr'><strong>proprius;</strong></span> 
     </span>
    </p>
   </div>
   <div class='ocr_carea' id='block_1_84' title="bbox 1964 3926 3536 4007">
    <p class='ocr_par' dir='ltr' id='par_1_84' title="bbox 1964 3926 3536 4007">
     <span class='ocr_line' id='line_1_84' title="bbox 1964 3926 3536 4007; baseline 0.008 -29"><span class='ocrx_word' id='word_1_655' title='bbox 1964 3940 2032 3980; x_wconf 91' lang='lat' dir='ltr'><strong>ne</strong></span> <span class='ocrx_word' id='word_1_656' title='bbox 2058 3926 2250 3993; x_wconf 80' lang='lat' dir='ltr'><strong>putetis</strong></span> <span class='ocrx_word' id='word_1_657' title='bbox 2284 3942 2380 3983; x_wconf 92' lang='lat' dir='ltr'><strong>vos</strong></span> <span class='ocrx_word' id='word_1_658' title='bbox 2407 3944 2528 3984; x_wconf 90' lang='lat' dir='ltr'><strong>esse</strong></span> <span class='ocrx_word' id='word_1_659' title='bbox 2550 3931 2759 4000; x_wconf 69' lang='lat' dir='ltr'><strong>justos;</strong></span> <span class='ocrx_word' id='word_1_660' title='bbox 2794 3950 2964 4002; x_wconf 87' lang='lat' dir='ltr'><strong>neque</strong></span> <span class='ocrx_word' id='word_1_661' title='bbox 3001 3934 3067 3989; x_wconf 85' lang='lat' dir='ltr'><strong>de</strong></span> <span class='ocrx_word' id='word_1_662' title='bbox 3093 3937 3303 4004; x_wconf 86' lang='lat' dir='ltr'><strong>jttstitia</strong></span> <span class='ocrx_word' id='word_1_663' title='bbox 3341 3938 3536 4007; x_wconf 81' lang='lat' dir='ltr'><strong>glorie-</strong></span> 
     </span>
    </p>
   </div>
   <div class='ocr_carea' id='block_1_85' title="bbox 1961 4015 3530 4090">
    <p class='ocr_par' dir='ltr' id='par_1_85' title="bbox 1961 4015 3530 4090">
     <span class='ocr_line' id='line_1_85' title="bbox 1961 4015 3530 4090; baseline 0.007 -23"><span class='ocrx_word' id='word_1_664' title='bbox 1961 4015 2125 4080; x_wconf 89' lang='lat' dir='ltr'><strong>mini,</strong></span> <span class='ocrx_word' id='word_1_665' title='bbox 2171 4031 2238 4069; x_wconf 85' lang='lat' dir='ltr'><strong>ae</strong></span> <span class='ocrx_word' id='word_1_666' title='bbox 2268 4027 2485 4084; x_wconf 84' lang='lat' dir='ltr'><strong>prepter</strong></span> <span class='ocrx_word' id='word_1_667' title='bbox 2513 4021 2735 4076; x_wconf 88' lang='lat' dir='ltr'><strong>virtutes</strong></span> <span class='ocrx_word' id='word_1_668' title='bbox 2772 4022 3095 4090; x_wconf 82' lang='lat' dir='ltr'><strong>clTeramtni;</strong></span> <span class='ocrx_word' id='word_1_669' title='bbox 3144 4039 3211 4080; x_wconf 92' lang='lat' dir='ltr'><strong>ne</strong></span> <span class='ocrx_word' id='word_1_670' title='bbox 3252 4026 3530 4079; x_wconf 89' lang='lat' dir='ltr'><strong>orantibus</strong></span> 
     </span>
    </p>
   </div>
   <div class='ocr_carea' id='block_1_86' title="bbox 1962 4105 3534 4177">
    <p class='ocr_par' dir='ltr' id='par_1_86' title="bbox 1962 4105 3534 4177">
     <span class='ocr_line' id='line_1_86' title="bbox 1962 4105 3534 4177; baseline 0.007 -21"><span class='ocrx_word' id='word_1_671' title='bbox 1962 4105 2290 4173; x_wconf 80' lang='lat' dir='ltr'><strong>cognationis</strong></span> <span class='ocrx_word' id='word_1_672' title='bbox 2338 4109 2591 4162; x_wconf 89' lang='lat' dir='ltr'><strong>memoria</strong></span> <span class='ocrx_word' id='word_1_673' title='bbox 2637 4111 2816 4163; x_wconf 90' lang='lat' dir='ltr'><strong>animo</strong></span> <span class='ocrx_word' id='word_1_674' title='bbox 2859 4111 3115 4177; x_wconf 87' lang='lat' dir='ltr'><strong>insideat;</strong></span> <span class='ocrx_word' id='word_1_675' title='bbox 3166 4128 3234 4167; x_wconf 90' lang='lat' dir='ltr'><strong>ne</strong></span> <span class='ocrx_word' id='word_1_676' title='bbox 3279 4113 3534 4167; x_wconf 67' lang='lat' dir='ltr'><strong>uta-moria</strong></span> 
     </span>
    </p>
   </div>
   <div class='ocr_carea' id='block_1_87' title="bbox 1960 4194 3530 4271">
    <p class='ocr_par' dir='ltr' id='par_1_87' title="bbox 1960 4194 3530 4271">
     <span class='ocr_line' id='line_1_87' title="bbox 1960 4194 3530 4271; baseline 0.007 -27"><span class='ocrx_word' id='word_1_677' title='bbox 1960 4194 2438 4248; x_wconf 88' lang='lat' dir='ltr'><strong>commiserationis</strong></span> <span class='ocrx_word' id='word_1_678' title='bbox 2454 4204 2544 4250; x_wconf 89' lang='lat' dir='ltr'><strong>aut</strong></span> <span class='ocrx_word' id='word_1_679' title='bbox 2562 4197 2785 4267; x_wconf 87' lang='lat' dir='ltr'><strong>alicujus</strong></span> <span class='ocrx_word' id='word_1_680' title='bbox 2807 4201 3027 4256; x_wconf 87' lang='lat' dir='ltr'><strong>alterius</strong></span> <span class='ocrx_word' id='word_1_681' title='bbox 3050 4203 3149 4264; x_wconf 86' lang='lat' dir='ltr'><strong>rei,</strong></span> <span class='ocrx_word' id='word_1_682' title='bbox 3177 4219 3344 4271; x_wconf 86' lang='lat' dir='ltr'><strong>neque</strong></span> <span class='ocrx_word' id='word_1_683' title='bbox 3365 4205 3530 4271; x_wconf 63' lang='lat' dir='ltr'><strong>ipsius</strong></span> 
     </span>
    </p>
   </div>
   <div class='ocr_carea' id='block_1_88' title="bbox 1964 4284 3532 4360">
    <p class='ocr_par' dir='ltr' id='par_1_88' title="bbox 1964 4284 3532 4360">
     <span class='ocr_line' id='line_1_88' title="bbox 1964 4284 3532 4360; baseline 0.008 -23"><span class='ocrx_word' id='word_1_684' title='bbox 1964 4284 2197 4338; x_wconf 89' lang='lat' dir='ltr'><strong>universi</strong></span> <span class='ocrx_word' id='word_1_685' title='bbox 2295 4287 2477 4344; x_wconf 86' lang='lat' dir='ltr'><strong>mundi</strong></span> <span class='ocrx_word' id='word_1_686' title='bbox 2578 4290 2732 4346; x_wconf 87' lang='lat' dir='ltr'><strong>vobis</strong></span> <span class='ocrx_word' id='word_1_687' title='bbox 2845 4306 3138 4347; x_wconf 89' lang='lat' dir='ltr'><strong>succurrat.</strong></span> <span class='ocrx_word' id='word_1_688' title='bbox 3186 4294 3277 4347; x_wconf 84' lang='lat' dir='ltr'><strong>Siti</strong></span> <span class='ocrx_word' id='word_1_689' title='bbox 3323 4294 3532 4360; x_wconf 88' lang='lat' dir='ltr'><strong>minus;</strong></span> 
     </span>
    </p>
   </div>
   <div class='ocr_carea' id='block_1_89' title="bbox 1962 4375 3532 4454">
    <p class='ocr_par' dir='ltr' id='par_1_89' title="bbox 1962 4375 3532 4454">
     <span class='ocr_line' id='line_1_89' title="bbox 1962 4375 3532 4454; baseline 0.007 -26"><span class='ocrx_word' id='word_1_690' title='bbox 1962 4390 2046 4431; x_wconf 91' lang='lat' dir='ltr'><strong>res</strong></span> <span class='ocrx_word' id='word_1_691' title='bbox 2071 4375 2303 4450; x_wconf 67' lang='lat' dir='ltr'><strong>efficitur</strong></span> <span class='ocrx_word' id='word_1_692' title='bbox 2324 4380 2775 4447; x_wconf 89' lang='lat' dir='ltr'><strong>vanitas,quaudo</strong></span> <span class='ocrx_word' id='word_1_693' title='bbox 2798 4381 2915 4448; x_wconf 84' lang='lat' dir='ltr'><strong>quis</strong></span> <span class='ocrx_word' id='word_1_694' title='bbox 2940 4382 3215 4436; x_wconf 90' lang='lat' dir='ltr'><strong>Dominum</strong></span> <span class='ocrx_word' id='word_1_695' title='bbox 3238 4385 3532 4454; x_wconf 87' lang='lat' dir='ltr'><strong>alloquens,</strong></span> 
     </span>
    </p>
   </div>
   <div class='ocr_carea' id='block_1_90' title="bbox 1960 4464 3532 4538">
    <p class='ocr_par' dir='ltr' id='par_1_90' title="bbox 1960 4464 3532 4538">
     <span class='ocr_line' id='line_1_90' title="bbox 1960 4464 3532 4538; baseline 0.006 -19"><span class='ocrx_word' id='word_1_696' title='bbox 1960 4464 2207 4519; x_wconf 90' lang='lat' dir='ltr'><strong>deorsum</strong></span> <span class='ocrx_word' id='word_1_697' title='bbox 2254 4466 2540 4534; x_wconf 90' lang='lat' dir='ltr'><strong>impellitur</strong></span> <span class='ocrx_word' id='word_1_698' title='bbox 2583 4470 2650 4519; x_wconf 88' lang='lat' dir='ltr'><strong>ab</strong></span> <span class='ocrx_word' id='word_1_699' title='bbox 2692 4468 2756 4522; x_wconf 90' lang='lat' dir='ltr'><strong>iis</strong></span> <span class='ocrx_word' id='word_1_700' title='bbox 2786 4484 2904 4538; x_wconf 71' lang='lat' dir='ltr'><strong>qua:</strong></span> <span class='ocrx_word' id='word_1_701' title='bbox 2948 4486 3010 4524; x_wconf 78' lang='lat' dir='ltr'><strong>ex</strong></span> <span class='ocrx_word' id='word_1_702' title='bbox 3045 4473 3270 4525; x_wconf 85' lang='lat' dir='ltr'><strong>adverso</strong></span> <span class='ocrx_word' id='word_1_703' title='bbox 3312 4475 3532 4528; x_wconf 89' lang='lat' dir='ltr'><strong>trahunt</strong></span> 
     </span>
    </p>
   </div>
   <div class='ocr_carea' id='block_1_91' title="bbox 280 4557 3524 4635">
    <p class='ocr_par' dir='ltr' id='par_1_91' title="bbox 280 4557 3524 4635">
     <span class='ocr_line' id='line_1_91' title="bbox 280 4557 3524 4635; baseline 0.003 -28"><span class='ocrx_word' id='word_1_704' title='bbox 280 4582 401 4621; x_wconf 73' lang='lat' dir='ltr'><strong>eum</strong></span> <span class='ocrx_word' id='word_1_705' title='bbox 452 4567 654 4633; x_wconf 73' lang='lat' dir='ltr'><strong>inungi,</strong></span> <span class='ocrx_word' id='word_1_706' title='bbox 686 4565 815 4618; x_wconf 79' lang='lat' dir='ltr'><strong>Cum</strong></span> <span class='ocrx_word' id='word_1_707' title='bbox 866 4565 911 4618; x_wconf 85' lang='lat' dir='ltr'><strong>is</strong></span> <span class='ocrx_word' id='word_1_708' title='bbox 959 4575 1133 4619; x_wconf 75' lang='lat' dir='ltr'><strong>autem</strong></span> <span class='ocrx_word' id='word_1_709' title='bbox 1186 4580 1243 4619; x_wconf 79' lang='lat' dir='ltr'><strong>se</strong></span> <span class='ocrx_word' id='word_1_710' title='bbox 1290 4566 1547 4630; x_wconf 71' lang='lat' dir='ltr'><strong>tinxisset,</strong></span> <span class='ocrx_word' id='word_1_711' title='bbox 1595 4566 1851 4635; x_wconf 78' lang='lat' dir='ltr'><strong>quidquid</strong></span> <span class='ocrx_word' id='word_1_712' title='bbox 1883 4567 1935 4625; x_wconf 81' lang='grc' dir='ltr'><strong>Ι)</strong></span> <span class='ocrx_word' id='word_1_713' title='bbox 1960 4557 2387 4625; x_wconf 69' lang='lat' dir='ltr'><strong>cogitationibus.</strong></span> <span class='ocrx_word' id='word_1_714' title='bbox 2420 4559 2542 4612; x_wconf 72' lang='lat' dir='ltr'><strong>Iltec</strong></span> <span class='ocrx_word' id='word_1_715' title='bbox 2570 4569 2745 4612; x_wconf 85' lang='lat' dir='ltr'><strong>autem</strong></span> <span class='ocrx_word' id='word_1_716' title='bbox 2775 4562 2967 4615; x_wconf 87' lang='lat' dir='ltr'><strong>utentis</strong></span> <span class='ocrx_word' id='word_1_717' title='bbox 3017 4563 3287 4631; x_wconf 84' lang='lat' dir='ltr'><strong>prolapsio</strong></span> <span class='ocrx_word' id='word_1_718' title='bbox 3319 4565 3524 4617; x_wconf 88' lang='lat' dir='ltr'><strong>unicui-</strong></span> 
     </span>
    </p>
   </div>
   <div class='ocr_carea' id='block_1_92' title="bbox 280 4656 1855 4725">
    <p class='ocr_par' dir='ltr' id='par_1_92' title="bbox 280 4656 1855 4725">
     <span class='ocr_line' id='line_1_92' title="bbox 280 4656 1855 4725; baseline 0.001 -15"><span class='ocrx_word' id='word_1_719' title='bbox 280 4658 425 4710; x_wconf 90' lang='lat' dir='ltr'><strong>intus</strong></span> <span class='ocrx_word' id='word_1_720' title='bbox 455 4656 683 4710; x_wconf 89' lang='lat' dir='ltr'><strong>habebat</strong></span> <span class='ocrx_word' id='word_1_721' title='bbox 712 4671 806 4725; x_wconf 91' lang='lat' dir='ltr'><strong>per</strong></span> <span class='ocrx_word' id='word_1_722' title='bbox 834 4669 895 4708; x_wconf 89' lang='lat' dir='ltr'><strong>os</strong></span> <span class='ocrx_word' id='word_1_723' title='bbox 920 4656 1120 4721; x_wconf 91' lang='lat' dir='ltr'><strong>emisit,</strong></span> <span class='ocrx_word' id='word_1_724' title='bbox 1149 4664 1201 4708; x_wconf 86' lang='lat' dir='ltr'><strong>ct</strong></span> <span class='ocrx_word' id='word_1_725' title='bbox 1234 4670 1262 4709; x_wconf 91' lang='lat' dir='ltr'><strong>a</strong></span> <span class='ocrx_word' id='word_1_726' title='bbox 1294 4656 1441 4709; x_wconf 90' lang='lat' dir='ltr'><strong>febre</strong></span> <span class='ocrx_word' id='word_1_727' title='bbox 1467 4658 1686 4711; x_wconf 88' lang='lat' dir='ltr'><strong>omnino</strong></span> <span class='ocrx_word' id='word_1_728' title='bbox 1723 4657 1855 4711; x_wconf 86' lang='lat' dir='ltr'><strong>libe-</strong></span> 
     </span>
    </p>
   </div>
   <div class='ocr_carea' id='block_1_93' title="bbox 279 4746 1856 4817">
    <p class='ocr_par' dir='ltr' id='par_1_93' title="bbox 279 4746 1856 4817">
     <span class='ocr_line' id='line_1_93' title="bbox 279 4746 1856 4817; baseline 0 -14"><span class='ocrx_word' id='word_1_729' title='bbox 279 4759 428 4804; x_wconf 91' lang='lat' dir='ltr'><strong>ratus</strong></span> <span class='ocrx_word' id='word_1_730' title='bbox 451 4788 467 4811; x_wconf 97' lang='lat'><strong>,</strong></span> <span class='ocrx_word' id='word_1_731' title='bbox 499 4747 725 4816; x_wconf 83' lang='lat' dir='ltr'><strong>propriis</strong></span> <span class='ocrx_word' id='word_1_732' title='bbox 755 4748 973 4815; x_wconf 88' lang='lat' dir='ltr'><strong>pedibus</strong></span> <span class='ocrx_word' id='word_1_733' title='bbox 1012 4749 1231 4801; x_wconf 77' lang='lat' dir='ltr'><strong>recessit</strong></span> <span class='ocrx_word' id='word_1_734' title='bbox 1263 4748 1328 4801; x_wconf 89' lang='lat' dir='ltr'><strong>ad</strong></span> <span class='ocrx_word' id='word_1_735' title='bbox 1360 4746 1670 4817; x_wconf 82' lang='lat' dir='ltr'><strong>hospitium.</strong></span> <span class='ocrx_word' id='word_1_736' title='bbox 1702 4749 1856 4803; x_wconf 83' lang='lat' dir='ltr'><strong>Lice-</strong></span> 
     </span>
    </p>
   </div>
   <div class='ocr_carea' id='block_1_94' title="bbox 279 4838 1855 4908">
    <p class='ocr_par' dir='ltr' id='par_1_94' title="bbox 279 4838 1855 4908">
     <span class='ocr_line' id='line_1_94' title="bbox 279 4838 1855 4908; baseline -0.001 -14"><span class='ocrx_word' id='word_1_737' title='bbox 279 4842 373 4895; x_wconf 81' lang='lat' dir='ltr'><strong>bat</strong></span> <span class='ocrx_word' id='word_1_738' title='bbox 414 4851 587 4893; x_wconf 89' lang='lat' dir='ltr'><strong>autem</strong></span> <span class='ocrx_word' id='word_1_739' title='bbox 620 4838 800 4892; x_wconf 81' lang='lat' dir='ltr'><strong>videre</strong></span> <span class='ocrx_word' id='word_1_740' title='bbox 832 4838 1102 4892; x_wconf 92' lang='lat' dir='ltr'><strong>hominem</strong></span> <span class='ocrx_word' id='word_1_741' title='bbox 1153 4840 1569 4908; x_wconf 88' lang='lat' dir='ltr'><strong>nonagenarium</strong></span> <span class='ocrx_word' id='word_1_742' title='bbox 1603 4848 1715 4893; x_wconf 90' lang='lat' dir='ltr'><strong>toto</strong></span> <span class='ocrx_word' id='word_1_743' title='bbox 1744 4855 1855 4893; x_wconf 91' lang='lat' dir='ltr'><strong>cor-</strong></span> 
     </span>
    </p>
   </div>
   <div class='ocr_carea' id='block_1_95' title="bbox 277 4928 1854 5000">
    <p class='ocr_par' dir='ltr' id='par_1_95' title="bbox 277 4928 1854 5000">
     <span class='ocr_line' id='line_1_95' title="bbox 277 4928 1854 5000; baseline 0.001 -18"><span class='ocrx_word' id='word_1_744' title='bbox 277 4944 410 5000; x_wconf 87' lang='lat' dir='ltr'><strong>pore</strong></span> <span class='ocrx_word' id='word_1_745' title='bbox 454 4930 523 4982; x_wconf 87' lang='lat' dir='ltr'><strong>ita</strong></span> <span class='ocrx_word' id='word_1_746' title='bbox 566 4928 853 4991; x_wconf 80' lang='lat' dir='ltr'><strong>afflictum,</strong></span> <span class='ocrx_word' id='word_1_747' title='bbox 905 4936 962 4980; x_wconf 91' lang='lat' dir='ltr'><strong>ut</strong></span> <span class='ocrx_word' id='word_1_748' title='bbox 1009 4942 1119 4995; x_wconf 65' lang='lat' dir='ltr'><strong>prae</strong></span> <span class='ocrx_word' id='word_1_749' title='bbox 1166 4929 1548 4982; x_wconf 82' lang='lat' dir='ltr'><strong>exercitatione</strong></span> <span class='ocrx_word' id='word_1_750' title='bbox 1580 4946 1646 4983; x_wconf 90' lang='lat' dir='ltr'><strong>ne</strong></span> <span class='ocrx_word' id='word_1_751' title='bbox 1685 4928 1854 4983; x_wconf 90' lang='lat' dir='ltr'><strong>barba</strong></span> 
     </span>
    </p>
   </div>
   <div class='ocr_carea' id='block_1_96' title="bbox 274 5020 1852 5094">
    <p class='ocr_par' dir='ltr' id='par_1_96' title="bbox 274 5020 1852 5094">
     <span class='ocr_line' id='line_1_96' title="bbox 274 5020 1852 5094; baseline 0.001 -19"><span class='ocrx_word' id='word_1_752' title='bbox 274 5022 491 5094; x_wconf 89' lang='lat' dir='ltr'><strong>quidem</strong></span> <span class='ocrx_word' id='word_1_753' title='bbox 517 5032 633 5075; x_wconf 83' lang='lat' dir='ltr'><strong>nata</strong></span> <span class='ocrx_word' id='word_1_754' title='bbox 663 5031 803 5075; x_wconf 89' lang='lat' dir='ltr'><strong>esset</strong></span> <span class='ocrx_word' id='word_1_755' title='bbox 832 5021 883 5074; x_wconf 92' lang='lat' dir='ltr'><strong>in</strong></span> <span class='ocrx_word' id='word_1_756' title='bbox 918 5020 1071 5074; x_wconf 90' lang='lat' dir='ltr'><strong>lacie.</strong></span> <span class='ocrx_word' id='word_1_757' title='bbox 1102 5020 1243 5074; x_wconf 86' lang='lat' dir='ltr'><strong>Nihil</strong></span> <span class='ocrx_word' id='word_1_758' title='bbox 1269 5025 1409 5074; x_wconf 84' lang='lat' dir='ltr'><strong>enim</strong></span> <span class='ocrx_word' id='word_1_759' title='bbox 1435 5021 1575 5075; x_wconf 84' lang='lat' dir='ltr'><strong>aliud</strong></span> <span class='ocrx_word' id='word_1_760' title='bbox 1604 5024 1852 5076; x_wconf 79' lang='lat' dir='ltr'><strong>comede-</strong></span> 
     </span>
    </p>
   </div>
   <div class='ocr_carea' id='block_1_97' title="bbox 276 5110 1849 5182">
    <p class='ocr_par' dir='ltr' id='par_1_97' title="bbox 276 5110 1849 5182">
     <span class='ocr_line' id='line_1_97' title="bbox 276 5110 1849 5182; baseline -0.003 -11"><span class='ocrx_word' id='word_1_761' title='bbox 276 5116 371 5171; x_wconf 87' lang='lat' dir='ltr'><strong>bat</strong></span> <span class='ocrx_word' id='word_1_762' title='bbox 394 5130 549 5182; x_wconf 84' lang='lat' dir='ltr'><strong>quam</strong></span> <span class='ocrx_word' id='word_1_763' title='bbox 578 5115 827 5169; x_wconf 89' lang='lat' dir='ltr'><strong>arborum</strong></span> <span class='ocrx_word' id='word_1_764' title='bbox 859 5112 1081 5176; x_wconf 90' lang='lat' dir='ltr'><strong>fruetus,</strong></span> <span class='ocrx_word' id='word_1_765' title='bbox 1115 5110 1273 5180; x_wconf 86' lang='lat' dir='ltr'><strong>idque</strong></span> <span class='ocrx_word' id='word_1_766' title='bbox 1300 5123 1417 5176; x_wconf 74' lang='lat' dir='ltr'><strong>post</strong></span> <span class='ocrx_word' id='word_1_767' title='bbox 1438 5114 1568 5167; x_wconf 90' lang='lat' dir='ltr'><strong>solis</strong></span> <span class='ocrx_word' id='word_1_768' title='bbox 1597 5128 1849 5169; x_wconf 88' lang='lat' dir='ltr'><strong>occasum</strong></span> 
     </span>
    </p>
   </div>
   <div class='ocr_carea' id='block_1_98' title="bbox 277 5208 1853 5275">
    <p class='ocr_par' dir='ltr' id='par_1_98' title="bbox 277 5208 1853 5275">
     <span class='ocr_line' id='line_1_98' title="bbox 277 5208 1853 5275; baseline 0 -14"><span class='ocrx_word' id='word_1_769' title='bbox 277 5210 331 5261; x_wconf 89' lang='lat' dir='ltr'><strong>in</strong></span> <span class='ocrx_word' id='word_1_770' title='bbox 366 5222 570 5261; x_wconf 88' lang='lat' dir='ltr'><strong>summa</strong></span> <span class='ocrx_word' id='word_1_771' title='bbox 601 5216 895 5273; x_wconf 87' lang='lat' dir='ltr'><strong>senectute,</strong></span> <span class='ocrx_word' id='word_1_772' title='bbox 921 5221 1041 5260; x_wconf 86' lang='lat' dir='ltr'><strong>cum</strong></span> <span class='ocrx_word' id='word_1_773' title='bbox 1074 5224 1132 5261; x_wconf 90' lang='lat' dir='ltr'><strong>se</strong></span> <span class='ocrx_word' id='word_1_774' title='bbox 1164 5208 1308 5275; x_wconf 89' lang='lat' dir='ltr'><strong>prius</strong></span> <span class='ocrx_word' id='word_1_775' title='bbox 1332 5209 1549 5261; x_wconf 91' lang='lat' dir='ltr'><strong>multum</strong></span> <span class='ocrx_word' id='word_1_776' title='bbox 1582 5209 1853 5262; x_wconf 76' lang='lat' dir='ltr'><strong>exercuis-</strong></span> 
     </span>
    </p>
   </div>
   <div class='ocr_carea' id='block_1_99' title="bbox 274 5296 1851 5366">
    <p class='ocr_par' dir='ltr' id='par_1_99' title="bbox 274 5296 1851 5366">
     <span class='ocr_line' id='line_1_99' title="bbox 274 5296 1851 5366; baseline 0.001 -16"><span class='ocrx_word' id='word_1_777' title='bbox 274 5306 380 5359; x_wconf 90' lang='lat' dir='ltr'><strong>set,</strong></span> <span class='ocrx_word' id='word_1_778' title='bbox 405 5306 457 5351; x_wconf 90' lang='lat' dir='ltr'><strong>et</strong></span> <span class='ocrx_word' id='word_1_779' title='bbox 485 5311 653 5365; x_wconf 88' lang='lat' dir='ltr'><strong>neque</strong></span> <span class='ocrx_word' id='word_1_780' title='bbox 683 5312 869 5365; x_wconf 89' lang='lat' dir='ltr'><strong>panem</strong></span> <span class='ocrx_word' id='word_1_781' title='bbox 900 5296 1237 5361; x_wconf 86' lang='lat' dir='ltr'><strong>sumpsisset,</strong></span> <span class='ocrx_word' id='word_1_782' title='bbox 1266 5312 1437 5365; x_wconf 90' lang='lat' dir='ltr'><strong>neque</strong></span> <span class='ocrx_word' id='word_1_783' title='bbox 1468 5298 1665 5366; x_wconf 87' lang='lat' dir='ltr'><strong>aliquid</strong></span> <span class='ocrx_word' id='word_1_784' title='bbox 1698 5315 1761 5353; x_wconf 84' lang='lat' dir='ltr'><strong>ex</strong></span> <span class='ocrx_word' id='word_1_785' title='bbox 1789 5299 1851 5352; x_wconf 84' lang='lat' dir='ltr'><strong>iis</strong></span> 
     </span>
    </p>
   </div>
   <div class='ocr_carea' id='block_1_100' title="bbox 272 5388 1850 5459">
    <p class='ocr_par' dir='ltr' id='par_1_100' title="bbox 272 5388 1850 5459">
     <span class='ocr_line' id='line_1_100' title="bbox 272 5388 1850 5459; baseline 0.001 -18"><span class='ocrx_word' id='word_1_786' title='bbox 272 5404 397 5458; x_wconf 71' lang='lat' dir='ltr'><strong>quae</strong></span> <span class='ocrx_word' id='word_1_787' title='bbox 427 5390 531 5458; x_wconf 84' lang='lat' dir='ltr'><strong>igni</strong></span> <span class='ocrx_word' id='word_1_788' title='bbox 560 5389 770 5443; x_wconf 82' lang='lat' dir='ltr'><strong>admota</strong></span> <span class='ocrx_word' id='word_1_789' title='bbox 801 5390 1019 5443; x_wconf 89' lang='lat' dir='ltr'><strong>veniunt</strong></span> <span class='ocrx_word' id='word_1_790' title='bbox 1058 5388 1113 5442; x_wconf 92' lang='lat' dir='ltr'><strong>in</strong></span> <span class='ocrx_word' id='word_1_791' title='bbox 1154 5405 1330 5442; x_wconf 90' lang='lat' dir='ltr'><strong>usum.</strong></span> <span class='ocrx_word' id='word_1_792' title='bbox 1365 5390 1493 5443; x_wconf 80' lang='lat' dir='ltr'><strong>Cum</strong></span> <span class='ocrx_word' id='word_1_793' title='bbox 1529 5391 1644 5459; x_wconf 88' lang='lat' dir='ltr'><strong>ipse</strong></span> <span class='ocrx_word' id='word_1_794' title='bbox 1674 5399 1850 5445; x_wconf 85' lang='lat' dir='ltr'><strong>autem</strong></span> 
     </span>
    </p>
   </div>
   <div class='ocr_carea' id='block_1_101' title="bbox 273 5477 1854 5549">
    <p class='ocr_par' dir='ltr' id='par_1_101' title="bbox 273 5477 1854 5549">
     <span class='ocr_line' id='line_1_101' title="bbox 273 5477 1854 5549; baseline 0.001 -18"><span class='ocrx_word' id='word_1_795' title='bbox 273 5493 378 5531; x_wconf 93' lang='lat' dir='ltr'><strong>nos</strong></span> <span class='ocrx_word' id='word_1_796' title='bbox 403 5478 645 5545; x_wconf 82' lang='lat' dir='ltr'><strong>jussisset</strong></span> <span class='ocrx_word' id='word_1_797' title='bbox 673 5479 863 5532; x_wconf 77' lang='lat' dir='ltr'><strong>sedete</strong></span> <span class='ocrx_word' id='word_1_798' title='bbox 888 5519 902 5543; x_wconf 90' lang='lat'><strong>,</strong></span> <span class='ocrx_word' id='word_1_799' title='bbox 945 5477 1054 5532; x_wconf 91' lang='lat' dir='ltr'><strong>Deo</strong></span> <span class='ocrx_word' id='word_1_800' title='bbox 1085 5477 1292 5547; x_wconf 81' lang='lat' dir='ltr'><strong>egimus</strong></span> <span class='ocrx_word' id='word_1_801' title='bbox 1329 5479 1526 5543; x_wconf 81' lang='lat' dir='ltr'><strong>gratias</strong></span> <span class='ocrx_word' id='word_1_802' title='bbox 1554 5479 1693 5547; x_wconf 85' lang='lat' dir='ltr'><strong>quod</strong></span> <span class='ocrx_word' id='word_1_803' title='bbox 1740 5480 1854 5549; x_wconf 83' lang='lat' dir='ltr'><strong>ejus</strong></span> 
     </span>
    </p>
   </div>
   <div class='ocr_carea' id='block_1_102' title="bbox 273 5569 1855 5640">
    <p class='ocr_par' dir='ltr' id='par_1_102' title="bbox 273 5569 1855 5640">
     <span class='ocr_line' id='line_1_102' title="bbox 273 5569 1855 5640; baseline 0.001 -18"><span class='ocrx_word' id='word_1_804' title='bbox 273 5570 576 5623; x_wconf 77' lang='lat' dir='ltr'><strong>.‘rueremur</strong></span> <span class='ocrx_word' id='word_1_805' title='bbox 617 5569 1009 5638; x_wconf 79' lang='lat' dir='ltr'><strong>congressione.</strong></span> <span class='ocrx_word' id='word_1_806' title='bbox 1045 5569 1091 5621; x_wconf 89' lang='lat' dir='ltr'><strong>ls</strong></span> <span class='ocrx_word' id='word_1_807' title='bbox 1121 5579 1298 5623; x_wconf 91' lang='lat' dir='ltr'><strong>autem</strong></span> <span class='ocrx_word' id='word_1_808' title='bbox 1335 5585 1454 5623; x_wconf 90' lang='lat' dir='ltr'><strong>cum</strong></span> <span class='ocrx_word' id='word_1_809' title='bbox 1491 5580 1741 5640; x_wconf 85' lang='lat' dir='ltr'><strong>tanquam</strong></span> <span class='ocrx_word' id='word_1_810' title='bbox 1774 5571 1855 5624; x_wconf 88' lang='lat' dir='ltr'><strong>di-</strong></span> 
     </span>
    </p>
   </div>
   <div class='ocr_carea' id='block_1_103' title="bbox 274 5660 1853 5730">
    <p class='ocr_par' dir='ltr' id='par_1_103' title="bbox 274 5660 1853 5730">
     <span class='ocr_line' id='line_1_103' title="bbox 274 5660 1853 5730; baseline 0.001 -17"><span class='ocrx_word' id='word_1_811' title='bbox 274 5664 445 5715; x_wconf 90' lang='lat' dir='ltr'><strong>lectos</strong></span> <span class='ocrx_word' id='word_1_812' title='bbox 476 5674 602 5716; x_wconf 85' lang='lat' dir='ltr'><strong>suos</strong></span> <span class='ocrx_word' id='word_1_813' title='bbox 634 5660 769 5715; x_wconf 81' lang='lat' dir='ltr'><strong>filios</strong></span> <span class='ocrx_word' id='word_1_814' title='bbox 810 5662 963 5729; x_wconf 80' lang='lat' dir='ltr'><strong>longo</strong></span> <span class='ocrx_word' id='word_1_815' title='bbox 1012 5670 1250 5730; x_wconf 88' lang='lat' dir='ltr'><strong>tempore</strong></span> <span class='ocrx_word' id='word_1_816' title='bbox 1298 5662 1619 5729; x_wconf 86' lang='lat' dir='ltr'><strong>accepisset,</strong></span> <span class='ocrx_word' id='word_1_817' title='bbox 1662 5662 1853 5716; x_wconf 87' lang='lat' dir='ltr'><strong>ridenti</strong></span> 
     </span>
    </p>
   </div>
   <div class='ocr_carea' id='block_1_104' title="bbox 274 5751 1851 5818">
    <p class='ocr_par' dir='ltr' id='par_1_104' title="bbox 274 5751 1851 5818">
     <span class='ocr_line' id='line_1_104' title="bbox 274 5751 1851 5818; baseline 0.002 -15"><span class='ocrx_word' id='word_1_818' title='bbox 274 5753 421 5807; x_wconf 78' lang='lat' dir='ltr'><strong>vultu</strong></span> <span class='ocrx_word' id='word_1_819' title='bbox 456 5751 566 5807; x_wconf 82' lang='lat' dir='ltr'><strong>bace</strong></span> <span class='ocrx_word' id='word_1_820' title='bbox 596 5752 747 5809; x_wconf 89' lang='lat' dir='ltr'><strong>nobis</strong></span> <span class='ocrx_word' id='word_1_821' title='bbox 774 5764 854 5809; x_wconf 86' lang='lat' dir='ltr'><strong>est</strong></span> <span class='ocrx_word' id='word_1_822' title='bbox 882 5753 1086 5809; x_wconf 87' lang='lat' dir='ltr'><strong>locutus</strong></span> <span class='ocrx_word' id='word_1_823' title='bbox 1113 5768 1126 5807; x_wconf 88' lang='lat'><strong>:</strong></span> <span class='ocrx_word' id='word_1_824' title='bbox 1158 5751 1459 5817; x_wconf 83' lang='lat' dir='ltr'><strong>Uudenam,</strong></span> <span class='ocrx_word' id='word_1_825' title='bbox 1490 5767 1522 5806; x_wconf 88' lang='grc' dir='ltr'>ο</span> <span class='ocrx_word' id='word_1_826' title='bbox 1551 5753 1668 5818; x_wconf 79' lang='lat' dir='ltr'><strong>lilii,</strong></span> <span class='ocrx_word' id='word_1_827' title='bbox 1702 5764 1755 5809; x_wconf 90' lang='lat' dir='ltr'><strong>et</strong></span> <span class='ocrx_word' id='word_1_828' title='bbox 1787 5770 1851 5810; x_wconf 88' lang='lat' dir='ltr'><strong>ex</strong></span> 
     </span>
    </p>
   </div>
   <div class='ocr_carea' id='block_1_105' title="bbox 1958 4648 3533 4725">
    <p class='ocr_par' dir='ltr' id='par_1_105' title="bbox 1958 4648 3533 4725">
     <span class='ocr_line' id='line_1_105' title="bbox 1958 4648 3533 4725; baseline 0.003 -25"><span class='ocrx_word' id='word_1_829' title='bbox 1958 4662 2058 4715; x_wconf 89' lang='lat' dir='ltr'><strong>que</strong></span> <span class='ocrx_word' id='word_1_830' title='bbox 2082 4648 2275 4701; x_wconf 89' lang='lat' dir='ltr'><strong>accidit</strong></span> <span class='ocrx_word' id='word_1_831' title='bbox 2299 4650 2385 4717; x_wconf 89' lang='lat' dir='ltr'><strong>qui</strong></span> <span class='ocrx_word' id='word_1_832' title='bbox 2411 4648 2550 4702; x_wconf 89' lang='lat' dir='ltr'><strong>hunc</strong></span> <span class='ocrx_word' id='word_1_833' title='bbox 2577 4650 2832 4705; x_wconf 89' lang='lat' dir='ltr'><strong>mundum</strong></span> <span class='ocrx_word' id='word_1_834' title='bbox 2866 4670 2968 4704; x_wconf 89' lang='lat' dir='ltr'><strong>non</strong></span> <span class='ocrx_word' id='word_1_835' title='bbox 2994 4656 3208 4706; x_wconf 91' lang='lat' dir='ltr'><strong>omnino</strong></span> <span class='ocrx_word' id='word_1_836' title='bbox 3230 4654 3533 4725; x_wconf 85' lang='lat' dir='ltr'><strong>abnegavit,</strong></span> 
     </span>
    </p>
   </div>
   <div class='ocr_carea' id='block_1_106' title="bbox 1958 4738 3537 4814">
    <p class='ocr_par' dir='ltr' id='par_1_106' title="bbox 1958 4738 3537 4814">
     <span class='ocr_line' id='line_1_106' title="bbox 1958 4738 3537 4814; baseline 0.007 -26"><span class='ocrx_word' id='word_1_837' title='bbox 1958 4738 2052 4790; x_wconf 91' lang='lat' dir='ltr'><strong>sed</strong></span> <span class='ocrx_word' id='word_1_838' title='bbox 2098 4748 2383 4790; x_wconf 90' lang='lat' dir='ltr'><strong>veneratur</strong></span> <span class='ocrx_word' id='word_1_839' title='bbox 2429 4749 2484 4791; x_wconf 92' lang='lat' dir='ltr'><strong>ut</strong></span> <span class='ocrx_word' id='word_1_840' title='bbox 2532 4740 2579 4792; x_wconf 91' lang='lat' dir='ltr'><strong>ei</strong></span> <span class='ocrx_word' id='word_1_841' title='bbox 2634 4740 2859 4807; x_wconf 88' lang='lat' dir='ltr'><strong>placeat.</strong></span> <span class='ocrx_word' id='word_1_842' title='bbox 2912 4742 2993 4795; x_wconf 87' lang='lat' dir='ltr'><strong>0b</strong></span> <span class='ocrx_word' id='word_1_843' title='bbox 3037 4745 3197 4796; x_wconf 88' lang='lat' dir='ltr'><strong>multa</strong></span> <span class='ocrx_word' id='word_1_844' title='bbox 3243 4745 3385 4797; x_wconf 90' lang='lat' dir='ltr'><strong>enim</strong></span> <span class='ocrx_word' id='word_1_845' title='bbox 3419 4761 3537 4814; x_wconf 71' lang='lat' dir='ltr'><strong>qua:</strong></span> 
     </span>
    </p>
   </div>
   <div class='ocr_carea' id='block_1_107' title="bbox 1956 4827 3530 4901">
    <p class='ocr_par' dir='ltr' id='par_1_107' title="bbox 1956 4827 3530 4901">
     <span class='ocr_line' id='line_1_107' title="bbox 1956 4827 3530 4901; baseline 0.007 -22"><span class='ocrx_word' id='word_1_846' title='bbox 1956 4829 2277 4896; x_wconf 82' lang='lat' dir='ltr'><strong>aggreditur,</strong></span> <span class='ocrx_word' id='word_1_847' title='bbox 2310 4827 2426 4897; x_wconf 75' lang='lat' dir='ltr'><strong>ejus</strong></span> <span class='ocrx_word' id='word_1_848' title='bbox 2462 4842 2690 4883; x_wconf 86' lang='lat' dir='ltr'><strong>mentem</strong></span> <span class='ocrx_word' id='word_1_849' title='bbox 2730 4830 2968 4886; x_wconf 76' lang='grc' dir='ltr'><strong>(Ιινίἀιηιι</strong></span> <span class='ocrx_word' id='word_1_850' title='bbox 3005 4848 3145 4887; x_wconf 71' lang='lat' dir='ltr'><strong>curua</strong></span> <span class='ocrx_word' id='word_1_851' title='bbox 3176 4850 3447 4901; x_wconf 75' lang='lat' dir='ltr'><strong>corporea:</strong></span> <span class='ocrx_word' id='word_1_852' title='bbox 3478 4848 3530 4890; x_wconf 87' lang='lat' dir='ltr'><strong>et</strong></span> 
     </span>
    </p>
   </div>
   <div class='ocr_carea' id='block_1_108' title="bbox 1958 4921 3531 4996">
    <p class='ocr_par' dir='ltr' id='par_1_108' title="bbox 1958 4921 3531 4996">
     <span class='ocr_line' id='line_1_108' title="bbox 1958 4921 3531 4996; baseline 0.007 -24"><span class='ocrx_word' id='word_1_853' title='bbox 1958 4930 2267 4984; x_wconf 71' lang='lat' dir='ltr'><strong>terreStres;</strong></span> <span class='ocrx_word' id='word_1_854' title='bbox 2301 4931 2354 4974; x_wconf 90' lang='lat' dir='ltr'><strong>et</strong></span> <span class='ocrx_word' id='word_1_855' title='bbox 2380 4922 2504 4974; x_wconf 91' lang='lat' dir='ltr'><strong>dum</strong></span> <span class='ocrx_word' id='word_1_856' title='bbox 2530 4921 2780 4990; x_wconf 83' lang='lat' dir='ltr'><strong>deinceps</strong></span> <span class='ocrx_word' id='word_1_857' title='bbox 2804 4924 3037 4992; x_wconf 85' lang='lat' dir='ltr'><strong>disputat</strong></span> <span class='ocrx_word' id='word_1_858' title='bbox 3063 4941 3184 4979; x_wconf 92' lang='lat' dir='ltr'><strong>cum</strong></span> <span class='ocrx_word' id='word_1_859' title='bbox 3212 4928 3375 4981; x_wconf 90' lang='lat' dir='ltr'><strong>animi</strong></span> <span class='ocrx_word' id='word_1_860' title='bbox 3409 4944 3531 4996; x_wconf 88' lang='lat' dir='ltr'><strong>per-</strong></span> 
     </span>
    </p>
   </div>
   <div class='ocr_carea' id='block_1_109' title="bbox 1959 5012 3530 5086">
    <p class='ocr_par' dir='ltr' id='par_1_109' title="bbox 1959 5012 3530 5086">
     <span class='ocr_line' id='line_1_109' title="bbox 1959 5012 3530 5086; baseline 0.005 -22"><span class='ocrx_word' id='word_1_861' title='bbox 1959 5012 2345 5065; x_wconf 85' lang='lat' dir='ltr'><strong>turbationibus</strong></span> <span class='ocrx_word' id='word_1_862' title='bbox 2371 5051 2386 5077; x_wconf 95' lang='lat'><strong>,</strong></span> <span class='ocrx_word' id='word_1_863' title='bbox 2430 5027 2536 5065; x_wconf 92' lang='lat' dir='ltr'><strong>non</strong></span> <span class='ocrx_word' id='word_1_864' title='bbox 2580 5022 2755 5080; x_wconf 85' lang='lat' dir='ltr'><strong>potest</strong></span> <span class='ocrx_word' id='word_1_865' title='bbox 2780 5013 2945 5067; x_wconf 88' lang='lat' dir='ltr'><strong>Deum</strong></span> <span class='ocrx_word' id='word_1_866' title='bbox 2980 5015 3181 5069; x_wconf 88' lang='lat' dir='ltr'><strong>videre.</strong></span> <span class='ocrx_word' id='word_1_867' title='bbox 3222 5017 3324 5070; x_wconf 86' lang='lat' dir='ltr'><strong>Sed</strong></span> <span class='ocrx_word' id='word_1_868' title='bbox 3358 5033 3530 5086; x_wconf 87' lang='lat' dir='ltr'><strong>neque</strong></span> 
     </span>
    </p>
   </div>
   <div class='ocr_carea' id='block_1_110' title="bbox 1956 5106 3533 5174">
    <p class='ocr_par' dir='ltr' id='par_1_110' title="bbox 1956 5106 3533 5174">
     <span class='ocr_line' id='line_1_110' title="bbox 1956 5106 3533 5174; baseline 0.004 -18"><span class='ocrx_word' id='word_1_869' title='bbox 1956 5106 2125 5172; x_wconf 87' lang='lat' dir='ltr'><strong>ipsam</strong></span> <span class='ocrx_word' id='word_1_870' title='bbox 2151 5107 2509 5174; x_wconf 79' lang='lat' dir='ltr'><strong>cognitionem</strong></span> <span class='ocrx_word' id='word_1_871' title='bbox 2534 5106 2690 5160; x_wconf 86' lang='lat' dir='ltr'><strong>debet</strong></span> <span class='ocrx_word' id='word_1_872' title='bbox 2721 5120 2970 5159; x_wconf 89' lang='lat' dir='ltr'><strong>accurate</strong></span> <span class='ocrx_word' id='word_1_873' title='bbox 2997 5119 3048 5161; x_wconf 90' lang='lat' dir='ltr'><strong>et</strong></span> <span class='ocrx_word' id='word_1_874' title='bbox 3080 5117 3264 5162; x_wconf 77' lang='lat' dir='ltr'><strong>exacte</strong></span> <span class='ocrx_word' id='word_1_875' title='bbox 3287 5119 3533 5163; x_wconf 81' lang='lat' dir='ltr'><strong>contem-</strong></span> 
     </span>
    </p>
   </div>
   <div class='ocr_carea' id='block_1_111' title="bbox 1956 5196 3529 5265">
    <p class='ocr_par' dir='ltr' id='par_1_111' title="bbox 1956 5196 3529 5265">
     <span class='ocr_line' id='line_1_111' title="bbox 1956 5196 3529 5265; baseline 0.001 -16"><span class='ocrx_word' id='word_1_876' title='bbox 1956 5197 2113 5264; x_wconf 88' lang='lat' dir='ltr'><strong>plari,</strong></span> <span class='ocrx_word' id='word_1_877' title='bbox 2143 5212 2209 5250; x_wconf 92' lang='lat' dir='ltr'><strong>ne</strong></span> <span class='ocrx_word' id='word_1_878' title='bbox 2241 5198 2283 5249; x_wconf 92' lang='lat' dir='ltr'><strong>si</strong></span> <span class='ocrx_word' id='word_1_879' title='bbox 2316 5196 2453 5251; x_wconf 86' lang='lat' dir='ltr'><strong>forte</strong></span> <span class='ocrx_word' id='word_1_880' title='bbox 2485 5196 2642 5251; x_wconf 85' lang='lat' dir='ltr'><strong>fuerit</strong></span> <span class='ocrx_word' id='word_1_881' title='bbox 2673 5198 2922 5265; x_wconf 85' lang='lat' dir='ltr'><strong>indignos</strong></span> <span class='ocrx_word' id='word_1_882' title='bbox 2956 5200 3046 5252; x_wconf 90' lang='lat' dir='ltr'><strong>tali</strong></span> <span class='ocrx_word' id='word_1_883' title='bbox 3073 5200 3443 5265; x_wconf 74' lang='lat' dir='ltr'><strong>possessione,</strong></span> <span class='ocrx_word' id='word_1_884' title='bbox 3476 5211 3529 5253; x_wconf 91' lang='lat' dir='ltr'><strong>et</strong></span> 
     </span>
    </p>
   </div>
   <div class='ocr_carea' id='block_1_112' title="bbox 1956 5288 3528 5357">
    <p class='ocr_par' dir='ltr' id='par_1_112' title="bbox 1956 5288 3528 5357">
     <span class='ocr_line' id='line_1_112' title="bbox 1956 5288 3528 5357; baseline 0.002 -17"><span class='ocrx_word' id='word_1_885' title='bbox 1956 5288 2071 5357; x_wconf 86' lang='lat' dir='ltr'><strong>ejus</strong></span> <span class='ocrx_word' id='word_1_886' title='bbox 2093 5289 2323 5355; x_wconf 89' lang='lat' dir='ltr'><strong>aliquam</strong></span> <span class='ocrx_word' id='word_1_887' title='bbox 2357 5298 2558 5354; x_wconf 86' lang='lat' dir='ltr'><strong>partem</strong></span> <span class='ocrx_word' id='word_1_888' title='bbox 2586 5289 2740 5342; x_wconf 77' lang='lat' dir='ltr'><strong>fuerit</strong></span> <span class='ocrx_word' id='word_1_889' title='bbox 2772 5299 3088 5343; x_wconf 87' lang='lat' dir='ltr'><strong>consecutus</strong></span> <span class='ocrx_word' id='word_1_890' title='bbox 3107 5333 3120 5352; x_wconf 85' lang='lat'><strong>,</strong></span> <span class='ocrx_word' id='word_1_891' title='bbox 3166 5291 3441 5343; x_wconf 74' lang='lat' dir='ltr'><strong>existimet</strong></span> <span class='ocrx_word' id='word_1_892' title='bbox 3469 5304 3528 5343; x_wconf 87' lang='lat' dir='ltr'><strong>se</strong></span> 
     </span>
    </p>
   </div>
   <div class='ocr_carea' id='block_1_113' title="bbox 1960 5384 3527 5452">
    <p class='ocr_par' dir='ltr' id='par_1_113' title="bbox 1960 5384 3527 5452">
     <span class='ocr_line' id='line_1_113' title="bbox 1960 5384 3527 5452; baseline -0.001 -15"><span class='ocrx_word' id='word_1_893' title='bbox 1960 5392 2131 5437; x_wconf 88' lang='lat' dir='ltr'><strong>totum</strong></span> <span class='ocrx_word' id='word_1_894' title='bbox 2169 5385 2641 5452; x_wconf 87' lang='lat' dir='ltr'><strong>comprehendisse</strong></span> <span class='ocrx_word' id='word_1_895' title='bbox 2668 5426 2681 5449; x_wconf 86' lang='lat'><strong>,</strong></span> <span class='ocrx_word' id='word_1_896' title='bbox 2708 5393 2763 5438; x_wconf 91' lang='lat' dir='ltr'><strong>et</strong></span> <span class='ocrx_word' id='word_1_897' title='bbox 2786 5385 3002 5437; x_wconf 86' lang='lat' dir='ltr'><strong>ontniuo</strong></span> <span class='ocrx_word' id='word_1_898' title='bbox 3032 5385 3235 5437; x_wconf 89' lang='lat' dir='ltr'><strong>labatur</strong></span> <span class='ocrx_word' id='word_1_899' title='bbox 3263 5386 3313 5438; x_wconf 86' lang='lat' dir='ltr'><strong>iit</strong></span> <span class='ocrx_word' id='word_1_900' title='bbox 3339 5384 3527 5437; x_wconf 88' lang='lat' dir='ltr'><strong>interi-</strong></span> 
     </span>
    </p>
   </div>
   <div class='ocr_carea' id='block_1_114' title="bbox 1961 5471 3534 5541">
    <p class='ocr_par' dir='ltr' id='par_1_114' title="bbox 1961 5471 3534 5541">
     <span class='ocr_line' id='line_1_114' title="bbox 1961 5471 3534 5541; baseline 0.001 -16"><span class='ocrx_word' id='word_1_901' title='bbox 1961 5481 2091 5525; x_wconf 91' lang='lat' dir='ltr'><strong>tum.</strong></span> <span class='ocrx_word' id='word_1_902' title='bbox 2122 5474 2225 5526; x_wconf 89' lang='lat' dir='ltr'><strong>Sed</strong></span> <span class='ocrx_word' id='word_1_903' title='bbox 2257 5481 2467 5540; x_wconf 85' lang='lat' dir='ltr'><strong>oportet</strong></span> <span class='ocrx_word' id='word_1_904' title='bbox 2495 5489 2707 5541; x_wconf 87' lang='lat' dir='ltr'><strong>semper</strong></span> <span class='ocrx_word' id='word_1_905' title='bbox 2737 5473 3010 5527; x_wconf 89' lang='lat' dir='ltr'><strong>moderate</strong></span> <span class='ocrx_word' id='word_1_906' title='bbox 3052 5485 3105 5527; x_wconf 85' lang='lat' dir='ltr'><strong>et</strong></span> <span class='ocrx_word' id='word_1_907' title='bbox 3148 5474 3233 5541; x_wconf 90' lang='lat' dir='ltr'><strong>pie</strong></span> <span class='ocrx_word' id='word_1_908' title='bbox 3261 5472 3326 5526; x_wconf 90' lang='lat' dir='ltr'><strong>ad</strong></span> <span class='ocrx_word' id='word_1_909' title='bbox 3368 5471 3534 5526; x_wconf 89' lang='lat' dir='ltr'><strong>Deum</strong></span> 
     </span>
    </p>
   </div>
   <div class='ocr_carea' id='block_1_115' title="bbox 1960 5568 3537 5638">
    <p class='ocr_par' dir='ltr' id='par_1_115' title="bbox 1960 5568 3537 5638">
     <span class='ocr_line' id='line_1_115' title="bbox 1960 5568 3537 5638; baseline -0.001 -17"><span class='ocrx_word' id='word_1_910' title='bbox 1960 5568 2216 5623; x_wconf 77' lang='lat' dir='ltr'><strong>acet-dere</strong></span> <span class='ocrx_word' id='word_1_911' title='bbox 2244 5610 2257 5633; x_wconf 91' lang='lat'><strong>,</strong></span> <span class='ocrx_word' id='word_1_912' title='bbox 2301 5575 2553 5637; x_wconf 81' lang='lat' dir='ltr'><strong>quantum</strong></span> <span class='ocrx_word' id='word_1_913' title='bbox 2589 5577 2764 5636; x_wconf 89' lang='lat' dir='ltr'><strong>potest</strong></span> <span class='ocrx_word' id='word_1_914' title='bbox 2797 5570 3160 5638; x_wconf 81' lang='lat' dir='ltr'><strong>unusquisque</strong></span> <span class='ocrx_word' id='word_1_915' title='bbox 3203 5577 3381 5622; x_wconf 83' lang='lat' dir='ltr'><strong>mente</strong></span> <span class='ocrx_word' id='word_1_916' title='bbox 3409 5583 3537 5634; x_wconf 79' lang='lat' dir='ltr'><strong>pro-</strong></span> 
     </span>
    </p>
   </div>
   <div class='ocr_carea' id='block_1_116' title="bbox 1958 5658 3534 5728">
    <p class='ocr_par' dir='ltr' id='par_1_116' title="bbox 1958 5658 3534 5728">
     <span class='ocr_line' id='line_1_116' title="bbox 1958 5658 3534 5728; baseline -0.003 -16"><span class='ocrx_word' id='word_1_917' title='bbox 1958 5659 2127 5728; x_wconf 82' lang='lat' dir='ltr'><strong>gredi,</strong></span> <span class='ocrx_word' id='word_1_918' title='bbox 2159 5668 2213 5713; x_wconf 91' lang='lat' dir='ltr'><strong>et</strong></span> <span class='ocrx_word' id='word_1_919' title='bbox 2242 5666 2496 5728; x_wconf 87' lang='lat' dir='ltr'><strong>quantum</strong></span> <span class='ocrx_word' id='word_1_920' title='bbox 2530 5669 2752 5727; x_wconf 82' lang='lat' dir='ltr'><strong>possunt</strong></span> <span class='ocrx_word' id='word_1_921' title='bbox 2783 5658 3024 5717; x_wconf 89' lang='lat' dir='ltr'><strong>homines</strong></span> <span class='ocrx_word' id='word_1_922' title='bbox 3052 5661 3331 5727; x_wconf 64' lang='lat' dir='ltr'><strong>consequi.</strong></span> <span class='ocrx_word' id='word_1_923' title='bbox 3362 5659 3534 5724; x_wconf 82' lang='lat' dir='ltr'><strong>Opor-</strong></span> 
     </span>
    </p>
   </div>
   <div class='ocr_carea' id='block_1_117' title="bbox 1960 5749 3532 5819">
    <p class='ocr_par' dir='ltr' id='par_1_117' title="bbox 1960 5749 3532 5819">
     <span class='ocr_line' id='line_1_117' title="bbox 1960 5749 3532 5819; baseline -0.002 -13"><span class='ocrx_word' id='word_1_924' title='bbox 1960 5759 2031 5806; x_wconf 83' lang='lat' dir='ltr'><strong>tet</strong></span> <span class='ocrx_word' id='word_1_925' title='bbox 2060 5765 2186 5819; x_wconf 78' lang='lat' dir='ltr'><strong>ergo</strong></span> <span class='ocrx_word' id='word_1_926' title='bbox 2228 5759 2458 5804; x_wconf 85' lang='lat' dir='ltr'><strong>tuentem</strong></span> <span class='ocrx_word' id='word_1_927' title='bbox 2493 5763 2675 5801; x_wconf 85' lang='lat' dir='ltr'><strong>eorum</strong></span> <span class='ocrx_word' id='word_1_928' title='bbox 2709 5750 2795 5815; x_wconf 90' lang='lat' dir='ltr'><strong>qui</strong></span> <span class='ocrx_word' id='word_1_929' title='bbox 2845 5749 3009 5803; x_wconf 85' lang='lat' dir='ltr'><strong>Deum</strong></span> <span class='ocrx_word' id='word_1_930' title='bbox 3044 5754 3293 5816; x_wconf 60' lang='lat' dir='ltr'><strong>qua-runt</strong></span> <span class='ocrx_word' id='word_1_931' title='bbox 3314 5789 3331 5813; x_wconf 88' lang='lat'><strong>,</strong></span> <span class='ocrx_word' id='word_1_932' title='bbox 3363 5750 3532 5803; x_wconf 82' lang='lat' dir='ltr'><strong>otium</strong></span> 
     </span>
    </p>
   </div>
  </div>
