  <div class='ocr_page' id='page_1' title='image "/cluster/home/n/w/nwhite01/storage/ocr_20150623/34/hvd.32044019207760/573.png"; bbox 0 0 4060 6568; ppageno 0'>
   <div class='ocr_carea' id='block_1_1' title="bbox 552 403 689 459">
    <p class='ocr_par' dir='ltr' id='par_1_1' title="bbox 552 403 689 459">
     <span class='ocr_line' id='line_1_1' title="bbox 552 403 689 459; baseline 0.015 -2"><span class='ocrx_word' id='word_1_1' title='bbox 552 403 689 459; x_wconf 64' lang='lat' dir='ltr'><strong>illi)</strong></span> 
     </span>
    </p>
   </div>
   <div class='ocr_carea' id='block_1_2' title="bbox 2016 390 2333 447">
    <p class='ocr_par' dir='ltr' id='par_1_2' title="bbox 2016 390 2333 447">
     <span class='ocr_line' id='line_1_2' title="bbox 2016 390 2333 447; baseline -0.009 0"><span class='ocrx_word' id='word_1_2' title='bbox 2016 390 2333 447; x_wconf 77' lang='lat' dir='ltr'><strong>PALLADII</strong></span> 
     </span>
    </p>
   </div>
   <div class='ocr_carea' id='block_1_3' title="bbox 3674 376 3809 434">
    <p class='ocr_par' dir='ltr' id='par_1_3' title="bbox 3674 376 3809 434">
     <span class='ocr_line' id='line_1_3' title="bbox 3674 376 3809 434; baseline -0.007 -1"><span class='ocrx_word' id='word_1_3' title='bbox 3674 376 3809 434; x_wconf 68' lang='grc' dir='ltr'><strong>ΙΙΞῦ</strong></span> 
     </span>
    </p>
   </div>
   <div class='ocr_carea' id='block_1_4' title="bbox 552 503 3796 601">
    <p class='ocr_par' dir='ltr' id='par_1_4' title="bbox 552 503 3796 601">
     <span class='ocr_line' id='line_1_4' title="bbox 552 503 3796 601; baseline -0.005 -16"><span class='ocrx_word' id='word_1_4' title='bbox 552 546 710 601; x_wconf 84' lang='lat' dir='ltr'><strong>agere</strong></span> <span class='ocrx_word' id='word_1_5' title='bbox 734 530 799 585; x_wconf 88' lang='lat' dir='ltr'><strong>ab</strong></span> <span class='ocrx_word' id='word_1_6' title='bbox 827 529 943 585; x_wconf 85' lang='lat' dir='ltr'><strong>aliis</strong></span> <span class='ocrx_word' id='word_1_7' title='bbox 970 529 1237 585; x_wconf 88' lang='lat' dir='ltr'><strong>omnibus.</strong></span> <span class='ocrx_word' id='word_1_8' title='bbox 1264 526 1462 583; x_wconf 79' lang='lat' dir='ltr'><strong>Vacate</strong></span> <span class='ocrx_word' id='word_1_9' title='bbox 1504 527 1645 581; x_wconf 92' lang='lat' dir='ltr'><strong>enim</strong></span> <span class='ocrx_word' id='word_1_10' title='bbox 1691 532 1744 579; x_wconf 87' lang='lat' dir='ltr'><strong>et</strong></span> <span class='ocrx_word' id='word_1_11' title='bbox 1774 521 2110 593; x_wconf 83' lang='lat' dir='ltr'><strong>cognoscite,</strong></span> <span class='ocrx_word' id='word_1_12' title='bbox 2141 520 2273 577; x_wconf 78' lang='lat' dir='ltr'><strong>Aet</strong></span> <span class='ocrx_word' id='word_1_13' title='bbox 2329 503 2542 571; x_wconf 81' lang='lat' dir='ltr'><strong>tandem</strong></span> <span class='ocrx_word' id='word_1_14' title='bbox 2606 513 3014 571; x_wconf 79' lang='lat' dir='ltr'><strong>exercitatorem</strong></span> <span class='ocrx_word' id='word_1_15' title='bbox 3079 512 3283 584; x_wconf 75' lang='lat' dir='ltr'><strong>redegit</strong></span> <span class='ocrx_word' id='word_1_16' title='bbox 3340 514 3393 568; x_wconf 86' lang='lat' dir='ltr'><strong>in</strong></span> <span class='ocrx_word' id='word_1_17' title='bbox 3456 514 3796 568; x_wconf 70' lang='lat' dir='ltr'><strong>servitutem.</strong></span> 
     </span>
    </p>
   </div>
   <div class='ocr_carea' id='block_1_5' title="bbox 557 610 2122 693">
    <p class='ocr_par' dir='ltr' id='par_1_5' title="bbox 557 610 2122 693">
     <span class='ocr_line' id='line_1_5' title="bbox 557 610 2122 693; baseline -0.008 -16"><span class='ocrx_word' id='word_1_18' title='bbox 557 624 747 693; x_wconf 89' lang='lat' dir='ltr'><strong>inquit.</strong></span> <span class='ocrx_word' id='word_1_19' title='bbox 776 623 916 692; x_wconf 90' lang='lat' dir='ltr'><strong>quod</strong></span> <span class='ocrx_word' id='word_1_20' title='bbox 946 636 1043 690; x_wconf 87' lang='lat' dir='ltr'><strong>ego</strong></span> <span class='ocrx_word' id='word_1_21' title='bbox 1071 636 1189 675; x_wconf 88' lang='lat' dir='ltr'><strong>sum</strong></span> <span class='ocrx_word' id='word_1_22' title='bbox 1222 622 1361 675; x_wconf 88' lang='lat' dir='ltr'><strong>Deus</strong></span> <span class='ocrx_word' id='word_1_23' title='bbox 1384 619 1554 690; x_wconf 71' lang='lat' dir='ltr'><strong>(Psal.</strong></span> <span class='ocrx_word' id='word_1_24' title='bbox 1579 615 1726 685; x_wconf 71' lang='lat' dir='ltr'><strong>xcv).</strong></span> <span class='ocrx_word' id='word_1_25' title='bbox 1754 615 1857 682; x_wconf 86' lang='lat' dir='ltr'><strong>Qui</strong></span> <span class='ocrx_word' id='word_1_26' title='bbox 1880 627 2008 682; x_wconf 89' lang='lat' dir='ltr'><strong>ergo</strong></span> <span class='ocrx_word' id='word_1_27' title='bbox 2032 610 2122 665; x_wconf 85' lang='lat' dir='ltr'><strong>Dei</strong></span> 
     </span>
    </p>
   </div>
   <div class='ocr_carea' id='block_1_6' title="bbox 556 705 2123 782">
    <p class='ocr_par' dir='ltr' id='par_1_6' title="bbox 556 705 2123 782">
     <span class='ocr_line' id='line_1_6' title="bbox 556 705 2123 782; baseline -0.006 -16"><span class='ocrx_word' id='word_1_28' title='bbox 556 713 908 782; x_wconf 75' lang='lat' dir='ltr'><strong>cognitionem</strong></span> <span class='ocrx_word' id='word_1_29' title='bbox 932 727 995 766; x_wconf 87' lang='lat' dir='ltr'><strong>ex</strong></span> <span class='ocrx_word' id='word_1_30' title='bbox 1020 720 1166 780; x_wconf 83' lang='lat' dir='ltr'><strong>parte</strong></span> <span class='ocrx_word' id='word_1_31' title='bbox 1186 719 1269 765; x_wconf 90' lang='lat' dir='ltr'><strong>est</strong></span> <span class='ocrx_word' id='word_1_32' title='bbox 1288 717 1626 775; x_wconf 72' lang='lat' dir='ltr'><strong>consecutus,</strong></span> <span class='ocrx_word' id='word_1_33' title='bbox 1654 706 1954 762; x_wconf 83' lang='lat' dir='ltr'><strong>universam</strong></span> <span class='ocrx_word' id='word_1_34' title='bbox 1979 705 2123 759; x_wconf 87' lang='lat' dir='ltr'><strong>enim</strong></span> 
     </span>
    </p>
   </div>
   <div class='ocr_carea' id='block_1_7' title="bbox 559 796 2121 871">
    <p class='ocr_par' dir='ltr' id='par_1_7' title="bbox 559 796 2121 871">
     <span class='ocr_line' id='line_1_7' title="bbox 559 796 2121 871; baseline -0.005 -16"><span class='ocrx_word' id='word_1_35' title='bbox 559 818 715 857; x_wconf 89' lang='lat' dir='ltr'><strong>nemo</strong></span> <span class='ocrx_word' id='word_1_36' title='bbox 744 810 917 871; x_wconf 87' lang='lat' dir='ltr'><strong>potest</strong></span> <span class='ocrx_word' id='word_1_37' title='bbox 958 801 1231 869; x_wconf 85' lang='lat' dir='ltr'><strong>accipere,</strong></span> <span class='ocrx_word' id='word_1_38' title='bbox 1280 801 1623 868; x_wconf 90' lang='lat' dir='ltr'><strong>consequitur</strong></span> <span class='ocrx_word' id='word_1_39' title='bbox 1652 812 1862 867; x_wconf 89' lang='lat' dir='ltr'><strong>quoque</strong></span> <span class='ocrx_word' id='word_1_40' title='bbox 1896 796 2121 848; x_wconf 87' lang='lat' dir='ltr'><strong>aliorum</strong></span> 
     </span>
    </p>
   </div>
   <div class='ocr_carea' id='block_1_8' title="bbox 556 885 2125 962">
    <p class='ocr_par' dir='ltr' id='par_1_8' title="bbox 556 885 2125 962">
     <span class='ocr_line' id='line_1_8' title="bbox 556 885 2125 962; baseline -0.006 -13"><span class='ocrx_word' id='word_1_41' title='bbox 556 895 793 949; x_wconf 91' lang='lat' dir='ltr'><strong>omnium</strong></span> <span class='ocrx_word' id='word_1_42' title='bbox 824 892 1177 962; x_wconf 78' lang='lat' dir='ltr'><strong>cognitionem</strong></span> <span class='ocrx_word' id='word_1_43' title='bbox 1203 932 1219 957; x_wconf 92' lang='lat'><strong>,</strong></span> <span class='ocrx_word' id='word_1_44' title='bbox 1252 901 1304 945; x_wconf 92' lang='lat' dir='ltr'><strong>et</strong></span> <span class='ocrx_word' id='word_1_45' title='bbox 1334 891 1478 945; x_wconf 86' lang='lat' dir='ltr'><strong>videt</strong></span> <span class='ocrx_word' id='word_1_46' title='bbox 1525 889 1773 961; x_wconf 84' lang='lat' dir='ltr'><strong>mysteria</strong></span> <span class='ocrx_word' id='word_1_47' title='bbox 1818 887 1913 941; x_wconf 74' lang='lat' dir='ltr'><strong>llei</strong></span> <span class='ocrx_word' id='word_1_48' title='bbox 1957 886 2043 940; x_wconf 89' lang='lat' dir='ltr'><strong>illa</strong></span> <span class='ocrx_word' id='word_1_49' title='bbox 2074 885 2125 940; x_wconf 92' lang='lat' dir='ltr'><strong>ei</strong></span> 
     </span>
    </p>
   </div>
   <div class='ocr_carea' id='block_1_9' title="bbox 559 977 2126 1049">
    <p class='ocr_par' dir='ltr' id='par_1_9' title="bbox 559 977 2126 1049">
     <span class='ocr_line' id='line_1_9' title="bbox 559 977 2126 1049; baseline -0.006 -12"><span class='ocrx_word' id='word_1_50' title='bbox 559 983 910 1047; x_wconf 90' lang='lat' dir='ltr'><strong>ostendentis,</strong></span> <span class='ocrx_word' id='word_1_51' title='bbox 937 992 990 1036; x_wconf 88' lang='lat' dir='ltr'><strong>et</strong></span> <span class='ocrx_word' id='word_1_52' title='bbox 1022 981 1273 1049; x_wconf 69' lang='lat' dir='ltr'><strong>praevidet</strong></span> <span class='ocrx_word' id='word_1_53' title='bbox 1305 980 1500 1042; x_wconf 84' lang='lat' dir='ltr'><strong>futura,</strong></span> <span class='ocrx_word' id='word_1_54' title='bbox 1529 990 1583 1032; x_wconf 91' lang='lat' dir='ltr'><strong>et</strong></span> <span class='ocrx_word' id='word_1_55' title='bbox 1613 977 2009 1043; x_wconf 77' lang='lat' dir='ltr'><strong>contemplatur</strong></span> <span class='ocrx_word' id='word_1_56' title='bbox 2040 989 2126 1029; x_wconf 83' lang='lat' dir='ltr'><strong>re-</strong></span> 
     </span>
    </p>
   </div>
   <div class='ocr_carea' id='block_1_10' title="bbox 560 1068 2129 1143">
    <p class='ocr_par' dir='ltr' id='par_1_10' title="bbox 560 1068 2129 1143">
     <span class='ocr_line' id='line_1_10' title="bbox 560 1068 2129 1143; baseline -0.005 -13"><span class='ocrx_word' id='word_1_57' title='bbox 560 1078 850 1132; x_wconf 80' lang='lat' dir='ltr'><strong>velationes</strong></span> <span class='ocrx_word' id='word_1_58' title='bbox 879 1075 1064 1143; x_wconf 89' lang='lat' dir='ltr'><strong>quales</strong></span> <span class='ocrx_word' id='word_1_59' title='bbox 1087 1076 1280 1137; x_wconf 87' lang='lat' dir='ltr'><strong>sancti,</strong></span> <span class='ocrx_word' id='word_1_60' title='bbox 1304 1083 1359 1127; x_wconf 90' lang='lat' dir='ltr'><strong>et</strong></span> <span class='ocrx_word' id='word_1_61' title='bbox 1387 1071 1551 1127; x_wconf 83' lang='lat' dir='ltr'><strong>efﬁcit</strong></span> <span class='ocrx_word' id='word_1_62' title='bbox 1576 1073 1824 1133; x_wconf 78' lang='lat' dir='ltr'><strong>virtutes,</strong></span> <span class='ocrx_word' id='word_1_63' title='bbox 1852 1078 1901 1123; x_wconf 90' lang='lat' dir='ltr'><strong>et</strong></span> <span class='ocrx_word' id='word_1_64' title='bbox 1924 1068 2129 1123; x_wconf 88' lang='lat' dir='ltr'><strong>obtinet</strong></span> 
     </span>
    </p>
   </div>
   <div class='ocr_carea' id='block_1_11' title="bbox 561 1167 1327 1235">
    <p class='ocr_par' dir='ltr' id='par_1_11' title="bbox 561 1167 1327 1235">
     <span class='ocr_line' id='line_1_11' title="bbox 561 1167 1327 1235; baseline -0.007 -12"><span class='ocrx_word' id='word_1_65' title='bbox 561 1184 591 1223; x_wconf 84' lang='lat' dir='ltr'><strong>a</strong></span> <span class='ocrx_word' id='word_1_66' title='bbox 615 1170 723 1223; x_wconf 91' lang='lat' dir='ltr'><strong>Deo</strong></span> <span class='ocrx_word' id='word_1_67' title='bbox 752 1182 963 1221; x_wconf 91' lang='lat' dir='ltr'><strong>omnem</strong></span> <span class='ocrx_word' id='word_1_68' title='bbox 996 1167 1327 1235; x_wconf 88' lang='lat' dir='ltr'><strong>petitionem.</strong></span> 
     </span>
    </p>
   </div>
   <div class='ocr_carea' id='block_1_12' title="bbox 635 1247 2130 1326">
    <p class='ocr_par' dir='ltr' id='par_1_12' title="bbox 635 1247 2130 1326">
     <span class='ocr_line' id='line_1_12' title="bbox 635 1247 2130 1326; baseline -0.007 -15"><span class='ocrx_word' id='word_1_69' title='bbox 635 1258 746 1311; x_wconf 86' lang='lat' dir='ltr'><strong>Alia</strong></span> <span class='ocrx_word' id='word_1_70' title='bbox 776 1273 986 1326; x_wconf 90' lang='lat' dir='ltr'><strong>quoque</strong></span> <span class='ocrx_word' id='word_1_71' title='bbox 1014 1257 1181 1310; x_wconf 87' lang='lat' dir='ltr'><strong>multa</strong></span> <span class='ocrx_word' id='word_1_72' title='bbox 1204 1255 1338 1309; x_wconf 81' lang='lat' dir='ltr'><strong>dixit</strong></span> <span class='ocrx_word' id='word_1_73' title='bbox 1367 1253 1433 1308; x_wconf 91' lang='lat' dir='ltr'><strong>de</strong></span> <span class='ocrx_word' id='word_1_74' title='bbox 1461 1251 1877 1312; x_wconf 77' lang='lat' dir='ltr'><strong>exercitatione;</strong></span> <span class='ocrx_word' id='word_1_75' title='bbox 1903 1257 1955 1303; x_wconf 91' lang='lat' dir='ltr'><strong>et</strong></span> <span class='ocrx_word' id='word_1_76' title='bbox 1989 1247 2130 1318; x_wconf 89' lang='lat' dir='ltr'><strong>quod</strong></span> 
     </span>
    </p>
   </div>
   <div class='ocr_carea' id='block_1_13' title="bbox 562 1344 2131 1418">
    <p class='ocr_par' dir='ltr' id='par_1_13' title="bbox 562 1344 2131 1418">
     <span class='ocr_line' id='line_1_13' title="bbox 562 1344 2131 1418; baseline -0.004 -15"><span class='ocrx_word' id='word_1_77' title='bbox 562 1357 769 1418; x_wconf 83' lang='lat' dir='ltr'><strong>oportet</strong></span> <span class='ocrx_word' id='word_1_78' title='bbox 816 1357 1127 1417; x_wconf 80' lang='lat' dir='ltr'><strong>exspectare</strong></span> <span class='ocrx_word' id='word_1_79' title='bbox 1183 1355 1408 1401; x_wconf 89' lang='lat' dir='ltr'><strong>mortem</strong></span> <span class='ocrx_word' id='word_1_80' title='bbox 1458 1356 1708 1416; x_wconf 83' lang='lat' dir='ltr'><strong>tanquam</strong></span> <span class='ocrx_word' id='word_1_81' title='bbox 1760 1347 1920 1397; x_wconf 88' lang='lat' dir='ltr'><strong>vitam</strong></span> <span class='ocrx_word' id='word_1_82' title='bbox 1975 1344 2131 1398; x_wconf 81' lang='lat' dir='ltr'><strong>bonae</strong></span> 
     </span>
    </p>
   </div>
   <div class='ocr_carea' id='block_1_14' title="bbox 566 1437 2133 1507">
    <p class='ocr_par' dir='ltr' id='par_1_14' title="bbox 566 1437 2133 1507">
     <span class='ocr_line' id='line_1_14' title="bbox 566 1437 2133 1507; baseline -0.004 -14"><span class='ocrx_word' id='word_1_83' title='bbox 566 1439 962 1507; x_wconf 84' lang='lat' dir='ltr'><strong>translationis,</strong></span> <span class='ocrx_word' id='word_1_84' title='bbox 1014 1449 1068 1493; x_wconf 92' lang='lat' dir='ltr'><strong>et</strong></span> <span class='ocrx_word' id='word_1_85' title='bbox 1116 1454 1220 1492; x_wconf 91' lang='lat' dir='ltr'><strong>non</strong></span> <span class='ocrx_word' id='word_1_86' title='bbox 1268 1439 1688 1492; x_wconf 77' lang='lat' dir='ltr'><strong>imbecillitatem</strong></span> <span class='ocrx_word' id='word_1_87' title='bbox 1722 1437 1911 1490; x_wconf 89' lang='lat' dir='ltr'><strong>intueri</strong></span> <span class='ocrx_word' id='word_1_88' title='bbox 1944 1451 2133 1503; x_wconf 86' lang='lat' dir='ltr'><strong>corpo-</strong></span> 
     </span>
    </p>
   </div>
   <div class='ocr_carea' id='block_1_15' title="bbox 564 1527 2130 1597">
    <p class='ocr_par' dir='ltr' id='par_1_15' title="bbox 564 1527 2130 1597">
     <span class='ocr_line' id='line_1_15' title="bbox 564 1527 2130 1597; baseline -0.003 -15"><span class='ocrx_word' id='word_1_89' title='bbox 564 1544 744 1594; x_wconf 88' lang='lat' dir='ltr'><strong>ream;</strong></span> <span class='ocrx_word' id='word_1_90' title='bbox 770 1538 824 1583; x_wconf 90' lang='lat' dir='ltr'><strong>et</strong></span> <span class='ocrx_word' id='word_1_91' title='bbox 850 1544 946 1583; x_wconf 88' lang='lat' dir='ltr'><strong>nec</strong></span> <span class='ocrx_word' id='word_1_92' title='bbox 971 1530 1052 1583; x_wconf 86' lang='lat' dir='ltr'><strong>vel</strong></span> <span class='ocrx_word' id='word_1_93' title='bbox 1076 1530 1397 1597; x_wconf 88' lang='lat' dir='ltr'><strong>quibuslibet</strong></span> <span class='ocrx_word' id='word_1_94' title='bbox 1423 1527 1593 1581; x_wconf 84' lang='lat' dir='ltr'><strong>obviis</strong></span> <span class='ocrx_word' id='word_1_95' title='bbox 1617 1528 1838 1595; x_wconf 88' lang='lat' dir='ltr'><strong>implere</strong></span> <span class='ocrx_word' id='word_1_96' title='bbox 1861 1536 2130 1579; x_wconf 88' lang='lat' dir='ltr'><strong>ventrem:</strong></span> 
     </span>
    </p>
   </div>
   <div class='ocr_carea' id='block_1_16' title="bbox 566 1617 2137 1689">
    <p class='ocr_par' dir='ltr' id='par_1_16' title="bbox 566 1617 2137 1689">
     <span class='ocr_line' id='line_1_16' title="bbox 566 1617 2137 1689; baseline -0.003 -16"><span class='ocrx_word' id='word_1_97' title='bbox 566 1620 695 1674; x_wconf 89' lang='lat' dir='ltr'><strong>Nam</strong></span> <span class='ocrx_word' id='word_1_98' title='bbox 727 1620 835 1687; x_wconf 89' lang='lat' dir='ltr'><strong>qui,</strong></span> <span class='ocrx_word' id='word_1_99' title='bbox 862 1620 1050 1689; x_wconf 87' lang='lat' dir='ltr'><strong>inquit,</strong></span> <span class='ocrx_word' id='word_1_100' title='bbox 1086 1621 1243 1674; x_wconf 90' lang='lat' dir='ltr'><strong>fuerit</strong></span> <span class='ocrx_word' id='word_1_101' title='bbox 1268 1620 1511 1685; x_wconf 86' lang='lat' dir='ltr'><strong>satiatus,</strong></span> <span class='ocrx_word' id='word_1_102' title='bbox 1546 1620 1732 1674; x_wconf 89' lang='lat' dir='ltr'><strong>eadem</strong></span> <span class='ocrx_word' id='word_1_103' title='bbox 1763 1628 1920 1686; x_wconf 89' lang='lat' dir='ltr'><strong>caput</strong></span> <span class='ocrx_word' id='word_1_104' title='bbox 1954 1617 2137 1670; x_wconf 91' lang='lat' dir='ltr'><strong>consi-</strong></span> 
     </span>
    </p>
   </div>
   <div class='ocr_carea' id='block_1_17' title="bbox 572 1708 2139 1778">
    <p class='ocr_par' dir='ltr' id='par_1_17' title="bbox 572 1708 2139 1778">
     <span class='ocr_line' id='line_1_17' title="bbox 572 1708 2139 1778; baseline -0.003 -15"><span class='ocrx_word' id='word_1_105' title='bbox 572 1710 639 1763; x_wconf 90' lang='lat' dir='ltr'><strong>lia</strong></span> <span class='ocrx_word' id='word_1_106' title='bbox 674 1725 789 1778; x_wconf 69' lang='lat' dir='ltr'><strong>qum</strong></span> <span class='ocrx_word' id='word_1_107' title='bbox 820 1709 855 1761; x_wconf 88' lang='lat' dir='ltr'><strong>ii</strong></span> <span class='ocrx_word' id='word_1_108' title='bbox 886 1710 977 1778; x_wconf 92' lang='lat' dir='ltr'><strong>qui</strong></span> <span class='ocrx_word' id='word_1_109' title='bbox 1008 1708 1189 1762; x_wconf 90' lang='lat' dir='ltr'><strong>vivunt</strong></span> <span class='ocrx_word' id='word_1_110' title='bbox 1229 1708 1279 1762; x_wconf 93' lang='lat' dir='ltr'><strong>in</strong></span> <span class='ocrx_word' id='word_1_111' title='bbox 1311 1709 1544 1773; x_wconf 86' lang='lat' dir='ltr'><strong>deliciis;</strong></span> <span class='ocrx_word' id='word_1_112' title='bbox 1570 1708 1666 1763; x_wconf 92' lang='lat' dir='ltr'><strong>sed</strong></span> <span class='ocrx_word' id='word_1_113' title='bbox 1697 1717 1902 1761; x_wconf 89' lang='lat' dir='ltr'><strong>tentare</strong></span> <span class='ocrx_word' id='word_1_114' title='bbox 1932 1714 2139 1774; x_wconf 84' lang='lat' dir='ltr'><strong>oportet</strong></span> 
     </span>
    </p>
   </div>
   <div class='ocr_carea' id='block_1_18' title="bbox 569 1798 2138 1868">
    <p class='ocr_par' dir='ltr' id='par_1_18' title="bbox 569 1798 2138 1868">
     <span class='ocr_line' id='line_1_18' title="bbox 569 1798 2138 1868; baseline -0.004 -15"><span class='ocrx_word' id='word_1_115' title='bbox 569 1814 663 1868; x_wconf 91' lang='lat' dir='ltr'><strong>per</strong></span> <span class='ocrx_word' id='word_1_116' title='bbox 695 1798 1127 1852; x_wconf 81' lang='lat' dir='ltr'><strong>exercitationem</strong></span> <span class='ocrx_word' id='word_1_117' title='bbox 1159 1799 1317 1852; x_wconf 90' lang='lat' dir='ltr'><strong>etiam</strong></span> <span class='ocrx_word' id='word_1_118' title='bbox 1346 1800 1724 1867; x_wconf 89' lang='lat' dir='ltr'><strong>appetitionum</strong></span> <span class='ocrx_word' id='word_1_119' title='bbox 1759 1812 1944 1866; x_wconf 89' lang='lat' dir='ltr'><strong>parare</strong></span> <span class='ocrx_word' id='word_1_120' title='bbox 1974 1798 2138 1860; x_wconf 86' lang='lat' dir='ltr'><strong>impa-</strong></span> 
     </span>
    </p>
   </div>
   <div class='ocr_carea' id='block_1_19' title="bbox 2222 606 3801 673">
    <p class='ocr_par' dir='ltr' id='par_1_19' title="bbox 2222 606 3801 673">
     <span class='ocr_line' id='line_1_19' title="bbox 2222 606 3801 673; baseline -0.003 -10"><span class='ocrx_word' id='word_1_121' title='bbox 2222 608 2352 663; x_wconf 90' lang='lat' dir='ltr'><strong>Cum</strong></span> <span class='ocrx_word' id='word_1_122' title='bbox 2384 620 2558 664; x_wconf 90' lang='lat' dir='ltr'><strong>autem</strong></span> <span class='ocrx_word' id='word_1_123' title='bbox 2605 609 2696 663; x_wconf 92' lang='lat' dir='ltr'><strong>ille</strong></span> <span class='ocrx_word' id='word_1_124' title='bbox 2746 609 2968 663; x_wconf 89' lang='lat' dir='ltr'><strong>internis</strong></span> <span class='ocrx_word' id='word_1_125' title='bbox 2997 618 3302 662; x_wconf 89' lang='lat' dir='ltr'><strong>versaretur</strong></span> <span class='ocrx_word' id='word_1_126' title='bbox 3349 606 3801 673; x_wconf 77' lang='lat' dir='ltr'><strong>eugitatiouibus,</strong></span> 
     </span>
    </p>
   </div>
   <div class='ocr_carea' id='block_1_20' title="bbox 2222 695 3804 769">
    <p class='ocr_par' dir='ltr' id='par_1_20' title="bbox 2222 695 3804 769">
     <span class='ocr_line' id='line_1_20' title="bbox 2222 695 3804 769; baseline -0.002 -17"><span class='ocrx_word' id='word_1_127' title='bbox 2222 698 2413 753; x_wconf 90' lang='lat' dir='ltr'><strong>deinde</strong></span> <span class='ocrx_word' id='word_1_128' title='bbox 2440 709 2499 753; x_wconf 88' lang='lat' dir='ltr'><strong>ut</strong></span> <span class='ocrx_word' id='word_1_129' title='bbox 2526 698 2615 769; x_wconf 91' lang='lat' dir='ltr'><strong>qui</strong></span> <span class='ocrx_word' id='word_1_130' title='bbox 2638 698 2748 767; x_wconf 88' lang='lat' dir='ltr'><strong>jam</strong></span> <span class='ocrx_word' id='word_1_131' title='bbox 2778 712 2891 752; x_wconf 91' lang='lat' dir='ltr'><strong>rem</strong></span> <span class='ocrx_word' id='word_1_132' title='bbox 2918 697 3142 751; x_wconf 86' lang='lat' dir='ltr'><strong>haberet</strong></span> <span class='ocrx_word' id='word_1_133' title='bbox 3170 697 3221 750; x_wconf 92' lang='lat' dir='ltr'><strong>in</strong></span> <span class='ocrx_word' id='word_1_134' title='bbox 3250 695 3519 755; x_wconf 85' lang='lat' dir='ltr'><strong>manibus.</strong></span> <span class='ocrx_word' id='word_1_135' title='bbox 3543 705 3804 763; x_wconf 81' lang='lat' dir='ltr'><strong>reputans</strong></span> 
     </span>
    </p>
   </div>
   <div class='ocr_carea' id='block_1_21' title="bbox 2223 783 3797 856">
    <p class='ocr_par' dir='ltr' id='par_1_21' title="bbox 2223 783 3797 856">
     <span class='ocr_line' id='line_1_21' title="bbox 2223 783 3797 856; baseline -0.003 -16"><span class='ocrx_word' id='word_1_136' title='bbox 2223 789 2668 856; x_wconf 86' lang='lat' dir='ltr'><strong>opportunitatem</strong></span> <span class='ocrx_word' id='word_1_137' title='bbox 2695 794 2749 842; x_wconf 86' lang='lat' dir='ltr'><strong>et</strong></span> <span class='ocrx_word' id='word_1_138' title='bbox 2774 787 3063 855; x_wconf 85' lang='lat' dir='ltr'><strong>voluptatis</strong></span> <span class='ocrx_word' id='word_1_139' title='bbox 3091 784 3371 854; x_wconf 72' lang='lat' dir='ltr'><strong>explendtc</strong></span> <span class='ocrx_word' id='word_1_140' title='bbox 3407 783 3759 838; x_wconf 81' lang='lat' dir='ltr'><strong>securitatem</strong></span> <span class='ocrx_word' id='word_1_141' title='bbox 3782 827 3797 849; x_wconf 82' lang='lat'><strong>,</strong></span> 
     </span>
    </p>
   </div>
   <div class='ocr_carea' id='block_1_22' title="bbox 2224 874 3808 947">
    <p class='ocr_par' dir='ltr' id='par_1_22' title="bbox 2224 874 3808 947">
     <span class='ocr_line' id='line_1_22' title="bbox 2224 874 3808 947; baseline -0.001 -16"><span class='ocrx_word' id='word_1_142' title='bbox 2224 879 2526 947; x_wconf 80' lang='lat' dir='ltr'><strong>cogitationi</strong></span> <span class='ocrx_word' id='word_1_143' title='bbox 2554 879 2865 944; x_wconf 88' lang='lat' dir='ltr'><strong>assentitur,</strong></span> <span class='ocrx_word' id='word_1_144' title='bbox 2890 888 2944 932; x_wconf 93' lang='lat' dir='ltr'><strong>et</strong></span> <span class='ocrx_word' id='word_1_145' title='bbox 2972 886 3142 931; x_wconf 90' lang='lat' dir='ltr'><strong>tentat</strong></span> <span class='ocrx_word' id='word_1_146' title='bbox 3173 891 3293 929; x_wconf 90' lang='lat' dir='ltr'><strong>cum</strong></span> <span class='ocrx_word' id='word_1_147' title='bbox 3337 889 3401 929; x_wconf 86' lang='lat' dir='ltr'><strong>ea</strong></span> <span class='ocrx_word' id='word_1_148' title='bbox 3430 874 3635 928; x_wconf 83' lang='lat' dir='ltr'><strong>habere</strong></span> <span class='ocrx_word' id='word_1_149' title='bbox 3674 889 3808 929; x_wconf 74' lang='lat' dir='ltr'><strong>eou-</strong></span> 
     </span>
    </p>
   </div>
   <div class='ocr_carea' id='block_1_23' title="bbox 2227 966 3811 1039">
    <p class='ocr_par' dir='ltr' id='par_1_23' title="bbox 2227 966 3811 1039">
     <span class='ocr_line' id='line_1_23' title="bbox 2227 966 3811 1039; baseline -0.004 -16"><span class='ocrx_word' id='word_1_150' title='bbox 2227 970 2578 1035; x_wconf 89' lang='lat' dir='ltr'><strong>suetudinem,</strong></span> <span class='ocrx_word' id='word_1_151' title='bbox 2611 978 2669 1024; x_wconf 92' lang='lat' dir='ltr'><strong>ut</strong></span> <span class='ocrx_word' id='word_1_152' title='bbox 2705 969 2791 1038; x_wconf 89' lang='lat' dir='ltr'><strong>qui</strong></span> <span class='ocrx_word' id='word_1_153' title='bbox 2836 968 2946 1039; x_wconf 87' lang='lat' dir='ltr'><strong>jam</strong></span> <span class='ocrx_word' id='word_1_154' title='bbox 2978 967 3241 1021; x_wconf 84' lang='lat' dir='ltr'><strong>evasisset</strong></span> <span class='ocrx_word' id='word_1_155' title='bbox 3270 966 3526 1032; x_wconf 84' lang='lat' dir='ltr'><strong>insipiens</strong></span> <span class='ocrx_word' id='word_1_156' title='bbox 3552 974 3609 1018; x_wconf 91' lang='lat' dir='ltr'><strong>et</strong></span> <span class='ocrx_word' id='word_1_157' title='bbox 3639 979 3811 1031; x_wconf 81' lang='lat' dir='ltr'><strong>equus</strong></span> 
     </span>
    </p>
   </div>
   <div class='ocr_carea' id='block_1_24' title="bbox 2228 1059 3803 1123">
    <p class='ocr_par' dir='ltr' id='par_1_24' title="bbox 2228 1059 3803 1123">
     <span class='ocr_line' id='line_1_24' title="bbox 2228 1059 3803 1123; baseline -0.005 -11"><span class='ocrx_word' id='word_1_158' title='bbox 2228 1059 2279 1113; x_wconf 93' lang='lat' dir='ltr'><strong>in</strong></span> <span class='ocrx_word' id='word_1_159' title='bbox 2313 1061 2534 1113; x_wconf 83' lang='lat' dir='ltr'><strong>feminas</strong></span> <span class='ocrx_word' id='word_1_160' title='bbox 2574 1060 2865 1113; x_wconf 84' lang='lat' dir='ltr'><strong>insaniens.</strong></span> <span class='ocrx_word' id='word_1_161' title='bbox 2900 1059 2989 1111; x_wconf 89' lang='lat' dir='ltr'><strong>Illa</strong></span> <span class='ocrx_word' id='word_1_162' title='bbox 3019 1072 3144 1111; x_wconf 90' lang='lat' dir='ltr'><strong>vero</strong></span> <span class='ocrx_word' id='word_1_163' title='bbox 3182 1070 3306 1110; x_wconf 88' lang='lat' dir='ltr'><strong>cum</strong></span> <span class='ocrx_word' id='word_1_164' title='bbox 3338 1060 3564 1123; x_wconf 89' lang='lat' dir='ltr'><strong>repente</strong></span> <span class='ocrx_word' id='word_1_165' title='bbox 3608 1068 3803 1123; x_wconf 74' lang='lat' dir='ltr'><strong>magna</strong></span> 
     </span>
    </p>
   </div>
   <div class='ocr_carea' id='block_1_25' title="bbox 2229 1146 3811 1217">
    <p class='ocr_par' dir='ltr' id='par_1_25' title="bbox 2229 1146 3811 1217">
     <span class='ocr_line' id='line_1_25' title="bbox 2229 1146 3811 1217; baseline -0.005 -12"><span class='ocrx_word' id='word_1_166' title='bbox 2229 1166 2357 1206; x_wconf 89' lang='lat' dir='ltr'><strong>voce</strong></span> <span class='ocrx_word' id='word_1_167' title='bbox 2380 1153 2749 1217; x_wconf 80' lang='lat' dir='ltr'><strong>exclamasset,</strong></span> <span class='ocrx_word' id='word_1_168' title='bbox 2777 1150 2944 1204; x_wconf 87' lang='lat' dir='ltr'><strong>evasit</strong></span> <span class='ocrx_word' id='word_1_169' title='bbox 2972 1161 3298 1203; x_wconf 85' lang='lat' dir='ltr'><strong>evanescens</strong></span> <span class='ocrx_word' id='word_1_170' title='bbox 3320 1162 3383 1201; x_wconf 80' lang='lat' dir='ltr'><strong>ex</strong></span> <span class='ocrx_word' id='word_1_171' title='bbox 3407 1146 3525 1215; x_wconf 82' lang='lat' dir='ltr'><strong>ejus</strong></span> <span class='ocrx_word' id='word_1_172' title='bbox 3551 1146 3811 1199; x_wconf 81' lang='lat' dir='ltr'><strong>manibus</strong></span> 
     </span>
    </p>
   </div>
   <div class='ocr_carea' id='block_1_26' title="bbox 2233 1234 3815 1306">
    <p class='ocr_par' dir='ltr' id='par_1_26' title="bbox 2233 1234 3815 1306">
     <span class='ocr_line' id='line_1_26' title="bbox 2233 1234 3815 1306; baseline -0.005 -10"><span class='ocrx_word' id='word_1_173' title='bbox 2233 1258 2337 1296; x_wconf 90' lang='lat' dir='ltr'><strong>non</strong></span> <span class='ocrx_word' id='word_1_174' title='bbox 2385 1256 2541 1295; x_wconf 91' lang='lat' dir='ltr'><strong>secus</strong></span> <span class='ocrx_word' id='word_1_175' title='bbox 2585 1255 2647 1294; x_wconf 92' lang='lat' dir='ltr'><strong>ac</strong></span> <span class='ocrx_word' id='word_1_176' title='bbox 2694 1241 2881 1293; x_wconf 90' lang='lat' dir='ltr'><strong>umbra</strong></span> <span class='ocrx_word' id='word_1_177' title='bbox 2919 1240 3116 1306; x_wconf 91' lang='lat' dir='ltr'><strong>aliqua.</strong></span> <span class='ocrx_word' id='word_1_178' title='bbox 3146 1236 3305 1290; x_wconf 80' lang='lat' dir='ltr'><strong>Risus</strong></span> <span class='ocrx_word' id='word_1_179' title='bbox 3352 1244 3528 1289; x_wconf 82' lang='lat' dir='ltr'><strong>autem</strong></span> <span class='ocrx_word' id='word_1_180' title='bbox 3582 1234 3637 1287; x_wconf 89' lang='lat' dir='ltr'><strong>in</strong></span> <span class='ocrx_word' id='word_1_181' title='bbox 3690 1249 3815 1288; x_wconf 85' lang='lat' dir='ltr'><strong>aere</strong></span> 
     </span>
    </p>
   </div>
   <div class='ocr_carea' id='block_1_27' title="bbox 2232 1325 3809 1397">
    <p class='ocr_par' dir='ltr' id='par_1_27' title="bbox 2232 1325 3809 1397">
     <span class='ocr_line' id='line_1_27' title="bbox 2232 1325 3809 1397; baseline -0.004 -12"><span class='ocrx_word' id='word_1_182' title='bbox 2232 1333 2445 1385; x_wconf 89' lang='lat' dir='ltr'><strong>auditur</strong></span> <span class='ocrx_word' id='word_1_183' title='bbox 2471 1331 2757 1385; x_wconf 70' lang='lat' dir='ltr'><strong>munitorum</strong></span> <span class='ocrx_word' id='word_1_184' title='bbox 2786 1331 3084 1383; x_wconf 75' lang='lat' dir='ltr'><strong>dtemonum</strong></span> <span class='ocrx_word' id='word_1_185' title='bbox 3114 1329 3201 1397; x_wconf 91' lang='lat' dir='ltr'><strong>qui</strong></span> <span class='ocrx_word' id='word_1_186' title='bbox 3234 1328 3405 1395; x_wconf 88' lang='lat' dir='ltr'><strong>ipsum</strong></span> <span class='ocrx_word' id='word_1_187' title='bbox 3428 1325 3809 1394; x_wconf 84' lang='lat' dir='ltr'><strong>increpabant,</strong></span> 
     </span>
    </p>
   </div>
   <div class='ocr_carea' id='block_1_28' title="bbox 2236 1417 3814 1487">
    <p class='ocr_par' dir='ltr' id='par_1_28' title="bbox 2236 1417 3814 1487">
     <span class='ocr_line' id='line_1_28' title="bbox 2236 1417 3814 1487; baseline -0.003 -11"><span class='ocrx_word' id='word_1_188' title='bbox 2236 1430 2288 1477; x_wconf 87' lang='lat' dir='ltr'><strong>et</strong></span> <span class='ocrx_word' id='word_1_189' title='bbox 2312 1421 2364 1474; x_wconf 93' lang='lat' dir='ltr'><strong>in</strong></span> <span class='ocrx_word' id='word_1_190' title='bbox 2398 1421 2631 1475; x_wconf 89' lang='lat' dir='ltr'><strong>fraudem</strong></span> <span class='ocrx_word' id='word_1_191' title='bbox 2681 1420 3028 1487; x_wconf 85' lang='lat' dir='ltr'><strong>induxerant,</strong></span> <span class='ocrx_word' id='word_1_192' title='bbox 3077 1426 3132 1472; x_wconf 90' lang='lat' dir='ltr'><strong>et</strong></span> <span class='ocrx_word' id='word_1_193' title='bbox 3161 1432 3345 1487; x_wconf 88' lang='lat' dir='ltr'><strong>magna</strong></span> <span class='ocrx_word' id='word_1_194' title='bbox 3381 1432 3511 1471; x_wconf 90' lang='lat' dir='ltr'><strong>voce</strong></span> <span class='ocrx_word' id='word_1_195' title='bbox 3538 1417 3609 1470; x_wconf 87' lang='lat' dir='ltr'><strong>ad</strong></span> <span class='ocrx_word' id='word_1_196' title='bbox 3640 1419 3814 1484; x_wconf 74' lang='lat' dir='ltr'><strong>ipsum</strong></span> 
     </span>
    </p>
   </div>
   <div class='ocr_carea' id='block_1_29' title="bbox 2235 1505 3815 1576">
    <p class='ocr_par' dir='ltr' id='par_1_29' title="bbox 2235 1505 3815 1576">
     <span class='ocr_line' id='line_1_29' title="bbox 2235 1505 3815 1576; baseline -0.003 -12"><span class='ocrx_word' id='word_1_197' title='bbox 2235 1511 2530 1566; x_wconf 89' lang='lat' dir='ltr'><strong>clamabant</strong></span> <span class='ocrx_word' id='word_1_198' title='bbox 2557 1529 2571 1564; x_wconf 87' lang='lat'><strong>:</strong></span> <span class='ocrx_word' id='word_1_199' title='bbox 2603 1511 2700 1576; x_wconf 93' lang='lat' dir='ltr'><strong>Qui</strong></span> <span class='ocrx_word' id='word_1_200' title='bbox 2729 1524 2788 1564; x_wconf 90' lang='lat' dir='ltr'><strong>se</strong></span> <span class='ocrx_word' id='word_1_201' title='bbox 2815 1509 3035 1573; x_wconf 65' lang='lat' dir='ltr'><strong>exaltat,</strong></span> <span class='ocrx_word' id='word_1_202' title='bbox 3064 1507 3430 1562; x_wconf 89' lang='lat' dir='ltr'><strong>hnmiliabitur</strong></span> <span class='ocrx_word' id='word_1_203' title='bbox 3458 1505 3646 1575; x_wconf 69' lang='lat' dir='ltr'><strong>(Luce</strong></span> <span class='ocrx_word' id='word_1_204' title='bbox 3675 1506 3815 1575; x_wconf 66' lang='lat' dir='ltr'><strong>ut).</strong></span> 
     </span>
    </p>
   </div>
   <div class='ocr_carea' id='block_1_30' title="bbox 2237 1596 3818 1669">
    <p class='ocr_par' dir='ltr' id='par_1_30' title="bbox 2237 1596 3818 1669">
     <span class='ocr_line' id='line_1_30' title="bbox 2237 1596 3818 1669; baseline -0.003 -15"><span class='ocrx_word' id='word_1_205' title='bbox 2237 1601 2313 1654; x_wconf 85' lang='lat' dir='ltr'><strong>Tu</strong></span> <span class='ocrx_word' id='word_1_206' title='bbox 2345 1612 2519 1654; x_wconf 88' lang='lat' dir='ltr'><strong>atttem</strong></span> <span class='ocrx_word' id='word_1_207' title='bbox 2548 1615 2714 1669; x_wconf 90' lang='lat' dir='ltr'><strong>usque</strong></span> <span class='ocrx_word' id='word_1_208' title='bbox 2743 1600 2805 1653; x_wconf 86' lang='lat' dir='ltr'><strong>ad</strong></span> <span class='ocrx_word' id='word_1_209' title='bbox 2834 1601 3001 1655; x_wconf 82' lang='lat' dir='ltr'><strong>ccelos</strong></span> <span class='ocrx_word' id='word_1_210' title='bbox 3030 1599 3240 1667; x_wconf 85' lang='lat' dir='ltr'><strong>quidem</strong></span> <span class='ocrx_word' id='word_1_211' title='bbox 3284 1613 3343 1651; x_wconf 88' lang='lat' dir='ltr'><strong>es</strong></span> <span class='ocrx_word' id='word_1_212' title='bbox 3372 1597 3643 1652; x_wconf 80' lang='lat' dir='ltr'><strong>exaltatus</strong></span> <span class='ocrx_word' id='word_1_213' title='bbox 3664 1637 3681 1662; x_wconf 89' lang='lat'><strong>,</strong></span> <span class='ocrx_word' id='word_1_214' title='bbox 3712 1596 3818 1650; x_wconf 80' lang='lat' dir='ltr'><strong>hu-</strong></span> 
     </span>
    </p>
   </div>
   <div class='ocr_carea' id='block_1_31' title="bbox 2240 1688 3819 1759">
    <p class='ocr_par' dir='ltr' id='par_1_31' title="bbox 2240 1688 3819 1759">
     <span class='ocr_line' id='line_1_31' title="bbox 2240 1688 3819 1759; baseline -0.004 -14"><span class='ocrx_word' id='word_1_215' title='bbox 2240 1691 2471 1745; x_wconf 90' lang='lat' dir='ltr'><strong>miliatus</strong></span> <span class='ocrx_word' id='word_1_216' title='bbox 2509 1705 2636 1745; x_wconf 89' lang='lat' dir='ltr'><strong>vero</strong></span> <span class='ocrx_word' id='word_1_217' title='bbox 2677 1705 2735 1744; x_wconf 86' lang='lat' dir='ltr'><strong>es</strong></span> <span class='ocrx_word' id='word_1_218' title='bbox 2779 1705 2945 1758; x_wconf 88' lang='lat' dir='ltr'><strong>usque</strong></span> <span class='ocrx_word' id='word_1_219' title='bbox 2990 1690 3055 1743; x_wconf 91' lang='lat' dir='ltr'><strong>ad</strong></span> <span class='ocrx_word' id='word_1_220' title='bbox 3101 1689 3342 1759; x_wconf 83' lang='lat' dir='ltr'><strong>abyssos.</strong></span> <span class='ocrx_word' id='word_1_221' title='bbox 3390 1688 3599 1742; x_wconf 78' lang='lat' dir='ltr'><strong>Exinde</strong></span> <span class='ocrx_word' id='word_1_222' title='bbox 3650 1688 3819 1756; x_wconf 78' lang='lat' dir='ltr'><strong>surgit</strong></span> 
     </span>
    </p>
   </div>
   <div class='ocr_carea' id='block_1_32' title="bbox 2240 1780 3815 1843">
    <p class='ocr_par' dir='ltr' id='par_1_32' title="bbox 2240 1780 3815 1843">
     <span class='ocr_line' id='line_1_32' title="bbox 2240 1780 3815 1843; baseline -0.004 -7"><span class='ocrx_word' id='word_1_223' title='bbox 2240 1798 2394 1836; x_wconf 89' lang='lat' dir='ltr'><strong>mane</strong></span> <span class='ocrx_word' id='word_1_224' title='bbox 2442 1792 2755 1835; x_wconf 90' lang='lat' dir='ltr'><strong>nocturnum</strong></span> <span class='ocrx_word' id='word_1_225' title='bbox 2788 1782 2988 1835; x_wconf 89' lang='lat' dir='ltr'><strong>luctum</strong></span> <span class='ocrx_word' id='word_1_226' title='bbox 3027 1780 3333 1843; x_wconf 89' lang='lat' dir='ltr'><strong>attrahens;</strong></span> <span class='ocrx_word' id='word_1_227' title='bbox 3375 1789 3430 1832; x_wconf 92' lang='lat' dir='ltr'><strong>et</strong></span> <span class='ocrx_word' id='word_1_228' title='bbox 3475 1793 3600 1831; x_wconf 86' lang='lat' dir='ltr'><strong>cum</strong></span> <span class='ocrx_word' id='word_1_229' title='bbox 3650 1787 3815 1831; x_wconf 87' lang='lat' dir='ltr'><strong>totum</strong></span> 
     </span>
    </p>
   </div>
   <div class='ocr_carea' id='block_1_33' title="bbox 569 1870 2147 1958">
    <p class='ocr_par' dir='ltr' id='par_1_33' title="bbox 569 1888 2134 1958">
     <span class='ocr_line' id='line_1_33' title="bbox 569 1888 2134 1958; baseline -0.002 -16"><span class='ocrx_word' id='word_1_230' title='bbox 569 1888 885 1942; x_wconf 81' lang='lat' dir='ltr'><strong>tibilitatcin.</strong></span> <span class='ocrx_word' id='word_1_231' title='bbox 910 1889 1017 1943; x_wconf 85' lang='lat' dir='ltr'><strong>Nec</strong></span> <span class='ocrx_word' id='word_1_232' title='bbox 1048 1901 1251 1957; x_wconf 69' lang='lat' dir='ltr'><strong>quterat</strong></span> <span class='ocrx_word' id='word_1_233' title='bbox 1276 1889 1471 1957; x_wconf 87' lang='lat' dir='ltr'><strong>aliquis</strong></span> <span class='ocrx_word' id='word_1_234' title='bbox 1501 1905 1561 1943; x_wconf 87' lang='lat' dir='ltr'><strong>ea</strong></span> <span class='ocrx_word' id='word_1_235' title='bbox 1592 1905 1711 1958; x_wconf 74' lang='lat' dir='ltr'><strong>qua:</strong></span> <span class='ocrx_word' id='word_1_236' title='bbox 1752 1896 1879 1942; x_wconf 88' lang='lat' dir='ltr'><strong>sunt</strong></span> <span class='ocrx_word' id='word_1_237' title='bbox 1924 1898 2134 1955; x_wconf 84' lang='lat' dir='ltr'><strong>parata,</strong></span> 
     </span>
    </p>
   </div>
   <div class='ocr_carea' id='block_1_34' title="bbox 2250 1870 3814 1958">
    <p class='ocr_par' dir='ltr' id='par_1_34' title="bbox 2250 1870 3814 1939">
     <span class='ocr_line' id='line_1_34' title="bbox 2250 1870 3814 1939; baseline -0.003 -12"><span class='ocrx_word' id='word_1_238' title='bbox 2250 1874 2377 1927; x_wconf 84' lang='lat' dir='ltr'><strong>diem</strong></span> <span class='ocrx_word' id='word_1_239' title='bbox 2430 1873 2767 1939; x_wconf 74' lang='lat' dir='ltr'><strong>transegisset</strong></span> <span class='ocrx_word' id='word_1_240' title='bbox 2816 1874 2866 1925; x_wconf 92' lang='lat' dir='ltr'><strong>in</strong></span> <span class='ocrx_word' id='word_1_241' title='bbox 2916 1872 3329 1935; x_wconf 86' lang='lat' dir='ltr'><strong>lamentatione,</strong></span> <span class='ocrx_word' id='word_1_242' title='bbox 3382 1884 3480 1924; x_wconf 85' lang='lat' dir='ltr'><strong>sua</strong></span> <span class='ocrx_word' id='word_1_243' title='bbox 3529 1870 3814 1937; x_wconf 82' lang='lat' dir='ltr'><strong>desperata</strong></span> 
     </span>
    </p>
   </div>
   <div class='ocr_carea' id='block_1_35' title="bbox 568 1980 2141 2045">
    <p class='ocr_par' dir='ltr' id='par_1_35' title="bbox 568 1980 2141 2045">
     <span class='ocr_line' id='line_1_35' title="bbox 568 1980 2141 2045; baseline -0.003 -10"><span class='ocrx_word' id='word_1_244' title='bbox 568 1992 622 2036; x_wconf 90' lang='lat' dir='ltr'><strong>et</strong></span> <span class='ocrx_word' id='word_1_245' title='bbox 646 1982 809 2034; x_wconf 90' lang='lat' dir='ltr'><strong>animi</strong></span> <span class='ocrx_word' id='word_1_246' title='bbox 840 1981 1255 2045; x_wconf 76' lang='lat' dir='ltr'><strong>relaxationem;</strong></span> <span class='ocrx_word' id='word_1_247' title='bbox 1287 1981 1378 2035; x_wconf 88' lang='lat' dir='ltr'><strong>sed</strong></span> <span class='ocrx_word' id='word_1_248' title='bbox 1408 1996 1551 2035; x_wconf 91' lang='lat' dir='ltr'><strong>nunc</strong></span> <span class='ocrx_word' id='word_1_249' title='bbox 1581 1982 1649 2034; x_wconf 93' lang='lat' dir='ltr'><strong>sit</strong></span> <span class='ocrx_word' id='word_1_250' title='bbox 1683 1981 1976 2034; x_wconf 91' lang='lat' dir='ltr'><strong>imbecillus</strong></span> <span class='ocrx_word' id='word_1_251' title='bbox 2005 1980 2141 2032; x_wconf 78' lang='lat' dir='ltr'><strong>affli-</strong></span> 
     </span>
    </p>
   </div>
   <div class='ocr_carea' id='block_1_36' title="bbox 569 2073 2141 2142">
    <p class='ocr_par' dir='ltr' id='par_1_36' title="bbox 569 2073 2141 2142">
     <span class='ocr_line' id='line_1_36' title="bbox 569 2073 2141 2142; baseline -0.001 -15"><span class='ocrx_word' id='word_1_252' title='bbox 569 2084 789 2141; x_wconf 89' lang='lat' dir='ltr'><strong>ctnsque</strong></span> <span class='ocrx_word' id='word_1_253' title='bbox 817 2083 868 2126; x_wconf 90' lang='lat' dir='ltr'><strong>et</strong></span> <span class='ocrx_word' id='word_1_254' title='bbox 897 2088 1200 2140; x_wconf 87' lang='lat' dir='ltr'><strong>oppressus,</strong></span> <span class='ocrx_word' id='word_1_255' title='bbox 1233 2084 1289 2126; x_wconf 92' lang='lat' dir='ltr'><strong>ut</strong></span> <span class='ocrx_word' id='word_1_256' title='bbox 1321 2073 1468 2142; x_wconf 81' lang='lat' dir='ltr'><strong>regni</strong></span> <span class='ocrx_word' id='word_1_257' title='bbox 1504 2073 1595 2127; x_wconf 88' lang='lat' dir='ltr'><strong>Dei</strong></span> <span class='ocrx_word' id='word_1_258' title='bbox 1638 2073 1930 2126; x_wconf 89' lang='lat' dir='ltr'><strong>latitudinis</strong></span> <span class='ocrx_word' id='word_1_259' title='bbox 1974 2073 2141 2139; x_wconf 89' lang='lat' dir='ltr'><strong>possi-</strong></span> 
     </span>
    </p>
   </div>
   <div class='ocr_carea' id='block_1_37' title="bbox 570 2162 2142 2232">
    <p class='ocr_par' dir='ltr' id='par_1_37' title="bbox 570 2162 2142 2232">
     <span class='ocr_line' id='line_1_37' title="bbox 570 2162 2142 2232; baseline 0.001 -17"><span class='ocrx_word' id='word_1_260' title='bbox 570 2162 696 2215; x_wconf 85' lang='lat' dir='ltr'><strong>deat</strong></span> <span class='ocrx_word' id='word_1_261' title='bbox 751 2162 1138 2217; x_wconf 75' lang='lat' dir='ltr'><strong>htereditatem.</strong></span> <span class='ocrx_word' id='word_1_262' title='bbox 1187 2164 1407 2231; x_wconf 89' lang='lat' dir='ltr'><strong>Oportet</strong></span> <span class='ocrx_word' id='word_1_263' title='bbox 1460 2162 1602 2217; x_wconf 90' lang='lat' dir='ltr'><strong>enim</strong></span> <span class='ocrx_word' id='word_1_264' title='bbox 1653 2178 1747 2217; x_wconf 92' lang='lat' dir='ltr'><strong>nos</strong></span> <span class='ocrx_word' id='word_1_265' title='bbox 1792 2179 1885 2232; x_wconf 87' lang='lat' dir='ltr'><strong>per</strong></span> <span class='ocrx_word' id='word_1_266' title='bbox 1948 2165 2142 2217; x_wconf 84' lang='lat' dir='ltr'><strong>multas</strong></span> 
     </span>
    </p>
   </div>
   <div class='ocr_carea' id='block_1_38' title="bbox 570 2253 2143 2322">
    <p class='ocr_par' dir='ltr' id='par_1_38' title="bbox 570 2253 2143 2322">
     <span class='ocr_line' id='line_1_38' title="bbox 570 2253 2143 2322; baseline 0.001 -17"><span class='ocrx_word' id='word_1_267' title='bbox 570 2253 883 2306; x_wconf 80' lang='lat' dir='ltr'><strong>afflictiones</strong></span> <span class='ocrx_word' id='word_1_268' title='bbox 929 2254 1126 2306; x_wconf 91' lang='lat' dir='ltr'><strong>intrare</strong></span> <span class='ocrx_word' id='word_1_269' title='bbox 1172 2254 1225 2306; x_wconf 93' lang='lat' dir='ltr'><strong>in</strong></span> <span class='ocrx_word' id='word_1_270' title='bbox 1274 2268 1493 2319; x_wconf 81' lang='lat' dir='ltr'><strong>regnum</strong></span> <span class='ocrx_word' id='word_1_271' title='bbox 1545 2254 1638 2308; x_wconf 90' lang='lat' dir='ltr'><strong>Dei</strong></span> <span class='ocrx_word' id='word_1_272' title='bbox 1685 2254 1820 2322; x_wconf 77' lang='lat' dir='ltr'><strong>(Act.</strong></span> <span class='ocrx_word' id='word_1_273' title='bbox 1870 2256 2007 2319; x_wconf 73' lang='lat' dir='ltr'><strong>XIV).</strong></span> <span class='ocrx_word' id='word_1_274' title='bbox 2050 2254 2143 2307; x_wconf 86' lang='lat' dir='ltr'><strong>Est</strong></span> 
     </span>
    </p>
   </div>
   <div class='ocr_carea' id='block_1_39' title="bbox 574 2342 2142 2411">
    <p class='ocr_par' dir='ltr' id='par_1_39' title="bbox 574 2342 2142 2411">
     <span class='ocr_line' id='line_1_39' title="bbox 574 2342 2142 2411; baseline 0.002 -16"><span class='ocrx_word' id='word_1_275' title='bbox 574 2343 739 2406; x_wconf 87' lang='lat' dir='ltr'><strong>enim,</strong></span> <span class='ocrx_word' id='word_1_276' title='bbox 765 2342 953 2411; x_wconf 87' lang='lat' dir='ltr'><strong>inquit,</strong></span> <span class='ocrx_word' id='word_1_277' title='bbox 986 2353 1204 2411; x_wconf 87' lang='lat' dir='ltr'><strong>angusta</strong></span> <span class='ocrx_word' id='word_1_278' title='bbox 1239 2358 1418 2410; x_wconf 88' lang='lat' dir='ltr'><strong>porta,</strong></span> <span class='ocrx_word' id='word_1_279' title='bbox 1467 2352 1519 2396; x_wconf 91' lang='lat' dir='ltr'><strong>et</strong></span> <span class='ocrx_word' id='word_1_280' title='bbox 1551 2352 1695 2395; x_wconf 89' lang='lat' dir='ltr'><strong>arcta</strong></span> <span class='ocrx_word' id='word_1_281' title='bbox 1723 2345 1804 2397; x_wconf 86' lang='lat' dir='ltr'><strong>via</strong></span> <span class='ocrx_word' id='word_1_282' title='bbox 1850 2360 1966 2411; x_wconf 77' lang='lat' dir='ltr'><strong>qua:</strong></span> <span class='ocrx_word' id='word_1_283' title='bbox 2000 2345 2142 2399; x_wconf 89' lang='lat' dir='ltr'><strong>ducit</strong></span> 
     </span>
    </p>
   </div>
   <div class='ocr_carea' id='block_1_40' title="bbox 572 2432 2139 2500">
    <p class='ocr_par' dir='ltr' id='par_1_40' title="bbox 572 2432 2139 2500">
     <span class='ocr_line' id='line_1_40' title="bbox 572 2432 2139 2500; baseline 0.001 -17"><span class='ocrx_word' id='word_1_284' title='bbox 572 2432 637 2485; x_wconf 83' lang='lat' dir='ltr'><strong>ad</strong></span> <span class='ocrx_word' id='word_1_285' title='bbox 665 2434 849 2493; x_wconf 87' lang='lat' dir='ltr'><strong>vitam,</strong></span> <span class='ocrx_word' id='word_1_286' title='bbox 880 2440 933 2485; x_wconf 93' lang='lat' dir='ltr'><strong>et</strong></span> <span class='ocrx_word' id='word_1_287' title='bbox 974 2432 1123 2499; x_wconf 87' lang='lat' dir='ltr'><strong>pauci</strong></span> <span class='ocrx_word' id='word_1_288' title='bbox 1154 2433 1387 2500; x_wconf 90' lang='lat' dir='ltr'><strong>suntqui</strong></span> <span class='ocrx_word' id='word_1_289' title='bbox 1421 2447 1537 2486; x_wconf 92' lang='lat' dir='ltr'><strong>eam</strong></span> <span class='ocrx_word' id='word_1_290' title='bbox 1566 2434 1855 2486; x_wconf 89' lang='lat' dir='ltr'><strong>inveniant.</strong></span> <span class='ocrx_word' id='word_1_291' title='bbox 1886 2434 1986 2486; x_wconf 85' lang='lat' dir='ltr'><strong>Et:</strong></span> <span class='ocrx_word' id='word_1_292' title='bbox 2014 2434 2139 2486; x_wconf 86' lang='lat' dir='ltr'><strong>Lata</strong></span> 
     </span>
    </p>
   </div>
   <div class='ocr_carea' id='block_1_41' title="bbox 571 2523 2141 2592">
    <p class='ocr_par' dir='ltr' id='par_1_41' title="bbox 571 2523 2141 2592">
     <span class='ocr_line' id='line_1_41' title="bbox 571 2523 2141 2592; baseline 0.001 -16"><span class='ocrx_word' id='word_1_293' title='bbox 571 2531 652 2576; x_wconf 90' lang='lat' dir='ltr'><strong>est</strong></span> <span class='ocrx_word' id='word_1_294' title='bbox 679 2523 761 2575; x_wconf 86' lang='lat' dir='ltr'><strong>via</strong></span> <span class='ocrx_word' id='word_1_295' title='bbox 789 2538 905 2588; x_wconf 63' lang='lat' dir='ltr'><strong>quat</strong></span> <span class='ocrx_word' id='word_1_296' title='bbox 935 2523 1077 2575; x_wconf 89' lang='lat' dir='ltr'><strong>ducit</strong></span> <span class='ocrx_word' id='word_1_297' title='bbox 1108 2523 1170 2576; x_wconf 89' lang='lat' dir='ltr'><strong>ad</strong></span> <span class='ocrx_word' id='word_1_298' title='bbox 1206 2525 1580 2591; x_wconf 76' lang='lat' dir='ltr'><strong>perditionem,</strong></span> <span class='ocrx_word' id='word_1_299' title='bbox 1610 2534 1659 2577; x_wconf 87' lang='lat' dir='ltr'><strong>et</strong></span> <span class='ocrx_word' id='word_1_300' title='bbox 1694 2524 1840 2577; x_wconf 89' lang='lat' dir='ltr'><strong>multi</strong></span> <span class='ocrx_word' id='word_1_301' title='bbox 1884 2534 2007 2578; x_wconf 88' lang='lat' dir='ltr'><strong>sunt</strong></span> <span class='ocrx_word' id='word_1_302' title='bbox 2052 2523 2141 2592; x_wconf 87' lang='lat' dir='ltr'><strong>qui</strong></span> 
     </span>
    </p>
   </div>
   <div class='ocr_carea' id='block_1_42' title="bbox 573 2611 2142 2683">
    <p class='ocr_par' dir='ltr' id='par_1_42' title="bbox 573 2611 2142 2683">
     <span class='ocr_line' id='line_1_42' title="bbox 573 2611 2142 2683; baseline 0.001 -19"><span class='ocrx_word' id='word_1_303' title='bbox 573 2611 940 2674; x_wconf 73' lang='lat' dir='ltr'><strong>ingrediuntur</strong></span> <span class='ocrx_word' id='word_1_304' title='bbox 962 2628 1057 2680; x_wconf 91' lang='lat' dir='ltr'><strong>per</strong></span> <span class='ocrx_word' id='word_1_305' title='bbox 1078 2628 1195 2666; x_wconf 87' lang='lat' dir='ltr'><strong>eam</strong></span> <span class='ocrx_word' id='word_1_306' title='bbox 1220 2612 1431 2680; x_wconf 77' lang='lat' dir='ltr'><strong>(Matth.</strong></span> <span class='ocrx_word' id='word_1_307' title='bbox 1457 2615 1575 2683; x_wconf 87' lang='lat' dir='ltr'><strong>vn).</strong></span> <span class='ocrx_word' id='word_1_308' title='bbox 1608 2614 1671 2667; x_wconf 85' lang='lat' dir='ltr'><strong>Et</strong></span> <span class='ocrx_word' id='word_1_309' title='bbox 1693 2622 1921 2681; x_wconf 82' lang='lat' dir='ltr'><strong>Oportet,</strong></span> <span class='ocrx_word' id='word_1_310' title='bbox 1954 2614 2142 2680; x_wconf 89' lang='lat' dir='ltr'><strong>inquit,</strong></span> 
     </span>
    </p>
   </div>
   <div class='ocr_carea' id='block_1_43' title="bbox 573 2701 2143 2772">
    <p class='ocr_par' dir='ltr' id='par_1_43' title="bbox 573 2701 2143 2772">
     <span class='ocr_line' id='line_1_43' title="bbox 573 2701 2143 2772; baseline 0.002 -19"><span class='ocrx_word' id='word_1_311' title='bbox 573 2716 669 2755; x_wconf 92' lang='lat' dir='ltr'><strong>nos</strong></span> <span class='ocrx_word' id='word_1_312' title='bbox 700 2701 786 2755; x_wconf 92' lang='lat' dir='ltr'><strong>hie</strong></span> <span class='ocrx_word' id='word_1_313' title='bbox 814 2710 1179 2763; x_wconf 85' lang='lat' dir='ltr'><strong>contemnere,</strong></span> <span class='ocrx_word' id='word_1_314' title='bbox 1211 2719 1330 2757; x_wconf 94' lang='lat' dir='ltr'><strong>cum</strong></span> <span class='ocrx_word' id='word_1_315' title='bbox 1364 2703 1519 2772; x_wconf 90' lang='lat' dir='ltr'><strong>paulo</strong></span> <span class='ocrx_word' id='word_1_316' title='bbox 1545 2714 1660 2772; x_wconf 92' lang='lat' dir='ltr'><strong>post</strong></span> <span class='ocrx_word' id='word_1_317' title='bbox 1683 2718 1864 2756; x_wconf 90' lang='lat' dir='ltr'><strong>eamus</strong></span> <span class='ocrx_word' id='word_1_318' title='bbox 1889 2704 1953 2756; x_wconf 91' lang='lat' dir='ltr'><strong>ad</strong></span> <span class='ocrx_word' id='word_1_319' title='bbox 1986 2705 2143 2757; x_wconf 88' lang='lat' dir='ltr'><strong>vitam</strong></span> 
     </span>
    </p>
   </div>
   <div class='ocr_carea' id='block_1_44' title="bbox 577 2794 2146 2863">
    <p class='ocr_par' dir='ltr' id='par_1_44' title="bbox 577 2794 2146 2863">
     <span class='ocr_line' id='line_1_44' title="bbox 577 2794 2146 2863; baseline 0.001 -17"><span class='ocrx_word' id='word_1_320' title='bbox 577 2802 851 2847; x_wconf 79' lang='lat' dir='ltr'><strong>teternam.</strong></span> <span class='ocrx_word' id='word_1_321' title='bbox 897 2794 1004 2848; x_wconf 83' lang='lat' dir='ltr'><strong>Nec</strong></span> <span class='ocrx_word' id='word_1_322' title='bbox 1048 2805 1257 2861; x_wconf 90' lang='lat' dir='ltr'><strong>oportet</strong></span> <span class='ocrx_word' id='word_1_323' title='bbox 1311 2796 1541 2863; x_wconf 88' lang='lat' dir='ltr'><strong>aliquem</strong></span> <span class='ocrx_word' id='word_1_324' title='bbox 1587 2795 1764 2849; x_wconf 82' lang='lat' dir='ltr'><strong>efferri</strong></span> <span class='ocrx_word' id='word_1_325' title='bbox 1814 2796 1882 2850; x_wconf 91' lang='lat' dir='ltr'><strong>ob</strong></span> <span class='ocrx_word' id='word_1_326' title='bbox 1927 2810 1988 2849; x_wconf 90' lang='lat' dir='ltr'><strong>ea</strong></span> <span class='ocrx_word' id='word_1_327' title='bbox 2029 2810 2146 2863; x_wconf 67' lang='lat' dir='ltr'><strong>qua:</strong></span> 
     </span>
    </p>
   </div>
   <div class='ocr_carea' id='block_1_45' title="bbox 574 2885 2149 2954">
    <p class='ocr_par' dir='ltr' id='par_1_45' title="bbox 574 2885 2149 2954">
     <span class='ocr_line' id='line_1_45' title="bbox 574 2885 2149 2954; baseline 0.001 -17"><span class='ocrx_word' id='word_1_328' title='bbox 574 2892 717 2938; x_wconf 90' lang='lat' dir='ltr'><strong>recte</strong></span> <span class='ocrx_word' id='word_1_329' title='bbox 745 2899 774 2938; x_wconf 90' lang='lat' dir='ltr'><strong>a</strong></span> <span class='ocrx_word' id='word_1_330' title='bbox 799 2898 858 2938; x_wconf 89' lang='lat' dir='ltr'><strong>se</strong></span> <span class='ocrx_word' id='word_1_331' title='bbox 886 2893 1031 2954; x_wconf 68' lang='lat' dir='ltr'><strong>gesta</strong></span> <span class='ocrx_word' id='word_1_332' title='bbox 1063 2896 1206 2948; x_wconf 89' lang='lat' dir='ltr'><strong>sunt,</strong></span> <span class='ocrx_word' id='word_1_333' title='bbox 1240 2886 1333 2940; x_wconf 85' lang='lat' dir='ltr'><strong>sed</strong></span> <span class='ocrx_word' id='word_1_334' title='bbox 1369 2901 1579 2954; x_wconf 90' lang='lat' dir='ltr'><strong>semper</strong></span> <span class='ocrx_word' id='word_1_335' title='bbox 1621 2901 1742 2940; x_wconf 85' lang='lat' dir='ltr'><strong>esse</strong></span> <span class='ocrx_word' id='word_1_336' title='bbox 1779 2885 2061 2950; x_wconf 87' lang='lat' dir='ltr'><strong>humilem,</strong></span> <span class='ocrx_word' id='word_1_337' title='bbox 2095 2894 2149 2939; x_wconf 91' lang='lat' dir='ltr'><strong>et</strong></span> 
     </span>
    </p>
   </div>
   <div class='ocr_carea' id='block_1_46' title="bbox 575 2973 2147 3045">
    <p class='ocr_par' dir='ltr' id='par_1_46' title="bbox 575 2973 2147 3045">
     <span class='ocr_line' id='line_1_46' title="bbox 575 2973 2147 3045; baseline 0.002 -18"><span class='ocrx_word' id='word_1_338' title='bbox 575 2973 841 3043; x_wconf 80' lang='lat' dir='ltr'><strong>longiores</strong></span> <span class='ocrx_word' id='word_1_339' title='bbox 886 2977 1132 3045; x_wconf 87' lang='lat' dir='ltr'><strong>persequi</strong></span> <span class='ocrx_word' id='word_1_340' title='bbox 1163 2976 1505 3040; x_wconf 86' lang='lat' dir='ltr'><strong>solitudines,</strong></span> <span class='ocrx_word' id='word_1_341' title='bbox 1555 2977 1767 3045; x_wconf 82' lang='lat' dir='ltr'><strong>quando</strong></span> <span class='ocrx_word' id='word_1_342' title='bbox 1815 2978 2045 3030; x_wconf 88' lang='lat' dir='ltr'><strong>senserit</strong></span> <span class='ocrx_word' id='word_1_343' title='bbox 2087 2990 2147 3030; x_wconf 90' lang='lat' dir='ltr'><strong>se</strong></span> 
     </span>
    </p>
   </div>
   <div class='ocr_carea' id='block_1_47' title="bbox 577 3063 2145 3134">
    <p class='ocr_par' dir='ltr' id='par_1_47' title="bbox 577 3063 2145 3134">
     <span class='ocr_line' id='line_1_47' title="bbox 577 3063 2145 3134; baseline 0.002 -18"><span class='ocrx_word' id='word_1_344' title='bbox 577 3063 774 3117; x_wconf 79' lang='lat' dir='ltr'><strong>efferri.</strong></span> <span class='ocrx_word' id='word_1_345' title='bbox 813 3065 1078 3119; x_wconf 88' lang='lat' dir='ltr'><strong>llabitatio</strong></span> <span class='ocrx_word' id='word_1_346' title='bbox 1109 3067 1250 3120; x_wconf 92' lang='lat' dir='ltr'><strong>enim</strong></span> <span class='ocrx_word' id='word_1_347' title='bbox 1287 3069 1579 3134; x_wconf 86' lang='lat' dir='ltr'><strong>propinqua</strong></span> <span class='ocrx_word' id='word_1_348' title='bbox 1624 3065 1788 3130; x_wconf 74' lang='lat' dir='ltr'><strong>vicis,</strong></span> <span class='ocrx_word' id='word_1_349' title='bbox 1837 3080 1933 3120; x_wconf 89' lang='lat' dir='ltr'><strong>eos</strong></span> <span class='ocrx_word' id='word_1_350' title='bbox 1985 3065 2145 3119; x_wconf 90' lang='lat' dir='ltr'><strong>etiam</strong></span> 
     </span>
    </p>
   </div>
   <div class='ocr_carea' id='block_1_48' title="bbox 577 3152 2149 3222">
    <p class='ocr_par' dir='ltr' id='par_1_48' title="bbox 577 3152 2149 3222">
     <span class='ocr_line' id='line_1_48' title="bbox 577 3152 2149 3222; baseline 0.003 -19"><span class='ocrx_word' id='word_1_351' title='bbox 577 3152 662 3218; x_wconf 86' lang='lat' dir='ltr'><strong>qui</strong></span> <span class='ocrx_word' id='word_1_352' title='bbox 702 3160 854 3206; x_wconf 86' lang='lat' dir='ltr'><strong>erant</strong></span> <span class='ocrx_word' id='word_1_353' title='bbox 883 3153 1101 3221; x_wconf 81' lang='lat' dir='ltr'><strong>perfecti</strong></span> <span class='ocrx_word' id='word_1_354' title='bbox 1133 3168 1275 3222; x_wconf 65' lang='lat' dir='ltr'><strong>saepe</strong></span> <span class='ocrx_word' id='word_1_355' title='bbox 1313 3153 1553 3206; x_wconf 87' lang='lat' dir='ltr'><strong>offendit.</strong></span> <span class='ocrx_word' id='word_1_356' title='bbox 1598 3153 1748 3219; x_wconf 88' lang='lat' dir='ltr'><strong>Quod</strong></span> <span class='ocrx_word' id='word_1_357' title='bbox 1775 3155 1935 3208; x_wconf 88' lang='lat' dir='ltr'><strong>etiam</strong></span> <span class='ocrx_word' id='word_1_358' title='bbox 1975 3155 2149 3222; x_wconf 83' lang='lat' dir='ltr'><strong>psallit</strong></span> 
     </span>
    </p>
   </div>
   <div class='ocr_carea' id='block_1_49' title="bbox 2241 1962 3815 2031">
    <p class='ocr_par' dir='ltr' id='par_1_49' title="bbox 2241 1962 3815 2031">
     <span class='ocr_line' id='line_1_49' title="bbox 2241 1962 3815 2031; baseline -0.002 -14"><span class='ocrx_word' id='word_1_359' title='bbox 2241 1965 2409 2017; x_wconf 89' lang='lat' dir='ltr'><strong>salute</strong></span> <span class='ocrx_word' id='word_1_360' title='bbox 2431 2004 2445 2028; x_wconf 96' lang='lat'><strong>,</strong></span> <span class='ocrx_word' id='word_1_361' title='bbox 2477 1963 2615 2031; x_wconf 90' lang='lat' dir='ltr'><strong>quod</strong></span> <span class='ocrx_word' id='word_1_362' title='bbox 2647 1979 2750 2017; x_wconf 89' lang='lat' dir='ltr'><strong>non</strong></span> <span class='ocrx_word' id='word_1_363' title='bbox 2782 1963 3001 2028; x_wconf 89' lang='lat' dir='ltr'><strong>debuit,</strong></span> <span class='ocrx_word' id='word_1_364' title='bbox 3030 1963 3082 2016; x_wconf 89' lang='lat' dir='ltr'><strong>in</strong></span> <span class='ocrx_word' id='word_1_365' title='bbox 3116 1962 3370 2016; x_wconf 86' lang='lat' dir='ltr'><strong>mundum</strong></span> <span class='ocrx_word' id='word_1_366' title='bbox 3420 1976 3679 2015; x_wconf 90' lang='lat' dir='ltr'><strong>reversus</strong></span> <span class='ocrx_word' id='word_1_367' title='bbox 3712 1970 3815 2015; x_wconf 85' lang='lat' dir='ltr'><strong>est.</strong></span> 
     </span>
    </p>
   </div>
   <div class='ocr_carea' id='block_1_50' title="bbox 2245 2053 3818 2123">
    <p class='ocr_par' dir='ltr' id='par_1_50' title="bbox 2245 2053 3818 2123">
     <span class='ocr_line' id='line_1_50' title="bbox 2245 2053 3818 2123; baseline -0.002 -15"><span class='ocrx_word' id='word_1_368' title='bbox 2245 2056 2352 2110; x_wconf 88' lang='lat' dir='ltr'><strong>lloc</strong></span> <span class='ocrx_word' id='word_1_369' title='bbox 2380 2064 2462 2109; x_wconf 79' lang='lat' dir='ltr'><strong>est</strong></span> <span class='ocrx_word' id='word_1_370' title='bbox 2490 2057 2629 2110; x_wconf 91' lang='lat' dir='ltr'><strong>enim</strong></span> <span class='ocrx_word' id='word_1_371' title='bbox 2662 2056 2880 2123; x_wconf 78' lang='lat' dir='ltr'><strong>maligni</strong></span> <span class='ocrx_word' id='word_1_372' title='bbox 2905 2055 3169 2117; x_wconf 91' lang='lat' dir='ltr'><strong>studium,</strong></span> <span class='ocrx_word' id='word_1_373' title='bbox 3194 2064 3249 2108; x_wconf 90' lang='lat' dir='ltr'><strong>nt</strong></span> <span class='ocrx_word' id='word_1_374' title='bbox 3272 2053 3488 2122; x_wconf 85' lang='lat' dir='ltr'><strong>quando</strong></span> <span class='ocrx_word' id='word_1_375' title='bbox 3514 2054 3818 2122; x_wconf 79' lang='lat' dir='ltr'><strong>quempiam</strong></span> 
     </span>
    </p>
   </div>
   <div class='ocr_carea' id='block_1_51' title="bbox 2244 2146 3822 2216">
    <p class='ocr_par' dir='ltr' id='par_1_51' title="bbox 2244 2146 3822 2216">
     <span class='ocr_line' id='line_1_51' title="bbox 2244 2146 3822 2216; baseline -0.001 -16"><span class='ocrx_word' id='word_1_376' title='bbox 2244 2146 2491 2211; x_wconf 81' lang='lat' dir='ltr'><strong>irriserit,</strong></span> <span class='ocrx_word' id='word_1_377' title='bbox 2518 2164 2636 2202; x_wconf 88' lang='lat' dir='ltr'><strong>eum</strong></span> <span class='ocrx_word' id='word_1_378' title='bbox 2662 2149 2865 2216; x_wconf 77' lang='lat' dir='ltr'><strong>redigat</strong></span> <span class='ocrx_word' id='word_1_379' title='bbox 2908 2148 2973 2202; x_wconf 84' lang='lat' dir='ltr'><strong>ad</strong></span> <span class='ocrx_word' id='word_1_380' title='bbox 3006 2147 3385 2214; x_wconf 88' lang='lat' dir='ltr'><strong>insipientiam,</strong></span> <span class='ocrx_word' id='word_1_381' title='bbox 3419 2158 3480 2200; x_wconf 89' lang='lat' dir='ltr'><strong>ut</strong></span> <span class='ocrx_word' id='word_1_382' title='bbox 3512 2162 3624 2199; x_wconf 92' lang='lat' dir='ltr'><strong>non</strong></span> <span class='ocrx_word' id='word_1_383' title='bbox 3655 2146 3822 2213; x_wconf 76' lang='lat' dir='ltr'><strong>possit</strong></span> 
     </span>
    </p>
   </div>
   <div class='ocr_carea' id='block_1_52' title="bbox 2243 2236 3823 2306">
    <p class='ocr_par' dir='ltr' id='par_1_52' title="bbox 2243 2236 3823 2306">
     <span class='ocr_line' id='line_1_52' title="bbox 2243 2236 3823 2306; baseline -0.003 -16"><span class='ocrx_word' id='word_1_384' title='bbox 2243 2236 2489 2305; x_wconf 85' lang='lat' dir='ltr'><strong>deinceps</strong></span> <span class='ocrx_word' id='word_1_385' title='bbox 2517 2253 2754 2306; x_wconf 79' lang='lat' dir='ltr'><strong>surgere.</strong></span> <span class='ocrx_word' id='word_1_386' title='bbox 2791 2236 2961 2302; x_wconf 90' lang='lat' dir='ltr'><strong>Unde,</strong></span> <span class='ocrx_word' id='word_1_387' title='bbox 2989 2253 3020 2291; x_wconf 91' lang='lat'><strong>0</strong></span> <span class='ocrx_word' id='word_1_388' title='bbox 3051 2238 3163 2303; x_wconf 84' lang='lat' dir='ltr'><strong>lilii,</strong></span> <span class='ocrx_word' id='word_1_389' title='bbox 3191 2253 3295 2290; x_wconf 92' lang='lat' dir='ltr'><strong>non</strong></span> <span class='ocrx_word' id='word_1_390' title='bbox 3327 2247 3408 2289; x_wconf 90' lang='lat' dir='ltr'><strong>est</strong></span> <span class='ocrx_word' id='word_1_391' title='bbox 3432 2236 3591 2289; x_wconf 89' lang='lat' dir='ltr'><strong>nobis</strong></span> <span class='ocrx_word' id='word_1_392' title='bbox 3619 2237 3823 2289; x_wconf 84' lang='lat' dir='ltr'><strong>condu-</strong></span> 
     </span>
    </p>
   </div>
   <div class='ocr_carea' id='block_1_53' title="bbox 2243 2325 3823 2394">
    <p class='ocr_par' dir='ltr' id='par_1_53' title="bbox 2243 2325 3823 2394">
     <span class='ocr_line' id='line_1_53' title="bbox 2243 2325 3823 2394; baseline -0.001 -16"><span class='ocrx_word' id='word_1_393' title='bbox 2243 2325 2415 2378; x_wconf 87' lang='lat' dir='ltr'><strong>cibilis</strong></span> <span class='ocrx_word' id='word_1_394' title='bbox 2464 2328 2756 2394; x_wconf 88' lang='lat' dir='ltr'><strong>propinqua</strong></span> <span class='ocrx_word' id='word_1_395' title='bbox 2798 2326 2929 2380; x_wconf 90' lang='lat' dir='ltr'><strong>vicis</strong></span> <span class='ocrx_word' id='word_1_396' title='bbox 2970 2327 3258 2391; x_wconf 81' lang='lat' dir='ltr'><strong>habitatio,</strong></span> <span class='ocrx_word' id='word_1_397' title='bbox 3315 2341 3489 2392; x_wconf 91' lang='lat' dir='ltr'><strong>neque</strong></span> <span class='ocrx_word' id='word_1_398' title='bbox 3534 2326 3823 2378; x_wconf 77' lang='lat' dir='ltr'><strong>mulierum</strong></span> 
     </span>
    </p>
   </div>
   <div class='ocr_carea' id='block_1_54' title="bbox 2243 2414 3826 2485">
    <p class='ocr_par' dir='ltr' id='par_1_54' title="bbox 2243 2414 3826 2485">
     <span class='ocr_line' id='line_1_54' title="bbox 2243 2414 3826 2485; baseline 0.001 -19"><span class='ocrx_word' id='word_1_399' title='bbox 2243 2414 2553 2475; x_wconf 86' lang='lat' dir='ltr'><strong>collocutio.</strong></span> <span class='ocrx_word' id='word_1_400' title='bbox 2589 2422 2644 2468; x_wconf 91' lang='lat' dir='ltr'><strong>ut</strong></span> <span class='ocrx_word' id='word_1_401' title='bbox 2671 2430 2736 2469; x_wconf 80' lang='lat' dir='ltr'><strong>ex</strong></span> <span class='ocrx_word' id='word_1_402' title='bbox 2766 2416 2957 2482; x_wconf 89' lang='lat' dir='ltr'><strong>quibus</strong></span> <span class='ocrx_word' id='word_1_403' title='bbox 2987 2417 3185 2469; x_wconf 90' lang='lat' dir='ltr'><strong>oriatur</strong></span> <span class='ocrx_word' id='word_1_404' title='bbox 3214 2418 3474 2470; x_wconf 87' lang='lat' dir='ltr'><strong>memoria</strong></span> <span class='ocrx_word' id='word_1_405' title='bbox 3502 2457 3518 2479; x_wconf 93' lang='lat'><strong>,</strong></span> <span class='ocrx_word' id='word_1_406' title='bbox 3552 2430 3678 2485; x_wconf 71' lang='lat' dir='ltr'><strong>quae</strong></span> <span class='ocrx_word' id='word_1_407' title='bbox 3721 2429 3826 2467; x_wconf 81' lang='lat' dir='ltr'><strong>non</strong></span> 
     </span>
    </p>
   </div>
   <div class='ocr_carea' id='block_1_55' title="bbox 2245 2501 3825 2568">
    <p class='ocr_par' dir='ltr' id='par_1_55' title="bbox 2245 2501 3825 2568">
     <span class='ocr_line' id='line_1_55' title="bbox 2245 2501 3825 2568; baseline 0.002 -16"><span class='ocrx_word' id='word_1_408' title='bbox 2245 2510 2419 2568; x_wconf 89' lang='lat' dir='ltr'><strong>potest</strong></span> <span class='ocrx_word' id='word_1_409' title='bbox 2457 2502 2651 2567; x_wconf 89' lang='lat' dir='ltr'><strong>deleri,</strong></span> <span class='ocrx_word' id='word_1_410' title='bbox 2686 2518 2841 2568; x_wconf 89' lang='lat' dir='ltr'><strong>quam</strong></span> <span class='ocrx_word' id='word_1_411' title='bbox 2908 2517 2975 2556; x_wconf 79' lang='lat' dir='ltr'><strong>ex</strong></span> <span class='ocrx_word' id='word_1_412' title='bbox 3036 2501 3151 2555; x_wconf 90' lang='lat' dir='ltr'><strong>visu</strong></span> <span class='ocrx_word' id='word_1_413' title='bbox 3217 2501 3543 2559; x_wconf 91' lang='lat' dir='ltr'><strong>attrahimus</strong></span> <span class='ocrx_word' id='word_1_414' title='bbox 3603 2515 3663 2559; x_wconf 85' lang='lat' dir='ltr'><strong>et</strong></span> <span class='ocrx_word' id='word_1_415' title='bbox 3720 2506 3825 2557; x_wconf 55' lang='lat' dir='ltr'><strong>COS.</strong></span> 
     </span>
    </p>
   </div>
   <div class='ocr_carea' id='block_1_56' title="bbox 2246 2590 3816 2659">
    <p class='ocr_par' dir='ltr' id='par_1_56' title="bbox 2246 2590 3816 2659">
     <span class='ocr_line' id='line_1_56' title="bbox 2246 2590 3816 2659; baseline 0.002 -17"><span class='ocrx_word' id='word_1_416' title='bbox 2246 2590 2529 2643; x_wconf 87' lang='lat' dir='ltr'><strong>locutione.</strong></span> <span class='ocrx_word' id='word_1_417' title='bbox 2557 2590 2659 2645; x_wconf 91' lang='lat' dir='ltr'><strong>Sed</strong></span> <span class='ocrx_word' id='word_1_418' title='bbox 2692 2606 2861 2659; x_wconf 87' lang='lat' dir='ltr'><strong>neque</strong></span> <span class='ocrx_word' id='word_1_419' title='bbox 2890 2590 3147 2646; x_wconf 83' lang='lat' dir='ltr'><strong>debemus</strong></span> <span class='ocrx_word' id='word_1_420' title='bbox 3169 2593 3405 2647; x_wconf 88' lang='lat' dir='ltr'><strong>aniumm</strong></span> <span class='ocrx_word' id='word_1_421' title='bbox 3437 2592 3781 2658; x_wconf 78' lang='lat' dir='ltr'><strong>despondere</strong></span> <span class='ocrx_word' id='word_1_422' title='bbox 3802 2636 3816 2657; x_wconf 84' lang='lat'><strong>,</strong></span> 
     </span>
    </p>
   </div>
   <div class='ocr_carea' id='block_1_57' title="bbox 2245 2679 3823 2748">
    <p class='ocr_par' dir='ltr' id='par_1_57' title="bbox 2245 2679 3823 2748">
     <span class='ocr_line' id='line_1_57' title="bbox 2245 2679 3823 2748; baseline -0.001 -16"><span class='ocrx_word' id='word_1_423' title='bbox 2245 2687 2298 2732; x_wconf 91' lang='lat' dir='ltr'><strong>et</strong></span> <span class='ocrx_word' id='word_1_424' title='bbox 2318 2692 2411 2731; x_wconf 86' lang='lat' dir='ltr'><strong>nos</strong></span> <span class='ocrx_word' id='word_1_425' title='bbox 2442 2679 2585 2747; x_wconf 91' lang='lat' dir='ltr'><strong>ipsos</strong></span> <span class='ocrx_word' id='word_1_426' title='bbox 2625 2679 2905 2734; x_wconf 90' lang='lat' dir='ltr'><strong>detrudere</strong></span> <span class='ocrx_word' id='word_1_427' title='bbox 2933 2679 2998 2734; x_wconf 89' lang='lat' dir='ltr'><strong>ad</strong></span> <span class='ocrx_word' id='word_1_428' title='bbox 3038 2681 3487 2748; x_wconf 89' lang='lat' dir='ltr'><strong>desperationem.</strong></span> <span class='ocrx_word' id='word_1_429' title='bbox 3524 2680 3649 2734; x_wconf 85' lang='lat' dir='ltr'><strong>Jam</strong></span> <span class='ocrx_word' id='word_1_430' title='bbox 3679 2682 3823 2734; x_wconf 75' lang='lat' dir='ltr'><strong>enim</strong></span> 
     </span>
    </p>
   </div>
   <div class='ocr_carea' id='block_1_58' title="bbox 2249 2770 3828 2841">
    <p class='ocr_par' dir='ltr' id='par_1_58' title="bbox 2249 2770 3828 2841">
     <span class='ocr_line' id='line_1_58' title="bbox 2249 2770 3828 2841; baseline 0.002 -19"><span class='ocrx_word' id='word_1_431' title='bbox 2249 2770 2281 2822; x_wconf 91' lang='lat' dir='ltr'><strong>ii</strong></span> <span class='ocrx_word' id='word_1_432' title='bbox 2312 2785 2520 2838; x_wconf 91' lang='lat' dir='ltr'><strong>quoque</strong></span> <span class='ocrx_word' id='word_1_433' title='bbox 2542 2771 2631 2838; x_wconf 90' lang='lat' dir='ltr'><strong>qui</strong></span> <span class='ocrx_word' id='word_1_434' title='bbox 2665 2787 2769 2826; x_wconf 91' lang='lat' dir='ltr'><strong>non</strong></span> <span class='ocrx_word' id='word_1_435' title='bbox 2791 2786 2940 2839; x_wconf 88' lang='lat' dir='ltr'><strong>spem</strong></span> <span class='ocrx_word' id='word_1_436' title='bbox 2969 2772 3300 2841; x_wconf 74' lang='lat' dir='ltr'><strong>abiecerunt,</strong></span> <span class='ocrx_word' id='word_1_437' title='bbox 3331 2787 3438 2827; x_wconf 87' lang='lat' dir='ltr'><strong>non</strong></span> <span class='ocrx_word' id='word_1_438' title='bbox 3470 2771 3700 2826; x_wconf 82' lang='lat' dir='ltr'><strong>fuerunt</strong></span> <span class='ocrx_word' id='word_1_439' title='bbox 3719 2770 3828 2840; x_wconf 82' lang='lat' dir='ltr'><strong>pri-</strong></span> 
     </span>
    </p>
   </div>
   <div class='ocr_carea' id='block_1_59' title="bbox 2248 2860 3198 2918">
    <p class='ocr_par' dir='ltr' id='par_1_59' title="bbox 2248 2860 3198 2918">
     <span class='ocr_line' id='line_1_59' title="bbox 2248 2860 3198 2918; baseline 0.002 -5"><span class='ocrx_word' id='word_1_440' title='bbox 2248 2861 2351 2913; x_wconf 86' lang='lat' dir='ltr'><strong>vati</strong></span> <span class='ocrx_word' id='word_1_441' title='bbox 2385 2860 2477 2915; x_wconf 91' lang='lat' dir='ltr'><strong>Dei</strong></span> <span class='ocrx_word' id='word_1_442' title='bbox 2505 2862 2861 2917; x_wconf 87' lang='lat' dir='ltr'><strong>misericordis</strong></span> <span class='ocrx_word' id='word_1_443' title='bbox 2891 2862 3198 2918; x_wconf 88' lang='lat' dir='ltr'><strong>clementia.</strong></span> 
     </span>
    </p>
   </div>
   <div class='ocr_carea' id='block_1_60' title="bbox 2828 2974 3245 3030">
    <p class='ocr_par' dir='ltr' id='par_1_60' title="bbox 2828 2974 3245 3030">
     <span class='ocr_line' id='line_1_60' title="bbox 2828 2974 3245 3030; baseline -0.005 -1"><span class='ocrx_word' id='word_1_444' title='bbox 2828 2974 3050 3030; x_wconf 75' lang='lat' dir='ltr'><strong>CAPUT</strong></span> <span class='ocrx_word' id='word_1_445' title='bbox 3086 2974 3245 3030; x_wconf 80' lang='lat' dir='ltr'><strong>XLV.</strong></span> 
     </span>
    </p>
   </div>
   <div class='ocr_carea' id='block_1_61' title="bbox 2250 3082 3833 3156">
    <p class='ocr_par' dir='ltr' id='par_1_61' title="bbox 2250 3082 3833 3156">
     <span class='ocr_line' id='line_1_61' title="bbox 2250 3082 3833 3156; baseline -0.001 -19"><span class='ocrx_word' id='word_1_446' title='bbox 2250 3083 2326 3138; x_wconf 76' lang='lat' dir='ltr'><strong>De</strong></span> <span class='ocrx_word' id='word_1_447' title='bbox 2355 3088 2511 3154; x_wconf 79' lang='lat' dir='ltr'><strong>fratre</strong></span> <span class='ocrx_word' id='word_1_448' title='bbox 2537 3086 2623 3155; x_wconf 83' lang='lat' dir='ltr'><strong>qui</strong></span> <span class='ocrx_word' id='word_1_449' title='bbox 2658 3086 2837 3156; x_wconf 75' lang='lat' dir='ltr'><strong>ductus</strong></span> <span class='ocrx_word' id='word_1_450' title='bbox 2878 3088 2974 3156; x_wconf 80' lang='lat' dir='ltr'><strong>fuit</strong></span> <span class='ocrx_word' id='word_1_451' title='bbox 3004 3086 3328 3154; x_wconf 73' lang='lat' dir='ltr'><strong>paenitentia,</strong></span> <span class='ocrx_word' id='word_1_452' title='bbox 3362 3083 3598 3155; x_wconf 78' lang='lat' dir='ltr'><strong>ejusdem</strong></span> <span class='ocrx_word' id='word_1_453' title='bbox 3642 3082 3833 3137; x_wconf 67' lang='grc' dir='ltr'><strong>σειὺαύ</strong></span> 
     </span>
    </p>
   </div>
   <div class='ocr_carea' id='block_1_62' title="bbox 2799 3154 3288 3209">
    <p class='ocr_par' dir='ltr' id='par_1_62' title="bbox 2799 3154 3288 3209">
     <span class='ocr_line' id='line_1_62' title="bbox 2799 3154 3288 3209; baseline 0.002 -2"><span class='ocrx_word' id='word_1_454' title='bbox 2799 3154 3016 3209; x_wconf 77' lang='lat' dir='ltr'><strong>Joannis</strong></span> <span class='ocrx_word' id='word_1_455' title='bbox 3044 3157 3288 3208; x_wconf 81' lang='lat' dir='ltr'><strong>narratio.</strong></span> 
     </span>
    </p>
   </div>
   <div class='ocr_carea' id='block_1_63' title="bbox 578 3230 3833 3314">
    <p class='ocr_par' dir='ltr' id='par_1_63' title="bbox 578 3230 3833 3314">
     <span class='ocr_line' id='line_1_63' title="bbox 578 3230 3833 3314; baseline 0.001 -22"><span class='ocrx_word' id='word_1_456' title='bbox 578 3242 743 3295; x_wconf 84' lang='lat' dir='ltr'><strong>David</strong></span> <span class='ocrx_word' id='word_1_457' title='bbox 772 3243 854 3296; x_wconf 90' lang='lat' dir='ltr'><strong>cui</strong></span> <span class='ocrx_word' id='word_1_458' title='bbox 883 3245 984 3298; x_wconf 86' lang='lat' dir='ltr'><strong>tale</strong></span> <span class='ocrx_word' id='word_1_459' title='bbox 1007 3245 1131 3313; x_wconf 90' lang='lat' dir='ltr'><strong>quid</strong></span> <span class='ocrx_word' id='word_1_460' title='bbox 1154 3245 1419 3299; x_wconf 75' lang='lat' dir='ltr'><strong>acciderat</strong></span> <span class='ocrx_word' id='word_1_461' title='bbox 1448 3262 1459 3296; x_wconf 88' lang='lat'><strong>:</strong></span> <span class='ocrx_word' id='word_1_462' title='bbox 1495 3244 1629 3298; x_wconf 85' lang='lat' dir='ltr'><strong>Ecce</strong></span> <span class='ocrx_word' id='word_1_463' title='bbox 1651 3242 1890 3313; x_wconf 85' lang='lat' dir='ltr'><strong>elongavi</strong></span> <span class='ocrx_word' id='word_1_464' title='bbox 1914 3244 2146 3312; x_wconf 85' lang='lat' dir='ltr'><strong>fugiens,</strong></span> <span class='ocrx_word' id='word_1_465' title='bbox 2177 3230 2222 3292; x_wconf 86' lang='lat' dir='ltr'><strong>C</strong></span> <span class='ocrx_word' id='word_1_466' title='bbox 2326 3246 2454 3300; x_wconf 84' lang='lat' dir='ltr'><strong>Erat</strong></span> <span class='ocrx_word' id='word_1_467' title='bbox 2481 3246 2621 3299; x_wconf 91' lang='lat' dir='ltr'><strong>enim</strong></span> <span class='ocrx_word' id='word_1_468' title='bbox 2642 3286 2657 3311; x_wconf 88' lang='lat'><strong>,</strong></span> <span class='ocrx_word' id='word_1_469' title='bbox 2684 3245 2882 3314; x_wconf 90' lang='lat' dir='ltr'><strong>inquit,</strong></span> <span class='ocrx_word' id='word_1_470' title='bbox 2913 3244 3048 3299; x_wconf 90' lang='lat' dir='ltr'><strong>alius</strong></span> <span class='ocrx_word' id='word_1_471' title='bbox 3068 3245 3378 3299; x_wconf 83' lang='lat' dir='ltr'><strong>adolescens</strong></span> <span class='ocrx_word' id='word_1_472' title='bbox 3404 3246 3454 3297; x_wconf 87' lang='lat' dir='ltr'><strong>in</strong></span> <span class='ocrx_word' id='word_1_473' title='bbox 3488 3242 3726 3307; x_wconf 75' lang='lat' dir='ltr'><strong>civitate,</strong></span> <span class='ocrx_word' id='word_1_474' title='bbox 3749 3244 3833 3310; x_wconf 85' lang='lat' dir='ltr'><strong>qui</strong></span> 
     </span>
    </p>
   </div>
   <div class='ocr_carea' id='block_1_64' title="bbox 578 3332 2147 3404">
    <p class='ocr_par' dir='ltr' id='par_1_64' title="bbox 578 3332 2147 3404">
     <span class='ocr_line' id='line_1_64' title="bbox 578 3332 2147 3404; baseline 0.003 -21"><span class='ocrx_word' id='word_1_475' title='bbox 578 3342 628 3384; x_wconf 89' lang='lat' dir='ltr'><strong>et</strong></span> <span class='ocrx_word' id='word_1_476' title='bbox 660 3332 891 3386; x_wconf 89' lang='lat' dir='ltr'><strong>habitavi</strong></span> <span class='ocrx_word' id='word_1_477' title='bbox 923 3333 975 3387; x_wconf 92' lang='lat' dir='ltr'><strong>in</strong></span> <span class='ocrx_word' id='word_1_478' title='bbox 1005 3335 1310 3389; x_wconf 91' lang='lat' dir='ltr'><strong>solitudine.</strong></span> <span class='ocrx_word' id='word_1_479' title='bbox 1346 3335 1726 3403; x_wconf 78' lang='lat' dir='ltr'><strong>Exspectabam</strong></span> <span class='ocrx_word' id='word_1_480' title='bbox 1760 3350 1880 3389; x_wconf 90' lang='lat' dir='ltr'><strong>eum</strong></span> <span class='ocrx_word' id='word_1_481' title='bbox 1923 3337 2008 3404; x_wconf 88' lang='lat' dir='ltr'><strong>qui</strong></span> <span class='ocrx_word' id='word_1_482' title='bbox 2037 3338 2147 3389; x_wconf 84' lang='lat' dir='ltr'><strong>sal-</strong></span> 
     </span>
    </p>
   </div>
   <div class='ocr_carea' id='block_1_65' title="bbox 580 3428 2148 3499">
    <p class='ocr_par' dir='ltr' id='par_1_65' title="bbox 580 3428 2148 3499">
     <span class='ocr_line' id='line_1_65' title="bbox 580 3428 2148 3499; baseline 0.003 -23"><span class='ocrx_word' id='word_1_483' title='bbox 580 3443 699 3481; x_wconf 75' lang='lat' dir='ltr'><strong>vum</strong></span> <span class='ocrx_word' id='word_1_484' title='bbox 728 3445 812 3483; x_wconf 90' lang='lat' dir='ltr'><strong>me</strong></span> <span class='ocrx_word' id='word_1_485' title='bbox 842 3428 965 3483; x_wconf 87' lang='lat' dir='ltr'><strong>facit</strong></span> <span class='ocrx_word' id='word_1_486' title='bbox 994 3445 1022 3484; x_wconf 87' lang='lat' dir='ltr'><strong>a</strong></span> <span class='ocrx_word' id='word_1_487' title='bbox 1056 3431 1490 3498; x_wconf 86' lang='lat' dir='ltr'><strong>pusillanimitate</strong></span> <span class='ocrx_word' id='word_1_488' title='bbox 1535 3440 1588 3484; x_wconf 89' lang='lat' dir='ltr'><strong>et</strong></span> <span class='ocrx_word' id='word_1_489' title='bbox 1636 3438 1947 3494; x_wconf 87' lang='lat' dir='ltr'><strong>tempestate</strong></span> <span class='ocrx_word' id='word_1_490' title='bbox 1979 3429 2148 3499; x_wconf 78' lang='lat' dir='ltr'><strong>(Psal.</strong></span> 
     </span>
    </p>
   </div>
   <div class='ocr_carea' id='block_1_66' title="bbox 583 3520 2152 3592">
    <p class='ocr_par' dir='ltr' id='par_1_66' title="bbox 583 3520 2152 3592">
     <span class='ocr_line' id='line_1_66' title="bbox 583 3520 2152 3592; baseline 0.004 -21"><span class='ocrx_word' id='word_1_491' title='bbox 583 3520 709 3586; x_wconf 79' lang='lat' dir='ltr'><strong>LIV).</strong></span> <span class='ocrx_word' id='word_1_492' title='bbox 754 3521 864 3575; x_wconf 84' lang='lat' dir='ltr'><strong>lloc</strong></span> <span class='ocrx_word' id='word_1_493' title='bbox 905 3532 1082 3577; x_wconf 84' lang='lat' dir='ltr'><strong>autem</strong></span> <span class='ocrx_word' id='word_1_494' title='bbox 1130 3523 1320 3577; x_wconf 88' lang='lat' dir='ltr'><strong>accidit</strong></span> <span class='ocrx_word' id='word_1_495' title='bbox 1364 3522 1541 3576; x_wconf 88' lang='lat' dir='ltr'><strong>multis</strong></span> <span class='ocrx_word' id='word_1_496' title='bbox 1587 3537 1797 3592; x_wconf 91' lang='lat' dir='ltr'><strong>quoque</strong></span> <span class='ocrx_word' id='word_1_497' title='bbox 1843 3538 1909 3576; x_wconf 82' lang='lat' dir='ltr'><strong>ex</strong></span> <span class='ocrx_word' id='word_1_498' title='bbox 1959 3523 2152 3578; x_wconf 88' lang='lat' dir='ltr'><strong>nostris</strong></span> 
     </span>
    </p>
   </div>
   <div class='ocr_carea' id='block_1_67' title="bbox 587 3608 2153 3682">
    <p class='ocr_par' dir='ltr' id='par_1_67' title="bbox 587 3608 2153 3682">
     <span class='ocr_line' id='line_1_67' title="bbox 587 3608 2153 3682; baseline 0.006 -25"><span class='ocrx_word' id='word_1_499' title='bbox 587 3608 878 3675; x_wconf 77' lang='lat' dir='ltr'><strong>fratribus,</strong></span> <span class='ocrx_word' id='word_1_500' title='bbox 949 3622 1001 3667; x_wconf 89' lang='lat' dir='ltr'><strong>et</strong></span> <span class='ocrx_word' id='word_1_501' title='bbox 1060 3621 1278 3682; x_wconf 87' lang='lat' dir='ltr'><strong>propter</strong></span> <span class='ocrx_word' id='word_1_502' title='bbox 1328 3612 1684 3681; x_wconf 84' lang='lat' dir='ltr'><strong>arrogantiam</strong></span> <span class='ocrx_word' id='word_1_503' title='bbox 1749 3611 2064 3667; x_wconf 76' lang='lat' dir='ltr'><strong>exciderunt</strong></span> <span class='ocrx_word' id='word_1_504' title='bbox 2124 3628 2153 3666; x_wconf 92' lang='lat' dir='ltr'><strong>a</strong></span> 
     </span>
    </p>
   </div>
   <div class='ocr_carea' id='block_1_68' title="bbox 583 3712 1594 3827">
    <p class='ocr_par' dir='ltr' id='par_1_68' title="bbox 583 3712 1594 3827">
     <span class='ocr_line' id='line_1_68' title="bbox 583 3712 767 3767; baseline 0.022 -16"><span class='ocrx_word' id='word_1_505' title='bbox 583 3712 767 3767; x_wconf 76' lang='lat' dir='ltr'><strong>scapo.</strong></span> 
     </span>
     <span class='ocr_line' id='line_1_69' title="bbox 654 3770 1594 3827; baseline 0.002 -2"><span class='ocrx_word' id='word_1_506' title='bbox 654 3770 659 3781; x_wconf 76' lang='grc'><em>“</em></span> <span class='ocrx_word' id='word_1_507' title='bbox 1156 3771 1379 3827; x_wconf 78' lang='lat' dir='ltr'><strong>CAPUT</strong></span> <span class='ocrx_word' id='word_1_508' title='bbox 1411 3771 1594 3827; x_wconf 83' lang='lat' dir='ltr'><strong>XLIV.</strong></span> 
     </span>
    </p>
   </div>
   <div class='ocr_carea' id='block_1_69' title="bbox 716 3880 2050 3955">
    <p class='ocr_par' dir='ltr' id='par_1_69' title="bbox 716 3880 2050 3955">
     <span class='ocr_line' id='line_1_70' title="bbox 716 3880 2050 3955; baseline 0.004 -23"><span class='ocrx_word' id='word_1_509' title='bbox 716 3880 958 3935; x_wconf 72' lang='lat' dir='ltr'><strong>Narratio</strong></span> <span class='ocrx_word' id='word_1_510' title='bbox 988 3882 1182 3936; x_wconf 75' lang='lat' dir='ltr'><strong>abbatis</strong></span> <span class='ocrx_word' id='word_1_511' title='bbox 1209 3882 1426 3937; x_wconf 81' lang='lat' dir='ltr'><strong>Joannis</strong></span> <span class='ocrx_word' id='word_1_512' title='bbox 1452 3884 1513 3937; x_wconf 83' lang='lat' dir='ltr'><strong>de</strong></span> <span class='ocrx_word' id='word_1_513' title='bbox 1542 3901 1597 3938; x_wconf 85' lang='lat' dir='ltr'><strong>eo</strong></span> <span class='ocrx_word' id='word_1_514' title='bbox 1624 3884 1711 3955; x_wconf 83' lang='lat' dir='ltr'><strong>qui</strong></span> <span class='ocrx_word' id='word_1_515' title='bbox 1741 3884 1911 3953; x_wconf 77' lang='lat' dir='ltr'><strong>lapsus</strong></span> <span class='ocrx_word' id='word_1_516' title='bbox 1937 3886 2050 3939; x_wconf 68' lang='lat' dir='ltr'><strong>est.‘</strong></span> 
     </span>
    </p>
   </div>
   <div class='ocr_carea' id='block_1_70' title="bbox 659 3971 2160 4046">
    <p class='ocr_par' dir='ltr' id='par_1_70' title="bbox 659 3971 2160 4046">
     <span class='ocr_line' id='line_1_71' title="bbox 659 3971 2160 4046; baseline 0.003 -21"><span class='ocrx_word' id='word_1_517' title='bbox 659 3971 786 4025; x_wconf 88' lang='lat' dir='ltr'><strong>Erat</strong></span> <span class='ocrx_word' id='word_1_518' title='bbox 814 3974 986 4040; x_wconf 79' lang='lat' dir='ltr'><strong>enim,</strong></span> <span class='ocrx_word' id='word_1_519' title='bbox 1017 3975 1225 4044; x_wconf 88' lang='lat' dir='ltr'><strong>inquit,</strong></span> <span class='ocrx_word' id='word_1_520' title='bbox 1261 3976 1475 4045; x_wconf 90' lang='lat' dir='ltr'><strong>quidam</strong></span> <span class='ocrx_word' id='word_1_521' title='bbox 1507 3976 1797 4031; x_wconf 87' lang='lat' dir='ltr'><strong>monachus</strong></span> <span class='ocrx_word' id='word_1_522' title='bbox 1836 3977 1924 4046; x_wconf 87' lang='lat' dir='ltr'><strong>qui</strong></span> <span class='ocrx_word' id='word_1_523' title='bbox 1955 3977 2007 4030; x_wconf 90' lang='lat' dir='ltr'><strong>in</strong></span> <span class='ocrx_word' id='word_1_524' title='bbox 2039 3992 2160 4045; x_wconf 86' lang='lat' dir='ltr'><strong>pro-</strong></span> 
     </span>
    </p>
   </div>
   <div class='ocr_carea' id='block_1_71' title="bbox 584 4063 2156 4136">
    <p class='ocr_par' dir='ltr' id='par_1_71' title="bbox 584 4063 2156 4136">
     <span class='ocr_line' id='line_1_72' title="bbox 584 4063 2156 4136; baseline 0.006 -24"><span class='ocrx_word' id='word_1_525' title='bbox 584 4063 780 4131; x_wconf 83' lang='lat' dir='ltr'><strong>pinqua</strong></span> <span class='ocrx_word' id='word_1_526' title='bbox 828 4066 1115 4118; x_wconf 71' lang='lat' dir='ltr'><strong>solitudine</strong></span> <span class='ocrx_word' id='word_1_527' title='bbox 1163 4066 1386 4134; x_wconf 90' lang='lat' dir='ltr'><strong>degebat</strong></span> <span class='ocrx_word' id='word_1_528' title='bbox 1436 4066 1487 4119; x_wconf 93' lang='lat' dir='ltr'><strong>in</strong></span> <span class='ocrx_word' id='word_1_529' title='bbox 1542 4068 1831 4136; x_wconf 89' lang='lat' dir='ltr'><strong>spelunca,</strong></span> <span class='ocrx_word' id='word_1_530' title='bbox 1863 4076 1914 4121; x_wconf 90' lang='lat' dir='ltr'><strong>ct</strong></span> <span class='ocrx_word' id='word_1_531' title='bbox 1943 4082 2156 4122; x_wconf 89' lang='lat' dir='ltr'><strong>omnem</strong></span> 
     </span>
    </p>
   </div>
   <div class='ocr_carea' id='block_1_72' title="bbox 584 4153 2159 4227">
    <p class='ocr_par' dir='ltr' id='par_1_72' title="bbox 584 4153 2159 4227">
     <span class='ocr_line' id='line_1_73' title="bbox 584 4153 2159 4227; baseline 0.007 -24"><span class='ocrx_word' id='word_1_532' title='bbox 584 4153 888 4207; x_wconf 73' lang='lat' dir='ltr'><strong>ostenderat</strong></span> <span class='ocrx_word' id='word_1_533' title='bbox 918 4157 1352 4209; x_wconf 69' lang='lat' dir='ltr'><strong>exercitationem</strong></span> <span class='ocrx_word' id='word_1_534' title='bbox 1382 4198 1397 4221; x_wconf 91' lang='lat'><strong>,</strong></span> <span class='ocrx_word' id='word_1_535' title='bbox 1435 4165 1489 4210; x_wconf 89' lang='lat' dir='ltr'><strong>et</strong></span> <span class='ocrx_word' id='word_1_536' title='bbox 1522 4158 1749 4227; x_wconf 85' lang='lat' dir='ltr'><strong>propriis</strong></span> <span class='ocrx_word' id='word_1_537' title='bbox 1788 4158 2033 4211; x_wconf 85' lang='lat' dir='ltr'><strong>manibus</strong></span> <span class='ocrx_word' id='word_1_538' title='bbox 2067 4174 2159 4225; x_wconf 83' lang='lat' dir='ltr'><strong>pa-</strong></span> 
     </span>
    </p>
   </div>
   <div class='ocr_carea' id='block_1_73' title="bbox 585 4241 2157 4316">
    <p class='ocr_par' dir='ltr' id='par_1_73' title="bbox 585 4241 2157 4316">
     <span class='ocr_line' id='line_1_74' title="bbox 585 4241 2157 4316; baseline 0.007 -24"><span class='ocrx_word' id='word_1_539' title='bbox 585 4255 704 4294; x_wconf 89' lang='lat' dir='ltr'><strong>nem</strong></span> <span class='ocrx_word' id='word_1_540' title='bbox 736 4241 833 4293; x_wconf 88' lang='lat' dir='ltr'><strong>sibi</strong></span> <span class='ocrx_word' id='word_1_541' title='bbox 866 4244 1347 4311; x_wconf 70' lang='lat' dir='ltr'><strong>qurerehat(liu/f.,</strong></span> <span class='ocrx_word' id='word_1_542' title='bbox 1381 4247 1466 4300; x_wconf 82' lang='lat' dir='ltr'><strong>lib.</strong></span> <span class='ocrx_word' id='word_1_543' title='bbox 1493 4262 1527 4299; x_wconf 92' lang='lat' dir='ltr'><strong>ll</strong></span> <span class='ocrx_word' id='word_1_544' title='bbox 1550 4287 1563 4311; x_wconf 91' lang='lat'><strong>,</strong></span> <span class='ocrx_word' id='word_1_545' title='bbox 1603 4263 1719 4314; x_wconf 84' lang='lat' dir='ltr'><strong>cap.</strong></span> <span class='ocrx_word' id='word_1_546' title='bbox 1756 4246 1828 4309; x_wconf 85' lang='grc'><strong>1).</strong></span> <span class='ocrx_word' id='word_1_547' title='bbox 1876 4248 2157 4316; x_wconf 87' lang='lat' dir='ltr'><strong>Postquam</strong></span> 
     </span>
    </p>
   </div>
   <div class='ocr_carea' id='block_1_74' title="bbox 589 4334 2157 4406">
    <p class='ocr_par' dir='ltr' id='par_1_74' title="bbox 589 4334 2157 4406">
     <span class='ocr_line' id='line_1_75' title="bbox 589 4334 2157 4406; baseline 0.008 -24"><span class='ocrx_word' id='word_1_548' title='bbox 589 4341 763 4382; x_wconf 86' lang='lat' dir='ltr'><strong>autem</strong></span> <span class='ocrx_word' id='word_1_549' title='bbox 796 4335 1085 4399; x_wconf 86' lang='lat' dir='ltr'><strong>permansit</strong></span> <span class='ocrx_word' id='word_1_550' title='bbox 1116 4334 1165 4386; x_wconf 92' lang='lat' dir='ltr'><strong>in</strong></span> <span class='ocrx_word' id='word_1_551' title='bbox 1193 4338 1521 4390; x_wconf 86' lang='lat' dir='ltr'><strong>orationibus</strong></span> <span class='ocrx_word' id='word_1_552' title='bbox 1547 4378 1560 4398; x_wconf 86' lang='lat'><strong>,</strong></span> <span class='ocrx_word' id='word_1_553' title='bbox 1593 4348 1644 4390; x_wconf 87' lang='lat' dir='ltr'><strong>et</strong></span> <span class='ocrx_word' id='word_1_554' title='bbox 1696 4338 1918 4406; x_wconf 89' lang='lat' dir='ltr'><strong>profecit</strong></span> <span class='ocrx_word' id='word_1_555' title='bbox 1949 4341 2157 4393; x_wconf 89' lang='lat' dir='ltr'><strong>virtuti-</strong></span> 
     </span>
    </p>
   </div>
   <div class='ocr_carea' id='block_1_75' title="bbox 588 4419 2160 4497">
    <p class='ocr_par' dir='ltr' id='par_1_75' title="bbox 588 4419 2160 4497">
     <span class='ocr_line' id='line_1_76' title="bbox 588 4419 2160 4497; baseline 0.008 -26"><span class='ocrx_word' id='word_1_556' title='bbox 588 4419 705 4485; x_wconf 87' lang='lat' dir='ltr'><strong>hns,</strong></span> <span class='ocrx_word' id='word_1_557' title='bbox 740 4422 790 4473; x_wconf 92' lang='lat' dir='ltr'><strong>in</strong></span> <span class='ocrx_word' id='word_1_558' title='bbox 820 4423 995 4488; x_wconf 89' lang='lat' dir='ltr'><strong>seipso</strong></span> <span class='ocrx_word' id='word_1_559' title='bbox 1025 4424 1272 4491; x_wconf 88' lang='lat' dir='ltr'><strong>deinceps</strong></span> <span class='ocrx_word' id='word_1_560' title='bbox 1307 4428 1492 4479; x_wconf 83' lang='lat' dir='ltr'><strong>habuit</strong></span> <span class='ocrx_word' id='word_1_561' title='bbox 1536 4428 1777 4482; x_wconf 83' lang='lat' dir='ltr'><strong>ﬁduciam</strong></span> <span class='ocrx_word' id='word_1_562' title='bbox 1805 4471 1819 4493; x_wconf 92' lang='lat'><strong>,</strong></span> <span class='ocrx_word' id='word_1_563' title='bbox 1850 4427 2014 4484; x_wconf 89' lang='lat' dir='ltr'><strong>fretus</strong></span> <span class='ocrx_word' id='word_1_564' title='bbox 2046 4430 2160 4497; x_wconf 89' lang='lat' dir='ltr'><strong>pul-</strong></span> 
     </span>
    </p>
   </div>
   <div class='ocr_carea' id='block_1_76' title="bbox 587 4511 2156 4588">
    <p class='ocr_par' dir='ltr' id='par_1_76' title="bbox 587 4511 2156 4588">
     <span class='ocr_line' id='line_1_77' title="bbox 587 4511 2156 4588; baseline 0.008 -25"><span class='ocrx_word' id='word_1_565' title='bbox 587 4511 717 4563; x_wconf 83' lang='lat' dir='ltr'><strong>chro</strong></span> <span class='ocrx_word' id='word_1_566' title='bbox 747 4528 855 4564; x_wconf 72' lang='lat' dir='ltr'><strong>sum</strong></span> <span class='ocrx_word' id='word_1_567' title='bbox 887 4515 1006 4567; x_wconf 77' lang='lat' dir='ltr'><strong>vita:</strong></span> <span class='ocrx_word' id='word_1_568' title='bbox 1038 4516 1295 4569; x_wconf 88' lang='lat' dir='ltr'><strong>instituto.</strong></span> <span class='ocrx_word' id='word_1_569' title='bbox 1323 4518 1420 4582; x_wconf 87' lang='lat' dir='ltr'><strong>Qui</strong></span> <span class='ocrx_word' id='word_1_570' title='bbox 1449 4530 1623 4571; x_wconf 83' lang='lat' dir='ltr'><strong>autent</strong></span> <span class='ocrx_word' id='word_1_571' title='bbox 1656 4528 1845 4583; x_wconf 88' lang='lat' dir='ltr'><strong>tentat,</strong></span> <span class='ocrx_word' id='word_1_572' title='bbox 1878 4535 1995 4573; x_wconf 87' lang='lat' dir='ltr'><strong>eum</strong></span> <span class='ocrx_word' id='word_1_573' title='bbox 2028 4536 2156 4588; x_wconf 82' lang='lat' dir='ltr'><strong>quo-</strong></span> 
     </span>
    </p>
   </div>
   <div class='ocr_carea' id='block_1_77' title="bbox 2258 3333 3831 3406">
    <p class='ocr_par' dir='ltr' id='par_1_77' title="bbox 2258 3333 3831 3406">
     <span class='ocr_line' id='line_1_78' title="bbox 2258 3333 3831 3406; baseline -0.002 -17"><span class='ocrx_word' id='word_1_574' title='bbox 2258 3337 2419 3389; x_wconf 86' lang='lat' dir='ltr'><strong>multa</strong></span> <span class='ocrx_word' id='word_1_575' title='bbox 2446 3336 2577 3389; x_wconf 91' lang='lat' dir='ltr'><strong>mala</strong></span> <span class='ocrx_word' id='word_1_576' title='bbox 2602 3335 2829 3398; x_wconf 86' lang='lat' dir='ltr'><strong>fecerat,</strong></span> <span class='ocrx_word' id='word_1_577' title='bbox 2854 3345 2907 3390; x_wconf 92' lang='lat' dir='ltr'><strong>et</strong></span> <span class='ocrx_word' id='word_1_578' title='bbox 2928 3337 3155 3406; x_wconf 84' lang='lat' dir='ltr'><strong>graviter</strong></span> <span class='ocrx_word' id='word_1_579' title='bbox 3180 3343 3493 3404; x_wconf 82' lang='lat' dir='ltr'><strong>peccaverat</strong></span> <span class='ocrx_word' id='word_1_580' title='bbox 3520 3333 3717 3402; x_wconf 58' lang='lat' dir='ltr'><strong>(nam,</strong></span> <span class='ocrx_word' id='word_1_581' title='bbox 3745 3336 3831 3386; x_wconf 78' lang='lat' dir='ltr'><strong>lib.</strong></span> 
     </span>
    </p>
   </div>
   <div class='ocr_carea' id='block_1_78' title="bbox 2257 3427 3833 3498">
    <p class='ocr_par' dir='ltr' id='par_1_78' title="bbox 2257 3427 3833 3498">
     <span class='ocr_line' id='line_1_79' title="bbox 2257 3427 3833 3498; baseline -0.001 -17"><span class='ocrx_word' id='word_1_582' title='bbox 2257 3444 2324 3493; x_wconf 90' lang='lat' dir='ltr'><strong>ll,</strong></span> <span class='ocrx_word' id='word_1_583' title='bbox 2355 3444 2469 3496; x_wconf 87' lang='lat' dir='ltr'><strong>cap.</strong></span> <span class='ocrx_word' id='word_1_584' title='bbox 2500 3427 2585 3498; x_wconf 79' lang='grc'><strong>1).</strong></span> <span class='ocrx_word' id='word_1_585' title='bbox 2630 3428 2733 3497; x_wconf 92' lang='lat' dir='ltr'><strong>Qui</strong></span> <span class='ocrx_word' id='word_1_586' title='bbox 2780 3429 2871 3483; x_wconf 89' lang='lat' dir='ltr'><strong>Dei</strong></span> <span class='ocrx_word' id='word_1_587' title='bbox 2920 3437 3080 3488; x_wconf 88' lang='lat' dir='ltr'><strong>nutu,</strong></span> <span class='ocrx_word' id='word_1_588' title='bbox 3134 3438 3352 3495; x_wconf 89' lang='lat' dir='ltr'><strong>propter</strong></span> <span class='ocrx_word' id='word_1_589' title='bbox 3402 3428 3570 3479; x_wconf 85' lang='lat' dir='ltr'><strong>multa</strong></span> <span class='ocrx_word' id='word_1_590' title='bbox 3625 3438 3833 3494; x_wconf 51' lang='lat' dir='ltr'><strong>peccat:</strong></span> 
     </span>
    </p>
   </div>
   <div class='ocr_carea' id='block_1_79' title="bbox 2256 3518 3834 3588">
    <p class='ocr_par' dir='ltr' id='par_1_79' title="bbox 2256 3518 3834 3588">
     <span class='ocr_line' id='line_1_80' title="bbox 2256 3518 3834 3588; baseline -0.003 -14"><span class='ocrx_word' id='word_1_591' title='bbox 2256 3529 2627 3588; x_wconf 87' lang='lat' dir='ltr'><strong>compunctus,</strong></span> <span class='ocrx_word' id='word_1_592' title='bbox 2658 3519 2879 3574; x_wconf 87' lang='lat' dir='ltr'><strong>veniens</strong></span> <span class='ocrx_word' id='word_1_593' title='bbox 2906 3518 2971 3573; x_wconf 87' lang='lat' dir='ltr'><strong>ad</strong></span> <span class='ocrx_word' id='word_1_594' title='bbox 3013 3518 3272 3587; x_wconf 88' lang='lat' dir='ltr'><strong>sepulcra,</strong></span> <span class='ocrx_word' id='word_1_595' title='bbox 3309 3518 3547 3584; x_wconf 88' lang='lat' dir='ltr'><strong>priorem</strong></span> <span class='ocrx_word' id='word_1_596' title='bbox 3574 3533 3727 3570; x_wconf 83' lang='lat' dir='ltr'><strong>suam</strong></span> <span class='ocrx_word' id='word_1_597' title='bbox 3762 3520 3834 3571; x_wconf 76' lang='lat' dir='ltr'><strong>vi-</strong></span> 
     </span>
    </p>
   </div>
   <div class='ocr_carea' id='block_1_80' title="bbox 2261 3606 3836 3680">
    <p class='ocr_par' dir='ltr' id='par_1_80' title="bbox 2261 3606 3836 3680">
     <span class='ocr_line' id='line_1_81' title="bbox 2261 3606 3836 3680; baseline -0.001 -15"><span class='ocrx_word' id='word_1_598' title='bbox 2261 3623 2363 3665; x_wconf 89' lang='lat' dir='ltr'><strong>tam</strong></span> <span class='ocrx_word' id='word_1_599' title='bbox 2395 3611 2634 3675; x_wconf 83' lang='lat' dir='ltr'><strong>deflevit;</strong></span> <span class='ocrx_word' id='word_1_600' title='bbox 2683 3613 2877 3680; x_wconf 74' lang='lat' dir='ltr'><strong>pronus</strong></span> <span class='ocrx_word' id='word_1_601' title='bbox 2921 3611 3114 3665; x_wconf 85' lang='lat' dir='ltr'><strong>eadcns</strong></span> <span class='ocrx_word' id='word_1_602' title='bbox 3144 3613 3194 3663; x_wconf 93' lang='lat' dir='ltr'><strong>in</strong></span> <span class='ocrx_word' id='word_1_603' title='bbox 3235 3606 3424 3663; x_wconf 77' lang='lat' dir='ltr'><strong>faciem</strong></span> <span class='ocrx_word' id='word_1_604' title='bbox 3448 3652 3461 3673; x_wconf 82' lang='lat'><strong>,</strong></span> <span class='ocrx_word' id='word_1_605' title='bbox 3494 3618 3553 3664; x_wconf 85' lang='lat' dir='ltr'><strong>et</strong></span> <span class='ocrx_word' id='word_1_606' title='bbox 3600 3626 3708 3663; x_wconf 91' lang='lat' dir='ltr'><strong>non</strong></span> <span class='ocrx_word' id='word_1_607' title='bbox 3747 3625 3836 3663; x_wconf 85' lang='lat' dir='ltr'><strong>au-</strong></span> 
     </span>
    </p>
   </div>
   <div class='ocr_carea' id='block_1_81' title="bbox 2258 3688 3836 3768">
    <p class='ocr_par' dir='ltr' id='par_1_81' title="bbox 2258 3688 3836 3768">
     <span class='ocr_line' id='line_1_82' title="bbox 2258 3688 3836 3768; baseline 0 -14"><span class='ocrx_word' id='word_1_608' title='bbox 2258 3700 2389 3755; x_wconf 92' lang='lat' dir='ltr'><strong>dens</strong></span> <span class='ocrx_word' id='word_1_609' title='bbox 2435 3716 2615 3755; x_wconf 86' lang='lat' dir='ltr'><strong>vocem</strong></span> <span class='ocrx_word' id='word_1_610' title='bbox 2647 3688 2931 3764; x_wconf 52' lang='lat' dir='ltr'><strong>&#39;emittere,</strong></span> <span class='ocrx_word' id='word_1_611' title='bbox 2981 3715 3080 3753; x_wconf 90' lang='lat' dir='ltr'><strong>nec</strong></span> <span class='ocrx_word' id='word_1_612' title='bbox 3118 3700 3278 3753; x_wconf 90' lang='lat' dir='ltr'><strong>Deum</strong></span> <span class='ocrx_word' id='word_1_613' title='bbox 3327 3702 3633 3763; x_wconf 85' lang='lat' dir='ltr'><strong>nominare,</strong></span> <span class='ocrx_word' id='word_1_614' title='bbox 3670 3716 3836 3768; x_wconf 80' lang='lat' dir='ltr'><strong>neque</strong></span> 
     </span>
    </p>
   </div>
   <div class='ocr_carea' id='block_1_82' title="bbox 2258 3790 3836 3860">
    <p class='ocr_par' dir='ltr' id='par_1_82' title="bbox 2258 3790 3836 3860">
     <span class='ocr_line' id='line_1_83' title="bbox 2258 3790 3836 3860; baseline -0.002 -15"><span class='ocrx_word' id='word_1_615' title='bbox 2258 3792 2576 3858; x_wconf 87' lang='lat' dir='ltr'><strong>supplicare,</strong></span> <span class='ocrx_word' id='word_1_616' title='bbox 2610 3790 2725 3859; x_wconf 89' lang='lat' dir='ltr'><strong>ipsa</strong></span> <span class='ocrx_word' id='word_1_617' title='bbox 2758 3805 2967 3860; x_wconf 89' lang='lat' dir='ltr'><strong>quoque</strong></span> <span class='ocrx_word' id='word_1_618' title='bbox 2995 3791 3097 3842; x_wconf 88' lang='lat' dir='ltr'><strong>vita</strong></span> <span class='ocrx_word' id='word_1_619' title='bbox 3138 3791 3368 3859; x_wconf 85' lang='lat' dir='ltr'><strong>seipsum</strong></span> <span class='ocrx_word' id='word_1_620' title='bbox 3418 3790 3699 3857; x_wconf 84' lang='lat' dir='ltr'><strong>indignum</strong></span> <span class='ocrx_word' id='word_1_621' title='bbox 3730 3794 3836 3844; x_wconf 69' lang='lat' dir='ltr'><strong>eri-</strong></span> 
     </span>
    </p>
   </div>
   <div class='ocr_carea' id='block_1_83' title="bbox 2259 3881 3836 3949">
    <p class='ocr_par' dir='ltr' id='par_1_83' title="bbox 2259 3881 3836 3949">
     <span class='ocr_line' id='line_1_84' title="bbox 2259 3881 3836 3949; baseline 0.001 -15"><span class='ocrx_word' id='word_1_622' title='bbox 2259 3882 2501 3934; x_wconf 91' lang='lat' dir='ltr'><strong>stimans.</strong></span> <span class='ocrx_word' id='word_1_623' title='bbox 2528 3881 2737 3935; x_wconf 84' lang='lat' dir='ltr'><strong>Etcum</strong></span> <span class='ocrx_word' id='word_1_624' title='bbox 2769 3894 2891 3936; x_wconf 86' lang='lat' dir='ltr'><strong>ante</strong></span> <span class='ocrx_word' id='word_1_625' title='bbox 2921 3890 3143 3934; x_wconf 91' lang='lat' dir='ltr'><strong>mortem</strong></span> <span class='ocrx_word' id='word_1_626' title='bbox 3171 3897 3229 3934; x_wconf 90' lang='lat' dir='ltr'><strong>se</strong></span> <span class='ocrx_word' id='word_1_627' title='bbox 3254 3881 3563 3935; x_wconf 79' lang='lat' dir='ltr'><strong>inclusisSet</strong></span> <span class='ocrx_word' id='word_1_628' title='bbox 3593 3884 3646 3935; x_wconf 92' lang='lat' dir='ltr'><strong>in</strong></span> <span class='ocrx_word' id='word_1_629' title='bbox 3674 3884 3836 3949; x_wconf 75' lang='lat' dir='ltr'><strong>sepul-</strong></span> 
     </span>
    </p>
   </div>
   <div class='ocr_carea' id='block_1_84' title="bbox 2258 3971 3834 4038">
    <p class='ocr_par' dir='ltr' id='par_1_84' title="bbox 2258 3971 3834 4038">
     <span class='ocr_line' id='line_1_85' title="bbox 2258 3971 3834 4038; baseline 0 -13"><span class='ocrx_word' id='word_1_630' title='bbox 2258 3973 2364 4026; x_wconf 90' lang='lat' dir='ltr'><strong>cris</strong></span> <span class='ocrx_word' id='word_1_631' title='bbox 2387 3981 2713 4026; x_wconf 87' lang='lat' dir='ltr'><strong>mortuorum</strong></span> <span class='ocrx_word' id='word_1_632' title='bbox 2734 4013 2749 4037; x_wconf 91' lang='lat'><strong>,</strong></span> <span class='ocrx_word' id='word_1_633' title='bbox 2781 3980 2834 4025; x_wconf 92' lang='lat' dir='ltr'><strong>et</strong></span> <span class='ocrx_word' id='word_1_634' title='bbox 2870 3986 3018 4025; x_wconf 89' lang='lat' dir='ltr'><strong>suam</strong></span> <span class='ocrx_word' id='word_1_635' title='bbox 3048 3972 3204 4025; x_wconf 82' lang='lat' dir='ltr'><strong>vitam</strong></span> <span class='ocrx_word' id='word_1_636' title='bbox 3233 3971 3468 4037; x_wconf 87' lang='lat' dir='ltr'><strong>diceret,</strong></span> <span class='ocrx_word' id='word_1_637' title='bbox 3498 3974 3749 4038; x_wconf 79' lang='lat' dir='ltr'><strong>gemebat</strong></span> <span class='ocrx_word' id='word_1_638' title='bbox 3775 3989 3834 4025; x_wconf 79' lang='lat' dir='ltr'><strong>ex</strong></span> 
     </span>
    </p>
   </div>
   <div class='ocr_carea' id='block_1_85' title="bbox 2259 4062 3835 4132">
    <p class='ocr_par' dir='ltr' id='par_1_85' title="bbox 2259 4062 3835 4132">
     <span class='ocr_line' id='line_1_86' title="bbox 2259 4062 3835 4132; baseline 0 -17"><span class='ocrx_word' id='word_1_639' title='bbox 2259 4062 2520 4131; x_wconf 87' lang='lat' dir='ltr'><strong>profundo</strong></span> <span class='ocrx_word' id='word_1_640' title='bbox 2546 4062 2744 4117; x_wconf 87' lang='lat' dir='ltr'><strong>cordis.</strong></span> <span class='ocrx_word' id='word_1_641' title='bbox 2771 4062 2900 4116; x_wconf 90' lang='lat' dir='ltr'><strong>Cum</strong></span> <span class='ocrx_word' id='word_1_642' title='bbox 2927 4062 3036 4131; x_wconf 88' lang='lat' dir='ltr'><strong>jam</strong></span> <span class='ocrx_word' id='word_1_643' title='bbox 3065 4071 3236 4114; x_wconf 89' lang='lat' dir='ltr'><strong>autem</strong></span> <span class='ocrx_word' id='word_1_644' title='bbox 3261 4063 3329 4115; x_wconf 91' lang='lat' dir='ltr'><strong>ab</strong></span> <span class='ocrx_word' id='word_1_645' title='bbox 3352 4077 3419 4115; x_wconf 88' lang='lat' dir='ltr'><strong>eo</strong></span> <span class='ocrx_word' id='word_1_646' title='bbox 3443 4075 3691 4132; x_wconf 87' lang='lat' dir='ltr'><strong>tempore</strong></span> <span class='ocrx_word' id='word_1_647' title='bbox 3720 4079 3835 4130; x_wconf 66' lang='lat' dir='ltr'><strong>pne-</strong></span> 
     </span>
    </p>
   </div>
   <div class='ocr_carea' id='block_1_86' title="bbox 2265 4154 3831 4217">
    <p class='ocr_par' dir='ltr' id='par_1_86' title="bbox 2265 4154 3831 4217">
     <span class='ocr_line' id='line_1_87' title="bbox 2265 4154 3831 4217; baseline 0 -10"><span class='ocrx_word' id='word_1_648' title='bbox 2265 4154 2501 4208; x_wconf 73' lang='lat' dir='ltr'><strong>teriisset</strong></span> <span class='ocrx_word' id='word_1_649' title='bbox 2547 4154 2899 4216; x_wconf 87' lang='lat' dir='ltr'><strong>hebdomada,</strong></span> <span class='ocrx_word' id='word_1_650' title='bbox 2942 4163 3098 4207; x_wconf 91' lang='lat' dir='ltr'><strong>noctu</strong></span> <span class='ocrx_word' id='word_1_651' title='bbox 3141 4155 3189 4207; x_wconf 92' lang='lat' dir='ltr'><strong>ei</strong></span> <span class='ocrx_word' id='word_1_652' title='bbox 3238 4154 3503 4207; x_wconf 54' lang='lat' dir='ltr'><strong>assistunt</strong></span> <span class='ocrx_word' id='word_1_653' title='bbox 3547 4156 3831 4217; x_wconf 73' lang='lat' dir='ltr'><strong>daemones,</strong></span> 
     </span>
    </p>
   </div>
   <div class='ocr_carea' id='block_1_87' title="bbox 2261 4244 3835 4314">
    <p class='ocr_par' dir='ltr' id='par_1_87' title="bbox 2261 4244 3835 4314">
     <span class='ocr_line' id='line_1_88' title="bbox 2261 4244 3835 4314; baseline 0.001 -19"><span class='ocrx_word' id='word_1_654' title='bbox 2261 4244 2348 4312; x_wconf 92' lang='lat' dir='ltr'><strong>qui</strong></span> <span class='ocrx_word' id='word_1_655' title='bbox 2374 4245 2488 4314; x_wconf 88' lang='lat' dir='ltr'><strong>ejus</strong></span> <span class='ocrx_word' id='word_1_656' title='bbox 2519 4246 2634 4297; x_wconf 67' lang='lat' dir='ltr'><strong>vite</strong></span> <span class='ocrx_word' id='word_1_657' title='bbox 2668 4246 2811 4313; x_wconf 93' lang='lat' dir='ltr'><strong>prius</strong></span> <span class='ocrx_word' id='word_1_658' title='bbox 2836 4244 3083 4297; x_wconf 84' lang='lat' dir='ltr'><strong>damnum</strong></span> <span class='ocrx_word' id='word_1_659' title='bbox 3115 4245 3431 4307; x_wconf 88' lang='lat' dir='ltr'><strong>attulerant,</strong></span> <span class='ocrx_word' id='word_1_660' title='bbox 3460 4244 3763 4303; x_wconf 83' lang='lat' dir='ltr'><strong>clamantes</strong></span> <span class='ocrx_word' id='word_1_661' title='bbox 3788 4257 3835 4297; x_wconf 87' lang='lat' dir='ltr'><strong>ct</strong></span> 
     </span>
    </p>
   </div>
   <div class='ocr_carea' id='block_1_88' title="bbox 2261 4336 3834 4405">
    <p class='ocr_par' dir='ltr' id='par_1_88' title="bbox 2261 4336 3834 4405">
     <span class='ocr_line' id='line_1_89' title="bbox 2261 4336 3834 4405; baseline -0.001 -15"><span class='ocrx_word' id='word_1_662' title='bbox 2261 4338 2499 4392; x_wconf 87' lang='lat' dir='ltr'><strong>dicentes</strong></span> <span class='ocrx_word' id='word_1_663' title='bbox 2525 4355 2536 4388; x_wconf 89' lang='lat'>:</span> <span class='ocrx_word' id='word_1_664' title='bbox 2567 4337 2665 4391; x_wconf 90' lang='lat' dir='ltr'><strong>Ubi</strong></span> <span class='ocrx_word' id='word_1_665' title='bbox 2695 4346 2774 4390; x_wconf 79' lang='lat' dir='ltr'><strong>est</strong></span> <span class='ocrx_word' id='word_1_666' title='bbox 2802 4337 2889 4391; x_wconf 90' lang='lat' dir='ltr'><strong>ille</strong></span> <span class='ocrx_word' id='word_1_667' title='bbox 2918 4337 3174 4390; x_wconf 90' lang='lat' dir='ltr'><strong>scelestus</strong></span> <span class='ocrx_word' id='word_1_668' title='bbox 3203 4346 3256 4389; x_wconf 89' lang='lat' dir='ltr'><strong>et</strong></span> <span class='ocrx_word' id='word_1_669' title='bbox 3290 4336 3569 4404; x_wconf 89' lang='lat' dir='ltr'><strong>profanus,</strong></span> <span class='ocrx_word' id='word_1_670' title='bbox 3604 4340 3696 4405; x_wconf 91' lang='lat' dir='ltr'><strong>qui</strong></span> <span class='ocrx_word' id='word_1_671' title='bbox 3731 4340 3834 4390; x_wconf 81' lang='lat' dir='ltr'><strong>libi-</strong></span> 
     </span>
    </p>
   </div>
   <div class='ocr_carea' id='block_1_89' title="bbox 2261 4427 3835 4495">
    <p class='ocr_par' dir='ltr' id='par_1_89' title="bbox 2261 4427 3835 4495">
     <span class='ocr_line' id='line_1_90' title="bbox 2261 4427 3835 4495; baseline -0.001 -14"><span class='ocrx_word' id='word_1_672' title='bbox 2261 4428 2471 4482; x_wconf 87' lang='lat' dir='ltr'><strong>dinibus</strong></span> <span class='ocrx_word' id='word_1_673' title='bbox 2502 4439 2553 4482; x_wconf 88' lang='lat' dir='ltr'><strong>et</strong></span> <span class='ocrx_word' id='word_1_674' title='bbox 2602 4427 2826 4481; x_wconf 78' lang='lat' dir='ltr'><strong>lasciviis</strong></span> <span class='ocrx_word' id='word_1_675' title='bbox 2866 4429 3174 4493; x_wconf 67' lang='lat' dir='ltr'><strong>essatiatus,</strong></span> <span class='ocrx_word' id='word_1_676' title='bbox 3204 4441 3344 4480; x_wconf 88' lang='lat' dir='ltr'><strong>nunc</strong></span> <span class='ocrx_word' id='word_1_677' title='bbox 3376 4428 3535 4480; x_wconf 88' lang='lat' dir='ltr'><strong>nobis</strong></span> <span class='ocrx_word' id='word_1_678' title='bbox 3579 4427 3835 4495; x_wconf 80' lang='lat' dir='ltr'><strong>intempe-</strong></span> 
     </span>
    </p>
   </div>
   <div class='ocr_carea' id='block_1_90' title="bbox 2264 4516 3839 4584">
    <p class='ocr_par' dir='ltr' id='par_1_90' title="bbox 2264 4516 3839 4584">
     <span class='ocr_line' id='line_1_91' title="bbox 2264 4516 3839 4584; baseline -0.001 -15"><span class='ocrx_word' id='word_1_679' title='bbox 2264 4518 2457 4581; x_wconf 85' lang='lat' dir='ltr'><strong>stivus,</strong></span> <span class='ocrx_word' id='word_1_680' title='bbox 2492 4525 2795 4584; x_wconf 79' lang='lat' dir='ltr'><strong>temperans</strong></span> <span class='ocrx_word' id='word_1_681' title='bbox 2822 4524 2875 4568; x_wconf 88' lang='lat' dir='ltr'><strong>ct</strong></span> <span class='ocrx_word' id='word_1_682' title='bbox 2920 4516 3171 4568; x_wconf 88' lang='lat' dir='ltr'><strong>honestus</strong></span> <span class='ocrx_word' id='word_1_683' title='bbox 3212 4526 3431 4582; x_wconf 83' lang='lat' dir='ltr'><strong>repente</strong></span> <span class='ocrx_word' id='word_1_684' title='bbox 3462 4516 3752 4583; x_wconf 82' lang='lat' dir='ltr'><strong>apparuit;</strong></span> <span class='ocrx_word' id='word_1_685' title='bbox 3795 4526 3839 4568; x_wconf 81' lang='lat' dir='ltr'><strong>et</strong></span> 
     </span>
    </p>
   </div>
   <div class='ocr_carea' id='block_1_91' title="bbox 587 4597 3839 4680">
    <p class='ocr_par' dir='ltr' id='par_1_91' title="bbox 587 4597 3839 4680">
     <span class='ocr_line' id='line_1_92' title="bbox 587 4597 3839 4680; baseline 0.005 -27"><span class='ocrx_word' id='word_1_686' title='bbox 587 4618 709 4669; x_wconf 88' lang='lat' dir='ltr'><strong>que,</strong></span> <span class='ocrx_word' id='word_1_687' title='bbox 740 4604 877 4656; x_wconf 89' lang='lat' dir='ltr'><strong>sicut</strong></span> <span class='ocrx_word' id='word_1_688' title='bbox 903 4603 1023 4669; x_wconf 85' lang='lat' dir='ltr'><strong>Job,</strong></span> <span class='ocrx_word' id='word_1_689' title='bbox 1052 4606 1266 4673; x_wconf 59' lang='lat' dir='ltr'><strong>expetiit</strong></span> <span class='ocrx_word' id='word_1_690' title='bbox 1296 4609 1359 4660; x_wconf 89' lang='lat' dir='ltr'><strong>ad</strong></span> <span class='ocrx_word' id='word_1_691' title='bbox 1393 4610 1700 4662; x_wconf 82' lang='lat' dir='ltr'><strong>tentandum</strong></span> <span class='ocrx_word' id='word_1_692' title='bbox 1727 4649 1743 4674; x_wconf 93' lang='lat'><strong>,</strong></span> <span class='ocrx_word' id='word_1_693' title='bbox 1777 4620 1828 4662; x_wconf 91' lang='lat' dir='ltr'><strong>et</strong></span> <span class='ocrx_word' id='word_1_694' title='bbox 1856 4611 1903 4663; x_wconf 85' lang='lat' dir='ltr'><strong>ci</strong></span> <span class='ocrx_word' id='word_1_695' title='bbox 1934 4627 2156 4680; x_wconf 83' lang='lat' dir='ltr'><strong>vespere</strong></span> <span class='ocrx_word' id='word_1_696' title='bbox 2191 4597 2241 4655; x_wconf 82' lang='lat' dir='ltr'><strong>D</strong></span> <span class='ocrx_word' id='word_1_697' title='bbox 2266 4606 2476 4673; x_wconf 81' lang='lat' dir='ltr'><strong>quando</strong></span> <span class='ocrx_word' id='word_1_698' title='bbox 2507 4621 2607 4657; x_wconf 79' lang='lat'><strong>&quot;0&quot;</strong></span> <span class='ocrx_word' id='word_1_699' title='bbox 2645 4615 2817 4674; x_wconf 76' lang='grc' dir='ltr'><strong>Ροιοδῐ</strong></span> <span class='ocrx_word' id='word_1_700' title='bbox 2859 4605 3104 4673; x_wconf 71' lang='lat' dir='ltr'><strong>amplius.</strong></span> <span class='ocrx_word' id='word_1_701' title='bbox 3134 4613 3257 4658; x_wconf 76' lang='grc' dir='ltr'><strong>ιιιιιο</strong></span> <span class='ocrx_word' id='word_1_702' title='bbox 3285 4606 3393 4657; x_wconf 67' lang='lat' dir='ltr'><strong>VU“</strong></span> <span class='ocrx_word' id='word_1_703' title='bbox 3434 4622 3562 4659; x_wconf 72' lang='lat' dir='ltr'><strong>esse</strong></span> <span class='ocrx_word' id='word_1_704' title='bbox 3592 4606 3839 4660; x_wconf 61' lang='lat' dir='ltr'><strong>Chris‘h-</strong></span> 
     </span>
    </p>
   </div>
   <div class='ocr_carea' id='block_1_92' title="bbox 592 4692 2161 4769">
    <p class='ocr_par' dir='ltr' id='par_1_92' title="bbox 592 4692 2161 4769">
     <span class='ocr_line' id='line_1_93' title="bbox 592 4692 2161 4769; baseline 0.01 -29"><span class='ocrx_word' id='word_1_705' title='bbox 592 4692 791 4755; x_wconf 72' lang='lat' dir='ltr'><strong>prmbet</strong></span> <span class='ocrx_word' id='word_1_706' title='bbox 840 4693 1166 4759; x_wconf 87' lang='lat' dir='ltr'><strong>phantasiam</strong></span> <span class='ocrx_word' id='word_1_707' title='bbox 1216 4695 1459 4750; x_wconf 79' lang='lat' dir='ltr'><strong>formosa:</strong></span> <span class='ocrx_word' id='word_1_708' title='bbox 1507 4697 1742 4751; x_wconf 81' lang='lat' dir='ltr'><strong>mulieris</strong></span> <span class='ocrx_word' id='word_1_709' title='bbox 1792 4701 2014 4752; x_wconf 68' lang='lat' dir='ltr'><strong>errantis</strong></span> <span class='ocrx_word' id='word_1_710' title='bbox 2068 4718 2161 4769; x_wconf 88' lang='lat' dir='ltr'><strong>per</strong></span> 
     </span>
    </p>
   </div>
   <div class='ocr_carea' id='block_1_93' title="bbox 590 4782 2156 4857">
    <p class='ocr_par' dir='ltr' id='par_1_93' title="bbox 590 4782 2156 4857">
     <span class='ocr_line' id='line_1_94' title="bbox 590 4782 2156 4857; baseline 0.008 -26"><span class='ocrx_word' id='word_1_711' title='bbox 590 4782 951 4836; x_wconf 85' lang='lat' dir='ltr'><strong>solitudinem.</strong></span> <span class='ocrx_word' id='word_1_712' title='bbox 995 4786 1122 4849; x_wconf 64' lang='lat' dir='ltr'><strong>Quae</strong></span> <span class='ocrx_word' id='word_1_713' title='bbox 1160 4801 1277 4838; x_wconf 90' lang='lat' dir='ltr'><strong>cum</strong></span> <span class='ocrx_word' id='word_1_714' title='bbox 1316 4794 1509 4838; x_wconf 71' lang='lat' dir='ltr'><strong>ost&#39;um</strong></span> <span class='ocrx_word' id='word_1_715' title='bbox 1561 4788 1848 4841; x_wconf 75' lang='lat' dir='ltr'><strong>invenisset</strong></span> <span class='ocrx_word' id='word_1_716' title='bbox 1879 4801 2117 4857; x_wconf 88' lang='lat' dir='ltr'><strong>apertum</strong></span> <span class='ocrx_word' id='word_1_717' title='bbox 2142 4835 2156 4857; x_wconf 88' lang='lat'><strong>,</strong></span> 
     </span>
    </p>
   </div>
   <div class='ocr_carea' id='block_1_94' title="bbox 591 4874 2207 4952">
    <p class='ocr_par' dir='ltr' id='par_1_94' title="bbox 591 4874 2207 4952">
     <span class='ocr_line' id='line_1_95' title="bbox 591 4874 2207 4952; baseline 0.009 -28"><span class='ocrx_word' id='word_1_718' title='bbox 591 4874 823 4943; x_wconf 82' lang='lat' dir='ltr'><strong>ingressa</strong></span> <span class='ocrx_word' id='word_1_719' title='bbox 851 4885 931 4929; x_wconf 87' lang='lat' dir='ltr'><strong>est</strong></span> <span class='ocrx_word' id='word_1_720' title='bbox 958 4878 1297 4943; x_wconf 87' lang='lat' dir='ltr'><strong>speluncam;</strong></span> <span class='ocrx_word' id='word_1_721' title='bbox 1345 4887 1397 4930; x_wconf 88' lang='lat' dir='ltr'><strong>et</strong></span> <span class='ocrx_word' id='word_1_722' title='bbox 1442 4880 1798 4945; x_wconf 87' lang='lat' dir='ltr'><strong>procumbens</strong></span> <span class='ocrx_word' id='word_1_723' title='bbox 1845 4881 1910 4934; x_wconf 90' lang='lat' dir='ltr'><strong>ad</strong></span> <span class='ocrx_word' id='word_1_724' title='bbox 1945 4883 2041 4936; x_wconf 79' lang='lat' dir='ltr'><strong>viri</strong></span> <span class='ocrx_word' id='word_1_725' title='bbox 2075 4900 2164 4952; x_wconf 86' lang='lat' dir='ltr'><strong>ge-</strong></span> <span class='ocrx_word' id='word_1_726' title='bbox 2202 4917 2207 4921; x_wconf 65' lang='grc' dir='ltr'><em>ι</em></span> 
     </span>
    </p>
   </div>
   <div class='ocr_carea' id='block_1_95' title="bbox 590 4966 2156 5042">
    <p class='ocr_par' dir='ltr' id='par_1_95' title="bbox 590 4966 2156 5042">
     <span class='ocr_line' id='line_1_96' title="bbox 590 4966 2156 5042; baseline 0.006 -23"><span class='ocrx_word' id='word_1_727' title='bbox 590 4981 716 5031; x_wconf 89' lang='lat' dir='ltr'><strong>nua,</strong></span> <span class='ocrx_word' id='word_1_728' title='bbox 746 4966 893 5033; x_wconf 90' lang='lat' dir='ltr'><strong>petiit</strong></span> <span class='ocrx_word' id='word_1_729' title='bbox 922 4974 977 5018; x_wconf 87' lang='lat' dir='ltr'><strong>nt</strong></span> <span class='ocrx_word' id='word_1_730' title='bbox 1006 4968 1102 5021; x_wconf 85' lang='lat' dir='ltr'><strong>sibi</strong></span> <span class='ocrx_word' id='word_1_731' title='bbox 1136 4969 1242 5022; x_wconf 89' lang='lat' dir='ltr'><strong>illic</strong></span> <span class='ocrx_word' id='word_1_732' title='bbox 1273 4971 1455 5023; x_wconf 87' lang='lat' dir='ltr'><strong>liceret</strong></span> <span class='ocrx_word' id='word_1_733' title='bbox 1481 4971 1779 5039; x_wconf 76' lang='lat' dir='ltr'><strong>quiescere,</strong></span> <span class='ocrx_word' id='word_1_734' title='bbox 1813 4984 1994 5041; x_wconf 86' lang='lat' dir='ltr'><strong>utpote</strong></span> <span class='ocrx_word' id='word_1_735' title='bbox 2016 4977 2156 5042; x_wconf 90' lang='lat' dir='ltr'><strong>quod</strong></span> 
     </span>
    </p>
   </div>
   <div class='ocr_carea' id='block_1_96' title="bbox 590 5060 2161 5131">
    <p class='ocr_par' dir='ltr' id='par_1_96' title="bbox 590 5060 2161 5131">
     <span class='ocr_line' id='line_1_97' title="bbox 590 5060 2161 5131; baseline 0.007 -21"><span class='ocrx_word' id='word_1_736' title='bbox 590 5074 695 5111; x_wconf 83' lang='lat' dir='ltr'><strong>nox</strong></span> <span class='ocrx_word' id='word_1_737' title='bbox 741 5073 859 5111; x_wconf 87' lang='lat' dir='ltr'><strong>eam</strong></span> <span class='ocrx_word' id='word_1_738' title='bbox 903 5060 1360 5128; x_wconf 73' lang='lat' dir='ltr'><strong>apprehendisset.</strong></span> <span class='ocrx_word' id='word_1_739' title='bbox 1394 5062 1481 5115; x_wconf 92' lang='lat' dir='ltr'><strong>llle</strong></span> <span class='ocrx_word' id='word_1_740' title='bbox 1511 5073 1685 5116; x_wconf 89' lang='lat' dir='ltr'><strong>autem</strong></span> <span class='ocrx_word' id='word_1_741' title='bbox 1726 5078 1845 5117; x_wconf 90' lang='lat' dir='ltr'><strong>cum</strong></span> <span class='ocrx_word' id='word_1_742' title='bbox 1876 5065 1991 5131; x_wconf 87' lang='lat' dir='ltr'><strong>ejus</strong></span> <span class='ocrx_word' id='word_1_743' title='bbox 2020 5076 2161 5121; x_wconf 87' lang='lat' dir='ltr'><strong>esset</strong></span> 
     </span>
    </p>
   </div>
   <div class='ocr_carea' id='block_1_97' title="bbox 590 5150 2159 5219">
    <p class='ocr_par' dir='ltr' id='par_1_97' title="bbox 590 5150 2159 5219">
     <span class='ocr_line' id='line_1_98' title="bbox 590 5150 2159 5219; baseline 0.004 -18"><span class='ocrx_word' id='word_1_744' title='bbox 590 5150 874 5215; x_wconf 88' lang='lat' dir='ltr'><strong>misertus,</strong></span> <span class='ocrx_word' id='word_1_745' title='bbox 908 5152 1047 5218; x_wconf 88' lang='lat' dir='ltr'><strong>quod</strong></span> <span class='ocrx_word' id='word_1_746' title='bbox 1093 5152 1304 5219; x_wconf 88' lang='lat' dir='ltr'><strong>quidem</strong></span> <span class='ocrx_word' id='word_1_747' title='bbox 1340 5167 1442 5205; x_wconf 89' lang='lat' dir='ltr'><strong>non</strong></span> <span class='ocrx_word' id='word_1_748' title='bbox 1471 5152 1687 5216; x_wconf 90' lang='lat' dir='ltr'><strong>debuit,</strong></span> <span class='ocrx_word' id='word_1_749' title='bbox 1721 5169 1836 5207; x_wconf 88' lang='lat' dir='ltr'><strong>eam</strong></span> <span class='ocrx_word' id='word_1_750' title='bbox 1865 5156 2073 5208; x_wconf 80' lang='lat' dir='ltr'><strong>admisit</strong></span> <span class='ocrx_word' id='word_1_751' title='bbox 2108 5154 2159 5208; x_wconf 92' lang='lat' dir='ltr'><strong>in</strong></span> 
     </span>
    </p>
   </div>
   <div class='ocr_carea' id='block_1_98' title="bbox 590 5242 2159 5311">
    <p class='ocr_par' dir='ltr' id='par_1_98' title="bbox 590 5242 2159 5311">
     <span class='ocr_line' id='line_1_99' title="bbox 590 5242 2159 5311; baseline 0.004 -18"><span class='ocrx_word' id='word_1_752' title='bbox 590 5242 916 5307; x_wconf 86' lang='lat' dir='ltr'><strong>speluncam,</strong></span> <span class='ocrx_word' id='word_1_753' title='bbox 945 5250 997 5295; x_wconf 90' lang='lat' dir='ltr'><strong>et</strong></span> <span class='ocrx_word' id='word_1_754' title='bbox 1034 5245 1103 5297; x_wconf 90' lang='lat' dir='ltr'><strong>de</strong></span> <span class='ocrx_word' id='word_1_755' title='bbox 1131 5258 1313 5297; x_wconf 88' lang='lat' dir='ltr'><strong>errore</strong></span> <span class='ocrx_word' id='word_1_756' title='bbox 1356 5243 1496 5296; x_wconf 88' lang='lat' dir='ltr'><strong>illam</strong></span> <span class='ocrx_word' id='word_1_757' title='bbox 1547 5254 1627 5297; x_wconf 87' lang='lat' dir='ltr'><strong>est</strong></span> <span class='ocrx_word' id='word_1_758' title='bbox 1675 5253 2036 5311; x_wconf 88' lang='lat' dir='ltr'><strong>percontatus.</strong></span> <span class='ocrx_word' id='word_1_759' title='bbox 2072 5246 2159 5300; x_wconf 88' lang='lat' dir='ltr'><strong>llla</strong></span> 
     </span>
    </p>
   </div>
   <div class='ocr_carea' id='block_1_99' title="bbox 590 5330 2159 5402">
    <p class='ocr_par' dir='ltr' id='par_1_99' title="bbox 590 5330 2159 5402">
     <span class='ocr_line' id='line_1_100' title="bbox 590 5330 2159 5402; baseline 0.005 -21"><span class='ocrx_word' id='word_1_760' title='bbox 590 5346 715 5385; x_wconf 84' lang='lat' dir='ltr'><strong>vero</strong></span> <span class='ocrx_word' id='word_1_761' title='bbox 738 5344 789 5384; x_wconf 92' lang='lat' dir='ltr'><strong>et</strong></span> <span class='ocrx_word' id='word_1_762' title='bbox 813 5332 1064 5397; x_wconf 86' lang='lat' dir='ltr'><strong>narravit,</strong></span> <span class='ocrx_word' id='word_1_763' title='bbox 1091 5340 1144 5385; x_wconf 87' lang='lat' dir='ltr'><strong>et</strong></span> <span class='ocrx_word' id='word_1_764' title='bbox 1167 5333 1352 5385; x_wconf 89' lang='lat' dir='ltr'><strong>blanda</strong></span> <span class='ocrx_word' id='word_1_765' title='bbox 1382 5348 1443 5387; x_wconf 89' lang='lat' dir='ltr'><strong>ac</strong></span> <span class='ocrx_word' id='word_1_766' title='bbox 1470 5330 1673 5386; x_wconf 85' lang='lat' dir='ltr'><strong>fallacia</strong></span> <span class='ocrx_word' id='word_1_767' title='bbox 1704 5335 1860 5387; x_wconf 81' lang='lat' dir='ltr'><strong>verba</strong></span> <span class='ocrx_word' id='word_1_768' title='bbox 1890 5336 2159 5402; x_wconf 88' lang='lat' dir='ltr'><strong>inspersit,</strong></span> 
     </span>
    </p>
   </div>
   <div class='ocr_carea' id='block_1_100' title="bbox 587 5421 2160 5491">
    <p class='ocr_par' dir='ltr' id='par_1_100' title="bbox 587 5421 2160 5491">
     <span class='ocr_line' id='line_1_101' title="bbox 587 5421 2160 5491; baseline 0.003 -16"><span class='ocrx_word' id='word_1_769' title='bbox 587 5432 643 5475; x_wconf 84' lang='lat' dir='ltr'><strong>et</strong></span> <span class='ocrx_word' id='word_1_770' title='bbox 670 5436 970 5475; x_wconf 85' lang='lat' dir='ltr'><strong>sermonem</strong></span> <span class='ocrx_word' id='word_1_771' title='bbox 998 5421 1085 5475; x_wconf 84' lang='lat' dir='ltr'><strong>ditt</strong></span> <span class='ocrx_word' id='word_1_772' title='bbox 1114 5438 1231 5476; x_wconf 88' lang='lat' dir='ltr'><strong>cum</strong></span> <span class='ocrx_word' id='word_1_773' title='bbox 1263 5438 1326 5474; x_wconf 83' lang='lat' dir='ltr'><strong>eo</strong></span> <span class='ocrx_word' id='word_1_774' title='bbox 1355 5424 1631 5491; x_wconf 80' lang='lat' dir='ltr'><strong>protraxit.</strong></span> <span class='ocrx_word' id='word_1_775' title='bbox 1663 5423 1797 5477; x_wconf 24' lang='lat' dir='ltr'><strong>Etim</strong></span> <span class='ocrx_word' id='word_1_776' title='bbox 1825 5434 2001 5479; x_wconf 85' lang='lat' dir='ltr'><strong>autem</strong></span> <span class='ocrx_word' id='word_1_777' title='bbox 2033 5441 2160 5480; x_wconf 88' lang='lat' dir='ltr'><strong>sen-</strong></span> 
     </span>
    </p>
   </div>
   <div class='ocr_carea' id='block_1_101' title="bbox 591 5514 2162 5587">
    <p class='ocr_par' dir='ltr' id='par_1_101' title="bbox 591 5514 2162 5587">
     <span class='ocr_line' id='line_1_102' title="bbox 591 5514 2162 5587; baseline 0.004 -23"><span class='ocrx_word' id='word_1_778' title='bbox 591 5515 690 5566; x_wconf 89' lang='lat' dir='ltr'><strong>sim</strong></span> <span class='ocrx_word' id='word_1_779' title='bbox 725 5516 902 5568; x_wconf 87' lang='lat' dir='ltr'><strong>nescio</strong></span> <span class='ocrx_word' id='word_1_780' title='bbox 924 5514 1188 5583; x_wconf 84' lang='lat' dir='ltr'><strong>quomodo</strong></span> <span class='ocrx_word' id='word_1_781' title='bbox 1206 5514 1503 5583; x_wconf 88' lang='lat' dir='ltr'><strong>pellicicbat</strong></span> <span class='ocrx_word' id='word_1_782' title='bbox 1523 5514 1587 5567; x_wconf 91' lang='lat' dir='ltr'><strong>ad</strong></span> <span class='ocrx_word' id='word_1_783' title='bbox 1613 5530 1877 5580; x_wconf 89' lang='lat' dir='ltr'><strong>amorem;</strong></span> <span class='ocrx_word' id='word_1_784' title='bbox 1905 5516 2162 5587; x_wconf 84' lang='lat' dir='ltr'><strong>pluraque</strong></span> 
     </span>
    </p>
   </div>
   <div class='ocr_carea' id='block_1_102' title="bbox 592 5605 2163 5676">
    <p class='ocr_par' dir='ltr' id='par_1_102' title="bbox 592 5605 2163 5676">
     <span class='ocr_line' id='line_1_103' title="bbox 592 5605 2163 5676; baseline 0.004 -19"><span class='ocrx_word' id='word_1_785' title='bbox 592 5605 845 5675; x_wconf 83' lang='lat' dir='ltr'><strong>deinceps</strong></span> <span class='ocrx_word' id='word_1_786' title='bbox 872 5607 1027 5660; x_wconf 89' lang='lat' dir='ltr'><strong>verba</strong></span> <span class='ocrx_word' id='word_1_787' title='bbox 1054 5609 1188 5660; x_wconf 90' lang='lat' dir='ltr'><strong>inter</strong></span> <span class='ocrx_word' id='word_1_788' title='bbox 1219 5622 1277 5660; x_wconf 90' lang='lat' dir='ltr'><strong>se</strong></span> <span class='ocrx_word' id='word_1_789' title='bbox 1299 5616 1618 5670; x_wconf 85' lang='lat' dir='ltr'><strong>conserunt,</strong></span> <span class='ocrx_word' id='word_1_790' title='bbox 1649 5607 1925 5676; x_wconf 84' lang='lat' dir='ltr'><strong>ridentque</strong></span> <span class='ocrx_word' id='word_1_791' title='bbox 1952 5624 2014 5663; x_wconf 91' lang='lat' dir='ltr'><strong>ac</strong></span> <span class='ocrx_word' id='word_1_792' title='bbox 2036 5609 2163 5663; x_wconf 88' lang='lat' dir='ltr'><strong>sub-</strong></span> 
     </span>
    </p>
   </div>
   <div class='ocr_carea' id='block_1_103' title="bbox 596 5695 2167 5766">
    <p class='ocr_par' dir='ltr' id='par_1_103' title="bbox 596 5695 2167 5766">
     <span class='ocr_line' id='line_1_104' title="bbox 596 5695 2167 5766; baseline 0.005 -19"><span class='ocrx_word' id='word_1_793' title='bbox 596 5695 805 5759; x_wconf 83' lang='lat' dir='ltr'><strong>rideut,</strong></span> <span class='ocrx_word' id='word_1_794' title='bbox 859 5714 1085 5763; x_wconf 83' lang='lat' dir='ltr'><strong>cumque</strong></span> <span class='ocrx_word' id='word_1_795' title='bbox 1132 5699 1241 5764; x_wconf 82' lang='lat' dir='ltr'><strong>ipsa</strong></span> <span class='ocrx_word' id='word_1_796' title='bbox 1303 5699 1469 5751; x_wconf 89' lang='lat' dir='ltr'><strong>multo</strong></span> <span class='ocrx_word' id='word_1_797' title='bbox 1518 5712 1762 5751; x_wconf 62' lang='lat' dir='ltr'><strong>sermone</strong></span> <span class='ocrx_word' id='word_1_798' title='bbox 1817 5700 2061 5766; x_wconf 79' lang='lat' dir='ltr'><strong>seduxit,</strong></span> <span class='ocrx_word' id='word_1_799' title='bbox 2113 5710 2167 5755; x_wconf 87' lang='lat' dir='ltr'><strong>et</strong></span> 
     </span>
    </p>
   </div>
   <div class='ocr_carea' id='block_1_104' title="bbox 601 5784 2161 5851">
    <p class='ocr_par' dir='ltr' id='par_1_104' title="bbox 601 5784 2161 5851">
     <span class='ocr_line' id='line_1_105' title="bbox 601 5784 2161 5851; baseline 0.004 -15"><span class='ocrx_word' id='word_1_800' title='bbox 601 5784 791 5839; x_wconf 79' lang='lat' dir='ltr'><strong>deinde</strong></span> <span class='ocrx_word' id='word_1_801' title='bbox 837 5789 1255 5842; x_wconf 80' lang='lat' dir='ltr'><strong>euntrccmtionc</strong></span> <span class='ocrx_word' id='word_1_802' title='bbox 1305 5803 1490 5840; x_wconf 86' lang='lat' dir='ltr'><strong>manus</strong></span> <span class='ocrx_word' id='word_1_803' title='bbox 1521 5797 1572 5840; x_wconf 91' lang='lat' dir='ltr'><strong>et</strong></span> <span class='ocrx_word' id='word_1_804' title='bbox 1603 5787 1780 5841; x_wconf 61' lang='lat' dir='ltr'><strong>barba:</strong></span> <span class='ocrx_word' id='word_1_805' title='bbox 1811 5798 1861 5843; x_wconf 86' lang='lat' dir='ltr'><strong>et</strong></span> <span class='ocrx_word' id='word_1_806' title='bbox 1902 5793 2161 5851; x_wconf 73' lang='lat' dir='ltr'><strong>cervicis;</strong></span> 
     </span>
    </p>
   </div>
   <div class='ocr_carea' id='block_1_105' title="bbox 2264 4696 3835 4765">
    <p class='ocr_par' dir='ltr' id='par_1_105' title="bbox 2264 4696 3835 4765">
     <span class='ocr_line' id='line_1_106' title="bbox 2264 4696 3835 4765; baseline 0.002 -18"><span class='ocrx_word' id='word_1_807' title='bbox 2264 4712 2382 4756; x_wconf 88' lang='lat' dir='ltr'><strong>nus.</strong></span> <span class='ocrx_word' id='word_1_808' title='bbox 2416 4706 2468 4750; x_wconf 92' lang='lat' dir='ltr'><strong>et</strong></span> <span class='ocrx_word' id='word_1_809' title='bbox 2513 4696 2693 4765; x_wconf 86' lang='lat' dir='ltr'><strong>probis</strong></span> <span class='ocrx_word' id='word_1_810' title='bbox 2740 4697 3151 4764; x_wconf 88' lang='lat' dir='ltr'><strong>compositisque</strong></span> <span class='ocrx_word' id='word_1_811' title='bbox 3200 4697 3479 4749; x_wconf 83' lang='lat' dir='ltr'><strong>moribus?</strong></span> <span class='ocrx_word' id='word_1_812' title='bbox 3513 4698 3835 4765; x_wconf 78' lang='lat' dir='ltr'><strong>Ecquidnam</strong></span> 
     </span>
    </p>
   </div>
   <div class='ocr_carea' id='block_1_106' title="bbox 2266 4785 3840 4856">
    <p class='ocr_par' dir='ltr' id='par_1_106' title="bbox 2266 4785 3840 4856">
     <span class='ocr_line' id='line_1_107' title="bbox 2266 4785 3840 4856; baseline 0.005 -19"><span class='ocrx_word' id='word_1_813' title='bbox 2266 4785 2357 4839; x_wconf 88' lang='lat' dir='ltr'><strong>tibi</strong></span> <span class='ocrx_word' id='word_1_814' title='bbox 2390 4786 2507 4839; x_wconf 89' lang='lat' dir='ltr'><strong>boni</strong></span> <span class='ocrx_word' id='word_1_815' title='bbox 2540 4788 2767 4853; x_wconf 88' lang='lat' dir='ltr'><strong>amplius</strong></span> <span class='ocrx_word' id='word_1_816' title='bbox 2798 4785 3028 4839; x_wconf 91' lang='lat' dir='ltr'><strong>futurum</strong></span> <span class='ocrx_word' id='word_1_817' title='bbox 3060 4798 3358 4856; x_wconf 82' lang='lat' dir='ltr'><strong>exspectas,</strong></span> <span class='ocrx_word' id='word_1_818' title='bbox 3390 4803 3514 4841; x_wconf 87' lang='lat' dir='ltr'><strong>cum</strong></span> <span class='ocrx_word' id='word_1_819' title='bbox 3547 4792 3623 4842; x_wconf 87' lang='lat' dir='ltr'><strong>sis</strong></span> <span class='ocrx_word' id='word_1_820' title='bbox 3656 4794 3840 4847; x_wconf 78' lang='lat' dir='ltr'><strong>nostris</strong></span> 
     </span>
    </p>
   </div>
   <div class='ocr_carea' id='block_1_107' title="bbox 2266 4876 3837 4947">
    <p class='ocr_par' dir='ltr' id='par_1_107' title="bbox 2266 4876 3837 4947">
     <span class='ocr_line' id='line_1_108' title="bbox 2266 4876 3837 4947; baseline 0.002 -17"><span class='ocrx_word' id='word_1_821' title='bbox 2266 4878 2418 4931; x_wconf 84' lang='lat' dir='ltr'><strong>malis</strong></span> <span class='ocrx_word' id='word_1_822' title='bbox 2447 4878 2729 4944; x_wconf 81' lang='lat' dir='ltr'><strong>impletus?</strong></span> <span class='ocrx_word' id='word_1_823' title='bbox 2764 4876 2876 4930; x_wconf 80' lang='lat' dir='ltr'><strong>Non</strong></span> <span class='ocrx_word' id='word_1_824' title='bbox 2910 4878 3030 4931; x_wconf 88' lang='lat' dir='ltr'><strong>hinc</strong></span> <span class='ocrx_word' id='word_1_825' title='bbox 3057 4878 3162 4931; x_wconf 86' lang='lat' dir='ltr'><strong>cito</strong></span> <span class='ocrx_word' id='word_1_826' title='bbox 3190 4880 3486 4947; x_wconf 76' lang='lat' dir='ltr'><strong>exsurges‘.’</strong></span> <span class='ocrx_word' id='word_1_827' title='bbox 3518 4879 3637 4932; x_wconf 81' lang='lat' dir='ltr'><strong>Non</strong></span> <span class='ocrx_word' id='word_1_828' title='bbox 3670 4882 3837 4933; x_wconf 57' lang='lat' dir='ltr'><strong>Venias</strong></span> 
     </span>
    </p>
   </div>
   <div class='ocr_carea' id='block_1_108' title="bbox 2265 4970 3835 5038">
    <p class='ocr_par' dir='ltr' id='par_1_108' title="bbox 2265 4970 3835 5038">
     <span class='ocr_line' id='line_1_109' title="bbox 2265 4970 3835 5038; baseline 0.003 -17"><span class='ocrx_word' id='word_1_829' title='bbox 2265 4970 2331 5022; x_wconf 87' lang='lat' dir='ltr'><strong>ad</strong></span> <span class='ocrx_word' id='word_1_830' title='bbox 2354 4985 2410 5024; x_wconf 85' lang='lat' dir='ltr'><strong>ea</strong></span> <span class='ocrx_word' id='word_1_831' title='bbox 2440 4985 2557 5038; x_wconf 57' lang='lat' dir='ltr'><strong>quae</strong></span> <span class='ocrx_word' id='word_1_832' title='bbox 2582 4980 2705 5023; x_wconf 88' lang='lat' dir='ltr'><strong>sunt</strong></span> <span class='ocrx_word' id='word_1_833' title='bbox 2733 4970 3003 5024; x_wconf 89' lang='lat' dir='ltr'><strong>nobiscum</strong></span> <span class='ocrx_word' id='word_1_834' title='bbox 3033 4973 3316 5025; x_wconf 84' lang='lat' dir='ltr'><strong>consueta?</strong></span> <span class='ocrx_word' id='word_1_835' title='bbox 3347 4982 3395 5025; x_wconf 89' lang='lat' dir='ltr'><strong>te</strong></span> <span class='ocrx_word' id='word_1_836' title='bbox 3425 4986 3649 5026; x_wconf 84' lang='lat' dir='ltr'><strong>manent</strong></span> <span class='ocrx_word' id='word_1_837' title='bbox 3675 4986 3835 5028; x_wconf 82' lang='lat' dir='ltr'><strong>scorta</strong></span> 
     </span>
    </p>
   </div>
   <div class='ocr_carea' id='block_1_109' title="bbox 2267 5061 3835 5132">
    <p class='ocr_par' dir='ltr' id='par_1_109' title="bbox 2267 5061 3835 5132">
     <span class='ocr_line' id='line_1_110' title="bbox 2267 5061 3835 5132; baseline 0.003 -19"><span class='ocrx_word' id='word_1_838' title='bbox 2267 5070 2318 5113; x_wconf 87' lang='lat' dir='ltr'><strong>ct</strong></span> <span class='ocrx_word' id='word_1_839' title='bbox 2346 5075 2630 5128; x_wconf 87' lang='lat' dir='ltr'><strong>caupones.</strong></span> <span class='ocrx_word' id='word_1_840' title='bbox 2664 5061 2775 5113; x_wconf 82' lang='lat' dir='ltr'><strong>Non</strong></span> <span class='ocrx_word' id='word_1_841' title='bbox 2808 5064 3006 5127; x_wconf 83' lang='lat' dir='ltr'><strong>venies,</strong></span> <span class='ocrx_word' id='word_1_842' title='bbox 3034 5074 3086 5116; x_wconf 91' lang='lat' dir='ltr'><strong>et</strong></span> <span class='ocrx_word' id='word_1_843' title='bbox 3114 5062 3300 5116; x_wconf 84' lang='lat' dir='ltr'><strong>frueris</strong></span> <span class='ocrx_word' id='word_1_844' title='bbox 3332 5066 3702 5132; x_wconf 86' lang='lat' dir='ltr'><strong>cupidinibus,</strong></span> <span class='ocrx_word' id='word_1_845' title='bbox 3730 5083 3835 5121; x_wconf 85' lang='lat' dir='ltr'><strong>cum</strong></span> 
     </span>
    </p>
   </div>
   <div class='ocr_carea' id='block_1_110' title="bbox 2267 5150 3838 5221">
    <p class='ocr_par' dir='ltr' id='par_1_110' title="bbox 2267 5150 3838 5221">
     <span class='ocr_line' id='line_1_111' title="bbox 2267 5150 3838 5221; baseline 0.004 -19"><span class='ocrx_word' id='word_1_846' title='bbox 2267 5150 2332 5203; x_wconf 89' lang='lat' dir='ltr'><strong>sit</strong></span> <span class='ocrx_word' id='word_1_847' title='bbox 2355 5158 2541 5205; x_wconf 87' lang='lat' dir='ltr'><strong>cuncta</strong></span> <span class='ocrx_word' id='word_1_848' title='bbox 2565 5152 2666 5204; x_wconf 89' lang='lat' dir='ltr'><strong>alia</strong></span> <span class='ocrx_word' id='word_1_849' title='bbox 2696 5151 2787 5205; x_wconf 86' lang='lat' dir='ltr'><strong>tibi</strong></span> <span class='ocrx_word' id='word_1_850' title='bbox 2814 5166 2935 5221; x_wconf 90' lang='lat' dir='ltr'><strong>spes</strong></span> <span class='ocrx_word' id='word_1_851' title='bbox 2957 5154 3250 5207; x_wconf 63' lang='lat' dir='ltr'><strong>exstincta?</strong></span> <span class='ocrx_word' id='word_1_852' title='bbox 3276 5155 3437 5209; x_wconf 71' lang='lat' dir='ltr'><strong>Velox</strong></span> <span class='ocrx_word' id='word_1_853' title='bbox 3465 5156 3531 5209; x_wconf 87' lang='lat' dir='ltr'><strong>ad</strong></span> <span class='ocrx_word' id='word_1_854' title='bbox 3562 5166 3614 5209; x_wconf 90' lang='lat' dir='ltr'><strong>te</strong></span> <span class='ocrx_word' id='word_1_855' title='bbox 3636 5175 3838 5210; x_wconf 68' lang='lat' dir='ltr'><strong>&quot;muttit!</strong></span> 
     </span>
    </p>
   </div>
   <div class='ocr_carea' id='block_1_111' title="bbox 2269 5244 3837 5314">
    <p class='ocr_par' dir='ltr' id='par_1_111' title="bbox 2269 5244 3837 5314">
     <span class='ocr_line' id='line_1_112' title="bbox 2269 5244 3837 5314; baseline 0.004 -20"><span class='ocrx_word' id='word_1_856' title='bbox 2269 5245 2440 5296; x_wconf 85' lang='lat' dir='ltr'><strong>veniet</strong></span> <span class='ocrx_word' id='word_1_857' title='bbox 2465 5244 2750 5312; x_wconf 85' lang='lat' dir='ltr'><strong>judicium,</strong></span> <span class='ocrx_word' id='word_1_858' title='bbox 2784 5247 2870 5313; x_wconf 91' lang='lat' dir='ltr'><strong>qni</strong></span> <span class='ocrx_word' id='word_1_859' title='bbox 2902 5247 2976 5298; x_wconf 89' lang='lat' dir='ltr'><strong>sic</strong></span> <span class='ocrx_word' id='word_1_860' title='bbox 3008 5248 3231 5314; x_wconf 88' lang='lat' dir='ltr'><strong>tcipsum</strong></span> <span class='ocrx_word' id='word_1_861' title='bbox 3264 5247 3505 5314; x_wconf 71' lang='lat' dir='ltr'><strong>periuris.</strong></span> <span class='ocrx_word' id='word_1_862' title='bbox 3534 5250 3601 5303; x_wconf 87' lang='lat' dir='ltr'><strong>Et</strong></span> <span class='ocrx_word' id='word_1_863' title='bbox 3628 5265 3727 5304; x_wconf 81' lang='lat' dir='ltr'><strong>enr</strong></span> <span class='ocrx_word' id='word_1_864' title='bbox 3752 5253 3837 5302; x_wconf 83' lang='lat' dir='ltr'><strong>mi-</strong></span> 
     </span>
    </p>
   </div>
   <div class='ocr_carea' id='block_1_112' title="bbox 2270 5335 3833 5403">
    <p class='ocr_par' dir='ltr' id='par_1_112' title="bbox 2270 5335 3833 5403">
     <span class='ocr_line' id='line_1_113' title="bbox 2270 5335 3833 5403; baseline 0.003 -14"><span class='ocrx_word' id='word_1_865' title='bbox 2270 5349 2359 5389; x_wconf 88' lang='lat' dir='ltr'><strong>ser</strong></span> <span class='ocrx_word' id='word_1_866' title='bbox 2392 5335 2612 5389; x_wconf 88' lang='lat' dir='ltr'><strong>festinas</strong></span> <span class='ocrx_word' id='word_1_867' title='bbox 2643 5336 2705 5388; x_wconf 91' lang='lat' dir='ltr'><strong>ad</strong></span> <span class='ocrx_word' id='word_1_868' title='bbox 2736 5335 3092 5403; x_wconf 84' lang='lat' dir='ltr'><strong>supplicium?</strong></span> <span class='ocrx_word' id='word_1_869' title='bbox 3117 5353 3211 5390; x_wconf 89' lang='lat' dir='ltr'><strong>cur</strong></span> <span class='ocrx_word' id='word_1_870' title='bbox 3235 5347 3409 5390; x_wconf 88' lang='lat' dir='ltr'><strong>autem</strong></span> <span class='ocrx_word' id='word_1_871' title='bbox 3440 5341 3724 5393; x_wconf 82' lang='lat' dir='ltr'><strong>contendis</strong></span> <span class='ocrx_word' id='word_1_872' title='bbox 3755 5342 3833 5394; x_wconf 81' lang='lat' dir='ltr'><strong>tibi</strong></span> 
     </span>
    </p>
   </div>
   <div class='ocr_carea' id='block_1_113' title="bbox 2272 5426 3835 5497">
    <p class='ocr_par' dir='ltr' id='par_1_113' title="bbox 2272 5426 3835 5497">
     <span class='ocr_line' id='line_1_114' title="bbox 2272 5426 3835 5497; baseline -0.002 -16"><span class='ocrx_word' id='word_1_873' title='bbox 2272 5442 2455 5497; x_wconf 86' lang='lat' dir='ltr'><strong>poenas</strong></span> <span class='ocrx_word' id='word_1_874' title='bbox 2496 5427 2650 5481; x_wconf 89' lang='lat' dir='ltr'><strong>citius</strong></span> <span class='ocrx_word' id='word_1_875' title='bbox 2689 5426 2957 5495; x_wconf 82' lang='lat' dir='ltr'><strong>inﬂigere?</strong></span> <span class='ocrx_word' id='word_1_876' title='bbox 2986 5427 3247 5497; x_wconf 78' lang='lat' dir='ltr'><strong>Multaque</strong></span> <span class='ocrx_word' id='word_1_877' title='bbox 3288 5430 3387 5482; x_wconf 89' lang='lat' dir='ltr'><strong>alia</strong></span> <span class='ocrx_word' id='word_1_878' title='bbox 3431 5430 3713 5487; x_wconf 83' lang='lat' dir='ltr'><strong>dicentes:</strong></span> <span class='ocrx_word' id='word_1_879' title='bbox 3745 5432 3835 5484; x_wconf 66' lang='grc' dir='ltr'><strong>Χει-</strong></span> 
     </span>
    </p>
   </div>
   <div class='ocr_carea' id='block_1_114' title="bbox 2270 5519 3831 5587">
    <p class='ocr_par' dir='ltr' id='par_1_114' title="bbox 2270 5519 3831 5587">
     <span class='ocr_line' id='line_1_115' title="bbox 2270 5519 3831 5587; baseline 0.004 -16"><span class='ocrx_word' id='word_1_880' title='bbox 2270 5528 2379 5571; x_wconf 89' lang='lat' dir='ltr'><strong>stcr</strong></span> <span class='ocrx_word' id='word_1_881' title='bbox 2404 5532 2483 5583; x_wconf 90' lang='lat' dir='ltr'><strong>es,</strong></span> <span class='ocrx_word' id='word_1_882' title='bbox 2526 5519 2576 5570; x_wconf 89' lang='lat' dir='ltr'><strong>in</strong></span> <span class='ocrx_word' id='word_1_883' title='bbox 2623 5527 2860 5571; x_wconf 87' lang='lat' dir='ltr'><strong>nostrum</strong></span> <span class='ocrx_word' id='word_1_884' title='bbox 2903 5519 3141 5572; x_wconf 87' lang='lat' dir='ltr'><strong>ordinent</strong></span> <span class='ocrx_word' id='word_1_885' title='bbox 3183 5535 3242 5574; x_wconf 89' lang='lat' dir='ltr'><strong>es</strong></span> <span class='ocrx_word' id='word_1_886' title='bbox 3285 5523 3508 5587; x_wconf 87' lang='lat' dir='ltr'><strong>relatus,</strong></span> <span class='ocrx_word' id='word_1_887' title='bbox 3558 5527 3831 5577; x_wconf 50' lang='grc' dir='ltr'>εχει-ευξκὲ</span> 
     </span>
    </p>
   </div>
   <div class='ocr_carea' id='block_1_115' title="bbox 2270 5608 3828 5679">
    <p class='ocr_par' dir='ltr' id='par_1_115' title="bbox 2270 5608 3828 5679">
     <span class='ocr_line' id='line_1_116' title="bbox 2270 5608 3828 5679; baseline 0.003 -17"><span class='ocrx_word' id='word_1_888' title='bbox 2270 5624 2480 5662; x_wconf 88' lang='lat' dir='ltr'><strong>omnem</strong></span> <span class='ocrx_word' id='word_1_889' title='bbox 2522 5608 2876 5677; x_wconf 83' lang='lat' dir='ltr'><strong>iniquitatem.</strong></span> <span class='ocrx_word' id='word_1_890' title='bbox 2906 5610 2986 5663; x_wconf 87' lang='lat' dir='ltr'><strong>Tu</strong></span> <span class='ocrx_word' id='word_1_891' title='bbox 3010 5626 3069 5663; x_wconf 88' lang='lat' dir='ltr'><strong>es</strong></span> <span class='ocrx_word' id='word_1_892' title='bbox 3100 5612 3253 5665; x_wconf 89' lang='lat' dir='ltr'><strong>nobis</strong></span> <span class='ocrx_word' id='word_1_893' title='bbox 3282 5615 3531 5668; x_wconf 87' lang='lat' dir='ltr'><strong>omnibus</strong></span> <span class='ocrx_word' id='word_1_894' title='bbox 3560 5618 3828 5679; x_wconf 72' lang='lat' dir='ltr'><strong>obnoxius,</strong></span> 
     </span>
    </p>
   </div>
   <div class='ocr_carea' id='block_1_116' title="bbox 2272 5700 3831 5774">
    <p class='ocr_par' dir='ltr' id='par_1_116' title="bbox 2272 5700 3831 5774">
     <span class='ocr_line' id='line_1_117' title="bbox 2272 5700 3831 5774; baseline 0.003 -22"><span class='ocrx_word' id='word_1_895' title='bbox 2272 5708 2325 5752; x_wconf 90' lang='lat' dir='ltr'><strong>ct</strong></span> <span class='ocrx_word' id='word_1_896' title='bbox 2366 5700 2529 5754; x_wconf 87' lang='lat' dir='ltr'><strong>audes</strong></span> <span class='ocrx_word' id='word_1_897' title='bbox 2561 5700 2772 5767; x_wconf 84' lang='lat' dir='ltr'><strong>fugere?</strong></span> <span class='ocrx_word' id='word_1_898' title='bbox 2804 5714 2906 5753; x_wconf 92' lang='lat' dir='ltr'><strong>non</strong></span> <span class='ocrx_word' id='word_1_899' title='bbox 2945 5702 3286 5756; x_wconf 76' lang='lat' dir='ltr'><strong>assenticris?</strong></span> <span class='ocrx_word' id='word_1_900' title='bbox 3327 5718 3434 5758; x_wconf 87' lang='lat' dir='ltr'><strong>non</strong></span> <span class='ocrx_word' id='word_1_901' title='bbox 3466 5707 3831 5774; x_wconf 77' lang='lat' dir='ltr'><strong>respondebis!</strong></span> 
     </span>
    </p>
   </div>
   <div class='ocr_carea' id='block_1_117' title="bbox 2275 5790 3829 5859">
    <p class='ocr_par' dir='ltr' id='par_1_117' title="bbox 2275 5790 3829 5859">
     <span class='ocr_line' id='line_1_118' title="bbox 2275 5790 3829 5859; baseline 0.004 -16"><span class='ocrx_word' id='word_1_902' title='bbox 2275 5806 2378 5844; x_wconf 80' lang='lat' dir='ltr'><strong>non</strong></span> <span class='ocrx_word' id='word_1_903' title='bbox 2410 5791 2562 5843; x_wconf 89' lang='lat' dir='ltr'><strong>simul</strong></span> <span class='ocrx_word' id='word_1_904' title='bbox 2594 5790 2919 5858; x_wconf 78' lang='lat' dir='ltr'><strong>egredieris?</strong></span> <span class='ocrx_word' id='word_1_905' title='bbox 2950 5791 3229 5859; x_wconf 79' lang='lat' dir='ltr'><strong>Postquam</strong></span> <span class='ocrx_word' id='word_1_906' title='bbox 3264 5803 3442 5848; x_wconf 89' lang='lat' dir='ltr'><strong>autem</strong></span> <span class='ocrx_word' id='word_1_907' title='bbox 3474 5796 3561 5851; x_wconf 73' lang='lat' dir='ltr'><strong>ille</strong></span> <span class='ocrx_word' id='word_1_908' title='bbox 3596 5809 3829 5850; x_wconf 70' lang='lat' dir='ltr'><strong>constans</strong></span> 
     </span>
    </p>
   </div>
  </div>
