4096 6518
261 399 401 469 1121

1492 400 1851 461 HISTORIA
1894 402 2290 465 LAUSIACA.

3386 416 3529 489 1122

255 514 511 584 οἱάγιοιο
537 512 634 567 καὶ
656 509 915 582 δυνάμεις
968 508 1230 574 ἐπιτελεῖ,
1289 509 1383 563 καὶ
1426 508 1580 577 φίλος
1631 511 1845 579 γίνεται
1873 516 1920 573 Α
1947 512 2129 568 ἄδειαν
2169 515 2264 567 τοῦ
2311 515 2569 584 ἐκτελεῖν,
2620 517 2720 591 τὴν
2750 519 2946 591 ἡδονὴν
2980 520 3346 594 λογιζόμενος,
3395 544 3527 585 συν..

258 604 423 671 Θεοῦ,
466 604 561 659 καὶ
596 604 703 657 πᾶν
729 603 938 672 αίτημα
971 599 1123 671 παρά
1149 596 1285 653 θεοῦ
1320 599 1624 670 κομίζεται.

328 784 469 842 Εἷπέ
500 802 561 839 τε
609 784 745 839 ἄλλα
778 781 947 836 πολλά
992 781 1085 834 καὶ
1120 780 1250 852 περὶ
1290 780 1599 848 ἀσκήσεως,
1634 780 1729 833 καὶ
1760 781 1841 834 ὅτι

251 881 335 935 δεῖ
356 880 445 932 τὸν
470 877 698 931 θάνατον
726 875 914 945 ὥσπερ
938 873 1151 943 ἀγαθῆς
1182 871 1331 947 ζωῆς
1363 870 1651 943 μετάθεσιν
1680 889 1839 943 περι-

256 972 469 1043 μένειν,
513 969 607 1023 καὶ
654 967 729 1039 μὴ
767 968 1017 1039 προορᾷν
1045 965 1327 1020 ἀσθένειαν
1356 964 1693 1035 σωματικὴν,
1748 965 1841 1018 καὶ

255 1063 335 1133 μὴ
372 1060 655 1132 ἐμπιπλᾷν
694 1060 800 1111 κάν
830 1058 937 1110 τῶν
973 1056 1246 1127 τυχόντων
1282 1054 1413 1123 γοῦν
1442 1056 1539 1125 τὴν
1573 1056 1835 1126 γαστέρα.

252 1154 645 1225 Κορεσάμενος
674 1155 783 1222 γάρ
826 1168 929 1214 τις,
964 1150 1147 1219 φησὶν,
1179 1147 1249 1201 τά
1277 1148 1418 1201 αύτά
1448 1150 1560 1210 τοῖς
1588 1147 1838 1219 τρυφῶσι

253 1249 460 1317 πάσχει
495 1245 860 1316 βουλεύματα,
889 1243 1025 1296 ἀλλά
1058 1240 1354 1313 πειρᾶσθαι
1399 1239 1481 1293 δεῖ
1528 1239 1837 1309 ἀσκήσεως,

250 1338 485 1409 καὶτὴν
516 1337 623 1389 τῶν
649 1336 883 1408 ὀρέξεων
924 1333 1193 1387 ἀπάθειαν
1224 1330 1549 1401 κτήσασθαι.
1586 1332 1696 1384 Καὶ
1729 1348 1837 1401 μη-

248 1431 367 1493 δεὶς
388 1430 457 1483 τὰ
485 1430 681 1500 ἕτοιμα
715 1428 807 1481 καὶ
850 1426 949 1497 τὴν
977 1426 1162 1481 ἄνεσιν
1184 1423 1517 1492 ἐπιζητήτω,
1546 1420 1683 1476 ἀλλὰ
1711 1439 1837 1476 στε-

248 1521 468 1575 νούσθω
504 1520 599 1574 νῦν
645 1519 743 1573 καὶ
786 1519 1076 1583 θλιϐέσθω,
1116 1518 1203 1573 ἵνα
1227 1518 1325 1590 τὴν
1367 1517 1711 1589 εὐρυχωρίαν
1738 1515 1839 1585 τῆς

245 1613 348 1666 τοῦ
399 1612 536 1666 Θεοῦ
580 1610 857 1682 βασιλείας
906 1611 1316 1682 κληρονομήση.
1377 1611 1470 1662 Δεῖ
1516 1607 1626 1679 γὰρ
1664 1607 1833 1677 ἡμᾶς,

250 1704 413 1772 φησὶ,
458 1702 547 1754 διὰ
596 1702 807 1756 πολλῶν
854 1700 1088 1771 θλίψεων
1122 1703 1203 1763 είς
1268 1702 1369 1771 τὴν
1405 1698 1679 1770 βασιλείαν
1724 1700 1837 1751 είσ-

246 1793 450 1849 ελθεῖν.
479 1794 546 1847 Τί
560 1810 575 1861 ;
601 1795 761 1863 στενὴ
788 1794 918 1865 γάρ,
948 1793 1134 1863 φησὶν,
1159 1795 1192 1863 ή
1218 1792 1360 1864 πύλη
1376 1791 1474 1845 καὶ
1494 1790 1829 1861 τεθλιμμένη

1946 602 2237 656 εκατέθετο
2284 602 2470 658 λοιπδν
2492 608 2558 676 τῇ
2616 606 2847 679 διανοίᾳ,
2906 609 2999 663 καὶ
3057 611 3331 667 συνελθεῖν
3385 616 3525 688 αὑτῇ

1947 693 2224 762 ἐπειρᾶτο,
2255 694 2445 764 άφρων
2481 696 2580 768 ήδη
2616 698 2710 751 καὶ
2748 698 3064 773 θηλυμανὴς
3103 704 3196 756 καὶ
3230 704 3395 769 ἵππος
3431 723 3527 774 γε-

1943 784 2186 855 νόμενος.
2231 786 2293 839 Ἢ
2320 788 2376 839 δὲ
2405 787 2662 859 ἐξαίφνης
2701 790 2848 860 μέγα
2875 792 3254 863 ἀναϐοήσασα,
3288 796 3527 864 ἄφαντος

1942 876 2006 927 ἐκ
2029 877 2134 928 τῶν
2161 877 2359 947 χειρῶν
2406 879 2571 932 αὑτοῦ
2613 880 2855 948 γέγονεν,
2896 882 3084 954 ὥσπερ
3118 888 3245 940 σκιά
3274 905 3358 950 τις
3389 890 3525 943 ἀπο-

1940 967 2246 1037 δραμοῦσα.
2290 970 2471 1034 Γέλως
2523 971 2579 1024 δὲ
2638 973 2786 1044 αὐτῷ
2834 976 2955 1047 ἀέρι
3001 977 3215 1030 πολλῶν
3265 979 3525 1037 ἀκούεται

1938 1058 2210 1128 δαιμόνων
2266 1060 2599 1131 ἐλεγχόντων
2650 1065 2813 1118 αὑτὸν
2843 1109 2858 1133 ,
2919 1072 3012 1121 καὶ
3039 1071 3105 1139 τῇ
3156 1070 3341 1141 ἀπάτῃ
3385 1090 3526 1140 παρ-

1940 1146 2181 1215 αγόντων
2206 1149 2302 1203 καὶ
2335 1152 2546 1223 μεγάλῃ
2584 1156 2735 1224 φωνῇ
2770 1155 2905 1225 πρὸς
2927 1157 3088 1210 αὑτὸν
3109 1158 3380 1227 βοώντωνο
3411 1158 3526 1225 Πᾶς
3562 1156 3571 1165 ’

1938 1238 1965 1290 ὁ
1990 1237 2141 1306 ὑψῶν
2183 1238 2375 1292 ἑαυτὸν
2414 1242 2905 1313 ταπεινωθήσεται.
2945 1247 3018 1300 Συ
3062 1247 3119 1299 δὲ
3172 1247 3391 1321 ὑψώθης
3419 1251 3526 1315 ἕως

1935 1333 2046 1387 τῶν
2091 1334 2355 1406 οὐρανῶν,
2402 1338 2774 1410 ἐταπεινώθης
2819 1341 2878 1395 δέ
2923 1341 3029 1405 ἕως
3078 1342 3187 1396 τῶν
3244 1345 3521 1400 ἀϐύσσων.

1948 1425 2231 1479 Ἐντεῦθεν
2275 1427 2560 1483 ἀνίσταται
2588 1430 2652 1483 τὸ
2694 1431 2841 1502 πρωῒ
2881 1431 2943 1486 τὸ
2974 1436 3288 1506 νυκτερινὸν
3328 1436 3524 1502 πένθος

1936 1516 2353 1587 ἐπισυρόμενος,
2387 1519 2481 1572 καὶ
2498 1520 2867 1592 διημερεύσας
2897 1525 2953 1576 ἐν
2975 1528 3085 1587 τοῖς
3110 1526 3353 1595 θρήνοις,
3384 1527 3522 1581 ἀπο-

1934 1609 2096 1675 γνοὺς
2113 1608 2309 1662 ἑαυτοῦ
2332 1611 2429 1680 τῆς
2452 1614 2747 1683 σωτηρίας,
2769 1614 2907 1685 ὅπερ
2936 1616 3037 1668 οὑκ
3056 1615 3310 1685 ὠφειλεν,
3333 1618 3411 1679 είς
3431 1618 3525 1670 τὸν

1935 1696 2138 1767 κόσμον
2155 1698 2315 1752 πάλιν
2331 1699 2690 1769 ὑπέστρεψεν.
2713 1702 2882 1755 Τοῦτο
2902 1707 3011 1775 γάρ
3031 1706 3146 1759 ἐστι
3166 1706 3258 1759 τοῦ
3285 1707 3523 1777 πονηροῦ

1931 1787 1993 1839 τὸ
2016 1788 2378 1859 ἐπιτήδευμα,
2391 1790 2520 1843 ὅταν
2539 1791 2664 1845 τινὰ
2684 1793 3190 1865 καταπαλαίσῃ,ἐίς
3211 1794 3523 1866 ἀφροσύνην

242 1887 283 1957 il
314 1888 490 1959 ἀδδςή
524 1887 813 1955 ἀπάγουσα
848 1890 927 1949 είς
956 1888 1055 1957 τὴν
1079 1884 1227 1956 ζωήν
1245 1899 1262 1918 ο
1290 1884 1387 1939 καὶ
1410 1885 1582 1953 ὀλίγοι
1614 1884 1752 1938 εἰσὶν
1779 1884 1829 1937 οἱ
1860 1885 1904 1942 Β
1932 1878 2093 1932 αὑτὸν
2120 1879 2462 1951 καθίστησιν,
2486 1882 2573 1937 ἵνα
2602 1881 2697 1936 τοῦ
2713 1883 2904 1937 λοιποῦ
2932 1885 3127 1953 μηκέτι
3148 1885 3370 1956 δύνηται
3390 1887 3523 1941 ἀνα-

245 1980 601 2053 εὑρίσκοντες
640 1982 834 2051 αὑτήν.
873 1980 969 2047 Τί;
1005 1980 1238 2033 πλατεῖα
1270 1981 1304 2050 ἡ
1339 1979 1505 2048 πύλη,
1541 1979 1637 2032 καὶ
1666 1976 1830 2049 εὐρύ-

244 2088 427 2144 χωρος
466 2072 500 2143 ή
543 2072 661 2134 ὁδὸς
700 2074 733 2142 ἠ
786 2071 1075 2139 ἀπάγουσα
1129 2072 1209 2134 είς
1248 2071 1347 2141 τὴν
1394 2069 1703 2124 ἀπώλειανο
1736 2070 1829 2123 καὶ

243 2160 436 2215 πολλοί
466 2158 602 2214 είὰιν
646 2161 697 2213 οἱ
736 2162 1091 2231 πορευόμενοι
1117 2160 1184 2213 δι’
1214 2161 1404 2229 αὑτῆς.
1433 2160 1545 2213 Καὶ
1596 2160 1650 2212 τί
1675 2176 1690 2225 ;
1724 2158 1825 2226 δεῖ,

242 2253 437 2323 φησὶν,
460 2252 743 2323 ὀλιγωρεῖν
771 2251 1001 2305 ἐνταῦθα
1032 2251 1212 2321 ὀλίγον
1238 2250 1465 2321 ὕστερον
1498 2252 1578 2315 είς
1603 2251 1830 2305 αίωνίαν

244 2345 560 2398 ἀνάπαυσιν
597 2344 878 2409 ἀπιόντας.
914 2344 1023 2400 Καὶ
1052 2346 1133 2399 ὅτι
1159 2346 1220 2399 ού
1250 2346 1330 2399 δεῖ
1358 2345 1682 2417 ἐπαίρεσθαί
1709 2364 1830 2400 τινα

245 2434 347 2487 ἐπὶ
402 2435 513 2496 τοῖς
554 2432 721 2486 αὑτοῦ
765 2433 1201 2505 κατορθώμασιν,
1252 2435 1386 2488 ἀλλά
1444 2435 1828 2489 ταπεινοῦσθαι

243 2524 504 2589 πάντοτε,
529 2523 625 2576 καὶ
653 2522 749 2586 τὰς
773 2523 1144 2594 μακροτέρους
1175 2525 1417 2595 ἐρήμους
1447 2525 1826 2595 μεταδιώκειν,

242 2616 412 2686 ἡνίκα
440 2630 523 2677 τις
546 2612 873 2684 αἰσθάνηται
904 2614 1097 2667 ἐαυτὸν
1126 2614 1581 2687 ὑπεραιρόμενον.
1625 2618 1691 2670 Ἦ
1720 2618 1827 2689 γάρ

242 2705 479 2776 πλησίον
513 2705 623 2759 τῶν
655 2704 847 2777 χωρῶν
876 2704 1122 2776 διαγωγὴ
1164 2706 1425 2771 πολλάκις
1460 2709 1552 2761 καὶ
1581 2710 1709 2772 τοὺς
1738 2726 1823 2763 τε·-

241 2797 424 2860 λείους
467 2796 690 2866 ἔϐλαψε.
736 2795 937 2867 Διόπερ
983 2796 1079 2849 καὶ
1106 2798 1134 2850 ὀ
1173 2796 1337 2850 Δαϐὶδ
1366 2798 1557 2867 ψάλλει
1590 2799 1828 2852 τοιοῦτόν

240 2907 298 2943 τι
332 2889 649 2959 πεπονθώς·
699 2888 831 2943 ’1δοὺ
866 2888 1152 2960 ἐμάκρυνα
1175 2889 1513 2959 φυγαδεύων,
1548 2892 1643 2943 καὶ
1674 2892 1827 2962 ηὐλί-

244 2983 380 3053 σθην
418 2984 475 3036 ἐν
508 2985 575 3054 τῇ
621 2982 835 3053 ἐρήμῳ.
876 2978 1290 3052 Προσεδεχόμην
1323 2980 1413 3034 τὸν
1443 2981 1572 3034 Θεὸν
1605 2982 1694 3035 τὸν
1722 2982 1829 3035 σὼο

242 3072 413 3137 ζοντά
454 3088 520 3141 με
560 3072 669 3124 ἀπὸ
720 3068 1070 3139 ὁλιγοψυχίας
1128 3070 1224 3123 καὶ
1266 3070 1593 3139 καταιγίδος.
1640 3071 1829 3123 Πολλοὶ

240 3164 301 3218 δὲ
322 3163 545 3217 καὶτῶν
570 3162 858 3234 ἡμετέρων
880 3161 1123 3230 ἀδελφῶν
1149 3160 1447 3216 πεπόνθασι
1478 3163 1706 3229 τοιοῦτο,
1734 3164 1829 3217 καί⁵

239 3257 312 3312 δι’
344 3256 665 3322 ἀλαζονείαν
693 3254 787 3308 τοῦ
824 3253 1028 3309 σκοποῦ
1051 3253 1495 3309 ἐκπεπτώκασιν.

827 3411 1081 3465 ΚΕΦΑΛ.
1123 3412 1256 3466 MA'.

632 3569 772 3639 Περὶ
812 3566 1094 3625 Ἰωάννου
1126 3566 1232 3621 τοῦ
1264 3567 1435 3624 ἀΰϐἆ.

312 3730 423 3786 Ἶίν
456 3732 564 3802 γάρ
608 3748 691 3794 τις
724 3729 835 3783 τῶν
868 3728 1141 3799 μοναχῶν,
1194 3727 1381 3798 φησὶν,
1412 3728 1471 3781 ἐν
1498 3730 1565 3799 τῇ
1599 3728 1825 3800 πλησίον

200 3858 201 3861 η
236 3825 459 3895 ἐρήμῳ,
498 3824 555 3873 ἐν
586 3820 663 3891 τῷ
699 3820 949 3891 σπηλαίῳ
984 3819 1211 3886 διάγων,
1242 3820 1423 3871 πᾶσαν
1454 3819 1687 3889 ἄσκησιν
1735 3822 1827 3872 ἐν·

233 3918 574 3985 δειξὰμενος,
622 3916 716 3968 καὶ
746 3898 959 3984 ⁶χερσὶν
1015 3910 1245 3973 οἰκείαις
1280 3910 1370 3963 τὸν
1411 3911 1607 3963 ἐαυτοῦ
1662 3912 1826 3981 ἄρτον

1934 1972 2148 2042 στῆναι.
2181 1970 2365 2039 Ὅθεν,
2391 1966 2437 2026 ὦ
2455 1973 2644 2040 τέκνα,
2674 1976 2737 2027 οὑ
2763 1976 3130 2045 συμϐάλλεται
3160 1979 3291 2048 ἡμῖν
3321 1980 3353 2049 ή
3382 1979 3521 2048 πλη-

1934 2062 2046 2116 σίον
2069 2064 2180 2117 τῶν
2211 2065 2402 2136 χωρῶν
2420 2067 2657 2137 οἴκησις,
2681 2067 2804 2120 οὐδὲ
2825 2068 2934 2120 τῶν
2963 2068 3239 2136 γυναικῶν
3263 2071 3521 2141 συντυχία

1930 2153 2317 2220 ἀνεξάλειπτον
2354 2154 2590 2225 ὀχλοῦσα
2624 2158 2867 2229 μνήμην,
2906 2160 2974 2229 ἣν
3007 2159 3072 2212 ἐκ
3095 2160 3192 2230 τῆς
3222 2159 3399 2230 ὅψεως
3426 2162 3522 2215 καὶ

1927 2244 2147 2316 ὁμιλίας
2168 2244 2548 2316 ἐπισπώμεθα.
2575 2246 2713 2301 Ούτε
2743 2249 2801 2302 δὲ
2833 2249 3121 2323 ὀφείλομεν
3147 2252 3359 2305 ἑαυτῶν
3381 2254 3519 2306 ἀπο-

1930 2340 2153 2407 γνῶναι,
2172 2338 2267 2391 καὶ
2290 2340 2367 2402 εἰς
2384 2339 2733 2396 ἀνελπιστίαν
2755 2343 2980 2407 ἑαυτοὺς
3001 2346 3353 2413 καταγαγεῖν.
3377 2344 3518 2415 Ἤδη

1928 2430 2038 2499 γάρ
2079 2429 2264 2484 πολλοὶ
2301 2431 2395 2485 καὶ
2422 2432 2530 2485 τῶν
2563 2435 2640 2503 μὴ
2665 2433 3011 2503 ἀπογνόντων
3039 2434 3191 2506 παρὰ
3222 2434 3315 2489 τοῦ
3360 2435 3518 2506 ἐλεή-

1932 2537 2092 2591 μονος
2123 2519 2257 2574 Θεοῦ
2289 2520 2697 2593 φιλανθρωπίας
2722 2524 2822 2577 οὐκ
2850 2524 3247 2595 ἐστερήθησαν.

2525 2703 2776 2757 ΚΕΦΔΛ.
2814 2704 2949 2758 ME'.

1930 2831 2071 2901 Περὶ
2106 2831 2216 2889 τοῦ
2252 2832 2540 2907 ἀδελφοῦ
2562 2837 2912 2905 κινηθέντος
2939 2840 3228 2907 μετανοίᾳ
3260 2839 3373 2896 τοῦ
3408 2842 3515 2896 αὺ-

2213 2933 2218 2937 -
2260 2904 2367 2959 τοῦ
2390 2905 2542 2962 άὸϐᾶ
2578 2906 2852 2962 Ἰωάννου
2880 2904 3179 2980 διήγησις.

2000 3058 2109 3114 Ἦν
2154 3061 2264 3134 γάρ
2312 3080 2395 3127 τις
2437 3063 2653 3134 ἔτερος,
2693 3066 2860 3135 φησὶ,
2897 3067 3113 3131 νεανίας
3146 3069 3204 3123 ἐν
3252 3073 3319 3143 τῇ
3360 3071 3511 3129 πόλει

1932 3152 2074 3205 πάνυ
2100 3154 2396 3225 πάμπολλα
2420 3156 2817 3226 ἐργασάμενος,
2848 3159 2942 3210 καὶ
2970 3159 3224 3227 χαλεπῶς
3254 3164 3511 3236 ἡμαρτη-

1933 3244 2062 3311 κὼς,
2094 3246 2151 3310 ὂς
2181 3248 2410 3316 νεύματι
2445 3248 2539 3302 τοῦ
2569 3249 2704 3303 Θεοῦ
2744 3251 3069 3319 κατανυγεὶς
3114 3255 3207 3306 ἐπὶ
3232 3258 3351 3319 ταῖς
3377 3258 3509 3311 πολ-

1930 3337 2049 3401 λαῖς
2094 3340 2427 3411 ἁμαρτίαις,
2474 3342 2571 3395 καὶ
2617 3346 2742 3406 τοὺς
2775 3343 2979 3414 τάφους
3015 3346 3362 3415 καταλαϐὼν,
3411 3351 3510 3423 τὴν

1930 3433 2203 3503 προτέραν
2250 3433 2445 3485 ἐαυτοῦ
2493 3433 2638 3505 ζωὴν
2673 3436 3021 3508 ἀπωδύρετο,
3072 3440 3165 3493 ὲπί
3218 3443 3509 3512 πρόσωπον

1929 3523 2122 3577 ἐαυτὸν
2160 3526 2505 3591 καταϐαλὼν,
2554 3529 2629 3598 μὴ
2671 3530 2765 3581 καὶ⁵
2803 3529 3019 3599 τολμῶν
3051 3532 3271 3600 ἀφιέναι
3301 3538 3505 3607 φωνὴν,

1930 3615 2054 3686 μηδ’
2088 3617 2371 3685 ὀνομάζειν
2399 3616 2553 3683 Θεὸν,
2585 3620 2719 3691 μηδὲ
2753 3621 3037 3689 ἱκετεύειν,
3071 3625 3287 3691 ἀνάξιον
3314 3628 3507 3683 ἑαυτὸν

1924 3706 2228 3777 ἡγούμενος
2259 3708 2353 3761 καὶ
2392 3709 2562 3779 αύτῆς
2596 3710 2694 3777 τῆς
2733 3711 2897 3782 ζωῆς,
2934 3715 3025 3767 καὶ
3056 3714 3161 3786 πρὸ
3188 3717 3416 3772 θανάτου
3448 3723 3506 3773 ἐν

1925 3801 2035 3861 τοῖς
2065 3801 2419 3869 νεκροτάφοις
2468 3803 2661 3854 ἑαυτὸν
2694 3806 3057 3869 κατακλείσας
3079 3826 3091 3837 '
3130 3812 3222 3862 καὶ
3257 3811 3505 3865 άπ;ιτ.ὼν

1925 3890 2118 3943 ἑαυτοῦ
2155 3892 2255 3959 τὴν
2299 3892 2466 3961 ζωὴν,
2498 3893 2677 3945 ἔστενε
2715 3898 2875 3963 μόνον
2909 3898 3154 3952 κάτωθεν
3179 3903 3241 3953 ἐκ
3276 3901 3369 3954 τοῦ
3404 3903 3504 3971 βά-

234 3982 625 4080 ποριξόμενος.
684 4005 771 4068 Ὧς
821 4004 878 4057 δέ
925 4003 1231 4073 προσέμενε
1276 4004 1398 4064 ταῖς
1446 4001 1699 4070 δεήσεσι,
1731 4001 1826 4055 καὶ
1927 3982 2054 4047 θουῖ
2088 3983 2187 4052 τῆς
2230 3985 2479 4053 καρδίας·
2546 3985 2870 4056 Ἕϐδομάδυς
2904 3989 2960 4041 δὲ
3000 3992 3086 4043 ἐπ’
3127 3994 3273 4065 αὑτῷ
3301 3997 3504 4064 παρελ’

235 4076 580 4170 προσέκοπτε
597 4099 715 4159 ταῖς
736 4098 976 4167 ἀρεταῖς,
999 4096 1083 4164 ἐφ’
1108 4093 1285 4164 ἐαυτῷ
1306 4092 1492 4147 λοιπὸν
1520 4093 1821 4165 ἐπεποιήθη
1925 4077 2161 4147 (δούσης.
2200 4076 2415 4170 νύκτωρ
2445 4078 2594 4149 αὐτῷ
2629 4080 2943 4147 ἐφίστανται
2982 4083 3031 4135 οἱ
3077 4085 3330 4157 δαίμονες
3360 4091 3406 4141 οἱ
3444 4089 3504 4142 τὸ

235 4169 461 4257 θαρσῶν
481 4186 573 4239 ἐπὶ
600 4188 666 4257 τῇ
694 4185 832 4256 καλῇ
860 4184 1125 4254 πολιτείᾳ.
1165 4184 1221 4236 '0
1247 4183 1303 4235 δὲ
1331 4183 1608 4254 πειράζων
1631 4185 1818 4250 αὑτὸν,
1924 4170 2054 4240 πρὶν
2086 4169 2253 4222 αὐτοῦ
2296 4171 2397 4240 τὴν
2444 4170 2591 4241 ζωὴν
2644 4171 3088 4242 καταθάψαντες
3105 4190 3122 4207 ⁹
3171 4180 3505 4249 κεκραγότες

232 4280 310 4343 ὡς
360 4279 452 4332 τὸν
498 4278 619 4331 Ἰὼϐ
667 4278 988 4351 ἐξῃτήσατο.
1039 4278 1148 4330 Καὶ
1192 4275 1256 4348 δὴ
1315 4278 1619 4345 φαντασίαν
1670 4277 1821 4348 αύτῷ
1921 4262 2017 4314 καὶ
2048 4262 2331 4330 λέγοντες·
2382 4263 2494 4316 Πθῧ
2539 4266 2568 4317 ό
2622 4267 2817 4337 μιαρός
2866 4269 3015 4322 ὲτεττιν
3062 4273 3291 4335 ἐκεῖνος.
3324 4274 3352 4325 6
3384 4276 3507 4337 ταῖς

232 4375 487 4445 παρέσχε
535 4374 673 4444 πρὸς
714 4372 953 4443 ἑσπέραν
993 4370 1248 4439 γυναικὸς
1294 4371 1568 4440 εὐμόρφου
1604 4370 1821 4424 πλανω-
1920 4356 2197 4425 λαγνείαις
2238 4358 2438 4422 ἱκανῶς
2479 4360 2795 4430 κορεσοεὶς.
2824 4361 2921 4417 νῦν
2950 4365 3084 4434 ἡμῖν
3129 4364 3358 4437 ἄκαιρος
3398 4369 3504 4421 σώ-

235 4466 411 4536 μένης
461 4463 603 4516 κατὰ
646 4461 745 4532 τὴν
793 4461 1021 4531 ἔρημον,
1082 4461 1203 4532 ἥτις
1249 4459 1486 4532 εὑροῦσα
1518 4460 1618 4530 τὴν
1647 4459 1819 4531 θύραν
1922 4469 2073 4521 φρων
2102 4452 2195 4505 καὶ
2245 4454 2409 4517 καλὸς
2453 4455 2718 4526 ἀνεφάνη,
2756 4457 2852 4509 καὶ
2897 4458 2986 4511 ὅτε
3025 4460 3211 4513 οὐκέτι
3240 4461 3500 4530 δύναται,

229 4555 591 4626 ἀνεῳγμένην
620 4553 977 4625 εἰσεπήδησεν
1009 4552 1089 4616 είς
1120 4552 1181 4604 τὸ
1210 4551 1497 4623 σπήλαιον,
1526 4553 1620 4605 καὶ
1648 4569 1819 4624 προς-
1850 4582 1895 4638 D
1922 4546 2043 4599 τότε
2088 4548 2413 4617 Χριστιανὸς
2480 4550 2572 4603 καὶ
2613 4548 2874 4615 εὔτακτος
2926 4546 3068 4605 εἶναι
3094 4553 3378 4625 βούλεται;
3409 4559 3505 4611 καὶ

232 4648 483 4702 πεσοῦσα
512 4649 625 4710 τοῖς
654 4647 843 4715 γόνασι
874 4644 968 4698 τοῦ
1000 4643 1189 4716 ἀνδρὸς
1217 4644 1335 4716 ᾔτει
1370 4645 1501 4714 παρ’
1531 4643 1697 4697 αὑτοῦ
1719 4645 1819 4715 τὴν

230 4743 565 4806 ἀνάπαυσιν,
597 4740 672 4803 ὼς
703 4739 942 4811 ἐτπέρας
981 4739 1151 4809 αὐτὴν
1182 4736 1621 4806 καταλαϐούσης.
1669 4738 1726 4790 Ὀ
1761 4738 1821 4791 δὲ

230 4836 310 4899 ὡς
351 4833 584 4904 ἠλέησεν
626 4833 817 4902 αὐτὴν,
876 4833 1012 4902 ὅπερ
1042 4831 1141 4883 οὑκ
1174 4828 1427 4899 ῶφειλεν,
1469 4831 1561 4883 καὶ
1598 4830 1821 4897 ἐδέξατο

229 4928 409 4996 αὐτὴν
438 4927 495 4980 ἐν
516 4914 603 4998 τῷ
626 4924 898 4997 σπηλαίῳ,
928 4924 1021 4977 καί
1045 4941 1125 4976 τοι
1166 4921 1493 4976 ἐπυνθάνετο
1522 4924 1691 4995 αὐτῆς
1721 4923 1819 4994 τὴν

229 5021 478 5089 πλάνην·
523 5021 556 5089 ή
603 5019 661 5072 δὲ
708 5018 783 5082 ὼς
829 5016 1151 5087 άπήγειλλε,
1184 5017 1279 5069 καὶ
1312 5014 1504 5085 λόγους
1533 5016 1681 5087 αύτῷ
1728 5034 1820 5070 κο-

228 5111 432 5175 λακίας
466 5113 560 5163 καὶ
605 5111 821 5182 ἀπάτης
876 5110 1199 5180 ὑπέσπειρε,
1250 5111 1343 5163 καὶ
1378 5110 1696 5180 παρέτεινεν
1725 5111 1820 5163 ἐπὶ

232 5204 374 5257 πολὺ
421 5203 602 5258 αὑτῶν
649 5204 749 5273 τὴν
803 5202 1040 5272 ὁμιλίαν,
1072 5202 1256 5271 ἠρέμα
1298 5203 1354 5255 δέ
1387 5220 1501 5266 πως
1532 5202 1693 5255 αὐτὸν
1725 5204 1820 5256 καὶ

228 5298 328 5349 ἐπί
386 5295 565 5366 ἔρωτα
618 5296 1005 5367 προεκαλεῖτο*
1039 5296 1133 5347 καὶ
1178 5294 1324 5362 λόγοι
1376 5294 1592 5358 πλείους
1634 5295 1818 5348 λοιπὸν

231 5390 374 5460 πρὸς
403 5388 672 5457 ἀλλήλους
703 5388 884 5450 αὑτοῖς
914 5387 1177 5455 γίνονται,
1211 5388 1304 5438 καὶ
1338 5386 1541 5454 γέλως,
1575 5388 1667 5440 καὶ
1698 5404 1818 5457 μει-

228 5482 429 5552 δίαμα.
480 5482 862 5553 ’Λπεπλάνησε
905 5480 961 5533 δὲ
994 5480 1157 5534 αὑτὸν
1201 5480 1369 5549 πολλὴ
1404 5480 1612 5550 ὁμιλία,
1639 5484 1731 5534 καὶ
1759 5480 1820 5533 τὸ

228 5574 488 5629 ἐντεῦθεν
531 5574 739 5639 λοιπὸν,
776 5575 888 5644 ἁφῇ
934 5572 1113 5642 χειρὸς
1167 5574 1259 5625 καὶ
1307 5572 1540 5640 γενείου,
1578 5572 1674 5625 καὶ
1720 5573 1819 5625 αύ-

224 5670 415 5741 χένος,
453 5669 547 5721 καὶ
590 5669 983 5739 ῂχμαλώτευσε
1028 5668 1167 5731 τέως
1210 5666 1301 5720 τὸν
1334 5667 1602 5736 ἁσκητήν.
1647 5667 1735 5730 Ὠς
1761 5666 1818 5720 δὲ

227 5763 536 5833 ἐστρέφετο
593 5762 696 5832 μὲν
739 5762 943 5823 ἐκεῖνος
972 5760 1183 5814 ἔνδοθεν
1221 5763 1333 5823 τοῖς
1386 5760 1686 5829 λογισμοῖς,
1720 5760 1815 5814 ἅτε

222 5856 296 5927 δὴ
327 5856 385 5909 ἐν
406 5856 596 5926 χερσὶν
622 5853 761 5923 ἔχων
791 5854 850 5907 τὸ
880 5856 1131 5925 πρᾶγμα,
1160 5854 1255 5925 τὴν
1282 5855 1567 5926 εὐκαιρίαν
1598 5855 1691 5907 καὶ
1716 5853 1814 5925 τὴν

556 5951 830 6014 ΡΑΤιιοΙ..
860 5951 975 6012 Gn.
1012 5952 1213 6012 XXXI
1227 5953 1295 6013 γ.

1923 4638 1975 4692 τί
2013 4640 2177 4693 καλὸν
2223 4641 2303 4694 ἔτι
2333 4641 2555 4695 ἔσεσθαι
2590 4643 2802 4714 σεαυτῴ
2834 4646 3139 4717 προσδοκᾷς
3167 4648 3504 4720 ἐμφορηθεὶς

1922 4736 2031 4789 τῶν
2059 4738 2345 4807 ἡμετέρων
2391 4738 2609 4804 κακῶν;
2648 4739 2747 4790 ούκ
2778 4739 3061 4811 ἀναστήσῃ
3103 4742 3240 4810 ταχὺ
3270 4744 3501 4807 ἐκεῖθεν,

1922 4830 2022 4883 ούκ
2076 4832 2169 4883 ἐπὶ
2221 4832 2287 4884 τά
2330 4833 2531 4902 συνήθη
2585 4833 2705 4902 μεθ’
2754 4832 2912 4901 ήμῶν
2958 4834 3140 4903 ἤξεις;
3190 4835 3411 4903 μένουσί
3444 4855 3502 4889 σε

1923 4923 2119 4993 πόρναι
2149 4925 2242 4976 καὶ
2273 4924 2539 4992 κάπηλος·
2571 4925 2671 4976 ούκ
2702 4923 2896 4997 ἐλεύσῃ
2930 4926 3159 4979 καὶτῶν
3196 4927 3502 4997 ἐπιθυμιῶν

1922 5016 2253 5077 ἀπολαύσεις
2274 5059 2287 5081 ,
2321 5017 2497 5086 πάσης
2531 5034 2624 5069 σου
2660 5017 2754 5087 τῆς
2788 5018 2956 5089 ἄλλης
2989 5019 3205 5083 ἐλπίδος
3236 5022 3505 5074 κατασϐεο

1924 5109 2172 5180 σθείσης;
2222 5108 2341 5179 ἣξει
2375 5127 2457 5162 σοι
2514 5110 2731 5173 πάντως
2786 5113 2979 5181 ταχεῖα
3029 5114 3062 5183 ἡ
3116 5113 3298 5181 κρίσις
3331 5114 3505 5178 οὕτως

1922 5200 2113 5254 ἐαυτὸν
2164 5200 2499 5271 ἀναιροῦντι.
2560 5204 2671 5255 Καὶ
2722 5205 2773 5256 τί
2830 5204 3081 5269 σπεύδεις
3113 5206 3249 5277 πρὸς
3282 5206 3381 5277 τὴν
3425 5225 3505 5261 τι⁶

1924 5293 2158 5363 μωρίαν,
2195 5287 2238 5346 ὦ
2270 5292 2419 5347 ἄθλιε
2444 5312 2457 5360 ;
2487 5294 2538 5346 τί
2567 5295 2621 5346 δέ
2654 5295 2998 5364 φιλονεικείς,
3028 5296 3222 5351 θᾶττον
3257 5298 3504 5352 ἐπελθεῖν

1922 5403 2005 5438 σοι
2037 5386 2135 5457 τὴν
2162 5386 2347 5457 δίκην;
2376 5387 2510 5440 ἄλλα
2538 5405 2596 5439 τε
2628 5389 3083 5460 πολλάςλέγοντες,
3101 5389 3399 5461 Ἦμέτερος
3430 5387 3501 5458 εἷ,

1921 5478 2050 5547 ημῖν
2092 5478 2399 5543 συνετάξω·
2455 5476 2683 5548 ἀνομίαν
2732 5479 2976 5549 ἧσκησας
3035 5481 3237 5544 πᾶσαν,
3283 5481 3502 5534 πάντων

1921 5570 2051 5640 ήμῖν
2086 5568 2383 5633 ὑπεύθυνος
2428 5569 2682 5639 γέγονας,
2734 5572 2829 5624 καὶ
2872 5570 3225 5642 δραπετεύειν
3260 5571 3497 5644 τολμᾷςς

1921 5663 2034 5716 Ούκ
2075 5663 2379 5735 ἀποκρίνῃ;
2428 5664 2489 5716 οὑ
2522 5665 2833 5738 συντάσσῃ;
2877 5666 2938 5717 οὐ
2969 5664 3363 5737 συνεξελεύςῃ;
3409 5668 3500 5729 Ὠς

1919 5757 1978 5811 δὲ
2023 5758 2226 5821 ἐκεῖνος
2283 5758 2417 5827 πρὸς
2466 5761 2586 5821 ταῖς
2615 5759 2881 5829 οίμωγαῖς
2932 5759 3213 5829 καρτερῶν
3244 5759 3363 5812 οὑδέ
3400 5758 3499 5830 τὴν

1920 5852 2089 5923 ἀκοὴν
2120 5852 2341 5923 ὑπεῖχεν
2366 5852 2566 5919 αὐτοῖς,
2595 5852 2716 5905 οὐδὲ
2750 5851 3083 5924 ἀπεκρίνατο
3108 5852 3293 5915 αὑτοῖς
3315 5849 3493 5921 λόγον,

3164 5943 3240 6006 36
