4096 6518
599 438 739 507 1123

2052 430 2405 491 PALLADII
2504 404 2508 409 ’

3726 429 3877 496 1124

596 559 692 613 ἐπὶ
728 556 865 614 πολὺ
913 554 1285 628 ἐπιμενόντων
1320 552 1471 626 αὐτῷ
1519 552 1628 607 τῶν
1663 549 1935 621 δαιμόνων
1958 563 1970 578 ·
2019 546 2094 610 ὠς
2121 546 2179 599 δὲ
2206 550 2253 607 Α
2280 546 2442 617 ἡνίκα
2470 544 2737 619 ᾐσθάνετο
2777 545 3036 619 δεομένου
3078 548 3174 603 τοῦ
3227 548 3501 620 σώματος,
3536 548 3769 622 εὕρισκέ
3812 567 3878 604 τε

597 646 752 701 οὐδὲν
779 644 984 716 ἡνυσαν
1029 643 1291 707 πολλάκις
1326 641 1498 695 ταῦτα
1531 640 1804 708 λέγοντες,
1826 633 2184 697 ’διαλαϐόντες

598 729 762 785 αὐτόν
800 730 850 783 οί
883 729 1111 798 πονηροὶ
1140 727 1235 781 καὶ
1263 726 1480 797 αἰσχροὶ
1503 723 1779 794 δαίμονες,
1803 719 1995 793 ᾕκιζον
2019 718 2185 789 χαλε-

600 820 717 883 πῶς
748 818 890 887 ἄγαν
909 858 925 883 ,
968 818 1115 872 ἅπαν
1140 817 1201 871 τὸ
1233 816 1395 886 σῶμα
1424 813 1589 870 αὐτοῦ
1619 811 2059 879 καταξαίνοντες,
2090 808 2185 862 καὶ

600 907 995 978 βασανίσαντες
1024 904 1186 959 αὐτὸν
1213 903 1487 974 χαλεπῶς,
1518 900 1758 973 ἡμιθανῆ
1789 897 2184 959 καταλιπόντες

598 993 823 1065 ᾤχοντο.
870 994 929 1046 '0
974 992 1030 1045 δέ
1065 992 1218 1045 οὐδὲν
1243 987 1409 1065 ἦττον
1451 990 1709 1059 ἀκίνητος
1749 987 1990 1055 ἔνθαπερ
2020 982 2183 1037 αὑτὸν

599 1078 909 1142 κατέλιπον,
961 1077 1140 1129 ἐκειτο
1198 1076 1399 1131 στένων
1448 1071 1627 1139 αὖθις,
1662 1072 1853 1144 ἐπειδὴ
1912 1074 1979 1142 τῇ
2034 1070 2182 1141 ψυχῇ

598 1164 940 1233 συνελέξατο.
969 1165 1089 1219 Τῶν
1115 1165 1173 1219 δέ
1203 1164 1420 1219 οἰκείων
1441 1162 1602 1217 αὐτοῦ
1638 1162 1758 1216 κατ’
1795 1163 1941 1231 ίχνος
1982 1159 2186 1227 ἀναζη-

597 1251 836 1307 τούντων
865 1252 1050 1318 αὐτὸν,
1098 1251 1195 1306 καὶ
1243 1251 1535 1323 εὑρόντων,
1571 1251 1666 1304 καὶ
1708 1248 1808 1320 τὴν
1866 1247 2047 1301 αἰτίαν
2085 1247 2186 1315 τῆς

597 1339 692 1394 τσῦ
743 1338 994 1412 σώματος
1053 1340 1339 1410 συμφορᾶς
1400 1338 1716 1409 μαθόντων,
1779 1335 1967 1406 ἡξίουν
2020 1332 2184 1387 αὐτὸν

596 1429 829 1497 ἀγαγεῖν
879 1428 1094 1482 οῐκαδε.
1139 1427 1198 1481 '0
1241 1426 1298 1481 δὲ
1345 1427 1467 1481 ἐπεὶ
1523 1425 1786 1488 πολλάκις
1834 1421 2184 1494 βιασαμένων

597 1517 828 1587 ἀντέσχε
845 1532 860 1545 ’
893 1516 990 1570 καὶ
1016 1516 1180 1570 πάλιν
1202 1514 1365 1569 αὑτὸν
1390 1513 1488 1585 τὴν
1520 1514 1784 1567 ἐπιοῦσαν
1812 1510 1983 1563 νύκτα
2011 1508 2183 1579 χείρω

597 1604 706 1658 τῶν
754 1605 1064 1676 ἔμπροσθεν
1114 1605 1162 1657 οί
1218 1602 1471 1672 δαίμονες
1502 1601 1597 1653 ἐπὶ
1642 1600 1757 1662 τοῖς
1785 1598 1972 1661 αὐτοῖς
2010 1596 2183 1650 διατί-

600 1692 806 1745 θενται.
838 1693 951 1746 Καὶ
977 1691 1099 1746 οὐδέ
1124 1690 1300 1753 οὕτως
1327 1689 1489 1743 πάλιν
1531 1687 1697 1742 αὐτὸν
1722 1688 1773 1738 of.
1808 1685 2183 1756 προσήκοντες

599 1778 848 1832 πείθουσι
892 1778 1225 1848 μεταστῆναι
1250 1776 1345 1830 τοῦ
1378 1776 1570 1841 τόπου,
1614 1778 1860 1846 κρεῖττον
1910 1769 2049 1826 εἶναι
2090 1787 2180 1824 τε-

600 1867 791 1921 θνάναι
828 1866 1056 1934 λέγοντα
1086 1864 1120 1936 ἢ
1169 1867 1226 1917 ἐν
1254 1864 1531 1927 τοιαύταις
1557 1862 1653 1915 τοῦ
1688 1860 1804 1931 βίου
1844 1850 2027 1930 κηλῖσι
2055 1855 2179 1927 ζῇν.

610 1956 675 2009 Ἦ
706 1954 861 2025 τρίτη
900 1956 996 2021 νὺξ
1029 1954 1135 2007 τῶν
1184 1953 1457 2022 δαιμόνων
1492 1949 1689 2022 μικροῦ
1741 1948 1920 2019 πάντη
1967 1947 2060 2000 τὸν
2083 1946 2182 2000 ἄν·

601 2040 819 2113 θρωπον
850 2041 947 2112 τῆς
996 2039 1144 2112 ζωῆς
1188 2038 1502 2110 ἀπήλλαξεν
1531 2036 1778 2108 ἀνηλεῶς
1810 2035 2183 2089 ἐπιπεσόντων

602 2127 752 2199 αὑτῷ
766 2131 884 2191 ταῖς
906 2126 1184 2198 βασάνοις.
1222 2127 1309 2190 Ὠς
1329 2126 1386 2179 δὲ
1404 2126 1506 2180 οὐκ
1528 2121 1665 2178 εἶδον
1689 2122 1928 2187 ἐνδόντα,
1957 2120 2183 2194 ᾤχοντο,

601 2216 807 2270 ἄπνουν
832 2215 931 2286 μὲν
954 2213 1349 2277 καταλιπόντες
1376 2213 1469 2267 τὸν
1493 2213 1802 2283 ἄνθρωπον.
1849 2209 2190 2281 Ἀπερχόμε-⁴

602 2323 683 2359 νοι
721 2303 855 2374 γοῦν
875 2294 1213 2374 ἐκεκράγασι
1236 2301 1507 2371 λέγοντες·
1553 2299 1847 2370 Ὲνίκησας
1863 2341 1880 2367 ,
1902 2296 2181 2368 ἐνίκησας.

602 2392 718 2447 Καὶ
743 2390 926 2445 οὐκέτι
958 2388 1105 2461 αὐτῷ
1129 2391 1463 2462 συνήντησεν
1494 2388 1646 2442 οὐδὲν
1675 2386 1868 2451 δεινὸν,
1913 2385 2029 2439 ἀλλ’
2050 2383 2187 2453 ἀφό-

605 2479 714 2542 ϐως
739 2479 829 2532 τδν
849 2479 1021 2548 τάφον
1040 2477 1258 2549 ῷκησεν
1283 2477 1388 2541 ἕως
1409 2476 1528 2546 ἔζη,
1552 2476 1803 2546 ἀσκήσας
1819 2472 2067 2545 καθαράν
2086 2471 2185 2542 τὴν

604 2568 810 2639 ἀρετήν
831 2583 845 2595 °
890 2566 1066 2632 οὑτως
1109 2568 1205 2620 καὶ
1245 2566 1367 2636 Θεῷ
1396 2566 1576 2635 τίμιος
1608 2564 1901 2635 γενόμενος
1938 2564 1996 2617 ἐν
2022 2562 2188 2617 δυνά-

608 2673 735 2726 μεσι
790 2656 880 2709 καὶ
913 2656 1210 2726 θαυμάτων
1244 2654 1591 2719 ἐπιδείξεσιν,
1642 2651 1783 2706 ὥστε
1824 2650 2044 2714 πολλοῖς
2092 2650 2188 2705 καὶ

606 2743 795 2813 θαῦμα
831 2743 926 2797 καὶ
958 2743 1116 2811 ζῆλον
1149 2741 1330 2796 καλῶν
1367 2740 1816 2810 ἐπιτηδευμάτων
1854 2740 2184 2811 παρασχεῖν.

618 2834 710 2887 Ἐν
737 2831 946 2897 τούτοις
988 2833 1232 2886 πλεῖστοι
1268 2832 1363 2886 καλ⁵
1394 2831 1503 2884 τῶν
1543 2829 1750 2900 σφόδρα
1785 2828 2187 2898 ἀπεγνωκότων

607 2922 817 2977 ἑαυτῶν
862 2921 1126 2992 μετῆλθον
1175 2920 1272 2985 τάς
1318 2920 1489 2982 καλὰς
1520 2920 1748 2991 πράξεις
1779 2919 1876 2971 καὶ
1905 2916 2188 2988 κατορθώ-

610 3025 745 3076 σεις.
788 3010 895 3063 Καὶ
951 3009 1174 3078 γέγονεν
1207 3009 1391 3070 αὐτοῖς
1420 3008 1481 3061 τὸ
1518 3011 1616 3080 τῆς
1644 3007 1868 3080 Γραφῆς
1901 3006 2186 3078 λεγούσης,

610 3098 727 3161 Πᾶς
750 3100 792 3161 6
822 3097 1093 3151 ταπεινῶν
1130 3097 1322 3150 ἑαυτὸν
1350 3095 1721 3169 ὑψωθήσεται.
1755 3095 2191 3167 Προηγουμένως

608 3181 723 3251 οὖν,
760 3186 948 3249 τέκνα,
1002 3183 1509 3255 ταπεινοφροσύνην
1561 3185 1912 3254 ἀσκήσωμεν,
1947 3182 2190 3255 κρηπῖδα

611 3275 802 3327 πᾶσων
827 3270 990 3326 οὖσαν
1013 3272 1118 3325 τῶν
1147 3272 1378 3345 ἀρετῶν.
1402 3272 1550 3326 Πάνυ
1573 3271 1629 3325 δέ
1660 3271 2027 3342 συμϐάλλεται
2056 3272 2189 3343 ἡμῖν

612 3362 707 3416 καὶ
732 3363 765 3430 ή
810 3361 1129 3434 μακροτέρα
1163 3360 1370 3433 ἔρημος
1399 3360 1536 3432 πρὸς
1558 3360 1657 3431 τὴν
1687 3360 1941 3430 ἄσκησιν.

1190 3470 1441 3523 ΚΕΦΑΛ.
1476 3468 1630 3538 Μετ’.

611 3563 899 3635 Διήγησις
946 3562 1055 3617 τοῦ
1105 3561 1255 3635 ἀὸἶϐᾶ
1315 3562 1598 3635 Ἰωάννου
1642 3562 1773 3632 περὶ
1826 3562 2194 3630 ἐκπεσόντος

1090 3633 1189 3687 καὶ
1219 3632 1729 3704 μετανοήσαντος.

685 3742 881 3811 Γέγονε
930 3740 1039 3812 γάρ
1088 3757 1175 3805 τις
1223 3740 1318 3794 καὶ
1362 3740 1550 3811 ἓτερος
1603 3740 1837 3812 μοναχδς
1870 3740 1968 3813 τὴν
2006 3740 2196 3812 πόρρω

614 3830 820 3902 έρημον
848 3827 1213 3899 κατειληφὼς,
1242 3829 1338 3882 καὶ⁹
1362 3830 1421 3883 ἐν
1451 3828 1667 3894 πολλοῖς
1698 3829 1841 3882 ἔτεσι
1870 3828 1969 3893 τὰς
1994 3828 2197 3899 ἀρετὰς

614 3916 993 3988 κατορθώσας.
1044 3918 1133 3971 Ἐν
1196 3918 1356 3988 γήρει
1390 3916 1577 3972 λοιπὸν
1625 3916 1912 3987 τυγχάνων
1939 3916 2038 3987 τῆς
2088 3914 2196 3970 τῶν

612 4006 884 4077 δαιμόνων
926 4004 1222 4076 ἐπιϐουλῆς
1253 4006 1534 4075 ἐπειρᾶτο.
1564 4001 1674 4057 Ἦν
1708 4007 1818 4075 γὰρ
1848 4003 1986 4057 πάνυ
2020 4003 2197 4074 ἀσκη·

613 4095 713 4166 τῆς
742 4094 838 4165 τὴν
878 4093 1107 4165 ἡσυχίαν
1133 4092 1532 4165 ἀσπαζόμενος,
1569 4091 1666 4145 καὶ
1700 4093 1755 4144 ἐν
1789 4092 1976 4161 εὐχαῖς
2004 4091 2099 4144 καὶ
2139 4093 2197 4145 ἐν

618 4183 807 4254 ῦμνοις
824 4186 921 4238 καὶ
942 4182 1200 4255 θεωρίαις
1225 4183 1444 4246 πολλαῖς
1470 4181 1835 4253 διημερεύων,
1861 4180 1954 4234 καὶ
1978 4181 2198 4253 ὁράσεις

618 4272 894 4343 θειοτέρας
939 4273 1092 4333 τινὰς
1121 4271 1360 4341 ἐναργὴς
1395 4268 1642 4341 ἐθεώρει.
1677 4267 1847 4322 Τοῦτο
1882 4268 1981 4339 μέν
2028 4270 2197 4339 ἐγρη-

616 4363 816 4432 γόρως,
843 4362 1001 4415 τοῦτο
1031 4361 1089 4414 δὲ
1119 4362 1241 4415 καθ’
1275 4361 1499 4429 ὕπνους,
1528 4362 1622 4415 καὶ
1654 4360 1838 4430 σχεδὸν
1875 4362 2018 4431 ῖχνος
2044 4360 2198 4413 ἐπεί-

616 4450 792 4519 ληπτο
827 4452 929 4520 τῆς
966 4449 1262 4519 ἀσωμάτου
1296 4449 1475 4520 ζωῆς,
1529 4449 1589 4501 οὐ
1622 4448 1727 4519 γῆν
1777 4446 2041 4515 φυτεύων,
2076 4447 2198 4502 οὐδέ

619 4536 921 4607 φροντίζων
967 4536 1205 4607 διαίτης,
1247 4536 1370 4589 οὐδὲ
1412 4538 1471 4591 ἐν
1498 4538 1610 4599 τοῖς
1638 4539 1825 4605 φυτοῖς
1853 4535 2052 4606 ζητῶν,
2085 4536 2114 4589 ὃ
2143 4554 2196 4590 τι

616 4625 848 4696 παρέχοι
874 4624 953 4696 τῷ
980 4625 1193 4695 σώματι
1224 4624 1485 4695 δεομένῳ,
1521 4623 1633 4677 ἀλλ’
1664 4624 1785 4676 οὐδέ
1811 4625 1874 4675 ἐκ
1903 4623 2002 4693 τῆς
2035 4623 2198 4696 χλόης

617 4713 737 4767 οὐδὲ
759 4713 933 4786 ἄγραν
958 4712 1184 4783 ὀρνίθων
1204 4712 1326 4766 οὐδὲ
1348 4712 1510 4767 ἄλλου
1532 4711 1676 4776 τινὸς
1702 4712 2005 4783 μετήρχετο
2035 4712 2196 4777 ζώου.

630 4802 794 4857 Ἀλλὰ
818 4802 1198 4873 πεποιθήσεως
1245 4801 1429 4872 γέμων
1476 4803 1556 4865 είς
1609 4801 1742 4854 θεὸν
1784 4800 1966 4865 ww"
2002 4802 2067 4855 ἐκ
2102 4802 2203 4872 τῆς

620 4892 944 4963 οἰκουμένης
996 4890 1259 4962 μετῆλθεν
1304 4891 1440 4956 ἐκεῖ,
1498 4889 1593 4945 καὶ
1625 4888 1782 4958 λόγον
1812 4888 2023 4953 οὐδενὸς
2057 4883 2203 4960 εἶχεν

621 4982 769 5041 ὅπως
802 4978 950 5047 αὐτῷ
992 4978 1326 5048 τρεφόμενον
1364 4976 1609 5049 διαμένοι
1643 4977 1703 5030 τὸ
1734 4976 1914 5046 σῶμα.
1965 4974 2106 5029 Ἀλλ’
2145 4977 2203 5030 ἐν

620 5065 762 5136 λήθῃ
788 5064 1001 5119 πάντων
1026 5064 1168 5118 ἑκὼν
1197 5066 1410 5136 ἀνεῖχεν
1434 5066 1645 5131 ἐαυτὸν,
1673 5064 1866 5136 τελείῳ
1897 5064 2049 5135 πόθῳ
2067 5062 2205 5133 πρὸς

622 5151 756 5205 Θεὸν
785 5152 1118 5223 παραμένων
1150 5153 1243 5206 καὶ
1269 5151 1581 5224 περιμένων
1609 5152 1707 5223 τὴν
1737 5152 1954 5221 κλῆσιν,
1989 5150 2086 5205 καὶ
2108 5151 2205 5220 τὴν

625 5239 690 5290 ἐκ
732 5237 825 5289 τοῦ
874 5238 1081 5308 κόσμου
1134 5239 1446 5308 μετάθεσιν,
1485 5239 1578 5292 καὶ
1619 5236 1696 5307 τῷ
1739 5236 1978 5306 πλείστῳ
2010 5252 2096 5305 γε,
2137 5237 2203 5305 τῇ

624 5324 814 5396 τέρψει
848 5324 957 5378 τῶν
982 5326 1323 5396 φαινομένων
1357 5327 1451 5380 καὶ
1499 5317 1872 5395 ἐλπιζομένων
1924 5325 2203 5395 ἐτρέφετο,

626 5414 721 5464 καὶ
760 5410 884 5464 οὐτε
929 5412 988 5465 τὸ
1022 5412 1180 5482 σῶμα
1212 5414 1555 5483 κατετήκατο
1580 5411 1729 5483 αὐτῷ
1759 5415 1826 5483 τῇ
1875 5410 2203 5482 παρατάσει,

626 5498 749 5553 οὐτε
776 5499 981 5569 ἄθυμος
1010 5495 1078 5571 ἦν
1110 5501 1144 5571 ἡ
1172 5499 1341 5570 ψυχὴ,
1371 5499 1484 5554 ἀλλ’
1511 5502 1569 5553 ἐν
1599 5502 1771 5570 σεμνῇ
1800 5517 1906 5553 τινι
1933 5499 2211 5551 καταστά-

630 5607 713 5643 σει
739 5590 838 5660 τὴν
869 5588 1040 5661 καλὴν
1075 5588 1188 5656 ἐξιν
1232 5589 1392 5659 ἐσχε·
1430 5590 1570 5661 πλὴν
1616 5588 1751 5643 ἀλλά
1784 5587 1961 5659 τιμῶν
1992 5587 2155 5641 αὐτὸν
2182 5589 2211 5640 6

629 5677 760 5739 Θεὸς
784 5677 873 5731 διά
902 5694 1045 5743 τινος
1077 5678 1412 5749 τεταγμένου
1445 5679 1659 5748 χρόνου,
1689 5676 1782 5729 δύο
1812 5676 1845 5748 ἢ
1872 5676 2037 5747 τριῶν
2068 5678 2212 5746 ἡμε⁸

633 5766 742 5838 ρῶν
771 5764 934 5835 ἄρτον
980 5768 1073 5819 ἐπὶ
1118 5769 1215 5836 τῆς
1261 5766 1541 5837 τραπέζης
1594 5764 1790 5829 ἐδίδου,
1833 5762 2120 5832 φαίνεσθαί
2150 5780 2210 5814 τε

632 5854 729 5909 καὶ
760 5848 919 5923 εἶναι,
971 5854 1064 5909 καὶ
1112 5851 1375 5924 χρῆσθαι·
1412 5852 1504 5906 καὶ
1548 5848 1731 5904 εἰσιὼν
1768 5851 1824 5905 ἐν
1855 5849 1933 5921 τῷ
1966 5849 2213 5919 σπηλαίῳ

2222 4578 2276 4638 D

2283 635 2384 706 τὴν
2406 635 2642 707 τροφὴν,
2669 636 2766 689 καὶ
2794 637 3199 708 προσκυνήσας,
3230 638 3325 691 καὶ⁵
3354 638 3657 710 εὐωχηθεὶς
3677 639 3879 703 πάλιν,
3920 692 3931 699 ,

2283 723 2394 777 τῶν
2424 723 2611 794 ὓμνων
2650 724 2953 794 ἀπήλαυεν,
2986 725 3265 797 ἐπιμόνως
3296 725 3397 797 τῆς
3440 727 3605 798 εὐχῆς
3642 729 3736 781 καὶ
3767 727 3881 797 τῆς

2285 810 2521 883 θεωρίας
2561 811 2841 882 ἐχόμενος,
2877 812 3087 867 θάλλων
3133 814 3432 885 ὁσημέραι,
3464 815 3559 868 καὶ
3590 814 3881 879 ἐπιδιδοὺς

2283 898 2362 969 τῷ
2402 898 2650 970 παρόντι,
2699 899 2793 953 καὶ
2841 899 2918 970 τῷ
2973 900 3221 970 μέλλοντι
3267 902 3367 970 τῆς
3409 901 3621 965 ἐλπίδος
3670 903 3770 954 ἐπὶ
3815 902 3885 954 τὸ

2288 987 2473 1058 μεῖζον
2511 987 2821 1059 προϐαίνων
2853 988 2961 1054 ἀεὶ,
2998 990 3091 1042 καὶ
3125 988 3311 1059 σχεδὸν
3335 989 3554 1060 ἐθάρσει
3590 990 3721 1059 περὶ
3767 989 3887 1059 τῆς

2284 1075 2567 1145 ἀμείνονος
2609 1074 2776 1129 αὐτοῦ
2823 1076 3046 1142 λέξεως,
3083 1076 3158 1141 ὡς
3212 1076 3350 1145 ἔχων
3374 1077 3544 1149 αὐτὴν
3583 1078 3645 1129 ἐν
3678 1077 3887 1148 χερσὶν

2283 1164 2408 1235 ήδη,
2437 1162 2582 1217 δκαὶ
2626 1162 2852 1233 γέγονεν
2891 1164 3066 1236 αὐτῷ,
3111 1165 3310 1235 μικροῦ
3347 1165 3458 1218 δεῖν
3492 1164 3890 1230 ἀποπεσόντος

2284 1251 2349 1303 ἐκ
2381 1251 2477 1305 τοῦ
2502 1251 2640 1322 μετὰ
2668 1251 2841 1305 ταῦτα
2868 1251 3018 1322 αὑτῷ
3044 1251 3376 1323 πειρασμοῦ.
3400 1252 3465 1305 Τί
3486 1252 3594 1323 γάρ
3623 1253 3689 1305 οὑ
3714 1251 3891 1319 λέγο-

2289 1355 2388 1409 μεν
2420 1339 2587 1393 αὐτοῦ
2630 1338 2731 1412 τὴν
2777 1339 2910 1410 παρ’
2956 1339 3115 1407 όλίγα
3166 1339 3407 1406 πτῶσιν;
3439 1338 3515 1402 ὡς
3542 1340 3653 1407 γάρ
3692 1341 3783 1402 εἰς
3820 1339 3893 1392 τὺ

2285 1428 2543 1499 φρόνημα
2586 1428 2743 1482 τοῦτο
2788 1428 3077 1499 προῆλθεν,
3126 1427 3318 1483 ἔλαθεν
3368 1428 3558 1481 ἐαυτὸν
3615 1428 3893 1497 οἰόμενος

2285 1516 2447 1570 πλέον
2471 1511 2613 1572 εῐναί
2641 1535 2695 1571 τι
2716 1517 2826 1571 τῶν
2857 1516 3089 1581 πολλῶν,
3121 1517 3214 1569 καὶ
3236 1516 3312 1579 ὡς
3336 1517 3455 1587 ᾔδει
3481 1534 3535 1569 τι
3556 1516 3714 1584 παρά
3740 1516 3894 1579 τοὺς

2285 1605 2478 1669 ἄλλους
2494 1606 2591 1659 ἀνθ
2601 1605 2817 1675 ρώπους
2835 1606 3021 1676 μεῖζόν
3047 1622 3101 1660 τι
3122 1606 3477 1675 κεκτημένοςυ
3500 1606 3593 1658 καὶ
3615 1603 3893 1667 τοιοῦτος

2284 1692 2360 1746 ὢν
2386 1692 2570 1746 λοιπὸν
2592 1692 2772 1764 ἐαυτῷ
2793 1695 3097 1753 ἐπεποίθει.
3127 1695 3388 1749 Γεννᾶται
3416 1693 3507 1747 οῦν
3530 1694 3630 1747 οὐκ
3654 1693 3738 1755 εἰς
3768 1710 3891 1762 μα-

2286 1778 2426 1849 κράν
2468 1778 2619 1850 αὐτῷ
2657 1780 2875 1851 πρῶτόν
2912 1799 2999 1845 τις
3052 1783 3225 1855 μικρὰ
3261 1781 3525 1853 ῥᾳθυμία,
3557 1782 3685 1833 ὅσον
3727 1780 3889 1849 μηδέ

2213 1901 2259 1961 Β
2286 1862 2727 1961 εἷναιῃρᾳθυμμίαν
2753 1867 2929 1961 δοκεῖν
2948 1885 2987 1961 ⁸-
2999 1865 3118 1924 εἶτα
3158 1870 3353 1938 φύεται
3380 1868 3579 1939 μείζων
3603 1868 3885 1938 ἀμέλεια,

2285 1948 2405 2008 εἶτα
2423 1954 2546 2009 ὅσον
2560 1956 2655 2009 καὶ
2666 1955 2919 2027 αἴσθησιν
2935 1952 3212 2012 εἷναι.Καὶ
3234 1958 3342 2028 γὰρ
3361 1957 3453 2010 καὶ
3472 1958 3536 2008 ἐκ
3558 1956 3665 2009 τῶν
3680 1955 3888 2009 ὕπνων

2284 2043 2643 2116 ὀκνηρότερον
2665 2044 2971 2099 διανίστατο
2988 2045 3123 2118 πρὸς
3151 2047 3278 2109 τοὺς
3305 2045 3525 2115 ὕμνους,
3548 2045 3642 2096 καὶ
3674 2044 3736 2096 τὸ
3760 2044 3887 2096 τῶν

2285 2132 2461 2202 εὐχῶν
2484 2132 2584 2203 ἤδη
2605 2132 2919 2205 ἀργότερον,
2938 2136 3033 2188 καὶ
3058 2136 3086 2188 ὁ
3117 2133 3284 2204 ὕμνος
3310 2133 3409 2202 οὐχ
3439 2132 3609 2205 οὑτως
3634 2134 3884 2186 ἐκτετα-

2288 2222 2480 2292 μένος·
2510 2202 2609 2275 καὶ
2703 2202 2850 2293 ψυχὴ
2882 2202 3202 2293 βουλομένη,
3235 2221 3420 2292 φησὶν,
3455 2202 3883 2285 ἀναπαύεσθαι,

2286 2309 2382 2364 καὶ
2413 2312 2441 2364 6
2468 2309 2592 2373 νοῦς
2616 2309 2780 2363 ἐπεσε
2825 2310 2997 2372 κάτω,
3027 2308 3122 2363 καὶ
3142 2310 3193 2362 ot
3229 2309 3479 2379 λογισμοὶ
3508 2308 3883 2380 ῥεμόασμούς

2290 2413 2441 2460 τινας
2494 2396 2766 2467 ἐπασχον·
2804 2397 2899 2451 καί
2948 2397 3051 2450 πού
3099 2414 3183 2460 τις
3225 2398 3282 2450 ἐν
3313 2400 3426 2460 τοῖς
3474 2397 3733 2468 κρυφίοις
3778 2397 3883 2448 καὶ

2288 2485 2517 2555 ἀμέλεια
2549 2485 2863 2555 ἐμελετᾶτο,
2899 2485 3038 2555 πλὴν
3070 2485 3187 2538 ἀλλ’
3210 2487 3237 2539 ὁ
3268 2486 3492 2555 ἐθισμδς
3520 2487 3584 2538 ἐκ
3612 2484 3726 2536 τῶν
3770 2483 3882 2553 ἒμ-

2288 2574 2524 2645 προσθεν
2553 2574 2766 2645 ἀπῆγέν
2800 2592 2918 2639 πως
2948 2576 3041 2629 ἐπὶ
3074 2574 3165 2627 τὸν
3193 2572 3458 2644 ἀσκητὴν,
3490 2573 3684 2643 ῶσπερ
3720 2572 3882 2644 ῥύμη

2287 2679 2373 2727 τις
2412 2664 2478 2716 ἐκ
2529 2664 2629 2733 τῆς
2670 2663 2844 2734 ὁρμῆς
2874 2663 3119 2735 ἐκείνης·
3156 2662 3248 2716 καὶ
3277 2660 3499 2726 διέσῳζε
3548 2661 3710 2723 τέως.
3762 2660 3883 2712 Καί

2291 2767 2421 2804 ποτε
2452 2750 2707 2804 εἰσελθὼν
2747 2753 2887 2821 μετά
2921 2752 3022 2814 τάς
3061 2750 3307 2820 συνήθεις
3343 2748 3507 2818 εὐχὰς
3536 2748 3673 2816 πρὸς
3707 2748 3883 2800 ἐσπέ-

2291 2856 2415 2911 ραν,
2442 2835 2599 2910 εὗρεν
2633 2838 2722 2892 τὸν
2749 2839 2913 2910 ἄρτον
2940 2839 3033 2891 ἐπὶ
3051 2838 3149 2908 τῆς
3187 2834 3466 2909 τραπέζης
3498 2833 3686 2888 θεόθεν
3722 2832 3885 2903 αὑτῷ

2290 2928 2715 3001 χορηγούμενον,
2749 2928 2844 2982 καὶ
2882 2928 3253 2996 ἀνεκτήσατο·
3287 2927 3343 2977 ἐν
3383 2924 3457 2995 νῷ
3490 2923 3547 2975 δὲ
3576 2923 3678 2985 τὰς
3706 2922 3887 2992 μειώ-

2294 3034 2407 3081 σεις
2453 3017 2665 3080 ἐκείνας
2704 3016 2825 3069 οὐκ
2850 3014 3183 3069 ἀπεϐάλετοσ
3211 3013 3332 3067 οὐδέ
3362 3011 3645 3080 ἐλογίσατο
3691 3010 3775 3063 ὅτι
3808 3010 3885 3063 τὰ

2293 3105 2661 3177 παροράματα
2706 3102 2805 3173 τήν
2859 3102 3093 3172 σπουδὴν
3145 3101 3404 3171 βλάπτει,
3460 3099 3581 3153 οὐδὲ
3628 3098 3728 3151 ἐπὶ
3772 3098 3885 3169 τὴν

2298 3193 2437 3247 ῖασιν
2464 3192 2722 3263 ἐτρέπετο
2744 3191 2837 3244 τοῦ
2868 3188 3039 3244 κακοῦ
3061 3203 3077 3220 ⁸
3108 3188 3244 3243 ἀλλά
3268 3188 3461 3259 μικρὸν
3480 3186 3632 3258 ᾠήθη
3658 3186 3723 3240 τὸ
3741 3186 3884 3255 παρ’

2296 3282 2496 3350 ὀλίγον,
2520 3280 2628 3335 τῶν
2651 3280 2881 3334 δεόντων
2905 3279 3223 3333 ἀποπεσεῖν.
3251 3274 3550 3347 Τοιγαροῦν
3581 3274 3724 3344 ἔρως
3750 3275 3884 3328 ἐπι-

2298 3369 2494 3441 θυμίας
2534 3368 2788 3441 ἀρπάσας
2832 3368 2911 3430 είς
2944 3366 3036 3419 τὸν
3082 3365 3286 3436 κόσμον
3314 3364 3600 3434 ἀπήγαγεν
3640 3366 3756 3425 τοῖς
3779 3362 3883 3414 λο-

2297 3460 2546 3529 γισμοῖς·
2581 3458 2730 3527 ὅμως
2778 3455 3017 3527 ἐπισχὼν
3049 3455 3239 3509 ἐαυτὸν
3279 3452 3420 3516 τέως
3466 3452 3565 3522 τὴν
3612 3449 3883 3504 ἐπιοῦσαν

2297 3547 2508 3618 ἡμέραν
2559 3546 2651 3598 ἐπὶ
2684 3545 2784 3617 τὴν
2824 3542 3028 3615 συνήθη
3083 3542 3415 3614 τρεπόμενος
3466 3539 3722 3609 ἄσκησιν,
3777 3539 3884 3592 καὶ

2297 3634 2613 3704 εὐξάμενος,
2662 3634 2757 3686 καὶ
2797 3632 3043 3704 ὑμνήσας
3075 3628 3333 3684 εἰσελθὼν
3380 3629 3438 3681 ἐν
3476 3627 3554 3697 τῷ
3586 3628 3883 3697 σπηλαίῳ,

2297 3724 2388 3777 τὸν
2414 3722 2512 3795 μὲν
2537 3723 2702 3794 ἄρτον
2720 3714 2879 3793 εῦρεν
2908 3719 3056 3789 αὐτῷ
3086 3718 3507 3790 παρακείμενονθ
3525 3716 3626 3786 οὐχ
3646 3714 3793 3769 οὑτω
3822 3715 3884 3768 ἃ

2298 3814 2536 3884 ἐπιμελῆ
2579 3814 2674 3866 καὶ
2720 3812 2983 3883 καθαρὸν,
3017 3810 3152 3863 ἀλλὰ
3185 3808 3576 3881 ῥερυπωμένον
3604 3824 3724 3870 πως
3749 3807 3878 3876 ήδη.

2298 3905 2411 3959 Καὶ
2453 3902 2743 3973 θαυμάσας
2793 3902 2887 3955 καί
2934 3900 3185 3971 κατηφής
3224 3916 3341 3962 πως
3379 3898 3695 3966 γενόμενος,
3726 3896 3882 3963 ὅμως

2302 3992 2532 4064 μετέσχε
2580 3992 2673 4045 καὶ
2719 3992 3079 4059 ἀνεκτήσατο.
3138 3989 3308 4060 Τρίτη
3358 3986 3456 4051 νύξ
3501 3986 3718 4055 γέγονε,
3782 3987 3882 4037 καὶ

2297 4080 2621 4153 τριπλάσιον
2648 4080 2711 4134 τὸ
2747 4079 2917 4134 κακὸν
2944 4078 3316 4150 προσετίθετο.
3349 4075 3463 4130 Καὶ
3495 4075 3602 4144 γάρ
3624 4076 3819 4127 θᾶττον
3849 4075 3881 4125 6

2297 4168 2425 4232 νοῦς
2457 4168 2608 4240 αὐτῷ
2636 4170 2748 4232 τοῖς
2784 4167 3066 4235 λογισμοῖς
3102 4162 3537 4234 ἐγκατέσκηψεν.
3588 4162 3653 4215 Ἠ
3683 4162 3879 4232 μνήμη

2297 4257 2354 4311 δέ
2389 4256 2539 4328 αὐτῷ
2578 4257 2654 4321 ὡς
2682 4256 2748 4311 ἂν
2783 4255 3068 4326 παρούσης
3104 4253 3363 4323 γυναικὸς
3406 4254 3503 4306 καὶ
3550 4267 3878 4305 συνανακει-

2302 4346 2471 4417 μένης
2500 4344 2877 4399 συνδιετίθετο.
2930 4344 3043 4397 Καὶ
3097 4342 3157 4395 τὸ
3197 4344 3431 4411 πρᾶγμα
3480 4341 3540 4393 ἐν
3577 4338 3877 4408 6991:1905;

2301 4427 2467 4505 εἶχεν,
2518 4433 2612 4488 καὶ
2643 4434 2719 4497 ὡς
2764 4433 3018 4502 πράττων
3052 4430 3181 4484 αὐτὸ
3217 4429 3467 4483 διετέλει.
3538 4426 3761 4495 Ἐξῆλθε
3814 4425 3876 4477 δὲ

2301 4523 2450 4594 ὅμως
2487 4522 2579 4575 καὶ
2618 4522 2717 4593 τὴν
2745 4521 2935 4591 τρίτην
2965 4518 3181 4591 ἡμέραν
3214 4518 3307 4570 ἐπὶ
3335 4517 3395 4570 τὸ
3434 4516 3622 4587 ἔργον,
3656 4518 3750 4569 καί
3776 4515 3877 4583 τήν

2302 4611 2464 4683 εὐχὴν
2486 4612 2720 4673 καὶτοὺς
2747 4608 2970 4680 ὕμνους,
3001 4608 3184 4661 οὐκέτι
3212 4606 3457 4677 καθαράς
3488 4607 3631 4675 έχων
3657 4607 3755 4667 τας
3791 4606 3877 4656 ἑν-

2303 4701 2446 4772 θυμὴ
2458 4717 2566 4763 σεις
2582 4715 2595 4728 ·
2625 4698 2762 4752 ἀλλά
2786 4698 2966 4751 πυκνά
2988 4694 3495 4767 μεταστρεφόμενος
3518 4691 3876 4765 μετεωρίζετο

2301 4790 2425 4851 τοὺς
2454 4786 2765 4858 ὀφθαλμοὺς
2792 4779 2892 4839 ὧδε
2918 4787 3077 4839 κάκεῖ
3104 4784 3424 4848 ἀκοντίζων.
3454 4782 3750 4852 Διέτεμνον
3769 4780 3876 4850 γὰρ

2303 4875 2468 4930 αὐτοῦ
2500 4875 2561 4941 τὸ
2596 4874 2758 4929 καλὸν
2792 4874 2952 4946 ἔργον
2979 4872 3037 4925 αἱ
3069 4872 3281 4942 μνῆμαι
3312 4871 3421 4923 τῶν
3456 4870 3874 4941 ἐνθυμημάτων.

2316 4964 2585 5035 Ἑσπέρας
2612 4963 2703 5017 οῦν
2729 4960 3031 5032 ἐπανῆλθεν
3056 4962 3218 5033 ἄρτον
3245 4960 3517 5031 δεόμενος,
3552 4960 3647 5012 τὸν
3668 4960 3723 5012 δέ
3754 4951 3877 5027 εὗρε

2309 5056 2407 5127 μέν
2422 5056 2477 5108 ἐν
2493 5057 2559 5122 τῇ
2574 5052 2820 5124 τραπέζῃ
2837 5046 2946 5105 οἷον
2960 5050 3066 5105 ὑπὸ
3080 5051 3253 5121 μυιῶν
3270 5051 3303 5120 ῆ
3319 5047 3499 5103 κυνῶν
3512 5046 3877 5119 βεϐρωμένα),

2309 5143 2399 5197 καὶ⁸
2419 5142 2476 5195 λε
2486 5142 2672 5211 ίψανόν
2686 5159 2737 5193 τι
2755 5142 2862 5194 τῶν
2880 5138 3059 5210 ξηρῶν
3076 5136 3445 5205 ἐξωθενρΤότε
3470 5137 3649 5189 στένει
3673 5136 3763 5206 μέν
3782 5137 3881 5186 καὶ

2305 5230 2561 5303 δακρύει,
2597 5230 2712 5285 ἀλλ’
2744 5231 2843 5300 οὐχ
2885 5231 3007 5283 ὅσον
3034 5229 3239 5295 ἱκανὸν,
3271 5227 3392 5282 οὐδέ
3415 5228 3538 5281 ὅσον
3580 5224 3879 5279 ἐπιστεῖλαι

2306 5320 2405 5391 τὴν
2436 5308 2687 5383 ἀτοπίαν,
2729 5320 2822 5373 καὶ
2849 5319 3109 5389 στραφεὶς
3132 5318 3231 5387 οὐχ
3258 5317 3382 5370 ὅσον
3424 5315 3637 5387 ἡθελεν,
3668 5314 3880 5380 ἕτοιμος

2309 5404 2377 5480 ἦν
2410 5408 2851 5464 ἀναπαύσασθαι.
2921 5406 3188 5475 Ἐπῆλθον
3242 5406 3299 5459 δὲ
3341 5404 3489 5474 αὑτῷ
3532 5406 3581 5457 οἱ
3637 5400 3883 5469 λόγισμιὶ

2312 5494 2522 5565 ἀθρόως
2549 5492 2815 5548 πάντοθεν
2845 5492 3007 5545 αὐτὸν
3040 5490 3405 5561 περιέχοντες,
3440 5488 3536 5541 καὶ
3562 5483 3884 5554 πολεμοῦσιν

2312 5581 2477 5638 αὐτοῦ
2514 5581 2612 5652 τῆν
2636 5582 2897 5645 διάνοιαν,
2940 5582 3035 5634 καὶ
3068 5580 3229 5643 εὐθὺς
3260 5578 3610 5649 αἰχμάλωτον
3646 5576 3883 5642 αἴρουσιν

2313 5673 2391 5735 εἰς
2433 5672 2522 5724 τὸν
2556 5670 2777 5740 κόσμον.
2834 5668 3095 5731 Ἀναστάς
3145 5666 3201 5719 δὲ
3230 5664 3404 5736 ᾤχετο
3454 5665 3548 5716 ἐπὶ
3584 5664 3682 5735 τὴν
3706 5662 3883 5711 eam».

2318 5762 2484 5830 μένην
2516 5758 2606 5811 διά
2643 5761 2740 5828 τῆς
2776 5758 2985 5827 ἐρήμου
3040 5753 3409 5830 νυκτοωρῶν.
3460 5746 3883 5809 Καταλαβούστξς

2315 5828 2369 5901 δέ
2399 5828 2560 5902 αὐτὸν
2582 5849 2679 5918 τῆς
2705 5845 2937 5917 ἡμέρας,
2963 5845 3056 5899 καὶ
3083 5843 3181 5914 τῆς
3205 5828 3527 5913 οίκούμενης
3562 5838 3641 5892 ἐτι
3671 5832 3884 5908 μακρὰν
