4060 6506
225 397 360 455 1125

1495 395 1814 451 HISTORIA
1854 395 2214 452 LAUSIACA.

3325 400 3460 456 1126

218 513 271 569 in
310 512 538 578 fletibus,
571 527 636 566 ne
683 525 838 567 aures
875 509 1086 580 quidem
1132 510 1210 563 eis
1260 507 1555 574 praebebat,
1585 516 1640 561 et
1684 520 1784 560 nec
1812 509 1863 567 Α
1889 521 2008 575 quae
2038 521 2143 562 non
2171 515 2459 563 cernuntur
2482 514 2538 563 et
2564 518 2863 577 sperantur,
2896 516 2951 564 et
2992 523 3162 577 neque
3201 509 3463 567 diuturni-

220 606 437 658 verbtttn
464 602 815 671 respondebat
835 617 952 654 eum
974 600 1061 653 diu
1093 599 1397 666 urgentibus
1419 596 1783 662 daemonibus;

222 706 520 763 postquam,
573 694 818 761 inquam,
871 689 1001 744 nihil
1047 689 1366 754 effecerunt,
1419 687 1602 741 eadem
1644 701 1785 755 saepe

219 783 292 837 illi
324 785 580 852 dicentes,
610 789 928 849 acceperunt
965 795 1086 834 eum
1120 780 1242 832 mali
1274 787 1328 834 et
1371 792 1552 846 turpes
1590 779 1789 832 daemo-

222 888 337 940 nes,
383 883 436 928 et
483 883 648 927 totum
692 873 806 940 ejus
853 887 1045 938 corpus
1096 870 1233 924 male
1294 872 1611 932 multarunt,
1663 884 1784 924 eum

223 964 452 1032 graviter
489 963 666 1032 flagris
695 962 995 1026 caedentes;
1029 971 1080 1014 et
1110 975 1228 1014 cum
1260 975 1382 1014 eum
1414 961 1643 1029 graviter
1675 971 1782 1014 tor-

223 1052 450 1116 sisscnt,
482 1053 722 1106 abierunt
761 1066 825 1105 eo
855 1050 1043 1104 relicto
1084 1051 1447 1103 semimortua.
1481 1049 1573 1103 llle
1609 1059 1784 1103 autem

225 1141 389 1193 nihilo
437 1141 607 1194 secius
659 1139 942 1193 immobilis
992 1137 1201 1207 jacebat
1248 1139 1334 1192 ubi
1382 1153 1502 1192 eum
1551 1137 1783 1207 relique-

221 1237 374 1292 runt,
422 1244 605 1282 rursus
659 1243 876 1297 gemens
927 1235 1205 1297 postquam
1258 1228 1492 1282 animum
1552 1229 1784 1298 college-

222 1324 322 1370 rat.
354 1315 484 1370 Cum
531 1327 703 1369 autem
732 1314 844 1384 ejus
885 1315 1169 1369 necessarii
1212 1331 1332 1370 eum
1380 1316 1788 1385 investigasscnt

222 1417 276 1462 et
315 1408 670 1475 invenissent,
700 1417 755 1462 et
784 1422 994 1461 causam
1039 1407 1154 1476 ejus
1194 1407 1333 1476 quod
1365 1409 1529 1476 ipsius
1571 1408 1784 1477 corpori

217 1501 478 1555 acciderat
503 1500 841 1564 didicissent,
872 1499 1128 1568 rogabant
1166 1514 1285 1554 eum
1315 1507 1374 1553 ut
1400 1499 1614 1554 domum
1646 1501 1785 1554 redi-

219 1603 338 1649 ret:
367 1595 410 1649 is
449 1604 621 1647 autem
664 1607 787 1648 cum
815 1593 915 1646 vim
947 1593 994 1647 ei
1023 1607 1163 1660 saepe
1195 1593 1528 1657 attulissent,
1567 1593 1781 1648 reSIitit.

217 1681 423 1736 Rursus
466 1692 639 1736 autem
685 1681 927 1750 sequenti
961 1690 1117 1737 nocte
1145 1697 1264 1735 eum
1296 1680 1483 1736 iisdem
1510 1682 1577 1736 de
1607 1683 1784 1739 causis

216 1773 365 1840 pejus
393 1789 547 1841 quam
580 1773 720 1841 prius
751 1772 1041 1826 affecerunt
1064 1771 1363 1838 da-mones;
1394 1781 1447 1827 et
1473 1789 1538 1827 ne
1563 1773 1639 1826 sic
1667 1775 1786 1843 qui-

1893 606 1997 652 tate
2017 600 2065 652 ei
2109 612 2301 667 corpus
2321 598 2707 664 macerabatur,
2728 612 2898 666 neque
2916 599 3174 654 mmrebat
3195 600 3461 669 tristisque

1888 696 2004 744 erat
2026 688 2225 752 anima,
2243 689 2335 742 sed
2359 689 2409 741 in
2433 688 2660 758 quodam
2683 690 2906 742 honesto
2923 704 2982 741 ac
3001 689 3302 743 venerando
3320 700 3461 745 statu

1890 780 2087 834 bonum
2117 779 2343 834 habebat
2365 779 2624 833 habitum.
2650 779 2844 835 Verum
2873 780 3146 833 enimvero
3176 781 3315 834 Deus
3337 797 3460 836 eum

1889 870 2192 931 honoraris.
2245 881 2362 938 post
2415 871 2729 938 praefinitum
2779 872 3032 938 temporis
3081 870 3447 926 intervallum.

1887 959 2046 1014 dabat
2068 960 2116 1013 ei
2140 975 2300 1026 super
2326 973 2561 1013 mensam
2590 975 2778 1029 panem
2807 959 3028 1014 duorum
3058 959 3137 1014 vel
3166 960 3320 1014 trium
3351 961 3460 1016 die-

1887 1066 2024 1114 rum.
2055 1060 2111 1105 ut
2136 1059 2189 1104 et
2218 1051 2506 1115 videretur,
2534 1061 2586 1105 et
2615 1060 2785 1114 esset,
2817 1060 2871 1104 et
2897 1066 2961 1105 eo
2991 1060 3244 1104 uteretur.
3277 1051 3340 1104 Et
3371 1050 3457 1105 in-

1885 1141 2129 1210 grediens
2157 1142 2209 1194 in
2240 1141 2551 1208 speluncam
2572 1180 2586 1203 ,
2618 1141 2827 1209 quando
2855 1141 3119 1195 sentiebat
3155 1157 3349 1209 corpus
3377 1142 3459 1196 in-

1885 1239 2086 1306 digere,
2128 1236 2428 1290 inveniebat
2474 1239 2873 1289 nutrimentum.
2919 1236 2984 1289 Et
3027 1251 3147 1290 cum
3181 1236 3460 1292 adorasset

1884 1339 1938 1386 et
1963 1330 2138 1384 cibum
2168 1337 2482 1395 sump5isset
2502 1369 2516 1392 ,
2548 1326 2757 1396 hymnis
2798 1341 2981 1380 rursus
3011 1325 3304 1393 fruebatur,
3335 1342 3458 1396 per-

1884 1435 2138 1476 severans
2171 1421 2221 1472 in
2255 1420 2501 1486 precibus
2531 1427 2582 1471 et
2611 1417 3079 1483 contemplatione,
3109 1418 3160 1470 in
3197 1418 3312 1472 dies
3338 1434 3459 1488 gero

1885 1513 2112 1578 minans,
2137 1521 2192 1566 et
2220 1527 2278 1566 se
2301 1512 2514 1566 tradens
2540 1511 2790 1580 praesenti
2822 1509 3001 1562 virtuti
3025 1519 3076 1562 et
3104 1508 3294 1563 futura:
3317 1511 3452 1578 spei,

1884 1616 2094 1670 semper
2126 1604 2289 1670 magis
2318 1604 2586 1670 magisque
2619 1604 2958 1671 progrediens
2984 1621 2997 1669 ;
3029 1613 3081 1658 et
3111 1603 3222 1658 lere
3250 1604 3356 1671 jam
3384 1605 3451 1657 de

1885 1692 2094 1746 meliori
2124 1707 2217 1746 sua
2249 1703 2392 1747 sorte
2419 1694 2753 1762 confidebat,
2796 1703 3040 1762 tanquam
3066 1696 3173 1762 jam
3206 1709 3322 1750 eam
3357 1696 3454 1747 lia-

1886 1784 2038 1838 heret
2068 1786 2120 1839 in
2153 1787 2393 1840 manibus
2419 1802 2433 1839 :
2461 1787 2598 1854 quod
2643 1787 2800 1841 etiam
2844 1785 2941 1840 fuit
2971 1787 3018 1841 ei
3061 1801 3218 1840 causa
3249 1787 3449 1854 lapsus,

211 1863 332 1918 dem
382 1866 495 1933 ejliS
538 1862 913 1932 consanguinei
955 1863 1003 1918 εἰ
1054 1865 1372 1932 persuadent
1414 1874 1472 1919 ut
1517 1865 1776 1934 emigret',
1810 1857 1856 1917 Β
1885 1889 2005 1928 cum
2038 1876 2418 1943 propemodum
2451 1876 2716 1930 excideret
2744 1892 2840 1945 per
2867 1891 2981 1930 eam
3012 1892 3128 1945 qua;
3156 1877 3326 1944 ipsum
3360 1892 3453 1944 ρο-

210 1953 396 2007 dicens
425 1958 588 2006 satius
629 1967 748 2008 esse
775 1955 906 2008 mori
934 1971 1088 2022 quam
1118 1957 1299 2010 vivere
1340 1957 1390 2009 in
1432 1956 1621 2010 talibus
1655 1957 1779 2010 vitze

210 2045 455 2098 maculis.
487 2045 661 2098 Tertia
693 2060 793 2098 nox
832 2045 1208 2113 propemodum
1253 2046 1373 2100 fecit
1411 2055 1471 2100 ut
1497 2046 1779 2102 excederet

208 2135 279 2190 ab
301 2135 620 2202 hominibus,
641 2150 759 2190 cum
783 2135 1079 2190 crudelibus
1107 2137 1381 2190 tormentis
1403 2137 1455 2191 iii
1481 2153 1601 2191 eum
1626 2137 1775 2191 inva~

210 2226 406 2280 sissent
435 2225 722 2289 damnones,
753 2232 808 2280 et
845 2242 964 2280 eum
996 2237 1274 2281 vexassent
1317 2242 1482 2296 usque
1511 2229 1574 2280 ad
1601 2236 1776 2283 extre-

211 2330 357 2368 mum
402 2315 662 2383 spiritum.
707 2316 992 2384 Postquam
1024 2325 1199 2369 autem
1231 2317 1473 2371 viderunt
1502 2332 1624 2372 eum
1672 2334 1775 2373 non

207 2403 563 2469 concessisse,
609 2416 979 2470 recesserunt,
1027 2406 1240 2460 homine
1286 2408 1472 2461 relicto
1516 2407 1773 2462 exanimi.

209 2492 535 2548 Recedentes
565 2495 739 2563 itaque
762 2495 1143 2561 exclamat-unt,
1169 2497 1405 2551 dicentes
1430 2514 1446 2552 :
1474 2498 1677 2562 Vicisti,
1702 2498 1778 2552 vi—

206 2580 356 2645 cisti,
384 2582 579 2636 vicisti.
604 2583 782 2652 Neque
806 2585 853 2638 ei
884 2587 1106 2655 amplius
1133 2586 1332 2653 aliquid
1358 2589 1481 2641 mali
1505 2589 1771 2652 occurrit;

205 2672 302 2725 sed
331 2673 380 2726 iii
415 2674 695 2741 purissimo
725 2677 968 2744 sepulcro
1001 2692 1128 2742 pure
1160 2678 1412 2734 habitavit
1449 2680 1574 2733 dum
1607 2681 1773 2744 vixit,

207 2779 392 2834 puram
421 2781 675 2821 exercens
704 2767 972 2822 virtutem.
1006 2769 1054 2822 ls
1085 2769 1191 2823 Deo
1225 2783 1431 2838 quoque
1461 2769 1557 2824 fuit
1589 2770 1778 2840 pretio-

205 2872 320 2922 sus,
357 2869 410 2913 et
449 2858 750 2925 virtutibus,
795 2862 1161 2916 miraculorum
1202 2863 1597 2926 eﬂectionibus;
1638 2864 1770 2918 adeo

205 2959 265 3002 ut
297 2960 348 3003 rt
379 2953 568 3005 multos
599 2953 649 3006 in
672 2953 1071 3007 admirationem
1103 2953 1398 3021 induxerit,
1428 2965 1480 3008 et
1510 2957 1572 3008 ad
1600 2958 1769 3009 zelum

203 3042 493 3096 adduxerit
520 3052 574 3098 et
600 3045 984 3098 minulationem
1015 3045 1355 3100 honestorum
1389 3047 1768 3100 institutorum.

203 3133 338 3187 llinc
369 3133 559 3189 factum
605 3144 686 3190 est
730 3146 786 3190 ut
833 3137 980 3191 multi
1026 3153 1231 3206 quoque
1270 3154 1336 3192 ex
1383 3137 1447 3192 iis
1485 3139 1571 3207 qui
1603 3139 1668 3192 de
1712 3153 1770 3193 se

1882 1970 1996 2017 stea
2025 1964 2212 2016 invasit
2240 1963 2598 2018 tentationem.
2629 1966 2759 2032 Quid
2783 1965 2922 2019 enim
2955 1981 3056 2020 non
3085 1966 3310 2019 dicimus
3331 1966 3448 2033 ejus

1882 2068 2001 2109 eum
2041 2055 2128 2122 qui
2169 2068 2336 2123 prope
2367 2056 2460 2108 fuit
2488 2057 2707 2109 casum?
2738 2056 3018 2125 Postquam
3045 2056 3185 2109 enim
3216 2057 3281 2110 ad
3312 2058 3446 2110 hanc

1881 2145 2141 2213 processit
2169 2146 2573 2214 cogitationem,
2620 2147 2867 2214 paulatim
2903 2147 3208 2216 imprudens
3247 2163 3311 2202 eo
3352 2148 3449 2202 de-

1879 2236 2060 2299 venit,
2090 2244 2145 2288 ut
2188 2235 2517 2290 existimaret
2557 2249 2616 2290 se
2645 2251 2764 2290 esse
2795 2237 2955 2305 pluris
2999 2252 3154 2306 quam
3200 2239 3354 2307 alios,
3396 2248 3452 2292 et

1875 2325 1985 2395 jam
2014 2328 2182 2394 majus
2215 2327 2337 2397 quid
2365 2327 2634 2396 possidere
2659 2344 2814 2398 quam
2843 2329 2927 2381 alii
2959 2329 3229 2393 homines;
3254 2340 3448 2385 etcum

1882 2419 1998 2472 talis
2027 2427 2198 2482 esset,
2225 2417 2332 2486 jam
2365 2417 2613 2485 deinceps
2644 2417 2695 2470 in
2735 2417 2913 2486 seipso
2955 2417 3136 2470 habuit
3176 2417 3446 2471 fiduciam.

1880 2509 1941 2565 Ei
1992 2525 2117 2580 ergo
2155 2509 2387 2580 gignitur
2425 2509 2562 2562 haud
2606 2509 2675 2562 ita
2726 2508 2812 2562 diu
2863 2517 2980 2576 post
3026 2511 3250 2576 primum
3285 2523 3444 2576 parva

1878 2601 2117 2669 quaedam
2147 2601 2306 2655 animi
2335 2602 2604 2667 remissio,
2632 2609 2690 2655 ut
2713 2614 2777 2654 ne
2799 2600 3064 2654 videretur
3088 2601 3298 2668 quidem
3327 2613 3447 2653 esse

1879 2691 2143 2746 remissio.
2175 2691 2376 2746 Deinde
2415 2694 2582 2745 oritur
2627 2693 2795 2760 major
2839 2692 3176 2761 negligentia,
3207 2705 3324 2758 qua:
3352 2689 3447 2744 de-

1877 2782 2002 2837 inde
2041 2797 2271 2850 eousque
2303 2797 2578 2850 progressa
2607 2792 2685 2835 est
2714 2792 2769 2836 ut
2797 2783 3115 2845 sentiretur;
3145 2796 3265 2834 nam
3293 2789 3349 2834 et
3376 2793 3443 2834 ex

1878 2887 2065 2926 somno
2106 2872 2303 2927 tardius
2334 2873 2582 2942 surgebat
2611 2876 2674 2926 ad
2725 2873 2969 2943 hymnos,
3000 2882 3052 2926 et
3080 2880 3226 2926 erant
3260 2884 3447 2941 preces

1879 2966 2033 3033 paulo
2062 2964 2359 3030 otiosiorcs,
2396 2977 2492 3017 nec
2523 2963 2747 3033 hymnus
2775 2964 2908 3016 adeo
2941 2963 3204 3032 prolixus,
3238 2971 3291 3016 et
3320 2961 3448 3018 dicit

1877 3058 1922 3109 ei
1955 3056 2126 3109 anima
2156 3071 2213 3110 se
2246 3057 2383 3110 velle
2414 3055 2766 3125 requiescere,
2795 3063 2848 3110 et
2878 3071 3027 3109 mens
3058 3057 3106 3110 ei
3140 3057 3358 3120 annuit;
3389 3064 3445 3109 et

1876 3149 2202 3204 fluctuabant
2226 3159 2280 3203 et
2319 3151 2643 3217 vagabantur
2673 3148 2724 3204 ei
2753 3149 3117 3219 cogitationes,
3145 3158 3199 3202 et
3219 3146 3328 3216 jam
3356 3162 3447 3202 oc-

199 3225 356 3279 valde
385 3227 809 3295 desperaverant,
843 3228 1005 3281 bonas
1038 3228 1274 3282 actiones
1302 3230 1532 3296 aggressi
1561 3228 1688 3291 sint,
1716 3236 1770 3281 et

1882 3241 2014 3295 culte
2040 3240 2236 3310 aliquid
2279 3241 2496 3295 absurdi
2541 3241 2909 3295 meditabatur.
2953 3240 3056 3294 Sed
3091 3240 3236 3308 prior
3262 3253 3446 3293 assue-

202 3328 268 3368 se
296 3326 439 3368 recte
483 3317 777 3384 gesserint,
811 3317 989 3385 eisque
1038 3317 1228 3371 factum
1260 3319 1417 3371 estid
1458 3319 1596 3388 quod
1642 3319 1770 3373 dicit

202 3405 474 3474 Scriptura
509 3423 522 3458 :
554 3405 741 3461 Omnis
770 3409 859 3476 qui
904 3408 1135 3477 seipsum
1177 3408 1416 3462 humiliat
1453 3409 1770 3464 exaltabitur

203 3494 381 3562 (Luca
408 3497 538 3566 xiv).
565 3497 836 3566 Praecipue
857 3514 1000 3568 ergo,
1026 3514 1058 3553 ο
1086 3500 1196 3566 lilii,
1227 3514 1569 3554 exerceamus
1601 3500 1770 3554 humi-

203 3585 440 3652 litatem,
469 3602 585 3658 qua:
613 3598 695 3642 est
724 3589 1115 3643 fundamentum
1149 3590 1372 3659 primum
1402 3592 1637 3644 omnium
1666 3593 1772 3646 vir-

208 3687 397 3732 tutum.
431 3679 591 3734 Nobis
617 3690 792 3734 autem
823 3682 1043 3735 multum
1073 3696 1282 3752 quoque
1307 3681 1515 3737 confert
1542 3683 1770 3738 solitudo

204 3767 412 3836 longior
437 3781 490 3824 et
513 3771 785 3825 remotior.

767 3884 987 3941 CAPUT
1027 3885 1206 3940 XLVI.

203 3995 325 4050 Alia
353 3997 582 4051 narratio
609 3998 800 4053 abbatis
827 3999 1064 4080 Joannis,
1091 4001 1152 4081 de
1172 4015 1228 4053 eo
1253 4001 1338 4067 qui
1368 4002 1560 4069 lapsus,
1592 3999 1772 4053 ductus

782 4081 853 4122 est
882 4082 1196 4138 premuntur.

279 4158 400 4213 Fuit
425 4161 563 4215 enim
595 4161 730 4214 alius
771 4176 980 4231 quoque
1014 4161 1303 4215 monachus
1332 4162 1421 4230 qui
1467 4161 1773 4217 ulteriorem

201 4259 488 4317 occuparat
534 4252 908 4315 solitudinem,
952 4265 1002 4306 et
1044 4253 1221 4307 multis
1262 4255 1416 4308 annis
1457 4270 1515 4309 se
1555 4265 1697 4310 recte
1724 4265 1777 4310 et

200 4357 273 4396 ex
316 4345 507 4397 virtute
551 4353 788 4411 gesserat
835 4343 1030 4413 (lin/)1,
1057 4345 1144 4398 lib.
1173 4360 1238 4410 it,
1267 4361 1380 4414 cap.
1413 4346 1489 4412 l).
1520 4346 1618 4413 Qui
1649 4360 1770 4400 cum

200 4444 348 4489 esset
384 4435 635 4505 deinceps
677 4437 828 4491 senio
870 4437 1162 4501 confectus,
1195 4438 1493 4490 tentabatur
1520 4453 1549 4490 a
1579 4438 1778 4490 daemo-

204 4543 332 4581 num
380 4528 602 4583 insidiis.
649 4529 930 4584 Silentium
979 4529 1122 4584 enim
1165 4529 1316 4583 valde
1362 4529 1776 4598 ampleCtebatur

1875 3331 2034 3384 factio
2066 3331 2237 3384 adhuc
2263 3331 2666 3385 exercitatorem
2698 3329 3089 3400 quodammodo
3117 3328 3445 3395 abducebat,

1871 3421 2031 3474 veluti
2057 3422 2266 3490 quidam
2293 3432 2465 3475 motus
2489 3436 2553 3474 ex
2586 3421 2743 3489 priori
2774 3420 2862 3474 illa
2888 3419 3215 3484 incitatione,
3241 3427 3295 3473 et
3318 3432 3441 3473 eum

1875 3510 2084 3564 interim
2113 3511 2480 3564 conservabat.
2509 3510 2572 3564 Et
2596 3510 2877 3579 aliquando
2903 3519 3024 3579 post
3048 3510 3233 3563 solitas
3260 3523 3449 3578 preces

1872 3603 2142 3674 ingressus
2166 3618 2406 3672 vespere,
2437 3603 2637 3658 invenit
2667 3616 2852 3670 panem
2881 3616 3040 3670 super
3067 3614 3325 3663 mensam,
3349 3599 3441 3668 qui

1875 3695 1921 3748 ei
1965 3693 2397 3762 suppeditabatur
2438 3691 2713 3756 divinitus,
2743 3701 2796 3744 et
2823 3705 2881 3744 se
2925 3690 3127 3744 refecit.
3160 3689 3282 3754 Quo
3311 3697 3445 3742 tem-

1877 3801 2004 3853 pore
2031 3799 2127 3840 nec
2153 3785 2267 3839 illas
2290 3783 2645 3839 exsecrabiles
2667 3782 2859 3850 ahjecit
2878 3780 3244 3849 cogitationes,
3271 3793 3442 3844 neque

1877 3876 2142 3945 reputavit
2184 3876 2412 3928 animam
2447 3874 2568 3928 lmdi
2598 3889 2628 3927 a
2657 3872 3072 3938 contemptione,
3106 3883 3276 3938 neque
3315 3882 3446 3921 con-

1880 3982 2063 4021 versus
2088 3979 2170 4020 est
2198 3967 2263 4021 ad
2310 3966 2646 4035 quaerendam
2679 3964 2804 4018 mali
2845 3963 3199 4026 curationem;
3231 3961 3322 4014 sed
3354 3973 3448 4027 pa-

1877 4077 1994 4115 rum
2036 4059 2188 4113 duxit
2234 4073 2416 4127 parum
2444 4059 2632 4111 abesse
2662 4055 2940 4123 quominus
2986 4052 3254 4107 excideret
3282 4050 3348 4104 ab
3379 4047 3443 4103 iis

1877 4171 1995 4224 qua:
2023 4154 2176 4209 decet
2219 4152 2412 4205 facere.
2460 4153 2626 4207 Amor
2661 4151 2836 4218 itaque
2863 4147 3161 4217 cupiditatis
3201 4159 3322 4198 eum
3361 4157 3448 4196 ra-

1879 4256 2027 4316 ptum
2060 4245 2381 4314 cogitatione
2410 4243 2462 4296 in
2511 4242 2778 4313 regionem
2818 4239 3040 4293 abduxit
3085 4235 3446 4289 habitabilem.

1878 4337 2014 4391 Cum
2041 4352 2100 4391 se
2131 4345 2306 4389 tamen
2338 4333 2547 4388 interim
2591 4333 2919 4385 cohibuisset
2953 4329 3003 4382 in
3034 4328 3173 4384 diem
3215 4341 3448 4395 sequen-

1882 4438 1985 4481 tem
2006 4467 2020 4493 ,
2054 4426 2117 4479 ad
2148 4434 2455 4480 consuetam
2505 4435 2789 4476 conversus
2834 4418 3298 4483 exercitationem,
3330 4429 3451 4470 cum

1881 4525 2088 4570 orassvt
2133 4525 2184 4569 et
2231 4516 2455 4586 hymnos
2501 4514 2755 4576 dixisset,
2796 4511 3062 4579 ingressus
3108 4511 3452 4576 speluncam,

204 4619 550 4682 cxercitator,
581 4628 637 4673 et
679 4619 734 4674 in
783 4619 1110 4674 orationibus
1147 4629 1200 4674 et
1248 4620 1458 4689 hymnis
1502 4631 1554 4675 ct
1599 4621 1774 4674 multis

1883 4609 2081 4664 invenit
2110 4607 2321 4677 quidem
2355 4621 2541 4676 panem
2573 4605 2671 4660 sibi
2700 4605 3032 4673 appositum,
3064 4601 3155 4654 sed
3200 4616 3303 4652 non
3346 4609 3452 4651 tam

205 4710 744 4778 contetnplationihus
769 4711 908 4764 diem
934 4710 1276 4780 transigebat,
1300 4720 1354 4765 ct
1377 4711 1605 4765 visiones
1631 4727 1779 4780 quas-

204 4802 331 4855 dam
361 4800 567 4854 divinas
606 4802 746 4854 clare
777 4802 1014 4866 videbat,
1051 4802 1240 4870 partim
1285 4802 1497 4871 quidem
1531 4804 1773 4871 vigilans,

207 4893 398 4960 partim
430 4906 554 4947 vero
580 4894 736 4945 etiam
768 4893 819 4946 in
847 4895 1078 4958 somnis;
1112 4905 1164 4947 et
1190 4895 1361 4947 somni
1398 4895 1776 4963 propemodum

205 4997 405 5051 expers
435 4984 706 5036 tenebatur
728 4999 757 5036 a
782 4983 883 5036 vita
915 4985 1245 5053 incorporea,
1276 5002 1378 5037 non
1405 4994 1597 5039 terram
1632 4988 1780 5052 plan-

213 5085 354 5134 taus,
397 5086 566 5140 neque
613 5074 777 5125 victus
819 5073 972 5124 ullam
1016 5089 1194 5127 curam
1239 5090 1452 5142 gerens,
1505 5091 1676 5143 neque
1723 5074 1778 5129 in

213 5162 407 5228 plantis
438 5177 679 5229 qumrens
710 5163 848 5230 quod
891 5163 1066 5230 egenti
1113 5165 1370 5230 praeberet
1410 5166 1640 5233 corpori.
1675 5165 1780 5220 Sed

209 5267 387 5317 neque
416 5254 594 5304 avium
637 5254 948 5318 aucupium,
981 5268 1152 5319 neque
1183 5253 1347 5306 ullum
1376 5253 1571 5306 animal
1605 5269 1784 5320 perse-

206 5342 504 5409 quebatur;
538 5341 630 5393 sed
663 5341 852 5394 fiducia
884 5342 1087 5409 plenus,
1125 5357 1187 5395 ex
1219 5358 1322 5410 quo
1353 5358 1414 5395 ex
1447 5343 1664 5411 regione
1693 5343 1784 5395 ha-

204 5434 416 5487 bitabili
450 5434 572 5486 illuc
614 5439 892 5501 migrarat,
935 5433 1134 5485 nullam
1173 5432 1400 5486 habebat
1440 5434 1695 5488 rationem
1728 5444 1784 5488 ut

200 5526 263 5580 ei
298 5535 630 5592 permaneret
651 5539 844 5591 corpus
865 5523 1119 5586 nutritum
1141 5564 1155 5586 ,
1182 5524 1274 5576 sed
1303 5525 1539 5577 omnium
1566 5525 1780 5590 oblitus,

201 5632 275 5671 se
307 5617 537 5685 perfecto
562 5615 855 5668 sustinebat
883 5616 933 5667 in
971 5615 1132 5667 Deum
1161 5613 1442 5677 desiderio,
1471 5626 1786 5682 exspectans

208 5707 585 5770 vocationem,
615 5717 667 5758 et
711 5720 773 5758 ex
821 5704 920 5759 licc
961 5706 1155 5758 mundo
1202 5704 1606 5772 migrationem;
1636 5714 1689 5759 et
1734 5713 1789 5757 ut

205 5798 506 5864 plurimum
593 5795 809 5866 quidem
905 5795 1149 5850 alebatur
1225 5794 1576 5850 delectatione
1604 5809 1784 5851 eorum

1883 4701 2169 4770 diligenter
2188 4700 2509 4763 confectum,
2543 4713 2638 4751 nec
2677 4705 2781 4750 tam
2817 4712 3030 4763 purum,
3057 4695 3146 4747 sed
3182 4692 3453 4746 sordidum

1885 4805 1937 4847 et
1962 4793 2307 4861 inquinatum.
2334 4791 2431 4857 Qui
2455 4791 2552 4844 etsi
2575 4797 2716 4842 essot
2745 4786 2794 4841 id
2822 4785 3133 4848 admiratus,
3159 4793 3214 4837 et
3241 4781 3452 4834 tristitia

1886 4886 2126 4952 allectus,
2150 4883 2374 4950 sumpsit
2401 4893 2607 4946 tamen,
2630 4888 2684 4933 et
2703 4894 2760 4933 se
2783 4878 2986 4932 refecit.
3013 4874 3277 4930 Successit
3303 4871 3454 4926 tertia

1888 4992 2026 5040 nox,
2059 4986 2111 5028 et
2161 4973 2348 5042 triplex
2399 4973 2594 5025 malum
2643 4967 2862 5022 addidit.
2901 4967 3104 5020 Etenim
3146 4979 3296 5018 mens
3339 4965 3456 5028 ejus

1887 5069 1993 5120 cito
2025 5067 2210 5132 irrupit
2239 5067 2290 5116 in
2333 5061 2698 5133 cogitationes.
2741 5061 2814 5113 Ita
2845 5068 3019 5113 autem
3050 5067 3163 5112 erat
3195 5057 3242 5110 ei
3269 5056 3456 5109 affecta

1891 5157 2165 5224 memoria,
2192 5165 2250 5210 ut
2275 5154 2540 5211 videretur
2571 5169 2678 5208 una,
2702 5168 2820 5207 cum
2865 5165 2930 5206 eo
2970 5150 3157 5204 adesse
3188 5149 3375 5203 femina
3404 5157 3458 5202 et

1890 5251 2049 5304 simul
2089 5249 2424 5309 accumbere,
2455 5258 2510 5301 et
2535 5261 2651 5300 eam
2681 5260 2791 5299 rem
2826 5243 3052 5296 habebat
3081 5242 3131 5294 iu
3179 5239 3365 5305 oculis,
3400 5249 3456 5292 ct

1891 5356 2008 5394 eam
2040 5340 2198 5392 veluti
2230 5338 2404 5393 facere
2446 5337 2839 5406 perseverabat.
2872 5334 3129 5405 Egressus
3171 5344 3345 5386 tamen
3376 5341 3461 5387 est

1894 5432 2048 5485 tertio
2076 5444 2284 5499 quoque
2308 5429 2393 5483 die
2420 5429 2484 5481 ad
2512 5443 2666 5496 opus,
2697 5435 2750 5480 et
2778 5441 2981 5494 preces,
3006 5433 3060 5479 et
3089 5425 3334 5493 hymnos,
3363 5424 3459 5476 sed

1893 5537 1998 5574 non
2035 5520 2234 5572 habens
2274 5520 2499 5588 amplius
2543 5517 2766 5571 mundas
2810 5517 3180 5583 cogitationes,
3208 5513 3302 5566 sed
3352 5513 3459 5566 fre-

1891 5619 2119 5678 quenter
2142 5623 2454 5674 conversus,
2484 5609 2534 5662 in
2567 5608 2733 5662 altum
2764 5607 2980 5661 tollebat
3004 5606 3208 5668 oculos,
3231 5619 3325 5658 eos
3357 5605 3457 5658 huc

1889 5713 1940 5756 et
1967 5701 2096 5754 illuc
2139 5707 2420 5768 torquens;
2453 5699 2567 5769 ejus
2597 5699 2738 5754 enim
2789 5698 3065 5768 pulchrum
3113 5711 3246 5765 opus
3293 5696 3459 5750 inter-

1890 5793 2205 5864 rumpebant
2235 5792 2504 5849 memoriai
2530 5793 2924 5863 cogitationum.
2954 5789 3188 5860 Vespere
3215 5801 3342 5858 ergo
3369 5800 3459 5845 re-
