  <div class='ocr_page' id='page_1' title='image "/cluster/home/n/w/nwhite01/storage/ocr_20150623/34/hvd.32044019207760/577.png"; bbox 0 0 4060 6510; ppageno 0'>
   <div class='ocr_carea' id='block_1_1' title="bbox 634 437 767 492">
    <p class='ocr_par' dir='ltr' id='par_1_1' title="bbox 634 437 767 492">
     <span class='ocr_line' id='line_1_1' title="bbox 634 437 767 492; baseline -0.023 0"><span class='ocrx_word' id='word_1_1' title='bbox 634 437 767 492; x_wconf 68' lang='grc'><strong>1127</strong></span> 
     </span>
    </p>
   </div>
   <div class='ocr_carea' id='block_1_2' title="bbox 2088 418 2413 477">
    <p class='ocr_par' dir='ltr' id='par_1_2' title="bbox 2088 418 2413 477">
     <span class='ocr_line' id='line_1_2' title="bbox 2088 418 2413 477; baseline 0 -3"><span class='ocrx_word' id='word_1_2' title='bbox 2088 420 2313 475; x_wconf 77' lang='lat' dir='ltr'><strong>PALLA</strong></span> <span class='ocrx_word' id='word_1_3' title='bbox 2323 418 2413 477; x_wconf 87' lang='lat' dir='ltr'><strong>Dll</strong></span> 
     </span>
    </p>
   </div>
   <div class='ocr_carea' id='block_1_3' title="bbox 3750 414 3878 470">
    <p class='ocr_par' dir='ltr' id='par_1_3' title="bbox 3750 414 3878 470">
     <span class='ocr_line' id='line_1_3' title="bbox 3750 414 3878 470; baseline 0.023 -3"><span class='ocrx_word' id='word_1_4' title='bbox 3750 414 3878 470; x_wconf 68' lang='lat'><strong>&quot;28</strong></span> 
     </span>
    </p>
   </div>
   <div class='ocr_carea' id='block_1_4' title="bbox 630 538 3886 627">
    <p class='ocr_par' dir='ltr' id='par_1_4' title="bbox 630 538 3886 627">
     <span class='ocr_line' id='line_1_4' title="bbox 630 538 3886 627; baseline -0.005 -13"><span class='ocrx_word' id='word_1_5' title='bbox 630 572 817 614; x_wconf 85' lang='lat' dir='ltr'><strong>versus</strong></span> <span class='ocrx_word' id='word_1_6' title='bbox 842 571 977 627; x_wconf 90' lang='lat' dir='ltr'><strong>pane</strong></span> <span class='ocrx_word' id='word_1_7' title='bbox 999 556 1261 627; x_wconf 88' lang='lat' dir='ltr'><strong>indigens,</strong></span> <span class='ocrx_word' id='word_1_8' title='bbox 1287 555 1433 612; x_wconf 90' lang='lat' dir='ltr'><strong>illum</strong></span> <span class='ocrx_word' id='word_1_9' title='bbox 1456 554 1668 626; x_wconf 85' lang='lat' dir='ltr'><strong>quidem</strong></span> <span class='ocrx_word' id='word_1_10' title='bbox 1692 552 1895 608; x_wconf 76' lang='lat' dir='ltr'><strong>invenit</strong></span> <span class='ocrx_word' id='word_1_11' title='bbox 1921 551 1973 606; x_wconf 92' lang='lat' dir='ltr'><strong>in</strong></span> <span class='ocrx_word' id='word_1_12' title='bbox 1999 562 2205 612; x_wconf 88' lang='lat' dir='ltr'><strong>mensa,</strong></span> <span class='ocrx_word' id='word_1_13' title='bbox 2234 547 2288 607; x_wconf 76' lang='grc' dir='ltr'><strong>Δ</strong></span> <span class='ocrx_word' id='word_1_14' title='bbox 2314 560 2410 600; x_wconf 90' lang='lat' dir='ltr'><strong>nes</strong></span> <span class='ocrx_word' id='word_1_15' title='bbox 2436 553 2532 600; x_wconf 86' lang='lat' dir='ltr'><strong>aut</strong></span> <span class='ocrx_word' id='word_1_16' title='bbox 2559 544 2825 610; x_wconf 90' lang='lat' dir='ltr'><strong>homines,</strong></span> <span class='ocrx_word' id='word_1_17' title='bbox 2848 543 3001 598; x_wconf 81' lang='lat' dir='ltr'><strong>vobis</strong></span> <span class='ocrx_word' id='word_1_18' title='bbox 3028 550 3365 598; x_wconf 81' lang='lat' dir='ltr'><strong>assentantes</strong></span> <span class='ocrx_word' id='word_1_19' title='bbox 3393 550 3447 595; x_wconf 92' lang='lat' dir='ltr'><strong>et</strong></span> <span class='ocrx_word' id='word_1_20' title='bbox 3487 538 3786 604; x_wconf 82' lang='lat' dir='ltr'><strong>laudantes,</strong></span> <span class='ocrx_word' id='word_1_21' title='bbox 3821 555 3886 597; x_wconf 75' lang='lat' dir='ltr'><strong>Ie</strong></span> 
     </span>
    </p>
   </div>
   <div class='ocr_carea' id='block_1_5' title="bbox 630 638 2203 707">
    <p class='ocr_par' dir='ltr' id='par_1_5' title="bbox 630 638 2203 707">
     <span class='ocr_line' id='line_1_5' title="bbox 630 638 2203 707; baseline -0.008 -2"><span class='ocrx_word' id='word_1_22' title='bbox 630 649 795 705; x_wconf 90' lang='lat' dir='ltr'><strong>veluti</strong></span> <span class='ocrx_word' id='word_1_23' title='bbox 821 660 1095 702; x_wconf 90' lang='lat' dir='ltr'><strong>corrosum</strong></span> <span class='ocrx_word' id='word_1_24' title='bbox 1126 661 1154 697; x_wconf 89' lang='lat' dir='ltr'><strong>a</strong></span> <span class='ocrx_word' id='word_1_25' title='bbox 1186 646 1424 701; x_wconf 88' lang='lat' dir='ltr'><strong>muribus</strong></span> <span class='ocrx_word' id='word_1_26' title='bbox 1454 653 1545 699; x_wconf 91' lang='lat' dir='ltr'><strong>aut</strong></span> <span class='ocrx_word' id='word_1_27' title='bbox 1573 644 1814 707; x_wconf 86' lang='lat' dir='ltr'><strong>canibus,</strong></span> <span class='ocrx_word' id='word_1_28' title='bbox 1847 649 1903 697; x_wconf 90' lang='lat' dir='ltr'><strong>et</strong></span> <span class='ocrx_word' id='word_1_29' title='bbox 1932 639 2060 694; x_wconf 88' lang='lat' dir='ltr'><strong>foris</strong></span> <span class='ocrx_word' id='word_1_30' title='bbox 2100 638 2203 693; x_wconf 90' lang='lat' dir='ltr'><strong>sic-</strong></span> 
     </span>
    </p>
   </div>
   <div class='ocr_carea' id='block_1_6' title="bbox 630 730 2206 809">
    <p class='ocr_par' dir='ltr' id='par_1_6' title="bbox 630 730 2206 809">
     <span class='ocr_line' id='line_1_6' title="bbox 630 730 2206 809; baseline -0.006 -16"><span class='ocrx_word' id='word_1_31' title='bbox 630 756 724 795; x_wconf 86' lang='lat' dir='ltr'><strong>cas</strong></span> <span class='ocrx_word' id='word_1_32' title='bbox 761 737 1016 809; x_wconf 86' lang='lat' dir='ltr'><strong>quasdam</strong></span> <span class='ocrx_word' id='word_1_33' title='bbox 1063 737 1335 803; x_wconf 70' lang='lat' dir='ltr'><strong>reliquias.</strong></span> <span class='ocrx_word' id='word_1_34' title='bbox 1369 736 1518 790; x_wconf 84' lang='lat' dir='ltr'><strong>Tunc</strong></span> <span class='ocrx_word' id='word_1_35' title='bbox 1566 734 1862 805; x_wconf 88' lang='lat' dir='ltr'><strong>ingemiscit</strong></span> <span class='ocrx_word' id='word_1_36' title='bbox 1909 730 2121 801; x_wconf 87' lang='lat' dir='ltr'><strong>quidem</strong></span> <span class='ocrx_word' id='word_1_37' title='bbox 2151 737 2206 784; x_wconf 85' lang='lat' dir='ltr'><strong>et</strong></span> 
     </span>
    </p>
   </div>
   <div class='ocr_carea' id='block_1_7' title="bbox 634 819 2205 895">
    <p class='ocr_par' dir='ltr' id='par_1_7' title="bbox 634 819 2205 895">
     <span class='ocr_line' id='line_1_7' title="bbox 634 819 2205 895; baseline -0.006 -15"><span class='ocrx_word' id='word_1_38' title='bbox 634 828 975 895; x_wconf 80' lang='lat' dir='ltr'><strong>lacrymatur,</strong></span> <span class='ocrx_word' id='word_1_39' title='bbox 1003 823 1096 878; x_wconf 87' lang='lat' dir='ltr'><strong>sed</strong></span> <span class='ocrx_word' id='word_1_40' title='bbox 1120 839 1224 877; x_wconf 88' lang='lat' dir='ltr'><strong>non</strong></span> <span class='ocrx_word' id='word_1_41' title='bbox 1254 834 1508 892; x_wconf 87' lang='lat' dir='ltr'><strong>quantum</strong></span> <span class='ocrx_word' id='word_1_42' title='bbox 1539 822 1668 877; x_wconf 87' lang='lat' dir='ltr'><strong>satis</strong></span> <span class='ocrx_word' id='word_1_43' title='bbox 1691 829 1831 875; x_wconf 89' lang='lat' dir='ltr'><strong>esset</strong></span> <span class='ocrx_word' id='word_1_44' title='bbox 1861 819 1926 873; x_wconf 92' lang='lat' dir='ltr'><strong>ad</strong></span> <span class='ocrx_word' id='word_1_45' title='bbox 1950 831 2205 872; x_wconf 86' lang='lat' dir='ltr'><strong>coercen-</strong></span> 
     </span>
    </p>
   </div>
   <div class='ocr_carea' id='block_1_8' title="bbox 633 904 2204 984">
    <p class='ocr_par' dir='ltr' id='par_1_8' title="bbox 633 904 2204 984">
     <span class='ocr_line' id='line_1_8' title="bbox 633 904 2204 984; baseline -0.004 -16"><span class='ocrx_word' id='word_1_46' title='bbox 633 916 754 968; x_wconf 90' lang='lat' dir='ltr'><strong>dam</strong></span> <span class='ocrx_word' id='word_1_47' title='bbox 777 913 1085 984; x_wconf 76' lang='lat' dir='ltr'><strong>nequitiam.</strong></span> <span class='ocrx_word' id='word_1_48' title='bbox 1109 913 1449 981; x_wconf 80' lang='lat' dir='ltr'><strong>Nutritusque</strong></span> <span class='ocrx_word' id='word_1_49' title='bbox 1472 928 1576 965; x_wconf 92' lang='lat' dir='ltr'><strong>non</strong></span> <span class='ocrx_word' id='word_1_50' title='bbox 1602 904 1852 980; x_wconf 87' lang='lat' dir='ltr'><strong>quantum</strong></span> <span class='ocrx_word' id='word_1_51' title='bbox 1882 907 2116 972; x_wconf 89' lang='lat' dir='ltr'><strong>volebat,</strong></span> <span class='ocrx_word' id='word_1_52' title='bbox 2145 921 2204 961; x_wconf 88' lang='lat' dir='ltr'><strong>se</strong></span> 
     </span>
    </p>
   </div>
   <div class='ocr_carea' id='block_1_9' title="bbox 635 1000 2201 1073">
    <p class='ocr_par' dir='ltr' id='par_1_9' title="bbox 635 1000 2201 1073">
     <span class='ocr_line' id='line_1_9' title="bbox 635 1000 2201 1073; baseline -0.006 -13"><span class='ocrx_word' id='word_1_53' title='bbox 635 1005 854 1070; x_wconf 77' lang='lat' dir='ltr'><strong>parabat</strong></span> <span class='ocrx_word' id='word_1_54' title='bbox 891 1005 957 1058; x_wconf 90' lang='lat' dir='ltr'><strong>ad</strong></span> <span class='ocrx_word' id='word_1_55' title='bbox 987 1004 1241 1073; x_wconf 82' lang='lat' dir='ltr'><strong>quietem.</strong></span> <span class='ocrx_word' id='word_1_56' title='bbox 1288 1003 1421 1057; x_wconf 86' lang='lat' dir='ltr'><strong>Eum</strong></span> <span class='ocrx_word' id='word_1_57' title='bbox 1461 1013 1636 1057; x_wconf 88' lang='lat' dir='ltr'><strong>autem</strong></span> <span class='ocrx_word' id='word_1_58' title='bbox 1669 1001 1956 1056; x_wconf 87' lang='lat' dir='ltr'><strong>acervatim</strong></span> <span class='ocrx_word' id='word_1_59' title='bbox 1991 1000 2201 1055; x_wconf 86' lang='lat' dir='ltr'><strong>invase-</strong></span> 
     </span>
    </p>
   </div>
   <div class='ocr_carea' id='block_1_10' title="bbox 635 1088 2203 1164">
    <p class='ocr_par' dir='ltr' id='par_1_10' title="bbox 635 1088 2203 1164">
     <span class='ocr_line' id='line_1_10' title="bbox 635 1088 2203 1164; baseline -0.004 -15"><span class='ocrx_word' id='word_1_60' title='bbox 635 1104 758 1149; x_wconf 90' lang='lat' dir='ltr'><strong>runt</strong></span> <span class='ocrx_word' id='word_1_61' title='bbox 784 1095 1148 1163; x_wconf 74' lang='lat' dir='ltr'><strong>cogitationes,</strong></span> <span class='ocrx_word' id='word_1_62' title='bbox 1174 1109 1294 1149; x_wconf 90' lang='lat' dir='ltr'><strong>eum</strong></span> <span class='ocrx_word' id='word_1_63' title='bbox 1318 1095 1547 1164; x_wconf 86' lang='lat' dir='ltr'><strong>undique</strong></span> <span class='ocrx_word' id='word_1_64' title='bbox 1569 1092 1988 1153; x_wconf 87' lang='lat' dir='ltr'><strong>circumdantes;</strong></span> <span class='ocrx_word' id='word_1_65' title='bbox 2015 1100 2069 1143; x_wconf 89' lang='lat' dir='ltr'><strong>et</strong></span> <span class='ocrx_word' id='word_1_66' title='bbox 2088 1088 2203 1156; x_wconf 79' lang='lat' dir='ltr'><strong>ejus</strong></span> 
     </span>
    </p>
   </div>
   <div class='ocr_carea' id='block_1_11' title="bbox 634 1178 2201 1253">
    <p class='ocr_par' dir='ltr' id='par_1_11' title="bbox 634 1178 2201 1253">
     <span class='ocr_line' id='line_1_11' title="bbox 634 1178 2201 1253; baseline -0.004 -15"><span class='ocrx_word' id='word_1_67' title='bbox 634 1192 864 1239; x_wconf 85' lang='lat' dir='ltr'><strong>mentem</strong></span> <span class='ocrx_word' id='word_1_68' title='bbox 892 1193 1236 1253; x_wconf 88' lang='lat' dir='ltr'><strong>oppugnant,</strong></span> <span class='ocrx_word' id='word_1_69' title='bbox 1266 1193 1320 1239; x_wconf 91' lang='lat' dir='ltr'><strong>et</strong></span> <span class='ocrx_word' id='word_1_70' title='bbox 1346 1184 1611 1253; x_wconf 89' lang='lat' dir='ltr'><strong>captivum</strong></span> <span class='ocrx_word' id='word_1_71' title='bbox 1642 1184 1817 1237; x_wconf 86' lang='lat' dir='ltr'><strong>statim</strong></span> <span class='ocrx_word' id='word_1_72' title='bbox 1863 1181 1916 1235; x_wconf 90' lang='lat' dir='ltr'><strong>in</strong></span> <span class='ocrx_word' id='word_1_73' title='bbox 1948 1178 2201 1233; x_wconf 89' lang='lat' dir='ltr'><strong>mundum</strong></span> 
     </span>
    </p>
   </div>
   <div class='ocr_carea' id='block_1_12' title="bbox 635 1270 2204 1345">
    <p class='ocr_par' dir='ltr' id='par_1_12' title="bbox 635 1270 2204 1345">
     <span class='ocr_line' id='line_1_12' title="bbox 635 1270 2204 1345; baseline -0.003 -19"><span class='ocrx_word' id='word_1_74' title='bbox 635 1274 922 1330; x_wconf 86' lang='lat' dir='ltr'><strong>abducunt.</strong></span> <span class='ocrx_word' id='word_1_75' title='bbox 953 1275 1188 1345; x_wconf 86' lang='lat' dir='ltr'><strong>Surgens</strong></span> <span class='ocrx_word' id='word_1_76' title='bbox 1216 1284 1392 1330; x_wconf 87' lang='lat' dir='ltr'><strong>autem</strong></span> <span class='ocrx_word' id='word_1_77' title='bbox 1437 1275 1533 1330; x_wconf 85' lang='lat' dir='ltr'><strong>ivit</strong></span> <span class='ocrx_word' id='word_1_78' title='bbox 1560 1288 1741 1329; x_wconf 86' lang='lat' dir='ltr'><strong>versus</strong></span> <span class='ocrx_word' id='word_1_79' title='bbox 1785 1270 2054 1341; x_wconf 74' lang='lat' dir='ltr'><strong>regionem</strong></span> <span class='ocrx_word' id='word_1_80' title='bbox 2084 1282 2204 1338; x_wconf 81' lang='lat' dir='ltr'><strong>qua:</strong></span> 
     </span>
    </p>
   </div>
   <div class='ocr_carea' id='block_1_13' title="bbox 645 1356 2203 1434">
    <p class='ocr_par' dir='ltr' id='par_1_13' title="bbox 645 1356 2203 1434">
     <span class='ocr_line' id='line_1_13' title="bbox 645 1356 2203 1434; baseline -0.004 -17"><span class='ocrx_word' id='word_1_81' title='bbox 645 1364 930 1431; x_wconf 86' lang='lat' dir='ltr'><strong>habitatur,</strong></span> <span class='ocrx_word' id='word_1_82' title='bbox 955 1365 1253 1434; x_wconf 84' lang='lat' dir='ltr'><strong>ingrediens</strong></span> <span class='ocrx_word' id='word_1_83' title='bbox 1277 1374 1435 1419; x_wconf 93' lang='lat' dir='ltr'><strong>noctu</strong></span> <span class='ocrx_word' id='word_1_84' title='bbox 1463 1378 1556 1433; x_wconf 91' lang='lat' dir='ltr'><strong>per</strong></span> <span class='ocrx_word' id='word_1_85' title='bbox 1572 1360 1933 1417; x_wconf 86' lang='lat' dir='ltr'><strong>solitudinem.</strong></span> <span class='ocrx_word' id='word_1_86' title='bbox 1957 1356 2086 1413; x_wconf 89' lang='lat' dir='ltr'><strong>Cum</strong></span> <span class='ocrx_word' id='word_1_87' title='bbox 2111 1372 2203 1411; x_wconf 91' lang='lat' dir='ltr'><strong>au-</strong></span> 
     </span>
    </p>
   </div>
   <div class='ocr_carea' id='block_1_14' title="bbox 638 1447 2202 1525">
    <p class='ocr_par' dir='ltr' id='par_1_14' title="bbox 638 1447 2202 1525">
     <span class='ocr_line' id='line_1_14' title="bbox 638 1447 2202 1525; baseline -0.005 -16"><span class='ocrx_word' id='word_1_88' title='bbox 638 1466 741 1509; x_wconf 89' lang='lat' dir='ltr'><strong>tem</strong></span> <span class='ocrx_word' id='word_1_89' title='bbox 764 1454 875 1511; x_wconf 88' lang='lat' dir='ltr'><strong>dies</strong></span> <span class='ocrx_word' id='word_1_90' title='bbox 900 1470 1018 1509; x_wconf 90' lang='lat' dir='ltr'><strong>eum</strong></span> <span class='ocrx_word' id='word_1_91' title='bbox 1040 1454 1503 1525; x_wconf 83' lang='lat' dir='ltr'><strong>apprehendisset,</strong></span> <span class='ocrx_word' id='word_1_92' title='bbox 1535 1461 1588 1507; x_wconf 91' lang='lat' dir='ltr'><strong>et</strong></span> <span class='ocrx_word' id='word_1_93' title='bbox 1610 1467 1726 1519; x_wconf 69' lang='lat' dir='ltr'><strong>qua:</strong></span> <span class='ocrx_word' id='word_1_94' title='bbox 1756 1449 2021 1505; x_wconf 86' lang='lat' dir='ltr'><strong>habitatur</strong></span> <span class='ocrx_word' id='word_1_95' title='bbox 2054 1447 2202 1517; x_wconf 87' lang='lat' dir='ltr'><strong>regio</strong></span> 
     </span>
    </p>
   </div>
   <div class='ocr_carea' id='block_1_15' title="bbox 636 1536 2205 1615">
    <p class='ocr_par' dir='ltr' id='par_1_15' title="bbox 636 1536 2205 1615">
     <span class='ocr_line' id='line_1_15' title="bbox 636 1536 2205 1615; baseline -0.007 -15"><span class='ocrx_word' id='word_1_96' title='bbox 636 1546 807 1600; x_wconf 83' lang='lat' dir='ltr'><strong>adhuc</strong></span> <span class='ocrx_word' id='word_1_97' title='bbox 836 1546 1019 1615; x_wconf 84' lang='lat' dir='ltr'><strong>procul</strong></span> <span class='ocrx_word' id='word_1_98' title='bbox 1047 1544 1277 1609; x_wconf 90' lang='lat' dir='ltr'><strong>abesset,</strong></span> <span class='ocrx_word' id='word_1_99' title='bbox 1305 1553 1359 1598; x_wconf 90' lang='lat' dir='ltr'><strong>et</strong></span> <span class='ocrx_word' id='word_1_100' title='bbox 1385 1557 1504 1597; x_wconf 90' lang='lat' dir='ltr'><strong>eum</strong></span> <span class='ocrx_word' id='word_1_101' title='bbox 1531 1550 1690 1595; x_wconf 71' lang='lat' dir='ltr'><strong>tostus</strong></span> <span class='ocrx_word' id='word_1_102' title='bbox 1715 1538 1991 1608; x_wconf 80' lang='lat' dir='ltr'><strong>afﬂigeret,</strong></span> <span class='ocrx_word' id='word_1_103' title='bbox 2017 1536 2205 1592; x_wconf 82' lang='lat' dir='ltr'><strong>defati-</strong></span> 
     </span>
    </p>
   </div>
   <div class='ocr_carea' id='block_1_16' title="bbox 638 1628 2203 1705">
    <p class='ocr_par' dir='ltr' id='par_1_16' title="bbox 638 1628 2203 1705">
     <span class='ocr_line' id='line_1_16' title="bbox 638 1628 2203 1705; baseline -0.003 -16"><span class='ocrx_word' id='word_1_104' title='bbox 638 1644 793 1705; x_wconf 83' lang='lat' dir='ltr'><strong>gatus</strong></span> <span class='ocrx_word' id='word_1_105' title='bbox 837 1643 937 1689; x_wconf 90' lang='lat' dir='ltr'><strong>est.</strong></span> <span class='ocrx_word' id='word_1_106' title='bbox 971 1633 1332 1703; x_wconf 85' lang='lat' dir='ltr'><strong>Undequaque</strong></span> <span class='ocrx_word' id='word_1_107' title='bbox 1360 1641 1534 1686; x_wconf 88' lang='lat' dir='ltr'><strong>autem</strong></span> <span class='ocrx_word' id='word_1_108' title='bbox 1560 1631 1612 1685; x_wconf 88' lang='lat' dir='ltr'><strong>in</strong></span> <span class='ocrx_word' id='word_1_109' title='bbox 1641 1630 1822 1684; x_wconf 85' lang='lat' dir='ltr'><strong>urbem</strong></span> <span class='ocrx_word' id='word_1_110' title='bbox 1862 1628 2203 1684; x_wconf 78' lang='lat' dir='ltr'><strong>considerans</strong></span> 
     </span>
    </p>
   </div>
   <div class='ocr_carea' id='block_1_17' title="bbox 636 1720 2202 1797">
    <p class='ocr_par' dir='ltr' id='par_1_17' title="bbox 636 1720 2202 1797">
     <span class='ocr_line' id='line_1_17' title="bbox 636 1720 2202 1797; baseline -0.003 -17"><span class='ocrx_word' id='word_1_111' title='bbox 636 1726 1024 1797; x_wconf 82' lang='lat' dir='ltr'><strong>circumspicit,</strong></span> <span class='ocrx_word' id='word_1_112' title='bbox 1055 1741 1121 1779; x_wconf 91' lang='lat' dir='ltr'><strong>an</strong></span> <span class='ocrx_word' id='word_1_113' title='bbox 1151 1725 1344 1779; x_wconf 88' lang='lat' dir='ltr'><strong>alicubi</strong></span> <span class='ocrx_word' id='word_1_114' title='bbox 1383 1730 1663 1793; x_wconf 86' lang='lat' dir='ltr'><strong>appareret</strong></span> <span class='ocrx_word' id='word_1_115' title='bbox 1705 1722 2115 1787; x_wconf 81' lang='lat' dir='ltr'><strong>monasterium,</strong></span> <span class='ocrx_word' id='word_1_116' title='bbox 2149 1720 2202 1777; x_wconf 90' lang='lat' dir='ltr'><strong>in</strong></span> 
     </span>
    </p>
   </div>
   <div class='ocr_carea' id='block_1_18' title="bbox 638 1812 2201 1886">
    <p class='ocr_par' dir='ltr' id='par_1_18' title="bbox 638 1812 2201 1886">
     <span class='ocr_line' id='line_1_18' title="bbox 638 1812 2201 1886; baseline -0.003 -16"><span class='ocrx_word' id='word_1_117' title='bbox 638 1817 776 1886; x_wconf 78' lang='lat' dir='ltr'><strong>quod</strong></span> <span class='ocrx_word' id='word_1_118' title='bbox 798 1818 1069 1885; x_wconf 86' lang='lat' dir='ltr'><strong>ingressus</strong></span> <span class='ocrx_word' id='word_1_119' title='bbox 1092 1815 1468 1884; x_wconf 81' lang='lat' dir='ltr'><strong>requiesceret.</strong></span> <span class='ocrx_word' id='word_1_120' title='bbox 1493 1813 1643 1882; x_wconf 86' lang='lat' dir='ltr'><strong>Quod</strong></span> <span class='ocrx_word' id='word_1_121' title='bbox 1667 1812 1823 1868; x_wconf 87' lang='lat' dir='ltr'><strong>etiam</strong></span> <span class='ocrx_word' id='word_1_122' title='bbox 1848 1812 2056 1879; x_wconf 89' lang='lat' dir='ltr'><strong>accidit,</strong></span> <span class='ocrx_word' id='word_1_123' title='bbox 2080 1826 2201 1868; x_wconf 89' lang='lat' dir='ltr'><strong>eum</strong></span> 
     </span>
    </p>
   </div>
   <div class='ocr_carea' id='block_1_19' title="bbox 2304 634 3889 706">
    <p class='ocr_par' dir='ltr' id='par_1_19' title="bbox 2304 634 3889 706">
     <span class='ocr_line' id='line_1_19' title="bbox 2304 634 3889 706; baseline -0.004 -14"><span class='ocrx_word' id='word_1_124' title='bbox 2304 638 2383 692; x_wconf 84' lang='lat' dir='ltr'><strong>eis</strong></span> <span class='ocrx_word' id='word_1_125' title='bbox 2405 638 2659 706; x_wconf 81' lang='lat' dir='ltr'><strong>parcatis,</strong></span> <span class='ocrx_word' id='word_1_126' title='bbox 2683 651 2785 691; x_wconf 91' lang='lat' dir='ltr'><strong>nec</strong></span> <span class='ocrx_word' id='word_1_127' title='bbox 2811 644 2994 691; x_wconf 87' lang='lat' dir='ltr'><strong>mente</strong></span> <span class='ocrx_word' id='word_1_128' title='bbox 3022 634 3317 691; x_wconf 84' lang='lat' dir='ltr'><strong>ell&#39;eramiui</strong></span> <span class='ocrx_word' id='word_1_129' title='bbox 3350 652 3363 685; x_wconf 93' lang='lat'>:</span> <span class='ocrx_word' id='word_1_130' title='bbox 3402 649 3524 687; x_wconf 89' lang='lat' dir='ltr'><strong>nam</strong></span> <span class='ocrx_word' id='word_1_131' title='bbox 3549 648 3637 687; x_wconf 87' lang='lat' dir='ltr'><strong>me</strong></span> <span class='ocrx_word' id='word_1_132' title='bbox 3676 649 3889 702; x_wconf 77' lang='lat' dir='ltr'><strong>quoque</strong></span> 
     </span>
    </p>
   </div>
   <div class='ocr_carea' id='block_1_20' title="bbox 2305 725 3888 799">
    <p class='ocr_par' dir='ltr' id='par_1_20' title="bbox 2305 725 3888 799">
     <span class='ocr_line' id='line_1_20' title="bbox 2305 725 3888 799; baseline -0.003 -15"><span class='ocrx_word' id='word_1_133' title='bbox 2305 744 2450 799; x_wconf 65' lang='lat' dir='ltr'><strong>saepe</strong></span> <span class='ocrx_word' id='word_1_134' title='bbox 2475 738 2635 783; x_wconf 92' lang='lat' dir='ltr'><strong>noctu</strong></span> <span class='ocrx_word' id='word_1_135' title='bbox 2677 729 2755 783; x_wconf 90' lang='lat' dir='ltr'><strong>sic</strong></span> <span class='ocrx_word' id='word_1_136' title='bbox 2796 728 3123 796; x_wconf 90' lang='lat' dir='ltr'><strong>deceperunt</strong></span> <span class='ocrx_word' id='word_1_137' title='bbox 3146 725 3448 790; x_wconf 85' lang='lat' dir='ltr'><strong>daemones;</strong></span> <span class='ocrx_word' id='word_1_138' title='bbox 3491 737 3550 781; x_wconf 85' lang='lat' dir='ltr'><strong>et</strong></span> <span class='ocrx_word' id='word_1_139' title='bbox 3584 740 3763 793; x_wconf 87' lang='lat' dir='ltr'><strong>neque</strong></span> <span class='ocrx_word' id='word_1_140' title='bbox 3806 740 3888 780; x_wconf 76' lang='lat' dir='ltr'><strong>ne</strong></span> 
     </span>
    </p>
   </div>
   <div class='ocr_carea' id='block_1_21' title="bbox 2304 816 3879 887">
    <p class='ocr_par' dir='ltr' id='par_1_21' title="bbox 2304 816 3879 887">
     <span class='ocr_line' id='line_1_21' title="bbox 2304 816 3879 887; baseline -0.004 -13"><span class='ocrx_word' id='word_1_141' title='bbox 2304 821 2549 875; x_wconf 89' lang='lat' dir='ltr'><strong>sinebant</strong></span> <span class='ocrx_word' id='word_1_142' title='bbox 2569 833 2748 883; x_wconf 88' lang='lat' dir='ltr'><strong>orare,</strong></span> <span class='ocrx_word' id='word_1_143' title='bbox 2782 832 2879 873; x_wconf 90' lang='lat' dir='ltr'><strong>nec</strong></span> <span class='ocrx_word' id='word_1_144' title='bbox 2903 818 3203 887; x_wconf 89' lang='lat' dir='ltr'><strong>quiescere,</strong></span> <span class='ocrx_word' id='word_1_145' title='bbox 3255 817 3510 885; x_wconf 89' lang='lat' dir='ltr'><strong>quasdam</strong></span> <span class='ocrx_word' id='word_1_146' title='bbox 3543 816 3678 869; x_wconf 89' lang='lat' dir='ltr'><strong>mihi</strong></span> <span class='ocrx_word' id='word_1_147' title='bbox 3712 816 3879 883; x_wconf 81' lang='lat' dir='ltr'><strong>phan-</strong></span> 
     </span>
    </p>
   </div>
   <div class='ocr_carea' id='block_1_22' title="bbox 2308 906 3886 978">
    <p class='ocr_par' dir='ltr' id='par_1_22' title="bbox 2308 906 3886 978">
     <span class='ocr_line' id='line_1_22' title="bbox 2308 906 3886 978; baseline -0.006 -13"><span class='ocrx_word' id='word_1_148' title='bbox 2308 912 2475 965; x_wconf 84' lang='lat' dir='ltr'><strong>tasias</strong></span> <span class='ocrx_word' id='word_1_149' title='bbox 2506 909 2805 978; x_wconf 74' lang='lat' dir='ltr'><strong>praabentes</strong></span> <span class='ocrx_word' id='word_1_150' title='bbox 2830 916 2937 962; x_wconf 89' lang='lat' dir='ltr'><strong>tota</strong></span> <span class='ocrx_word' id='word_1_151' title='bbox 2962 917 3137 971; x_wconf 91' lang='lat' dir='ltr'><strong>nocte,</strong></span> <span class='ocrx_word' id='word_1_152' title='bbox 3154 919 3207 961; x_wconf 92' lang='lat' dir='ltr'><strong>et</strong></span> <span class='ocrx_word' id='word_1_153' title='bbox 3236 922 3391 961; x_wconf 88' lang='lat' dir='ltr'><strong>mane</strong></span> <span class='ocrx_word' id='word_1_154' title='bbox 3433 906 3723 960; x_wconf 83' lang='lat' dir='ltr'><strong>illudentes</strong></span> <span class='ocrx_word' id='word_1_155' title='bbox 3748 906 3886 958; x_wconf 82' lang='lat' dir='ltr'><strong>humi</strong></span> 
     </span>
    </p>
   </div>
   <div class='ocr_carea' id='block_1_23' title="bbox 2310 994 3888 1069">
    <p class='ocr_par' dir='ltr' id='par_1_23' title="bbox 2310 994 3888 1069">
     <span class='ocr_line' id='line_1_23' title="bbox 2310 994 3888 1069; baseline -0.004 -15"><span class='ocrx_word' id='word_1_156' title='bbox 2310 1000 2759 1069; x_wconf 88' lang='lat' dir='ltr'><strong>procumbebant,</strong></span> <span class='ocrx_word' id='word_1_157' title='bbox 2794 998 3066 1053; x_wconf 87' lang='lat' dir='ltr'><strong>dicentes:</strong></span> <span class='ocrx_word' id='word_1_158' title='bbox 3094 996 3344 1052; x_wconf 88' lang='lat' dir='ltr'><strong>Condona</strong></span> <span class='ocrx_word' id='word_1_159' title='bbox 3363 994 3536 1061; x_wconf 89' lang='lat' dir='ltr'><strong>nobis,</strong></span> <span class='ocrx_word' id='word_1_160' title='bbox 3565 998 3732 1060; x_wconf 87' lang='lat' dir='ltr'><strong>abba,</strong></span> <span class='ocrx_word' id='word_1_161' title='bbox 3751 998 3888 1063; x_wconf 80' lang='lat' dir='ltr'><strong>quod</strong></span> 
     </span>
    </p>
   </div>
   <div class='ocr_carea' id='block_1_24' title="bbox 2308 1085 3892 1157">
    <p class='ocr_par' dir='ltr' id='par_1_24' title="bbox 2308 1085 3892 1157">
     <span class='ocr_line' id='line_1_24' title="bbox 2308 1085 3892 1157; baseline -0.003 -14"><span class='ocrx_word' id='word_1_162' title='bbox 2308 1091 2406 1144; x_wconf 89' lang='lat' dir='ltr'><strong>tibi</strong></span> <span class='ocrx_word' id='word_1_163' title='bbox 2438 1089 2648 1145; x_wconf 83' lang='lat' dir='ltr'><strong>labores</strong></span> <span class='ocrx_word' id='word_1_164' title='bbox 2675 1087 2998 1157; x_wconf 64' lang='lat' dir='ltr'><strong>prmbuimus</strong></span> <span class='ocrx_word' id='word_1_165' title='bbox 3028 1096 3135 1143; x_wconf 89' lang='lat' dir='ltr'><strong>tota</strong></span> <span class='ocrx_word' id='word_1_166' title='bbox 3165 1097 3342 1142; x_wconf 91' lang='lat' dir='ltr'><strong>nocte.</strong></span> <span class='ocrx_word' id='word_1_167' title='bbox 3399 1088 3509 1157; x_wconf 84' lang='lat' dir='ltr'><strong>Ego</strong></span> <span class='ocrx_word' id='word_1_168' title='bbox 3538 1095 3722 1140; x_wconf 79' lang='lat' dir='ltr'><strong>autem</strong></span> <span class='ocrx_word' id='word_1_169' title='bbox 3753 1085 3892 1139; x_wconf 82' lang='lat' dir='ltr'><strong>dice-</strong></span> 
     </span>
    </p>
   </div>
   <div class='ocr_carea' id='block_1_25' title="bbox 2306 1176 3892 1247">
    <p class='ocr_par' dir='ltr' id='par_1_25' title="bbox 2306 1176 3892 1247">
     <span class='ocr_line' id='line_1_25' title="bbox 2306 1176 3892 1247; baseline -0.004 -12"><span class='ocrx_word' id='word_1_170' title='bbox 2306 1182 2426 1235; x_wconf 91' lang='lat' dir='ltr'><strong>bam</strong></span> <span class='ocrx_word' id='word_1_171' title='bbox 2458 1180 2567 1235; x_wconf 91' lang='lat' dir='ltr'><strong>illis</strong></span> <span class='ocrx_word' id='word_1_172' title='bbox 2596 1198 2609 1233; x_wconf 92' lang='lat'><strong>:</strong></span> <span class='ocrx_word' id='word_1_173' title='bbox 2640 1179 2911 1234; x_wconf 87' lang='lat' dir='ltr'><strong>Discedite</strong></span> <span class='ocrx_word' id='word_1_174' title='bbox 2932 1194 2959 1231; x_wconf 92' lang='lat' dir='ltr'><strong>a</strong></span> <span class='ocrx_word' id='word_1_175' title='bbox 2985 1193 3071 1234; x_wconf 90' lang='lat' dir='ltr'><strong>me</strong></span> <span class='ocrx_word' id='word_1_176' title='bbox 3096 1194 3282 1233; x_wconf 89' lang='lat' dir='ltr'><strong>omnes</strong></span> <span class='ocrx_word' id='word_1_177' title='bbox 3332 1178 3420 1247; x_wconf 77' lang='lat' dir='ltr'><strong>qui</strong></span> <span class='ocrx_word' id='word_1_178' title='bbox 3462 1178 3766 1245; x_wconf 82' lang='lat' dir='ltr'><strong>operamini</strong></span> <span class='ocrx_word' id='word_1_179' title='bbox 3798 1176 3892 1229; x_wconf 86' lang='lat' dir='ltr'><strong>ini-</strong></span> 
     </span>
    </p>
   </div>
   <div class='ocr_carea' id='block_1_26' title="bbox 2305 1266 3752 1341">
    <p class='ocr_par' dir='ltr' id='par_1_26' title="bbox 2305 1266 3752 1341">
     <span class='ocr_line' id='line_1_26' title="bbox 2305 1266 3752 1341; baseline -0.005 -16"><span class='ocrx_word' id='word_1_180' title='bbox 2305 1272 2559 1341; x_wconf 79' lang='lat' dir='ltr'><strong>quitatem</strong></span> <span class='ocrx_word' id='word_1_181' title='bbox 2602 1271 2779 1341; x_wconf 83' lang='lat' dir='ltr'><strong>(Psal.</strong></span> <span class='ocrx_word' id='word_1_182' title='bbox 2800 1270 2909 1341; x_wconf 80' lang='lat' dir='ltr'><strong>vi);</strong></span> <span class='ocrx_word' id='word_1_183' title='bbox 2938 1285 3005 1323; x_wconf 92' lang='lat' dir='ltr'><strong>ne</strong></span> <span class='ocrx_word' id='word_1_184' title='bbox 3032 1269 3245 1323; x_wconf 88' lang='lat' dir='ltr'><strong>tentetis</strong></span> <span class='ocrx_word' id='word_1_185' title='bbox 3273 1283 3482 1323; x_wconf 74' lang='lat' dir='ltr'><strong>servum</strong></span> <span class='ocrx_word' id='word_1_186' title='bbox 3514 1266 3752 1320; x_wconf 88' lang='lat' dir='ltr'><strong>Domini.</strong></span> 
     </span>
    </p>
   </div>
   <div class='ocr_carea' id='block_1_27' title="bbox 2376 1356 3894 1430">
    <p class='ocr_par' dir='ltr' id='par_1_27' title="bbox 2376 1356 3894 1430">
     <span class='ocr_line' id='line_1_27' title="bbox 2376 1356 3894 1430; baseline -0.004 -15"><span class='ocrx_word' id='word_1_187' title='bbox 2376 1363 2552 1429; x_wconf 86' lang='lat' dir='ltr'><strong>Quare</strong></span> <span class='ocrx_word' id='word_1_188' title='bbox 2582 1377 2676 1416; x_wconf 92' lang='lat' dir='ltr'><strong>vos</strong></span> <span class='ocrx_word' id='word_1_189' title='bbox 2710 1376 2944 1430; x_wconf 88' lang='lat' dir='ltr'><strong>quoque,</strong></span> <span class='ocrx_word' id='word_1_190' title='bbox 2975 1373 3009 1413; x_wconf 94' lang='lat' dir='ltr'><strong>o</strong></span> <span class='ocrx_word' id='word_1_191' title='bbox 3055 1358 3171 1424; x_wconf 82' lang='lat' dir='ltr'><strong>ﬁlii,</strong></span> <span class='ocrx_word' id='word_1_192' title='bbox 3204 1360 3435 1427; x_wconf 86' lang='lat' dir='ltr'><strong>quietem</strong></span> <span class='ocrx_word' id='word_1_193' title='bbox 3469 1356 3894 1425; x_wconf 82' lang='lat' dir='ltr'><strong>persequamini,</strong></span> 
     </span>
    </p>
   </div>
   <div class='ocr_carea' id='block_1_28' title="bbox 2307 1450 3897 1519">
    <p class='ocr_par' dir='ltr' id='par_1_28' title="bbox 2307 1450 3897 1519">
     <span class='ocr_line' id='line_1_28' title="bbox 2307 1450 3897 1519; baseline -0.006 -11"><span class='ocrx_word' id='word_1_194' title='bbox 2307 1468 2401 1508; x_wconf 89' lang='lat' dir='ltr'><strong>vos</strong></span> <span class='ocrx_word' id='word_1_195' title='bbox 2431 1467 2647 1519; x_wconf 80' lang='lat' dir='ltr'><strong>semper</strong></span> <span class='ocrx_word' id='word_1_196' title='bbox 2676 1460 2996 1507; x_wconf 79' lang='lat' dir='ltr'><strong>exercentes</strong></span> <span class='ocrx_word' id='word_1_197' title='bbox 3028 1450 3092 1503; x_wconf 91' lang='lat' dir='ltr'><strong>ad</strong></span> <span class='ocrx_word' id='word_1_198' title='bbox 3146 1450 3685 1517; x_wconf 83' lang='lat' dir='ltr'><strong>contemplationem,</strong></span> <span class='ocrx_word' id='word_1_199' title='bbox 3719 1457 3776 1500; x_wconf 88' lang='lat' dir='ltr'><strong>ut</strong></span> <span class='ocrx_word' id='word_1_200' title='bbox 3805 1464 3897 1514; x_wconf 79' lang='lat' dir='ltr'><strong>pu-</strong></span> 
     </span>
    </p>
   </div>
   <div class='ocr_carea' id='block_1_29' title="bbox 2320 1538 3895 1610">
    <p class='ocr_par' dir='ltr' id='par_1_29' title="bbox 2320 1538 3895 1610">
     <span class='ocr_line' id='line_1_29' title="bbox 2320 1538 3895 1610; baseline -0.004 -14"><span class='ocrx_word' id='word_1_201' title='bbox 2320 1557 2435 1597; x_wconf 88' lang='lat' dir='ltr'><strong>ram</strong></span> <span class='ocrx_word' id='word_1_202' title='bbox 2483 1540 2801 1610; x_wconf 90' lang='lat' dir='ltr'><strong>possideatis</strong></span> <span class='ocrx_word' id='word_1_203' title='bbox 2831 1548 3087 1603; x_wconf 87' lang='lat' dir='ltr'><strong>mentem,</strong></span> <span class='ocrx_word' id='word_1_204' title='bbox 3121 1539 3286 1594; x_wconf 90' lang='lat' dir='ltr'><strong>Deum</strong></span> <span class='ocrx_word' id='word_1_205' title='bbox 3335 1550 3609 1608; x_wconf 86' lang='lat' dir='ltr'><strong>rogantes.</strong></span> <span class='ocrx_word' id='word_1_206' title='bbox 3642 1538 3778 1591; x_wconf 79' lang='lat' dir='ltr'><strong>Nam</strong></span> <span class='ocrx_word' id='word_1_207' title='bbox 3810 1539 3895 1591; x_wconf 77' lang='lat' dir='ltr'><strong>ille</strong></span> 
     </span>
    </p>
   </div>
   <div class='ocr_carea' id='block_1_30' title="bbox 2305 1631 3897 1705">
    <p class='ocr_par' dir='ltr' id='par_1_30' title="bbox 2305 1631 3897 1705">
     <span class='ocr_line' id='line_1_30' title="bbox 2305 1631 3897 1705; baseline -0.004 -15"><span class='ocrx_word' id='word_1_208' title='bbox 2305 1650 2519 1705; x_wconf 90' lang='lat' dir='ltr'><strong>quoque</strong></span> <span class='ocrx_word' id='word_1_209' title='bbox 2548 1644 2627 1691; x_wconf 88' lang='lat' dir='ltr'><strong>est</strong></span> <span class='ocrx_word' id='word_1_210' title='bbox 2654 1634 2827 1690; x_wconf 87' lang='lat' dir='ltr'><strong>bonus</strong></span> <span class='ocrx_word' id='word_1_211' title='bbox 2849 1636 3189 1699; x_wconf 87' lang='lat' dir='ltr'><strong>exercitator,</strong></span> <span class='ocrx_word' id='word_1_212' title='bbox 3220 1632 3310 1702; x_wconf 93' lang='lat' dir='ltr'><strong>qui</strong></span> <span class='ocrx_word' id='word_1_213' title='bbox 3359 1632 3576 1686; x_wconf 88' lang='lat' dir='ltr'><strong>assidue</strong></span> <span class='ocrx_word' id='word_1_214' title='bbox 3606 1633 3664 1685; x_wconf 87' lang='lat' dir='ltr'><strong>iu</strong></span> <span class='ocrx_word' id='word_1_215' title='bbox 3698 1631 3897 1685; x_wconf 84' lang='lat' dir='ltr'><strong>mundo</strong></span> 
     </span>
    </p>
   </div>
   <div class='ocr_carea' id='block_1_31' title="bbox 2308 1724 3895 1796">
    <p class='ocr_par' dir='ltr' id='par_1_31' title="bbox 2308 1724 3895 1796">
     <span class='ocr_line' id='line_1_31' title="bbox 2308 1724 3895 1796; baseline -0.002 -15"><span class='ocrx_word' id='word_1_216' title='bbox 2308 1736 2618 1796; x_wconf 86' lang='lat' dir='ltr'><strong>exercetur,</strong></span> <span class='ocrx_word' id='word_1_217' title='bbox 2651 1726 2779 1782; x_wconf 90' lang='lat' dir='ltr'><strong>etin</strong></span> <span class='ocrx_word' id='word_1_218' title='bbox 2812 1728 3055 1781; x_wconf 83' lang='lat' dir='ltr'><strong>honestis</strong></span> <span class='ocrx_word' id='word_1_219' title='bbox 3100 1735 3389 1793; x_wconf 87' lang='lat' dir='ltr'><strong>occupatur</strong></span> <span class='ocrx_word' id='word_1_220' title='bbox 3420 1725 3771 1778; x_wconf 78' lang='lat' dir='ltr'><strong>actionibus:</strong></span> <span class='ocrx_word' id='word_1_221' title='bbox 3808 1724 3895 1793; x_wconf 84' lang='lat' dir='ltr'><strong>qui</strong></span> 
     </span>
    </p>
   </div>
   <div class='ocr_carea' id='block_1_32' title="bbox 2311 1814 3894 1884">
    <p class='ocr_par' dir='ltr' id='par_1_32' title="bbox 2311 1814 3894 1884">
     <span class='ocr_line' id='line_1_32' title="bbox 2311 1814 3894 1884; baseline -0.002 -12"><span class='ocrx_word' id='word_1_222' title='bbox 2311 1817 2703 1872; x_wconf 88' lang='lat' dir='ltr'><strong>humanitatem</strong></span> <span class='ocrx_word' id='word_1_223' title='bbox 2733 1814 2966 1871; x_wconf 87' lang='lat' dir='ltr'><strong>ostendit</strong></span> <span class='ocrx_word' id='word_1_224' title='bbox 2983 1824 3037 1870; x_wconf 90' lang='lat' dir='ltr'><strong>et</strong></span> <span class='ocrx_word' id='word_1_225' title='bbox 3058 1814 3417 1879; x_wconf 89' lang='lat' dir='ltr'><strong>clementiam,</strong></span> <span class='ocrx_word' id='word_1_226' title='bbox 3448 1815 3894 1884; x_wconf 53' lang='lat' dir='ltr'><strong>hospitalitatem.</strong></span> 
     </span>
    </p>
   </div>
   <div class='ocr_carea' id='block_1_33' title="bbox 636 1900 3893 1979">
    <p class='ocr_par' dir='ltr' id='par_1_33' title="bbox 636 1900 3893 1979">
     <span class='ocr_line' id='line_1_33' title="bbox 636 1900 3893 1979; baseline -0.002 -19"><span class='ocrx_word' id='word_1_227' title='bbox 636 1906 1022 1975; x_wconf 80' lang='lat' dir='ltr'><strong>excipientibus</strong></span> <span class='ocrx_word' id='word_1_228' title='bbox 1040 1906 1351 1974; x_wconf 85' lang='lat' dir='ltr'><strong>quibusdam</strong></span> <span class='ocrx_word' id='word_1_229' title='bbox 1376 1904 1473 1974; x_wconf 88' lang='lat' dir='ltr'><strong>piis</strong></span> <span class='ocrx_word' id='word_1_230' title='bbox 1491 1917 1543 1960; x_wconf 85' lang='lat' dir='ltr'><strong>et</strong></span> <span class='ocrx_word' id='word_1_231' title='bbox 1563 1904 1806 1959; x_wconf 77' lang='lat' dir='ltr'><strong>ﬁdelibus</strong></span> <span class='ocrx_word' id='word_1_232' title='bbox 1826 1901 2094 1967; x_wconf 82' lang='lat' dir='ltr'><strong>fratribus,</strong></span> <span class='ocrx_word' id='word_1_233' title='bbox 2115 1900 2204 1972; x_wconf 89' lang='lat' dir='ltr'><strong>qui</strong></span> <span class='ocrx_word' id='word_1_234' title='bbox 2238 1916 2284 1975; x_wconf 78' lang='grc' dir='ltr'><strong>Β</strong></span> <span class='ocrx_word' id='word_1_235' title='bbox 2311 1924 2413 1979; x_wconf 80' lang='lat' dir='ltr'><strong>que</strong></span> <span class='ocrx_word' id='word_1_236' title='bbox 2441 1916 2495 1961; x_wconf 79' lang='lat' dir='ltr'><strong>et</strong></span> <span class='ocrx_word' id='word_1_237' title='bbox 2514 1906 2853 1971; x_wconf 75' lang='lat' dir='ltr'><strong>charilatem,</strong></span> <span class='ocrx_word' id='word_1_238' title='bbox 2880 1915 2934 1961; x_wconf 86' lang='lat' dir='ltr'><strong>el.</strong></span> <span class='ocrx_word' id='word_1_239' title='bbox 2966 1905 3087 1960; x_wconf 81' lang='lat' dir='ltr'><strong>fecit</strong></span> <span class='ocrx_word' id='word_1_240' title='bbox 3112 1904 3500 1975; x_wconf 79' lang='lat' dir='ltr'><strong>eleemosynas,</strong></span> <span class='ocrx_word' id='word_1_241' title='bbox 3526 1914 3581 1958; x_wconf 86' lang='lat' dir='ltr'><strong>et</strong></span> <span class='ocrx_word' id='word_1_242' title='bbox 3603 1904 3748 1959; x_wconf 85' lang='lat' dir='ltr'><strong>bene</strong></span> <span class='ocrx_word' id='word_1_243' title='bbox 3771 1904 3893 1959; x_wconf 74' lang='lat' dir='ltr'><strong>facit</strong></span> 
     </span>
    </p>
   </div>
   <div class='ocr_carea' id='block_1_34' title="bbox 638 1993 2205 2065">
    <p class='ocr_par' dir='ltr' id='par_1_34' title="bbox 638 1993 2205 2065">
     <span class='ocr_line' id='line_1_34' title="bbox 638 1993 2205 2065; baseline -0.001 -14"><span class='ocrx_word' id='word_1_244' title='bbox 638 2013 757 2051; x_wconf 89' lang='lat' dir='ltr'><strong>cum</strong></span> <span class='ocrx_word' id='word_1_245' title='bbox 805 2012 923 2051; x_wconf 87' lang='lat' dir='ltr'><strong>eum</strong></span> <span class='ocrx_word' id='word_1_246' title='bbox 965 2004 1214 2065; x_wconf 85' lang='lat' dir='ltr'><strong>tanquam</strong></span> <span class='ocrx_word' id='word_1_247' title='bbox 1254 2004 1457 2065; x_wconf 90' lang='lat' dir='ltr'><strong>patrem</strong></span> <span class='ocrx_word' id='word_1_248' title='bbox 1489 2009 1798 2064; x_wconf 81' lang='lat' dir='ltr'><strong>germanum</strong></span> <span class='ocrx_word' id='word_1_249' title='bbox 1842 1993 2205 2061; x_wconf 79' lang='lat' dir='ltr'><strong>aSpexissent,</strong></span> 
     </span>
    </p>
   </div>
   <div class='ocr_carea' id='block_1_35' title="bbox 638 2089 2206 2159">
    <p class='ocr_par' dir='ltr' id='par_1_35' title="bbox 638 2089 2206 2159">
     <span class='ocr_line' id='line_1_35' title="bbox 638 2089 2206 2159; baseline -0.002 -16"><span class='ocrx_word' id='word_1_250' title='bbox 638 2091 838 2143; x_wconf 79' lang='lat' dir='ltr'><strong>vultum</strong></span> <span class='ocrx_word' id='word_1_251' title='bbox 868 2089 983 2159; x_wconf 83' lang='lat' dir='ltr'><strong>ejus</strong></span> <span class='ocrx_word' id='word_1_252' title='bbox 1002 2097 1056 2143; x_wconf 92' lang='lat' dir='ltr'><strong>et</strong></span> <span class='ocrx_word' id='word_1_253' title='bbox 1078 2089 1235 2157; x_wconf 78' lang='lat' dir='ltr'><strong>pedes</strong></span> <span class='ocrx_word' id='word_1_254' title='bbox 1265 2089 1530 2153; x_wconf 83' lang='lat' dir='ltr'><strong>laverunt;</strong></span> <span class='ocrx_word' id='word_1_255' title='bbox 1560 2097 1752 2142; x_wconf 89' lang='lat' dir='ltr'><strong>etcum</strong></span> <span class='ocrx_word' id='word_1_256' title='bbox 1772 2094 2032 2151; x_wconf 86' lang='lat' dir='ltr'><strong>orassent,</strong></span> <span class='ocrx_word' id='word_1_257' title='bbox 2059 2100 2206 2140; x_wconf 87' lang='lat' dir='ltr'><strong>men-</strong></span> 
     </span>
    </p>
   </div>
   <div class='ocr_carea' id='block_1_36' title="bbox 638 2176 2203 2251">
    <p class='ocr_par' dir='ltr' id='par_1_36' title="bbox 638 2176 2203 2251">
     <span class='ocr_line' id='line_1_36' title="bbox 638 2176 2203 2251; baseline -0.007 -14"><span class='ocrx_word' id='word_1_258' title='bbox 638 2196 749 2237; x_wconf 85' lang='lat' dir='ltr'><strong>sam</strong></span> <span class='ocrx_word' id='word_1_259' title='bbox 779 2186 1164 2251; x_wconf 84' lang='lat' dir='ltr'><strong>apposuerunt,</strong></span> <span class='ocrx_word' id='word_1_260' title='bbox 1192 2186 1247 2232; x_wconf 88' lang='lat' dir='ltr'><strong>et</strong></span> <span class='ocrx_word' id='word_1_261' title='bbox 1289 2188 1539 2246; x_wconf 82' lang='lat' dir='ltr'><strong>rogarunt</strong></span> <span class='ocrx_word' id='word_1_262' title='bbox 1570 2186 1626 2231; x_wconf 92' lang='lat' dir='ltr'><strong>ut</strong></span> <span class='ocrx_word' id='word_1_263' title='bbox 1651 2192 1769 2246; x_wconf 83' lang='lat' dir='ltr'><strong>quae</strong></span> <span class='ocrx_word' id='word_1_264' title='bbox 1791 2184 1941 2229; x_wconf 89' lang='lat' dir='ltr'><strong>erant</strong></span> <span class='ocrx_word' id='word_1_265' title='bbox 1968 2176 2203 2245; x_wconf 83' lang='lat' dir='ltr'><strong>apposita</strong></span> 
     </span>
    </p>
   </div>
   <div class='ocr_carea' id='block_1_37' title="bbox 637 2263 2202 2338">
    <p class='ocr_par' dir='ltr' id='par_1_37' title="bbox 637 2263 2202 2338">
     <span class='ocr_line' id='line_1_37' title="bbox 637 2263 2202 2338; baseline -0.007 -10"><span class='ocrx_word' id='word_1_266' title='bbox 637 2281 873 2328; x_wconf 86' lang='lat' dir='ltr'><strong>sumeret</strong></span> <span class='ocrx_word' id='word_1_267' title='bbox 895 2285 1015 2326; x_wconf 90' lang='lat' dir='ltr'><strong>cum</strong></span> <span class='ocrx_word' id='word_1_268' title='bbox 1042 2268 1318 2324; x_wconf 84' lang='lat' dir='ltr'><strong>charitate.</strong></span> <span class='ocrx_word' id='word_1_269' title='bbox 1350 2267 1630 2338; x_wconf 83' lang='lat' dir='ltr'><strong>Postquam</strong></span> <span class='ocrx_word' id='word_1_270' title='bbox 1676 2274 1850 2321; x_wconf 91' lang='lat' dir='ltr'><strong>autem</strong></span> <span class='ocrx_word' id='word_1_271' title='bbox 1882 2280 1941 2320; x_wconf 88' lang='lat' dir='ltr'><strong>se</strong></span> <span class='ocrx_word' id='word_1_272' title='bbox 1989 2263 2202 2331; x_wconf 90' lang='lat' dir='ltr'><strong>refecit,</strong></span> 
     </span>
    </p>
   </div>
   <div class='ocr_carea' id='block_1_38' title="bbox 642 2356 2201 2424">
    <p class='ocr_par' dir='ltr' id='par_1_38' title="bbox 642 2356 2201 2424">
     <span class='ocr_line' id='line_1_38' title="bbox 642 2356 2201 2424; baseline -0.007 -8"><span class='ocrx_word' id='word_1_273' title='bbox 642 2361 974 2424; x_wconf 80' lang='lat' dir='ltr'><strong>postularunt</strong></span> <span class='ocrx_word' id='word_1_274' title='bbox 992 2358 1179 2414; x_wconf 79' lang='lat' dir='ltr'><strong>fratres</strong></span> <span class='ocrx_word' id='word_1_275' title='bbox 1195 2366 1256 2413; x_wconf 92' lang='lat' dir='ltr'><strong>ut</strong></span> <span class='ocrx_word' id='word_1_276' title='bbox 1274 2356 1489 2413; x_wconf 84' lang='lat' dir='ltr'><strong>verbum</strong></span> <span class='ocrx_word' id='word_1_277' title='bbox 1512 2356 1693 2410; x_wconf 82' lang='lat' dir='ltr'><strong>salutis</strong></span> <span class='ocrx_word' id='word_1_278' title='bbox 1716 2356 1780 2410; x_wconf 90' lang='lat' dir='ltr'><strong>ab</strong></span> <span class='ocrx_word' id='word_1_279' title='bbox 1794 2370 1860 2410; x_wconf 91' lang='lat' dir='ltr'><strong>eo</strong></span> <span class='ocrx_word' id='word_1_280' title='bbox 1881 2356 2201 2423; x_wconf 86' lang='lat' dir='ltr'><strong>acciperent,</strong></span> 
     </span>
    </p>
   </div>
   <div class='ocr_carea' id='block_1_39' title="bbox 636 2444 2201 2523">
    <p class='ocr_par' dir='ltr' id='par_1_39' title="bbox 636 2444 2201 2523">
     <span class='ocr_line' id='line_1_39' title="bbox 636 2444 2201 2523; baseline -0.007 -14"><span class='ocrx_word' id='word_1_281' title='bbox 636 2462 692 2509; x_wconf 87' lang='lat' dir='ltr'><strong>et</strong></span> <span class='ocrx_word' id='word_1_282' title='bbox 722 2467 949 2523; x_wconf 86' lang='lat' dir='ltr'><strong>quanam</strong></span> <span class='ocrx_word' id='word_1_283' title='bbox 987 2452 1192 2507; x_wconf 89' lang='lat' dir='ltr'><strong>ratione</strong></span> <span class='ocrx_word' id='word_1_284' title='bbox 1222 2458 1434 2517; x_wconf 86' lang='lat' dir='ltr'><strong>possent</strong></span> <span class='ocrx_word' id='word_1_285' title='bbox 1462 2449 1661 2504; x_wconf 85' lang='lat' dir='ltr'><strong>servari</strong></span> <span class='ocrx_word' id='word_1_286' title='bbox 1690 2465 1721 2502; x_wconf 80' lang='grc' dir='ltr'>ι</span> <span class='ocrx_word' id='word_1_287' title='bbox 1749 2448 1949 2516; x_wconf 83' lang='lat' dir='ltr'><strong>laqueis</strong></span> <span class='ocrx_word' id='word_1_288' title='bbox 1977 2444 2201 2509; x_wconf 90' lang='lat' dir='ltr'><strong>diaboli,</strong></span> 
     </span>
    </p>
   </div>
   <div class='ocr_carea' id='block_1_40' title="bbox 639 2534 2204 2615">
    <p class='ocr_par' dir='ltr' id='par_1_40' title="bbox 639 2534 2204 2615">
     <span class='ocr_line' id='line_1_40' title="bbox 639 2534 2204 2615; baseline -0.006 -16"><span class='ocrx_word' id='word_1_289' title='bbox 639 2554 694 2600; x_wconf 88' lang='lat' dir='ltr'><strong>et</strong></span> <span class='ocrx_word' id='word_1_290' title='bbox 727 2542 1167 2615; x_wconf 86' lang='lat' dir='ltr'><strong>quemadmodum</strong></span> <span class='ocrx_word' id='word_1_291' title='bbox 1206 2550 1518 2612; x_wconf 84' lang='lat' dir='ltr'><strong>superarent</strong></span> <span class='ocrx_word' id='word_1_292' title='bbox 1548 2554 1730 2609; x_wconf 83' lang='lat' dir='ltr'><strong>turpes</strong></span> <span class='ocrx_word' id='word_1_293' title='bbox 1757 2537 2124 2609; x_wconf 86' lang='lat' dir='ltr'><strong>cogitationes.</strong></span> <span class='ocrx_word' id='word_1_294' title='bbox 2156 2534 2204 2589; x_wconf 86' lang='lat' dir='ltr'><strong>Is</strong></span> 
     </span>
    </p>
   </div>
   <div class='ocr_carea' id='block_1_41' title="bbox 636 2629 2205 2707">
    <p class='ocr_par' dir='ltr' id='par_1_41' title="bbox 636 2629 2205 2707">
     <span class='ocr_line' id='line_1_41' title="bbox 636 2629 2205 2707; baseline -0.005 -16"><span class='ocrx_word' id='word_1_295' title='bbox 636 2646 812 2692; x_wconf 89' lang='lat' dir='ltr'><strong>autem</strong></span> <span class='ocrx_word' id='word_1_296' title='bbox 834 2636 976 2706; x_wconf 90' lang='lat' dir='ltr'><strong>ipsos</strong></span> <span class='ocrx_word' id='word_1_297' title='bbox 991 2644 1238 2707; x_wconf 87' lang='lat' dir='ltr'><strong>tanquam</strong></span> <span class='ocrx_word' id='word_1_298' title='bbox 1256 2641 1404 2705; x_wconf 87' lang='lat' dir='ltr'><strong>pater</strong></span> <span class='ocrx_word' id='word_1_299' title='bbox 1420 2632 1557 2687; x_wconf 81' lang='lat' dir='ltr'><strong>ﬁlios</strong></span> <span class='ocrx_word' id='word_1_300' title='bbox 1570 2631 1885 2695; x_wconf 89' lang='lat' dir='ltr'><strong>admonens,</strong></span> <span class='ocrx_word' id='word_1_301' title='bbox 1900 2629 2205 2683; x_wconf 89' lang='lat' dir='ltr'><strong>hortabatur</strong></span> 
     </span>
    </p>
   </div>
   <div class='ocr_carea' id='block_1_42' title="bbox 636 2724 2205 2792">
    <p class='ocr_par' dir='ltr' id='par_1_42' title="bbox 636 2724 2205 2792">
     <span class='ocr_line' id='line_1_42' title="bbox 636 2724 2205 2792; baseline -0.004 -8"><span class='ocrx_word' id='word_1_302' title='bbox 636 2737 695 2783; x_wconf 92' lang='lat' dir='ltr'><strong>ut</strong></span> <span class='ocrx_word' id='word_1_303' title='bbox 719 2740 899 2785; x_wconf 83' lang='lat' dir='ltr'><strong>essent</strong></span> <span class='ocrx_word' id='word_1_304' title='bbox 920 2729 1082 2787; x_wconf 86' lang='lat' dir='ltr'><strong>fortes</strong></span> <span class='ocrx_word' id='word_1_305' title='bbox 1109 2738 1162 2786; x_wconf 90' lang='lat' dir='ltr'><strong>et</strong></span> <span class='ocrx_word' id='word_1_306' title='bbox 1185 2736 1496 2784; x_wconf 90' lang='lat' dir='ltr'><strong>constantes</strong></span> <span class='ocrx_word' id='word_1_307' title='bbox 1525 2727 1577 2782; x_wconf 94' lang='lat' dir='ltr'><strong>in</strong></span> <span class='ocrx_word' id='word_1_308' title='bbox 1608 2726 1899 2791; x_wconf 88' lang='lat' dir='ltr'><strong>laboribus,</strong></span> <span class='ocrx_word' id='word_1_309' title='bbox 1924 2733 1981 2779; x_wconf 93' lang='lat' dir='ltr'><strong>ut</strong></span> <span class='ocrx_word' id='word_1_310' title='bbox 2005 2724 2096 2792; x_wconf 91' lang='lat' dir='ltr'><strong>qui</strong></span> <span class='ocrx_word' id='word_1_311' title='bbox 2120 2738 2205 2778; x_wconf 89' lang='lat' dir='ltr'><strong>es-</strong></span> 
     </span>
    </p>
   </div>
   <div class='ocr_carea' id='block_1_43' title="bbox 637 2814 2201 2890">
    <p class='ocr_par' dir='ltr' id='par_1_43' title="bbox 637 2814 2201 2890">
     <span class='ocr_line' id='line_1_43' title="bbox 637 2814 2201 2890; baseline -0.005 -14"><span class='ocrx_word' id='word_1_312' title='bbox 637 2829 758 2876; x_wconf 86' lang='lat' dir='ltr'><strong>sent</strong></span> <span class='ocrx_word' id='word_1_313' title='bbox 788 2820 944 2888; x_wconf 89' lang='lat' dir='ltr'><strong>paulo</strong></span> <span class='ocrx_word' id='word_1_314' title='bbox 981 2829 1101 2890; x_wconf 90' lang='lat' dir='ltr'><strong>post</strong></span> <span class='ocrx_word' id='word_1_315' title='bbox 1140 2820 1191 2875; x_wconf 93' lang='lat' dir='ltr'><strong>in</strong></span> <span class='ocrx_word' id='word_1_316' title='bbox 1239 2832 1444 2874; x_wconf 89' lang='lat' dir='ltr'><strong>summa</strong></span> <span class='ocrx_word' id='word_1_317' title='bbox 1493 2818 1669 2888; x_wconf 88' lang='lat' dir='ltr'><strong>quiete</strong></span> <span class='ocrx_word' id='word_1_318' title='bbox 1698 2815 2013 2872; x_wconf 85' lang='lat' dir='ltr'><strong>collocandi.</strong></span> <span class='ocrx_word' id='word_1_319' title='bbox 2043 2814 2201 2869; x_wconf 83' lang='lat' dir='ltr'><strong>Multa</strong></span> 
     </span>
    </p>
   </div>
   <div class='ocr_carea' id='block_1_44' title="bbox 638 2907 2205 2979">
    <p class='ocr_par' dir='ltr' id='par_1_44' title="bbox 638 2907 2205 2979">
     <span class='ocr_line' id='line_1_44' title="bbox 638 2907 2205 2979; baseline -0.003 -15"><span class='ocrx_word' id='word_1_320' title='bbox 638 2926 846 2979; x_wconf 88' lang='lat' dir='ltr'><strong>quoque</strong></span> <span class='ocrx_word' id='word_1_321' title='bbox 883 2911 983 2966; x_wconf 89' lang='lat' dir='ltr'><strong>alia</strong></span> <span class='ocrx_word' id='word_1_322' title='bbox 1014 2925 1133 2965; x_wconf 91' lang='lat' dir='ltr'><strong>cum</strong></span> <span class='ocrx_word' id='word_1_323' title='bbox 1166 2912 1243 2966; x_wconf 88' lang='lat' dir='ltr'><strong>eis</strong></span> <span class='ocrx_word' id='word_1_324' title='bbox 1288 2910 1558 2965; x_wconf 86' lang='lat' dir='ltr'><strong>disserens</strong></span> <span class='ocrx_word' id='word_1_325' title='bbox 1588 2910 1652 2963; x_wconf 92' lang='lat' dir='ltr'><strong>de</strong></span> <span class='ocrx_word' id='word_1_326' title='bbox 1680 2907 2086 2971; x_wconf 83' lang='lat' dir='ltr'><strong>exercitatione,</strong></span> <span class='ocrx_word' id='word_1_327' title='bbox 2112 2918 2205 2962; x_wconf 88' lang='lat' dir='ltr'><strong>eos</strong></span> 
     </span>
    </p>
   </div>
   <div class='ocr_carea' id='block_1_45' title="bbox 642 2996 2206 3070">
    <p class='ocr_par' dir='ltr' id='par_1_45' title="bbox 642 2996 2206 3070">
     <span class='ocr_line' id='line_1_45' title="bbox 642 2996 2206 3070; baseline -0.002 -19"><span class='ocrx_word' id='word_1_328' title='bbox 642 3001 797 3056; x_wconf 90' lang='lat' dir='ltr'><strong>valde</strong></span> <span class='ocrx_word' id='word_1_329' title='bbox 820 3001 979 3070; x_wconf 90' lang='lat' dir='ltr'><strong>juvit.</strong></span> <span class='ocrx_word' id='word_1_330' title='bbox 1006 3000 1133 3055; x_wconf 88' lang='lat' dir='ltr'><strong>Cum</strong></span> <span class='ocrx_word' id='word_1_331' title='bbox 1163 3011 1336 3055; x_wconf 89' lang='lat' dir='ltr'><strong>autem</strong></span> <span class='ocrx_word' id='word_1_332' title='bbox 1366 3006 1631 3055; x_wconf 87' lang='lat' dir='ltr'><strong>cessasset</strong></span> <span class='ocrx_word' id='word_1_333' title='bbox 1651 2998 1717 3051; x_wconf 91' lang='lat' dir='ltr'><strong>ab</strong></span> <span class='ocrx_word' id='word_1_334' title='bbox 1737 2996 2117 3061; x_wconf 90' lang='lat' dir='ltr'><strong>admonitione,</strong></span> <span class='ocrx_word' id='word_1_335' title='bbox 2150 3002 2206 3048; x_wconf 90' lang='lat' dir='ltr'><strong>et</strong></span> 
     </span>
    </p>
   </div>
   <div class='ocr_carea' id='block_1_46' title="bbox 639 3082 2201 3160">
    <p class='ocr_par' dir='ltr' id='par_1_46' title="bbox 639 3082 2201 3160">
     <span class='ocr_line' id='line_1_46' title="bbox 639 3082 2201 3160; baseline -0.006 -15"><span class='ocrx_word' id='word_1_336' title='bbox 639 3105 697 3145; x_wconf 85' lang='lat' dir='ltr'><strong>se</strong></span> <span class='ocrx_word' id='word_1_337' title='bbox 727 3105 912 3159; x_wconf 87' lang='lat' dir='ltr'><strong>parum</strong></span> <span class='ocrx_word' id='word_1_338' title='bbox 941 3089 1326 3160; x_wconf 88' lang='lat' dir='ltr'><strong>recollegisset,</strong></span> <span class='ocrx_word' id='word_1_339' title='bbox 1360 3088 1727 3144; x_wconf 84' lang='lat' dir='ltr'><strong>considerabat</strong></span> <span class='ocrx_word' id='word_1_340' title='bbox 1757 3082 2201 3154; x_wconf 89' lang='lat' dir='ltr'><strong>quemadmodum</strong></span> 
     </span>
    </p>
   </div>
   <div class='ocr_carea' id='block_1_47' title="bbox 642 3175 2203 3248">
    <p class='ocr_par' dir='ltr' id='par_1_47' title="bbox 642 3175 2203 3248">
     <span class='ocr_line' id='line_1_47' title="bbox 642 3175 2203 3248; baseline -0.004 -13"><span class='ocrx_word' id='word_1_341' title='bbox 642 3183 773 3236; x_wconf 89' lang='lat' dir='ltr'><strong>alios</strong></span> <span class='ocrx_word' id='word_1_342' title='bbox 802 3184 1113 3248; x_wconf 87' lang='lat' dir='ltr'><strong>admonens,</strong></span> <span class='ocrx_word' id='word_1_343' title='bbox 1144 3197 1204 3238; x_wconf 86' lang='lat' dir='ltr'><strong>se</strong></span> <span class='ocrx_word' id='word_1_344' title='bbox 1232 3197 1337 3237; x_wconf 91' lang='lat' dir='ltr'><strong>non</strong></span> <span class='ocrx_word' id='word_1_345' title='bbox 1368 3180 1618 3236; x_wconf 88' lang='lat' dir='ltr'><strong>monebat</strong></span> <span class='ocrx_word' id='word_1_346' title='bbox 1661 3193 1759 3234; x_wconf 88' lang='lat' dir='ltr'><strong>nec</strong></span> <span class='ocrx_word' id='word_1_347' title='bbox 1787 3175 2118 3245; x_wconf 90' lang='lat' dir='ltr'><strong>corrigebat;</strong></span> <span class='ocrx_word' id='word_1_348' title='bbox 2150 3184 2203 3229; x_wconf 93' lang='lat' dir='ltr'><strong>et</strong></span> 
     </span>
    </p>
   </div>
   <div class='ocr_carea' id='block_1_48' title="bbox 2314 1994 3889 2064">
    <p class='ocr_par' dir='ltr' id='par_1_48' title="bbox 2314 1994 3889 2064">
     <span class='ocr_line' id='line_1_48' title="bbox 2314 1994 3889 2064; baseline -0.002 -13"><span class='ocrx_word' id='word_1_349' title='bbox 2314 1995 2746 2062; x_wconf 85' lang='lat' dir='ltr'><strong>advenientibus,</strong></span> <span class='ocrx_word' id='word_1_350' title='bbox 2778 2005 2832 2050; x_wconf 91' lang='lat' dir='ltr'><strong>et</strong></span> <span class='ocrx_word' id='word_1_351' title='bbox 2861 2010 3016 2064; x_wconf 90' lang='lat' dir='ltr'><strong>opem</strong></span> <span class='ocrx_word' id='word_1_352' title='bbox 3050 1994 3154 2049; x_wconf 88' lang='lat' dir='ltr'><strong>fert</strong></span> <span class='ocrx_word' id='word_1_353' title='bbox 3179 1995 3567 2061; x_wconf 87' lang='lat' dir='ltr'><strong>laborantibus,</strong></span> <span class='ocrx_word' id='word_1_354' title='bbox 3598 2004 3655 2048; x_wconf 87' lang='lat' dir='ltr'><strong>et</strong></span> <span class='ocrx_word' id='word_1_355' title='bbox 3682 2010 3889 2063; x_wconf 48' lang='lat' dir='ltr'><strong>perm»</strong></span> 
     </span>
    </p>
   </div>
   <div class='ocr_carea' id='block_1_49' title="bbox 2313 2086 3890 2155">
    <p class='ocr_par' dir='ltr' id='par_1_49' title="bbox 2313 2086 3890 2155">
     <span class='ocr_line' id='line_1_49' title="bbox 2313 2086 3890 2155; baseline -0.001 -12"><span class='ocrx_word' id='word_1_356' title='bbox 2313 2097 2406 2142; x_wconf 88' lang='lat' dir='ltr'><strong>net</strong></span> <span class='ocrx_word' id='word_1_357' title='bbox 2427 2088 2561 2143; x_wconf 90' lang='lat' dir='ltr'><strong>citra</strong></span> <span class='ocrx_word' id='word_1_358' title='bbox 2590 2087 2749 2142; x_wconf 90' lang='lat' dir='ltr'><strong>ullam</strong></span> <span class='ocrx_word' id='word_1_359' title='bbox 2781 2087 3150 2141; x_wconf 78' lang='lat' dir='ltr'><strong>oliensionem.</strong></span> <span class='ocrx_word' id='word_1_360' title='bbox 3193 2086 3285 2141; x_wconf 82' lang='lat' dir='ltr'><strong>Est</strong></span> <span class='ocrx_word' id='word_1_361' title='bbox 3316 2086 3531 2154; x_wconf 86' lang='lat' dir='ltr'><strong>quidem</strong></span> <span class='ocrx_word' id='word_1_362' title='bbox 3560 2086 3653 2140; x_wconf 90' lang='lat' dir='ltr'><strong>hic</strong></span> <span class='ocrx_word' id='word_1_363' title='bbox 3684 2102 3890 2155; x_wconf 75' lang='lat' dir='ltr'><strong>quoque</strong></span> 
     </span>
    </p>
   </div>
   <div class='ocr_carea' id='block_1_50' title="bbox 2309 2177 3889 2246">
    <p class='ocr_par' dir='ltr' id='par_1_50' title="bbox 2309 2177 3889 2246">
     <span class='ocr_line' id='line_1_50' title="bbox 2309 2177 3889 2246; baseline -0.003 -13"><span class='ocrx_word' id='word_1_364' title='bbox 2309 2180 2464 2234; x_wconf 84' lang='lat' dir='ltr'><strong>valde</strong></span> <span class='ocrx_word' id='word_1_365' title='bbox 2515 2177 2716 2244; x_wconf 90' lang='lat' dir='ltr'><strong>bonus;</strong></span> <span class='ocrx_word' id='word_1_366' title='bbox 2764 2186 3006 2232; x_wconf 80' lang='lat' dir='ltr'><strong>versatur</strong></span> <span class='ocrx_word' id='word_1_367' title='bbox 3044 2177 3185 2233; x_wconf 87' lang='lat' dir='ltr'><strong>enim</strong></span> <span class='ocrx_word' id='word_1_368' title='bbox 3231 2177 3283 2231; x_wconf 92' lang='lat' dir='ltr'><strong>in</strong></span> <span class='ocrx_word' id='word_1_369' title='bbox 3304 2177 3514 2231; x_wconf 87' lang='lat' dir='ltr'><strong>actione</strong></span> <span class='ocrx_word' id='word_1_370' title='bbox 3542 2186 3599 2231; x_wconf 88' lang='lat' dir='ltr'><strong>et</strong></span> <span class='ocrx_word' id='word_1_371' title='bbox 3626 2186 3889 2246; x_wconf 62' lang='lat' dir='ltr'><strong>precept:</strong></span> 
     </span>
    </p>
   </div>
   <div class='ocr_carea' id='block_1_51' title="bbox 2312 2267 3890 2339">
    <p class='ocr_par' dir='ltr' id='par_1_51' title="bbox 2312 2267 3890 2339">
     <span class='ocr_line' id='line_1_51' title="bbox 2312 2267 3890 2339; baseline -0.004 -13"><span class='ocrx_word' id='word_1_372' title='bbox 2312 2269 2656 2339; x_wconf 79' lang='lat' dir='ltr'><strong>exsequitur;</strong></span> <span class='ocrx_word' id='word_1_373' title='bbox 2690 2268 2785 2323; x_wconf 89' lang='lat' dir='ltr'><strong>sed</strong></span> <span class='ocrx_word' id='word_1_374' title='bbox 2806 2269 2859 2322; x_wconf 92' lang='lat' dir='ltr'><strong>in</strong></span> <span class='ocrx_word' id='word_1_375' title='bbox 2883 2268 3042 2323; x_wconf 88' lang='lat' dir='ltr'><strong>rebus</strong></span> <span class='ocrx_word' id='word_1_376' title='bbox 3066 2267 3290 2323; x_wconf 89' lang='lat' dir='ltr'><strong>terrenis</strong></span> <span class='ocrx_word' id='word_1_377' title='bbox 3314 2276 3628 2337; x_wconf 82' lang='lat' dir='ltr'><strong>occupatur.</strong></span> <span class='ocrx_word' id='word_1_378' title='bbox 3664 2268 3761 2321; x_wconf 81' lang='lat' dir='ltr'><strong>liis</strong></span> <span class='ocrx_word' id='word_1_379' title='bbox 3779 2270 3890 2336; x_wconf 81' lang='lat' dir='ltr'><strong>qui-</strong></span> 
     </span>
    </p>
   </div>
   <div class='ocr_carea' id='block_1_52' title="bbox 2310 2358 3887 2428">
    <p class='ocr_par' dir='ltr' id='par_1_52' title="bbox 2310 2358 3887 2428">
     <span class='ocr_line' id='line_1_52' title="bbox 2310 2358 3887 2428; baseline -0.001 -15"><span class='ocrx_word' id='word_1_380' title='bbox 2310 2358 2431 2413; x_wconf 89' lang='lat' dir='ltr'><strong>dem</strong></span> <span class='ocrx_word' id='word_1_381' title='bbox 2481 2368 2626 2414; x_wconf 88' lang='lat' dir='ltr'><strong>certe</strong></span> <span class='ocrx_word' id='word_1_382' title='bbox 2672 2359 3010 2428; x_wconf 67' lang='lat' dir='ltr'><strong>prmstantior</strong></span> <span class='ocrx_word' id='word_1_383' title='bbox 3037 2366 3118 2412; x_wconf 86' lang='lat' dir='ltr'><strong>est</strong></span> <span class='ocrx_word' id='word_1_384' title='bbox 3140 2368 3194 2412; x_wconf 88' lang='lat' dir='ltr'><strong>et</strong></span> <span class='ocrx_word' id='word_1_385' title='bbox 3233 2358 3400 2425; x_wconf 84' lang='lat' dir='ltr'><strong>major</strong></span> <span class='ocrx_word' id='word_1_386' title='bbox 3429 2358 3521 2425; x_wconf 88' lang='lat' dir='ltr'><strong>qui</strong></span> <span class='ocrx_word' id='word_1_387' title='bbox 3556 2369 3811 2411; x_wconf 77' lang='lat' dir='ltr'><strong>versatur</strong></span> <span class='ocrx_word' id='word_1_388' title='bbox 3838 2358 3887 2412; x_wconf 82' lang='lat' dir='ltr'><strong>in</strong></span> 
     </span>
    </p>
   </div>
   <div class='ocr_carea' id='block_1_53' title="bbox 2307 2452 3887 2522">
    <p class='ocr_par' dir='ltr' id='par_1_53' title="bbox 2307 2452 3887 2522">
     <span class='ocr_line' id='line_1_53' title="bbox 2307 2452 3887 2522; baseline 0 -15"><span class='ocrx_word' id='word_1_389' title='bbox 2307 2452 2781 2521; x_wconf 87' lang='lat' dir='ltr'><strong>contemplatione,</strong></span> <span class='ocrx_word' id='word_1_390' title='bbox 2816 2452 2904 2522; x_wconf 92' lang='lat' dir='ltr'><strong>qui</strong></span> <span class='ocrx_word' id='word_1_391' title='bbox 2935 2467 2965 2505; x_wconf 88' lang='lat' dir='ltr'><strong>a</strong></span> <span class='ocrx_word' id='word_1_392' title='bbox 2994 2453 3151 2507; x_wconf 90' lang='lat' dir='ltr'><strong>rebus</strong></span> <span class='ocrx_word' id='word_1_393' title='bbox 3177 2453 3393 2521; x_wconf 83' lang='lat' dir='ltr'><strong>agendis</strong></span> <span class='ocrx_word' id='word_1_394' title='bbox 3427 2467 3487 2507; x_wconf 89' lang='lat' dir='ltr'><strong>se</strong></span> <span class='ocrx_word' id='word_1_395' title='bbox 3540 2453 3803 2507; x_wconf 74' lang='lat' dir='ltr'><strong>transfert</strong></span> <span class='ocrx_word' id='word_1_396' title='bbox 3827 2456 3887 2507; x_wconf 77' lang='lat' dir='ltr'><strong>ad</strong></span> 
     </span>
    </p>
   </div>
   <div class='ocr_carea' id='block_1_54' title="bbox 2309 2542 3883 2613">
    <p class='ocr_par' dir='ltr' id='par_1_54' title="bbox 2309 2542 3883 2613">
     <span class='ocr_line' id='line_1_54' title="bbox 2309 2542 3883 2613; baseline 0 -15"><span class='ocrx_word' id='word_1_397' title='bbox 2309 2542 2741 2613; x_wconf 79' lang='lat' dir='ltr'><strong>intelligentiam,</strong></span> <span class='ocrx_word' id='word_1_398' title='bbox 2769 2557 2863 2597; x_wconf 88' lang='lat' dir='ltr'><strong>eas</strong></span> <span class='ocrx_word' id='word_1_399' title='bbox 2890 2558 2975 2598; x_wconf 88' lang='lat' dir='ltr'><strong>res</strong></span> <span class='ocrx_word' id='word_1_400' title='bbox 3002 2542 3121 2598; x_wconf 89' lang='lat' dir='ltr'><strong>aliis</strong></span> <span class='ocrx_word' id='word_1_401' title='bbox 3164 2542 3472 2613; x_wconf 88' lang='lat' dir='ltr'><strong>relinquens</strong></span> <span class='ocrx_word' id='word_1_402' title='bbox 3498 2542 3883 2611; x_wconf 78' lang='lat' dir='ltr'><strong>providendas,</strong></span> 
     </span>
    </p>
   </div>
   <div class='ocr_carea' id='block_1_55' title="bbox 2306 2633 3885 2703">
    <p class='ocr_par' dir='ltr' id='par_1_55' title="bbox 2306 2633 3885 2703">
     <span class='ocr_line' id='line_1_55' title="bbox 2306 2633 3885 2703; baseline -0.001 -16"><span class='ocrx_word' id='word_1_403' title='bbox 2306 2634 2420 2701; x_wconf 88' lang='lat' dir='ltr'><strong>ipse</strong></span> <span class='ocrx_word' id='word_1_404' title='bbox 2450 2645 2627 2689; x_wconf 89' lang='lat' dir='ltr'><strong>autem</strong></span> <span class='ocrx_word' id='word_1_405' title='bbox 2658 2643 2711 2688; x_wconf 92' lang='lat' dir='ltr'><strong>et</strong></span> <span class='ocrx_word' id='word_1_406' title='bbox 2731 2634 2911 2703; x_wconf 86' lang='lat' dir='ltr'><strong>seipse</strong></span> <span class='ocrx_word' id='word_1_407' title='bbox 2932 2635 3215 2702; x_wconf 85' lang='lat' dir='ltr'><strong>abnegato,</strong></span> <span class='ocrx_word' id='word_1_408' title='bbox 3242 2642 3295 2687; x_wconf 90' lang='lat' dir='ltr'><strong>et</strong></span> <span class='ocrx_word' id='word_1_409' title='bbox 3322 2634 3402 2687; x_wconf 90' lang='lat' dir='ltr'><strong>sui</strong></span> <span class='ocrx_word' id='word_1_410' title='bbox 3431 2633 3654 2695; x_wconf 86' lang='lat' dir='ltr'><strong>oblitus,</strong></span> <span class='ocrx_word' id='word_1_411' title='bbox 3686 2643 3885 2687; x_wconf 83' lang='lat' dir='ltr'><strong>scruta-</strong></span> 
     </span>
    </p>
   </div>
   <div class='ocr_carea' id='block_1_56' title="bbox 2304 2722 3884 2792">
    <p class='ocr_par' dir='ltr' id='par_1_56' title="bbox 2304 2722 3884 2792">
     <span class='ocr_line' id='line_1_56' title="bbox 2304 2722 3884 2792; baseline -0.001 -14"><span class='ocrx_word' id='word_1_412' title='bbox 2304 2734 2391 2779; x_wconf 89' lang='lat' dir='ltr'><strong>tur</strong></span> <span class='ocrx_word' id='word_1_413' title='bbox 2409 2724 2668 2792; x_wconf 62' lang='lat' dir='ltr'><strong>caelestia,</strong></span> <span class='ocrx_word' id='word_1_414' title='bbox 2694 2724 2804 2779; x_wconf 90' lang='lat' dir='ltr'><strong>Deo</strong></span> <span class='ocrx_word' id='word_1_415' title='bbox 2827 2724 3061 2778; x_wconf 93' lang='lat' dir='ltr'><strong>omnium</strong></span> <span class='ocrx_word' id='word_1_416' title='bbox 3084 2725 3288 2778; x_wconf 90' lang='lat' dir='ltr'><strong>solutus</strong></span> <span class='ocrx_word' id='word_1_417' title='bbox 3319 2731 3375 2777; x_wconf 91' lang='lat' dir='ltr'><strong>et</strong></span> <span class='ocrx_word' id='word_1_418' title='bbox 3397 2722 3693 2791; x_wconf 85' lang='lat' dir='ltr'><strong>expeditus</strong></span> <span class='ocrx_word' id='word_1_419' title='bbox 3729 2723 3884 2777; x_wconf 81' lang='lat' dir='ltr'><strong>assis-</strong></span> 
     </span>
    </p>
   </div>
   <div class='ocr_carea' id='block_1_57' title="bbox 2304 2814 3885 2880">
    <p class='ocr_par' dir='ltr' id='par_1_57' title="bbox 2304 2814 3885 2880">
     <span class='ocr_line' id='line_1_57' title="bbox 2304 2814 3885 2880; baseline -0.001 -12"><span class='ocrx_word' id='word_1_420' title='bbox 2304 2825 2443 2880; x_wconf 90' lang='lat' dir='ltr'><strong>tens,</strong></span> <span class='ocrx_word' id='word_1_421' title='bbox 2471 2829 2501 2869; x_wconf 91' lang='lat' dir='ltr'><strong>a</strong></span> <span class='ocrx_word' id='word_1_422' title='bbox 2531 2814 2675 2869; x_wconf 89' lang='lat' dir='ltr'><strong>nulla</strong></span> <span class='ocrx_word' id='word_1_423' title='bbox 2704 2826 2884 2869; x_wconf 88' lang='lat' dir='ltr'><strong>autem</strong></span> <span class='ocrx_word' id='word_1_424' title='bbox 2912 2814 3014 2867; x_wconf 91' lang='lat' dir='ltr'><strong>alia</strong></span> <span class='ocrx_word' id='word_1_425' title='bbox 3042 2829 3167 2868; x_wconf 87' lang='lat' dir='ltr'><strong>cura</strong></span> <span class='ocrx_word' id='word_1_426' title='bbox 3217 2823 3361 2869; x_wconf 90' lang='lat' dir='ltr'><strong>retro</strong></span> <span class='ocrx_word' id='word_1_427' title='bbox 3391 2814 3634 2867; x_wconf 86' lang='lat' dir='ltr'><strong>avulsus.</strong></span> <span class='ocrx_word' id='word_1_428' title='bbox 3681 2814 3783 2879; x_wconf 88' lang='lat' dir='ltr'><strong>Qui</strong></span> <span class='ocrx_word' id='word_1_429' title='bbox 3808 2824 3885 2867; x_wconf 83' lang='lat' dir='ltr'><strong>est</strong></span> 
     </span>
    </p>
   </div>
   <div class='ocr_carea' id='block_1_58' title="bbox 2304 2908 3886 2978">
    <p class='ocr_par' dir='ltr' id='par_1_58' title="bbox 2304 2908 3886 2978">
     <span class='ocr_line' id='line_1_58' title="bbox 2304 2908 3886 2978; baseline -0.001 -14"><span class='ocrx_word' id='word_1_430' title='bbox 2304 2911 2447 2965; x_wconf 87' lang='lat' dir='ltr'><strong>enim</strong></span> <span class='ocrx_word' id='word_1_431' title='bbox 2492 2909 2815 2978; x_wconf 83' lang='lat' dir='ltr'><strong>hujttsmodi,</strong></span> <span class='ocrx_word' id='word_1_432' title='bbox 2860 2924 2963 2962; x_wconf 91' lang='lat' dir='ltr'><strong>una</strong></span> <span class='ocrx_word' id='word_1_433' title='bbox 2993 2924 3111 2963; x_wconf 82' lang='lat' dir='ltr'><strong>cum</strong></span> <span class='ocrx_word' id='word_1_434' title='bbox 3161 2910 3269 2963; x_wconf 86' lang='lat' dir='ltr'><strong>Deo</strong></span> <span class='ocrx_word' id='word_1_435' title='bbox 3291 2908 3456 2977; x_wconf 83' lang='lat' dir='ltr'><strong>degit,</strong></span> <span class='ocrx_word' id='word_1_436' title='bbox 3484 2924 3595 2961; x_wconf 89' lang='lat' dir='ltr'><strong>una</strong></span> <span class='ocrx_word' id='word_1_437' title='bbox 3623 2924 3752 2962; x_wconf 88' lang='lat' dir='ltr'><strong>cum</strong></span> <span class='ocrx_word' id='word_1_438' title='bbox 3784 2908 3886 2962; x_wconf 86' lang='lat' dir='ltr'><strong>Deo</strong></span> 
     </span>
    </p>
   </div>
   <div class='ocr_carea' id='block_1_59' title="bbox 2305 2999 3849 3071">
    <p class='ocr_par' dir='ltr' id='par_1_59' title="bbox 2305 2999 3849 3071">
     <span class='ocr_line' id='line_1_59' title="bbox 2305 2999 3849 3071; baseline -0.001 -18"><span class='ocrx_word' id='word_1_439' title='bbox 2305 3010 2572 3068; x_wconf 88' lang='lat' dir='ltr'><strong>versatur,</strong></span> <span class='ocrx_word' id='word_1_440' title='bbox 2590 3000 2820 3056; x_wconf 87' lang='lat' dir='ltr'><strong>assiduis</strong></span> <span class='ocrx_word' id='word_1_441' title='bbox 2852 2999 3062 3071; x_wconf 85' lang='lat' dir='ltr'><strong>hymnis</strong></span> <span class='ocrx_word' id='word_1_442' title='bbox 3097 2999 3259 3053; x_wconf 87' lang='lat' dir='ltr'><strong>Deum</strong></span> <span class='ocrx_word' id='word_1_443' title='bbox 3285 3013 3499 3066; x_wconf 85' lang='lat' dir='ltr'><strong>semper</strong></span> <span class='ocrx_word' id='word_1_444' title='bbox 3541 2999 3849 3053; x_wconf 82' lang='lat' dir='ltr'><strong>celebrans.</strong></span> 
     </span>
    </p>
   </div>
   <div class='ocr_carea' id='block_1_60' title="bbox 2375 3089 3881 3163">
    <p class='ocr_par' dir='ltr' id='par_1_60' title="bbox 2375 3089 3881 3163">
     <span class='ocr_line' id='line_1_60' title="bbox 2375 3089 3881 3163; baseline -0.003 -17"><span class='ocrx_word' id='word_1_445' title='bbox 2375 3092 2507 3147; x_wconf 86' lang='lat' dir='ltr'><strong>Novi</strong></span> <span class='ocrx_word' id='word_1_446' title='bbox 2539 3093 2681 3147; x_wconf 91' lang='lat' dir='ltr'><strong>enim</strong></span> <span class='ocrx_word' id='word_1_447' title='bbox 2712 3106 2812 3163; x_wconf 84' lang='lat' dir='ltr'><strong>ego</strong></span> <span class='ocrx_word' id='word_1_448' title='bbox 2838 3090 3106 3145; x_wconf 90' lang='lat' dir='ltr'><strong>hominem</strong></span> <span class='ocrx_word' id='word_1_449' title='bbox 3133 3089 3185 3144; x_wconf 90' lang='lat' dir='ltr'><strong>in</strong></span> <span class='ocrx_word' id='word_1_450' title='bbox 3214 3089 3529 3153; x_wconf 82' lang='lat' dir='ltr'><strong>solitudine,</strong></span> <span class='ocrx_word' id='word_1_451' title='bbox 3557 3090 3653 3159; x_wconf 91' lang='lat' dir='ltr'><strong>qui</strong></span> <span class='ocrx_word' id='word_1_452' title='bbox 3705 3089 3881 3142; x_wconf 72' lang='lat' dir='ltr'><strong>decem</strong></span> 
     </span>
    </p>
   </div>
   <div class='ocr_carea' id='block_1_61' title="bbox 2306 3180 3885 3252">
    <p class='ocr_par' dir='ltr' id='par_1_61' title="bbox 2306 3180 3885 3252">
     <span class='ocr_line' id='line_1_61' title="bbox 2306 3180 3885 3252; baseline -0.001 -17"><span class='ocrx_word' id='word_1_453' title='bbox 2306 3197 2477 3237; x_wconf 89' lang='lat' dir='ltr'><strong>annos</strong></span> <span class='ocrx_word' id='word_1_454' title='bbox 2497 3183 2599 3236; x_wconf 91' lang='lat' dir='ltr'><strong>cibi</strong></span> <span class='ocrx_word' id='word_1_455' title='bbox 2625 3182 2821 3237; x_wconf 88' lang='lat' dir='ltr'><strong>terreni</strong></span> <span class='ocrx_word' id='word_1_456' title='bbox 2848 3182 2979 3236; x_wconf 90' lang='lat' dir='ltr'><strong>nihil</strong></span> <span class='ocrx_word' id='word_1_457' title='bbox 3002 3180 3253 3252; x_wconf 87' lang='lat' dir='ltr'><strong>gustavit,</strong></span> <span class='ocrx_word' id='word_1_458' title='bbox 3281 3182 3373 3236; x_wconf 90' lang='lat' dir='ltr'><strong>sed</strong></span> <span class='ocrx_word' id='word_1_459' title='bbox 3402 3182 3450 3235; x_wconf 91' lang='lat' dir='ltr'><strong>ei</strong></span> <span class='ocrx_word' id='word_1_460' title='bbox 3475 3182 3707 3250; x_wconf 86' lang='lat' dir='ltr'><strong>angelus</strong></span> <span class='ocrx_word' id='word_1_461' title='bbox 3737 3183 3885 3236; x_wconf 81' lang='lat' dir='ltr'><strong>tertio</strong></span> 
     </span>
    </p>
   </div>
   <div class='ocr_carea' id='block_1_62' title="bbox 643 3264 3881 3344">
    <p class='ocr_par' dir='ltr' id='par_1_62' title="bbox 643 3264 3881 3344">
     <span class='ocr_line' id='line_1_62' title="bbox 643 3264 3881 3344; baseline -0.002 -19"><span class='ocrx_word' id='word_1_462' title='bbox 643 3287 702 3327; x_wconf 89' lang='lat' dir='ltr'><strong>se</strong></span> <span class='ocrx_word' id='word_1_463' title='bbox 729 3286 849 3327; x_wconf 91' lang='lat' dir='ltr'><strong>esse</strong></span> <span class='ocrx_word' id='word_1_464' title='bbox 876 3274 1066 3328; x_wconf 89' lang='lat' dir='ltr'><strong>victum</strong></span> <span class='ocrx_word' id='word_1_465' title='bbox 1095 3272 1411 3342; x_wconf 90' lang='lat' dir='ltr'><strong>intelligens,</strong></span> <span class='ocrx_word' id='word_1_466' title='bbox 1436 3285 1592 3327; x_wconf 90' lang='lat' dir='ltr'><strong>cursu</strong></span> <span class='ocrx_word' id='word_1_467' title='bbox 1615 3283 1798 3325; x_wconf 89' lang='lat' dir='ltr'><strong>rursus</strong></span> <span class='ocrx_word' id='word_1_468' title='bbox 1824 3266 1979 3323; x_wconf 90' lang='lat' dir='ltr'><strong>rediit</strong></span> <span class='ocrx_word' id='word_1_469' title='bbox 2006 3266 2058 3321; x_wconf 93' lang='lat' dir='ltr'><strong>in</strong></span> <span class='ocrx_word' id='word_1_470' title='bbox 2086 3264 2203 3322; x_wconf 85' lang='lat' dir='ltr'><strong>soli-</strong></span> <span class='ocrx_word' id='word_1_471' title='bbox 2228 3269 2274 3331; x_wconf 86' lang='lat' dir='ltr'><strong>c</strong></span> <span class='ocrx_word' id='word_1_472' title='bbox 2308 3287 2518 3344; x_wconf 80' lang='lat' dir='ltr'><strong>quoque</strong></span> <span class='ocrx_word' id='word_1_473' title='bbox 2540 3273 2627 3327; x_wconf 83' lang='lat' dir='ltr'><strong>die</strong></span> <span class='ocrx_word' id='word_1_474' title='bbox 2649 3273 2921 3327; x_wconf 67' lang='lat' dir='ltr'><strong>(mlestem</strong></span> <span class='ocrx_word' id='word_1_475' title='bbox 2967 3271 3143 3326; x_wconf 83' lang='lat' dir='ltr'><strong>cibum</strong></span> <span class='ocrx_word' id='word_1_476' title='bbox 3174 3270 3243 3325; x_wconf 86' lang='lat' dir='ltr'><strong>ad</strong></span> <span class='ocrx_word' id='word_1_477' title='bbox 3290 3287 3409 3327; x_wconf 89' lang='lat' dir='ltr'><strong>eum</strong></span> <span class='ocrx_word' id='word_1_478' title='bbox 3444 3272 3729 3329; x_wconf 65' lang='lat' dir='ltr'><strong>merebar.</strong></span> <span class='ocrx_word' id='word_1_479' title='bbox 3764 3283 3815 3327; x_wconf 73' lang='lat' dir='ltr'><strong>ei</strong></span> <span class='ocrx_word' id='word_1_480' title='bbox 3840 3274 3881 3325; x_wconf 70' lang='lat' dir='ltr'><strong>ei</strong></span> 
     </span>
    </p>
   </div>
   <div class='ocr_carea' id='block_1_63' title="bbox 641 3355 2202 3431">
    <p class='ocr_par' dir='ltr' id='par_1_63' title="bbox 641 3355 2202 3431">
     <span class='ocr_line' id='line_1_63' title="bbox 641 3355 2202 3431; baseline -0.003 -17"><span class='ocrx_word' id='word_1_481' title='bbox 641 3358 903 3427; x_wconf 91' lang='lat' dir='ltr'><strong>tudinem,</strong></span> <span class='ocrx_word' id='word_1_482' title='bbox 929 3362 1159 3431; x_wconf 88' lang='lat' dir='ltr'><strong>seipsum</strong></span> <span class='ocrx_word' id='word_1_483' title='bbox 1205 3360 1428 3431; x_wconf 82' lang='lat' dir='ltr'><strong>deflens,</strong></span> <span class='ocrx_word' id='word_1_484' title='bbox 1456 3370 1510 3416; x_wconf 90' lang='lat' dir='ltr'><strong>et</strong></span> <span class='ocrx_word' id='word_1_485' title='bbox 1538 3359 1759 3415; x_wconf 89' lang='lat' dir='ltr'><strong>dicens:</strong></span> <span class='ocrx_word' id='word_1_486' title='bbox 1791 3358 1902 3413; x_wconf 83' lang='lat' dir='ltr'><strong>Nisi</strong></span> <span class='ocrx_word' id='word_1_487' title='bbox 1935 3357 2057 3427; x_wconf 91' lang='lat' dir='ltr'><strong>quia</strong></span> <span class='ocrx_word' id='word_1_488' title='bbox 2102 3355 2202 3409; x_wconf 85' lang='lat' dir='ltr'><strong>Do-</strong></span> 
     </span>
    </p>
   </div>
   <div class='ocr_carea' id='block_1_64' title="bbox 642 3447 2201 3522">
    <p class='ocr_par' dir='ltr' id='par_1_64' title="bbox 642 3447 2201 3522">
     <span class='ocr_line' id='line_1_64' title="bbox 642 3447 2201 3522; baseline -0.001 -18"><span class='ocrx_word' id='word_1_489' title='bbox 642 3452 813 3507; x_wconf 85' lang='lat' dir='ltr'><strong>minus</strong></span> <span class='ocrx_word' id='word_1_490' title='bbox 852 3454 978 3509; x_wconf 92' lang='lat' dir='ltr'><strong>mihi</strong></span> <span class='ocrx_word' id='word_1_491' title='bbox 1006 3468 1159 3521; x_wconf 86' lang='lat' dir='ltr'><strong>opem</strong></span> <span class='ocrx_word' id='word_1_492' title='bbox 1209 3453 1445 3519; x_wconf 90' lang='lat' dir='ltr'><strong>tulisset,</strong></span> <span class='ocrx_word' id='word_1_493' title='bbox 1482 3451 1857 3522; x_wconf 90' lang='lat' dir='ltr'><strong>pr0pemodum</strong></span> <span class='ocrx_word' id='word_1_494' title='bbox 1896 3450 1947 3502; x_wconf 88' lang='lat' dir='ltr'><strong>in</strong></span> <span class='ocrx_word' id='word_1_495' title='bbox 1990 3447 2201 3505; x_wconf 85' lang='lat' dir='ltr'><strong>inferno</strong></span> 
     </span>
    </p>
   </div>
   <div class='ocr_carea' id='block_1_65' title="bbox 642 3539 2202 3613">
    <p class='ocr_par' dir='ltr' id='par_1_65' title="bbox 642 3539 2202 3613">
     <span class='ocr_line' id='line_1_65' title="bbox 642 3539 2202 3613; baseline -0.002 -16"><span class='ocrx_word' id='word_1_496' title='bbox 642 3542 927 3598; x_wconf 83' lang='lat' dir='ltr'><strong>habitasset</strong></span> <span class='ocrx_word' id='word_1_497' title='bbox 954 3542 1130 3598; x_wconf 90' lang='lat' dir='ltr'><strong>anima</strong></span> <span class='ocrx_word' id='word_1_498' title='bbox 1161 3559 1275 3599; x_wconf 86' lang='lat' dir='ltr'><strong>mea</strong></span> <span class='ocrx_word' id='word_1_499' title='bbox 1298 3542 1467 3613; x_wconf 80' lang='lat' dir='ltr'><strong>(Psal.</strong></span> <span class='ocrx_word' id='word_1_500' title='bbox 1494 3543 1657 3612; x_wconf 76' lang='lat' dir='ltr'><strong>xcrx).</strong></span> <span class='ocrx_word' id='word_1_501' title='bbox 1711 3540 2099 3611; x_wconf 85' lang='lat' dir='ltr'><strong>Propemodum</strong></span> <span class='ocrx_word' id='word_1_502' title='bbox 2148 3539 2202 3595; x_wconf 89' lang='lat' dir='ltr'><strong>in</strong></span> 
     </span>
    </p>
   </div>
   <div class='ocr_carea' id='block_1_66' title="bbox 643 3630 2206 3701">
    <p class='ocr_par' dir='ltr' id='par_1_66' title="bbox 643 3630 2206 3701">
     <span class='ocr_line' id='line_1_66' title="bbox 643 3630 2206 3701; baseline 0.001 -19"><span class='ocrx_word' id='word_1_503' title='bbox 643 3645 799 3684; x_wconf 90' lang='lat' dir='ltr'><strong>omne</strong></span> <span class='ocrx_word' id='word_1_504' title='bbox 822 3631 1014 3685; x_wconf 89' lang='lat' dir='ltr'><strong>malum</strong></span> <span class='ocrx_word' id='word_1_505' title='bbox 1036 3645 1150 3687; x_wconf 91' lang='lat' dir='ltr'><strong>sum</strong></span> <span class='ocrx_word' id='word_1_506' title='bbox 1175 3631 1441 3698; x_wconf 91' lang='lat' dir='ltr'><strong>redactus,</strong></span> <span class='ocrx_word' id='word_1_507' title='bbox 1466 3630 1848 3701; x_wconf 83' lang='lat' dir='ltr'><strong>prepemodum</strong></span> <span class='ocrx_word' id='word_1_508' title='bbox 1875 3645 1959 3684; x_wconf 86' lang='lat' dir='ltr'><strong>me</strong></span> <span class='ocrx_word' id='word_1_509' title='bbox 1983 3630 2035 3683; x_wconf 93' lang='lat' dir='ltr'><strong>in</strong></span> <span class='ocrx_word' id='word_1_510' title='bbox 2063 3637 2206 3683; x_wconf 84' lang='lat' dir='ltr'><strong>terra</strong></span> 
     </span>
    </p>
   </div>
   <div class='ocr_carea' id='block_1_67' title="bbox 643 3718 2203 3791">
    <p class='ocr_par' dir='ltr' id='par_1_67' title="bbox 643 3718 2203 3791">
     <span class='ocr_line' id='line_1_67' title="bbox 643 3718 2203 3791; baseline 0.001 -18"><span class='ocrx_word' id='word_1_511' title='bbox 643 3718 1441 3776; x_wconf 79' lang='lat' dir='ltr'><strong>confecerunt.Etineol&#39;actum</strong></span> <span class='ocrx_word' id='word_1_512' title='bbox 1488 3727 1574 3778; x_wconf 87' lang='lat' dir='ltr'><strong>est</strong></span> <span class='ocrx_word' id='word_1_513' title='bbox 1630 3720 1774 3791; x_wconf 89' lang='lat' dir='ltr'><strong>quod</strong></span> <span class='ocrx_word' id='word_1_514' title='bbox 1834 3718 2037 3775; x_wconf 89' lang='lat' dir='ltr'><strong>dictum</strong></span> <span class='ocrx_word' id='word_1_515' title='bbox 2093 3727 2203 3776; x_wconf 88' lang='lat' dir='ltr'><strong>est:</strong></span> 
     </span>
    </p>
   </div>
   <div class='ocr_carea' id='block_1_68' title="bbox 647 3807 2205 3881">
    <p class='ocr_par' dir='ltr' id='par_1_68' title="bbox 647 3807 2205 3881">
     <span class='ocr_line' id='line_1_68' title="bbox 647 3807 2205 3881; baseline 0 -20"><span class='ocrx_word' id='word_1_516' title='bbox 647 3807 829 3864; x_wconf 85' lang='lat' dir='ltr'><strong>Frater</strong></span> <span class='ocrx_word' id='word_1_517' title='bbox 855 3811 942 3880; x_wconf 90' lang='lat' dir='ltr'><strong>qui</strong></span> <span class='ocrx_word' id='word_1_518' title='bbox 971 3826 1001 3865; x_wconf 93' lang='lat' dir='ltr'><strong>a</strong></span> <span class='ocrx_word' id='word_1_519' title='bbox 1033 3809 1195 3865; x_wconf 90' lang='lat' dir='ltr'><strong>fratre</strong></span> <span class='ocrx_word' id='word_1_520' title='bbox 1222 3809 1522 3881; x_wconf 85' lang='lat' dir='ltr'><strong>adjuvatnr,</strong></span> <span class='ocrx_word' id='word_1_521' title='bbox 1549 3817 1632 3864; x_wconf 88' lang='lat' dir='ltr'><strong>est</strong></span> <span class='ocrx_word' id='word_1_522' title='bbox 1661 3818 1909 3880; x_wconf 90' lang='lat' dir='ltr'><strong>tanquam</strong></span> <span class='ocrx_word' id='word_1_523' title='bbox 1937 3807 2063 3863; x_wconf 88' lang='lat' dir='ltr'><strong>urbs</strong></span> <span class='ocrx_word' id='word_1_524' title='bbox 2088 3823 2205 3862; x_wconf 86' lang='lat' dir='ltr'><strong>mu-</strong></span> 
     </span>
    </p>
   </div>
   <div class='ocr_carea' id='block_1_69' title="bbox 641 3903 2208 3975">
    <p class='ocr_par' dir='ltr' id='par_1_69' title="bbox 641 3903 2208 3975">
     <span class='ocr_line' id='line_1_69' title="bbox 641 3903 2208 3975; baseline 0.001 -20"><span class='ocrx_word' id='word_1_525' title='bbox 641 3904 747 3957; x_wconf 89' lang='lat' dir='ltr'><strong>uita</strong></span> <span class='ocrx_word' id='word_1_526' title='bbox 778 3912 831 3956; x_wconf 85' lang='lat' dir='ltr'><strong>et</strong></span> <span class='ocrx_word' id='word_1_527' title='bbox 873 3903 1103 3970; x_wconf 80' lang='lat' dir='ltr'><strong>excelsa,</strong></span> <span class='ocrx_word' id='word_1_528' title='bbox 1145 3915 1199 3961; x_wconf 90' lang='lat' dir='ltr'><strong>et</strong></span> <span class='ocrx_word' id='word_1_529' title='bbox 1247 3914 1495 3975; x_wconf 90' lang='lat' dir='ltr'><strong>tanquam</strong></span> <span class='ocrx_word' id='word_1_530' title='bbox 1550 3919 1733 3959; x_wconf 91' lang='lat' dir='ltr'><strong>murus</strong></span> <span class='ocrx_word' id='word_1_531' title='bbox 1774 3903 1862 3971; x_wconf 89' lang='lat' dir='ltr'><strong>qui</strong></span> <span class='ocrx_word' id='word_1_532' title='bbox 1902 3918 2006 3958; x_wconf 92' lang='lat' dir='ltr'><strong>non</strong></span> <span class='ocrx_word' id='word_1_533' title='bbox 2036 3910 2208 3973; x_wconf 76' lang='lat' dir='ltr'><strong>potest</strong></span> 
     </span>
    </p>
   </div>
   <div class='ocr_carea' id='block_1_70' title="bbox 640 3996 2207 4070">
    <p class='ocr_par' dir='ltr' id='par_1_70' title="bbox 640 3996 2207 4070">
     <span class='ocr_line' id='line_1_70' title="bbox 640 3996 2207 4070; baseline -0.001 -19"><span class='ocrx_word' id='word_1_534' title='bbox 640 4012 890 4052; x_wconf 74' lang='lat' dir='ltr'><strong>corruere</strong></span> <span class='ocrx_word' id='word_1_535' title='bbox 939 3996 1120 4067; x_wconf 82' lang='lat' dir='ltr'><strong>(Prov.</strong></span> <span class='ocrx_word' id='word_1_536' title='bbox 1152 3998 1327 4070; x_wconf 84' lang='lat' dir='ltr'><strong>xvnt).</strong></span> <span class='ocrx_word' id='word_1_537' title='bbox 1372 4000 1676 4068; x_wconf 89' lang='lat' dir='ltr'><strong>Quanquam</strong></span> <span class='ocrx_word' id='word_1_538' title='bbox 1709 3998 1903 4052; x_wconf 82' lang='lat' dir='ltr'><strong>abhinc</strong></span> <span class='ocrx_word' id='word_1_539' title='bbox 1944 4005 2057 4051; x_wconf 90' lang='lat' dir='ltr'><strong>toto</strong></span> <span class='ocrx_word' id='word_1_540' title='bbox 2086 3998 2207 4050; x_wconf 73' lang='lat' dir='ltr'><strong>vita:</strong></span> 
     </span>
    </p>
   </div>
   <div class='ocr_carea' id='block_1_71' title="bbox 643 4086 2209 4159">
    <p class='ocr_par' dir='ltr' id='par_1_71' title="bbox 643 4086 2209 4159">
     <span class='ocr_line' id='line_1_71' title="bbox 643 4086 2209 4159; baseline 0.001 -20"><span class='ocrx_word' id='word_1_541' title='bbox 643 4097 878 4156; x_wconf 88' lang='lat' dir='ltr'><strong>tempore</strong></span> <span class='ocrx_word' id='word_1_542' title='bbox 920 4088 1051 4144; x_wconf 89' lang='lat' dir='ltr'><strong>luxit</strong></span> <span class='ocrx_word' id='word_1_543' title='bbox 1081 4100 1355 4159; x_wconf 82' lang='lat' dir='ltr'><strong>perpetuo,</strong></span> <span class='ocrx_word' id='word_1_544' title='bbox 1388 4090 1624 4158; x_wconf 88' lang='lat' dir='ltr'><strong>privatus</strong></span> <span class='ocrx_word' id='word_1_545' title='bbox 1666 4103 1849 4142; x_wconf 87' lang='lat' dir='ltr'><strong>mensa</strong></span> <span class='ocrx_word' id='word_1_546' title='bbox 1892 4103 2011 4157; x_wconf 66' lang='lat' dir='ltr'><strong>quae</strong></span> <span class='ocrx_word' id='word_1_547' title='bbox 2040 4087 2089 4142; x_wconf 87' lang='lat' dir='ltr'><strong>ei</strong></span> <span class='ocrx_word' id='word_1_548' title='bbox 2116 4086 2209 4141; x_wconf 87' lang='lat' dir='ltr'><strong>da-</strong></span> 
     </span>
    </p>
   </div>
   <div class='ocr_carea' id='block_1_72' title="bbox 642 4176 2201 4249">
    <p class='ocr_par' dir='ltr' id='par_1_72' title="bbox 642 4176 2201 4249">
     <span class='ocr_line' id='line_1_72' title="bbox 642 4176 2201 4249; baseline -0.001 -19"><span class='ocrx_word' id='word_1_549' title='bbox 642 4176 793 4232; x_wconf 88' lang='lat' dir='ltr'><strong>batur</strong></span> <span class='ocrx_word' id='word_1_550' title='bbox 819 4178 1091 4248; x_wconf 86' lang='lat' dir='ltr'><strong>divinitus,</strong></span> <span class='ocrx_word' id='word_1_551' title='bbox 1120 4190 1173 4234; x_wconf 88' lang='lat' dir='ltr'><strong>et</strong></span> <span class='ocrx_word' id='word_1_552' title='bbox 1203 4195 1388 4249; x_wconf 91' lang='lat' dir='ltr'><strong>panem</strong></span> <span class='ocrx_word' id='word_1_553' title='bbox 1415 4195 1567 4233; x_wconf 91' lang='lat' dir='ltr'><strong>suum</strong></span> <span class='ocrx_word' id='word_1_554' title='bbox 1594 4192 1836 4246; x_wconf 70' lang='lat' dir='ltr'><strong>quaerens</strong></span> <span class='ocrx_word' id='word_1_555' title='bbox 1858 4192 1975 4231; x_wconf 89' lang='lat' dir='ltr'><strong>cum</strong></span> <span class='ocrx_word' id='word_1_556' title='bbox 2002 4177 2201 4231; x_wconf 81' lang='lat' dir='ltr'><strong>labore.</strong></span> 
     </span>
    </p>
   </div>
   <div class='ocr_carea' id='block_1_73' title="bbox 632 4256 2205 4339">
    <p class='ocr_par' dir='ltr' id='par_1_73' title="bbox 632 4256 2205 4339">
     <span class='ocr_line' id='line_1_73' title="bbox 632 4256 2205 4339; baseline -0.001 -19"><span class='ocrx_word' id='word_1_557' title='bbox 632 4256 771 4322; x_wconf 83' lang='lat' dir='ltr'><strong>Nam</strong></span> <span class='ocrx_word' id='word_1_558' title='bbox 801 4284 920 4323; x_wconf 90' lang='lat' dir='ltr'><strong>cum</strong></span> <span class='ocrx_word' id='word_1_559' title='bbox 952 4285 1010 4327; x_wconf 91' lang='lat' dir='ltr'><strong>se</strong></span> <span class='ocrx_word' id='word_1_560' title='bbox 1036 4269 1089 4324; x_wconf 89' lang='lat' dir='ltr'><strong>in</strong></span> <span class='ocrx_word' id='word_1_561' title='bbox 1127 4271 1377 4339; x_wconf 80' lang='lat' dir='ltr'><strong>Spelunca</strong></span> <span class='ocrx_word' id='word_1_562' title='bbox 1410 4269 1741 4331; x_wconf 86' lang='lat' dir='ltr'><strong>inclusisset,</strong></span> <span class='ocrx_word' id='word_1_563' title='bbox 1772 4276 1826 4322; x_wconf 92' lang='lat' dir='ltr'><strong>et</strong></span> <span class='ocrx_word' id='word_1_564' title='bbox 1863 4268 1962 4323; x_wconf 88' lang='lat' dir='ltr'><strong>sibi</strong></span> <span class='ocrx_word' id='word_1_565' title='bbox 1992 4281 2205 4322; x_wconf 90' lang='lat' dir='ltr'><strong>saccum</strong></span> 
     </span>
    </p>
   </div>
   <div class='ocr_carea' id='block_1_74' title="bbox 643 4360 2207 4430">
    <p class='ocr_par' dir='ltr' id='par_1_74' title="bbox 643 4360 2207 4430">
     <span class='ocr_line' id='line_1_74' title="bbox 643 4360 2207 4430; baseline 0.001 -19"><span class='ocrx_word' id='word_1_566' title='bbox 643 4368 698 4412; x_wconf 86' lang='lat' dir='ltr'><strong>ct</strong></span> <span class='ocrx_word' id='word_1_567' title='bbox 723 4360 956 4415; x_wconf 86' lang='lat' dir='ltr'><strong>cinerem</strong></span> <span class='ocrx_word' id='word_1_568' title='bbox 986 4362 1391 4427; x_wconf 74' lang='lat' dir='ltr'><strong>substravisset,</strong></span> <span class='ocrx_word' id='word_1_569' title='bbox 1420 4378 1524 4415; x_wconf 94' lang='lat' dir='ltr'><strong>non</strong></span> <span class='ocrx_word' id='word_1_570' title='bbox 1554 4362 1699 4430; x_wconf 90' lang='lat' dir='ltr'><strong>prius</strong></span> <span class='ocrx_word' id='word_1_571' title='bbox 1721 4379 1749 4414; x_wconf 87' lang='lat' dir='ltr'><strong>e</strong></span> <span class='ocrx_word' id='word_1_572' title='bbox 1779 4369 1916 4415; x_wconf 85' lang='lat' dir='ltr'><strong>terra</strong></span> <span class='ocrx_word' id='word_1_573' title='bbox 1947 4362 2207 4425; x_wconf 88' lang='lat' dir='ltr'><strong>surrexit,</strong></span> 
     </span>
    </p>
   </div>
   <div class='ocr_carea' id='block_1_75' title="bbox 645 4451 2207 4522">
    <p class='ocr_par' dir='ltr' id='par_1_75' title="bbox 645 4451 2207 4522">
     <span class='ocr_line' id='line_1_75' title="bbox 645 4451 2207 4522; baseline 0.001 -15"><span class='ocrx_word' id='word_1_574' title='bbox 645 4464 743 4508; x_wconf 84' lang='lat' dir='ltr'><strong>nec</strong></span> <span class='ocrx_word' id='word_1_575' title='bbox 780 4453 1007 4505; x_wconf 85' lang='lat' dir='ltr'><strong>cessavit</strong></span> <span class='ocrx_word' id='word_1_576' title='bbox 1053 4451 1202 4517; x_wconf 86' lang='lat' dir='ltr'><strong>ﬂere,</strong></span> <span class='ocrx_word' id='word_1_577' title='bbox 1230 4468 1384 4521; x_wconf 88' lang='lat' dir='ltr'><strong>quam</strong></span> <span class='ocrx_word' id='word_1_578' title='bbox 1417 4468 1601 4508; x_wconf 84' lang='lat' dir='ltr'><strong>vocem</strong></span> <span class='ocrx_word' id='word_1_579' title='bbox 1647 4453 1818 4522; x_wconf 83' lang='lat' dir='ltr'><strong>angeli</strong></span> <span class='ocrx_word' id='word_1_580' title='bbox 1867 4454 2126 4508; x_wconf 89' lang='lat' dir='ltr'><strong>audiisset</strong></span> <span class='ocrx_word' id='word_1_581' title='bbox 2158 4453 2207 4508; x_wconf 91' lang='lat' dir='ltr'><strong>ei</strong></span> 
     </span>
    </p>
   </div>
   <div class='ocr_carea' id='block_1_76' title="bbox 640 4541 2207 4615">
    <p class='ocr_par' dir='ltr' id='par_1_76' title="bbox 640 4541 2207 4615">
     <span class='ocr_line' id='line_1_76' title="bbox 640 4541 2207 4615; baseline 0.001 -20"><span class='ocrx_word' id='word_1_582' title='bbox 640 4541 903 4596; x_wconf 90' lang='lat' dir='ltr'><strong>dicentem</strong></span> <span class='ocrx_word' id='word_1_583' title='bbox 946 4543 997 4597; x_wconf 93' lang='lat' dir='ltr'><strong>in</strong></span> <span class='ocrx_word' id='word_1_584' title='bbox 1038 4544 1282 4600; x_wconf 88' lang='lat' dir='ltr'><strong>somnis:</strong></span> <span class='ocrx_word' id='word_1_585' title='bbox 1319 4546 1535 4615; x_wconf 80' lang='lat' dir='ltr'><strong>Accepit</strong></span> <span class='ocrx_word' id='word_1_586' title='bbox 1573 4546 1828 4601; x_wconf 88' lang='lat' dir='ltr'><strong>Dominus</strong></span> <span class='ocrx_word' id='word_1_587' title='bbox 1858 4554 1999 4600; x_wconf 88' lang='lat' dir='ltr'><strong>tuam</strong></span> <span class='ocrx_word' id='word_1_588' title='bbox 2042 4548 2207 4615; x_wconf 79' lang='lat' dir='ltr'><strong>poeni-</strong></span> 
     </span>
    </p>
   </div>
   <div class='ocr_carea' id='block_1_77' title="bbox 641 4630 2206 4703">
    <p class='ocr_par' dir='ltr' id='par_1_77' title="bbox 641 4630 2206 4703">
     <span class='ocr_line' id='line_1_77' title="bbox 641 4630 2206 4703; baseline 0.006 -20"><span class='ocrx_word' id='word_1_589' title='bbox 641 4630 892 4698; x_wconf 86' lang='lat' dir='ltr'><strong>tentiatn,</strong></span> <span class='ocrx_word' id='word_1_590' title='bbox 927 4644 978 4686; x_wconf 89' lang='lat' dir='ltr'><strong>et</strong></span> <span class='ocrx_word' id='word_1_591' title='bbox 1004 4635 1075 4687; x_wconf 91' lang='lat' dir='ltr'><strong>tui</strong></span> <span class='ocrx_word' id='word_1_592' title='bbox 1101 4643 1181 4689; x_wconf 84' lang='lat' dir='ltr'><strong>est</strong></span> <span class='ocrx_word' id='word_1_593' title='bbox 1206 4635 1480 4701; x_wconf 86' lang='lat' dir='ltr'><strong>misertus;</strong></span> <span class='ocrx_word' id='word_1_594' title='bbox 1510 4636 1758 4703; x_wconf 88' lang='lat' dir='ltr'><strong>deinceps</strong></span> <span class='ocrx_word' id='word_1_595' title='bbox 1788 4645 1963 4691; x_wconf 91' lang='lat' dir='ltr'><strong>autem</strong></span> <span class='ocrx_word' id='word_1_596' title='bbox 1991 4637 2109 4692; x_wconf 89' lang='lat' dir='ltr'><strong>vide</strong></span> <span class='ocrx_word' id='word_1_597' title='bbox 2142 4655 2206 4692; x_wconf 90' lang='lat' dir='ltr'><strong>ne</strong></span> 
     </span>
    </p>
   </div>
   <div class='ocr_carea' id='block_1_78' title="bbox 642 4722 2208 4794">
    <p class='ocr_par' dir='ltr' id='par_1_78' title="bbox 642 4722 2208 4794">
     <span class='ocr_line' id='line_1_78' title="bbox 642 4722 2208 4794; baseline 0 -18"><span class='ocrx_word' id='word_1_598' title='bbox 642 4722 942 4791; x_wconf 89' lang='lat' dir='ltr'><strong>decipiaris.</strong></span> <span class='ocrx_word' id='word_1_599' title='bbox 974 4722 1053 4777; x_wconf 84' lang='lat' dir='ltr'><strong>Ad</strong></span> <span class='ocrx_word' id='word_1_600' title='bbox 1103 4734 1153 4779; x_wconf 89' lang='lat' dir='ltr'><strong>te</strong></span> <span class='ocrx_word' id='word_1_601' title='bbox 1190 4726 1330 4781; x_wconf 89' lang='lat' dir='ltr'><strong>enim</strong></span> <span class='ocrx_word' id='word_1_602' title='bbox 1377 4726 1589 4780; x_wconf 76' lang='lat' dir='ltr'><strong>venient</strong></span> <span class='ocrx_word' id='word_1_603' title='bbox 1633 4726 1822 4781; x_wconf 87' lang='lat' dir='ltr'><strong>fratres</strong></span> <span class='ocrx_word' id='word_1_604' title='bbox 1865 4741 1997 4794; x_wconf 90' lang='lat' dir='ltr'><strong>quos</strong></span> <span class='ocrx_word' id='word_1_605' title='bbox 2026 4728 2208 4781; x_wconf 81' lang='lat' dir='ltr'><strong>admu-</strong></span> 
     </span>
    </p>
   </div>
   <div class='ocr_carea' id='block_1_79' title="bbox 640 4813 2208 4887">
    <p class='ocr_par' dir='ltr' id='par_1_79' title="bbox 640 4813 2208 4887">
     <span class='ocr_line' id='line_1_79' title="bbox 640 4813 2208 4887; baseline 0.003 -22"><span class='ocrx_word' id='word_1_606' title='bbox 640 4813 798 4867; x_wconf 90' lang='lat' dir='ltr'><strong>nuisti</strong></span> <span class='ocrx_word' id='word_1_607' title='bbox 819 4855 833 4877; x_wconf 95' lang='lat'><strong>,</strong></span> <span class='ocrx_word' id='word_1_608' title='bbox 866 4824 916 4868; x_wconf 91' lang='lat' dir='ltr'><strong>et</strong></span> <span class='ocrx_word' id='word_1_609' title='bbox 947 4814 1169 4869; x_wconf 67' lang='lat' dir='ltr'><strong>afferent</strong></span> <span class='ocrx_word' id='word_1_610' title='bbox 1207 4816 1273 4870; x_wconf 91' lang='lat' dir='ltr'><strong>ad</strong></span> <span class='ocrx_word' id='word_1_611' title='bbox 1304 4827 1354 4870; x_wconf 91' lang='lat' dir='ltr'><strong>te</strong></span> <span class='ocrx_word' id='word_1_612' title='bbox 1383 4816 1638 4887; x_wconf 88' lang='lat' dir='ltr'><strong>eulogias,</strong></span> <span class='ocrx_word' id='word_1_613' title='bbox 1670 4830 1801 4885; x_wconf 88' lang='lat' dir='ltr'><strong>quas</strong></span> <span class='ocrx_word' id='word_1_614' title='bbox 1833 4830 1951 4869; x_wconf 91' lang='lat' dir='ltr'><strong>cum</strong></span> <span class='ocrx_word' id='word_1_615' title='bbox 1972 4820 2208 4882; x_wconf 85' lang='lat' dir='ltr'><strong>‘accepe-</strong></span> 
     </span>
    </p>
   </div>
   <div class='ocr_carea' id='block_1_80' title="bbox 638 4905 2204 4979">
    <p class='ocr_par' dir='ltr' id='par_1_80' title="bbox 638 4905 2204 4979">
     <span class='ocr_line' id='line_1_80' title="bbox 638 4905 2204 4979; baseline 0.004 -22"><span class='ocrx_word' id='word_1_616' title='bbox 638 4905 735 4969; x_wconf 88' lang='lat' dir='ltr'><strong>ris,</strong></span> <span class='ocrx_word' id='word_1_617' title='bbox 762 4907 993 4959; x_wconf 84' lang='lat' dir='ltr'><strong>vesceris</strong></span> <span class='ocrx_word' id='word_1_618' title='bbox 1023 4921 1141 4960; x_wconf 92' lang='lat' dir='ltr'><strong>cum</strong></span> <span class='ocrx_word' id='word_1_619' title='bbox 1174 4908 1318 4976; x_wconf 84' lang='lat' dir='ltr'><strong>ipsis,</strong></span> <span class='ocrx_word' id='word_1_620' title='bbox 1340 4917 1391 4961; x_wconf 91' lang='lat' dir='ltr'><strong>et</strong></span> <span class='ocrx_word' id='word_1_621' title='bbox 1415 4917 1670 4976; x_wconf 90' lang='lat' dir='ltr'><strong>perpetuo</strong></span> <span class='ocrx_word' id='word_1_622' title='bbox 1700 4907 1811 4963; x_wconf 90' lang='lat' dir='ltr'><strong>Deo</strong></span> <span class='ocrx_word' id='word_1_623' title='bbox 1838 4923 1962 4978; x_wconf 86' lang='lat' dir='ltr'><strong>ages</strong></span> <span class='ocrx_word' id='word_1_624' title='bbox 1988 4910 2204 4979; x_wconf 83' lang='lat' dir='ltr'><strong>gratias.</strong></span> 
     </span>
    </p>
   </div>
   <div class='ocr_carea' id='block_1_81' title="bbox 712 4994 2204 5065">
    <p class='ocr_par' dir='ltr' id='par_1_81' title="bbox 712 4994 2204 5065">
     <span class='ocr_line' id='line_1_81' title="bbox 712 4994 2204 5065; baseline 0.004 -17"><span class='ocrx_word' id='word_1_625' title='bbox 712 4994 832 5050; x_wconf 66' lang='lat' dir='ltr'><strong>Haec</strong></span> <span class='ocrx_word' id='word_1_626' title='bbox 861 5010 988 5065; x_wconf 85' lang='lat' dir='ltr'><strong>ergo</strong></span> <span class='ocrx_word' id='word_1_627' title='bbox 1015 4997 1163 5052; x_wconf 85' lang='lat' dir='ltr'><strong>vobis</strong></span> <span class='ocrx_word' id='word_1_628' title='bbox 1210 4996 1440 5063; x_wconf 90' lang='lat' dir='ltr'><strong>narravi,</strong></span> <span class='ocrx_word' id='word_1_629' title='bbox 1492 5012 1524 5053; x_wconf 93' lang='grc' dir='ltr'>ο</span> <span class='ocrx_word' id='word_1_630' title='bbox 1581 4997 1696 5063; x_wconf 81' lang='lat' dir='ltr'><strong>filii,</strong></span> <span class='ocrx_word' id='word_1_631' title='bbox 1744 5008 1800 5053; x_wconf 91' lang='lat' dir='ltr'><strong>ut</strong></span> <span class='ocrx_word' id='word_1_632' title='bbox 1848 4999 2204 5054; x_wconf 88' lang='lat' dir='ltr'><strong>humilitatem</strong></span> 
     </span>
    </p>
   </div>
   <div class='ocr_carea' id='block_1_82' title="bbox 638 5086 2210 5160">
    <p class='ocr_par' dir='ltr' id='par_1_82' title="bbox 638 5086 2210 5160">
     <span class='ocr_line' id='line_1_82' title="bbox 638 5086 2210 5160; baseline 0.004 -21"><span class='ocrx_word' id='word_1_633' title='bbox 638 5086 958 5155; x_wconf 84' lang='lat' dir='ltr'><strong>exerceatis,</strong></span> <span class='ocrx_word' id='word_1_634' title='bbox 991 5103 1085 5143; x_wconf 90' lang='lat' dir='ltr'><strong>seu</strong></span> <span class='ocrx_word' id='word_1_635' title='bbox 1119 5089 1171 5142; x_wconf 93' lang='lat' dir='ltr'><strong>in</strong></span> <span class='ocrx_word' id='word_1_636' title='bbox 1214 5089 1410 5157; x_wconf 86' lang='lat' dir='ltr'><strong>parvis,</strong></span> <span class='ocrx_word' id='word_1_637' title='bbox 1437 5103 1530 5144; x_wconf 88' lang='lat' dir='ltr'><strong>seu</strong></span> <span class='ocrx_word' id='word_1_638' title='bbox 1558 5087 1610 5143; x_wconf 88' lang='lat' dir='ltr'><strong>in</strong></span> <span class='ocrx_word' id='word_1_639' title='bbox 1641 5089 1846 5160; x_wconf 80' lang='lat' dir='ltr'><strong>magnis</strong></span> <span class='ocrx_word' id='word_1_640' title='bbox 1871 5105 1993 5146; x_wconf 90' lang='lat' dir='ltr'><strong>esse</strong></span> <span class='ocrx_word' id='word_1_641' title='bbox 2022 5091 2210 5147; x_wconf 89' lang='lat' dir='ltr'><strong>videa-</strong></span> 
     </span>
    </p>
   </div>
   <div class='ocr_carea' id='block_1_83' title="bbox 644 5178 2206 5249">
    <p class='ocr_par' dir='ltr' id='par_1_83' title="bbox 644 5178 2206 5249">
     <span class='ocr_line' id='line_1_83' title="bbox 644 5178 2206 5249; baseline 0.005 -21"><span class='ocrx_word' id='word_1_642' title='bbox 644 5179 790 5231; x_wconf 85' lang='lat' dir='ltr'><strong>rnini.</strong></span> <span class='ocrx_word' id='word_1_643' title='bbox 824 5178 933 5232; x_wconf 90' lang='lat' dir='ltr'><strong>lloc</strong></span> <span class='ocrx_word' id='word_1_644' title='bbox 961 5187 1044 5233; x_wconf 93' lang='lat' dir='ltr'><strong>est</strong></span> <span class='ocrx_word' id='word_1_645' title='bbox 1095 5181 1238 5233; x_wconf 85' lang='lat' dir='ltr'><strong>enim</strong></span> <span class='ocrx_word' id='word_1_646' title='bbox 1271 5180 1497 5247; x_wconf 85' lang='lat' dir='ltr'><strong>primum</strong></span> <span class='ocrx_word' id='word_1_647' title='bbox 1534 5190 1855 5249; x_wconf 74' lang='lat' dir='ltr'><strong>prmceptum</strong></span> <span class='ocrx_word' id='word_1_648' title='bbox 1887 5181 2206 5245; x_wconf 87' lang='lat' dir='ltr'><strong>Servatoris,</strong></span> 
     </span>
    </p>
   </div>
   <div class='ocr_carea' id='block_1_84' title="bbox 649 5267 2203 5341">
    <p class='ocr_par' dir='ltr' id='par_1_84' title="bbox 649 5267 2203 5341">
     <span class='ocr_line' id='line_1_84' title="bbox 649 5267 2203 5341; baseline 0.005 -22"><span class='ocrx_word' id='word_1_649' title='bbox 649 5267 737 5334; x_wconf 87' lang='lat' dir='ltr'><strong>qui</strong></span> <span class='ocrx_word' id='word_1_650' title='bbox 767 5268 892 5323; x_wconf 89' lang='lat' dir='ltr'><strong>dicit</strong></span> <span class='ocrx_word' id='word_1_651' title='bbox 919 5287 934 5321; x_wconf 91' lang='lat'><strong>:</strong></span> <span class='ocrx_word' id='word_1_652' title='bbox 966 5269 1110 5324; x_wconf 87' lang='lat' dir='ltr'><strong>Beati</strong></span> <span class='ocrx_word' id='word_1_653' title='bbox 1142 5285 1398 5339; x_wconf 83' lang='lat' dir='ltr'><strong>pauperes</strong></span> <span class='ocrx_word' id='word_1_654' title='bbox 1428 5270 1640 5339; x_wconf 68' lang='lat' dir='ltr'><strong>spiritu,</strong></span> <span class='ocrx_word' id='word_1_655' title='bbox 1683 5272 1935 5338; x_wconf 88' lang='lat' dir='ltr'><strong>quoniam</strong></span> <span class='ocrx_word' id='word_1_656' title='bbox 1969 5273 2203 5341; x_wconf 83' lang='lat' dir='ltr'><strong>ipsorum</strong></span> 
     </span>
    </p>
   </div>
   <div class='ocr_carea' id='block_1_85' title="bbox 646 5361 2207 5433">
    <p class='ocr_par' dir='ltr' id='par_1_85' title="bbox 646 5361 2207 5433">
     <span class='ocr_line' id='line_1_85' title="bbox 646 5361 2207 5433; baseline 0.004 -20"><span class='ocrx_word' id='word_1_657' title='bbox 646 5372 727 5413; x_wconf 89' lang='lat' dir='ltr'><strong>est</strong></span> <span class='ocrx_word' id='word_1_658' title='bbox 754 5376 971 5430; x_wconf 89' lang='lat' dir='ltr'><strong>regnum</strong></span> <span class='ocrx_word' id='word_1_659' title='bbox 997 5364 1251 5417; x_wconf 67' lang='lat' dir='ltr'><strong>caelorum</strong></span> <span class='ocrx_word' id='word_1_660' title='bbox 1284 5361 1497 5429; x_wconf 74' lang='lat' dir='ltr'><strong>(Manli.</strong></span> <span class='ocrx_word' id='word_1_661' title='bbox 1537 5363 1633 5433; x_wconf 77' lang='lat' dir='ltr'><strong>Vl).</strong></span> <span class='ocrx_word' id='word_1_662' title='bbox 1681 5362 1749 5417; x_wconf 84' lang='lat' dir='ltr'><strong>Et</strong></span> <span class='ocrx_word' id='word_1_663' title='bbox 1780 5378 1844 5417; x_wconf 94' lang='lat' dir='ltr'><strong>ne</strong></span> <span class='ocrx_word' id='word_1_664' title='bbox 1872 5364 2207 5433; x_wconf 89' lang='lat' dir='ltr'><strong>decipiamini</strong></span> 
     </span>
    </p>
   </div>
   <div class='ocr_carea' id='block_1_86' title="bbox 652 5452 2209 5525">
    <p class='ocr_par' dir='ltr' id='par_1_86' title="bbox 652 5452 2209 5525">
     <span class='ocr_line' id='line_1_86' title="bbox 652 5452 2209 5525; baseline 0.006 -20"><span class='ocrx_word' id='word_1_665' title='bbox 652 5468 681 5505; x_wconf 92' lang='lat' dir='ltr'><strong>a</strong></span> <span class='ocrx_word' id='word_1_666' title='bbox 705 5452 1055 5517; x_wconf 61' lang='lat' dir='ltr'><strong>daemonibus,</strong></span> <span class='ocrx_word' id='word_1_667' title='bbox 1082 5456 1168 5523; x_wconf 92' lang='lat' dir='ltr'><strong>qui</strong></span> <span class='ocrx_word' id='word_1_668' title='bbox 1203 5455 1351 5509; x_wconf 86' lang='lat' dir='ltr'><strong>vobis</strong></span> <span class='ocrx_word' id='word_1_669' title='bbox 1382 5455 1492 5509; x_wconf 88' lang='lat' dir='ltr'><strong>visa</strong></span> <span class='ocrx_word' id='word_1_670' title='bbox 1523 5464 1578 5509; x_wconf 90' lang='lat' dir='ltr'><strong>et</strong></span> <span class='ocrx_word' id='word_1_671' title='bbox 1600 5456 1904 5525; x_wconf 90' lang='lat' dir='ltr'><strong>phantasias</strong></span> <span class='ocrx_word' id='word_1_672' title='bbox 1938 5460 2209 5525; x_wconf 87' lang='lat' dir='ltr'><strong>excitant;</strong></span> 
     </span>
    </p>
   </div>
   <div class='ocr_carea' id='block_1_87' title="bbox 648 5545 2207 5619">
    <p class='ocr_par' dir='ltr' id='par_1_87' title="bbox 648 5545 2207 5619">
     <span class='ocr_line' id='line_1_87' title="bbox 648 5545 2207 5619; baseline 0.007 -22"><span class='ocrx_word' id='word_1_673' title='bbox 648 5545 738 5598; x_wconf 86' lang='lat' dir='ltr'><strong>sed</strong></span> <span class='ocrx_word' id='word_1_674' title='bbox 762 5545 808 5602; x_wconf 91' lang='lat' dir='ltr'><strong>si</strong></span> <span class='ocrx_word' id='word_1_675' title='bbox 831 5548 947 5612; x_wconf 85' lang='lat' dir='ltr'><strong>quis</strong></span> <span class='ocrx_word' id='word_1_676' title='bbox 968 5547 1034 5603; x_wconf 88' lang='lat' dir='ltr'><strong>ad</strong></span> <span class='ocrx_word' id='word_1_677' title='bbox 1059 5564 1153 5603; x_wconf 91' lang='lat' dir='ltr'><strong>vos</strong></span> <span class='ocrx_word' id='word_1_678' title='bbox 1182 5550 1407 5616; x_wconf 90' lang='lat' dir='ltr'><strong>venerit,</strong></span> <span class='ocrx_word' id='word_1_679' title='bbox 1439 5558 1532 5603; x_wconf 89' lang='lat' dir='ltr'><strong>aut</strong></span> <span class='ocrx_word' id='word_1_680' title='bbox 1555 5549 1737 5617; x_wconf 85' lang='lat' dir='ltr'><strong>l&#39;rater,</strong></span> <span class='ocrx_word' id='word_1_681' title='bbox 1762 5561 1849 5605; x_wconf 88' lang='lat' dir='ltr'><strong>aut</strong></span> <span class='ocrx_word' id='word_1_682' title='bbox 1870 5554 2092 5619; x_wconf 90' lang='lat' dir='ltr'><strong>amicus,</strong></span> <span class='ocrx_word' id='word_1_683' title='bbox 2118 5564 2207 5608; x_wconf 88' lang='lat' dir='ltr'><strong>aut</strong></span> 
     </span>
    </p>
   </div>
   <div class='ocr_carea' id='block_1_88' title="bbox 648 5638 2209 5711">
    <p class='ocr_par' dir='ltr' id='par_1_88' title="bbox 648 5638 2209 5711">
     <span class='ocr_line' id='line_1_88' title="bbox 648 5638 2209 5711; baseline 0.006 -21"><span class='ocrx_word' id='word_1_684' title='bbox 648 5638 859 5702; x_wconf 86' lang='lat' dir='ltr'><strong>mulier,</strong></span> <span class='ocrx_word' id='word_1_685' title='bbox 889 5648 980 5693; x_wconf 92' lang='lat' dir='ltr'><strong>aut</strong></span> <span class='ocrx_word' id='word_1_686' title='bbox 1009 5649 1178 5709; x_wconf 90' lang='lat' dir='ltr'><strong>pater,</strong></span> <span class='ocrx_word' id='word_1_687' title='bbox 1214 5650 1305 5695; x_wconf 87' lang='lat' dir='ltr'><strong>aut</strong></span> <span class='ocrx_word' id='word_1_688' title='bbox 1329 5643 1605 5711; x_wconf 89' lang='lat' dir='ltr'><strong>magister,</strong></span> <span class='ocrx_word' id='word_1_689' title='bbox 1644 5652 1735 5697; x_wconf 90' lang='lat' dir='ltr'><strong>aut</strong></span> <span class='ocrx_word' id='word_1_690' title='bbox 1784 5652 1973 5709; x_wconf 88' lang='lat' dir='ltr'><strong>mater,</strong></span> <span class='ocrx_word' id='word_1_691' title='bbox 2004 5654 2095 5699; x_wconf 92' lang='lat' dir='ltr'><strong>aut</strong></span> <span class='ocrx_word' id='word_1_692' title='bbox 2121 5659 2209 5700; x_wconf 87' lang='lat' dir='ltr'><strong>so-</strong></span> 
     </span>
    </p>
   </div>
   <div class='ocr_carea' id='block_1_89' title="bbox 644 5728 2209 5800">
    <p class='ocr_par' dir='ltr' id='par_1_89' title="bbox 644 5728 2209 5800">
     <span class='ocr_line' id='line_1_89' title="bbox 644 5728 2209 5800; baseline 0.002 -17"><span class='ocrx_word' id='word_1_693' title='bbox 644 5742 757 5794; x_wconf 89' lang='lat' dir='ltr'><strong>ror,</strong></span> <span class='ocrx_word' id='word_1_694' title='bbox 789 5728 1016 5795; x_wconf 85' lang='lat' dir='ltr'><strong>primum</strong></span> <span class='ocrx_word' id='word_1_695' title='bbox 1038 5730 1309 5784; x_wconf 87' lang='lat' dir='ltr'><strong>extendite</strong></span> <span class='ocrx_word' id='word_1_696' title='bbox 1339 5745 1527 5785; x_wconf 89' lang='lat' dir='ltr'><strong>manus</strong></span> <span class='ocrx_word' id='word_1_697' title='bbox 1558 5732 1623 5786; x_wconf 88' lang='lat' dir='ltr'><strong>ad</strong></span> <span class='ocrx_word' id='word_1_698' title='bbox 1644 5734 1971 5800; x_wconf 87' lang='lat' dir='ltr'><strong>orationem;</strong></span> <span class='ocrx_word' id='word_1_699' title='bbox 2001 5742 2055 5786; x_wconf 91' lang='lat' dir='ltr'><strong>et</strong></span> <span class='ocrx_word' id='word_1_700' title='bbox 2076 5733 2118 5787; x_wconf 92' lang='lat' dir='ltr'><strong>si</strong></span> <span class='ocrx_word' id='word_1_701' title='bbox 2140 5733 2209 5786; x_wconf 90' lang='lat' dir='ltr'><strong>sit</strong></span> 
     </span>
    </p>
   </div>
   <div class='ocr_carea' id='block_1_90' title="bbox 646 5816 2206 5892">
    <p class='ocr_par' dir='ltr' id='par_1_90' title="bbox 646 5816 2206 5892">
     <span class='ocr_line' id='line_1_90' title="bbox 646 5816 2206 5892; baseline 0.007 -24"><span class='ocrx_word' id='word_1_702' title='bbox 646 5817 980 5889; x_wconf 81' lang='lat' dir='ltr'><strong>phantasma,</strong></span> <span class='ocrx_word' id='word_1_703' title='bbox 1003 5816 1165 5888; x_wconf 88' lang='lat' dir='ltr'><strong>fugiet</strong></span> <span class='ocrx_word' id='word_1_704' title='bbox 1194 5833 1221 5872; x_wconf 89' lang='lat' dir='ltr'><strong>a</strong></span> <span class='ocrx_word' id='word_1_705' title='bbox 1250 5818 1421 5874; x_wconf 89' lang='lat' dir='ltr'><strong>vobis.</strong></span> <span class='ocrx_word' id='word_1_706' title='bbox 1450 5820 1515 5875; x_wconf 85' lang='lat' dir='ltr'><strong>Et</strong></span> <span class='ocrx_word' id='word_1_707' title='bbox 1540 5821 1585 5875; x_wconf 92' lang='lat' dir='ltr'><strong>si</strong></span> <span class='ocrx_word' id='word_1_708' title='bbox 1604 5833 1697 5878; x_wconf 89' lang='lat' dir='ltr'><strong>vos</strong></span> <span class='ocrx_word' id='word_1_709' title='bbox 1717 5821 1986 5892; x_wconf 90' lang='lat' dir='ltr'><strong>decipiant</strong></span> <span class='ocrx_word' id='word_1_710' title='bbox 2012 5822 2206 5878; x_wconf 62' lang='lat' dir='ltr'><strong>daemo-</strong></span> 
     </span>
    </p>
   </div>
   <div class='ocr_carea' id='block_1_91' title="bbox 2309 3360 3883 3431">
    <p class='ocr_par' dir='ltr' id='par_1_91' title="bbox 2309 3360 3883 3431">
     <span class='ocr_line' id='line_1_91' title="bbox 2309 3360 3883 3431; baseline -0.001 -14"><span class='ocrx_word' id='word_1_711' title='bbox 2309 3363 2363 3418; x_wconf 92' lang='lat' dir='ltr'><strong>in</strong></span> <span class='ocrx_word' id='word_1_712' title='bbox 2394 3377 2455 3416; x_wconf 90' lang='lat' dir='ltr'><strong>os</strong></span> <span class='ocrx_word' id='word_1_713' title='bbox 2484 3362 2777 3431; x_wconf 85' lang='lat' dir='ltr'><strong>injiciebal,</strong></span> <span class='ocrx_word' id='word_1_714' title='bbox 2802 3361 2951 3431; x_wconf 89' lang='lat' dir='ltr'><strong>isque</strong></span> <span class='ocrx_word' id='word_1_715' title='bbox 2973 3370 3085 3416; x_wconf 88' lang='lat' dir='ltr'><strong>erat</strong></span> <span class='ocrx_word' id='word_1_716' title='bbox 3106 3360 3156 3415; x_wconf 89' lang='lat' dir='ltr'><strong>ei</strong></span> <span class='ocrx_word' id='word_1_717' title='bbox 3188 3361 3359 3414; x_wconf 89' lang='lat' dir='ltr'><strong>instar</strong></span> <span class='ocrx_word' id='word_1_718' title='bbox 3374 3362 3477 3414; x_wconf 88' lang='lat' dir='ltr'><strong>cibi</strong></span> <span class='ocrx_word' id='word_1_719' title='bbox 3497 3370 3555 3415; x_wconf 87' lang='lat' dir='ltr'><strong>et</strong></span> <span class='ocrx_word' id='word_1_720' title='bbox 3575 3362 3883 3428; x_wconf 53' lang='lat' dir='ltr'><strong>retussa)</strong></span> 
     </span>
    </p>
   </div>
   <div class='ocr_carea' id='block_1_92' title="bbox 2305 3452 3883 3525">
    <p class='ocr_par' dir='ltr' id='par_1_92' title="bbox 2305 3452 3883 3525">
     <span class='ocr_line' id='line_1_92' title="bbox 2305 3452 3883 3525; baseline -0.001 -17"><span class='ocrx_word' id='word_1_721' title='bbox 2305 3468 2518 3525; x_wconf 91' lang='lat' dir='ltr'><strong>quoque</strong></span> <span class='ocrx_word' id='word_1_722' title='bbox 2545 3454 2610 3507; x_wconf 88' lang='lat' dir='ltr'><strong>ad</strong></span> <span class='ocrx_word' id='word_1_723' title='bbox 2656 3453 2797 3507; x_wconf 91' lang='lat' dir='ltr'><strong>hunc</strong></span> <span class='ocrx_word' id='word_1_724' title='bbox 2822 3453 3090 3508; x_wconf 89' lang='lat' dir='ltr'><strong>hominem</strong></span> <span class='ocrx_word' id='word_1_725' title='bbox 3139 3453 3191 3507; x_wconf 90' lang='lat' dir='ltr'><strong>in</strong></span> <span class='ocrx_word' id='word_1_726' title='bbox 3224 3452 3504 3521; x_wconf 84' lang='lat' dir='ltr'><strong>phantasia</strong></span> <span class='ocrx_word' id='word_1_727' title='bbox 3536 3455 3757 3507; x_wconf 72' lang='lat' dir='ltr'><strong>venisse</strong></span> <span class='ocrx_word' id='word_1_728' title='bbox 3783 3453 3883 3506; x_wconf 82' lang='lat' dir='ltr'><strong>da:-</strong></span> 
     </span>
    </p>
   </div>
   <div class='ocr_carea' id='block_1_93' title="bbox 2308 3542 3883 3614">
    <p class='ocr_par' dir='ltr' id='par_1_93' title="bbox 2308 3542 3883 3614">
     <span class='ocr_line' id='line_1_93' title="bbox 2308 3542 3883 3614; baseline 0.001 -16"><span class='ocrx_word' id='word_1_729' title='bbox 2308 3560 2516 3611; x_wconf 85' lang='lat' dir='ltr'><strong>inones,</strong></span> <span class='ocrx_word' id='word_1_730' title='bbox 2548 3545 2895 3599; x_wconf 85' lang='lat' dir='ltr'><strong>ostendentes</strong></span> <span class='ocrx_word' id='word_1_731' title='bbox 2939 3544 3209 3614; x_wconf 81' lang='lat' dir='ltr'><strong>angelicos</strong></span> <span class='ocrx_word' id='word_1_732' title='bbox 3266 3542 3567 3607; x_wconf 84' lang='lat' dir='ltr'><strong>exercitus,</strong></span> <span class='ocrx_word' id='word_1_733' title='bbox 3614 3554 3670 3599; x_wconf 88' lang='lat' dir='ltr'><strong>et</strong></span> <span class='ocrx_word' id='word_1_734' title='bbox 3709 3560 3883 3599; x_wconf 67' lang='lat' dir='ltr'><strong>narras</strong></span> 
     </span>
    </p>
   </div>
   <div class='ocr_carea' id='block_1_94' title="bbox 2308 3635 3883 3706">
    <p class='ocr_par' dir='ltr' id='par_1_94' title="bbox 2308 3635 3883 3706">
     <span class='ocr_line' id='line_1_94' title="bbox 2308 3635 3883 3706; baseline 0 -16"><span class='ocrx_word' id='word_1_735' title='bbox 2308 3636 2471 3705; x_wconf 86' lang='lat' dir='ltr'><strong>ignis,</strong></span> <span class='ocrx_word' id='word_1_736' title='bbox 2502 3646 2556 3692; x_wconf 87' lang='lat' dir='ltr'><strong>et</strong></span> <span class='ocrx_word' id='word_1_737' title='bbox 2587 3639 2779 3691; x_wconf 81' lang='lat' dir='ltr'><strong>multos</strong></span> <span class='ocrx_word' id='word_1_738' title='bbox 2809 3636 3086 3702; x_wconf 87' lang='lat' dir='ltr'><strong>satellites,</strong></span> <span class='ocrx_word' id='word_1_739' title='bbox 3113 3648 3359 3706; x_wconf 81' lang='lat' dir='ltr'><strong>tanquam</strong></span> <span class='ocrx_word' id='word_1_740' title='bbox 3386 3635 3620 3703; x_wconf 87' lang='lat' dir='ltr'><strong>alicujus</strong></span> <span class='ocrx_word' id='word_1_741' title='bbox 3644 3638 3786 3706; x_wconf 83' lang='lat' dir='ltr'><strong>regis</strong></span> <span class='ocrx_word' id='word_1_742' title='bbox 3802 3652 3883 3690; x_wconf 80' lang='lat' dir='ltr'><strong>ve-</strong></span> 
     </span>
    </p>
   </div>
   <div class='ocr_carea' id='block_1_95' title="bbox 2306 3726 3882 3793">
    <p class='ocr_par' dir='ltr' id='par_1_95' title="bbox 2306 3726 3882 3793">
     <span class='ocr_line' id='line_1_95' title="bbox 2306 3726 3882 3793; baseline -0.001 -13"><span class='ocrx_word' id='word_1_743' title='bbox 2306 3726 2525 3793; x_wconf 87' lang='lat' dir='ltr'><strong>nientis,</strong></span> <span class='ocrx_word' id='word_1_744' title='bbox 2554 3737 2607 3782; x_wconf 90' lang='lat' dir='ltr'><strong>et</strong></span> <span class='ocrx_word' id='word_1_745' title='bbox 2628 3727 2678 3783; x_wconf 92' lang='lat' dir='ltr'><strong>ei</strong></span> <span class='ocrx_word' id='word_1_746' title='bbox 2701 3728 2939 3782; x_wconf 87' lang='lat' dir='ltr'><strong>dicentes</strong></span> <span class='ocrx_word' id='word_1_747' title='bbox 2968 3744 2983 3781; x_wconf 92' lang='lat'><strong>:</strong></span> <span class='ocrx_word' id='word_1_748' title='bbox 3015 3728 3069 3781; x_wconf 90' lang='lat' dir='ltr'><strong>In</strong></span> <span class='ocrx_word' id='word_1_749' title='bbox 3099 3727 3347 3782; x_wconf 89' lang='lat' dir='ltr'><strong>omnibus</strong></span> <span class='ocrx_word' id='word_1_750' title='bbox 3374 3735 3427 3780; x_wconf 90' lang='lat' dir='ltr'><strong>te</strong></span> <span class='ocrx_word' id='word_1_751' title='bbox 3451 3737 3603 3781; x_wconf 86' lang='lat' dir='ltr'><strong>recte</strong></span> <span class='ocrx_word' id='word_1_752' title='bbox 3622 3736 3680 3781; x_wconf 89' lang='lat' dir='ltr'><strong>et</strong></span> <span class='ocrx_word' id='word_1_753' title='bbox 3704 3741 3768 3780; x_wconf 89' lang='lat' dir='ltr'><strong>ex</strong></span> <span class='ocrx_word' id='word_1_754' title='bbox 3790 3726 3882 3779; x_wconf 73' lang='lat' dir='ltr'><strong>vir-</strong></span> 
     </span>
    </p>
   </div>
   <div class='ocr_carea' id='block_1_96' title="bbox 2309 3816 3881 3887">
    <p class='ocr_par' dir='ltr' id='par_1_96' title="bbox 2309 3816 3881 3887">
     <span class='ocr_line' id='line_1_96' title="bbox 2309 3816 3881 3887; baseline -0.002 -14"><span class='ocrx_word' id='word_1_755' title='bbox 2309 3825 2420 3873; x_wconf 88' lang='lat' dir='ltr'><strong>tute</strong></span> <span class='ocrx_word' id='word_1_756' title='bbox 2444 3818 2680 3887; x_wconf 87' lang='lat' dir='ltr'><strong>gessisti,</strong></span> <span class='ocrx_word' id='word_1_757' title='bbox 2712 3833 2744 3871; x_wconf 95' lang='lat' dir='ltr'><strong>o</strong></span> <span class='ocrx_word' id='word_1_758' title='bbox 2787 3818 2980 3881; x_wconf 84' lang='lat' dir='ltr'><strong>homo;</strong></span> <span class='ocrx_word' id='word_1_759' title='bbox 3010 3819 3076 3872; x_wconf 90' lang='lat' dir='ltr'><strong>de</strong></span> <span class='ocrx_word' id='word_1_760' title='bbox 3104 3830 3299 3873; x_wconf 67' lang='lat' dir='ltr'><strong>eastern</strong></span> <span class='ocrx_word' id='word_1_761' title='bbox 3335 3832 3424 3873; x_wconf 91' lang='lat' dir='ltr'><strong>me</strong></span> <span class='ocrx_word' id='word_1_762' title='bbox 3449 3816 3645 3881; x_wconf 86' lang='lat' dir='ltr'><strong>adora,</strong></span> <span class='ocrx_word' id='word_1_763' title='bbox 3692 3827 3750 3873; x_wconf 88' lang='lat' dir='ltr'><strong>et</strong></span> <span class='ocrx_word' id='word_1_764' title='bbox 3774 3828 3881 3870; x_wconf 79' lang='lat' dir='ltr'><strong>tan-</strong></span> 
     </span>
    </p>
   </div>
   <div class='ocr_carea' id='block_1_97' title="bbox 2307 3910 3881 3978">
    <p class='ocr_par' dir='ltr' id='par_1_97' title="bbox 2307 3910 3881 3978">
     <span class='ocr_line' id='line_1_97' title="bbox 2307 3910 3881 3978; baseline -0.001 -15"><span class='ocrx_word' id='word_1_765' title='bbox 2307 3925 2464 3978; x_wconf 91' lang='lat' dir='ltr'><strong>quam</strong></span> <span class='ocrx_word' id='word_1_766' title='bbox 2489 3910 2653 3963; x_wconf 84' lang='lat' dir='ltr'><strong>Eliam</strong></span> <span class='ocrx_word' id='word_1_767' title='bbox 2686 3919 2737 3965; x_wconf 93' lang='lat' dir='ltr'><strong>te</strong></span> <span class='ocrx_word' id='word_1_768' title='bbox 2760 3925 3053 3965; x_wconf 89' lang='lat' dir='ltr'><strong>assumam.</strong></span> <span class='ocrx_word' id='word_1_769' title='bbox 3070 3910 3289 3963; x_wconf 87' lang='lat' dir='ltr'><strong>Dicebat</strong></span> <span class='ocrx_word' id='word_1_770' title='bbox 3316 3918 3495 3963; x_wconf 87' lang='lat' dir='ltr'><strong>autem</strong></span> <span class='ocrx_word' id='word_1_771' title='bbox 3529 3910 3675 3976; x_wconf 87' lang='lat' dir='ltr'><strong>apud</strong></span> <span class='ocrx_word' id='word_1_772' title='bbox 3700 3924 3759 3963; x_wconf 83' lang='lat' dir='ltr'><strong>se</strong></span> <span class='ocrx_word' id='word_1_773' title='bbox 3780 3924 3881 3962; x_wconf 87' lang='lat' dir='ltr'><strong>mo-</strong></span> 
     </span>
    </p>
   </div>
   <div class='ocr_carea' id='block_1_98' title="bbox 2306 3998 3883 4069">
    <p class='ocr_par' dir='ltr' id='par_1_98' title="bbox 2306 3998 3883 4069">
     <span class='ocr_line' id='line_1_98' title="bbox 2306 3998 3883 4069; baseline 0 -18"><span class='ocrx_word' id='word_1_774' title='bbox 2306 3998 2547 4052; x_wconf 86' lang='lat' dir='ltr'><strong>nachus:</strong></span> <span class='ocrx_word' id='word_1_775' title='bbox 2580 3998 2757 4052; x_wconf 83' lang='lat' dir='ltr'><strong>Adoro</strong></span> <span class='ocrx_word' id='word_1_776' title='bbox 2808 3999 3047 4068; x_wconf 87' lang='lat' dir='ltr'><strong>quotidie</strong></span> <span class='ocrx_word' id='word_1_777' title='bbox 3096 3998 3293 4069; x_wconf 79' lang='lat' dir='ltr'><strong>Regem</strong></span> <span class='ocrx_word' id='word_1_778' title='bbox 3355 4014 3538 4052; x_wconf 89' lang='lat' dir='ltr'><strong>meum</strong></span> <span class='ocrx_word' id='word_1_779' title='bbox 3563 4008 3621 4052; x_wconf 84' lang='lat' dir='ltr'><strong>et</strong></span> <span class='ocrx_word' id='word_1_780' title='bbox 3646 3999 3883 4054; x_wconf 74' lang='lat' dir='ltr'><strong>Servata-</strong></span> 
     </span>
    </p>
   </div>
   <div class='ocr_carea' id='block_1_99' title="bbox 2310 4088 3882 4157">
    <p class='ocr_par' dir='ltr' id='par_1_99' title="bbox 2310 4088 3882 4157">
     <span class='ocr_line' id='line_1_99' title="bbox 2310 4088 3882 4157; baseline 0.001 -15"><span class='ocrx_word' id='word_1_781' title='bbox 2310 4103 2456 4153; x_wconf 87' lang='lat' dir='ltr'><strong>rem;</strong></span> <span class='ocrx_word' id='word_1_782' title='bbox 2503 4096 2558 4143; x_wconf 91' lang='lat' dir='ltr'><strong>et</strong></span> <span class='ocrx_word' id='word_1_783' title='bbox 2611 4089 2655 4143; x_wconf 93' lang='lat' dir='ltr'><strong>si</strong></span> <span class='ocrx_word' id='word_1_784' title='bbox 2700 4088 2786 4143; x_wconf 90' lang='lat' dir='ltr'><strong>hic</strong></span> <span class='ocrx_word' id='word_1_785' title='bbox 2831 4098 2972 4143; x_wconf 91' lang='lat' dir='ltr'><strong>esset</strong></span> <span class='ocrx_word' id='word_1_786' title='bbox 3024 4090 3133 4155; x_wconf 90' lang='lat' dir='ltr'><strong>ille,</strong></span> <span class='ocrx_word' id='word_1_787' title='bbox 3194 4103 3296 4142; x_wconf 94' lang='lat' dir='ltr'><strong>non</strong></span> <span class='ocrx_word' id='word_1_788' title='bbox 3352 4088 3454 4141; x_wconf 88' lang='lat' dir='ltr'><strong>hoc</strong></span> <span class='ocrx_word' id='word_1_789' title='bbox 3483 4104 3514 4141; x_wconf 88' lang='lat' dir='ltr'><strong>a</strong></span> <span class='ocrx_word' id='word_1_790' title='bbox 3549 4104 3637 4143; x_wconf 89' lang='lat' dir='ltr'><strong>me</strong></span> <span class='ocrx_word' id='word_1_791' title='bbox 3670 4100 3882 4157; x_wconf 76' lang='lat' dir='ltr'><strong>peteret.</strong></span> 
     </span>
    </p>
   </div>
   <div class='ocr_carea' id='block_1_100' title="bbox 2308 4177 3880 4248">
    <p class='ocr_par' dir='ltr' id='par_1_100' title="bbox 2308 4177 3880 4248">
     <span class='ocr_line' id='line_1_100' title="bbox 2308 4177 3880 4248; baseline 0.001 -17"><span class='ocrx_word' id='word_1_792' title='bbox 2308 4177 2595 4247; x_wconf 85' lang='lat' dir='ltr'><strong>Postquam</strong></span> <span class='ocrx_word' id='word_1_793' title='bbox 2646 4188 2823 4232; x_wconf 83' lang='lat' dir='ltr'><strong>autem</strong></span> <span class='ocrx_word' id='word_1_794' title='bbox 2864 4181 2911 4233; x_wconf 92' lang='lat' dir='ltr'><strong>ei</strong></span> <span class='ocrx_word' id='word_1_795' title='bbox 2940 4179 3073 4233; x_wconf 89' lang='lat' dir='ltr'><strong>dixit</strong></span> <span class='ocrx_word' id='word_1_796' title='bbox 3100 4178 3239 4248; x_wconf 91' lang='lat' dir='ltr'><strong>quod</strong></span> <span class='ocrx_word' id='word_1_797' title='bbox 3286 4178 3523 4233; x_wconf 86' lang='lat' dir='ltr'><strong>habebat</strong></span> <span class='ocrx_word' id='word_1_798' title='bbox 3571 4181 3625 4233; x_wconf 90' lang='lat' dir='ltr'><strong>in</strong></span> <span class='ocrx_word' id='word_1_799' title='bbox 3672 4180 3880 4241; x_wconf 84' lang='lat' dir='ltr'><strong>animo;</strong></span> 
     </span>
    </p>
   </div>
   <div class='ocr_carea' id='block_1_101' title="bbox 2311 4268 3882 4339">
    <p class='ocr_par' dir='ltr' id='par_1_101' title="bbox 2311 4268 3882 4339">
     <span class='ocr_line' id='line_1_101' title="bbox 2311 4268 3882 4339; baseline 0 -16"><span class='ocrx_word' id='word_1_800' title='bbox 2311 4269 2594 4324; x_wconf 90' lang='lat' dir='ltr'><strong>Dominum</strong></span> <span class='ocrx_word' id='word_1_801' title='bbox 2626 4286 2802 4324; x_wconf 88' lang='lat' dir='ltr'><strong>meum</strong></span> <span class='ocrx_word' id='word_1_802' title='bbox 2834 4280 2886 4324; x_wconf 89' lang='lat' dir='ltr'><strong>et</strong></span> <span class='ocrx_word' id='word_1_803' title='bbox 2914 4271 3110 4338; x_wconf 77' lang='lat' dir='ltr'><strong>Regem</strong></span> <span class='ocrx_word' id='word_1_804' title='bbox 3138 4270 3309 4323; x_wconf 91' lang='lat' dir='ltr'><strong>habeo</strong></span> <span class='ocrx_word' id='word_1_805' title='bbox 3340 4268 3536 4334; x_wconf 87' lang='lat' dir='ltr'><strong>Deum,</strong></span> <span class='ocrx_word' id='word_1_806' title='bbox 3570 4286 3731 4339; x_wconf 80' lang='lat' dir='ltr'><strong>quem</strong></span> <span class='ocrx_word' id='word_1_807' title='bbox 3754 4286 3882 4323; x_wconf 73' lang='lat' dir='ltr'><strong>sern-</strong></span> 
     </span>
    </p>
   </div>
   <div class='ocr_carea' id='block_1_102' title="bbox 2309 4362 3882 4432">
    <p class='ocr_par' dir='ltr' id='par_1_102' title="bbox 2309 4362 3882 4432">
     <span class='ocr_line' id='line_1_102' title="bbox 2309 4362 3882 4432; baseline -0.001 -16"><span class='ocrx_word' id='word_1_808' title='bbox 2309 4377 2404 4432; x_wconf 88' lang='lat' dir='ltr'><strong>per</strong></span> <span class='ocrx_word' id='word_1_809' title='bbox 2434 4362 2622 4425; x_wconf 87' lang='lat' dir='ltr'><strong>adoro,</strong></span> <span class='ocrx_word' id='word_1_810' title='bbox 2665 4372 2718 4415; x_wconf 90' lang='lat' dir='ltr'><strong>tu</strong></span> <span class='ocrx_word' id='word_1_811' title='bbox 2750 4370 2924 4415; x_wconf 89' lang='lat' dir='ltr'><strong>autem</strong></span> <span class='ocrx_word' id='word_1_812' title='bbox 2959 4376 3062 4413; x_wconf 91' lang='lat' dir='ltr'><strong>non</strong></span> <span class='ocrx_word' id='word_1_813' title='bbox 3094 4374 3151 4415; x_wconf 90' lang='lat' dir='ltr'><strong>es</strong></span> <span class='ocrx_word' id='word_1_814' title='bbox 3199 4376 3290 4414; x_wconf 87' lang='lat' dir='ltr'><strong>rex</strong></span> <span class='ocrx_word' id='word_1_815' title='bbox 3324 4375 3497 4423; x_wconf 88' lang='lat' dir='ltr'><strong>meus,</strong></span> <span class='ocrx_word' id='word_1_816' title='bbox 3534 4362 3626 4415; x_wconf 87' lang='lat' dir='ltr'><strong>ille</strong></span> <span class='ocrx_word' id='word_1_817' title='bbox 3658 4362 3882 4428; x_wconf 72' lang='lat' dir='ltr'><strong>pretium</strong></span> 
     </span>
    </p>
   </div>
   <div class='ocr_carea' id='block_1_103' title="bbox 2309 4451 3883 4520">
    <p class='ocr_par' dir='ltr' id='par_1_103' title="bbox 2309 4451 3883 4520">
     <span class='ocr_line' id='line_1_103' title="bbox 2309 4451 3883 4520; baseline -0.004 -10"><span class='ocrx_word' id='word_1_818' title='bbox 2309 4457 2543 4510; x_wconf 89' lang='lat' dir='ltr'><strong>evanuit.</strong></span> <span class='ocrx_word' id='word_1_819' title='bbox 2574 4453 2699 4509; x_wconf 58' lang='lat' dir='ltr'><strong>Hice</strong></span> <span class='ocrx_word' id='word_1_820' title='bbox 2732 4463 2905 4507; x_wconf 89' lang='lat' dir='ltr'><strong>autem</strong></span> <span class='ocrx_word' id='word_1_821' title='bbox 2929 4463 3174 4520; x_wconf 87' lang='lat' dir='ltr'><strong>tanquam</strong></span> <span class='ocrx_word' id='word_1_822' title='bbox 3199 4451 3265 4506; x_wconf 92' lang='lat' dir='ltr'><strong>de</strong></span> <span class='ocrx_word' id='word_1_823' title='bbox 3288 4452 3394 4505; x_wconf 90' lang='lat' dir='ltr'><strong>alio</strong></span> <span class='ocrx_word' id='word_1_824' title='bbox 3412 4452 3721 4517; x_wconf 72' lang='lat' dir='ltr'><strong>disserens,</strong></span> <span class='ocrx_word' id='word_1_825' title='bbox 3750 4451 3883 4503; x_wconf 81' lang='lat' dir='ltr'><strong>insti-</strong></span> 
     </span>
    </p>
   </div>
   <div class='ocr_carea' id='block_1_104' title="bbox 2311 4541 3880 4610">
    <p class='ocr_par' dir='ltr' id='par_1_104' title="bbox 2311 4541 3880 4610">
     <span class='ocr_line' id='line_1_104' title="bbox 2311 4541 3880 4610; baseline -0.006 -9"><span class='ocrx_word' id='word_1_826' title='bbox 2311 4556 2420 4601; x_wconf 86' lang='lat' dir='ltr'><strong>tuta</strong></span> <span class='ocrx_word' id='word_1_827' title='bbox 2447 4546 2572 4599; x_wconf 64' lang='lat' dir='ltr'><strong>vitae</strong></span> <span class='ocrx_word' id='word_1_828' title='bbox 2599 4559 2735 4610; x_wconf 67' lang='lat' dir='ltr'><strong>suae,</strong></span> <span class='ocrx_word' id='word_1_829' title='bbox 2768 4554 2820 4598; x_wconf 86' lang='lat' dir='ltr'><strong>ct</strong></span> <span class='ocrx_word' id='word_1_830' title='bbox 2848 4558 2935 4598; x_wconf 87' lang='lat' dir='ltr'><strong>res</strong></span> <span class='ocrx_word' id='word_1_831' title='bbox 2964 4550 3144 4610; x_wconf 83' lang='lat' dir='ltr'><strong>gestas</strong></span> <span class='ocrx_word' id='word_1_832' title='bbox 3196 4541 3406 4595; x_wconf 84' lang='lat' dir='ltr'><strong>volebat</strong></span> <span class='ocrx_word' id='word_1_833' title='bbox 3435 4543 3639 4597; x_wconf 84' lang='lat' dir='ltr'><strong>celare.</strong></span> <span class='ocrx_word' id='word_1_834' title='bbox 3670 4542 3773 4607; x_wconf 84' lang='lat' dir='ltr'><strong>Qui</strong></span> <span class='ocrx_word' id='word_1_835' title='bbox 3801 4558 3880 4595; x_wconf 74' lang='lat' dir='ltr'><strong>aa-</strong></span> 
     </span>
    </p>
   </div>
   <div class='ocr_carea' id='block_1_105' title="bbox 2312 4633 3879 4702">
    <p class='ocr_par' dir='ltr' id='par_1_105' title="bbox 2312 4633 3879 4702">
     <span class='ocr_line' id='line_1_105' title="bbox 2312 4633 3879 4702; baseline -0.001 -13"><span class='ocrx_word' id='word_1_836' title='bbox 2312 4647 2414 4691; x_wconf 86' lang='lat' dir='ltr'><strong>tem</strong></span> <span class='ocrx_word' id='word_1_837' title='bbox 2445 4651 2549 4689; x_wconf 87' lang='lat' dir='ltr'><strong>una</strong></span> <span class='ocrx_word' id='word_1_838' title='bbox 2581 4650 2700 4689; x_wconf 84' lang='lat' dir='ltr'><strong>cum</strong></span> <span class='ocrx_word' id='word_1_839' title='bbox 2750 4649 2815 4689; x_wconf 92' lang='lat' dir='ltr'><strong>eo</strong></span> <span class='ocrx_word' id='word_1_840' title='bbox 2862 4643 3014 4689; x_wconf 85' lang='lat' dir='ltr'><strong>erant</strong></span> <span class='ocrx_word' id='word_1_841' title='bbox 3046 4642 3244 4702; x_wconf 88' lang='lat' dir='ltr'><strong>patres,</strong></span> <span class='ocrx_word' id='word_1_842' title='bbox 3296 4649 3419 4687; x_wconf 92' lang='lat' dir='ltr'><strong>eum</strong></span> <span class='ocrx_word' id='word_1_843' title='bbox 3473 4633 3739 4687; x_wconf 84' lang='lat' dir='ltr'><strong>dicebant</strong></span> <span class='ocrx_word' id='word_1_844' title='bbox 3782 4636 3879 4687; x_wconf 62' lang='lat' dir='ltr'><strong>hac</strong></span> 
     </span>
    </p>
   </div>
   <div class='ocr_carea' id='block_1_106' title="bbox 2317 4727 2525 4781">
    <p class='ocr_par' dir='ltr' id='par_1_106' title="bbox 2317 4727 2525 4781">
     <span class='ocr_line' id='line_1_106' title="bbox 2317 4727 2525 4781; baseline -0.005 0"><span class='ocrx_word' id='word_1_845' title='bbox 2317 4727 2525 4781; x_wconf 81' lang='lat' dir='ltr'><strong>vidisse.</strong></span> 
     </span>
    </p>
   </div>
   <div class='ocr_carea' id='block_1_107' title="bbox 2383 4815 3874 4874">
    <p class='ocr_par' dir='ltr' id='par_1_107' title="bbox 2383 4815 3874 4874">
     <span class='ocr_line' id='line_1_107' title="bbox 2383 4815 3874 4874; baseline -0.002 -3"><span class='ocrx_word' id='word_1_846' title='bbox 2383 4818 2509 4871; x_wconf 76' lang='lat' dir='ltr'><strong>llmc</strong></span> <span class='ocrx_word' id='word_1_847' title='bbox 2536 4825 2593 4870; x_wconf 90' lang='lat' dir='ltr'><strong>et</strong></span> <span class='ocrx_word' id='word_1_848' title='bbox 2618 4817 2715 4870; x_wconf 91' lang='lat' dir='ltr'><strong>alia</strong></span> <span class='ocrx_word' id='word_1_849' title='bbox 2749 4817 2911 4870; x_wconf 89' lang='lat' dir='ltr'><strong>multa</strong></span> <span class='ocrx_word' id='word_1_850' title='bbox 2945 4816 3100 4871; x_wconf 90' lang='lat' dir='ltr'><strong>nobis</strong></span> <span class='ocrx_word' id='word_1_851' title='bbox 3145 4829 3365 4870; x_wconf 87' lang='lat' dir='ltr'><strong>narrans</strong></span> <span class='ocrx_word' id='word_1_852' title='bbox 3417 4815 3611 4869; x_wconf 86' lang='lat' dir='ltr'><strong>beatus</strong></span> <span class='ocrx_word' id='word_1_853' title='bbox 3638 4815 3874 4874; x_wconf 79' lang='lat' dir='ltr'><strong>Joannes.</strong></span> 
     </span>
    </p>
   </div>
   <div class='ocr_carea' id='block_1_108' title="bbox 2311 4907 3875 4975">
    <p class='ocr_par' dir='ltr' id='par_1_108' title="bbox 2311 4907 3875 4975">
     <span class='ocr_line' id='line_1_108' title="bbox 2311 4907 3875 4975; baseline -0.003 -14"><span class='ocrx_word' id='word_1_854' title='bbox 2311 4918 2382 4963; x_wconf 88' lang='lat' dir='ltr'><strong>et.</strong></span> <span class='ocrx_word' id='word_1_855' title='bbox 2398 4916 2505 4962; x_wconf 87' lang='lat' dir='ltr'><strong>tres</strong></span> <span class='ocrx_word' id='word_1_856' title='bbox 2534 4908 2649 4962; x_wconf 91' lang='lat' dir='ltr'><strong>dies</strong></span> <span class='ocrx_word' id='word_1_857' title='bbox 2680 4907 2745 4961; x_wconf 90' lang='lat' dir='ltr'><strong>ad</strong></span> <span class='ocrx_word' id='word_1_858' title='bbox 2772 4922 2966 4961; x_wconf 90' lang='lat' dir='ltr'><strong>nonam</strong></span> <span class='ocrx_word' id='word_1_859' title='bbox 2998 4921 3164 4975; x_wconf 81' lang='lat' dir='ltr'><strong>usque</strong></span> <span class='ocrx_word' id='word_1_860' title='bbox 3188 4907 3479 4971; x_wconf 89' lang='lat' dir='ltr'><strong>disserens,</strong></span> <span class='ocrx_word' id='word_1_861' title='bbox 3539 4917 3757 4959; x_wconf 87' lang='lat' dir='ltr'><strong>nostras</strong></span> <span class='ocrx_word' id='word_1_862' title='bbox 3793 4919 3875 4957; x_wconf 74' lang='grc' dir='ltr'><strong>α-</strong></span> 
     </span>
    </p>
   </div>
   <div class='ocr_carea' id='block_1_109' title="bbox 2314 5000 3865 5056">
    <p class='ocr_par' dir='ltr' id='par_1_109' title="bbox 2314 5000 3865 5056">
     <span class='ocr_line' id='line_1_109' title="bbox 2314 5000 3865 5056; baseline -0.001 -2"><span class='ocrx_word' id='word_1_863' title='bbox 2314 5001 2449 5055; x_wconf 91' lang='lat' dir='ltr'><strong>ravit</strong></span> <span class='ocrx_word' id='word_1_864' title='bbox 2474 5002 2694 5054; x_wconf 84' lang='lat' dir='ltr'><strong>animas.</strong></span> <span class='ocrx_word' id='word_1_865' title='bbox 2719 5001 2847 5055; x_wconf 90' lang='lat' dir='ltr'><strong>Cum</strong></span> <span class='ocrx_word' id='word_1_866' title='bbox 2878 5010 3054 5056; x_wconf 89' lang='lat' dir='ltr'><strong>autem</strong></span> <span class='ocrx_word' id='word_1_867' title='bbox 3079 5000 3311 5055; x_wconf 88' lang='lat' dir='ltr'><strong>dedisset</strong></span> <span class='ocrx_word' id='word_1_868' title='bbox 3340 5000 3488 5054; x_wconf 90' lang='lat' dir='ltr'><strong>nobis</strong></span> <span class='ocrx_word' id='word_1_869' title='bbox 3535 5000 3865 5053; x_wconf 78' lang='lat' dir='ltr'><strong>benedictio—</strong></span> 
     </span>
    </p>
   </div>
   <div class='ocr_carea' id='block_1_110' title="bbox 2316 5091 3872 5162">
    <p class='ocr_par' dir='ltr' id='par_1_110' title="bbox 2316 5091 3872 5162">
     <span class='ocr_line' id='line_1_110' title="bbox 2316 5091 3872 5162; baseline -0.001 -16"><span class='ocrx_word' id='word_1_870' title='bbox 2316 5108 2433 5156; x_wconf 83' lang='lat' dir='ltr'><strong>ncs,</strong></span> <span class='ocrx_word' id='word_1_871' title='bbox 2463 5093 2620 5160; x_wconf 84' lang='lat' dir='ltr'><strong>jussit</strong></span> <span class='ocrx_word' id='word_1_872' title='bbox 2647 5093 2725 5147; x_wconf 90' lang='lat' dir='ltr'><strong>ire</strong></span> <span class='ocrx_word' id='word_1_873' title='bbox 2751 5094 2804 5147; x_wconf 91' lang='lat' dir='ltr'><strong>in</strong></span> <span class='ocrx_word' id='word_1_874' title='bbox 2834 5107 2983 5161; x_wconf 75' lang='lat' dir='ltr'><strong>pace,</strong></span> <span class='ocrx_word' id='word_1_875' title='bbox 3034 5095 3186 5147; x_wconf 87' lang='lat' dir='ltr'><strong>nobis</strong></span> <span class='ocrx_word' id='word_1_876' title='bbox 3236 5106 3445 5162; x_wconf 88' lang='lat' dir='ltr'><strong>quoque</strong></span> <span class='ocrx_word' id='word_1_877' title='bbox 3489 5091 3631 5146; x_wconf 88' lang='lat' dir='ltr'><strong>dicta</strong></span> <span class='ocrx_word' id='word_1_878' title='bbox 3664 5094 3872 5162; x_wconf 67' lang='lat' dir='ltr'><strong>quadam</strong></span> 
     </span>
    </p>
   </div>
   <div class='ocr_carea' id='block_1_111' title="bbox 2317 5181 3875 5253">
    <p class='ocr_par' dir='ltr' id='par_1_111' title="bbox 2317 5181 3875 5253">
     <span class='ocr_line' id='line_1_111' title="bbox 2317 5181 3875 5253; baseline 0.001 -17"><span class='ocrx_word' id='word_1_879' title='bbox 2317 5184 2593 5252; x_wconf 81' lang='lat' dir='ltr'><strong>pmpbetla</strong></span> <span class='ocrx_word' id='word_1_880' title='bbox 2626 5200 2639 5237; x_wconf 90' lang='lat'><strong>:</strong></span> <span class='ocrx_word' id='word_1_881' title='bbox 2674 5184 2861 5247; x_wconf 85' lang='lat' dir='ltr'><strong>llodie,</strong></span> <span class='ocrx_word' id='word_1_882' title='bbox 2886 5184 3079 5249; x_wconf 86' lang='lat' dir='ltr'><strong>aiebat,</strong></span> <span class='ocrx_word' id='word_1_883' title='bbox 3116 5183 3348 5237; x_wconf 87' lang='lat' dir='ltr'><strong>nuntiata</strong></span> <span class='ocrx_word' id='word_1_884' title='bbox 3379 5192 3462 5238; x_wconf 88' lang='lat' dir='ltr'><strong>est</strong></span> <span class='ocrx_word' id='word_1_885' title='bbox 3506 5181 3625 5253; x_wconf 81' lang='lat'><strong>(95)</strong></span> <span class='ocrx_word' id='word_1_886' title='bbox 3658 5184 3875 5238; x_wconf 70' lang='lat' dir='ltr'><strong>Aleua-</strong></span> 
     </span>
    </p>
   </div>
   <div class='ocr_carea' id='block_1_112' title="bbox 2315 5276 3875 5344">
    <p class='ocr_par' dir='ltr' id='par_1_112' title="bbox 2315 5276 3875 5344">
     <span class='ocr_line' id='line_1_112' title="bbox 2315 5276 3875 5344; baseline -0.001 -14"><span class='ocrx_word' id='word_1_887' title='bbox 2315 5277 2447 5330; x_wconf 74' lang='lat' dir='ltr'><strong>drizc</strong></span> <span class='ocrx_word' id='word_1_888' title='bbox 2476 5276 2694 5330; x_wconf 85' lang='lat' dir='ltr'><strong>victoria</strong></span> <span class='ocrx_word' id='word_1_889' title='bbox 2730 5276 2965 5329; x_wconf 80' lang='lat' dir='ltr'><strong>maxime</strong></span> <span class='ocrx_word' id='word_1_890' title='bbox 2989 5276 3060 5342; x_wconf 88' lang='lat' dir='ltr'><strong>pii</strong></span> <span class='ocrx_word' id='word_1_891' title='bbox 3092 5276 3395 5342; x_wconf 83' lang='lat' dir='ltr'><strong>Theodosii,</strong></span> <span class='ocrx_word' id='word_1_892' title='bbox 3449 5285 3668 5344; x_wconf 86' lang='lat' dir='ltr'><strong>propter</strong></span> <span class='ocrx_word' id='word_1_893' title='bbox 3692 5276 3761 5330; x_wconf 87' lang='lat' dir='ltr'><strong>de</strong></span> <span class='ocrx_word' id='word_1_894' title='bbox 3782 5291 3875 5329; x_wconf 70' lang='lat' dir='ltr'><strong>ne-</strong></span> 
     </span>
    </p>
   </div>
   <div class='ocr_carea' id='block_1_113' title="bbox 2310 5368 3873 5439">
    <p class='ocr_par' dir='ltr' id='par_1_113' title="bbox 2310 5368 3873 5439">
     <span class='ocr_line' id='line_1_113' title="bbox 2310 5368 3873 5439; baseline -0.001 -17"><span class='ocrx_word' id='word_1_895' title='bbox 2310 5368 2400 5423; x_wconf 87' lang='lat' dir='ltr'><strong>dio</strong></span> <span class='ocrx_word' id='word_1_896' title='bbox 2422 5368 2690 5423; x_wconf 90' lang='lat' dir='ltr'><strong>sublatum</strong></span> <span class='ocrx_word' id='word_1_897' title='bbox 2722 5378 3003 5439; x_wconf 82' lang='lat' dir='ltr'><strong>tyrannum</strong></span> <span class='ocrx_word' id='word_1_898' title='bbox 3046 5368 3362 5437; x_wconf 84' lang='lat' dir='ltr'><strong>Eugenium,</strong></span> <span class='ocrx_word' id='word_1_899' title='bbox 3396 5378 3449 5423; x_wconf 88' lang='lat' dir='ltr'><strong>et</strong></span> <span class='ocrx_word' id='word_1_900' title='bbox 3476 5380 3692 5437; x_wconf 88' lang='lat' dir='ltr'><strong>oportet</strong></span> <span class='ocrx_word' id='word_1_901' title='bbox 3724 5371 3873 5435; x_wconf 70' lang='lat' dir='ltr'><strong>impc-</strong></span> 
     </span>
    </p>
   </div>
   <div class='ocr_carea' id='block_1_114' title="bbox 2312 5459 3873 5529">
    <p class='ocr_par' dir='ltr' id='par_1_114' title="bbox 2312 5459 3873 5529">
     <span class='ocr_line' id='line_1_114' title="bbox 2312 5459 3873 5529; baseline -0.001 -15"><span class='ocrx_word' id='word_1_902' title='bbox 2312 5468 2544 5516; x_wconf 91' lang='lat' dir='ltr'><strong>ratorem</strong></span> <span class='ocrx_word' id='word_1_903' title='bbox 2578 5460 2714 5515; x_wconf 89' lang='lat' dir='ltr'><strong>mori</strong></span> <span class='ocrx_word' id='word_1_904' title='bbox 2739 5468 2914 5515; x_wconf 89' lang='lat' dir='ltr'><strong>morte</strong></span> <span class='ocrx_word' id='word_1_905' title='bbox 2953 5460 3187 5529; x_wconf 89' lang='lat' dir='ltr'><strong>propria,</strong></span> <span class='ocrx_word' id='word_1_906' title='bbox 3234 5459 3373 5529; x_wconf 90' lang='lat' dir='ltr'><strong>quod</strong></span> <span class='ocrx_word' id='word_1_907' title='bbox 3429 5460 3645 5527; x_wconf 85' lang='lat' dir='ltr'><strong>quidem</strong></span> <span class='ocrx_word' id='word_1_908' title='bbox 3704 5474 3873 5514; x_wconf 65' lang='lat' dir='ltr'><strong>rever:</strong></span> 
     </span>
    </p>
   </div>
   <div class='ocr_carea' id='block_1_115' title="bbox 2320 5550 3868 5621">
    <p class='ocr_par' dir='ltr' id='par_1_115' title="bbox 2320 5550 3868 5621">
     <span class='ocr_line' id='line_1_115' title="bbox 2320 5550 3868 5621; baseline -0.004 -16"><span class='ocrx_word' id='word_1_909' title='bbox 2320 5551 2390 5605; x_wconf 90' lang='lat' dir='ltr'><strong>ita</strong></span> <span class='ocrx_word' id='word_1_910' title='bbox 2422 5551 2537 5607; x_wconf 83' lang='lat' dir='ltr'><strong>fieri</strong></span> <span class='ocrx_word' id='word_1_911' title='bbox 2564 5551 2807 5621; x_wconf 83' lang='lat' dir='ltr'><strong>contigit.</strong></span> <span class='ocrx_word' id='word_1_912' title='bbox 2864 5550 3080 5606; x_wconf 84' lang='lat' dir='ltr'><strong>Licebat</strong></span> <span class='ocrx_word' id='word_1_913' title='bbox 3132 5560 3309 5604; x_wconf 88' lang='lat' dir='ltr'><strong>autem</strong></span> <span class='ocrx_word' id='word_1_914' title='bbox 3338 5564 3560 5605; x_wconf 88' lang='lat' dir='ltr'><strong>cernere</strong></span> <span class='ocrx_word' id='word_1_915' title='bbox 3592 5553 3868 5604; x_wconf 67' lang='lat' dir='ltr'><strong>ntultilIsli-</strong></span> 
     </span>
    </p>
   </div>
   <div class='ocr_carea' id='block_1_116' title="bbox 2315 5642 3869 5711">
    <p class='ocr_par' dir='ltr' id='par_1_116' title="bbox 2315 5642 3869 5711">
     <span class='ocr_line' id='line_1_116' title="bbox 2315 5642 3869 5711; baseline -0.001 -15"><span class='ocrx_word' id='word_1_916' title='bbox 2315 5657 2435 5696; x_wconf 90' lang='lat' dir='ltr'><strong>nem</strong></span> <span class='ocrx_word' id='word_1_917' title='bbox 2459 5655 2642 5696; x_wconf 89' lang='lat' dir='ltr'><strong>eorum</strong></span> <span class='ocrx_word' id='word_1_918' title='bbox 2667 5643 2757 5711; x_wconf 86' lang='lat' dir='ltr'><strong>qui</strong></span> <span class='ocrx_word' id='word_1_919' title='bbox 2784 5656 2904 5696; x_wconf 90' lang='lat' dir='ltr'><strong>cum</strong></span> <span class='ocrx_word' id='word_1_920' title='bbox 2934 5642 3049 5710; x_wconf 90' lang='lat' dir='ltr'><strong>ipso</strong></span> <span class='ocrx_word' id='word_1_921' title='bbox 3072 5648 3222 5695; x_wconf 89' lang='lat' dir='ltr'><strong>erant</strong></span> <span class='ocrx_word' id='word_1_922' title='bbox 3239 5642 3621 5695; x_wconf 82' lang='lat' dir='ltr'><strong>monachorum</strong></span> <span class='ocrx_word' id='word_1_923' title='bbox 3642 5642 3697 5693; x_wconf 90' lang='lat' dir='ltr'><strong>in</strong></span> <span class='ocrx_word' id='word_1_924' title='bbox 3718 5642 3869 5695; x_wconf 67' lang='lat' dir='ltr'><strong>eccle-</strong></span> 
     </span>
    </p>
   </div>
   <div class='ocr_carea' id='block_1_117' title="bbox 2317 5730 3863 5802">
    <p class='ocr_par' dir='ltr' id='par_1_117' title="bbox 2317 5730 3863 5802">
     <span class='ocr_line' id='line_1_117' title="bbox 2317 5730 3863 5802; baseline -0.001 -17"><span class='ocrx_word' id='word_1_925' title='bbox 2317 5734 2416 5797; x_wconf 90' lang='lat' dir='ltr'><strong>sia,</strong></span> <span class='ocrx_word' id='word_1_926' title='bbox 2442 5731 2606 5786; x_wconf 91' lang='lat' dir='ltr'><strong>velnti</strong></span> <span class='ocrx_word' id='word_1_927' title='bbox 2636 5731 2891 5802; x_wconf 90' lang='lat' dir='ltr'><strong>quosdam</strong></span> <span class='ocrx_word' id='word_1_928' title='bbox 2911 5732 3172 5800; x_wconf 71' lang='lat' dir='ltr'><strong>iustorum</strong></span> <span class='ocrx_word' id='word_1_929' title='bbox 3195 5730 3413 5793; x_wconf 89' lang='lat' dir='ltr'><strong>choros,</strong></span> <span class='ocrx_word' id='word_1_930' title='bbox 3436 5730 3625 5783; x_wconf 86' lang='lat' dir='ltr'><strong>lucidis</strong></span> <span class='ocrx_word' id='word_1_931' title='bbox 3650 5733 3863 5785; x_wconf 69' lang='lat' dir='ltr'><strong>vestibus</strong></span> 
     </span>
    </p>
   </div>
   <div class='ocr_carea' id='block_1_118' title="bbox 2315 5819 3740 5893">
    <p class='ocr_par' dir='ltr' id='par_1_118' title="bbox 2315 5819 3740 5893">
     <span class='ocr_line' id='line_1_118' title="bbox 2315 5819 3740 5893; baseline 0 -18"><span class='ocrx_word' id='word_1_932' title='bbox 2315 5820 2553 5893; x_wconf 90' lang='lat' dir='ltr'><strong>indutos,</strong></span> <span class='ocrx_word' id='word_1_933' title='bbox 2581 5832 2634 5880; x_wconf 89' lang='lat' dir='ltr'><strong>et</strong></span> <span class='ocrx_word' id='word_1_934' title='bbox 2665 5821 2873 5893; x_wconf 84' lang='lat' dir='ltr'><strong>hymnis</strong></span> <span class='ocrx_word' id='word_1_935' title='bbox 2904 5820 3131 5878; x_wconf 81' lang='lat' dir='ltr'><strong>assiduis</strong></span> <span class='ocrx_word' id='word_1_936' title='bbox 3157 5819 3325 5877; x_wconf 89' lang='lat' dir='ltr'><strong>Deum</strong></span> <span class='ocrx_word' id='word_1_937' title='bbox 3356 5822 3740 5890; x_wconf 77' lang='lat' dir='ltr'><strong>glorificantes.</strong></span> 
     </span>
    </p>
   </div>
  </div>
