4096 6502
196 371 339 438 1129

192 577 397 633 πίασε·
450 574 695 630 κατενόει
744 573 807 626 δέ
857 572 1121 627 πάντοθεν
1153 572 1344 625 ἐαυτοῦ
1390 570 1575 642 κύκλῳ
1617 588 1779 642 περι-

194 668 420 723 σκοπῶν
452 666 607 720 είπου
641 664 1004 736 μοναστήριον
1045 662 1369 733 ἀναφανείη,
1396 663 1491 716 καὶ
1522 662 1776 714 εἰσελθὼν

191 736 583 829 ἀναπαύσηται
602 774 617 791 ·
648 758 785 828 ὅπερ
822 755 914 810 καὶ
943 756 1165 827 γέγονεν
1184 773 1198 786 ο
1235 752 1650 823 ὑποδεξαμένων
1677 754 1777 805 αὑ-

190 855 287 908 τὸν
322 869 489 907 τινων
518 848 762 903 εὐλαδῶν
796 849 891 902 καὶ⁹
921 846 1128 901 πιστῶν
1159 846 1405 916 ἀδελφῶν
1429 862 1442 876 α
1474 844 1522 897 οἳ
1562 845 1636 908 ὡς
1671 845 1779 897 [Ια.

188 946 330 1016 τέρα
378 944 600 1014 γνήσιον
628 939 953 1008 θεασάμενοι
984 938 1173 1008 ἕνιψαν
1204 936 1302 1007 τὴν
1331 935 1452 1005 ὄψιν
1489 933 1655 989 αὑτοῦ
1684 933 1780 987 καὶ

188 1037 321 1099 τούς
356 1035 545 1097 πόδας,
593 1033 688 1086 καὶ
734 1032 1023 1103 εὐξάμενοι
1075 1031 1352 1102 τράπεζαν
1404 1026 1774 1098 παραθέντες,

190 1126 305 1180 τῶν
357 1123 690 1198 εὑρεθέντων
738 1123 923 1195 ἠξίουν
976 1123 1114 1194 μετά
1150 1122 1372 1189 ἀγάπης
1431 1118 1775 1190 μεταλαϐεῖν.

201 1218 295 1281 Ὠς
322 1217 384 1270 δέ
420 1216 759 1285 ἀνεκτήσατο
780 1257 795 1281 ,
831 1214 991 1285 ᾔτουν
1026 1212 1301 1283 σωτηρίας
1335 1210 1491 1279 λόγον
1519 1210 1650 1280 παρ’
1681 1209 1779 1263 αὑ-

187 1306 287 1361 τοῦ
317 1308 368 1360 οἱ
396 1306 617 1376 ἀδελφοὶ
645 1305 918 1372 λέγεσθαι,
946 1305 1042 1356 καὶ
1068 1304 1208 1366 οἵαις
1230 1302 1505 1373 μεθοδίαις
1534 1301 1780 1354 δύναιντο

193 1398 442 1468 σωθῆναι
475 1400 539 1450 ἐκ
566 1396 666 1464 τῆς
694 1394 789 1449 τοῦ
818 1396 1063 1448 διαϐόλου
1105 1394 1353 1462 παγίδος,
1390 1394 1487 1446 καί
1516 1391 1633 1453 πῶς
1667 1389 1777 1443 τῶν

188 1488 440 1559 αἰσχρῶν
488 1487 763 1557 λογισμῶν
814 1485 1233 1555 περιγένωνται.
1301 1484 1357 1537 '0
1387 1484 1444 1536 δὲ
1486 1483 1670 1542 αὐτοῖς
1705 1480 1776 1545 ὼς

188 1584 382 1653 πατὴρ
430 1582 597 1635 τέκνα
644 1579 910 1633 νουθετῶν
962 1578 1196 1649 παρῄνει
1240 1578 1673 1647 προσκαρτερεῖν
1720 1576 1780 1627 ἐν

185 1678 305 1738 τοῖς
348 1675 536 1737 πόνοις
585 1672 764 1740 ὀλίγον
809 1670 1038 1741 ὕστερον
1082 1672 1162 1732 εἰς
1212 1669 1520 1722 ἀνάπαυσιν
1578 1665 1778 1735 πολλὴν

1435 366 1802 429 HISTORIA
1838 366 2230 427 LAUSIACA.

192 484 533 557 ἀπεχούσης,
564 482 661 538 καὶ
691 481 783 538 τοῦ
820 482 1101 554 καύματος
1141 480 1303 536 αὑτὸν
1341 480 1616 545 θλίϐοντος
1653 482 1775 536 ἐκο-
1807 486 1854 541 Λ

1959 480 2122 534 Ὥστε
2166 478 2263 536 οῦν
2317 480 2413 534 καὶ
2459 482 2617 552 ὑμεῖς
2664 484 2762 554 τὴν
2825 484 3051 555 ἡσυχίαν
3092 486 3457 556 μεταδιώξατε

1882 573 2019 644 πρὸς
2060 574 2159 645 τὴν
2189 573 2425 645 θεωρίαν
2475 576 2563 629 ἀεὶ
2610 576 3039 648 γυμναζόμενοι,
3076 579 3161 632 ἰνα
3222 580 3462 652 καθαρόν

1882 665 2007 723 νοῦν
2074 666 2353 738 κτήσησθε
2426 667 2505 737 τῷ
2572 669 2691 739 Θεῷ
2763 670 3209 740 προσευχόμενοι.
3279 672 3461 734 Καλὸς

1883 758 1981 829 μὲν
2012 759 2121 829 γὰρ
2144 759 2395 823 κάκεῖνος
2424 761 2452 813 6
2482 760 2730 831 ἀσκητὴς
2751 762 2779 813 6
2810 762 3051 832 συνεχῶς
3082 764 3139 816 ἐν
3161 761 3240 833 τῷ
3272 763 3460 833 κόσμῳ

1880 848 2312 921 γυμναζόμενος,
2368 852 2462 905 καὶ
2530 854 2660 923 περί
2706 853 2803 916 τάς
2855 853 3023 916 καλὰς
3076 854 3303 925 πράξεις
3363 856 3458 908 ἐπ-

1882 943 2301 1014 ασχολούμενος,
2350 944 2379 996 6
2437 944 2535 1015 τὴν
2567 944 2929 1013 φιλαδελφίαν
2965 944 3409 1015 ἐπιδεικνύμενος
3442 986 3457 1010 ,

1881 1033 1975 1087 καὶ
2021 1033 2119 1104 τὴν
2166 1032 2491 1101 φιλοξενίαν,
2537 1035 2631 1087 καὶ
2678 1036 2921 1107 ἀγάπην,
2955 1036 3048 1087 καὶ
3092 1034 3461 1104 ἐλεημοσύνας

1880 1121 2363 1193 διαπραττόμενος,
2395 1122 2487 1174 καὶ
2533 1121 2839 1192 εὐεργετῶν
2882 1125 3009 1185 τοὺς
3046 1124 3320 1193 παρόντας
3368 1124 3461 1176 καὶ

1882 1215 1993 1276 τοῖς
2027 1213 2295 1283 κάμνουσι
2321 1213 2553 1283 βοηθῶν,
2590 1214 2680 1266 καὶ
2706 1214 3137 1277 άσκασδάλιστος
3161 1214 3453 1284 διαμένων.

1881 1304 2062 1367 Καλὸς
2097 1305 2197 1374 μὲν
2225 1296 2379 1368 οὗτος
2422 1305 2517 1358 καὶ
2555 1307 2697 1357 πάνυ
2750 1305 2914 1365 καλός
2947 1322 2961 1335 ο
2996 1307 3297 1376 πρακτικὸς
3348 1308 3458 1379 γάρ

1880 1388 2035 1457 οὗτος
2065 1394 2157 1447 καὶ
2186 1395 2426 1467 ἐργάτης
2466 1396 2584 1448 ἐστί
2637 1396 2745 1449 τῶν
2790 1394 3041 1461 ἐντολῶν,
3072 1396 3208 1449 ἀλλά
3238 1399 3364 1467 περὶ
3394 1400 3459 1449 τὰ

1880 1486 2043 1557 γήϊνα
2078 1487 2412 1556 ἀσχολεῖται.
2448 1488 2728 1558 Κρείττων
2761 1505 2824 1555 γε
2865 1489 2972 1558 μὴν
2998 1487 3188 1540 τούτου
3219 1490 3314 1541 καὶ
3346 1490 3461 1559 μεί-

1882 1578 1989 1642 ζων
2022 1582 2049 1632 ό
2076 1579 2411 1651 θεωρητικὸς
2443 1581 2651 1644 ἐκεῖνος
2672 1582 2699 1634 6
2748 1581 2855 1634 ἀπὸ
2882 1581 2988 1634 τῶν
3030 1582 3347 1653 πρακτικῶν
3368 1583 3461 1634 ἐπὶ

1879 1671 1976 1742 τὴν
2006 1670 2188 1740 νόησιν
2216 1671 2564 1743 ἀναδραμὼν,
2587 1673 2783 1744 παρεὶς
2816 1672 3022 1743 ἑτέροις
3052 1672 3223 1746 ταῦτα
3244 1674 3434 1743 φροντί

190 1765 651 1839 μεθισταμένοις·
703 1764 799 1816 καὶ
852 1761 1025 1815 πολλά
1085 1761 1248 1832 ἕτερα
1304 1759 1433 1830 περὶ
1492 1759 1779 1827 ἀσκήσεως
1810 1827 1847 1839 ἢ
1882 1765 2033 1829 ζειν,
2091 1765 2253 1828 αὐτὸς
2314 1764 2369 1818 δέ
2422 1765 2513 1819 καὶ
2562 1766 2753 1819 ἑαυτὸν
2812 1766 3308 1837 ἀπαρνησάμενος,
3365 1766 3460 1817 καὶ

186 1827 381 1921 ἷιῠτοῖς
427 1827 809 1925 διαλεγόμενος
855 1852 978 1907 λίαν
1008 1827 1278 1922 ὠφέλησε.
1328 1827 1683 1918 Πὰυσάμενος
1718 1846 1776 1900 δὲ
1810 1827 1850 1881 Β
1880 1827 2075 1910 ἑαυτοῦ
2126 1856 2301 1927 λήθην
2360 1855 2498 1925 ἔχων
2555 1827 3123 1926 πολυπραγμονεῖ-τά
3184 1827 3411 1925 οὐράνια
3440 1896 3455 1919 ,

186 1952 290 2019 τῆς
316 1948 623 2012 νουθεσίας,
652 1948 746 2001 καὶ
771 1947 967 2019 μικρὸν
986 1948 1043 2000 ἐν
1070 1944 1246 2015 ἐαυτῷ
1277 1942 1579 2012 γινόμενος,
1610 1939 1780 1992 διελο-

188 2042 383 2110 γίζετο
440 2039 554 2103 πῶς
619 2039 813 2102 ἄλλους
865 2036 1134 2093 νουθετῶν
1191 2034 1354 2097 αὐτὸς
1418 2030 1777 2100 ἀνουθέτητος

186 2134 431 2203 ἔμεινεν.
489 2132 600 2185 Καὶ
630 2130 861 2184 συνιδὼν
908 2129 1101 2185 ἐαυτοῦ
1142 2126 1242 2198 τὴν
1283 2122 1475 2199 ἧτταν,
1521 2124 1779 2195 δρομαῖος

186 2226 358 2281 πάλιν
381 2225 477 2279 ἐπὶ
508 2224 609 2292 τὴν
640 2223 846 2294 ἔρημον
872 2221 1089 2293 ἐχώρει,
1130 2218 1531 2288 ἀποδυρόμενος
1562 2213 1775 2279 ἐαυτὸν,

184 2318 303 2386 καὶ,
328 2317 529 2386 λέγων,
587 2315 649 2369 Εἰ
684 2316 758 2385 μὴ
807 2315 890 2368 ὅτι
929 2312 1133 2383 Κύριος
1172 2310 1437 2382 ἐϐοήθησέ
1484 2325 1594 2378 μοι,
1629 2304 1779 2374 παρά

186 2410 371 2480 βραχὺ
421 2407 723 2478 παρῴκησε
776 2404 855 2475 τῷ
904 2404 1006 2476 ᾄδῃ
1041 2404 1075 2474 ἡ
1127 2402 1272 2472 ψυχή
1307 2416 1441 2469 μου⁹
1483 2398 1610 2463 καὶ,
1645 2396 1776 2466 παρ’

183 2503 374 2572 ὀλίγον
396 2502 667 2571 ἐγενόμην
694 2502 751 2553 ἐν
788 2498 954 2551 παντὶ
997 2495 1185 2565 κακῶ·
1220 2492 1374 2563 παρά
1416 2491 1612 2562 μικρὸν
1653 2506 1779 2543 συν-

184 2595 448 2651 ετέλεσάν
481 2612 547 2664 με
571 2594 628 2645 ἐν
648 2594 712 2662 τῇ
749 2593 817 2661 γῇ
834 2630 850 2656 ,
886 2589 981 2643 καί
1006 2588 1229 2657 γέγονεν
1262 2584 1511 2655 ἐπάὑτῴ
1538 2583 1597 2636 τὸ
1623 2583 1777 2653 εἰρη-

188 2688 379 2756 μένον,
416 2684 668 2753 Ἀδελφδς
720 2683 823 2736 ὑπὸ
860 2680 1091 2749 ἀδελφοῦ
1123 2677 1482 2750 βοηθούμενος
1510 2676 1585 2737 ὡς
1623 2674 1780 2738 πόλις

189 2779 417 2850 ἰσχυρὰ,
460 2779 556 2830 καὶ
605 2775 682 2839 ὡς
729 2777 907 2843 τεῖχος
946 2772 1217 2826 ἄπτωτον.
1272 2768 1382 2823 Καὶ
1431 2768 1552 2821 τότε
1600 2765 1777 2819 ἐκεῖθε

184 2873 377 2928 λοιπὸν
408 2870 624 2925 πενθῶν
669 2867 894 2921 διετέλει
942 2865 1125 2919 πάντα
1148 2864 1239 2917 τὸν
1280 2862 1415 2933 βίον,
1455 2859 1556 2931 τὴν
1592 2858 1777 2912 θεόθεν

184 2963 475 3035 τράπεζαν
505 2959 838 3031 ζημιωθεὶς,
885 2957 983 3011 καὶ
1019 2955 1157 3028 μετὰ
1202 2954 1453 3024 καμάτου
1482 2953 1574 3005 τὸν
1612 2953 1777 3020 ἄρτον

186 3056 361 3112 αὐτοῦ
406 3053 786 3125 ποριζόμενος.
832 3048 1140 3120 Καθείρξας
1191 3047 1301 3118 γὰρ
1351 3045 1542 3100 ἐαυτὸν
1592 3045 1651 3097 ἐν
1697 3042 1776 3114 τῷ

1882 1946 2102 2010 εὑλυτος
2124 1949 2341 2002 πάντων
2365 1946 2443 2017 τῷ
2469 1945 2587 2016 Θεῴ
2613 1946 3048 2017 παριστάμενος,
3081 1946 3173 1999 ὑπ’
3200 1946 3457 2014 οὐδεμιᾶς

1883 2039 2163 2111 φροντίδος
2198 2039 2395 2110 ἐτέρας
2432 2037 2656 2091 ὄπισθεν
2690 2040 3144 2107 κατασπώμενος.
3181 2036 3242 2091 Ὀ
3286 2036 3461 2091 τοιοῦ-

1878 2149 1968 2195 τος
2002 2131 2109 2202 γάρ
2141 2129 2263 2201 Θεῷ
2310 2129 2555 2197 συνάγει,
2575 2128 2695 2199 Θεῷ
2737 2128 3227 2201 συμπολιτεύεται,
3276 2128 3459 2184 ἀπαύ-

1883 2237 2028 2285 στοις
2070 2219 2266 2290 ὕμνοις
2304 2220 2392 2272 ἀεὶ
2434 2217 2619 2290 ὑμνῶν
2649 2217 2802 2273 Θεόν.

1950 2417 2082 2476 υἶδα
2110 2422 2217 2493 γάρ
2240 2421 2352 2490 ἐγὼ
2378 2421 2668 2491 ἄνθρωπον
2696 2421 2755 2476 ἐν
2792 2424 2857 2493 τῇ
2888 2422 3102 2493 ἐρήμῳ,
3140 2421 3306 2491 μηδὲν
3335 2422 3462 2490 γήϊ-

1879 2530 1969 2567 νον
2005 2512 2200 2582 βρῶμα
2229 2511 2325 2563 ἐπὶ
2356 2510 2489 2564 δέκα
2520 2510 2613 2581 έτη
2654 2513 2992 2581 γευσαμένον
3016 2526 3030 2541 ·
3072 2509 3190 2565 ἀλλ’
3224 2510 3459 2577 ἄγγελος

1878 2604 2027 2674 αὐτῷ
2066 2602 2208 2656 κατά
2236 2604 2384 2672 τρεῖς
2425 2602 2637 2673 ἡμέρας
2664 2602 2915 2674 οὐράνιον
2952 2601 3150 2674 βρῶμα
3182 2598 3458 2670 ἐκόμιζεν.

1879 2696 1971 2748 καὶ
2020 2692 2245 2748 ἔϐαλλεν
2275 2691 2442 2747 αὑτοῦ
2504 2693 2585 2755 εἰς
2631 2692 2692 2745 τὸ
2734 2693 2931 2761 στόμα,
2980 2690 3265 2745 καὶτοῦτο
3312 2690 3462 2761 αὐτῷ

1878 2786 2000 2840 ἀντὶ
2032 2785 2239 2858 τροφῆς
2268 2783 2362 2836 καὶ
2405 2783 2570 2836 πότου
2604 2783 2834 2851 ἐγίνετο.
2859 2782 2970 2837 Καὶ
3003 2779 3121 2836 οἶδα
3150 2782 3240 2835 τόν
3281 2779 3428 2835 τοιοῦ

1877 2894 1968 2929 τον
2034 2876 2344 2947 ἄνθρωπον,
2380 2875 2462 2927 ὅτι
2514 2870 2679 2945 ἦλθον
2730 2876 2867 2945 πρὸς
2929 2874 3093 2928 αὑτὸν
3136 2876 3193 2930 ἐν
3252 2890 3460 2945 φαντα-

1879 2968 2020 3031 σίαις
2082 2970 2131 3020 οἰ
2186 2967 2477 3038 δαίμονες,
2555 2968 2851 3036 ἀγγελικάς
2930 2968 3191 3039 στρατιάς
3260 2965 3461 3019 ἐπιδεί-

1878 3076 2119 3125 κνυντες,
2145 3059 2237 3112 καὶ
2265 3059 2486 3131 ἆρματα
2505 3062 2693 3126 πυρὸς,
2718 3058 2813 3112 καὶ
2845 3057 3137 3130 δορυφορία
3157 3056 3324 3129 πολλὴ
3358 3056 3457 3128 [αι.

188 3146 470 3217 σπηλαίῳ,
516 3145 611 3198 καὶ
654 3143 859 3197 σάκκον
911 3140 1007 3193 καὶ
1053 3138 1246 3193 σποδὸν
1292 3136 1673 3208 ὑποστρώσας,
1708 3136 1770 3188 οὗ
1800 3163 1842 3221 c
1875 3152 2201 3223 δορυφορίαν
2228 3151 2475 3223 πολλὴν],
2498 3148 2587 3206 οἷά
2606 3168 2663 3204 τε
2682 3148 2942 3220 βασιλέως
2968 3148 3111 3211 τινὸς
3136 3146 3461 3219 ἐπιδημοῦν-

186 3240 459 3310 πρότερον
490 3236 691 3305 ἀνέστη
741 3233 1011 3305 χαμόθεν,
1042 3232 1163 3285 οὐδὲ
1194 3231 1469 3285 ἐπαύσατο
1503 3228 1767 3299 ἀποδυρό-

190 3345 377 3398 μενος,
423 3326 529 3389 ἓως
568 3324 753 3394 φωνῆς
796 3325 1027 3377 ἀκοῦσαι
1074 3322 1311 3390 ἀγγέλου
1348 3321 1598 3389 λέγοντος
1632 3319 1769 3391 πρὸς

185 3419 354 3473 αὐτὸν
383 3418 503 3470 κατ’
535 3415 688 3485 δναρο
714 3412 1012 3478 Ἐδέξατοό
1034 3412 1166 3475 Θεὸς
1194 3412 1291 3481 τὴν
1324 3410 1613 3481 μετάνοιάν
1650 3426 1767 3475 σου,

187 3511 285 3565 καὶ
313 3508 516 3579 ἠλέησέ
544 3524 659 3574 σου,
708 3507 803 3559 καὶ
838 3504 933 3559 τοῦ
972 3504 1183 3571 λοιποῦ,
1218 3507 1319 3575 ὅρα
1350 3503 1425 3575 μὴ
1463 3502 1767 3572 ἀπαηθῇς.

201 3600 547 3653 Ἐλεύσονται
567 3598 622 3651 δὲ
639 3598 690 3650 οἰ
720 3596 941 3666 ἀδελφοὶ
961 3596 1095 3665 πρὸς
1118 3596 1198 3660 σὲ,
1221 3593 1657 3666 παρακαλοῦντές
1687 3609 1767 3658 σε,

186 3692 285 3755 οὓς
332 3690 399 3744 σὺ
446 3688 826 3758 ἐνουθέτησας,
863 3688 958 3740 καὶ
988 3685 1239 3756 κομιοῦσί
1270 3703 1352 3738 σοι
1397 3684 1674 3752 εὐλογίας,
1704 3682 1770 3745 ἃς

189 3782 596 3852 ὑποδεξάμενος
648 3778 936 3851 μεταλήψῃ
994 3779 1090 3831 σὺν
1138 3778 1339 3843 αὐτοῖς,
1374 3777 1470 3829 καὶ
1523 3774 1602 3845 τῷ
1651 3774 1771 3844 Θεῷ

187 3873 491 3935 διαπαντὸς
512 3872 954 3942 εὐχαριστήσεις.
991 3870 1178 3924 Ταῦτα
1197 3869 1310 3933 οῦν,
1342 3862 1388 3922 ὦ
1420 3867 1608 3933 τέκνα,
1641 3868 1771 3936 ὑμῖν

190 3967 588 4038 ὑφηγησάμην,
649 3965 735 4019 ἵνα
798 3963 898 4035 τὴν
964 3962 1470 4033 ταπεινοφροσύνην
1544 3960 1772 4031 πρώτην

189 4062 497 4130 ἀσκήσητε,
546 4059 647 4112 κάν
678 4060 734 4111 ἐν
773 4057 1029 4128 μεγάλοις
1059 4055 1250 4126 δόξητε
1293 4053 1453 4108 εἶναι.
1486 4052 1633 4123 Δῦτη
1664 4051 1772 4124 γάρ

190 4158 343 4209 ἐστιν
370 4153 407 4224 ἠ
454 4153 644 4223 πρώτη
688 4150 782 4204 τοῦ
814 4149 1067 4219 Σωτῆρος
1093 4148 1303 4219 ἐντολὴ,
1333 4149 1582 4217 λέγοντος
1608 4162 1622 4176 ’
1653 4148 1774 4201 Μα-

190 4247 378 4317 κάριοι
426 4245 477 4297 οἰ
521 4244 728 4313 πτωχοὶ
770 4242 850 4314 τῷ
902 4242 1196 4313 πνεύματι,
1234 4242 1316 4294 ὅτι
1348 4241 1528 4295 αὐτῶν
1560 4241 1769 4311 ἐστινὴ

192 4336 448 4408 βασιλεία
484 4335 593 4388 τῶν
641 4335 888 4402 οὐρανῶν
909 4349 926 4365 ·
958 4334 1053 4388 καὶ
1084 4331 1171 4387 ἵνα
1204 4332 1280 4403 μη
1323 4332 1639 4403 ἀπατηθῆτε
1670 4332 1774 4385 ὑπὸ

188 4430 301 4482 τῶν
330 4429 623 4497 δαιμόνων,
652 4427 750 4490 τάς
773 4427 1079 4497 φαντασίας
1109 4427 1237 4497 ὑμῖν
1267 4424 1589 4495 ἐγειρόντων
1610 4442 1624 4457 '
1658 4425 1773 4479 ἀλλ’

188 4522 288 4575 ἐάν
319 4538 404 4581 τις
436 4520 567 4591 έλθῃ
596 4521 731 4588 πρὸς
762 4519 905 4587 ὑμᾶς
935 4517 1183 4587 ἀδελφὸς,
1213 4518 1245 4588 ἢ
1282 4516 1453 4585 φίλος,
1484 4516 1517 4586 ἢ
1552 4515 1711 4587 γυνὴ,
1738 4516 1771 4585 ἦ
1808 4527 1848 4580 Β

190 4609 399 4680 πατὴρ,
428 4610 461 4679 ἢ
498 4610 701 4679 μήτηρ,
734 4608 766 4677 ἦ
794 4607 1039 4675 ἀδελφὸς,
1065 4608 1098 4679 ἥ
1134 4606 1475 4671 διδάσκαλος,
1503 4606 1536 4677 ἢ
1562 4608 1710 4668 παῖς,
1742 4606 1775 4675 ἢ

189 4699 443 4767 οἰκέτης,
472 4698 687 4768 πρῶτον
710 4698 788 4760 εἰς
812 4698 1116 4768 προσευχὴν
1138 4696 1237 4759 τὰς
1262 4700 1450 4766 χεῖρας
1479 4697 1775 4760 ἐκτείνατε,

191 4792 289 4848 καὶ
316 4787 461 4863 ἐάνῇ
489 4791 803 4859 φάντασμα,
833 4790 1090 4858 φεύξεται
1108 4790 1199 4859 ἀφ’
1234 4790 1404 4859 ὑμῶν’
1436 4789 1537 4844 κᾶν
1557 4789 1778 4843 ἀπατῶ-

192 4903 280 4938 σιν
312 4885 458 4954 ὑμᾶς
487 4885 535 4936 οί
554 4883 808 4952 δαίμονες
835 4882 867 4952 ἢ
902 4882 1181 4952 ἄνθρωποι
1214 4882 1602 4943 κολακεύοντες
1634 4881 1779 4951 ὑμᾶς

192 4977 289 5029 καὶ
312 4972 689 5040 ἐπαινοῦντες,
723 4972 797 5042 μὴ
822 4972 1077 5025 πείθεσθε
1109 4973 1293 5035 αὐτοῖς
1319 4973 1456 5043 μηδὲ
1483 4970 1777 5043 ἐπαίρεσθε

188 5072 259 5140 τῇ
299 5065 531 5137 διανοίᾳ.
569 5065 727 5135 Κάμέ
759 5065 867 5136 γὰρ
902 5064 1075 5129 οὑτως
1109 5064 1369 5129 πολλάκις
1404 5065 1694 5134 ἠπάτησαν
1727 5064 1778 5115 οἰ

190 5159 452 5229 δαίμονες
500 5159 558 5211 ἐν
588 5158 772 5223 νυκτὶ,
813 5159 908 5210 καὶ
930 5156 1054 5210 οὔτε
1085 5156 1344 5224 εὔξασθαί
1376 5174 1462 5226 με,
1490 5156 1615 5210 οὐτε
1648 5156 1777 5209 ἀναο

193 5248 515 5307 παύσασθαι
560 5248 922 5320 συνεχώρουν,
977 5248 1285 5319 φαντασίας
1314 5248 1407 5318 μοί
1454 5264 1605 5311 τινας
1637 5263 1779 5317 παρ-

196 5345 425 5415 έχοντες
450 5342 576 5412 ὃλην
601 5340 698 5411 τὴν
726 5340 917 5394 νύκτα·
945 5342 1036 5394 καὶ
1062 5340 1206 5412 πρωϊ
1237 5340 1593 5411 ἐμπαίζοντες
1611 5355 1780 5409 προσ-

192 5434 405 5489 έπεσάν
448 5451 539 5504 μοι
572 5433 822 5502 λέγοντες
847 5448 862 5462 ·
890 5431 1250 5504 Συγχώρησον
1280 5433 1435 5503 ημῖν,
1481 5430 1658 5494 ἀὸϐᾶ,
1697 5431 1780 5485 ὅτι

190 5530 401 5589 κόπους
437 5543 519 5579 σοι
566 5525 915 5596 παρέσχομεν
959 5523 1088 5595 ὃλην
1138 5524 1240 5593 τὴν
1275 5523 1468 5578 νύκτα.
1531 5520 1675 5591 Ἐγὼ
1722 5521 1781 5576 δὲ

190 5618 353 5676 εἷπον
396 5618 534 5690 πρὸς
577 5618 808 5682 αὐτούς·
856 5619 1156 5688 Ἀπόστητε
1198 5618 1295 5670 ἀπ’
1326 5614 1462 5688 ἐμοῦ
1500 5615 1699 5679 πάντες
1730 5614 1781 5668 οἰ

191 5711 565 5783 ἐργαζόμενοι
595 5710 694 5781 τὴν
736 5712 986 5782 ἀνομίαν.
1034 5710 1109 5765 Οὐ
1144 5711 1252 5781 γὰρ
1285 5709 1360 5781 μὴ
1412 5705 1781 5779 ἐκπειράσητε

187 5802 382 5867 δοῦλον
416 5802 663 5874 Κυρίου..

1874 3262 1986 3313 τος,
2019 3246 2114 3299 καὶ
2142 3245 2393 3315 λέγοντες
2424 3244 2520 3317 [ιιι.
2558 3240 2832 3313 λέγουτος]
2875 3239 3042 3311 αὐτῷ’
3076 3238 3462 3310 Κατὼρθωσας

1877 3338 2072 3404 πάντα,
2094 3337 2368 3409 ἄνθρωπε,
2387 3336 2571 3390 λοιπὸν
2586 3334 2925 3406 προκύνησόν
2950 3349 3038 3404 με,
3061 3333 3153 3385 καὶ
3172 3332 3246 3395 ὠς
3276 3332 3463 3388 ’ἰίλίαν

1879 3445 1937 3481 σε
1989 3428 2355 3497 ἀναλήψομαι.
2403 3426 2597 3494 Ἔλεγε
2642 3425 2699 3478 δὲ
2742 3425 2771 3479 6
2816 3422 3046 3493 μοναχὸς
3084 3422 3142 3475 ἐν
3185 3424 3251 3492 τῇ
3295 3422 3459 3474 αὐτοῦ

1875 3520 2104 3590 διανοίᾳ·
2135 3519 2471 3589 Καθημέραν
2530 3514 2821 3588 προσκυνῶ
2859 3514 2936 3586 τῷ
2967 3512 3084 3583 ἐμῷ
3131 3511 3343 3581 βασιλεῖ
3382 3511 3459 3581 τῷ

1878 3614 2112 3683 Σωτῆρι,
2146 3613 2241 3666 καλ⁸
2278 3614 2327 3665 εἰ
2371 3609 2439 3682 ἦν
2479 3604 2635 3673 οὗτος
2668 3609 2896 3672 ἐκεῖνος,
2926 3606 3027 3659 οὐκ
3056 3604 3122 3657 ἂν
3150 3606 3281 3675 παρ’
3322 3603 3457 3674 ἐμοῦ

1877 3705 2035 3758 ’τοῦτο
2074 3706 2218 3776 ᾔτει.
2260 3706 2349 3768 Ὧς
2374 3703 2429 3757 δὲ
2456 3705 2618 3774 μόνον
2650 3696 2801 3754 εἶπεν
2834 3702 2891 3751 ἐν
2911 3697 3087 3768 ἐαυτῷ
3115 3697 3183 3750 τὰ
3209 3697 3305 3767 τῆς
3340 3697 3457 3749 δια-

1878 3796 2047 3861 νοίας,
2073 3798 2154 3849 ὃτι
2179 3795 2329 3863 Ἕχω
2357 3794 2468 3863 ἐγὼ
2496 3792 2586 3845 τὸν
2615 3790 2745 3861 ἐμὸν
2770 3788 2990 3859 βασιλέα
3021 3786 3157 3859 [καὶ]
3182 3787 3270 3839 τόν
3303 3786 3455 3851 Θεὸν,

1878 3884 1935 3938 όν
1975 3887 2062 3940 ἀεὶ
2090 3884 2401 3957 προσκυνῶ,
2442 3885 2505 3937 σύ
2542 3883 2597 3935 δέ
2630 3881 2729 3935 οὐκ
2757 3874 2810 3932 εῐ
2832 3878 2961 3949 ἐμὸς
2991 3878 3262 3948 βασιλεὺς,
3298 3878 3459 3941 εὐθὺς

1878 3978 2114 4047 ἄφαντος
2157 3978 2398 4045 γέγονεν.
2440 3974 2624 4029 Ταῦτα
2656 3972 2712 4026 δὲ
2767 3972 2843 4035 ὡς
2872 3970 2998 4041 περὶ
3028 3970 3187 4023 ἀλλοο
3218 3969 3459 4039 διαλεγό-

1882 4088 2064 4142 μενος,
2106 4070 2205 4134 τὰς
2237 4067 2430 4122 ἐαυτοῦ
2470 4067 2747 4129 πολιτείας
2786 4064 3050 4135 κρύπτειν
3084 4062 3360 4133 ἠϐούλετο.
3396 4063 3459 4114 Οἰ

1878 4166 1937 4220 δὲ
1994 4164 2243 4227 συνόντες
2303 4161 2451 4232 αὑτῷ
2500 4158 2776 4230 ιΙατὲρες,
2836 4156 2999 4210 αὐτόν
3057 4154 3242 4224 ἔλεγον
3291 4155 3461 4208 ταῦτα

1879 4257 2203 4328 ἑωρακέναι.

1952 4482 2140 4536 Ταῦτα
2158 4482 2252 4535 καὶ
2280 4479 2414 4536 ἄλλα
2445 4478 2742 4550 πάμπολλα
2763 4479 2895 4548 ἡμῖν
2918 4473 3272 4545 διηγούμενος
3293 4472 3321 4525 ό
3352 4488 3457 4539 μα-

1882 4577 2072 4646 κάριος
2112 4575 2365 4643 Ἰωάννης
2386 4573 2481 4625 ἐπὶ
2504 4573 2655 4643 τρεῖς
2693 4570 2905 4641 ἡμέρας
2930 4568 3035 4630 ἓως
3060 4565 3286 4632 ἐννάτης
3312 4562 3461 4633 ὧρας

1878 4666 2281 4737 διαλεγόμενος,
2312 4664 2408 4727 τάς
2435 4664 2612 4735 ψυχάς
2652 4662 2811 4732 ἡμῶν
2857 4660 3179 4728 ἐθεράπευε.
3217 4655 3352 4716 Δούς
3401 4652 3458 4705 δὲ

1880 4763 2014 4833 ἡμῖν
2037 4759 2312 4827 εὐλογίας,
2354 4758 2412 4811 ἐν
2474 4757 2664 4827 εἰρήνῃ
2718 4752 3056 4823 πορευθῆναι
3088 4744 3420 4818 προσέταξεν
3443 4758 3455 4771 ο

1880 4852 2048 4905 εἰπὼν
2087 4853 2220 4921 ἡμῖν
2261 4848 2357 4903 καὶ¹
2406 4846 2747 4919 προφητείαν
2778 4843 2898 4896 τινά
2922 4858 2936 4873 ο
2968 4843 3049 4895 ότι
3104 4840 3345 4907 σήμερον
3391 4834 3458 4887 τά

1879 4943 2123 4997 ἐπινίκια
2196 4940 2290 4993 τοῦ
2352 4938 2613 5001 εὐσεϐοῦς
2696 4935 2955 5007 βασιλέως
3023 4927 3306 4985 Θεοδοσίου
3376 4928 3455 4989 εἰς

1877 5036 1978 5106 τὴν
2008 5032 2418 5101 Ἀλεξάνδρειαν
2453 5027 2883 5097 εἰσεληλύθασιν,
2928 5023 3070 5077 κατά
3097 5021 3194 5089 τῆς
3224 5016 3319 5070 τοῦ
3365 5033 3460 5067 τυ-

1883 5130 2077 5201 ράννου
2157 5123 2418 5193 Εὑγενίου
2481 5123 2815 5192 ἀναιρέσεως
2852 5133 2866 5149 ⁶
2934 5116 3027 5169 καὶ
3090 5114 3173 5167 ὅτι
3234 5109 3312 5162 δεῖ
3365 5106 3457 5161 τὸν

1883 5220 2107 5293 βασιλέα
2156 5216 2344 5287 οἰκείῳ
2413 5215 2627 5284 θανάτῳ
2685 5211 3009 5281 τελευτῆσαι
3036 5224 3050 5238 ·
3081 5206 3225 5274 άπερ
3258 5198 3455 5269 συνέϐη

1882 5311 2022 5367 κατὰ
2048 5309 2303 5382 ἀλήθειαν
2339 5306 2511 5371 οὑτως
2537 5305 2813 5376 γενέσθαι.

1950 5514 2059 5573 Ἦν
2079 5518 2136 5572 δέ
2167 5516 2295 5571 ἰδεῖν
2343 5514 2405 5569 τὸ
2434 5512 2637 5583 πλῆθος
2668 5511 2777 5565 τῶν
2812 5510 3077 5564 συνόντων
3108 5507 3257 5579 αὐτῷ
3291 5524 3449 5579 μοναί

1880 5611 1989 5683 χῶν
2013 5614 2070 5664 ἐν
2095 5613 2159 5683 τῇ
2190 5609 2475 5681 ἐκκλησίᾳ,
2505 5606 2665 5661 οἱονεὶ
2685 5604 2878 5675 χορούς
2897 5620 3051 5667 τινας
3076 5601 3298 5656 δικαίων
3315 5600 3455 5670 λαμ-

1882 5702 2312 5775 προφοροῦντας,
2348 5701 2445 5757 καὶ
2500 5697 2800 5760 ἀπαύστοις
2840 5694 3030 5767 ῦμνοις
3073 5695 3166 5750 τὸν
3206 5690 3455 5777 Θεδνδο-

1884 5796 2166 5865 ξάζοντας.
