4060 6564
306 274 444 331 H35

1571 274 1895 337 HISTORIA
1932 270 2291 330 LAUSIACA.

3410 279 3546 338 Im

372 394 667 465 Postquam
696 401 872 448 autem
905 392 1103 447 nzultos
1131 405 1340 462 quoque
1361 391 1493 445 alios
1522 391 1706 447 Patres
1734 390 1870 446 vidi-
1902 392 1951 449 Δ
1979 394 2031 442 et
2056 386 2289 455 seipsum
2320 385 2675 457 vilipendcns.
2707 387 2841 444 Cum
2871 404 2967 445 nos
2991 399 3171 447 autem
3215 391 3436 447 multum
3468 409 3556 448 ro-

302 502 444 553 mus,
472 494 733 541 venerunt
776 483 966 538 fratres
1020 484 1176 538 nobis
1216 482 1592 537 annuntiantes
1618 496 1871 537 consum-

306 584 504 631 malum
527 589 647 630 esse
673 574 883 630 beatum
910 572 1167 654 Joannem
1199 573 1356 628 modo
1382 571 1609 642 quodam
1640 571 1872 625 admira-

306 666 399 721 bili
433 683 447 720 :
478 665 599 719 itam
628 679 748 720 cum
774 664 1029 732 iussisset
1070 672 1130 718 ut
1161 673 1265 717 tres
1291 663 1404 718 dies
1436 662 1701 717 nemiuem
1726 662 1873 716 sine-

307 764 432 813 rent
454 755 521 810 ad
542 770 602 811 se
632 755 832 820 venire,
856 753 1083 824 genibus
1105 754 1260 809 ﬂexis
1299 753 1365 807 ad
1393 755 1710 816 orationem,
1742 767 1872 806 eon-

305 853 601 903 summatus
628 854 712 901 est
732 884 748 912 ,
788 844 855 899 ad
885 843 1051 900 Deum
1088 846 1308 900 veniens
1327 882 1343 910 ,
1374 843 1457 899 cui
1487 842 1656 914 gloria
1684 841 1738 897 in
1771 857 1875 897 ste-

308 938 445 996 Cuia.

859 1025 1084 1083 CAPUT
1124 1024 1331 1082 XLVII.

905 1116 984 1171 De
1015 1115 1291 1171 Paemem'a.

384 1207 434 1262 Is
473 1221 682 1278 quoque
710 1221 831 1262 cum
880 1206 1076 1263 Christi
1108 1207 1306 1262 ancilla
1337 1207 1634 1275 Pmmenia,
1666 1220 1784 1276 qum
1812 1203 1878 1260 ad

311 1314 435 1356 eum
475 1297 761 1351 videndum
809 1307 1131 1365 accesserat,
1161 1312 1268 1353 non
1294 1309 1373 1353 est
1413 1298 1625 1368 quidem
1651 1297 1878 1352 collocu-

321 1399 429 1456 tus,
461 1389 779 1458 significavit
807 1398 980 1445 autem
1008 1390 1061 1446 ei
1090 1406 1297 1460 quoque
1319 1391 1557 1461 quardam
1586 1404 1801 1445 arcana.
1820 1389 1883 1444 Ei

312 1489 493 1537 autem
541 1483 811 1549 praecepit,
871 1481 1056 1539 dicens
1099 1500 1115 1539 :
1156 1482 1496 1539 Descendens
1532 1499 1560 1537 a
1591 1482 1879 1550 Thebaide,

317 1585 386 1626 ne
407 1570 661 1625 deﬂectas
683 1570 1077 1640 Alexandriam,
1103 1573 1528 1643 quandoquidem
1553 1572 1780 1625 futurum
1802 1579 1885 1625 est

313 1669 373 1716 ut
397 1660 558 1716 cadas
587 1660 637 1714 in
660 1660 999 1716 tentationes.
1026 1661 1100 1716 Ea
1116 1670 1292 1717 autem
1311 1660 1487 1732 magni
1511 1660 1728 1717 Joannis
1748 1676 1883 1729 prte-

1973 492 2247 548 garemus,
2278 486 2337 533 ut
2370 478 2790 534 adhortatorium
2820 481 2973 537 nobis
3010 496 3309 537 sermonem
3332 482 3556 547 diceret,

1972 567 2062 622 vix
2090 568 2142 622 in
2171 568 2408 623 animum
2439 568 2643 637 induxit
2670 577 2724 623 ut
2752 570 2903 626 nobis
2943 585 3109 640 pauca
3154 572 3442 627 dissereret
3487 572 3557 627 de

1975 659 2403 715 mansuetudine.
2439 658 2510 725 Is,
2545 675 2666 715 cum
2698 659 3105 731 hippopotamus
3143 662 3431 730 aliquando
3461 678 3554 717 va-

1982 755 2152 803 staret
2181 750 2407 803 vicinam
2436 750 2730 817 regionem,
2758 761 2907 806 stans
2935 766 3098 822 prope
3124 751 3359 815 ﬂuvium,
3399 768 3552 817 roga-

1979 850 2068 895 tus
2088 837 2156 893 ab
2185 838 2453 908 agricolis,
2486 839 2592 893 visa
2620 839 2796 896 bellua
2821 842 3046 911 ingentis
3076 842 3477 910 magnitudinis,
3501 842 3550 896 ei

1980 934 2259 1004 praecepit,
2310 933 2495 988 dicens
2548 951 2561 986 :
2610 935 2877 990 Denuntio
2927 936 3017 990 tibi
3074 937 3127 991 in
3182 936 3394 991 nomine
3435 936 3559 991 .lesu

1978 1020 2204 1092 Christi,
2239 1039 2307 1079 ne
2333 1024 2560 1095 amplius
2592 1036 2768 1080 vastes
2793 1027 2928 1081 hanc
2952 1028 3244 1098 regionem.
3266 1028 3357 1084 Illa
3383 1038 3557 1083 autem

1987 1122 2238 1182 tanquam
2269 1114 2338 1168 ab
2359 1113 2547 1183 angelo
2576 1114 2695 1169 loco
2726 1116 2898 1182 pulsa,
2925 1118 3142 1172 omnino
3171 1118 3407 1172 evanuit.
3461 1118 3552 1173 Sic

1981 1206 2139 1261 etiam
2163 1206 2446 1277 aliquando
2474 1207 2653 1278 abegit
2674 1209 3021 1264 crocodilum.

2609 1319 2835 1377 CAPUT
2872 1321 2933 1377 I..

2412 1409 2491 1463 De
2542 1410 2720 1463 abbate
2763 1410 2969 1464 Thoona
2994 1410 3134 1483 (98).

2063 1503 2298 1560 Vidimus
2329 1504 2486 1559 etiam
2518 1503 2679 1556 alium
2706 1517 2812 1558 non
2863 1505 3045 1574 procul
3073 1519 3103 1558 a
3133 1505 3366 1573 civitate,
3394 1506 3445 1562 in
3471 1522 3561 1563 so-

1988 1596 2237 1661 litudine,
2268 1598 2482 1651 nomine
2508 1596 2749 1663 'I’lteona,
2779 1596 2953 1651 virum
2980 1607 3244 1665 sanctum,
3265 1599 3317 1653 iu
3338 1601 3564 1656 domun-

1986 1685 2105 1740 cula
2135 1700 2382 1741 seorsum
2409 1684 2696 1751 inclusum,
2723 1685 2814 1754 qui
2871 1695 3111 1755 tempore
3159 1688 3375 1759 triginta
3401 1705 3564 1746 anno-

317 1751 620 1849 dictionem
636 1750 720 1805 vel
766 1750 918 1849 nihili
972 1749 1171 1849 ducens
1197 1793 1215 1819 ,
1307 1751 1394 1849 vel
1470 1750 1590 1821 eius
1611 1842 1631 1849 _
1666 1749 1833 1849 (ibim
1867 1790 1883 1813 ο
1915 1753 1965 1815 Β
1993 1789 2112 1830 rum
2147 1774 2417 1830 silentium
2449 1749 2762 1830 exercuerat
2794 1749 3109 1845 (ηυπεξἮὸ.
3139 1791 3198 1843 ιι,
3230 1749 3358 1847 ξαρ.
3409 1778 3488 1849 6).
3522 1779 3566 1833 Is

314 1842 533 1898 deﬂexit
559 1844 957 1908 Alexandriam,
977 1852 1036 1897 ut
1060 1843 1266 1898 videret
1293 1842 1585 1899 civitatem.
1611 1842 1669 1897 In
1693 1843 1885 1898 itinere

315 1945 498 1994 autent
521 1953 685 2008 prope
707 1940 892 1994 urbem
915 1937 1099 2002 Nicias,
1128 1936 1193 1991 ad
1216 1950 1334 1992 eam
1365 1944 1705 1992 accesserunt
1724 1949 1890 1991 naves

314 2030 434 2103 ejus
457 2028 768 2099 quiescendi
798 2028 988 2100 gratia.
1016 2027 1227 2096 Egressi
1247 2036 1426 2081 autem
1458 2026 1637 2081 famuli
1659 2040 1724 2081 ex
1755 2040 1885 2095 qua-

311 2124 435 2180 dam
464 2122 744 2177 insolentia
775 2137 898 2178 cum
940 2121 1085 2175 illius
1133 2119 1236 2175 loci
1265 2120 1668 2187 habitatoribus,
1700 2136 1887 2177 amen-

315 2212 454 2268 tibus
482 2221 534 2268 et
558 2212 848 2282 proﬂigatis
870 2210 1195 2276 hominibus,
1225 2225 1414 2264 manus
1457 2218 1884 2265 conseruerunt:

320 2304 412 2375 qui
442 2304 657 2374 quidem
678 2304 835 2359 unius
850 2301 1062 2370 quidem
1084 2300 1313 2357 eunuchi
1336 2301 1554 2371 digitum
1577 2307 1887 2362 secuerunt,

317 2393 478 2448 alium
506 2401 683 2448 autem
709 2390 1040 2455 occiderunt,
1066 2389 1372 2461 Dionysium
1400 2400 1576 2444 autem
1618 2390 1891 2445 sanctissi-

318 2497 462 2538 mum
492 2483 796 2553 episcOpum
828 2482 881 2537 in
911 2481 1128 2537 ﬂuvium
1178 2483 1482 2551 ignorantes
1527 2474 1885 2551 projeeérunt,

317 2582 375 2629 et
400 2574 543 2628 illam
568 2573 737 2645 ipsam
765 2574 1023 2629 conviciis
1047 2580 1105 2628 et
1129 2571 1425 2628 maledictis
1447 2574 1812 2644 impetierunt,
1836 2581 1890 2629 et

319 2664 555 2736 reliquos
578 2680 763 2722 omnes
791 2679 976 2720 servos
1005 2660 1323 2720 sauciarunt.

776 2834 779 2837 .
858 2774 1087 2832 CAPUT
1125 2772 1350 2830 XLVIII.

322 2888 447 2947 Vita
473 2887 669 2943 abbatis
712 2887 974 2943 Ammona:
999 2885 1227 3011 (22%“
1272 2899 1447 2939 eorum
1490 2883 1577 2950 qui
1617 2898 1733 2937 cum
1778 2882 1890 2953 ipso

392 3055 636 3111 Vidimus
664 3062 840 3110 autem
868 3052 1029 3107 alium
1053 3064 1265 3121 quoque
1282 3050 1453 3105 virum
1483 3047 1774 3111 Thebaide,
1796 3061 1883 3101 no-

318 3148 466 3204 mine
494 3148 811 3202 Ammonam
841 3142 1037 3216 (Ra/)2,
1068 3143 1107 3196 ι.
1154 3157 1217 3209 ιι,
1262 3158 1380 3211 cap.
1419 3139 1498 3212 5),
1548 3138 1759 3194 Patrem
1812 3147 1891 3193 ter

319 3239 463 3293 mille
490 3238 871 3293 monachorum
903 3251 919 3290 :
952 3249 1087 3305 quos
1133 3237 1293 3290 etiam
1350 3232 1654 3286 nominabat
1682 3230 1890 3285 'l‘aben-

319 3330 576 3393 nesiotas,
604 3328 690 3397 qui
723 3326 985 3381 habebant
1007 3339 1252 3394 magnum
1280 3323 1399 3377 vitze
1427 3322 1646 3392 agenda:
1677 3320 1916 3374 inStitu-.

320 3429 454 3486 tum,
485 3426 545 3474 ut
571 3418 661 3488 qui
690 3426 745 3471 et
784 3415 972 3471 ovillas
1012 3415 1179 3485 pelles
1233 3411 1454 3478 ferrent,
1492 3421 1547 3468 et
1577 3411 1721 3465 vultu
1752 3419 1890 3465 tecto

254 3550 269 3553 τ
319 3510 692 3575 comederent,
707 3517 761 3564 et
783 3522 842 3563 se
863 3506 1111 3561 deorsum
1136 3505 1556 3569 inciinantes,ne
1576 3502 1693 3571 quis
1714 3500 1890 3570 proxi-

319 3617 463 3658 mum
494 3600 863 3656 comedentem
895 3596 1187 3666 aspiceret;
1234 3604 1288 3650 et
1328 3604 1528 3649 tantum
1579 3599 1893 3648 exercerent

318 3691 617 3755 silentium,
646 3697 703 3743 ut
751 3688 1059 3743 viderentur
1092 3700 1211 3740 esse
1237 3686 1288 3739 iu
1321 3683 1625 3748 solitudine,
1657 3699 1893 3752 unoquo-

319 3797 424 3850 que
455 3782 664 3835 occulte
690 3786 982 3849 peragente
1004 3791 1156 3831 suum
1188 3777 1312 3830 vitae
1355 3776 1687 3842 institutum;
1720 3777 1890 3831 solum

319 3880 498 3926 autem
544 3869 723 3939 specie
772 3866 999 3939 quadam
1036 3867 1086 3921 in
1119 3880 1302 3921 mensa
1344 3866 1612 3932 sederent,
1638 3875 1893 3921 conantes

322 3977 385 4018 se
412 3961 640 4016 invicem
670 3961 857 4015 latere.
889 3956 1066 4029 Aliqui
1114 3957 1253 4013 enim
1285 3973 1349 4012 ex
1383 3957 1466 4012 his
1494 3956 1657 4011 semel
1701 3956 1785 4010 vel
1813 3954 1894 4009 bis

326 4066 540 4107 manum
574 4051 653 4104 ori
685 4047 1020 4113 admovebat,
1049 4056 1327 4117 tangentes
1362 4061 1550 4115 panem
1579 4046 1663 4100 vel
1692 4045 1892 4113 oleum,

331 4143 417 4201 vel
444 4142 638 4213 aliquid
667 4156 731 4196 ex
761 4140 826 4196 iis
849 4154 966 4209 qua:
992 4147 1143 4193 erant
1167 4138 1426 4208 apposita,
1460 4145 1651 4192 etcum
1676 4135 1742 4191 de
1763 4151 1895 4190 uno-

323 4249 536 4305 quoque
557 4233 783 4288 ohsonio
808 4231 979 4287 semel
1003 4238 1326 4300 gustassent,
1349 4228 1583 4283 contenti
1611 4238 1761 4292 erant
1796 4226 1897 4282 hoc

333 4326 622 4390 alimento;
659 4322 746 4376 alii
777 4330 950 4376 autem
979 4333 1166 4389 panem
1197 4318 1393 4373 sensim
1423 4318 1755 4382 mandentes,
1793 4316 1895 4370 alia

329 4426 508 4471 autem
533 4416 855 4484 accipientes
881 4413 1011 4468 citra
1039 4410 1458 4479 simulationem,
1487 4411 1567 4465 sic
1590 4424 1894 4479 persevera-

342 4510 498 4571 bant;
528 4506 615 4561 alii
638 4480 812 4560 autem
842 4505 1104 4575 jusculnm
1139 4513 1217 4558 ter
1239 4511 1440 4556 tantum
1466 4501 1834 4572 degustabant,
1859 4517 1892 4559 ει
1920 4480 1975 4542 Ῑ)

321 4597 558 4667 reliquis
585 4606 761 4652 autem
792 4593 1146 4650 abstinebant.
1184 4595 1313 4661 Quae
1337 4608 1481 4658 cum,
1525 4601 1582 4646 ut
1611 4602 1726 4647 erat
1764 4606 1895 4647 con-

331 4704 665 4758 sentaneum,
698 4704 868 4744 essem
918 4685 1232 4751 admiratus,
1264 4700 1368 4738 non
1417 4684 1732 4754 prattermisi
1776 4700 1893 4739 eam

326 4799 445 4854 qum
470 4799 534 4838 ex
560 4785 637 4838 eis
663 4782 868 4852 capitur
893 4778 1194 4831 utilitatem.

886 4867 1111 4922 CAPUT
1142 4865 1328 4921 XLIX.

838 4958 917 5013 De
943 4960 1119 5012 abbate
1144 4957 1217 5012 Be
1244 4958 1382 5032 (97).

402 5057 646 5112 Vidimus
695 5061 868 5107 autem
914 5052 1077 5105 alium
1105 5066 1312 5120 quoque
1337 5065 1545 5117 senem,
1576 5050 1663 5121 qui
1686 5050 1902 5108 leuitate

330 5146 622 5217 superabat
652 5157 837 5197 omnes
856 5140 1123 5204 homines,
1145 5143 1356 5194 nomine
1381 5141 1624 5195 abbatem
1652 5140 1725 5195 Bc
1745 5142 1904 5212 (Παί-

330 5238 450 5305 fin.,
486 5234 524 5287 ι.
575 5249 633 5299 ιι,
683 5248 798 5299 cap.
843 5227 900 5298 4)
936 5245 949 5281 :
982 5227 1047 5281 de
1075 5242 1179 5297 quo
1206 5229 1539 5284 affirmabant
1587 5232 1775 5283 fratres
1813 5230 1902 5299 qui

330 5325 471 5396 apud
497 5325 666 5394 ipsum
690 5320 1195 5385 versabantur,eum
1218 5335 1482 5389 nunquam
1508 5320 1737 5390 iurasse,
1758 5336 1896 5375 nun-

338 5430 499 5486 quam
530 5414 595 5469 de
624 5412 801 5482 aliquo
822 5410 1099 5467 mentitum
1148 5425 1291 5477 esse,
1321 5426 1496 5481 neque
1530 5413 1709 5481 aliquo
1736 5413 1899 5467 verbo

339 5506 668 5575 increpasse,
700 5516 877 5574 neque
900 5502 1093 5556 iratum
1119 5499 1313 5567 fuisse;
1347 5509 1460 5555 erat
1481 5502 1622 5556 enim
1646 5500 1763 5572 ejus
1792 5502 1900 5555 vita

334 5595 489 5650 valde
511 5593 710 5664 quieta,
734 5602 788 5648 et
816 5600 991 5647 mores
1020 5591 1304 5655 mansueti,
1360 5599 1415 5644 ut
1460 5590 1550 5660 qui
1583 5599 1776 5644 statum
1808 5591 1903 5644 ha-

343 5689 496 5747 beret
516 5687 847 5756 angelicum;
877 5692 994 5742 erat
1018 5692 1195 5744 autem
1224 5684 1378 5743 valde
1408 5697 1621 5755 quoque
1665 5684 1896 5751 humilis,

1993 1881 2115 1921 cum
2147 1866 2404 1936 plurimas
2446 1867 2674 1922 virtutes
2702 1877 3000 1936 perageret,
3032 1867 3328 1923 habebatur
3379 1870 3447 1925 ab
3488 1871 3566 1925 eis

1991 1970 2089 2025 pro
2118 1956 2402 2027 propheta.
2430 1956 2619 2012 Exibat
2637 1957 2782 2012 enim
2813 1959 2876 2012 ad
2909 1958 3079 2028 ipsum
3116 1974 3211 2028 per
3240 1959 3355 2015 dies
3380 1960 3565 2031 singu-

1991 2048 2073 2101 los
2092 2047 2378 2102 multitudo
2398 2047 2793 2117 mgrotantium,
2850 2050 3043 2118 quibus
3073 2064 3261 2103 manus
3289 2050 3566 2119 imponens

1992 2153 2091 2207 per
2121 2137 2434 2203 fenestram,
2484 2136 2781 2193 dimittebat
2809 2152 2903 2192 eos
2931 2138 3081 2194 abire
3117 2139 3314 2194 salvos.
3350 2139 3568 2193 Licehat

1988 2231 2130 2284 enim
2161 2227 2345 2284 videre
2380 2226 2556 2296 ipsum
2598 2227 2884 2283 habentem
2937 2230 3142 2284 vultum
3190 2230 3384 2299 angeli,
3431 2230 3568 2285 'tctis

1991 2320 2187 2388 oculis,
2234 2327 2290 2374 et
2343 2328 2510 2374 totum
2564 2318 2787 2389 plenum
2834 2321 3065 2375 maxima
3115 2322 3309 2391 gratia.
3352 2322 3420 2387 Is,
3449 2335 3568 2375 cum

1989 2425 2094 2465 non
2122 2410 2290 2465 multo
2314 2419 2443 2464 ante
2465 2418 2707 2479 tempore
2736 2410 2970 2465 latrones
2997 2426 3118 2464 eum
3151 2419 3310 2466 noctu
3339 2412 3569 2466 invasis-

1993 2512 2135 2568 sent,
2168 2501 2539 2558 existimantes
2565 2516 2624 2556 se
2646 2503 2872 2557 multum
2908 2502 3025 2557 auri
3068 2502 3205 2573 apud
3235 2518 3355 2557 eum
3386 2503 3569 2559 inven-

1996 2604 2166 2659 turos,
2198 2603 2253 2649 et
2274 2594 2475 2649 vellent
2498 2608 2622 2649 eum
2649 2593 2913 2661 occidere,
2939 2604 3187 2663 precatus
3211 2604 3314 2663 est,
3341 2603 3395 2649 et
3419 2610 3570 2649 man-

1995 2691 2185 2739 serunt
2212 2684 2517 2739 immobiles
2535 2684 2601 2740 ad
2632 2694 2815 2754 portas
2831 2684 2946 2755 ejus
2967 2700 3134 2755 usque
3149 2684 3214 2740 ad
3231 2686 3568 2742 matutinum.

1990 2772 2122 2829 Cum
2153 2776 2321 2829 turbae
2350 2784 2529 2829 autem
2557 2790 2714 2829 mane
2742 2776 2809 2829 ad
2850 2791 2973 2830 eum
3004 2775 3374 2844 accessissent,
3397 2782 3451 2829 et
3476 2789 3569 2830 eos

1996 2864 2105 2933 igni
2141 2865 2400 2919 mandare
2426 2866 2479 2919 in
2510 2864 2691 2920 animo
2720 2864 2996 2931 haberent,
3033 2880 3193 2918 unum
3225 2873 3423 2920 tantum
3448 2880 3569 2919 ver-

1993 2953 2119 3010 bum
2148 2956 2218 3010 ad
2246 2970 2340 3011 eos
2367 2965 2449 3011 est
2470 2957 2679 3012 locutus
2712 2974 2725 3011 :
2756 2957 2927 3012 Sinite
2969 2972 3062 3011 eos
3088 2956 3234 3012 abire
3261 2971 3453 3023 sanus;
3483 2958 3566 3012 sin

1994 3045 2192 3110 minus,
2224 3059 2253 3098 a
2278 3059 2366 3101 me
2394 3044 2560 3115 fugiet
2590 3044 2757 3115 gratia
2782 3047 3135 3101 curationum.
3176 3045 3218 3101 Ii
3245 3061 3372 3101 vero
3396 3046 3567 3117 ipsum

1918 3119 1964 3182 C
1995 3136 2309 3200 audierunt;
2339 3150 2444 3190 non
2466 3135 2733 3190 audebant
2758 3136 2900 3190 enim
2924 3144 3112 3191 contra
3135 3150 3255 3191 eum
3287 3136 3489 3203 dicere,
3518 3146 3571 3191 et

1994 3225 2235 3293 protinus
2262 3223 2449 3279 abiere
2478 3224 2716 3280 latrones
2741 3224 2808 3280 ad
2830 3240 2891 3280 ea
2914 3240 3031 3295 quae
3046 3236 3199 3281 erant
3226 3224 3569 3281 circumcirca

1993 3312 2341 3379 monasteria,
2374 3314 2565 3369 mutati
2595 3314 2849 3380 moribus,
2882 3324 2936 3370 et
2979 3316 3045 3371 de
3090 3315 3153 3371 iis
3181 3331 3300 3385 qua:
3332 3317 3571 3372 fecerant

1995 3405 2140 3459 ducti
2172 3405 2506 3473 paenitentia.
2534 3406 2663 3461 Erat
2686 3414 2863 3462 autem
2888 3406 2968 3462 vir
2995 3405 3237 3461 eruditus
3285 3406 3339 3460 in
3371 3406 3568 3475 triplici

1992 3494 2160 3561 gratia
2210 3508 2543 3564 sermonum,
2599 3496 2653 3549 ιιι
2709 3495 2922 3564 scriptis
2968 3494 3244 3561 Romanis,
3273 3495 3571 3562 Gmcis,et

1993 3585 2344 3657 Egyptiacis,
2372 3587 2504 3641 sicut
2534 3603 2563 3641 a
2612 3587 2790 3641 multis
2817 3595 2871 3642 ct
2900 3587 2966 3642 ab
2996 3588 3087 3642 illo
3132 3588 3246 3657 ipso
3298 3587 3565 3641 audimus.

2000 3676 2135 3731 Cum
2163 3680 2303 3731 enim
2336 3693 2432 3732 nos
2453 3678 2764 3749 agnovisset
2802 3693 2921 3735 esse
2958 3679 3220 3749 hospites,
3249 3682 3490 3735 scribens
3516 3682 3569 3735 in

1995 3770 2212 3835 tabella,
2244 3771 2351 3825 Deo
2376 3781 2590 3840 propter
2628 3786 2724 3825 nos
2751 3771 3093 3841 egitgratias.
3128 3771 3450 3826 Comedebat
3470 3786 3569 3825 au-

1995 3869 2100 3916 tem
2124 3864 2329 3917 semina
2354 3877 2457 3916 nou
2487 3873 2656 3917 cocta.
2706 3862 2874 3918 Noctu
2898 3871 3096 3929 autem,
3128 3874 3187 3917 ut
3216 3864 3384 3929 aiunt,
3410 3880 3564 3934 egre-

2004 3959 2246 4014 diebatur
2266 3974 2297 4014 e
2327 3959 2482 4025 cella,
2513 3968 2565 4014 et
2593 3960 3012 4029 congregabatur
3038 3974 3156 4012 cum
3188 3958 3333 4026 feris,
3378 3971 3429 4013 et
3473 3973 3566 4013 eas

2004 4050 2216 4121 putabat
2251 4065 2315 4104 ex
2351 4065 2412 4105 ea
2441 4065 2597 4119 quam
2630 4050 2858 4105 habebat
2885 4065 3039 4121 aqua.
3068 4050 3196 4104 Erat
3221 4051 3361 4105 cnim
3384 4051 3564 4107 videre

2003 4142 2220 4210 vestigia
2252 4141 2586 4207 bubalorum,
2646 4150 2701 4197 et
2741 4156 3082 4210 onagrurum,
3131 4150 3182 4195 et
3215 4142 3563 4210 quarumdaut

1996 4249 2338 4303 caprearum,
2365 4235 2506 4290 circa
2555 4233 2672 4304 ejus
2710 4230 3110 4302 monasterium,
3141 4234 3331 4306 quibus
3356 4249 3568 4307 semper

1997 4326 2381 4382 delectabatur.

2601 4396 2825 4452 CAPUT
2883 4396 2973 4452 LI.

2485 4506 2564 4562 De
2590 4510 2770 4563 abbate
2796 4505 2918 4564 Elia
2951 4509 3087 4582 (99).

2075 4596 2317 4651 Vidimus
2345 4604 2521 4650 autem
2570 4598 2733 4652 alium
2758 4614 2968 4668 quoque
2993 4614 3174 4656 senem
3207 4600 3260 4657 in
3287 4600 3572 4658 solitudine

2001 4684 2239 4753 Antinoi,
2256 4700 2375 4755 quas
2391 4697 2472 4741 est
2489 4687 2800 4757 metropolis
2816 4688 3126 4757 Thebaidis,
3146 4691 3567 4759 Eliamnomine,

2000 4777 2088 4846 qui
2122 4785 2276 4831 natus
2301 4785 2419 4830 erat
2444 4788 2655 4831 centum
2687 4777 2944 4834 etdccem
2974 4795 3141 4834 annos
3170 4781 3363 4851 (Ruﬁl,
3390 4783 3481 4837 tib.
3511 4798 3567 4848 ιι,

2001 4882 2113 4937 cap.
2132 4866 2423 4934 12).Supcr
2443 4882 2564 4921 eum
2591 4868 2835 4923 dicebant
2855 4869 3096 4937 Spiritum
3125 4872 3254 4925 Elite
3298 4875 3566 4944 prophetae

2002 4958 2358 5025 requievisse;
2412 4963 2530 5011 erat
2578 4957 2719 5011 enim
2781 4959 2933 5014 valde
2958 4960 3280 5027 celebratus,
3312 4974 3369 5016 ut
3398 4965 3484 5032 qui
3517 4966 3565 5017 in

2006 5047 2230 5102 terribili
2253 5048 2341 5101 illa
2367 5047 2657 5103 solitudine
2678 5048 3224 5121 egissetseptuaginta
3248 5068 3434 5109 annos.
3457 5054 3571 5110 Non

2004 5148 2179 5208 potest
2206 5148 2383 5194 autem
2407 5142 2581 5194 oratio
2614 5157 2711 5209 pro
2759 5143 3019 5211 dignitate
3071 5159 3290 5200 narrare
3332 5161 3569 5216 asperam

2005 5228 2151 5282 illam
2215 5225 2603 5297 solitudinem,
2668 5247 2791 5303 quae
2852 5239 2935 5287 est
2996 5233 3047 5289 in
3075 5233 3571 5304 monteinquoille

2008 5315 2253 5381 sedebat,
2285 5330 2554 5383 nunquam
2585 5316 2920 5373 descendens
2949 5323 3001 5375 in
3030 5335 3146 5376 eam
3170 5338 3288 5393 qua
3309 5324 3574 5381 habitatur

2002 5408 2294 5474 regionem.
2344 5405 2442 5462 Est
2493 5409 2633 5462 enim
2680 5411 2919 5479 quaedam
2968 5423 3154 5469 semita
3178 5431 3359 5470 eorum
3391 5417 3479 5486 qui
3506 5418 3573 5474 ad

2003 5499 2174 5569 ipsum
2222 5500 2480 5554 accedunt
2525 5500 2811 5571 ejusmodi,
2860 5513 2917 5559 ut
2956 5505 3042 5562 vix
3100 5508 3303 5576 possint
3333 5509 3575 5565 insistere

2005 5591 2241 5660 vestigiis
2262 5590 2298 5645 ii
2322 5591 2409 5659 qui
2441 5592 2724 5659 accedunt,
2752 5595 2875 5649 hinc
2899 5604 2955 5655 ct
2980 5596 3102 5654 inde
3134 5599 3397 5669 lapidibus
3420 5615 3572 5670 aspe-

2004 5681 2078 5739 ris
2105 5680 2389 5738 obvallata.
2432 5680 2558 5739 Erat
2600 5692 2776 5740 autem
2815 5687 3010 5744 sedens
3037 5690 3137 5747 sub
3164 5691 3390 5761 quadam
3416 5700 3568 5761 petra
