4060 6516
662 242 797 295 1155

655 1090 908 1148 domada.

1248 1170 1473 1226 CAPUT
1501 1172 1610 1228 LII.

1056 1255 1176 1310 Vita
1202 1258 1394 1312 abbatis
1423 1262 1607 1329 Apollo
1635 1264 1801 1335 (l00).

717 1341 965 1399 Vidimus
1010 1357 1186 1403 autem
1228 1350 1388 1405 alium
1442 1367 1651 1424 quoque
1694 1358 1861 1412 virum
1889 1370 2129 1417 sanctum
2158 1365 2209 1418 in

642 1431 937 1501 Thebaide,
964 1437 1013 1489 in
1046 1438 1239 1494 finibus
1263 1441 1594 1513 Hermupolis
1621 1447 1817 1516 (Ila/ﬂ,
1836 1451 1873 1505 Ι.
1900 1467 1956 1516 ιι,
1980 1454 2162 1523 cap.7)
2190 1471 2205 1509 :

639 1525 695 1582 in
723 1543 879 1597 quam
905 1529 1158 1585 Senator
1184 1534 1330 1587 venit
1351 1550 1469 1589 cum
1499 1547 1679 1593 sancta
1712 1541 1871 1594 Maria
1912 1552 1963 1597 ct
1985 1544 2200 1614 .Ioseph,

641 1617 870 1685 implens
900 1619 1228 1687 prophetiam
1260 1622 1430 1688 Isaiae,
1461 1641 1578 1694 qua:
1599 1627 1760 1682 dicit:
1794 1630 1928 1686 Ecce
1950 1634 2203 1693 Dominus

633 1701 783 1755 sedet
807 1718 969 1770 super
992 1706 1181 1758 nubem
1208 1705 1399 1772 levem,
1425 1718 1479 1763 et
1507 1713 1682 1766 veniet
1708 1716 1760 1768 in
1790 1715 2112 1787 Egyplum;
2145 1732 2199 1777 et
2228 1756 2271 1814 Β

630 1794 934 1858 quatientur
964 1796 1263 1851 manufacta
1293 1798 1506 1869 IEgypti
1535 1819 1561 1854 a
1594 1804 1731 1860 facie
1759 1807 1894 1874 ejus,
1931 1820 1986 1864 et
2004 1813 2197 1868 cadent

629 1886 680 1937 in
714 1895 906 1939 terram
959 1885 1139 1956 (Isaia:
1165 1893 1297 1956 six).
1360 1893 1596 1949 Vidimus
1643 1900 1783 1952 enim
1831 1901 1941 1956 iilic
1986 1920 2196 1975 quoque

628 1979 907 2046 templum,
933 1979 986 2033 in
1008 1994 1132 2048 quo,
1161 1982 1399 2050 ingresso
1428 1988 1610 2041 urbem
1649 1990 1956 2061 Servatore,
1984 1998 2194 2054 cet-ide-

624 2078 747 2123 runt
772 2070 946 2122 omnia
977 2068 1258 2126 simulacra
1286 2075 1337 2126 in
1359 2075 1548 2132 faciem
1580 2096 1739 2149 super
1772 2093 1989 2140 terram.
2048 2087 2191 2143 Vidi-

622 2176 740 2215 mus
760 2164 934 2215 autem
964 2161 1071 2215 illic
1095 2162 1149 2217 in
1170 2166 1453 2224 solitudine
1475 2172 1642 2227 virum
1669 2215 1683 2239 ,
1730 2174 1922 2244 Apollo
1948 2181 2185 2248 nomine,

619 2254 708 2321 qui
739 2252 1061 2308 monasteria
1090 2254 1317 2311 habebat
1344 2276 1503 2330 super
1560 2274 1816 2321 montem.
1874 2268 1998 2323 Erat
2046 2272 2185 2327 enim

620 2353 770 2408 pater
794 2348 1173 2403 monachorum
1202 2351 1411 2404 circiter
1448 2353 1854 2421 quingentorum
1882 2398 1896 2420 ,
1954 2360 2044 2429 qui
2072 2373 2186 2417 erat

617 2436 769 2489 valde
799 2438 972 2493 clarus
998 2448 1057 2493 et
1078 2443 1376 2496 celebratus
1396 2443 1448 2496 in
1461 2444 1760 2512 Thebaide;
1790 2459 2047 2521 erantque
2068 2455 2183 2522 ejus

615 2541 802 2595 magna
829 2544 1013 2596 opera,
1056 2542 1108 2585 et
1136 2548 1354 2600 magnas
1396 2535 1618 2590 virtutes
1659 2552 1753 2606 per
1799 2555 1919 2595 eum
1955 2542 2183 2603 faciebat

612 2620 886 2685 Dominus,
919 2634 971 2678 et
1003 2626 1230 2694 plurima
1255 2631 1404 2699 signa
1440 2640 1493 2685 et
1539 2633 1871 2693 admirabilia
1918 2655 2012 2709 per
2059 2658 2179 2700 eum

608 2711 1001 2771 efficiebantur.
1037 2717 1130 2772 llic
1147 2721 1287 2773 enim
1306 2735 1425 2775 cum
1455 2737 1481 2774 a
1517 2725 1736 2791 pueritia
1761 2729 1979 2784 multam
1998 2743 2179 2789 osten-

606 2801 1261 2875 dissetexercitationem,
1314 2811 1365 2864 in
1418 2815 1649 2880 perfecta
1678 2827 1833 2874 mtate
1885 2822 2043 2877 talem
2095 2836 2179 2882 est

604 2905 924 2952 consecutus
952 2899 1199 2968 gratiam.
1257 2900 1389 2956 Cum
1421 2905 1562 2960 enim
1600 2917 1743 2962 esset
1785 2915 2173 2981 octogenariae,

605 2984 707 3040 sibi
730 3001 976 3056 magnum
1001 2993 1343 3060 congregavit
1367 2998 1755 3054 monasterium
1789 3003 2021 3058 virorum
2051 3021 2173 3074 rer-

602 3075 887 3143 fectorum,
915 3081 1003 3149 qui
1037 3090 1283 3149 poterant
1306 3099 1496 3140 omnes
1524 3086 1639 3143 fere
1667 3091 1817 3160 signa
1844 3093 2077 3150 efficere.
2124 3098 2170 3153 ls

598 3179 719 3220 cum
749 3169 1055 3237 quindecim
1080 3188 1248 3229 annos
1271 3184 1423 3230 natus
1451 3190 1482 3230 a
1509 3179 1705 3233 mundo
1733 3186 2063 3255 secessisset,
2114 3198 2168 3244 et

596 3259 947 3328 quadraginta
972 3278 1138 3318 annos
1170 3267 1220 3319 in
1245 3267 1535 3323 solitudine
1560 3273 1924 3340 transegisset,
1957 3287 2008 3329 et
2032 3278 2083 3330 in
2106 3293 2166 3332 ca

598 3366 812 3406 omnem
847 3363 1090 3409 Virtutem
1115 3360 1438 3415 exercuisset
1467 3362 1648 3416 :visus
1664 3372 1746 3417 est
1771 3376 1953 3433 postea
1981 3370 2168 3425 audire

594 3438 690 3496 Dei
714 3458 920 3508 vocem,
954 3444 1180 3501 dicentis
1211 3449 1257 3502 ei
1290 3465 1304 3501 :
1334 3449 1546 3518 Apollo,
1587 3452 1799 3521 Apollo,
1843 3469 1938 3523 per
1985 3467 2035 3512 te
2074 3473 2161 3512 sa-

594 3533 847 3598 pientium
882 3536 932 3587 in
958 3535 1211 3606 Egypto,
1235 3548 1286 3592 et
1317 3539 1650 3607 prudentiam
1674 3545 1909 3612 gentium
1931 3549 2186 3615 prudent--

588 3622 715 3677 tium
741 3626 986 3680 abolebo.
1034 3627 1232 3682 Perdes
1274 3641 1447 3684 autem
1482 3632 1610 3686 mihi
1639 3648 1757 3688 cum
1783 3635 1865 3689 eis
1886 3640 2045 3691 etiam
2068 3653 2155 3692 sa-

588 3717 796 3783 pientes
851 3718 1151 3789 Babylonis,
1183 3728 1234 3774 et
1255 3720 1322 3776 de
1350 3723 1524 3777 medio
1544 3727 1695 3779 tolles
1723 3740 1932 3781 omnem
1959 3730 2154 3784 cultum

587 3805 1001 3874 dazmoniaCum;
1039 3819 1094 3864 et
1133 3825 1273 3863 nunc
1305 3812 1435 3866 vade
1480 3812 1530 3866 in
1573 3828 1688 3868 eam
1740 3830 1859 3884 qua:
1889 3817 2155 3875 habitatur

583 3898 887 3964 regionem;
932 3900 1213 3967 generabis
1243 3901 1383 3954 enim
1440 3902 1568 3957 mihi
1623 3906 1873 3973 populum
1922 3910 2154 3976 peculia-

584 4000 719 4051 rem,
775 3990 1137 4044 :cmulatorem
1171 3990 1427 4047 bonorum
1469 4009 1708 4062 operum.
1755 3997 1802 4052 Is
1851 4009 2029 4054 autem
2066 4016 2149 4058 re-

580 4078 865 4143 spondens,
902 4078 1032 4133 dixit
1058 4095 1073 4135 :
1104 4078 1277 4135 Aufer
1299 4096 1329 4135 a
1357 4099 1463 4151 me,
1493 4084 1734 4153 Domine,
1770 4095 2146 4160 arrogantiam,

580 4181 647 4219 ne
685 4168 818 4221 forte
840 4170 1008 4222 elatus
1025 4187 1181 4238 supra
1208 4172 1616 4240 fraternitatem,
1638 4177 1816 4243 priver
1836 4181 1979 4233 omni
2008 4182 2147 4237 bono

576 4272 734 4324 opere
762 4258 887 4328 (Tit.
916 4260 998 4331 li).
1042 4262 1101 4315 Ei
1129 4273 1306 4317 autem
1355 4280 1540 4320 rursus
1585 4268 1715 4321 dixit
1766 4284 1863 4324 vox
1904 4271 2080 4327 divina
2127 4290 2140 4326 :

572 4346 720 4401 Mitte
765 4364 978 4403 manum
1031 4361 1172 4405 tuam
1227 4368 1388 4421 super
1427 4356 1619 4409 collum
1661 4366 1827 4424 tuum,
1870 4368 1921 4414 et
1950 4362 2141 4417 deinde

572 4438 1012 4505 comprehendes,
1055 4452 1107 4494 et
1144 4441 1372 4498 infodies
1409 4458 1590 4501 arena.
1624 4447 1671 4501 ls
1696 4458 1872 4504 autem
1898 4462 2138 4508 cumsta-

568 4541 663 4589 tim
687 4548 901 4587 manum
940 4537 1171 4591 misisset
1198 4550 1364 4606 super
1394 4540 1609 4609 collum,
1635 4545 1983 4612 apprehendit
2009 4560 2133 4616 par-

567 4642 690 4681 vum
714 4625 1042 4697 IEthiopem,
1082 4638 1136 4683 et
1173 4643 1294 4684 eum
1322 4629 1513 4685 infudit
1541 4632 1593 4686 in
1628 4648 1787 4688 arena
1818 4637 2132 4695 clamantem

565 4729 619 4773 et
644 4718 910 4774 dicentem
937 4736 950 4775 :
1009 4720 1119 4789 Ego
1146 4735 1262 4775 sum
1293 4722 1502 4778 damon
1550 4726 1831 4790 superbiae.
1863 4729 1931 4783 Et
1950 4747 2132 4787 rursus

560 4810 696 4864 facta
725 4818 808 4865 est
836 4824 936 4865 vox
957 4811 1023 4865 ad
1049 4827 1190 4878 eum,
1224 4813 1407 4867 dicens
1432 4832 1443 4866 :
1488 4813 1650 4884 Vade,
1716 4818 1963 4887 quoniam
1992 4824 2129 4889 quod

559 4914 591 4953 a
620 4904 730 4956 Deo
754 4901 987 4970 petieris,
1037 4904 1287 4971 accipies.
1340 4905 1388 4958 ls
1416 4914 1590 4959 autem
1617 4922 1735 4961 cum
1761 4911 1987 4977 primum
2029 4914 2127 4968 hoc

557 4992 815 5061 audisset,
843 4994 1107 5062 profectus
1132 4994 1302 5065 estin
1346 5012 1462 5052 eam
1492 5014 1610 5067 qua:
1649 5002 1917 5057 habitatur
1952 5006 2128 5075 regio-

559 5098 706 5151 nem,
752 5094 994 5156 tempore
1020 5086 1213 5142 Juliani
1245 5089 1475 5156 tyranni,
1502 5099 1557 5145 et
1588 5101 1711 5146 tunc
1736 5095 1882 5149 venit
1913 5096 1967 5150 in
1993 5112 2121 5168 pro-

552 5176 803 5246 pinquam
826 5178 1184 5234 solitudinem.

619 5267 753 5323 Cum
781 5269 1061 5337 quamdam
1108 5280 1283 5325 autem
1316 5285 1531 5341 parvam
1572 5285 1884 5344 occupasset
1906 5277 2117 5347 speluno

546 5375 686 5423 eam,
734 5362 982 5416 manebat
1001 5363 1184 5417 subter
1201 5372 1457 5419 montem.
1479 5366 1606 5435 Ejus
1627 5378 1803 5423 autem
1826 5385 1959 5439 upus
1978 5382 2111 5436 erat,

544 5458 659 5504 toto
681 5453 874 5508 diurno
901 5455 1073 5522 spatio
1098 5467 1280 5523 preces
1303 5458 1491 5523 edere;
1544 5469 1703 5513 noctu
1743 5463 1957 5525 quidem
1988 5476 2113 5517 ceu»

543 5542 665 5607 ties,
690 5543 919 5598 interdiu
948 5553 1121 5600 autem
1149 5546 1327 5612 toties,
1351 5547 1501 5602 ﬂexis
1518 5550 1762 5620 genibus.
1783 5552 1910 5621 Ejus
1937 5560 2110 5607 autem

539 5631 852 5690 alimentum
898 5644 1023 5692 tunc
1072 5652 1279 5708 qu0que
1327 5640 1462 5696 sicut
1503 5642 1667 5709 prius,
1724 5643 2021 5702 admirabili
2060 5657 2113 5703 et

2115 258 2436 319 PALLADll

671 368 722 425 in
750 370 1021 438 spelunca,
1049 375 1183 430 adeo
1212 384 1271 431 ut
1313 379 1486 448 ipsum
1513 394 1723 450 quoque
1752 382 1932 440 videre
1957 395 2096 441 esset
2129 386 2236 443 for-
2259 388 2309 448 Α
2340 396 2531 458 praeter

672 460 940 517 midabile.
994 462 1275 547 fremebat
1303 478 1479 525 autem
1506 472 1616 541 jam
1649 482 1811 540 totus,
1862 487 1919 531 ut
1956 493 2114 547 quem
2150 497 2233 537 se-

676 559 863 604 nectus
892 541 1236 620 opprimeret.
1268 558 1425 612 Multa
1448 572 1623 616 autem
1646 563 1793 631 signa
1820 567 2055 634 quotidie
2082 583 2232 635 pera-

665 637 839 708 gebat,
872 658 969 696 nee
1013 646 1257 699 cessabat
1306 649 1506 704 mederi
1539 654 1939 721 mgrotantibus.
1972 656 2231 713 Dicebant

664 731 961 799 autem-qui
991 733 1129 801 apud
1158 733 1327 802 ipsum
1358 748 1510 792 erant
1559 738 1759 807 Patres,
1812 745 2077 799 neminem
2118 762 2227 802 me-

666 821 883 876 minisse
908 822 1026 892 ejus
1055 839 1309 881 ascensus
1340 826 1393 882 in
1426 841 1681 886 montem.
1704 832 2026 891 Comedehat
2046 847 2224 894 autem
2327 841 2471 909 dine,
2524 862 2624 903 nec
2671 856 3088 913 veterascebant.
3138 861 3263 915 Erat
3291 872 3466 919 autem
3516 868 3565 921 iu
3601 872 3777 927 solitum

658 910 713 963 in
744 922 1020 967 senectute
1043 924 1150 969 tres
1185 919 1366 973 uncias
1397 920 1570 989 panis,
1602 931 1654 975 et
1677 930 1783 979 tres
1807 925 1952 980 oleas
1980 942 2219 997 vespere.

654 997 714 1053 in
739 999 1021 1069 juventute
1050 1014 1224 1060 autem
1249 1021 1463 1077 semper
1483 1012 1649 1066 semel
1675 1016 1985 1071 comedebat
2013 1019 2064 1072 in
2092 1019 2221 1075 heb-

3716 280 3813 339 H35

2575 394 2876 461 opinionem
2928 401 3133 459 ratione
3166 420 3195 459 a
3243 406 3355 463 Deo
3406 414 3745 482 suppeditatur.
3781 426 3823 486 Ei

2336 481 2477 535 enim
2514 481 2566 537 in
2584 485 2865 543 solitudine
2888 507 2984 560 per
3001 495 3242 566 angelum
3272 481 3584 558 alferebatur
3602 481 3824 571 nutrimen.

2337 579 2467 624 tum.
2520 572 2645 643 Ejus
2702 587 2876 635 autem
2918 582 3284 642 indumentum
3334 601 3449 645 erat
3486 594 3680 663 lebitou,
3726 609 3823 671 quod

2332 664 2569 718 nonnulli
2621 667 2884 725 colobium
2933 677 3217 745 appellant,
3288 689 3343 735 et
3400 697 3605 751 parvum
3664 664 3825 752 linteam

2330 755 2383 807 in
2436 755 2552 824 ejus
2603 763 2793 829 capite.
2836 764 2961 821 limo
3016 770 3155 823 enim
3195 773 3243 826 ei
3292 776 3569 832 manebant
3609 782 3653 835 in
3687 787 3823 841 solitu-

3767 894 3824 934 iis!

2326 938 2617 1008 prepinqua
2651 951 2807 998 terra:
2844 962 2964 1015 quae
2998 948 3285 1020 habitatur,
3310 954 3505 1011 faciens
3530 960 3667 1029 signa
3690 975 3733 1017 et
3752 970 3823 1021 vir.

2323 1033 2462 1081 tutes
2486 1031 2828 1089 admirabiles
2858 1036 2909 1089 in
2945 1038 3141 1095 virtute
3169 1042 3398 1111 Spiritus
3429 1063 3444 1099 :
3484 1064 3614 1118 quas
3659 1064 3824 1123 propter

2317 1116 2559 1172 miraculi
2586 1119 2842 1192 insignem
2867 1130 3281 1197 magnitudinem
3322 1149 3479 1191 nemo
3504 1116 3822 1206 potest—omna

2316 1205 2514 1276 dicere,
2544 1211 2679 1267 sicut
2707 1216 3007 1275 audivimus
3034 1234 3064 1275 a
3088 1223 3301 1278 senibus
3342 1224 3571 1295 quicum
3595 1244 3654 1284 eo
3674 1246 3818 1288 versa-

2314 1296 2525 1365 bantur,
2553 1304 2641 1371 qui
2674 1305 2772 1375 ipsi
2810 1324 3022 1379 quoque
3044 1321 3197 1366 erant
3241 1315 3337 1369 viri
3368 1320 3602 1385 perfecti,
3627 1330 3675 1374 et
3692 1336 3820 1390 prte-

2311 1397 2430 1442 rant
2456 1391 2633 1447 multis
2662 1394 2934 1454 fratribus.
2965 1400 3087 1455 Fuit
3117 1403 3292 1472 itaque
3335 1407 3573 1474 protinus
3607 1409 3755 1465 clarus
3774 1429 3818 1470 ac

2308 1477 2635 1553 celebratus,
2670 1496 2915 1557 tanquam
2946 1505 3119 1546 novus
3139 1494 3330 1562 aliquis
3369 1498 3613 1565 propheta
3641 1502 3710 1554 vel
3730 1517 3819 1569 apo-

2306 1573 2495 1641 stolus,
2523 1577 2611 1644 qui
2642 1581 3072 1636 venissetnostro
3096 1584 3319 1650 saeculo;
3350 1596 3539 1641 etcum
3569 1604 3734 1658 magna
3758 1592 3815 1644 ia-

2304 1680 2388 1718 ma
2423 1667 2489 1721 de
2544 1683 2819 1737 eosparsa
2874 1659 3034 1742 esset,
3059 1690 3246 1731 omnes
3274 1679 3363 1748 qui
3400 1679 3719 1736 circumcirca
3735 1687 3815 1739 dis-

2302 1756 2443 1823 persi
2474 1755 2780 1813 habitabant
2801 1763 3068 1829 monachi,
3098 1778 3309 1834 semper
3336 1768 3401 1821 ad
3428 1786 3545 1823 eum
3563 1774 3810 1841 veniebant,

2298 1854 2350 1898 et
2381 1855 2627 1919 tanquam
2654 1853 2782 1919 potri
2808 1868 3081 1921 germano,
3103 1855 3240 1911 dona
3274 1873 3397 1913 suas
3434 1860 3813 1919 oﬂerebautant-

2296 1954 2428 1994 mas.
2454 1941 2501 1994 ls
2530 1952 2707 1997 autem
2755 1946 2891 2001 alios
2934 1949 3147 2018 quidem
3192 1953 3502 2008 hortabatur
3529 1956 3593 2009 ad
3619 1967 3809 2012 contem-

2295 2029 2610 2098 plationem;
2640 2034 2774 2090 alios
2800 2052 2924 2092 vero
2954 2041 3281 2109 instituebat,
3329 2054 3389 2097 ut
3414 2059 3811 2115 persequerentur

2294 2119 2563 2189 virtutem,
2623 2141 2739 2193 quae
2768 2139 3008 2184 versatur
3045 2132 3096 2185 in
3127 2134 3353 2199 actione,
3410 2137 3634 2202 primum
3669 2149 3810 2194 osten-

2291 2210 2421 2266 dens
2451 2227 2613 2283 opere
2640 2231 2701 2271 ea
2730 2235 2847 2288 qua:
2872 2221 3012 2288 ipsos
3044 2223 3214 2279 facere
3242 2226 3560 2283 admonebat
3584 2244 3805 2288 sermone.

2288 2299 2438 2368 Step8
2468 2305 2607 2358 enim
2648 2308 2724 2362 eis
2766 2313 3053 2368 ostendens
3079 2317 3537 2384 exercitationem,
3580 2320 3806 2377 Dominica

2286 2391 2455 2447 Solum
2487 2410 2607 2450 cum
2636 2398 2711 2452 eis
2734 2403 3082 2460 versabatur:
3114 2409 3223 2473 ipse
3255 2409 3467 2476 quidem
3501 2426 3604 2464 non
3627 2415 3807 2481 amplius

2284 2496 2522 2551 sumens,
2581 2504 2736 2556 quam
2769 2493 2911 2547 olera
2938 2510 3053 2564 quae
3102 2512 3194 2552 sua
3252 2511 3440 2567 sponte
3480 2511 3747 2557 nascuntur
3767 2507 3805 2557 in

2287 2581 2458 2639 terra;
2491 2593 2595 2632 non
2629 2595 2821 2648 panem
2847 2584 3057 2640 interim
3081 2588 3163 2642 vel
3196 2588 3462 2659 legumen,
3496 2608 3597 2646 non
3638 2608 3697 2648 ex
3721 2595 3805 2649 lni-

2283 2666 2457 2722 ctibus
2505 2671 2756 2726 arborum
2793 2674 2995 2743 aliquid
3038 2679 3348 2746 comedens,
3389 2697 3494 2738 nec
3520 2698 3803 2755 quascunque

2283 2757 2391 2825 igni
2411 2758 2621 2814 admota
2644 2763 2860 2819 veniunt
2880 2766 2933 2819 in
2959 2782 3083 2822 usus
3112 2769 3401 2827 hominum.

2348 2872 2478 2928 Cum
2506 2886 2683 2931 autem
2733 2887 2973 2949 tempore
3030 2881 3225 2939 Juliani
3275 2885 3564 2955 aliquando
3589 2889 3802 2947 audiisset

2278 2965 2493 3033 fratrem
2522 2970 2574 3024 in
2600 2976 2836 3027 exercitu
2868 2984 3077 3045 captum
3102 2976 3334 3033 vinctum
3367 2982 3539 3035 teneri
3568 2982 3618 3037 in
3661 2994 3800 3038 custo-

2276 3058 2380 3126 dia,
2405 3062 2628 3117 accessit
2660 3065 2725 3118 ad
2755 3080 2876 3120 eum
2908 3083 3027 3122 cum
3051 3068 3403 3141 fraternitate,
3428 3090 3621 3145 rogans
3642 3091 3743 3132 eum
3763 3088 3800 3132 et

2274 3154 2589 3222 admonens,
2622 3164 2680 3211 ut
2706 3156 3017 3214 essetfortis
3042 3167 3098 3216 et
3117 3173 3362 3220 constans
3392 3166 3446 3221 in
3481 3167 3745 3235 laboribus,
3763 3178 3801 3225 cl

2271 3244 2569 3311 despiceret
2599 3247 2831 3315 pericula
2861 3249 2961 3305 sibi
3003 3250 3352 3308 imminentia.
3384 3253 3525 3311 Dicit
3552 3258 3681 3311 enim
3707 3273 3799 3314 esse

2268 3333 2369 3387 sibi
2396 3343 2601 3404 tempus
2624 3339 3013 3408 certaminum,
3081 3350 3139 3397 ut
3204 3351 3331 3397 tunc
3388 3358 3608 3417 quoque
3678 3362 3798 3401 mens

2265 3421 2381 3492 ejus
2409 3426 2659 3494 probetur
2702 3426 2898 3484 insultu
2928 3433 3295 3488 tentationum.
3347 3434 3631 3506 Postquam
3656 3447 3793 3490 autem

2266 3516 2346 3571 bis
2376 3519 2552 3575 verbis
2574 3521 2686 3588 ejus
2715 3520 2950 3576 animum
2969 3523 3319 3593 confirmavit,
3344 3526 3634 3583 adveniens
3656 3527 3793 3583 tribu-

2263 3623 2382 3675 nus,
2409 3612 2499 3679 qui
2530 3612 2756 3681 quodam
2783 3614 3000 3668 sceleris
3025 3614 3294 3671 ferebatur
3311 3617 3538 3686 impetu,
3564 3633 3673 3673 cum
3698 3621 3791 3687 qui.

2259 3701 2379 3754 dam
2412 3702 2459 3756 ei
2484 3702 2551 3757 de
2581 3703 2708 3773 ipsis
2737 3704 3106 3774 significasset,
3143 3707 3337 3763 clausis
3362 3709 3535 3777 portis
3558 3707 3789 3774 cumdie,

2258 3798 2313 3845 et
2335 3791 2505 3860 ipsum
2531 3802 2582 3847 et
2613 3809 2796 3850 omnes
2826 3796 2912 3863 qui
2941 3810 3060 3849 cum
3079 3811 3141 3849 eo
3163 3805 3313 3850 erant
3336 3797 3629 3853 monachos
3658 3799 3790 3852 inciu-

2255 3884 2344 3948 sit,
2378 3894 2623 3953 tanquam
2656 3887 2858 3941 futuros
2898 3898 3051 3955 aptos
3088 3888 3153 3944 ad
3179 3889 3460 3957 militiam;
3500 3885 3563 3945 ἐι
3587 3906 3692 3943 cum
3727 3893 3787 3944 eis

2254 3983 2383 4043 quot
2408 3976 2536 4031 satis
2573 3988 2750 4031 essent
2789 3978 3037 4033 custodes
3071 3978 3461 4049 constituisset,
3505 3980 3702 4035 domum
3721 3996 3786 4033 re-

2252 4066 2373 4131 diit,
2404 4081 2504 4121 nec
2543 4068 2811 4123 auditione
2837 4068 3048 4138 quidem
3087 4071 3152 4127 ab
3197 4072 3274 4125 eis
3312 4073 3494 4141 rogari
3534 4072 3782 4127 sustinens.

2251 4156 2421 4211 Media
2449 4167 2624 4213 autem
2655 4170 2830 4225 nocte,
2865 4163 3155 4231 lampadem
3209 4163 3639 4233 ferensoangelus
3658 4177 3782 4232 πνρας

2249 4256 2331 4301 ret
2356 4250 2685 4317 custodibus,
2719 4253 2914 4307 lumine
2943 4255 3212 4309 illustrans
3249 4270 3438 4311 omnes
3470 4258 3561 4327 qui
3590 4264 3720 4311 erant
3742 4256 3778 4306 ia

2246 4353 2481 4407 carcere,
2526 4343 2660 4398 adeo
2708 4354 2888 4414 utpra:
2920 4357 3137 4416 stupore
3162 4347 3369 4403 hiantes
3405 4363 3613 4404 starent
3635 4361 3780 4403 custo-

2245 4432 2359 4486 des.
2400 4434 2500 4500 Qui
2546 4450 2663 4490 cum
2693 4438 3068 4508 suzrexissent,
3118 4456 3211 4496 eos
3243 4453 3501 4511 rogarunt
3529 4455 3585 4498 ut
3628 4456 3779 4496 uiuae:

2246 4524 2474 4591 abirent,
2504 4527 2581 4581 eis
2612 4530 2810 4597 apertis
2835 4531 3043 4601 januis;
3087 4531 3387 4589 fatebantur
3412 4538 3560 4590 enim
3586 4552 3693 4591 esse
3710 4551 3776 4587 sa-

2244 4614 2344 4669 tius
2368 4630 2462 4683 pro
2500 4616 2567 4671 iis
2598 4621 2750 4685 mori,
2784 4636 2939 4690 quam
2974 4638 3090 4692 quae
3119 4626 3183 4677 ad
3206 4640 3298 4679 eos
3329 4626 3586 4681 divinitus
3638 4628 3776 4681 venis-

2238 4712 2320 4758 set
2352 4705 2648 4762 libcrtatem
2672 4712 2758 4779 qui
2784 4713 2914 4765 citra
2948 4715 3206 4768 rationem
3232 4716 3608 4773 detinebantur
3633 4719 3776 4787 desp-

2238 4808 2383 4849 cere.
2419 4798 2684 4854 Tribunus
2714 4801 2890 4870 itaque
2918 4817 3038 4857 cum
3090 4807 3487 4874 magistratibus
3519 4824 3668 4863 mane
3701 4824 3773 4861 ve-

2236 4884 2388 4940 niens
2408 4886 2455 4943 in
2486 4891 2801 4957 custodiam,
2832 4895 3185 4950 contendebat
3213 4907 3269 4951 ut
3299 4902 3394 4953 viri
3426 4901 3773 4970 egrederentur

2228 4993 2259 5032 e
2282 4978 2524 5047 civitate;
2551 4982 2757 5038 dicebat
2786 4986 2926 5040 enim
2954 4988 3169 5043 domum
3192 5007 3337 5046 suam
3360 4994 3618 5049 cecidisse
3645 5004 3771 5048 terra

2227 5081 2399 5137 motu,
2439 5082 2493 5126 et
2523 5088 2552 5127 e
2593 5076 2701 5128 suis
2751 5078 2922 5133 servis
2951 5080 3491 5152 optimostippressos
3522 5084 3691 5139 fuisse.
3739 5082 3769 5136 li

2227 5173 2405 5221 autem
2436 5164 2551 5222 lucc
2575 5169 2867 5235 audientes,
2901 5172 3009 5227 Deo
3045 5176 3245 5243 gratias
3273 5185 3516 5244 agentes,
3556 5176 3768 5230 abierunt

2224 5258 2277 5311 in
2334 5259 2706 5329 solitudinem,
2764 5274 3020 5334 erantque
3071 5280 3257 5322 omnes
3318 5268 3523 5333 simul,
3569 5279 3626 5322 ut
3660 5266 3770 5321 dicit

2220 5350 2533 5419 Apostolus,
2582 5354 2838 5411 habentes
2886 5370 2978 5412 cor
3029 5372 3191 5412 unum
3242 5367 3297 5414 et
3350 5375 3511 5413 unam
3563 5361 3767 5413 animam

2222 5440 2359 5510 (Act.
2393 5441 2489 5504 tv).

2292 5553 2527 5611 Docebat
2554 5565 2731 5613 autem
2770 5559 3004 5629 quotidie
3033 5560 3211 5617 ornari
3235 5560 3543 5631 virtutibus,
3598 5569 3650 5616 et
3672 5573 3767 5612 nia-

2210 5645 2400 5703 «chinas
2431 5646 2625 5706 diaboli
2649 5650 2702 5708 in
2740 5651 3149 5721 cogitationibus
3177 5653 3232 5711 in
3256 5653 3525 5724 principio
3549 5654 3765 5727 protan
