4112 6510
279 276 308 345 1
319 278 422 346 137

1510 272 2308 349 ΗῐεΤοΜΑειΑυειΑοΑ.

3399 268 3538 336 1138

275 387 566 460 σπήλαιον,
592 383 732 437 ὥστε
768 381 863 437 καὶ
879 380 939 434 τὸ
968 379 1097 434 ίδεῖν
1126 377 1288 434 αὐτὸν
1321 376 1444 433 λίαν
1481 372 1550 450 ἦν
1601 379 1854 452 φοϐερόν.
1881 387 1937 451 Α
1959 379 2290 442 τοσαυτάκις
2320 377 2378 432 δέ
2406 377 2465 431 ἐν
2495 379 2561 449 τῇ
2588 377 2800 451 ἡμέρᾳ,
2841 378 3184 448 κάμπτοντος
3212 379 3281 435 τὰ
3312 383 3534 451 γόνατα.

275 481 523 549 Ἔτρεμε
544 476 600 530 δὲ
630 472 820 528 λοιπὸν
856 471 975 536 ὅλος
1004 469 1108 524 ὑπὸ
1133 468 1229 523 τοῦ
1253 470 1441 540 γήρως
1468 471 1847 542 συνεχόμενος.

271 571 458 628 Πολλά
501 571 558 623 δέ
608 552 729 622 καθδ
754 567 994 636 ἑκάστην
1033 563 1259 635 ἡμέραν
1317 564 1521 632 σημεῖα
1561 563 1851 630 ἐπιτελῶν,

271 667 371 722 καὶ
413 663 642 734 ἰώμενος
672 660 798 722 τούς
832 659 1142 728 κάμνοντας
1172 655 1274 710 οὐκ
1321 654 1582 711 ἐπαύετο.
1622 655 1852 726 Ἔλεγον

268 761 330 814 δέ
376 758 508 828 περὶ
562 753 727 810 αὐτοῦ
754 755 804 807 οἱ
861 751 1108 822 Πατέρες
1143 790 1160 815 ,
1211 749 1295 802 ὅτι
1345 749 1521 812 οὐδεὶς
1574 748 1848 820 μέμνηται

266 854 372 922 τὴν
403 848 571 904 αὐτοῦ
605 851 664 902 ἐν
686 845 763 918 τῷ
821 845 938 916 ὄρει
967 841 1340 916 γεγενημένην
1379 839 1585 898 ἄνοδον.
1617 841 1847 895 Ἷισθιεν

263 945 324 1000 δὲ
363 945 423 998 ἐν
459 942 540 1012 τῷ
578 941 739 1012 γήρει
777 940 928 1009 τρεῖς
955 935 1186 1006 οὐγγίας
1233 936 1398 1006 ἄρτου
1455 935 1536 997 είς
1587 933 1849 1005 ἑσπέραν,

265 1035 366 1088 καὶ
419 1034 570 1104 τρεῖς
607 1030 818 1094 ἐλαίας.
856 1029 946 1084 Ἐν
988 1027 1287 1099 νεότητιδέ
1314 1024 1403 1081 ἀεὶ
1453 1023 1521 1080 δι’
1555 1024 1851 1097 ἑϐδομάδος

263 1121 467 1178 ἐσθίων
494 1119 643 1185 ἅπαξ
667 1119 911 1174 διετέλει.

865 1273 1122 1330 ΚΕΦΑΛ.
1156 1274 1284 1330 NB’.

651 1407 795 1479 Περί
831 1407 938 1462 τοῦ
988 1403 1139 1464 ἀὸϐᾶ
1176 1403 1461 1462 Ἀπολλῶ.

241 1562 250 1573 ”
344 1564 932 1637 Ἐθεασάμεθαδέκαὶ
960 1563 1148 1634 ἕτερον
1200 1554 1373 1634 ἄνδρα
1420 1562 1574 1631 ἆγιον
1621 1557 1850 1631 ὀνόματι

271 1661 545 1727 Ἀπολλῶ,
575 1662 631 1714 ἐν
662 1659 911 1726 Θηϐαΐδι,
941 1660 999 1710 ἐν
1031 1657 1200 1728 ὁρίοις
1241 1654 1657 1726 Ἐρμουπόλεως
1678 1668 1691 1683 ο
1721 1654 1778 1705 ἐν
1814 1645 1850 1726 ᾖ

1970 469 2036 524 Ἦ
2068 469 2243 540 τροφὴ
2295 468 2353 523 δὲ
2415 469 2580 522 αὐτοῦ
2627 469 2766 534 τέως
2813 469 3067 542 καθάπερ
3119 474 3336 543 πρῶτον
3386 477 3538 547 παρὰ

1955 559 2092 614 Θεοῦ
2139 561 2199 625 ἐξ
2227 560 2537 631 ἀμηχανίας
2575 561 2913 632 ἐχορηγεῖτο.
2968 563 3056 616 Ἐν
3103 566 3170 635 τῇ
3207 566 3400 638 ἐρήμῳ
3428 569 3538 640 γὰρ

1954 653 2105 724 αὐτῷ
2134 654 2167 721 ή
2193 652 2367 724 τροφὴ
2398 654 2530 723 παρ’
2563 653 2796 721 ἀγγέλου
2823 653 3130 725 ἐκομίζετο.
3153 656 3227 709 Τὸ
3251 656 3307 710 δέ
3335 657 3540 728 ἔνδυμα

1953 739 2022 818 ἦν
2051 744 2200 816 αὐτῷ
2229 747 2258 800 ὁ
2289 746 2538 811 λεϐιτὼν,
2581 748 2752 817 ὅνπερ
2782 746 2928 811 τινὲς
2971 747 3212 802 κολόϐιον
3261 766 3539 820 διιτροσαγο⁴

1961 838 2198 909 ρεύουσι,
2225 840 2321 892 καὶ
2346 838 2550 893 λέντιον
2581 839 2777 910 μικρὸν
2800 840 2894 893 ἐπὶ
2922 843 3025 911 τὴν
3072 841 3316 912 κεφαλὴν
3349 842 3534 898 αὐτοῦ.

1954 928 2144 984 Ταῦτα
2171 927 2284 1001 γὰρ’
2317 929 2466 1001 αὐτῷ
2495 931 2554 984 ἐν
2578 933 2644 1002 τῇ
2671 931 2864 1003 ἐρήμῳ
2896 931 3119 1002 ἔμειναν
3168 932 3245 1004 μὴ
3279 933 3539 988 παλαιου-

1961 1016 2248 1092 μέναῘΗν
2267 1022 2398 1090 γοῦν
2427 1023 2484 1076 ἐν
2511 1023 2576 1094 τῇ
2601 1021 2830 1093 πλησίον
2848 1023 2944 1094 τῆς
2965 1024 3290 1096 οἰκουμένης
3319 1025 3536 1097 ἐρήμῳ,

1954 1114 2012 1166 ἐν
2035 1116 2104 1185 τῇ
2138 1113 2367 1184 δυνάμει
2395 1113 2595 1183 διάγων
2622 1113 2716 1167 τοῦ
2752 1113 3094 1186 Πνεύματος,
3133 1119 3333 1187 σημεῖα
3361 1116 3418 1169 δέ
3441 1117 3537 1169 καὶ

1957 1205 2125 1268 ίάσεις
2166 1203 2427 1258 ἐπιτελῶν
2456 1203 2796 1274 θαυμαστὰς,
2825 1203 2892 1268 ἃς
2925 1205 3024 1258 οὐκ
3059 1205 3123 1258 ἄν
3153 1222 3236 1268 τις
3270 1204 3336 1258 δι’
3368 1204 3536 1274 ὐπερ-

1955 1295 2114 1369 ϐολήν
2141 1295 2417 1368 θαύματος
2440 1295 2620 1363 πάσας
2643 1293 2880 1362 ἐξειπεῖν
2905 1294 3148 1362 δύναται,
3171 1295 3353 1360 καθὼς
3383 1293 3536 1366 παρά

1952 1389 2063 1443 τῶν
2106 1388 2374 1442 συνόντων
2413 1385 2562 1458 αὐτῷ
2620 1386 3007 1459 πρεσϐυτέρων
3051 1385 3390 1458 ἠκούσαμεν,
3440 1385 3536 1440 καί⁵

1953 1477 2135 1532 αὐτῶν
2155 1475 2377 1530 τελείων
2401 1475 2570 1530 όντων
2592 1477 2687 1530 καὶ
2721 1475 3040 1548 ἡγουμένων
3077 1475 3279 1547 πολλῆς
3318 1475 3538 1544 ἀδελφό·

1952 1587 2135 1640 τητος.
2175 1569 2404 1638 Γέγονεν
2441 1569 2536 1622 οὐν
2566 1569 2728 1632 εὐθὺς
2775 1567 3058 1639 διαϐόητος
3090 1571 3119 1622 ό
3159 1569 3318 1640 ἀνὴρ,
3355 1567 3431 1631 ὡς
3469 1567 3536 1622 ἂν

1953 1662 2072 1726 νέος
2104 1680 2189 1726 τις
2224 1663 2510 1732 προφήτης
2534 1663 2627 1716 καὶ
2657 1661 2955 1724 ἀπόστολος
3000 1664 3067 1732 τῇ
3100 1661 3345 1731 ἡμετέρᾳ
3373 1661 3538 1732 γενεᾷ

254 1757 288 1809 ὁ
315 1755 511 1827 Σωτὴρ
541 1753 680 1826 μετὰ
700 1753 802 1823 τῆς
830 1751 1100 1823 παρθένου
1134 1749 1352 1820 Μαρίας
1387 1749 1480 1803 καὶ
1509 1746 1603 1800 τοῧ
1635 1747 1848 1801 δικαίου
1880 1737 1923 1791 Β
1954 1755 2339 1825 ἐπιφοιτήσας.
2387 1754 2582 1824 Φήμης
2625 1754 2682 1807 δέ
2721 1752 2924 1822 πολλῆς
2959 1753 3089 1823 περὶ
3120 1751 3284 1805 αὐτοῦ
3318 1751 3537 1822 διαδρας-

269 1848 476 1919 Ἷωσὴφ
509 1846 859 1915 παρεγένετο,
908 1842 1131 1896 Ἡσαΐου
1183 1841 1284 1912 τὴν
1334 1838 1668 1911 προφητείαν
1717 1839 1849 1891 ἀνα-

255 1940 509 2013 πληρῶν,
536 1939 822 2009 λέγοντοςο
866 1937 994 1990 Ἰδοὺ
1041 1935 1244 2006 Κύριος
1281 1933 1512 2005 κάθηται
1550 1929 1644 1986 ἐπὶ
1685 1930 1846 2001 νεφέ-

251 2035 356 2104 λης
384 2032 618 2104 κούφης,
654 2031 748 2083 καὶ
772 2029 894 2100 ἣξει
918 2031 996 2092 είς
1019 2029 1319 2096 Αἴγυπτον,
1349 2026 1446 2079 καὶ
1470 2024 1846 2095 σεισθήσονται

250 2126 615 2197 χειροποίητα
644 2121 920 2191 Αἰγύπτου
944 2120 1049 2173 ἀπὸ
1084 2118 1375 2190 προσώπου
1404 2116 1593 2183 αὐτοῦ,
1622 2116 1718 2170 καὶ
1743 2132 1845 2169 πε-

252 2216 482 2271 σοῦνται
517 2215 609 2268 ἐπὶ
632 2212 728 2286 τὴν
750 2213 874 2283 γῆν.
917 2212 1130 2281 Ἴδομεν
1169 2211 1286 2263 ἐκεῖ
1311 2210 1403 2262 καὶ
1433 2210 1523 2261 τὸν
1545 2207 1670 2260 ναὸν
1692 2205 1840 2272 ἔνθα,

249 2306 591 2369 εἰσελθόντος
609 2304 701 2358 τοῦ
729 2304 1058 2374 Σωτῆροςέν
1079 2303 1146 2373 τῇ
1164 2301 1340 2367 πόλει,
1357 2300 1426 2353 τά
1451 2299 1643 2354 εἴδωλα
1667 2298 1844 2352 πάντα

251 2399 563 2454 κατέπεσεν
606 2395 700 2448 ἐπὶ
737 2394 1028 2466 πρόσωπον
1089 2393 1169 2456 είς
1202 2392 1301 2463 τὴν
1326 2391 1452 2462 γῆν.
1485 2392 1696 2462 Ἰδομεν
1749 2388 1843 2444 οῦν

251 2493 348 2545 τὸν
388 2490 562 2561 ἄνδρα
610 2487 798 2541 τοῦτον
828 2487 886 2540 ἐν
912 2489 978 2559 τῇ
1009 2487 1202 2558 ἐρήμῳ
1250 2485 1354 2539 ὐπὸ
1381 2484 1442 2538 τὸ
1491 2484 1617 2556 ὅρος
1649 2483 1842 2554 έχοντα

257 2584 652 2654 μοναστήριον,
686 2580 908 2650 Πατέρα
933 2579 1009 2643 ὡς
1042 2577 1416 2632 πεντακοσίων
1443 2576 1694 2647 μοναχῶν
1718 2593 1733 2606 ο
1784 2574 1842 2639 ὃς

250 2676 543 2746 διαϐόητος
575 2676 634 2728 ἐν
672 2672 934 2744 Θηϐαΐδιο
969 2673 1067 2726 καλ⁸
1109 2671 1248 2742 ἔργα
1285 2669 1497 2740 μεγάλα
1543 2664 1613 2739 ἦν
1669 2665 1840 2738 αὐτῷ,

249 2768 350 2823 καὶ
397 2767 660 2836 δυνάμεις
715 2764 959 2836 μεγάλας
1008 2763 1186 2817 ἐποίει
1221 2762 1290 2816 δι’
1340 2759 1506 2815 αὐτοῦ
1540 2761 1570 2813 ό
1612 2758 1838 2829 Κύριος.

249 2859 467 2931 Σημεῖα
493 2856 553 2910 δὲ
581 2856 723 2910 πάνυ
753 2854 924 2909 πολλά
957 2855 1026 2909 δι’
1061 2853 1228 2909 αὐτοῦ
1265 2851 1637 2908 ἐπετελοῦντο.
1676 2845 1844 2914 Οὗτος

249 2947 364 3019 γὰρ
393 2949 462 3002 ἐκ
483 2945 736 3002 παιδόθεν
768 2944 970 3017 πολλὴν
1001 2944 1236 3016 ἄσκησιν
1259 2943 1655 3012 ἐνδειξάμενος,
1673 2942 1730 2994 ἐν
1763 2938 1842 3012 τῷ

247 3041 396 3096 τέλει
420 3041 520 3112 τῆς
547 3039 759 3112 ήλικίας
787 3037 1056 3109 τοσαύτης
1078 3037 1233 3107 ἔτυχε
1268 3036 1509 3108 χάριτος.
1551 3033 1842 3104 Ὀγδοηκο-

250 3133 385 3188 στοῦ
409 3131 521 3204 γὰρ
550 3131 627 3185 ὢν
651 3129 806 3194 ἐτους
833 3128 977 3200 μέγα
1001 3131 1360 3200 μοναστήριον
1388 3125 1567 3197 ἐαυτῷ
1587 3125 1844 3196 συνεκρό-

245 3235 421 3290 τησεν
457 3218 681 3272 τελείων
736 3216 947 3288 ἀνδρῶν
972 3216 1344 3271 πεντακοσίων
1372 3213 1686 3286 δυναμένων
1713 3230 1842 3287 σχε-

246 3313 342 3366 δἰν
366 3311 590 3366 πάντων
629 3313 830 3382 σημεῖα
862 3309 1152 3363 ἐπιτελεῖν.
1175 3302 1345 3373 Οὗτος
1379 3307 1675 3362 δεκαπέντε
1704 3307 1842 3360 ἐτῶν

247 3401 622 3473 ἀναχωρήσας
650 3399 742 3454 τοῦ
766 3399 971 3470 κόσμου
1011 3397 1108 3452 καὶ
1131 3399 1538 3471 τεσσαράκοντα
1567 3397 1663 3469 ἐτη
1692 3398 1749 3452 ἐν
1775 3399 1842 3471 τῇ

247 3493 449 3564 ἐρήμῳ
476 3489 810 3557 διατελέσας,
849 3492 1030 3544 πᾶσαν
1063 3491 1266 3562 ἀρετὴν
1305 3489 1549 3562 ἀκριϐῶς
1606 3489 1841 3561 ἐξασκή-

249 3596 376 3645 σας,
413 3577 644 3649 ὕστερον
701 3579 884 3650 φωνῆς
924 3579 1145 3634 ἀκούειν
1173 3578 1320 3646 ἔδοξε
1359 3578 1452 3633 τοῦ
1485 3579 1644 3645 Θεοῦ,
1706 3580 1843 3652 πρὸς

249 3671 420 3727 αὐτὸν
478 3671 766 3741 λέγοντος·
838 3671 1102 3739 Ἀπολλῶ,
1156 3671 1418 3738 ’Δπολλῶ,
1462 3672 1550 3727 διὰ
1613 3671 1708 3726 σοῦ
1747 3673 1842 3744 τὴν

249 3764 451 3836 σοφίαν
483 3764 592 3819 τῶν
616 3763 930 3834 Δίγυπτίων
975 3766 1067 3818 καί
1092 3764 1193 3835 τὴν
1221 3763 1434 3819 σύνεσιν
1464 3764 1573 3818 τῶν
1604 3765 1842 3821 συνετῶν

249 3858 427 3914 ἐθνῶν
449 3858 720 3928 ἀθετήσω.
774 3856 1017 3920 Ἀπολεῖς
1037 3856 1094 3910 δέ
1127 3873 1219 3927 μοι
1253 3857 1350 3910 σὺν
1384 3857 1568 3920 αὐτοῖς
1593 3857 1686 3910 καὶ
1713 3858 1844 3922 τοὺς

251 3952 458 4021 σοφοὺς
492 3951 832 4019 Βαϐυλῶνος,
889 3951 987 4005 καὶ
1021 3953 1205 4006 πᾶσαν
1243 3951 1340 4023 τὴν
1393 3951 1714 4028 δαιμονικῂν
1741 3953 1842 4007 λα-

248 4044 446 4114 τρείαν
467 4043 838 4113 ἐξαφανίσας.
900 4043 1009 4096 Καὶ
1037 4043 1134 4097 νῦν
1161 4042 1392 4113 πορεύου
1429 4044 1508 4108 είς
1533 4045 1632 4114 τὴν
1661 4045 1843 4097 οίκου-

251 4137 452 4210 μένην.
471 4136 758 4208 Γεννήσεις
789 4137 897 4208 γάρ
929 4153 1018 4207 μοι
1075 4135 1203 4190 λαὸν
1233 4135 1544 4206 περιούσιον
1596 4134 1843 4207 ζηλωτὴν

250 4231 441 4285 καλῶν
489 4229 690 4300 ἔργων.
736 4229 796 4283 Ὀ
828 4228 886 4282 δὲ
918 4227 1238 4300 ἀποκριθεὶς
1274 4221 1450 4294 εἶπεν,
1487 4228 1690 4298 Ἀφελε
1745 4230 1842 4283 ἀπ’

250 4321 413 4393 ἐμοῦ,
450 4321 726 4391 Δέσποτα,
755 4321 854 4392 τὴν
876 4320 1182 4386 ἀλαζονίαν,
1231 4321 1306 4392 μή
1344 4338 1461 4385 πως
1515 4320 1842 4392 ὑπεραρθεὶς

1958 1848 2190 1919 μούσης,
2222 1847 2424 1909 πάντες
2446 1846 2684 1916 οίπέριξ
2717 1846 2989 1918 σποράδην
3016 1845 3268 1917 μένοντες
3308 1845 3536 1915 μοναχοὶ

1955 1939 2093 2010 πρὸς
2120 1939 2280 1992 αὐτὸν
2303 1939 2389 1992 ἀεὶ
2411 1937 2661 2007 ἔφθανον,
2686 1937 2761 2001 ῶς
2777 1938 2948 2007 πατρὶ
2970 1935 3180 2010 γνησίῳ
3200 1937 3297 2002 τὰς
3327 1935 3534 1990 ἑαυτῶν

1952 2031 2128 2102 ψυχὰς
2156 2031 2304 2102 δῶρα
2333 2030 2752 2103 προσφέροντες.
2799 2030 2857 2083 Ὀ
2881 2031 2936 2083 δέ
2967 2029 3059 2094 οὓς
3095 2032 3192 2101 μὲν
3227 2035 3361 2103 πρὸς
3395 2030 3533 2084 θεω-

1957 2124 2077 2195 ρίαν
2106 2121 2494 2194 προσεκαλεῖτο
2512 2164 2527 2188 ,
2561 2119 2652 2185 οῦς
2683 2121 2855 2193 δὲτὴν
2880 2122 3188 2194 πρακτικὴν
3214 2120 3533 2194 συνεϐίϐαζε

1955 2215 2231 2286 μετελθεῖν
2262 2215 2492 2286 ἀρετήν’
2524 2213 2739 2284 πρῶτον
2770 2213 2982 2275 δεικνὺς
3013 2213 3180 2284 ἔργῳ,
3220 2215 3362 2284 ἅπερ
3391 2213 3536 2285 λόγῳ

1953 2308 2128 2358 ποιεῖν
2157 2305 2351 2367 ἄλλους
2389 2302 2680 2358 ἐνουθέτει.
2716 2303 2984 2367 Πολλάκις
3031 2305 3139 2376 γὰρ
3179 2304 3534 2359 ἐπιδεικνύων

1951 2398 2136 2460 αὐτοῖς
2157 2395 2254 2467 τήν
2280 2397 2534 2466 ἄσκησιν,
2567 2395 2707 2448 κατά
2729 2396 3012 2466 Κυριακὴν
3030 2395 3193 2464 μόνον
3221 2394 3336 2467 μετ’
3353 2394 3534 2449 αὐτῶν

1955 2487 2371 2558 μετελάμϐανεν
2393 2504 2406 2518 ·
2440 2486 2601 2548 αὐτὸς
2631 2487 2751 2555 μὲν,
2784 2486 2815 2556 ἢ
2853 2488 2975 2540 ὅσον
3006 2503 3112 2558 περ
3142 2487 3250 2540 τῶν
3283 2486 3534 2557 λαχάνων

1951 2579 2272 2650 αὐτομάτως
2327 2581 2392 2632 ἐκ
2441 2579 2544 2649 τῆς
2579 2578 2684 2649 γῆς
2729 2578 3012 2648 ἀνεφύετο,
3066 2579 3166 2632 οὐκ
3195 2578 3382 2649 ἄρτον,
3429 2579 3533 2632 οὐκ

1949 2673 2199 2745 ὄσπριον,
2228 2674 2290 2728 οὐ
2321 2673 2431 2727 τῶν
2461 2674 2519 2726 ἐν
2541 2675 2655 2736 τοῖς
2683 2675 2872 2741 φυτοῖς
2901 2671 3132 2743 όπώρων
3163 2688 3215 2724 τι
3243 2668 3533 2740 διαιτώμε-

1948 2782 2059 2829 νος,
2087 2765 2198 2819 οὐδ’
2228 2766 2328 2818 ὅσα
2356 2763 2443 2818 διὰ
2471 2764 2563 2818 τοῦ
2597 2764 2770 2834 πυρὸς
2795 2763 2909 2835 ἔχει
2938 2765 3036 2834 τὴν
3065 2762 3284 2834 χρῆσιν.

2031 2857 2298 2921 Ἀκούσας
2333 2855 2391 2910 δέ
2432 2873 2562 2910 ποτε
2611 2859 2669 2910 ἐν
2697 2859 2810 2917 τοῖς
2854 2855 3137 2910 Ἰουλιανοῦ
3182 2858 3412 2927 καιροῖς,
3447 2857 3529 2912 ὅτι

1949 2947 2178 3018 ἀδελφὸς
2209 2949 2290 3012 είς
2335 2947 2627 3018 στρατείαν
2670 2946 2966 3020 κρατηθεὶς
2995 2947 3052 3000 ἐν
3077 2947 3290 3019 φυλακῇ
3319 2945 3532 3017 δεσμώ-

1947 3058 2046 3111 της
2075 3039 2336 3112 κάθηται,
2370 3039 2702 3111 παρεγένετο
2725 3038 2862 3110 πρὸς
2892 3038 3054 3092 αὐτὸν
3086 3039 3226 3111 μετὰ
3249 3039 3349 3109 τῆς
3376 3038 3532 3092 ἀδελ-

1947 3131 2200 3201 φότητος,
2235 3129 2570 3202 παρακαλῶν
2593 3129 2756 3184 αὐτὸν
2804 3129 2898 3183 καὶ
2932 3128 3200 3185 νουθετῶν
3240 3132 3530 3201 καρτερεῖν

1946 3223 2004 3274 ἐν
2026 3221 2139 3285 τοῖς
2154 3221 2354 3285 πόνοις,
2384 3221 2478 3275 καὶ
2502 3222 2627 3284 τοὺς
2657 3220 3059 3291 ἐπερχομένους
3081 3219 3229 3291 αὐτῷ
3247 3219 3530 3284 κινδύνους

1946 3314 2223 3386 ὐπερορᾷν
2299 3313 2508 3386 Καιρὸν
2556 3313 2666 3385 γάρ
2702 3331 2867 3384 φησιν
2920 3311 3058 3366 εἶναι
3095 3311 3327 3383 ἀγώνων
3356 3312 3527 3385 αὐτῷ,

1942 3406 2066 3460 τότε
2099 3405 2194 3459 καὶ
2222 3403 2320 3477 τὴν
2353 3405 2582 3476 γνώμην
2608 3402 2774 3458 αὐτοῦ
2793 3406 2859 3475 τῇ
2882 3404 2990 3457 τῶν
3015 3403 3334 3476 πειρασμῶν
3358 3421 3532 3475 προσ-

1945 3497 2076 3570 ϐολῇ
2098 3497 2510 3568 δοκιμάζεσθαι.
2579 3497 2670 3561 Ὠς
2716 3496 2773 3550 δέ
2813 3495 3169 3568 ἐπεστήριξεν
3217 3496 3382 3551 αὐτοῦ
3430 3496 3532 3569 τὴν

1943 3589 2145 3661 ψυχὴν,
2182 3593 2295 3654 τοῖς
2324 3591 2506 3660 λόγοις
2533 3589 2747 3655 τούτοις
2771 3591 3004 3655 ἐπιστάς
3033 3592 3060 3644 ό
3085 3590 3362 3661 χιλίαρχος
3381 3592 3528 3663 ὁρμῇ

1943 3685 2043 3755 τῆς
2085 3683 2286 3746 κακίας
2320 3685 2651 3754 φερόμενος,
2708 3683 3135 3753 ἐπαγγείλαντος
3173 3682 3321 3754 αὐτῷ
3380 3700 3529 3748 τινος

1945 3777 2073 3849 περὶ
2093 3776 2293 3842 αὐτῶν,
2307 3777 2519 3840 ἐπιθεὶς
2537 3776 2764 3848 κλεῖθρα
2778 3777 2899 3841 ταῖς
2919 3775 3110 3847 θύραις
3133 3778 3234 3847 τῆς
3255 3775 3503 3846 φυλακῆς
3509 3815 3526 3841 θ

1945 3866 2110 3921 αὐτόν
2145 3883 2202 3919 τε
2229 3866 2322 3920 καὶ
2347 3867 2474 3930 τούς
2499 3865 2618 3937 μετ’
2651 3866 2818 3920 αὐτοῦ
2845 3867 3114 3937 μοπθαχούς
3156 3866 3364 3930 πάντας
3393 3883 3528 3920 κατ-

1945 3959 2211 4024 έκλεισεν,
2241 3958 2318 4024 ὡς
2349 3958 2690 4030 ἐπιτηδείους
2720 3959 3013 4030 ἐσομένους
3052 3959 3187 4031 πρὸς
3227 3958 3325 4029 τὴν
3366 3975 3528 4029 στρα-

1944 4053 2116 4119 τείαν,
2144 4051 2239 4106 καὶ
2271 4050 2519 4121 φύλακας
2545 4051 2766 4114 ἱκανοὺς
2800 4050 2983 4114 αὐτοῖς
3020 4052 3394 4121 καταστήσας,
3434 4051 3528 4105 ἐπὶ

1945 4144 2045 4215 τὴν
2071 4141 2267 4197 ἐαυτοῦ
2299 4142 2475 4196 οίκίαν
2500 4140 2838 4215 ἀνεχώρησε,
2880 4141 3014 4212 μηδέ
3056 4141 3184 4214 ἄχρι
3217 4143 3388 4212 ἀκοῆς
3421 4161 3529 4197 πα·-

1949 4233 2285 4306 ρακληθῆναι
2343 4232 2434 4286 ὑπ’
2491 4231 2670 4286 αὐτῶν
2726 4233 3117 4302 ἀνασχόμενος.
3170 4230 3325 4285 Κατά
3373 4231 3431 4285 δὲ
3465 4232 3528 4286 τὸ

1949 4330 2300 4401 μεσονύκτιον
2317 4328 2744 4400 λαμπαδηφόρος
2769 4328 2998 4398 ἄγγελος
3022 4328 3271 4399 φαίνεται
3290 4329 3402 4392 τοῖς
3427 4344 3529 4398 φυ-

251 4417 395 4486 ὑπὲρ
431 4414 528 4486 τὴν
549 4414 909 4486 ἀδελφότητα,
938 4414 998 4468 τδ
1032 4416 1139 4468 πᾶν
1163 4414 1364 4480 ἀγαθὸν
1396 4413 1678 4484 ζημιωθῶ.
1705 4407 1839 4466 Εἷπε
1865 4444 1922 4503 D
1945 4417 2218 4488 λάτ-έουσι,
2261 4421 2401 4490 φωτὶ
2453 4421 2888 4493 καταστράπτων
2919 4422 3128 4485 πάντας
3179 4422 3236 4476 ἐν
3269 4423 3348 4494 τῷ
3375 4423 3530 4494 οἰκή·

246 4509 304 4563 δὲ
329 4507 494 4561 πάλιν
541 4505 725 4576 ήθεία
780 4507 931 4576 φωνὴ
992 4505 1127 4576 πρὸς
1180 4505 1359 4560 αὐτόν’
1398 4505 1685 4559 Ἐπίϐαλον
1741 4506 1840 4576 τὴν

247 4601 415 4674 χεῖρά
449 4618 544 4654 σου
595 4601 688 4653 ἐπὶ
730 4599 819 4653 τὸν
879 4599 1082 4672 αὐχένα
1118 4615 1242 4652 σου·
1277 4599 1370 4652 καὶ
1421 4598 1692 4664 καθέξεις,
1746 4599 1842 4653 καὶ

249 4693 578 4767 κατορύξεις
623 4694 793 4764 αὐτὴν
851 4693 908 4746 ἐν
962 4695 1030 4764 τῇ
1061 4693 1254 4764 ἄμμῳ.
1301 4690 1362 4744 '0
1395 4691 1451 4744 δὲ
1501 4693 1710 4762 ταχέως
1740 4693 1842 4764 τὴν

248 4792 413 4860 γεῖρα
441 4788 537 4842 ἐπὶ
571 4788 664 4842 τὸν
696 4787 897 4858 αὐχένα
921 4785 1196 4840 ἐπιϐαλὼν
1219 4827 1234 4852 ,
1277 4785 1538 4856 ἐδράξατο
1582 4785 1840 4850 Αἰθίοπος

253 4877 480 4952 μικροῦ*
518 4881 612 4934 καὶ
658 4881 970 4949 κατέχωσεν
1004 4878 1169 4932 αὐτὸν
1221 4880 1278 4932 ἐν
1308 4881 1374 4950 τῇ
1405 4878 1597 4948 ἄμμῳ,
1630 4878 1840 4949 βοῶντα

252 4974 348 5028 καὶ
373 4972 629 5041 λέγονταυ
676 4971 818 5039 Ἐγώ
843 4972 960 5040 εἰμι
1003 4970 1032 5022 ὁ
1057 4971 1158 5040 τῆς
1195 4971 1577 5041 ὑπερηφανίας
1605 4970 1837 5039 δαίμων.

250 5067 362 5121 Καὶ
389 5065 556 5119 πάλιν
580 5062 732 5134 φωνὴ
763 5063 981 5132 ἐγένετο
1020 5060 1157 5132 πρὸς
1209 5061 1392 5127 αὐτὸν,
1427 5059 1692 5130 λέγουσα·
1731 5061 1841 5115 Πο-

253 5159 444 5232 ρεύου,
476 5158 556 5211 ὅτι
588 5158 695 5210 πᾶν
728 5155 757 5210 δ
798 5158 894 5210 ἐὰν
943 5155 1144 5227 αἰτήσῃ
1176 5152 1328 5226 παρά
1356 5153 1449 5207 τοῦ
1483 5152 1617 5207 Θεοῦ
1669 5153 1836 5228 λήψῃ.

269 5251 327 5305 '0
363 5249 421 5304 δέ
453 5248 615 5312 εὐθὺς
659 5247 898 5312 ἀκούσας
932 5249 1012 5312 είς
1036 5246 1138 5318 τὴν
1171 5245 1497 5318 οίκουμένην
1527 5242 1836 5317 ἐξώρμησε,

253 5341 400 5397 κατά
425 5339 517 5394 τὸν
541 5340 734 5414 καιρὸν
783 5337 1073 5396 Ἰουλιανοῦ
1091 5338 1186 5394 τοῦ
1215 5339 1505 5411 τυράννου,
1531 5340 1626 5394 καὶ
1652 5356 1838 5411 παρα-

253 5435 443 5491 ϐάλλει
468 5435 607 5498 τέως
637 5436 694 5488 ἐν
721 5437 788 5508 τῇ
817 5433 1043 5505 πλησίον
1069 5434 1281 5506 ἐρήμῳ.

321 5528 600 5600 Σπήλαιον
622 5528 678 5582 δέ
697 5545 750 5582 τι
791 5527 989 5600 μικρὸν
1017 5527 1362 5595 καταλαϐὼν,
1395 5527 1514 5584 ἐκεῖ
1539 5530 1838 5602 κατέμενεν

247 5621 360 5676 ὐπὸ
390 5622 452 5676 τὸ
473 5622 618 5692 όρος.
655 5621 728 5674 Τὸ
760 5620 818 5676 δέ
839 5620 1001 5692 ἔργον
1025 5619 1191 5677 αὐτοῦ
1224 5615 1293 5694 ἦν
1321 5621 1384 5676 τὸ
1410 5623 1540 5690 πᾶν,
1575 5624 1839 5696 ήμερίους

245 5715 415 5786 εὐχὰς
441 5713 736 5769 ἀποδοῦναι
769 5713 845 5787 τῷ
864 5714 1008 5787 Θεῷ,
1039 5715 1391 5782 ἐκατοντάκις
1422 5715 1521 5788 μὲν
1557 5717 1618 5774 ἐν
1647 5719 1824 5790 νυκτὶ,

1948 4532 2076 4586 ματι
2095 4531 2111 4546 ’
2141 4515 2218 4578 ὼς
2240 4515 2332 4568 ὐπ’
2357 4513 2673 4584 ἐκπλήξεως
2697 4515 2916 4584 ἀχανεῖς
2932 4514 3186 4584 γενέσθαι
3206 4518 3331 4580 τούς
3356 4516 3530 4586 φύλα-

1945 4624 2046 4672 κας
2063 4649 2076 4673 ,
2099 4607 2148 4662 οἳ
2169 4608 2262 4662 καὶ
2285 4607 2616 4670 ἀναστάντες
2643 4607 2829 4678 ἠξίουν
2851 4608 3050 4671 αὐτοὺς
3073 4608 3328 4662 ἀπελθεῖν
3351 4611 3530 4663 ἃπαν-

1943 4716 2064 4765 τας,
2105 4700 2213 4753 τῶν
2257 4699 2437 4772 θυρῶν
2479 4699 2663 4763 αὐτοῖς
2709 4697 3082 4768 ἀνοιχθεισῶν.
3131 4700 3389 4769 Ἄμεινον
3416 4700 3530 4772 γὰρ

1943 4787 2081 4844 εἶναι
2112 4793 2296 4855 αὐτοῖς
2321 4791 2575 4846 τεθνάναι
2604 4790 2746 4859 ὐπέρ
2789 4789 2969 4842 αὐτῶν
3002 4789 3392 4862 ὡμολόγουν,ἢ
3425 4793 3527 4863 τὴν

1943 4882 2125 4936 θεόθεν
2147 4882 2408 4936 ἐλθοῦσαν
2431 4885 2543 4945 τοῖς
2565 4881 2776 4950 ἀλόγως
2804 4882 3186 4952 κατεχομένοις
3209 4882 3528 4954 ἐλευθερίαν

1941 4977 2212 5046 παριδεῖν.
2259 4974 2336 5028 ’Ὁ
2391 4973 2569 5028 τοίνυν
2625 4973 2926 5046 χιλίαρχος,
2974 4975 3072 5028 σὺν
3100 4978 3211 5039 τοῖς
3259 4975 3526 5047 ἄρχουσιν

1941 5069 2110 5123 ἕωθεν
2135 5071 2201 5139 τῇ
2245 5067 2460 5141 φυλακῇ
2509 5068 2759 5136 ἐπιστάς,
2810 5066 3144 5132 ἐσπούδαζεν
3177 5070 3276 5140 τῆς
3320 5070 3526 5136 πόλεως

1940 5163 2067 5226 τοὺς
2110 5160 2310 5233 ἄνδρας
2357 5160 2592 5226 ἐξελθεῖν
2615 5177 2628 5191 ·
2660 5161 2873 5232 σεισμῷ
2918 5159 3026 5233 γὰρ
3053 5162 3144 5215 τὸν
3184 5158 3331 5215 οἷκον
3358 5161 3522 5215 αὐτοῦ

1942 5253 2149 5324 ἔφασκε
2178 5252 2548 5316 πεπτωκέναι,
2574 5253 2671 5306 καί⁹
2702 5254 2828 5317 τούς
2862 5253 3176 5324 βελτίστους
3220 5255 3330 5309 τῶν
3361 5255 3526 5326 θερα-

1942 5348 2153 5402 πόντων
2175 5345 2339 5401 αὐτοῦ
2364 5345 2770 5415 κατειληφέναι.
2789 5348 2852 5400 Οἱ
2873 5346 2930 5400 δέ
2955 5344 3032 5410 ὡς
3051 5347 3315 5419 ἥκουσαν,
3333 5349 3524 5416 φωνὰς

1941 5439 2398 5512 εὐχαριστηρίους
2441 5438 2663 5504 ᾄδοντες
2705 5438 2783 5510 τῷ
2815 5439 2958 5510 Θεῷ,
3015 5441 3265 5513 ἀπῄεσαν
3292 5442 3389 5495 ἐπὶ
3421 5443 3524 5513 τὴν

1939 5533 2168 5606 ἔρημον,
2200 5533 2295 5586 καὶ
2322 5527 2464 5605 ἦσαν
2491 5531 2678 5586 λοιπὸν
2700 5531 2834 5603 όμοῦ
2866 5532 3066 5598 πάντες
3091 5534 3234 5589 κατὰ
3271 5534 3363 5590 τὸν
3386 5537 3523 5590 ἀπο·

1943 5623 2188 5678 στολικὺν
2213 5623 2373 5692 λόγον
2395 5622 2612 5694 ἔχοντες
2647 5623 2877 5695 καρδίαν
2899 5625 2993 5678 καὶ
3017 5625 3194 5698 ψυχὴν
3225 5626 3377 5698 μίαν.

2018 5711 2300 5775 Ἐδίδασκέ
2336 5735 2394 5774 τε
2428 5717 2624 5784 αὐτοὺς
2652 5717 2776 5774 καθ’
2798 5718 3010 5790 ἡμέραν
3043 5719 3365 5794 διαπρέπειν
3399 5723 3518 5787 ταῖς
