4112 6510
603 288 742 356 1139

2052 276 2409 340 PALLADII

3702 290 3831 359 1140

593 411 842 482 ἀρεταῖς,
880 403 974 462 καὶ
1000 403 1098 469 τάς
1137 402 1382 475 μηχανὰς
1409 399 1503 456 τοῦ
1528 398 1776 455 διαϐόλου
1828 396 1927 482 τάς
1971 395 2029 482 ἐν
2059 395 2169 459 τοῖς
2201 392 2253 453 Α
2277 396 2397 482 τινᾲά
2425 396 2760 482 έθεράπευον
2855 398 2949 455 καὶ
2986 399 3239 473 σκόροδα,
3294 402 3387 458 καὶ
3446 405 3704 478 κρόμμυα
3748 415 3832 467 καὶ

591 477 869 564 λογισμοῖς
888 489 1038 561 παρά
1059 489 1154 559 τὴν
1179 486 1352 557 ἀρχὴν
1374 486 1533 548 εὐθὺς
1549 479 1976 551 ἀποκρούεσθαι.
1992 477 2169 564 Θραυς-

595 561 814 650 σθείσης
843 577 973 646 γάρ,
999 572 1154 645 φησὶ.
1194 573 1292 641 τῆς
1332 570 1573 640 κεφαλῆς
1594 568 1689 621 τοῦ
1717 566 1913 634 ὄφεως,
1940 564 2085 650 ἅπαν
2109 561 2171 615 τὸ

594 665 755 733 σῶμα
772 646 966 730 νεκρόν
997 660 1133 712 ἐστι.
1156 656 1357 726 Τηρεῖν
1391 654 1498 724 γὰρ
1519 654 1672 722 ήμῖν,
1705 650 1890 733 φησὶν,
1913 646 2174 733 όᾉΚύριος

595 731 903 800 ἐντέλλεται
954 742 1053 811 τὴν
1105 738 1344 808 κεφαλὴν
1366 735 1461 790 τοῦ
1493 736 1690 804 ὅφεως.
1716 732 1887 786 Τοῦτο
1913 731 1970 785 δέ
1999 733 2171 792 ἐστιν,

596 828 685 883 ἵνα
718 828 852 899 μηδὲ
885 826 1033 895 παρά
1080 824 1181 894 τὴν
1207 820 1381 892 ἀρχὴν
1415 819 1541 882 τοὺς
1574 815 1812 899 φαύλους
1854 815 1950 868 καὶ
1984 814 2173 899 ἀπρεῖ

596 894 731 978 πεῖς
755 894 1047 981 λογισμοὺς
1080 906 1405 960 διανοεῖσθαι
1440 898 1885 972 καταδεξώμεθα,
1927 898 2065 968 μήτε
2116 894 2174 947 δὲ

596 999 691 1053 καὶ
716 979 1083 1067 ήνήαὶσχράν
1116 988 1418 1062 φαντασίαν
1445 985 1539 1040 τοῦ
1569 985 1688 1048 νοὸς
1742 982 1902 1055 ήμῶν
1943 979 2173 1067 ἀπαλεῖ-

596 1083 717 1154 ψαι,
742 1065 1037 1150 πειρᾶσθαι
1063 1075 1120 1129 δέ
1140 1073 1402 1144 ἀλλήλους
1419 1068 1777 1139 ύπερϐάλλειν
1797 1069 1914 1154 ταῖς
1929 1065 2174 1154 ἀρεταῖς,

600 1147 675 1237 μή
707 1147 793 1227 τις
822 1147 1062 1215 ἐλάττων
1089 1160 1146 1212 ὲν
1166 1159 1286 1220 ταῖς
1313 1155 1702 1226 εύδοκιμήσεσι
1728 1149 1959 1237 ταύταις
1981 1147 2174 1237 φανείη

596 1232 691 1304 τοῦ
719 1249 929 1318 ἑτέρου.
961 1245 1277 1315 Τεκμήριον
1306 1242 1383 1307 δὲ,
1417 1239 1603 1311 φησὶν,
1639 1234 1793 1307 ὑμῶν
1823 1234 1962 1288 ἔστω
2006 1234 2040 1304 ή
2069 1232 2179 1285 τῶν

598 1333 809 1405 ἀρετῶν
832 1329 1107 1403 προκοπὴ.
1142 1328 1269 1380 ὅταν
1288 1324 1385 1395 τὴν
1408 1322 1685 1405 ἀπάθειαν,
1706 1320 1802 1405 καλ
1844 1318 1944 1387 τὴν
1986 1318 2180 1405 ἀνορέ-

601 1399 721 1482 ξίαν
744 1399 1042 1485 κτήσησθε.
1072 1409 1243 1482 Ἀρχὴ
1272 1408 1381 1478 γὰρ
1410 1407 1517 1460 τῶν
1540 1403 1633 1457 τοῦ
1660 1400 1796 1467 Θεοῦ
1824 1399 2178 1485 χαρισμάτων

598 1480 720 1553 ἐστὶ
743 1480 940 1550 ταῦτα.
970 1480 1150 1548 Ὀτανγ
1174 1494 1231 1547 δὲ
1280 1492 1373 1545 καὶ
1427 1487 1535 1541 τῶν
1580 1486 1876 1555 θαυμάτων
1924 1480 2181 1544 ἐπίδειξιν

599 1583 753 1651 παρά
776 1579 910 1634 Θεοῦ
941 1576 1213 1649 κτήσηται
1240 1593 1343 1638 τις,
1389 1572 1521 1643 μηδὲ
1548 1570 1624 1633 ὡς
1670 1566 1889 1651 ἱκανῶς,
1909 1565 2049 1651 ἔχων
2082 1580 2182 1634 φυ-

602 1648 857 1728 σιούσθω,
885 1648 1417 1732 μηδὲύπεραρθήτω
1440 1654 1519 1725 τῷ
1547 1650 1826 1721 λογισμῷ,
1862 1648 1938 1712 ὠς
1977 1648 2076 1719 ήδη
2126 1664 2182 1701 τι

2281 479 2454 534 πολλά
2480 480 2591 533 τῶν
2620 481 2856 535 εὐτελῶν
2877 482 3147 553 λαχάνων,
3181 484 3336 551 θεοὺς
3358 488 3605 561 ἐνόμιζον
3623 509 3636 523 ·
3666 492 3736 558 ὡς
3754 496 3833 548 αὖ·

2278 564 2375 619 τοῦ
2426 564 2521 619 τοῦ
2547 565 2706 633 ἀγίου
2743 565 3017 631 Ἀπολλῶς
3063 567 3276 639 ῆκουσα
3324 570 3678 644 διηγουμένου
3720 581 3831 648 περὶ

2279 649 2478 715 αὐτῶν,
2500 650 2595 703 καὶ
2620 652 2719 721 τῆς
2738 651 3009 721 προτέρας
3030 652 3322 717 πολυθεϊας
3345 656 3442 728 τὴν
3472 657 3652 711 αἱτίαν
3677 660 3832 731 ἀπαγ-

2278 734 2581 805 γέλλοντος.
2613 735 2717 788 Τὸν
2741 736 2839 805 μὲν
2868 734 2980 805 γὰρ
3008 735 3157 803 βοῦν,
3181 739 3365 806 φασὶν,
3401 740 3766 798 ἐθεοποιοῦντο
3783 749 3825 800 οί

2278 817 2340 871 τὸ
2367 818 2496 890 πρὶν
2519 819 2912 889 παροικοῦντες
2936 820 3071 888 ἡμῖν
3098 820 3361 893 Ἕλληνες
3381 864 3397 886 ,
3433 824 3627 895 ἐπειδὴ
3654 824 3718 877 δι’
3746 829 3832 881 αὐι

2278 901 2374 955 τοῦ
2407 902 2507 972 τὴν
2560 902 2837 972 γεωργίαν
2889 903 3269 969 ἐπιτελοῦντες
3317 908 3414 977 τὴν
3435 908 3647 979 τροφὴν
3669 910 3837 980 ἐκομίο

2280 982 2463 1054 ζοντο,
2495 986 2556 1039 τὸ
2581 987 2639 1039 δὲ
2685 985 2831 1056 ὕδωρ
2862 987 2957 1040 τοῦ
3005 987 3225 1049 Νείλου,
3254 988 3313 1051 δς
3341 990 3437 1052 τὰς
3460 992 3647 1060 χώρας
3679 992 3835 1056 πάσας

2279 1068 2529 1138 ἠρδευεν.
2559 1069 2844 1123 Ἐσέϐοντο
2868 1070 2926 1122 δέ
2966 1070 3059 1124 καὶ
3096 1070 3195 1141 τὴν
3218 1070 3323 1140 γῆν
3362 1070 3437 1134 ὡς
3466 1072 3833 1144 εύφορωτάτην

2280 1153 2445 1207 οὖσαν
2466 1152 2617 1227 παρά
2639 1154 2738 1218 τὰς
2761 1154 2928 1218 ἀλλας
2960 1154 3147 1224 χώρας
3173 1170 3185 1183 ·
3241 1155 3311 1209 τά
3356 1173 3416 1208 τε
3446 1156 3613 1209 λοιπὰ
3673 1157 3837 1226 βδελύ-

2279 1254 2486 1307 γματα,
2519 1236 2689 1301 κύνας
2718 1254 2778 1290 τε
2802 1238 2897 1291 καὶ
2920 1238 3186 1308 πιθήκους
3207 1239 3302 1292 καὶ
3322 1241 3506 1292 πᾶσαν
3540 1240 3640 1306 τὴν
3674 1240 3845 1311 λοιπήν

2281 1322 2590 1393 ἀπρέπειαν
2638 1321 2747 1376 τῶν
2808 1322 2964 1386 ζώων
2994 1338 3053 1375 τε
3087 1321 3185 1375 καὶ
3238 1320 3485 1391 λαχάνων
3531 1321 3843 1394 ἐθεράπευον

2282 1407 2404 1462 καθ’
2435 1409 2517 1461 ὅτι
2547 1406 2821 1479 πρόφασις
2848 1408 3030 1470 αὐτοῖς
3060 1406 3153 1459 καὶ
3186 1408 3312 1476 περὶ
3336 1406 3510 1460 ταῦτα
3539 1408 3725 1476 γέγονε
3752 1426 3845 1462 σω-

2282 1491 2480 1563 τηρίας
2522 1492 2579 1543 ἐν
2634 1491 2713 1562 τῷ
2758 1490 2955 1561 καιρῷὶ
2982 1488 3076 1542 τοῦ
3119 1488 3318 1559 Φαραὼ
3372 1491 3497 1553 τοὺς
3550 1488 3848 1561 ἀνθρώπους

2282 1574 2683 1646 ἀπασχολῆσαι,
2712 1574 2875 1645 ήνίκα
2896 1575 3103 1637 ἐκεῖνος
3135 1574 3351 1644 Ἰσραὴλ
3374 1574 3589 1627 διώκων
3606 1591 3850 1629 κατεπον-

2284 1659 2464 1727 τίσθη.
2500 1658 2771 1719 Ἕκαστος
2790 1655 2899 1727 γὰρ
2926 1657 3055 1728 περὶ
3083 1650 3144 1709 οὗ
3168 1656 3444 1726 ἠσχολήθη
3476 1657 3555 1726 μὴ
3587 1658 3849 1723 ἐξακολου-

601 1747 764 1802 πλέον
798 1746 945 1816 παρὰ
966 1746 1089 1808 τοὺς
1117 1743 1308 1804 ἄλλους
1332 1737 1719 1808 τετιμημένος.
1768 1732 1901 1803 μηδὲ
1943 1733 2018 1796 ὼς
2062 1734 2181 1816 ἔπιέ
2211 1741 2254 1798 Β
2284 1742 2453 1813 θήσας
2501 1739 2579 1811 τῷ
2629 1738 2851 1812 Φαραὼ,
2879 1739 3039 1793 τοῦτο
3070 1740 3410 1810 ἐθεοποίησε,
3452 1739 3663 1807 λέγων,
3701 1740 3852 1793 Τοῦτό

600 1815 953 1900 δεικνύμενος
1009 1830 1175 1881 πᾶσιν
1201 1827 1283 1879 ὅτι
1330 1821 1589 1893 τοιαύτης
1621 1820 1811 1888 ἔλαχεν
1845 1817 2084 1888 χάριτος.
2120 1815 2184 1900 Εί

599 1914 658 1968 δὲ
694 1899 801 1985 μὴ,
825 1912 1146 1983 φρεναπατᾷ
1179 1907 1392 1970 ἑαυτὸν,
1429 1905 1679 1975 ωληθεὶς
1705 1904 1805 1965 τὰς
1833 1901 2061 1985 φρένας,
2090 1899 2185 1985 καὶ

601 1981 707 2067 τῆς
737 1981 959 2067 χάριτος
987 1981 1306 2065 ζημιωθείς.
1346 1985 1515 2067 Εἶχενέ
1551 1986 1642 2040 οὖν
1676 1984 1888 2056 μεγάλα
1920 1981 2093 2067 ταῦτα
2126 1983 2185 2036 ἐν

604 2064 1071 2148 τοῖς-’λογισμοῖς
1093 2077 1426 2146 διδάγματα’
1481 2064 1555 2126 ὧν
1582 2071 1675 2124 καὶ
1707 2069 1868 2139 ἡμεῖς
1923 2065 2184 2129 πολλάκις

606 2167 739 2236 παρ’
773 2164 940 2219 αὐτοῦ
973 2163 1198 2233 ὕστερον
1233 2158 1575 2229 ἀκηκόαμεν.
1630 2155 1718 2208 Ἐν
1748 2152 1805 2206 δὲ
1836 2153 1969 2236 τοῖς
2002 2150 2185 2221 ἔργοις

610 2234 835 2320 μείζονα
859 2248 1124 2302 ἐπετέλει.
1158 2247 1274 2300 Πᾶν
1300 2245 1408 2315 γάρ
1448 2243 1658 2310 αἴτημα
1706 2235 1853 2307 αύτῷ
1881 2234 2044 2309 εὐθὺς
2079 2236 2189 2290 ἐδί-

606 2334 727 2387 δοτο
755 2331 910 2404 παρά
945 2330 1037 2385 τοῦ
1065 2329 1198 2383 Θεοῦ
1226 2325 1553 2395 αἰτουμένῳ.

680 2417 791 2471 Καὶ
829 2398 1201 2483 ἀποκαλύψεις
1252 2410 1309 2463 δὲ
1342 2409 1488 2479 ἐώρα
1537 2405 1710 2470 τινάς.
1773 2398 1898 2459 Εἶδε
1951 2403 2060 2475 γάρ
2100 2402 2192 2457 τὸν

609 2498 808 2554 ἑαυτοῦ
842 2498 1215 2570 πρεσϐύτατον
1245 2494 1472 2561 ἀδελφὸν
1502 2491 1594 2545 καὶ
1621 2490 1783 2544 αὐτὸν
1814 2493 1871 2543 ἐν
1899 2493 1964 2561 τῇ
1996 2491 2192 2561 ἐρήμῳ

608 2583 984 2641 τελειωθέντα,
1004 2581 1097 2633 καὶ
1126 2578 1351 2647 μείζονα
1384 2574 1661 2629 πολιτείαν
1690 2573 1724 2644 ἢ
1764 2574 1923 2636 αὐτὸς
1956 2574 2193 2640 ἐνδειξά-

614 2685 796 2740 μενον.
819 2659 863 2733 ᾧ
893 2665 986 2719 καλ⁵
1024 2663 1183 2728 αὐτὸς
1231 2663 1289 2715 ὲν
1312 2664 1377 2733 τῇ
1410 2661 1603 2732 ἐρήμῳ
1634 2660 1800 2713 πολὺν
1838 2659 2030 2731 χρόνον
2060 2676 2192 2712 συν-

612 2752 795 2821 έζησε.
832 2749 1157 2804 Καθ’ύπνον
1202 2743 1296 2801 οῦν
1326 2745 1658 2815 ὲφαντάζετο
1701 2744 1989 2814 σύνθρονον
2030 2744 2193 2799 αὐτὸν

611 2834 722 2890 τῶν
750 2834 1061 2888 ἀποστόλων
1092 2832 1397 2903 γινόμενον,
1437 2830 1532 2885 καὶ
1560 2829 1658 2899 τὴν
1692 2830 2058 2899 κληρονομίαν
2085 2830 2193 2883 τῶν

614 2917 825 2988 ἀρετῶν
858 2916 1007 2986 αύτῷ
1036 2915 1458 2983 καταλείψαντα,
1492 2914 1584 2966 καὶ
1605 2912 1679 2975 ὡς
1700 2909 2029 2982 ἐπρέσϐευεν
2056 2913 2194 2984 ὑπὲρ

612 3000 778 3055 αὑτοῦ
807 3000 899 3054 τὸν
940 2999 1071 3052 Θεὸν
1101 2998 1358 3051 ἱκετεύων
1384 2998 1605 3067 ταχεῖαν
1640 2995 1805 3048 αὐτοῦ
1834 2994 1933 3065 τὴν
1972 2995 2199 3062 μετάθε-

2291 1844 2381 1897 μοι
2411 1826 2544 1890 Θεὸς
2570 1825 2761 1894 γέγονε
2802 1826 3063 1895 σήμερον,
3116 1824 3197 1877 διὸ
3242 1824 3304 1877 ού
3344 1826 3740 1896 συναπωλόμην
3780 1826 3847 1896 τῷ

2286 1910 2509 1982 Φαραώ.
2557 1907 2744 1964 Ταῦτα
2794 1908 2892 1978 μὲν
2923 1909 2980 1961 ἐν
3022 1907 3201 1977 λόγοις
3239 1901 3385 1979 εἶχεν
3426 1910 3453 1962 ὁ
3496 1910 3653 1978 ἀγιος
3682 1910 3850 1963 Ἀπολ-

2286 1994 2412 2057 λῶς.

2361 2075 2477 2148 Πρὸ
2505 2075 2563 2130 δὲ
2589 2076 2698 2131 τῶν
2721 2076 2919 2146 λόγων,
2950 2074 3095 2147 ἅπερ
3132 2074 3191 2129 ἐν
3232 2076 3345 2140 τοῖς
3385 2074 3574 2147 ἔργοις
3617 2077 3852 2147 ἐκέκτητο

2290 2160 2397 2232 χρὴ
2430 2161 2661 2231 γράψαι.
2685 2156 2868 2215 Ἦσαν
2897 2160 3007 2231 γὰρ
3033 2158 3181 2230 αὐτῷ
3212 2176 3341 2212 ποτε
3389 2160 3656 2230 Ἕλληνες
3687 2179 3853 2231 παροι-

2292 2244 2517 2309 κοῦντες
2574 2244 2716 2299 κατὰ
2775 2245 2985 2306 πάντας
3021 2244 3147 2306 τοὺς
3194 2243 3415 2306 τόπους,
3448 2244 3548 2296 καὶ
3588 2244 3763 2313 κῶμαι
3805 2243 3851 2295 δὲ

2296 2328 2498 2402 μᾶλλον
2544 2330 2600 2382 αἱ
2649 2328 2877 2399 πλησίον
2927 2327 3092 2380 αὐτοῦ
3146 2326 3244 2399 τὴν
3302 2326 3629 2398 δαιμονικὴν
3672 2327 3852 2397 πλάνην

2293 2413 2565 2467 ἐσέϐοντο.
2616 2412 2762 2477 Ναὸς
2788 2412 2844 2465 δὲ
2868 2407 2933 2483 ἦν
2972 2412 3227 2481 μέγιστος
3261 2412 3317 2463 ἐν
3352 2412 3453 2481 μιᾷ
3498 2411 3615 2463 τῶν
3654 2410 3851 2479 κωμῶν,

2294 2499 2387 2553 καὶ
2422 2497 2639 2552 εἴδωλον
2665 2498 2721 2550 ἐν
2751 2497 2902 2566 αὐτῷ
2928 2495 3377 2564 ἐπιφανέστατον.
3416 2493 3642 2547 Ξύλινον
3678 2494 3729 2547 δὲ
3764 2494 3854 2563 ἄρα

2293 2582 2356 2637 τὸ
2379 2581 2564 2649 ξόανον
2582 2580 2740 2634 τοῦτο
2757 2577 2846 2652 ἦν.
2880 2580 3221 2650 Ἐπόμπευον
3251 2578 3306 2632 δὲ
3333 2578 3725 2649 περιφέροντες
3744 2579 3855 2630 αὐτὸ

2296 2669 2435 2723 κατά
2456 2667 2554 2732 τὰς
2588 2668 2780 2738 κώμας
2807 2669 2856 2720 οἱ
2887 2665 3074 2737 μιαροὶ
3115 2666 3305 2735 ἱερεῖς,
3339 2665 3702 2736 βακχεύοντες
3738 2665 3857 2733 μετά

2294 2751 2390 2805 τοῦ
2417 2752 2654 2823 πλήθους
2672 2769 2685 2783 ·
2707 2750 2783 2815 ὡς
2811 2752 2906 2804 καὶ
2929 2749 3184 2819 ὑπὲρ-τοῦ
3206 2750 3539 2819 ποταμιαίου
3570 2748 3752 2811 ὓδατος
3771 2747 3855 2816 τὴν

2296 2837 2415 2891 τελε
2427 2837 2519 2909 τὴν
2545 2836 2854 2899 ἀποδόντες.
2889 2833 3092 2905 Συνέϐη
3118 2833 3174 2886 δὲ
3198 2833 3319 2886 κατ’
3341 2835 3553 2887 ἐκεῖνον
3575 2832 3663 2886 τὸν
3692 2832 3858 2901 καιρὸν

2298 2921 2508 2974 ἐκεῖθεν
2532 2920 2788 2991 παριέναι
2813 2917 2902 2970 τὸν
2935 2917 3089 2984 ἅγιον
3134 2915 3398 2981 ’Δπολλῶ,
3452 2917 3574 2987 ἅμα
3608 2918 3741 2970 τισὶν
3765 2915 3859 2968 ὀλί-

2298 3021 2414 3072 γοις
2449 3003 2715 3071 ἀδελφοῖς.
2772 3000 2858 3065 Ὧς
2888 3000 2945 3052 δὲ
2978 2998 3052 3052 ἴδε
3076 2998 3135 3052 τὸ
3161 2998 3367 3066 πλῆθος
3396 2999 3662 3068 ἐξαίφνης
3692 2998 3859 3067 δαιμο-

617 3101 702 3137 σιν
726 3084 1017 3149 ποιεῖσθαι,
1048 3085 1141 3136 καὶ
1169 3084 1265 3137 σὺν
1291 3082 1438 3151 αύτῷ
1466 3083 1547 3144 εἰς
1592 3080 1719 3143 τοὺς
1765 3080 2028 3149 οὐρανοὺς
2062 3080 2190 3134 ἀνα·
2215 3084 2260 3147 C
2297 3089 2501 3152 νιωδῶς
2532 3087 2674 3142 κατὰ
2702 3087 2800 3158 τὴν
2823 3084 3006 3155 χώραν
3043 3084 3390 3156 μαινόμενον,
3438 3085 3668 3154 κάμψας
3690 3087 3753 3138 τὰ
3778 3084 3858 3150 γό-

616 3165 889 3221 παύεσθαι
910 3206 925 3231 ,
957 3166 1205 3229 εἰπόντος
1230 3163 1287 3218 δὲ
1318 3165 1454 3235 πρὸς
1486 3162 1646 3216 αὐτὸν
1678 3160 1769 3215 τοῦ
1814 3161 2089 3234 Σωτῆρος,
2117 3163 2198 3217 ἔτι

623 3251 817 3324 μικρὸν
843 3250 1005 3305 αὐτὸν
1033 3251 1332 3321 χρεωστεῖν
1381 3247 1529 3317 αὐτῷ
1578 3246 1770 3318 χρόνον
1830 3248 1921 3300 ἐπὶ
1970 3248 2069 3318 τῆς
2097 3249 2199 3319 γῆς

618 3334 758 3406 πρὸς
781 3334 879 3405 τὴν
934 3333 1212 3387 τελείωσιν
1236 3372 1250 3397 ,
1298 3330 1458 3401 ἀχρις
1484 3330 1550 3383 ἂν
1580 3330 1679 3399 τῆς
1732 3328 2007 3394 πολιτείας
2033 3330 2196 3383 αὑτοῦ

618 3418 806 3471 πολλοὶ
835 3417 1075 3489 ζηλωταὶ
1101 3416 1333 3469 ἔσονται.
1358 3414 1502 3474 Λαὸς
1539 3414 1650 3487 γὰρ
1693 3414 1843 3484 αύτῷ
1878 3414 2054 3484 μέγας
2090 3413 2201 3468 τῶν

622 3504 872 3576 μοναχῶν
893 3501 1043 3571 αύτῷ
1075 3497 1609 3571 ἐμπιστευοήσεσθαι
1655 3498 1856 3570 μέλλει,
1892 3502 1985 3552 καὶ
2039 3515 2203 3569 στρα-

619 3588 737 3641 τεία
765 3603 847 3650 τις
902 3585 1153 3654 εὐσεϐὴς,
1190 3584 1276 3636 ἵνα
1301 3583 1460 3647 ἀξίαν
1482 3581 1591 3634 τῶν
1630 3582 1895 3650 καμάτων
1926 3582 2025 3651 τὴν
2054 3580 2201 3633 εὐδο-

621 3672 851 3742 κίμησιν
881 3670 1022 3725 οὕτω
1042 3669 1195 3739 σχοίη
1229 3668 1380 3738 παρά
1405 3666 1483 3738 τῷ
1511 3665 1801 3737 κρείττονι.
1821 3664 2003 3717 Ταῦτα
2030 3664 2198 3734 ἐώρα,

621 3756 767 3828 ἅπερ
800 3756 894 3808 καί⁵
921 3755 1133 3823 γέγονε.
1160 3752 1531 3806 Συνελθόντων
1562 3751 1671 3821 γὰρ
1697 3749 1905 3803 πολλῶν
1938 3749 2201 3803 πάντοθεν

621 3843 682 3909 ἐξ
712 3841 881 3912 ἀκοῆς
918 3836 1188 3909 μοναχῶν,
1222 3838 1316 3890 καὶ¹
1369 3836 1461 3889 διά
1504 3838 1603 3907 τῆς
1636 3836 1857 3905 διδαχῆς
1909 3833 2076 3888 αὐτοῦ
2108 3834 2204 3888 καὶ

620 3922 968 3994 ἀναστροφῆς
1009 3921 1277 3977 πλείστων
1334 3918 1613 3981 παντελῶς
1656 3916 2086 3987 ἁποταξαμένων
2124 3916 2203 3988 τῷ

623 4006 834 4076 κόσμῳ,
863 4006 1080 4073 ἐγένετο
1101 4002 1347 4056 συνοικία
1371 4002 1480 4056 τῶν
1503 4000 1746 4070 ἀδελφῶν
1771 3999 1905 4070 ὁμοῦ
1938 3999 2073 4071 πρὸς
2102 4001 2203 4052 αύ-

620 4091 713 4143 τὸν
739 4093 796 4143 έν
828 4091 906 4159 τῷ
939 4089 1053 4159 δρει
1116 4088 1244 4157 ἀχρι
1294 4085 1682 4149 πεντακοσίων,
1727 4082 1904 4137 κοινὸν
1954 4084 2063 4137 τῶν
2089 4084 2203 4153 βίον

624 4172 857 4243 ἐχόντων
882 4174 977 4225 καὶ
997 4170 1279 4242 τράπεζαν
1300 4170 1428 4240 μίαν
1448 4167 1834 4237 διαιτωμένων.
1861 4166 1971 4221 Καὶ
1986 4163 2053 4237 ἦν
2076 4168 2205 4221 ίδεῖν

624 4258 825 4321 αὐτοὺς
875 4255 1176 4326 ἀγγελικήν
1225 4272 1347 4307 τινα
1402 4254 1688 4323 στρατείαν
1748 4251 2203 4322 κεκοσμημένων,

625 4343 818 4413 κόσμῳ
850 4340 1017 4393 παντὶ
1044 4338 1563 4409 λευκοφορούντων,
1605 4336 1697 4389 καὶ
1733 4337 1791 4389 τὸ
1830 4335 1929 4407 τῆς
1982 4336 2205 4407 Γραφῆς

2298 3191 2435 3229 νατα
2454 3172 2531 3243 τῷ
2560 3171 2770 3240 Σωτῆρι
2796 3170 3003 3232 πάντας
3030 3168 3288 3239 ἐξαίφνης
3312 3168 3439 3232 τοὺς
3465 3168 3732 3239 Ἕλληνας
3756 3169 3860 3220 ἀκι-

2299 3261 2493 3331 νήτους
2516 3255 2785 3325 ἐποίησεν.
2825 3253 2910 3316 Ὠς
2938 3252 2995 3305 δὲ
3026 3250 3310 3322 προελθεῖν
3343 3252 3555 3305 ἐκείνου
3590 3250 3681 3304 τοῦ
3713 3250 3857 3303 τόπου

2300 3344 2401 3397 οὐκ
2426 3339 2706 3411 ἠδύναντο,
2747 3337 2904 3400 ἀλλος
2926 3336 3017 3390 τὸν
3048 3336 3206 3389 ἀλλον
3239 3336 3540 3401 ὠθοῦντες,
3589 3335 3857 3405 ἐφρύγοντο

2299 3428 2378 3500 τῷ
2414 3424 2659 3493 καύματι
2690 3421 3038 3493 πανημέριοι,
3066 3421 3127 3473 τὸ
3158 3419 3374 3489 συμϐὰν
3402 3420 3594 3484 αὐτοῖς
3620 3416 3857 3488 ἀποροῦν-

2301 3528 2392 3574 τες
2429 3508 2593 3562 πόθεν
2625 3504 3089 3575 γεγένηται.Τότε
3122 3504 3171 3557 οἱ
3212 3505 3379 3574 ἱερεῖς
3414 3503 3598 3557 αὐτῶν
3627 3503 3854 3571 ἔφασκον,

2302 3592 2631 3663 Χριστιανὸν
2658 3607 2775 3643 τινα
2798 3584 2936 3641 εἶναι
2974 3588 3033 3641 ὲν
3063 3589 3176 3650 τοῖς
3208 3586 3375 3657 ὁρίοις
3421 3585 3605 3640 αὐτῶν
3643 3582 3857 3653 καταμέ-

2303 3694 2463 3730 νοντα
2488 3677 2568 3738 εἱς
2606 3672 2704 3745 τὴν
2741 3674 2966 3744 ἔρημον,
3004 3672 3099 3725 καὶ
3126 3671 3300 3725 ταῦτα
3322 3671 3506 3733 αὐτοῖς
3532 3669 3854 3740 ἐνεργοῦντα.

2306 3762 2411 3815 Τὸν
2446 3759 2691 3813 Ἀπολλῶ
2721 3758 2979 3826 ἔφασκον,
3008 3756 3102 3809 καὶ
3132 3755 3239 3808 δεῖν
3275 3754 3441 3807 αὑτὸν
3483 3753 3760 3817 ἱκετεύειν,
3784 3750 3858 3803 ἵνα

2308 3844 2383 3916 μὴ
2412 3842 2829 3897 κινδυνεύσωσιν
2854 3858 2865 3871 ·
2895 3841 2971 3903 ῶς
2996 3839 3051 3892 δὲ
3074 3840 3120 3892 οἱ
3152 3837 3434 3909 πόρρωθεν
3469 3836 3858 3908 προσοικοῦντες
3886 3866 3896 3879 -

2302 3929 2402 3992 τὰς
2437 3926 2620 3996 φωνὰς
2644 3926 2738 3979 καὶ
2770 3924 2860 3977 τὸν
2884 3922 3109 3991 θρύλλον
3130 3919 3464 3985 ἀκούσαντες
3494 3922 3853 3993 παρεγένοντο,

2305 4014 2418 4079 καὶ,
2438 4011 2524 4077 Τί,
2546 4009 2699 4080 φασὶ,
2716 4009 2775 4063 τὸ
2801 4007 3013 4077 συμϐάν
3043 4007 3169 4078 ὑμῖν
3192 4007 3525 4078 ἐξαπίνης,ῆ
3547 4007 3705 4061 πόθεν
3722 4004 3858 4073 7:70-

2304 4114 2427 4162 νεν;
2455 4097 2520 4150 Οί
2552 4096 2608 4149 δὲ
2657 4095 2757 4148 ούκ
2792 4092 2991 4146 εἰδέναι
3034 4091 3273 4161 ἔφασκον
3298 4132 3311 4153 ,
3345 4092 3484 4160 πλὴν
3528 4092 3589 4143 ἐν
3632 4090 3856 4157 ὑποψίαις

2306 4178 2446 4234 εἷναι
2489 4179 2618 4251 περὶ
2666 4176 2758 4231 τοῦ
2804 4175 2995 4246 ἀνδρὸς
3021 4174 3265 4242 λέγοντος
3314 4174 3390 4237 ὡς
3435 4173 3516 4225 δεῖ
3549 4172 3857 4238 ἐξιλεοῦσθαι

2306 4266 2538 4319 ἐκεῖνον.
2576 4263 2637 4317 Οἱ
2668 4262 2725 4315 δὲ
2756 4261 2848 4314 καὶ
2871 4258 3237 4332 ἐμαρτύρουν,
3261 4260 3334 4322 ὡς
3364 4258 3692 4327 θεασάμενοι
3720 4255 3858 4310 αὐτὸν

2309 4350 2578 4421 παριόντα
2603 4363 2618 4379 ο
2654 4346 2750 4399 καὶ
2806 4345 2882 4409 ὼς
2917 4345 3100 4415 ἠξίουν
3152 4343 3333 4405 αὐτοῖς
3359 4345 3584 4413 ταχεῖαν
3633 4339 3859 4412 γενέσθαι

626 4425 720 4479 επὶ
742 4421 1382 4493 τούτοις.πεπληρῶσθαιν
1404 4420 2058 4491 λεγούσηςοΕὑφράνθητιν
2078 4416 2203 4491 ἔρη·
2237 4434 2282 4493 D
2312 4416 2410 4505 τὴν
2442 4430 2714 4504 βοήθειαν,
2753 4428 2880 4500 βόας
2903 4428 3202 4498 ἀγαγόντες
3242 4428 3553 4497 μετακινεῖν
3583 4426 3643 4480 τὸ
3671 4422 3859 4479 εἴδωλον

630 4526 729 4581 μος
757 4506 990 4576 διψῶσα,
1026 4506 1189 4576 ῥῆξον
1248 4506 1339 4559 καὶ
1371 4505 1563 4577 βόησον
1610 4508 1644 4575 ή
1674 4507 1773 4559 οὐκ
1811 4506 2098 4571 ὠδίνουσα,
2122 4507 2207 4560 ὅτι

629 4592 796 4647 πολλὰ
816 4589 883 4643 τά
910 4589 1077 4643 τέκνα
1100 4592 1196 4659 τῆς
1222 4589 1434 4659 ἐρήμου
1468 4587 1666 4659 μᾶλλον
1690 4588 1722 4657 ἢ
1744 4589 1837 4659 τῆς
1863 4590 2092 4659 ἐχούσης
2114 4590 2208 4645 τὸν

627 4676 816 4746 ἀνδρα.
852 4674 1189 4744 ῐΙεπλήρωτο
1231 4673 1330 4743 μὲν
1377 4671 1485 4743 γὰρ
1533 4672 1627 4726 καὶ
1664 4674 1756 4725 ἐπὶ
1788 4676 1887 4744 τῆς
1940 4673 1998 4736 ἐξ
2033 4673 2207 4728 ἐθνῶν

642 4759 968 4831 Ἑκκλησίας
997 4759 1057 4811 τὸ
1086 4758 1425 4829 προφητικὸν
1448 4756 1603 4811 τοῦτο
1634 4756 1815 4826 λόγιον
1834 4772 1850 4788 ·
1894 4757 2211 4812 τετελείωτο

627 4847 683 4900 δὲ
713 4848 806 4899 καὶ
848 4848 939 4899 ἐπὶ
990 4849 1087 4916 τῇς
1115 4847 1494 4917 Αἰγυπτιακῆς
1526 4846 1757 4917 ἐρήμου,
1788 4844 2008 4898 πλείονα
2044 4844 2209 4898 τέκνα

627 4932 705 5002 τῷ
732 4931 851 5003 Θεῷ
881 4930 1233 5004 παρ.στώσης
1261 4932 1400 5001 ὑπὲρ
1431 4930 1529 5003 τὴν
1571 4930 1896 5002 οἰκουμένην
1941 4929 2064 5000 γῆν.
2099 4928 2209 4982 Ποῦ

630 5017 737 5086 γὰρ
760 5015 1017 5067 τοσαῦται
1051 5016 1109 5067 ἐν
1139 5018 1258 5077 ταῖς
1300 5016 1489 5067 πόλεσι
1517 5014 1627 5068 τῶν
1662 5013 1985 5083 σωζομένων
2016 5015 2210 5083 ἀγέλαι

634 5099 906 5170 μοναχῶν,
936 5098 1123 5169 ὥσπερ
1172 5098 1294 5153 ὅσαι
1324 5100 1385 5152 αἱ
1431 5099 1553 5153 κατ’
1589 5099 1970 5170 Αἰγυπτιακὴν
2004 5098 2211 5170 ἔρημον

630 5185 709 5254 τῷ
748 5182 865 5254 Θεῴ
891 5183 1266 5253 παριστῶσιν;
1292 5184 1405 5237 ὅσοι
1435 5183 1542 5254 γὰρ
1570 5184 1803 5237 ἐνταῦθα
1846 5184 1986 5248 λαοὶ,
2022 5184 2211 5236 τοσοῦ-

630 5288 716 5325 τοι
750 5273 809 5324 ἐν
841 5274 961 5334 ταῖς
996 5272 1225 5341 ἐρήμοις
1278 5272 1396 5324 ἐκεῖ
1456 5271 1703 5342 μοναχοί.
1760 5273 1945 5343 Κάμοὶ
1979 5273 2215 5327 δοκεῖτὸ

632 5355 728 5411 τοῦ
770 5356 1097 5411 Ἀποστόλου
1131 5357 1293 5427 ῥητὸν
1339 5356 1431 5409 καὶ
1465 5357 1554 5408 ἐπ’
1612 5358 1796 5420 αὐτοῖς
1848 5356 2210 5427 πληροῦσθαι,

633 5441 905 5509 λέγοντος
952 5442 1126 5495 Ὅπου
1148 5441 1474 5493 ἐπλεόνασεν
1502 5441 1534 5509 ή
1571 5440 1839 5511 ἁμαρτία,
1871 5444 1987 5495 ἐκεῖ
2040 5445 2213 5515 61:59-

632 5526 1028 5595 επερίσσευσεν
1076 5525 1323 5595 ήχάρις.
1366 5524 1690 5579 Ἐπλεόνασε
1745 5527 1855 5597 γάρ
1897 5543 2026 5580 ποτε
2058 5530 2117 5581 ἐν
2146 5529 2212 5598 τῇ

636 5609 899 5681 Αἰγύπτῳ
934 5609 1103 5680 πολλή
1158 5625 1239 5672 τις
1270 5609 1361 5662 καὶ
1393 5609 1625 5679 ἄσεμνος
1670 5610 2103 5683 είδωλολατρεία,
2139 5611 2215 5676 ὡς

640 5698 699 5752 ἰν
727 5700 901 5757 οὐδενὶ
948 5701 1105 5760 ἔθνει.
1145 5701 1329 5768 Κύνας
1383 5701 1487 5776 γὰρ
1525 5704 1617 5760 καὶ
1646 5706 1929 5778 πιθήκους,
1964 5704 2057 5758 καὶ
2082 5706 2216 5762 ἄλλα

2311 4517 2611 4589 ἐπειρῶντο
2632 4528 2648 4543 ⁸
2678 4514 2737 4567 τὸ
2783 4512 2839 4566 δὲ
2885 4512 3140 4583 ἀκίνητον
3181 4511 3279 4563 σὺν
3319 4512 3504 4574 αὐτοῖς
3529 4513 3648 4575 τοῖς
3681 4505 3859 4579 ἱερεῦσι

2308 4600 2578 4671 διέμενεν.
2614 4598 2725 4651 Καὶ
2763 4596 3032 4667 μηδεμίαν
3071 4594 3260 4665 ἑτέραν
3292 4594 3542 4663 μηχανῆς
3565 4592 3859 4663 ἐφευρόντες

2310 4681 2613 4755 πρεσϐείαν
2637 4682 2726 4735 διὰ
2749 4682 2855 4734 τῶν
2899 4679 3325 4749 παροικούντων,
3359 4679 3495 4748 πρὸς
3518 4679 3611 4733 τὸν
3646 4673 3859 4732 Ἀπολλῶ

2312 4769 2581 4840 ἔπεμπον,
2617 4766 2758 4820 ῶστε
2791 4764 3197 4831 ἀπαλλαγέντας
3231 4764 3440 4818 ἐκεῖθεν
3465 4765 3759 4833 ἀποστῆναι
3778 4762 3861 4828 τῆς

2312 4856 2543 4924 πλάνης.
2579 4850 2797 4904 Τούτων
2844 4848 2900 4901 δὲ
2920 4848 2997 4918 τῷ
3027 4848 3179 4918 ἀνδρὶ
3210 4848 3580 4919 δηλωθέντων,
3623 4843 3860 4915 κατῆλθεν

2310 4941 2385 5007 ὡς
2417 4940 2648 5012 τάχιστα
2686 4942 2714 4993 ὁ
2734 4937 2826 4991 τοῦ
2853 4936 2986 4989 Θεοῦ
3021 4934 3305 5005 ἄνθρωπος
3356 4932 3489 5005 πρὸς
3520 4933 3749 4995 αὐτοὺς,
3782 4925 3861 4979 καὶ

2315 5024 2754 5098 προσευξάμενος
2777 5022 2982 5083 πάντας
3015 5018 3171 5072 ἔλυσε
3210 5017 3304 5071 τοῦ
3332 5016 3554 5087 δεσμοῦ.
3586 5018 3650 5070 Οἱ
3676 5017 3725 5069 δὲ
3748 5016 3858 5081 όμο⁸

2314 5096 2551 5180 θύμαδδν
2606 5106 2805 5168 πάντες
2854 5105 2990 5175 πρὸς
3039 5103 3201 5157 αὐτὸν
3246 5101 3533 5173 ὥρμησαν,
3566 5100 3644 5169 τῷ
3675 5096 3859 5163 Σωτῆρι

2312 5196 2422 5250 τῶν
2444 5196 2578 5249 ὂλων
2619 5191 2713 5247 καὶ
2755 5187 3167 5261 παραδοξοποιῷ
3221 5187 3341 5258 Θεῷ
3390 5184 3788 5244 πιστεύσαντες,
3809 5178 3862 5230 τὸ

2315 5280 2530 5335 εἴδωλον
2586 5278 2747 5339 εὐθὺς
2797 5275 2875 5344 τῷ
2927 5274 3063 5343 πυρὶ
3118 5270 3461 5343 παρέδωκαν,
3502 5268 3596 5331 οὓς
3644 5268 3861 5320 ἅπαντας

2315 5367 2653 5437 κατηχήσας,
2704 5368 2823 5427 ταῖς
2878 5358 3195 5429 ἐκκλησίαις
3240 5353 3573 5428 προσέθηκε.
3612 5351 3789 5407 Πολλοὶ
3811 5347 3859 5400 δὲ

2315 5451 2494 5509 αὐτῶν
2550 5450 2711 5520 μέχρι
2763 5447 2858 5500 νῦν
2914 5445 3111 5505 ἐντοῖς
3150 5439 3534 5512 μοναστηρίοις
3588 5437 3857 5520 διάγουσιν.

2314 5514 2581 5605 Διέδραμίε
2612 5514 2673 5584 δέ
2695 5529 2945 5599 πανταχῆ
2970 5528 3005 5600 ή
3032 5526 3190 5597 φήμη
3239 5524 3371 5596 περὶ
3397 5525 3582 5578 αὐτοῦ.
3620 5522 3724 5575 Καὶ
3749 5514 3859 5605 πολ·

2313 5622 2396 5677 λοὶ
2428 5599 2756 5675 ἐπίστευσαν
2802 5618 2892 5670 ὲπὶ
2924 5616 3015 5669 τὸν
3068 5613 3274 5683 Κύριον
3295 5651 3311 5673 ,
3339 5610 3416 5673 ὡς
3467 5606 3664 5679 μηκέτι
3695 5605 3747 5658 ὲν
3768 5599 3860 5659 τοῖς
3962 5614 3965 5619 ’

2316 5707 2487 5781 ὁρίοις
2519 5702 2683 5760 αὐτοῦ
2725 5702 2927 5773 Ἕλλην
2940 5717 2993 5763 ῖς
3015 5694 3394 5769 ὀνομάζεσθαι.
