4060 6562
389 341 522 400 ΗΜ

1633 341 1951 398 HISTORIA
1990 342 2353 402 LAUSIACA.

2179 226 2207 254 ρ

3478 354 3611 409 1142

375 459 701 531 propulsare.
734 455 972 510 Contrito
1009 457 1151 512 enim
1205 453 1377 525 capite
1428 452 1713 523 serpentis,
1767 463 1936 508 totum
1967 457 2016 516 Α
2045 456 2158 512 Ιιτρο
2182 468 2485 515 narrantem
2509 461 2897 526 audivimus,et
2923 461 3228 516 reddentem
3243 474 3454 516 causam
3469 463 3609 530 prio-

375 563 568 617 corpus
616 557 694 600 est
720 553 1008 601 mortuum.
1041 546 1198 601 Jubct
1225 546 1364 600 enim
1396 534 1648 598 Dominus
1679 553 1736 598 ut
1759 546 1943 599 obser~

375 651 559 692 vcmus
579 645 735 704 caput
759 637 1022 705 serpentis
1055 654 1068 690 :
1099 636 1150 690 id
1174 645 1348 691 autem
1377 643 1479 703 est,
1504 650 1573 689 ne
1602 634 1654 688 in
1685 635 1942 704 principio

375 730 711 782 admittamus
742 729 906 782 malas
936 737 989 782 et
1015 738 1194 796 turpes
1232 728 1599 796 cogitationes,
1629 742 1735 781 non
1765 728 1937 782 solum

377 829 430 872 ut
458 819 734 873 obscaenas
773 819 934 872 animi
971 818 1132 872 nostri
1162 817 1468 886 phantasias
1493 816 1765 872 deleamus
1794 833 1807 871 :
1840 831 1936 871 co-

373 911 487 965 nari
532 921 706 965 autem
738 926 833 965 nos
880 910 1103 964 invicem
1136 924 1388 977 superare
1439 909 1739 973 virtutibus,
1788 917 1842 964 et
1870 924 1938 966 ne

371 1001 488 1070 quis
512 1003 563 1056 in
595 1002 676 1055 bis
708 1002 950 1054 laudibus
979 1003 1145 1054 altero
1171 1001 1410 1055 videatur
1434 1000 1673 1055 inferior.
1702 1001 1814 1056 Hoc
1843 1016 1938 1056 au-

372 1103 500 1159 tem,
533 1092 722 1161 inquit,
778 1093 848 1146 sit
879 1091 1028 1146 vobis
1073 1102 1446 1160 argumentum
1476 1091 1744 1161 profectus
1775 1091 1937 1147 virtu-

373 1191 507 1248 tum,
529 1183 746 1251 quando
785 1181 996 1237 fueritis
1022 1183 1170 1237 vacui
1198 1181 1565 1238 affectionibus
1593 1183 1938 1252 etappetitio-

371 1273 544 1336 nibus,
577 1272 688 1326 h:ec
724 1273 871 1327 'enim
898 1281 1022 1327 sunt
1069 1272 1268 1326 Christi
1309 1274 1568 1327 donorum
1599 1272 1933 1342 principium.
1961 1289 1968 1295 '

369 1365 590 1432 Quando
637 1369 811 1419 autem
858 1379 888 1416 a
927 1362 1036 1418 Deo
1067 1363 1308 1417 habuerit
1355 1364 1544 1429 aliquis
1572 1365 1934 1418 ostensionem

372 1453 763 1517 miraculorum,
805 1467 872 1506 ne
890 1452 1106 1506 nimium
1132 1451 1467 1519 intumescat,
1489 1455 1639 1520 quasi
1668 1454 1934 1508 suflicien-

371 1553 452 1599 ter
487 1545 772 1614 profecerit
802 1558 903 1598 nec
925 1543 1174 1598 eil'eratur
1212 1545 1552 1613 cogitatione,
1594 1554 1843 1613 tanquam
1866 1546 1937 1599 sit

369 1636 474 1704 jam
506 1635 674 1703 magis
703 1636 993 1689 honoratus
1021 1651 1175 1704 quam
1208 1636 1318 1700 alii,
1376 1651 1547 1705 neque
1577 1643 1634 1690 ut
1661 1645 1933 1692 ostentans

370 1731 510 1795 quod
559 1726 712 1781 talem
741 1726 966 1795 gratiam
1009 1726 1304 1793 acceperit;
1344 1726 1426 1779 sin
1459 1726 1654 1790 minus,
1695 1727 1928 1792 seipsum

2043 548 2116 601 ris
2139 550 2501 617 ignorationis.
2535 552 2662 605 Nam
2693 552 2881 605 bovem
2904 553 3138 614 quidem,
3173 553 3370 613 aiebat,
3398 552 3449 604 in
3475 551 3606 604 deos

2039 637 2338 692 referebant
2368 641 2590 708 gentiles
2620 643 2706 708 qui
2751 642 2896 709 prius
2946 642 3086 708 apud
3139 655 3234 694 nos
3276 640 3606 706 habitabant,

2039 728 2284 794 quoniam
2314 745 2406 798 per
2437 731 2606 800 ipsum
2632 741 2946 787 exercentes
2973 733 3368 800 agriculturam,
3413 734 3607 786 victum

2036 814 2137 870 sibi
2182 818 2474 885 parabant;
2515 835 2706 890 aquam
2736 833 2910 876 autem
2960 821 3082 885 Nili,
3140 821 3389 890 quoniam
3431 821 3613 890 irrigat

2037 920 2225 962 omnes
2249 923 2435 978 agros;
2470 921 2665 966 terram
2707 929 2917 982 quoque
2942 914 3210 979 colebant,
3242 923 3298 966 ut
3318 928 3437 982 quae
3470 923 3610 968 esset

2036 995 2152 1050 aliis
2194 1000 2438 1055 omnibus
2483 1003 2789 1068 regionibus
2837 1003 3077 1057 fertilior.
3146 1003 3394 1069 Reliquas
3434 1014 3606 1056 autem

2034 1083 2473 1153 abominationes,
2506 1104 2667 1144 canes
2702 1101 2755 1146 et
2782 1091 2982 1158 simias,
3028 1101 3083 1147 et
3110 1089 3370 1161 reliquam
3397 1106 3609 1146 omnem

2035 1173 2382 1228 animantium
2432 1188 2480 1230 et
2513 1178 2719 1232 olerum
2747 1180 2990 1234 colebant
3046 1179 3447 1249 turpitudinem,
3481 1193 3614 1249 qua-

2035 1269 2189 1317 tenus
2212 1279 2397 1319 eorum
2427 1283 2554 1321 usus
2578 1270 2672 1322 fuit
2701 1270 2780 1324 eis
2795 1271 3005 1324 occasio
3028 1270 3235 1335 salutis,
3263 1269 3351 1338 qui
3375 1281 3612 1338 tempore

2035 1352 2325 1409 Pharaonis
2372 1357 2613 1412 homines
2664 1369 2952 1428 occupatos
3010 1362 3196 1428 tenuit,
3250 1361 3463 1428 quando
3517 1361 3611 1415 ille

2033 1440 2284 1500 lsraelem
2336 1463 2687 1518 persequens,
2745 1453 3054 1508 submersus
3102 1463 3202 1507 est.
3246 1453 3617 1524 Unusquisque

2033 1536 2179 1590 enim
2208 1537 2260 1590 id
2288 1538 2342 1592 in
2368 1554 2472 1608 quo
2498 1540 2597 1594 fuit
2621 1551 2934 1610 occupatus,
2964 1557 3085 1596 cum
3137 1541 3465 1596 Pharaonem
3511 1558 3614 1596 non

2033 1635 2178 1681 esset
2220 1639 2473 1696 secutus,
2566 1629 2667 1684 hoc
2750 1625 2803 1681 in
2873 1628 3003 1685 deos
3084 1632 3311 1697 retulit,
3373 1631 3614 1686 dicens:

2033 1714 2147 1770 Hoc
2177 1717 2412 1772 fuitmihi
2436 1719 2568 1774 deus
2590 1720 2746 1776 hodie
2783 1736 2876 1790 per
2895 1722 3301 1794 quod‘eﬂectum
3325 1733 3406 1777 est
3430 1734 3613 1777 utnon

369 1818 559 1885 decipit
584 1824 759 1869 mente
773 1825 980 1883 captus,
999 1815 1233 1885 etgratia
1257 1813 1581 1869 mulzabitur.
1609 1814 1935 1884 llabuitergo
1966 1803 2012 1862 Β
2040 1809 2269 1874 Perire"l
2317 1824 2418 1862 una
2449 1824 2567 1864 cum
2597 1811 2896 1868 Pharaone.
2944 1812 3068 1868 H330
3091 1813 3304 1883 quidem
3331 1814 3385 1866 in
3412 1828 3616 1868 Sermo-

371 1906 510 1960 hanc
543 1919 788 1973 magnam
834 1906 1128 1958 doctrinam
1176 1904 1227 1958 in
1273 1904 1624 1969 sermonibus,
1655 1918 1811 1970 quam
1839 1917 1937 1958 nos

369 2010 580 2065 quoque
605 2008 748 2063 sr-pe
778 2004 958 2061 postea
987 1995 1053 2048 ab
1073 1994 1188 2064 ipso
1228 1994 1553 2050 audivimus:
1599 1994 1654 2046 in
1682 1994 1934 2060 operibus

370 2093 546 2138 autem
574 2082 838 2139 efﬁciebat
868 2083 1094 2154 majora,
1150 2082 1325 2136 omnis
1375 2083 1514 2136 enim
1539 2082 1722 2151 petitio
1747 2081 1796 2136 ei
1823 2091 1936 2136 sta-

369 2179 464 2234 tim
485 2178 706 2232 dabatur
731 2192 761 2232 a
795 2178 919 2232 Deo.

441 2269 576 2335 Quin
604 2268 761 2322 etiam
786 2267 1001 2322 videbat
1047 2265 1302 2335 quasdam
1354 2264 1711 2320 revelationes
1745 2279 1760 2317 :
1806 2262 1938 2318 vidit

368 2360 510 2412 enim
540 2373 692 2411 suum
721 2359 936 2412 fratrem
977 2368 1100 2410 natu
1126 2357 1436 2421 maximum,
1467 2356 1556 2424 qui
1583 2357 1694 2424 ipse
1722 2370 1938 2425 quoque

371 2450 542 2504 fuerat
570 2458 967 2504 coiisummatus
1015 2449 1064 2503 in
1089 2450 1392 2514 solitudine,
1453 2458 1505 2504 et
1552 2450 1670 2517 ipso
1713 2449 1937 2516 pulchro

371 2547 494 2596 vitae
524 2543 761 2597 instituto
777 2558 897 2598 eum
927 2552 1423 2612 snperaverat,cum
1449 2558 1554 2611 quo
1585 2547 1698 2610 ipse
1726 2557 1937 2612 quoque

371 2633 530 2702 longo
575 2643 811 2700 tempore
859 2634 988 2687 vixit
1031 2634 1080 2687 in
1130 2633 1438 2686 solitudine.
1492 2632 1783 2687 Videbatur
1811 2648 1936 2703 ergo

369 2740 491 2781 eum
516 2726 693 2780 videre
706 2726 976 2780 sedentem
1003 2727 1054 2779 in
1080 2726 1268 2780 eodem
1292 2726 1484 2780 throno
1511 2740 1628 2779 cum
1659 2727 1934 2796 apostolis,

371 2833 490 2872 cum
521 2819 568 2872 ei
594 2814 896 2887 reliquisset
927 2833 1137 2872 suarum
1170 2819 1424 2872 virtutum
1458 2819 1851 2882 hmreditatcm;
1883 2829 1938 2874 et

370 2910 448 2962 sic
477 2923 570 2976 pro
597 2923 656 2962 se
684 2909 799 2973 ipso
845 2908 1223 2974 intercedebat,
1255 2908 1418 2961 Deum
1451 2923 1660 2975 rogans,
1719 2919 1773 2963 ιιι
1794 2918 1938 2963 esset

370 2999 523 3052 velox
553 2997 667 3065 ejus
695 2997 990 3060 translatio,
1036 3005 1090 3051 et
1121 3012 1240 3054 cum
1271 2998 1384 3066 ipso
1404 2997 1501 3051 srbi
1529 2998 1763 3065 requiem
1795 3011 1935 3066 prae-

370 3097 537 3142 staret
568 3089 617 3142 in
648 3088 820 3142 caelis.
850 3087 1002 3142 Visus
1025 3097 1105 3141 est
1132 3098 1308 3141 autem
1334 3089 1380 3142 ei
1422 3087 1620 3142 dixisse
1659 3088 1932 3151 Servator,

369 3189 615 3248 Oportere
644 3194 761 3232 eum
784 3179 956 3232 adhuc
982 3194 1142 3247 parvo
1175 3188 1412 3246 tempore
1441 3193 1559 3233 esse
1588 3180 1638 3232 in
1690 3189 1827 3234 terra
1865 3180 1932 3232 ad
1964 3163 2006 3223 C

377 3270 662 3325 multorum
698 3269 1096 3335 perfectionem,
1138 3268 1308 3322 donec
1346 3270 1494 3322 multi
1526 3269 1655 3323 fiant
1683 3271 1797 3339 ejus
1827 3272 1934 3324 vir-

371 3361 494 3414 tutis
510 3361 864 3415 :cmnlatores.
895 3361 1111 3429 Magnus
1133 3361 1274 3416 enim
1307 3360 1681 3416 monachorum
1709 3364 1932 3431 papulus

369 3453 617 3507 credetur
638 3453 752 3522 ejus
780 3453 924 3519 fidei,
949 3463 1002 3507 et
1033 3455 1151 3523 pius
1188 3454 1485 3522 exercitus,
1519 3464 1575 3510 ut
1603 3456 1824 3526 gloriam
1852 3457 1935 3510 di-

369 3560 524 3614 gnam
557 3544 827 3598 laboribus
852 3552 1209 3614 coasequatur
1237 3544 1376 3613 apud
1405 3545 1593 3599 Deum.
1627 3545 1749 3600 Haec
1780 3545 1930 3611 vidit,

368 3652 484 3704 quae
528 3635 686 3688 etiam
734 3642 1046 3688 evenerunt.
1097 3634 1224 3688 Nam
1266 3648 1386 3689 cum
1427 3634 1578 3688 multi
1604 3635 1836 3705 undique
1867 3652 1933 3691 ex

367 3727 636 3779 auditione
665 3725 730 3778 ad
755 3741 874 3780 eum
911 3727 1286 3800 convenissent
1315 3728 1580 3792 monachi,
1605 3738 1658 3782 et
1689 3744 1784 3796 per
1810 3729 1930 3797 ejus

367 3819 660 3872 doctrinam
690 3828 741 3871 et
769 3819 1225 3872 conversationem
1253 3818 1466 3886 plurimi
1495 3821 1714 3872 omnino
1738 3821 1933 3874 muiido

375 3907 790 3970 renuntiassent,
818 3907 948 3958 facta
969 3914 1048 3958 est
1084 3906 1305 3960 fratrum
1336 3907 1676 3970 cohabitatio,
1717 3924 1836 3961 cum
1865 3909 1930 3962 ad

365 3997 679 4065 quingentos
712 3996 900 4048 fratres
927 3997 1079 4049 simul
1105 3997 1241 4064 apud
1277 3996 1447 4065 ipsum
1473 4012 1808 4053 communem
1847 4001 1930 4054 vi-

366 4094 474 4138 tam
506 4085 782 4149 haberent,
808 4095 858 4137 et
876 4099 1033 4137 unam
1064 4101 1321 4151 mensam,
1348 4095 1452 4140 tota
1471 4103 1516 4138 vc
1537 4097 1618 4140 ste
1633 4089 1929 4154 candidati;

362 4187 418 4232 et
442 4176 493 4230 iu
532 4177 607 4230 eis
639 4177 850 4243 impleta
896 4186 978 4230 est
1020 4176 1313 4242 Scriptura,
1370 4191 1489 4244 qua:
1518 4176 1647 4230 dicit
1682 4194 1694 4228 :
1729 4176 1932 4232 Lmtare

363 4267 630 4320 desertum
658 4267 860 4331 sitiens,
889 4280 1108 4330 erumpe
1129 4273 1182 4316 et
1209 4266 1376 4317 clama
1404 4281 1520 4332 quae
1543 4280 1644 4319 non
1663 4268 1888 4333 parturis
1914 4283 1930 4333 ;

364 4357 612 4423 quoniam
636 4356 784 4409 multi
825 4364 946 4408 sunt
970 4355 1062 4408 lilii
1085 4355 1329 4417 deserta»,
1375 4355 1541 4424 magis
1572 4372 1728 4423 quam
1760 4357 1930 4411 virutn

364 4444 610 4498 habentis
643 4443 818 4514 (Isaia:
848 4446 976 4512 ων).
1003 4443 1131 4496 Nam
1163 4443 1438 4511 impletum
1477 4445 1690 4512 quidem
1723 4455 1802 4498 est
1831 4445 1932 4500 hoc

361 4535 627 4601 eloquium
682 4536 1048 4603 prepbeticum
1094 4551 1155 4590 ex
1189 4535 1420 4588 Ecclesia
1446 4551 1564 4603 qua:
1611 4548 1926 4606 congregata
1959 4528 2006 4585 Ι)
2036 4507 2224 4606 §‘"“{“
2248 4512 2340 4606 cf?
2365 4507 2423 4552 ω’

363 4639 444 4680 est
475 4643 537 4681 ex
562 4627 807 4696 gentibus
842 4646 854 4681 :
902 4627 1195 4693 perfectum
1227 4636 1309 4680 est
1346 4635 1523 4680 autem
1558 4628 1608 4680 in
1635 4628 1733 4680 hac
1772 4629 1932 4682 etiam

363 4715 669 4786 Aﬂgyptiaca
699 4718 1004 4784 solitudine,
1036 4733 1150 4786 qua:
1183 4717 1360 4785 plures
1389 4717 1529 4770 filios
1555 4718 1665 4771 Deo
1695 4719 1932 4785 exbibet,

363 4826 517 4876 quam
542 4817 678 4863 terra
701 4825 818 4877 qua:
844 4818 925 4862 est
951 4811 1200 4863 habitata.
1226 4809 1320 4863 Ubi
1344 4813 1482 4863 enim
1502 4823 1626 4863 sunt
1649 4811 1701 4863 in
1719 4812 1933 4867 urbibus

367 4911 445 4956 tot
478 4918 665 4973 greges
688 4917 870 4956 eorum
895 4903 983 4971 qui
1022 4903 1151 4956 salvi
1180 4905 1329 4967 ﬁunt,
1381 4911 1508 4972 quot
1540 4905 1648 4957 Deo
1676 4907 1934 4960 exhibent

363 5009 480 5063 qua:
510 5002 632 5046 sunt
653 4994 702 5046 in
730 4993 956 5066 Aigypm
977 4993 1329 5046 solitudines?
1360 4993 1498 5058 Quot
1527 5003 1650 5047 sunt
1675 4996 1814 5048 enim
1839 4995 1927 5048 hic

368 5083 564 5153 populi,
620 5092 698 5138 tot
748 5095 869 5137 sunt
909 5083 1018 5138 illic
1043 5083 1095 5138 in
1133 5083 1357 5137 desertis
1380 5084 1645 5138 monachi.
1688 5086 1764 5141 Ac
1796 5085 1928 5139 mihi

367 5177 578 5231 videtur
612 5176 810 5230 dictum
841 5174 1096 5244 Apostoli,
1140 5176 1300 5229 etiam
1331 5176 1382 5229 in
1414 5175 1544 5242 ipsis
1574 5191 1694 5231 esse
1738 5177 1925 5244 imple-

363 5276 472 5322 tum
506 5284 520 5322 :
561 5267 656 5323 Ubi
689 5267 828 5322 enim
851 5265 1137 5320 abundavit
1159 5275 1452 5334 peccatum,
1479 5265 1927 5334 superabundavit

362 5370 413 5414 et
455 5359 619 5428 gratia
665 5357 857 5427 (Rom.
903 5356 977 5426 v).
1029 5355 1328 5411 Abundavit
1379 5357 1517 5411 enim
1549 5358 1816 5427 quondam
1872 5358 1925 5412 in

361 5449 596 5520 IEgypto
638 5448 839 5502 multus
886 5456 941 5501 et
978 5448 1172 5516 impius
1216 5447 1478 5501 idolorum
1498 5450 1688 5513 cultus,
1715 5449 1845 5504 adeo
1869 5457 1926 5504 ιιι

362 5543 417 5596 in
444 5543 589 5596 nulla
619 5549 775 5610 gente
806 5541 1006 5610 magis;
1045 5554 1208 5596 canes
1235 5541 1378 5595 enim
1410 5550 1463 5595 et
1484 5541 1665 5595 simias
1711 5541 1925 5611 quidam

361 5633 642 5698 colebant;
675 5632 761 5687 alii
803 5632 922 5687 allia
951 5641 1005 5686 et
1031 5645 1212 5702 caepe;
1266 5639 1320 5686 et
1356 5645 1421 5685 ex
1473 5631 1667 5686 vilibus
1692 5633 1925 5688 oleribus

363 5729 528 5783 multa
575 5727 702 5782 deos
724 5726 1117 5790 existimabant,
1152 5737 1206 5782 ut
1240 5726 1409 5790 ipsum
1437 5735 1679 5782 sanctum
1714 5727 1922 5786 Patrem

2037 1899 2193 1952 uibus
2239 1899 2421 1954 habuit
2449 1912 2661 1957 sanctus
2683 1903 2898 1972 Apollo.

2107 2031 2242 2086 Ante
2268 2045 2541 2088 sermones
2567 2042 2744 2088 autem
2777 2033 3114 2089 scribendum
3143 2043 3227 2088 est
3268 2047 3386 2101 qua
3428 2045 3616 2102 posse-

2037 2120 2117 2176 dit
2171 2123 2224 2176 in
2273 2124 2544 2192 cperibus.
2596 2125 2833 2180 Fuerunt
2875 2127 3015 2180 enim
3065 2126 3345 2196 aliquando
3392 2126 3616 2197 gentiles

2039 2228 2202 2282 prope
2230 2215 2530 2268 accolentes
2561 2215 2613 2269 in
2663 2216 2794 2269 locis
2836 2216 3104 2282 omnibus,
3150 2225 3204 2269 et
3255 2215 3441 2271 decem
3493 2216 3614 2286 pagi

2036 2310 2121 2376 qui
2151 2315 2299 2361 erant
2321 2307 2368 2362 ei
2401 2308 2804 2378 propinquiores
2850 2310 3019 2378 magis
3049 2309 3291 2362 colebant
3321 2309 3612 2365 diemones.

2039 2398 2170 2452 Erat
2194 2409 2367 2452 autem
2396 2400 2648 2468 templum
2698 2402 2982 2453 maximum
3015 2400 3066 2454 in
3115 2416 3219 2453 uno
3266 2400 3401 2466 vico,
3445 2409 3500 2455 et
3543 2399 3615 2453 sl-

2039 2491 2329 2544 mulacrum
2366 2490 2595 2546 maxime
2642 2491 2867 2560 insigne,
2901 2493 3070 2562 lignea
3117 2502 3294 2546 autem
3340 2500 3453 2545 erat
3498 2493 3615 2546 lucc

2037 2589 2230 2636 statua.
2263 2581 2514 2652 Pompam
2541 2591 2716 2636 autem
2738 2581 3022 2648 ducebant,
3051 2597 3165 2636 cam
3218 2596 3312 2651 per
3343 2583 3485 2636 vicos
3514 2583 3616 2636 cir-

2037 2674 2391 2729 cumferentes
2459 2675 2646 2729 nefarii
2699 2676 3032 2739 sacerdotes,
3095 2675 3181 2745 qui
3227 2675 3616 2730 bacchabantur

2038 2781 2155 2821 cum
2181 2768 2537 2835 multitudine,
2560 2769 2719 2824 veluti
2748 2786 2840 2839 pro
2861 2786 2996 2840 aqua
3020 2770 3255 2824 ﬂuviatili
3286 2771 3616 2827 celebrantes

2039 2861 2311 2930 mysteria.
2343 2862 2547 2915 Aecidit
2576 2871 2751 2916 autem
2783 2869 2840 2914 ut
2871 2862 2959 2915 illo
2983 2871 3216 2929 tempore
3256 2861 3366 2915 illic
3405 2862 3616 2918 adesset

2039 2952 2229 3020 Apollo
2269 2965 2390 3005 eum
2423 2952 2605 3020 paucis
2649 2951 2962 3021 quibusdam
3015 2950 3264 3005 fratribus
3294 2967 3306 3004 :
3340 2957 3616 3020 postquam

2041 3050 2217 3096 autem
2245 3041 2380 3096 vidit
2422 3041 2813 3096 multitudinem
2844 3051 3060 3109 repente
3089 3039 3414 3095 dminoniace
3440 3039 3616 3095 furen-

2041 3140 2143 3185 tam
2176 3148 2268 3200 per
2289 3133 2579 3200 regionem,
2603 3132 2753 3186 ﬂexis
2774 3131 3042 3187 Servatori
3073 3131 3312 3200 genibus,
3345 3129 3468 3185 fecit
3495 3147 3612 3184 om-

2038 3236 2131 3275 nes
2169 3222 2394 3291 gentiles
2443 3229 2663 3291 repente
2707 3221 3023 3274 immobiles.
3078 3221 3211 3274 Cum
3262 3229 3440 3275 autem
3504 3235 3610 3276 non

2035 3325 2250 3384 possent
2274 3329 2338 3368 ex
2371 3314 2462 3367 illo
2490 3315 2606 3367 loco
2639 3313 2901 3382 progredi,
2935 3312 3070 3365 alius
3091 3312 3261 3366 alium
3308 3312 3604 3377 trudentes,

2035 3413 2088 3455 et
2126 3411 2257 3456 aestu
2286 3411 2402 3457 toto
2423 3403 2507 3457 die
2535 3412 2883 3468 torrerentur,
2909 3401 3211 3471 ignorantes
3240 3402 3377 3456 unde
3415 3402 3513 3457 hoc
3536 3406 3614 3458 eis

2035 3499 2318 3564 evenisset,
2352 3498 2660 3552 sacerdotes
2688 3511 2870 3551 eorum
2897 3497 3153 3550 dixerunt
3187 3510 3302 3550 esse
3332 3496 3614 3564 quemdam

2033 3589 2390 3645 Christianum
2420 3589 2743 3644 habitantem
2774 3589 2825 3642 in
2853 3603 3037 3645 eorum
3074 3587 3266 3642 finibus
3295 3588 3394 3642 sub
3419 3589 3612 3642 solitu-

2035 3683 2180 3750 dinc,
2213 3683 2302 3751 qui
2327 3684 2440 3736 haec
2485 3682 2703 3746 faceret,
2734 3680 2972 3735 dicentes
3008 3678 3073 3732 de
3121 3679 3344 3746 Apollo;
3376 3687 3430 3732 et
3459 3693 3616 3746 opor-

2035 3783 2147 3828 tere
2169 3773 2218 3828 ei
2249 3771 2565 3842 supplicare,
2595 3773 2679 3826 sin
2703 3771 2875 3824 minus
2912 3770 3024 3823 fore
3054 3776 3110 3821 ut
3139 3768 3352 3823 veniant
3391 3767 3441 3821 in
3472 3768 3614 3836 peri-

2033 3866 2232 3919 culum.
2296 3863 2579 3931 Postquam
2642 3868 2820 3915 autem
2891 3860 2978 3927 qui
3029 3858 3210 3925 procul
3265 3856 3612 3920 habitabant,

2033 3958 2224 4011 auditis
2254 3956 2577 4010 clamoribus
2623 3964 2676 4006 ct
2720 3950 3203 4016 lamentationibus,
3239 3958 3605 4014 accesserunt,

2033 4058 2086 4102 et
2116 4063 2206 4102 eos
2237 4057 2521 4116 rogarunt:
2559 4047 2818 4113 Quidnam
2867 4053 2969 4110 est,
3001 4042 3256 4104 dicentes,
3290 4039 3432 4108 quod
3466 4039 3614 4094 vobis

2037 4148 2259 4205 repente
2286 4137 2524 4190 accidit?
2570 4151 2674 4204 quo
2705 4144 2857 4201 pacto
2902 4134 3001 4186 hoc
3032 4133 3224 4187 factum
3253 4131 3377 4184 est?
3409 4129 3484 4183 illi
3510 4143 3612 4182 au-

2037 4234 2142 4278 tem
2173 4227 2421 4278 dixerunt
2474 4241 2531 4277 se
2565 4226 2800 4288 nescire,
2836 4223 2935 4276 nisi
2966 4221 3107 4291 quod
3149 4221 3319 4275 virum
3350 4218 3617 4272 habebant

2035 4326 2359 4383 sustiectnm,
2393 4317 2629 4370 dicentes
2660 4326 2906 4383 oportere
2932 4313 3075 4367 illum
3095 4313 3323 4381 placare.
3355 4310 3456 4364 Alii
3485 4323 3615 4363 vero

2039 4408 2372 4462 testabantur
2393 4422 2451 4462 se
2483 4423 2602 4461 eum
2636 4406 2827 4460 vidisse
2868 4412 3307 4475 praetereuntem;
3339 4410 3394 4456 et
3422 4401 3498 4454 sic
3529 4415 3614 4453 ro-

3133 4510 3181 4547 m
3209 4511 3220 4544 :
3247 4491 3490 4545 adductis
3519 4491 3614 4544 b0-

2036 4589 2134 4643 bus
2163 4588 2336 4644 conati
2366 4598 2489 4642 sunt
2537 4602 2756 4641 movere
2803 4587 3176 4650 simulacrum;
3211 4582 3262 4636 id
3295 4592 3468 4635 autem
3495 4595 3611 4633 ma-

2043 4681 2203 4735 nebat
2260 4689 2506 4749 tanquam
2555 4677 2827 4731 immobile
2879 4691 2996 4730 cum
3051 4674 3178 4740 ipsis
3225 4670 3608 4725 sacerdotibus.

2036 4771 2164 4825 Cum
2207 4771 2403 4823 nullam
2460 4783 2588 4837 ergo
2638 4766 2896 4822 evadendi
2947 4765 3204 4818 rationem
3259 4761 3610 4823 invenissent,

2036 4863 2293 4916 miserunt
2319 4875 2412 4928 per
2442 4859 2648 4912 accolas
2682 4857 2996 4925 legationem
3029 4854 3090 4904 ad
3125 4852 3347 4919 Apollo,
3378 4858 3437 4901 ut
3467 4850 3611 4901 illinc

2035 4952 2241 5006 liberati
2264 4950 2330 5002 ab
2350 4963 2532 5003 errore
2563 4946 2891 5000 recederent.
2924 4943 3014 4997 His
3033 4952 3206 4996 autem
3237 4941 3424 5010 Apollo
3452 4939 3610 5009 signi-
3697 4993 3706 4998 _

2037 5045 2227 5110 ficatis,
2260 5040 2537 5096 celerrime
2557 5039 2833 5093 descendit
2877 5038 3037 5091 homo
3071 5036 3194 5100 Dci;
3226 5044 3277 5088 et
3306 5048 3423 5087 cum
3464 5046 3610 5085 oras-

2035 5143 2137 5198 set,
2167 5147 2352 5186 omnes
2382 5131 2537 5184 solvit
2582 5145 2611 5182 a
2654 5129 2886 5182 vinculo.
2929 5128 2992 5181 Hi
3038 5135 3212 5179 autem
3265 5139 3452 5179 omnes
3505 5137 3611 5176 uno

2036 5225 2215 5278 animo
2243 5223 2308 5276 ad
2333 5225 2503 5292 ipsum
2538 5229 2905 5289 processerunt
2927 5261 2939 5282 ,
2973 5219 3336 5272 universorum
3368 5216 3612 5270 Servato-

2036 5323 2080 5378 ri
2110 5324 2410 5385 credentes,
2442 5330 2496 5375 et
2529 5320 2634 5373 Deo
2663 5318 2749 5388 qui
2782 5318 2902 5372 facit
2931 5317 3280 5383 admirabilia,
3308 5315 3450 5369 idolo
3481 5328 3605 5383 pro-

2037 5424 2178 5480 tinus
2200 5423 2303 5493 igni
2336 5421 2600 5476 mandato.
2628 5420 2771 5485 Quos
2816 5432 3002 5474 omnes
3050 5415 3310 5472 catechcsi
3344 5416 3609 5470 institutus

2033 5527 2228 5596 adjecit
2252 5524 2516 5581 ecclesiis.
2547 5523 2693 5578 Multi
2738 5533 2915 5576 autem
2965 5537 3028 5577 ex
3065 5522 3141 5575 his
3190 5522 3240 5574 in
3291 5519 3604 5574 hodiernum

2032 5643 2198 5698 usque
2222 5627 2360 5682 diem
2391 5625 2589 5695 degunt
2616 5623 2668 5680 in
2711 5622 3063 5678 monasteriis.
3112 5620 3277 5690 Hujus
3317 5630 3494 5675 autem
3527 5620 3604 5674 rei

2034 5731 2172 5787 fama
2201 5726 2425 5795 pervasit
2458 5724 2510 5782 in
2549 5739 2734 5808 omnes
2763 5729 2960 5795 partes,
2993 5729 3047 5779 et
3073 5721 3221 5779 multi
3265 5719 3606 5804 crediderunt
