4060 6554
554 348 576 399 1
596 340 691 396 145
2014 334 2095 389 ΡΛ

2207 331 2327 387 \Dll
3638 336 3747 392 illi

546 462 600 515 in
630 459 946 527 Dominum;
974 460 1109 516 adeo
1146 468 1207 516 ut
1232 460 1408 519 nullus
1434 461 1657 530 amplius
1683 461 1897 533 gentilis
1941 462 2113 517 nomi-
2143 464 2189 521 Α
2221 460 2551 526 miraculum,
2584 469 2635 516 et
2684 469 2929 539 eventum
2976 463 3090 532 ejus
3133 465 3275 534 quod
3327 467 3546 535 dixerat,
3591 489 3745 535 omnes

544 563 700 608 netur
724 552 775 606 in
805 551 920 620 ejus
938 552 1144 607 ﬁnibus.
2217 551 2489 606 Servatori
2513 552 2791 606 credentes
2821 568 2941 607 eum
2978 554 3331 622 pradicabant
3376 564 3687 628 prophetam.

615 645 728 699 Non
760 644 926 698 multo
950 651 1068 712 post
1097 651 1274 696 autem
1305 652 1564 712 tempore,
1604 644 1708 696 duo
1738 643 1853 712 pagi
1888 642 2027 697 inter
2057 657 2116 697 se
2290 641 2415 693 Erat
2439 648 2616 694 autem
2644 639 2816 695 adhuc
2862 653 3018 696 antea
3069 643 3122 697 in
3154 649 3347 701 montis
3380 652 3619 717 spelunca
3648 672 3747 712 san.

541 734 741 789 bellum
768 733 1024 801 incipiunt
1050 733 1396 799 committere,
1446 748 1540 801 pro
1583 733 1724 803 agris
1753 734 2109 787 decertantes.
2218 739 2336 783 ctus
2366 730 2576 799 Apollo,
2621 746 2739 783 cum
2769 732 3001 801 quinque
3029 732 3147 787 aliis
3177 734 3446 802 fratribus,
3494 745 3580 808 qui
3618 749 3747 811 primi

542 827 827 890 postquam
856 834 1029 879 autem
1058 835 1137 879 est
1178 823 1367 894 Αροηο
1416 828 1795 893 renuntiatum,
1828 826 2001 878 statim
2048 824 2113 878 ad
2215 818 2424 871 fuerunt
2450 817 2566 885 ejus
2595 818 2856 887 discipuli,
2889 834 3008 874 cum
3053 833 3295 878 recenter
3325 827 3551 884 venisset
3574 847 3604 886 e
3642 837 3747 889 soli-

538 930 632 972 eos
652 917 944 983 descendit,
996 916 1133 971 inter
1178 930 1268 969 eos
1322 931 1505 984 pacem
1563 917 1964 970 conciliaturus.
2011 916 2112 981 Qui
2216 907 2415 959 tudine.
2446 904 2577 959 Cum
2606 915 2781 961 autem
2828 909 3168 963 adventasset
3204 911 3318 965 dies
3350 913 3508 970 festus
3538 919 3747 987 Pascltze,

538 1021 692 1065 erant
721 1017 894 1062 autem
926 1023 988 1062 ex
1016 1015 1162 1075 parte
1191 1007 1407 1062 adversa
1433 1023 1538 1061 non
1572 1010 1844 1076 parebant,
1867 1007 1958 1062 sed
1989 1022 2113 1061 con.
2211 1006 2263 1050 cl
2296 997 2389 1052 Dei
2430 998 2627 1051 ευιωιη
2663 999 2990 1068 implessent.
3020 1011 3173 1056 erant
3211 1006 3351 1057 esuri
3378 1021 3439 1058 ea
3481 1025 3594 1074 qua:
3622 1013 3746 1065 inve-

540 1097 865 1151 tradicebant
891 1137 905 1160 ,
938 1095 1054 1149 freti
1089 1111 1192 1149 uno
1220 1096 1480 1150 latronum
1514 1098 1770 1165 principe,
1816 1105 1873 1149 ut
1902 1098 2016 1149 viro
2045 1095 2109 1148 ad
2214 1084 2490 1138 ιιίθδίὶηιιπ
2518 1103 2530 1137 ε
2564 1095 2717 1139 eram
2751 1096 2924 1140 θυῑθηι
2955 1088 3003 1141 al
3026 1099 3155 1158 (111οι
3198 1090 3321 1145 δίοεί
3350 1109 3530 1161 Panes.
3551 1108 3601 1151 ei
3626 1116 3750 1167 qua:-

540 1186 736 1241 bellum
766 1188 1221 1255 praestantissimo.
1240 1188 1373 1241 Cum
1396 1203 1515 1242 eum
1539 1204 1665 1256 ergo
1687 1189 1873 1258 Apollo
1895 1188 2113 1241 vidisset
2212 1176 2333 1228 dum
2365 1175 2509 1229 0161⁸³
2533 1177 2784 1244 τεροεῑω-
2818 1178 2909 1231 Eis
2937 1190 3113 1235 ³1118111
3156 1180 3291 1235 diti!
3341 1187 3563 1253 Apollo:
3592 1190 3645 1243 Si
3670 1206 3745 1244 su-

534 1280 1006 1348 contradicentem,
1038 1279 1168 1334 dixit
1195 1280 1242 1334 ei
1269 1295 1282 1333 :
1312 1281 1367 1335 Si
1412 1280 1676 1348 parueris,
1732 1295 1765 1335 ο
1807 1281 1996 1345 amice,
2025 1295 2109 1334 ro-
2212 1282 2327 1320 "m5
2358 1266 2565 1335 add“.
2599 1281 2632 1320 0
2681 1268 2796 1335 ίίιίίν
2849 1277 2905 1323 ei
2950 1272 3187 1339 εετωθιιί
3230 1271 3427 1328 Ciuis”
3477 1277 3588 1344 5m,
3628 1294 3749 1349 Pclm

536 1370 672 1437 gabo
700 1368 976 1423 Dominum
1011 1384 1205 1433 meum,
1238 1380 1297 1423 ut
1352 1380 1438 1423 tua
1482 1378 1695 1438 peccata
1734 1372 2106 1449 remittantur.

536 1461 584 1515 ls
613 1470 786 1514 autem
816 1460 903 1513 ubi
931 1460 1030 1514 hoc
1060 1460 1279 1528 audivit,
1332 1476 1433 1515 non
1463 1470 1755 1527 cunctatus,
1782 1460 2000 1531 abjectis
2024 1477 2108 1515 ar-

534 1554 671 1620 mis,
730 1554 844 1621 cjus
894 1553 1119 1620 genibus
1158 1553 1437 1607 advolutus
1485 1554 1827 1621 supplicavit;
1881 1564 1931 1607 et
1982 1568 2107 1620 pace

534 1644 666 1698 facta
716 1642 832 1713 ejus
871 1644 1273 1707 intercessxone,
1327 1659 1451 1697 suos
1503 1644 1706 1697 remisit
1755 1644 1821 1696 ad
1873 1643 2102 1711 pmpt-ia.

534 1733 663 1789 Cum
710 1732 743 1786 ii
774 1741 951 1785 autem
989 1748 1169 1800 pacem
1200 1733 1450 1799 egissent,
1482 1742 1536 1787 et
1581 1732 1855 1794 abiissent,
1888 1731 2104 1801 insignis

2212 1356 2574 1425 unusquisque
2597 1368 2831 1411 vestrum
2854 1374 2882 1409 a
2911 1359 3017 1411 Deo
3045 1358 3095 1412 id
3125 1361 3262 1429 quod
3305 1363 3423 1431 ejus
3450 1368 3621 1421 animo
3643 1386 3747 1438 gra-

2210 1457 2318 1500 tum
2350 1456 2433 1502 est
2461 1447 2528 1526 ad
2557 1448 2895 1502 vescendum.
2944 1449 3023 1503 Illi
3069 1467 3196 1506 vero
3222 1467 3271 1507 et
3326 1457 3621 1512 universum
3652 1477 3748 1530 per-

2209 1539 2490 1605 miserunt,
2520 1538 2888 1593 existimantes
2933 1554 2994 1594 se
3038 1554 3158 1595 esse
3188 1542 3430 1612 indignos
3459 1547 3547 1599 tali
3586 1553 3744 1616 gratia.

2214 1631 2347 1685 Cum
2381 1631 2501 1685 laeto
2548 1639 2722 1683 autem
2772 1631 2921 1684 vultu
2948 1641 3175 1700 orasset,
3207 1644 3261 1689 et
3288 1649 3474 1690 omnes
3519 1638 3746 1698 dixissent

2207 1720 2400 1784 Amen,
2425 1717 2667 1787 protinus
2694 1727 2851 1772 noctu
2880 1728 3137 1772 venerunt
3161 1719 3213 1774 in
3235 1723 3540 1789 speluncam
3564 1728 3745 1795 quidam

533 1839 717 1881 eorum
747 1834 1121 1894 propugnator,
1176 1824 1366 1892 Apollo
1413 1824 1479 1878 de
1518 1835 1712 1878 cmtcro
1758 1824 2101 1893 sequebatur,
2133 1817 2181 1877 B
2207 1809 2302 1863 viri
2335 1809 2543 1875 penitus
2573 1807 2848 1878 incogniti,
2896 1808 2985 1879 qui
3013 1809 3261 1867 dicebant
3286 1827 3345 1868 se
3371 1817 3553 1870 venire
3575 1832 3601 1869 a
3650 1820 3748 1875 lon.

533 1917 848 1985 promissum
874 1925 1058 1984 aperte
1100 1916 1341 1984 exigens.
1372 1916 1538 1981 Quem
1572 1931 1689 1970 cum
1736 1917 2107 1985 assutnpsisset

537 2010 722 2064 beatus
745 2009 931 2076 Apollo
974 2008 1026 2062 in
1069 2009 1360 2077 propinqua
1408 2007 1721 2072 solitudine,
1749 2008 2024 2061 admonu't
2051 2017 2106 2061 et

533 2098 771 2154 hortatus
799 2108 880 2153 est
927 2105 982 2150 ut
1031 2098 1246 2166 patienti
1292 2105 1349 2150 et
1393 2097 1657 2151 constanti
1709 2105 1852 2151 esset
1904 2097 2101 2164 animo,

536 2204 693 2257 posse
720 2189 860 2243 enim
889 2188 1053 2241 Deum
1092 2188 1140 2241 ei
1172 2187 1494 2241 condonare.
1532 2187 1625 2241 Ubi
1662 2197 1836 2241 autem
1866 2201 1967 2241 nox
2007 2188 2101 2242 ad-

533 2278 702 2341 venit,
725 2277 884 2330 ambo
908 2276 1154 2330 viderunt
1183 2275 1235 2329 in
1259 2277 1459 2331 somnis
1490 2292 1546 2331 se
1576 2287 1752 2331 astare
1781 2286 1903 2330 ante
1935 2278 2102 2331 tribu-

535 2368 623 2421 nal
654 2366 847 2421 Christi
876 2382 890 2419 :
925 2367 1131 2433 utrique
1162 2374 1340 2418 autem
1370 2366 1860 2434 coutemplabantnr
1890 2368 2104 2438 angelos

533 2458 698 2513 Deum
732 2472 833 2510 una
880 2471 999 2510 cum
1041 2455 1196 2522 jusxis
1235 2455 1535 2509 adorantes.
1581 2455 1819 2524 Cumque
1850 2456 1949 2524 ipsi
2002 2472 2102 2509 una

532 2563 650 2602 cum
683 2547 761 2601 eis
794 2548 1218 2615 procubuissent,
1249 2544 1459 2600 Patrem
1496 2545 1882 2612 adoraverunt;
1918 2555 1971 2600 et
2001 2562 2099 2600 vox

532 2637 598 2691 ad
626 2652 721 2692 eos
752 2638 883 2690 iacta
913 2646 993 2690 est
1026 2636 1116 2690 Dei
1141 2635 1365 2689 dicentis
1398 2650 1411 2688 :
1441 2635 1567 2702 Qua:
1596 2643 1679 2691 est
1721 2637 1947 2692 sovietas
1997 2638 2103 2690 luci

542 2745 659 2784 cum
693 2729 964 2783 tenebris?
995 2735 1084 2781 aut
1128 2743 1246 2796 qua:
1286 2742 1407 2797 pars
1432 2738 1515 2782 est
1546 2728 1714 2784 fidelis
1743 2744 1861 2784 cum
1891 2729 2094 2785 inﬁdeli

538 2820 623 2892 (ΙΙ
654 2819 774 2874 Cor.
800 2818 857 2887 lt)
882 2820 902 2870 ἲ
933 2820 1064 2884 Quid
1093 2833 1219 2873 vero
1241 2828 1343 2872 stat
1374 2834 1491 2873 cum
1510 2819 1653 2888 justo
1674 2820 1954 2885 homicida,
1980 2835 2102 2875 cum

534 2912 605 2965 sit
635 2910 878 2979 indiguus
909 2911 999 2963 tali
1053 2909 1502 2978 contemplatione
1532 2911 1554 2964 i
1592 2911 1671 2964 Tu
1720 2922 1895 2966 autem
1928 2913 2037 2981 abi,
2069 2928 2102 2969 0

534 3002 712 3065 homo,
740 3000 831 3053 tibi
857 2999 1001 3054 enim
1028 3007 1109 3053 est
1135 3013 1419 3054 concessus
1443 2999 1528 3053 hic
1558 3000 1707 3055 tarde
1743 3010 1896 3055 natus
1920 3004 2100 3070 perfu-

528 3107 611 3161 ga.
644 3092 742 3156 Qui
774 3104 893 3143 cum
924 3089 1023 3142 alia
1055 3090 1216 3142 multa
1240 3089 1501 3144 vidissent
1526 3099 1579 3143 et
1607 3090 1894 3145 audiissent
1933 3090 2111 3144 admi-'

2207 1903 2398 1968 ginqua
2427 1899 2670 1966 regione;
2692 1907 2745 1952 et
2776 1900 2950 1952 omnia
2981 1900 3248 1968 ferebant,
3280 1917 3341 1957 ea
3371 1907 3536 1959 etiam
3563 1907 3627 1961 de
3649 1912 3747 1978 qui.

2204 1990 2301 2044 bus
2332 2005 2396 2044 ne
2418 1989 2687 2042 auditione
2713 1988 2923 2055 quidem
2962 2003 3294 2060 acceperant,
3323 2004 3374 2049 et
3396 2012 3516 2065 quae
3538 2014 3637 2053 non
3659 2015 3737 2054 na-

2206 2090 2425 2135 scuntur
2477 2080 2529 2133 in
2574 2079 2831 2150 Egypto,
2881 2080 3017 2134 horti
3070 2081 3276 2137 fructus
3320 2089 3499 2141 omnis
3540 2092 3747 2158 generis,

2206 2187 2334 2224 uvas
2363 2179 2415 2223 et
2440 2170 2571 2223 mala
2597 2172 2805 2239 punica,
2831 2179 2884 2223 et
2907 2173 3034 2226 ﬁcus
3060 2183 3114 2226 et
3160 2188 3346 2241 nuces,
3373 2178 3552 2231 omnia
3579 2179 3750 2234 intem-

2217 2262 2459 2328 pestive:
2494 2260 2806 2328 quinetiam
2846 2261 3101 2329 quosdam
3143 2263 3382 2318 inventos
3402 2265 3579 2320 mellis
3608 2267 3747 2332 favos,

2205 2359 2258 2405 et
2282 2365 2466 2403 urnam
2517 2353 2746 2404 recentis
2779 2352 2957 2414 lactis,
3004 2361 3057 2406 et
3101 2353 3337 2407 uicolztos
3380 2357 3659 2422 maximos,
3707 2371 3748 2413 et

2208 2455 2369 2508 panes
2390 2440 2613 2494 mundos
2640 2450 2691 2494 et
2720 2441 2920 2493 calidos
2965 2442 3115 2510 (lOl)
3139 2457 3168 2495 e
3196 2445 3410 2512 regione
3440 2454 3671 2501 externa.
3718 2452 3747 2502 li

2204 2542 2380 2585 autem
2405 2531 2495 2598 qui
2522 2545 2584 2583 ea
2636 2531 2943 2597 attulerant,
2983 2547 3103 2586 cum
3152 2534 3491 2589 solummodo
3536 2539 3749 2590 tradidis-

2204 2630 2347 2684 sent,
2382 2630 2631 2688 tanquam
2660 2619 2808 2674 missi
2830 2635 2858 2673 a
2888 2624 3002 2673 viro
3024 2636 3214 2691 magno
3237 2632 3289 2676 et
3321 2624 3509 2688 divite,
3540 2627 3751 2692 protinus

2206 2724 2428 2779 propere
2462 2717 2817 2763 I‘CCBSSCI'UIIL
2861 2708 2994 2762 Cum
3024 2719 3199 2764 autem
3255 2727 3373 2779 QUZB
3427 2725 3583 2767 erant
3624 2731 3748 2769 escu-

2205 2802 2343 2856 lenta
2376 2800 2760 2868 percepisscnt,
2787 2816 2849 2854 ea
2879 2801 2986 2855 illis
3008 2801 3330 2858 suffecerunt
3352 2819 3525 2874 usque
3549 2808 3610 2859 ad
3636 2807 3750 2861 Pett-

2208 2899 2484 2957 tecosten;
2515 2891 2648 2944 adeo
2675 2900 2730 2944 ut
2760 2891 2859 2960 ipsi
2889 2906 3100 2962 quoque
3130 2895 3477 2963 mirarentur,
3532 2907 3585 2952 et
3630 2900 3749 2952 dice-

2206 2992 2326 3037 reut
2355 2981 2520 3036 fuisse
2548 2995 2612 3035 ea
2640 2996 2772 3036 vere
2800 2997 2830 3035 a
2857 2982 2969 3036 Deo
3001 2984 3182 3037 missa.

2275 3093 2496 3160 Quidam
2517 3101 2692 3146 autem
2718 3109 2782 3147 ex
2814 3094 3088 3148 monachis
3110 3096 3324 3163 rogabat
3348 3095 3561 3151 Patrem
3590 3108 3641 3151 ut
3663 3107 3755 3151 sta-

530 3184 733 3248 rahilia,
765 3198 881 3252 qua:
909 3196 1078 3251 neque
1108 3181 1265 3235 audet
1291 3182 1460 3236 oratio
1512 3182 1717 3247 dicere,
1752 3197 1926 3252 neque
1955 3184 2097 3237 auris
2127 3173 2171 3233 C
2208 3186 2299 3238 tim
2329 3185 2492 3238 Deum
2524 3199 2617 3252 pro
2649 3185 2764 3252 ipso
2785 3192 2981 3248 oraret,
3010 3193 3065 3237 ut
3088 3184 3309 3252 gratiam
3336 3186 3591 3255 ,αιῐῳδηῖ
3642 3202 3751 3241 cou-

529 3276 728 3339 audire,
759 3273 971 3328 excitati
998 3273 1375 3326 annuntiarunt
1400 3273 1463 3326 iis
1492 3274 1580 3341 qui
1612 3288 1731 3327 cum
1759 3275 1840 3328 eis
1882 3289 2103 3329 conver-

536 3368 814 3421 sabantur.
843 3366 1042 3419 Omnes
1085 3372 1261 3417 autem
1312 3363 1540 3423 maxima
1579 3364 1776 3418 invasit
1802 3366 2101 3420 admiratio.

534 3460 774 3535 utrisque
808 3473 965 3512 unam
993 3458 1326 3512 narrantibus
1355 3457 1632 3512 visionem.
1674 3457 1972 3512 Permansit
2011 3474 2103 3511 au-

531 3561 637 3607 tem
667 3546 784 3607 cum
816 3549 1275 3615 exercitatorihus,
1323 3550 1368 3604 is
1421 3550 1510 3619 qui
1565 3565 1671 3604 non
1716 3557 1834 3604 erat
1876 3550 2103 3619 amplius

529 3643 813 3711 homicida,
847 3658 1014 3711 usque
1034 3643 1098 3696 ad
1129 3653 1353 3697 mortem
1394 3642 1557 3696 vitam
1606 3654 1754 3695 suam
1804 3640 2099 3709 corrigens,

528 3752 590 3792 ex
623 3738 747 3806 lupo
776 3738 827 3790 in
858 3735 1154 3803 simplicem
1183 3744 1237 3788 et
1266 3735 1600 3788 innocentem
1622 3748 1811 3802 agnum
1843 3740 2099 3786 mutatus.

530 3828 588 3883 In
610 3844 674 3883 eo
699 3842 907 3896 quoque
937 3827 1151 3894 impleta
1178 3834 1261 3880 est
1309 3824 1456 3879 Isaia:
1504 3824 1799 3894 prophetia,
1837 3823 2098 3878 dicentis:

530 3917 660 3986 Lupi
688 3925 743 3972 et
770 3916 887 3986 agni
937 3917 1089 3971 sintut
1123 3925 1421 3985 pascentur,
1468 3923 1522 3969 ct
1550 3915 1635 3969 leo
1684 3924 1739 3969 et
1791 3915 1885 3970 hos
1940 3916 2101 3970 simul

530 4006 814 4061 comedent
844 4007 1021 4075 paleas
1052 4004 1232 4076 (Isaia
1254 4004 1399 4076 ων).
1426 4003 1639 4059 Liccbat
1665 4005 1805 4059 enim
1837 4005 1943 4059 illic
1969 4021 2101 4074 quo-

530 4114 634 4164 que
661 4099 843 4153 videre
885 4097 1163 4167 Ethiopes
1209 4112 1330 4153 cum
1378 4096 1653 4151 monachis
1683 4111 1741 4150 se
1771 4106 2100 4160 exercentes,

531 4200 587 4244 et
632 4189 831 4244 multos
869 4189 1153 4243 virtutibus
1204 4196 1553 4257 superantes,
1588 4198 1641 4241 et
1691 4188 2016 4256 Scripturam
2050 4190 2102 4242 in

529 4281 609 4335 eis
639 4281 929 4348 impletum,
952 4293 1071 4347 quae
1094 4280 1217 4333 dicit
1244 4297 1257 4333 :
1281 4277 1553 4342 Ethiopia
1580 4278 1866 4347 praeveniet
1888 4292 2099 4332 manum

528 4370 645 4439 ejus
677 4370 785 4423 Deo
812 4369 985 4439 (l’sal.
1015 4370 1194 4439 vatt).

607 4460 907 4528 Aliquando
962 4470 1140 4513 autem
1196 4459 1540 4514 decertabant
1590 4460 1815 4529 gentiles
1844 4460 2100 4513 adversus

2205 3286 2537 3345 sequeretur.
2563 3276 2693 3330 Cum
2719 3276 2829 3344 ipse
2854 3284 3031 3329 autem
3056 3285 3279 3340 orasset,
3302 3275 3349 3329 ei
3370 3276 3596 3330 dabatur
3610 3284 3749 3346 gtat‘a

2206 3369 2518 3424 humilitatis
2547 3378 2599 3423 et
2621 3368 3064 3435 mansuetudinis,
3090 3369 3224 3423 adeo
3247 3380 3302 3423 ut
3320 3371 3637 3425 mirarentur
3658 3386 3750 3425 om.

2205 3475 2301 3515 nes
2324 3476 2442 3514 eum
2467 3475 2585 3516 esse
2607 3469 2715 3515 tam
2744 3472 3097 3515 mansuetum.
3133 3460 3237 3514 llas
3259 3471 3438 3515 autem
3472 3463 3585 3531 ejus
3612 3466 3749 3515 virtu-

2207 3559 2287 3605 tes
2311 3565 2591 3608 narrarunt
2620 3557 2776 3611 nobis
2800 3558 2888 3627 qui
2909 3574 3024 3612 cum
3072 3561 3188 3628 ipso
3224 3570 3374 3615 erant
3420 3561 3633 3627 fratres,
3660 3561 3750 3617 hac

2207 3646 2389 3699 multis
2412 3663 2619 3717 quoque
2643 3651 3017 3706 attestantibus
3047 3652 3313 3708 fratribus.

2280 3738 2485 3792 Etenim
2515 3752 2633 3793 cum
2665 3754 2770 3792 non
2820 3739 2987 3794 multo
3032 3750 3153 3795 ante
3185 3750 3429 3811 tempore
3472 3742 3648 3797 fuisset
3669 3742 3748 3796 alio

2205 3829 2413 3900 quando
2441 3829 2608 3884 fames
2634 3830 2685 3884 in
2708 3829 3000 3898 Thebaide,
3056 3832 3143 3901 qui
3174 3843 3349 3886 autem
3372 3848 3441 3886 ea
3477 3836 3584 3887 loca
3624 3849 3749 3886 acco-

2207 3922 2385 3975 lehant
2412 3923 2591 3992 populi
2615 3923 2889 3976 audissent
2930 3923 3071 3992 quod
3122 3924 3210 3993 qui
3257 3933 3415 3978 erant
3468 3924 3602 3992 apud
3649 3937 3749 3978 enat

2205 4014 2449 4069 monachi
2474 4024 2665 4084 praeter
2693 4030 2839 4084 spem
2869 4031 3080 4070 omnem
3122 4025 3175 4071 et
3201 4017 3517 4085 Opinionem
3546 4018 3749 4086 quotidie

2206 4102 2501 4169 alerentur,
2528 4119 2633 4159 uno
2653 4106 2831 4159 animo
2880 4105 3018 4174 apud
3049 4107 3218 4173 ipsum
3270 4116 3613 4159 accesserant
3653 4120 3749 4160 cum

2207 4195 2460 4248 uxoribus
2491 4202 2545 4249 et
2566 4194 2773 4256 liberis,
2801 4195 2957 4248 simul
2985 4196 3407 4250 benedictionem
3466 4206 3690 4264 petentes
3710 4205 3750 4250 et

2212 4284 2540 4336 alimentum.
2569 4282 2618 4338 ls
2646 4295 2824 4339 autem
2851 4285 2987 4339 nihil
3037 4287 3254 4353 veritus,
3288 4302 3354 4341 ne
3404 4290 3562 4342 cibus
3589 4290 3633 4344 ei
3672 4290 3752 4341 ali-

2207 4372 2420 4441 quando
2444 4373 2674 4438 deesset,
2706 4375 2865 4428 dabat
2903 4377 3151 4430 omnibus
3181 4379 3546 4445 venientibus,
3579 4380 3751 4432 unicui~

2207 4477 2310 4531 que
2338 4464 2475 4529 quod
2520 4462 2571 4517 in
2626 4463 2763 4516 diem
2814 4465 3099 4518 sufficeret.
3137 4465 3353 4520 Relictis
3384 4476 3571 4521 autem
3614 4468 3755 4519 tribus

527 4550 859 4604 Christianos
904 4550 1130 4604 rusticos
1171 4565 1270 4619 pro
1324 4550 1435 4603 suis
1488 4549 1714 4603 ﬁnibus:
1755 4560 1871 4604 crat
1921 4558 2096 4603 autem
2128 4538 2178 4597 Β
2215 4554 2343 4605 solis
2369 4554 2574 4622 magnis
2603 4555 2796 4620 sportis
2826 4567 2946 4607 cum
2992 4556 3239 4623 panibus,
3285 4566 3335 4610 et
3376 4556 3526 4613 fame
3582 4559 3757 4611 invale-

530 4640 814 4697 multitudo
872 4650 1217 4709 utrorumque
1267 4651 1633 4704 armatorum,
1700 4641 1889 4709 quibus
1938 4640 2103 4694 astitit

530 4731 720 4799 Apollo
754 4746 935 4799 pacem
960 4731 1103 4785 inter
1132 4745 1227 4785 eos
1267 4729 1582 4785 concilians.
1616 4730 1676 4783 Ei
1708 4738 1882 4783 autem
1912 4730 2104 4783 restitit

527 4824 802 4891 gentilium
833 4824 887 4878 in
919 4839 1093 4893 pugna
1123 4823 1534 4892 antesignanus,
1586 4824 1674 4892 qui
1705 4832 1819 4877 erat
1865 4825 1945 4874 vir
1983 4836 2104 4891 gra-

532 4920 612 4974 vis
638 4925 694 4972 et
720 4932 921 4982 szevus;
952 4917 1248 4971 afﬁrmabat
1268 4925 1443 4972 autem
1472 4927 1524 4971 et
1545 4916 1826 4970 dicebatse
1851 4930 1954 4967 non
1983 4927 2106 4967 esse

532 5009 779 5062 daturum
813 5023 993 5076 pacem
1025 5022 1189 5076 usque
1215 5008 1279 5060 ad
1312 5017 1561 5061 mortem.
1595 5007 1642 5060 ls
1669 5005 1915 5061 autemei
1938 5004 2101 5059 dicit:

530 5105 703 5173 Atque
728 5103 864 5158 adeo
894 5103 984 5158 tibi
1010 5102 1101 5157 ﬁat
1125 5102 1265 5172 quod
1293 5102 1519 5172 elegisti,
1545 5101 1717 5155 nullus
1740 5100 1881 5155 enim
1914 5109 2106 5168 praster

534 5206 583 5247 te
610 5195 900 5249 occidetur.
935 5193 1054 5248 Tibi
1083 5202 1263 5249 autem
1289 5202 1499 5248 mortuo
1529 5208 1633 5247 non
1678 5192 1781 5247 erit
1822 5203 1963 5245 terra
2015 5205 2104 5245 se-

530 5287 810 5354 pulcrum,
899 5285 995 5340 sed
1067 5294 1288 5342 ventres
1377 5284 1607 5339 ferarum
1643 5294 1698 5338 et
1741 5286 2008 5338 vuiturum
2053 5290 2104 5336 te

531 5376 911 5445 implebantur.
969 5376 1143 5444 Atque
1192 5376 1325 5429 adeo
1354 5376 1523 5430 oratio
1571 5374 1815 5430 elfectum
1867 5375 2105 5443 protinus

533 5477 617 5521 est
644 5472 853 5535 sortita,
899 5480 1017 5520 cum
1051 5480 1115 5520 ex
1170 5476 1392 5533 utraque
1424 5476 1572 5533 parte
1623 5464 1798 5517 nullus
1846 5465 1915 5517 sit
1945 5464 2107 5517 inter-

535 5560 698 5614 fectus
746 5570 938 5628 przeter
989 5558 1415 5627 antesignanum.
1474 5556 1639 5623 Quem
1689 5553 1849 5608 etiam
1898 5568 2016 5607 cum
2051 5554 2101 5607 in

531 5664 692 5703 arena
721 5648 1094 5714 tumulasscnt,
1122 5663 1276 5702 mane
1298 5647 1615 5701 invenerunt
1635 5644 1879 5699 membra
1907 5643 2103 5697 laniata

533 5742 600 5797 ab
652 5740 859 5810 hymnis
886 5750 941 5796 et
979 5740 1300 5798 vulturibus.
1334 5738 1416 5798 llli
1465 5748 1640 5796 autem
1682 5752 1802 5795 cum
1845 5738 2103 5797 vidissent

2203 4654 2414 4708 scente,
2442 4642 2593 4711 jubet
2631 4652 2837 4710 sportas
2870 4644 3045 4697 afferri
3098 4646 3147 4699 in
3182 4646 3443 4713 medium,
3495 4664 3622 4717 quas
3664 4649 3756 4715 ipso

2206 4731 2292 4784 die
2322 4739 2471 4784 erant
2525 4732 2665 4785 esuri
2717 4733 2994 4797 monachi;
3046 4744 3099 4785 et
3146 4735 3491 4790 audientibus
3540 4739 3756 4791 omnibus

2209 4821 2460 4875 fratribus
2489 4832 2543 4876 et
2574 4823 2748 4890 populi
2794 4825 3156 4891 multitudine,
3203 4826 3337 4879 dixit
3366 4844 3560 4899 magna
3606 4844 3751 4881 voce:

2208 4912 2322 4967 Non
2357 4925 2543 4982 potens
2585 4923 2667 4968 est
2698 4930 2885 4967 manus
2930 4915 3133 4970 Domini
3181 4919 3297 4971 hinc
3345 4920 3614 4988 implere?
3655 4922 3756 4975 llmc

2210 5015 2385 5060 autem
2431 5006 2560 5061 dicit
2592 5006 2819 5073 Spiritus
2846 5015 3101 5060 sanctus:
3133 5008 3246 5061 Non
3274 5010 3495 5064 deficiet
3526 5014 3667 5078 panis
3703 5027 3754 5063 ex

2212 5098 2294 5152 liis
2326 5101 2545 5167 Sportis,
2579 5100 2749 5153 donec
2785 5114 2921 5152 novo
2968 5099 3230 5155 frumento
3276 5102 3535 5158 fuerimus
3583 5103 3754 5157 satiati.

2211 5190 2279 5244 Et
2323 5191 2655 5243 aflirmarunt
2683 5205 2869 5244 omnes
2912 5191 3001 5259 qui
3048 5202 3173 5245 tunc
3219 5193 3443 5247 aderant
3488 5194 3569 5248 eis
3620 5208 3755 5262 panes

2209 5281 2484 5335 suffecisse
2539 5289 2765 5348 quatuor
2817 5295 3045 5335 menses.
3087 5281 3343 5336 Similiter
3390 5296 3571 5339 autem
3625 5295 3673 5338 et
3715 5284 3756 5336 in

2206 5373 2325 5428 oleo
2354 5380 2409 5427 et
2438 5372 2739 5437 frumento;
2776 5372 2908 5426 adeo
2937 5381 2992 5426 ut
3023 5373 3226 5426 veniret
3260 5386 3497 5441 satanas,
3530 5386 3583 5428 ct
3623 5378 3665 5428 ei
3693 5374 3756 5427 di-

2208 5473 2392 5518 ceret:
2425 5464 2560 5518 Nunt
2596 5473 2650 5517 tu
2677 5478 2734 5517 es
2755 5462 2918 5523 Elias.
2967 5472 3057 5516 aut
3105 5463 3240 5518 alius
3286 5480 3349 5517 ex
3400 5465 3674 5533 prophetis
3716 5472 3759 5518 et

2207 5553 2486 5621 apostolis,
2520 5554 2660 5621 quod
2685 5551 2799 5606 hzec
2849 5551 3056 5606 facias?
3107 5552 3153 5606 Is
3208 5563 3385 5607 autem
3438 5554 3578 5607 dixit
3632 5555 3755 5621 ipsi:

2206 5644 2343 5710 Quid
2373 5645 2555 5700 enim?
2582 5659 2686 5698 non
2720 5645 2961 5699 homines
2990 5645 3159 5699 sancti
3202 5645 3410 5700 fuerunt
3455 5648 3676 5717 apostoli
3714 5654 3757 5701 et

2208 5736 2501 5807 prophetae,
2533 5736 2623 5806 qui
2653 5734 2769 5792 hzec
2791 5734 2941 5793 nobis
2970 5736 3346 5793 tradiderunt?
3374 5740 3460 5793 An
3512 5748 3637 5793 tunc
3655 5737 3747 5803 qui
