4112 6556
372 393 513 460 1145

1596 389 1963 452 HISTORIA
2004 388 2395 451 LAUSIACA.

3485 387 3624 455 1146

440 509 577 565 Μετ’
604 508 667 563 οὐ
694 506 829 563 πολὺ
868 507 925 562 δέ
956 505 1052 561 τοῦ
1090 506 1309 578 χρόνου,
1343 504 1437 558 δύο
1478 502 1662 575 κῶμαι
1692 504 1829 574 πρὸς
1858 502 1953 555 ἀλα
1981 504 2029 562 Α
2058 502 2194 573 πρὸς
2229 503 2393 558 αὐτὸν
2423 504 2851 575 ἐμαθητεύοντο,
2883 507 3077 563 νεωστὶ
3103 508 3201 579 τῆς
3245 507 3452 581 ἐρήμου
3491 511 3620 581 ἐλη-

369 599 542 671 λήὶας
569 596 934 669 ἐμϐάλλουσιν
978 595 1058 657 είς
1097 592 1334 661 πόλεμον
1366 589 1508 661 ὑπὲρ
1542 588 1792 661 ἀρουρῶν
1833 588 1950 642 δια-

370 687 708 759 μαχόμεναι.
748 684 836 747 Ὠς
864 683 921 737 δὲ
952 681 1243 752 ἀπηγγέλη
1272 678 1352 750 τῷ
1375 679 1546 748 ἀνδρὶ,
1568 679 1733 744 εὐθὺς
1756 677 1950 748 κατῄει

368 777 511 848 πρὸς
539 773 760 837 αὐτοὺς,
789 772 1126 827 διαλλάσσων
1149 769 1346 831 αὐτοὺς
1375 766 1510 836 πρὸς
1535 767 1777 839 εἰρήνην.
1805 768 1867 820 Οἱ
1893 765 1951 819 δὲ

367 865 429 931 ἐξ
459 862 713 925 ἐναντίας
740 861 841 914 οὐκ
874 860 1152 913 ἐπείθοντο
1176 898 1191 922 ,
1224 858 1339 911 ἀλλ’
1380 855 1518 930 ἦσαν
1547 858 1695 929 αὐτῷ
1738 855 1949 910 ἀντιλέ-

368 967 585 1020 γοντες,
606 949 691 1020 ἐφ’
720 948 797 1002 ἐνί
833 966 940 1001 τινι
980 948 1281 1019 ἀρχιλῃστῇ
1325 946 1679 1011 πεποιθότες,
1718 944 1793 1007 Lb;
1825 959 1952 1012 γεν-

368 1039 641 1109 ναιοτάτῳ
667 1037 803 1108 πρὸς
834 1038 1091 1107 πόλεμον.
1139 1036 1280 1090 Ἰδὼν
1320 1036 1377 1090 δὲ
1419 1035 1579 1089 αὑτὸν
1606 1035 1635 1086 6
1677 1031 1954 1095 Ἀπολλὼς

367 1127 745 1193 ἀντιλέγοντα,
774 1121 897 1179 εἷπε
928 1125 1064 1196 πρὸς
1094 1124 1276 1177 αὐτόν·
1304 1125 1367 1177 Εἰ
1396 1123 1625 1193 πεισθῇς
1650 1138 1760 1191 μοι,
1790 1114 1835 1172 ὦ
1862 1119 1952 1188 φί-

367 1215 463 1277 λος
486 1256 501 1279 ,
542 1213 805 1284 ἐρωτήσω
836 1229 937 1279 μου
978 1213 1069 1267 τὸν
1117 1211 1398 1281 Δεσπότην
1423 1209 1691 1279 ἀφεθῆναί
1736 1225 1818 1261 σοι
1855 1207 1955 1270 τὰς

367 1303 674 1373 ἁμαρτίας.
722 1302 780 1354 Ὀ
823 1300 881 1354 δέ
922 1300 999 1365 ὡς
1035 1302 1297 1371 ἤκουσεν,
1328 1301 1429 1353 οὐκ
1458 1299 1756 1369 ἐμέλλησεν
1782 1313 1795 1329 ·
1818 1294 1956 1350 ἀλλὰ

370 1388 540 1459 ῥίψας
562 1388 630 1441 τά
650 1386 811 1451 ὅπλα,
827 1389 938 1452 τοῖς
955 1386 1172 1454 γόνασιν
1199 1386 1363 1442 αὑτοῦ
1389 1385 1833 1458 προσικέτευσεν,
1860 1382 1955 1437 καὶ

372 1476 606 1546 μεσίτης
641 1474 864 1545 εἰρήνης
909 1473 1200 1544 γενόμενος
1232 1475 1357 1537 τοὺς
1398 1473 1565 1536 ἰδίους
1606 1474 1687 1535 εἰς
1728 1471 1798 1525 τά
1846 1471 1953 1525 ἴδια

365 1561 708 1633 ἀπέστρεψε.
740 1562 958 1616 Τούτων
992 1562 1424 1633 εἰρηνευσάντων
1457 1561 1554 1615 καὶ
1586 1559 1948 1625 ἀπελθόντων,

366 1652 493 1707 τότε
522 1651 551 1703 6
581 1649 867 1723 διαϐόητος
914 1649 1094 1704 αὐτῶν
1127 1649 1407 1721 πρόμαχος
1441 1650 1627 1702 εἵπετο
1659 1647 1845 1701 λοιπὸν
1876 1646 1955 1718 τῷ

366 1739 548 1810 ἀνδρὶ,
573 1739 672 1808 τὴν
710 1738 1004 1808 ὑπόσχεσιν
1028 1738 1282 1807 φανερῶς
1330 1735 1603 1791 ἀπαιτῶν.
1635 1736 1733 1789 Ὃν
1782 1751 1956 1806 προσ-

366 1828 671 1899 λασόμενος
689 1829 717 1881 6
750 1827 1019 1898 μακάριος
1046 1825 1320 1890 Ἀπολλώς
1350 1827 1409 1880 ἐν
1426 1827 1492 1896 τῇ
1517 1825 1744 1896 πλησίον
1761 1826 1955 1895 ἐρήμῳ

330 1916 646 1991 γένουθέτει
683 1915 779 1969 καὶ⁵
806 1914 1105 1987 παρεκάλει
1142 1914 1538 1985 μακροθυμεῖν,
1581 1911 1808 1967 δυνατὸν
1845 1911 1955 1982 γὰρ

368 2000 513 2058 εἶναι
539 2000 698 2058 τοῦτο
726 2002 901 2070 λέγων
933 2003 1024 2057 τὸν
1057 2001 1190 2056 Θεὸν
1223 2003 1548 2073 παρασχεῖν.
1586 2001 1676 2064 Ὠς
1707 2001 1763 2055 δέ
1798 2002 1831 2071 ἡ
1858 2000 1954 2066 νὺξ

369 2092 578 2161 ἐπέστη
613 2091 708 2144 καὶ
737 2090 801 2162 δὴ
832 2090 999 2161 ἄμφω
1030 2089 1149 2143 κατ’
1191 2090 1324 2161 δναρ
1352 2085 1515 2161 ἦσαν,
1548 2089 1608 2145 ἐν
1633 2088 1846 2159 ούρανῷ
1877 2087 1955 2159 τῷ

371 2179 583 2251 βήματι
609 2178 704 2233 τοῦ
738 2177 976 2247 Χριστοῦ
1011 2178 1383 2249 παρεστῶτες,
1415 2177 1686 2249 ἐθεώρουν
1715 2176 1955 2248 ἀμφότε-

371 2286 458 2340 ροι
487 2268 614 2330 τοὺς
640 2266 904 2335 ἀγγέλους
942 2268 1038 2320 σὺν
1059 2268 1169 2330 τοῖς
1199 2266 1429 2331 δικαίοις
1457 2265 1536 2337 τῷ
1564 2266 1684 2337 Θεῷ
1717 2281 1956 2336 προσκυ-

368 2356 619 2419 νοῦντας.
667 2355 755 2419 Ὠς
793 2355 850 2407 δὲ
891 2356 985 2408 καὶ
1022 2347 1167 2408 οῦτοι
1207 2355 1466 2419 πεσόντες
1510 2353 1647 2426 ὁμοῦ
1681 2353 1954 2424 προσεκύ-

367 2463 542 2513 νησαν
583 2444 662 2516 τῷ
702 2445 947 2513 Σωτῆρι,
983 2444 1133 2515 φωνὴ
1184 2445 1319 2515 πρὸς
1369 2444 1565 2506 αὐτοὺς
1597 2443 1826 2512 γέγονε,
1859 2442 1953 2497 τοῦ

368 2533 507 2587 Θεοῦ
532 2532 803 2601 λέγοντος
838 2532 934 2595 Τίς
963 2532 1218 2585 κοινωνία
1254 2535 1397 2602 φωτὶ
1430 2531 1568 2601 πρὸς
1603 2530 1825 2597 σκότος;
1872 2530 1957 2594 τίς

372 2624 535 2694 μερὶς
565 2620 739 2691 πιστῷ
772 2620 910 2690 μετά
951 2620 1217 2687 ἀπίστους
1253 2620 1304 2673 τί
1349 2620 1406 2673 δὲ
1450 2620 1545 2673 καὶ
1576 2620 1603 2671 ὁ
1631 2619 1957 2690 ἀνδροφόνος

371 2710 473 2764 σὺν
496 2707 578 2779 τῷ
602 2706 794 2779 δικαίῳ
821 2707 1193 2778 παρέστηκεν,
1225 2706 1444 2774 ἀνάξιος
1469 2708 1545 2760 ὣν
1572 2707 1671 2777 τῆς
1700 2705 1958 2777 τοιαύτης

370 2797 646 2868 θεωρίας;
689 2796 853 2850 Ἀλλά
877 2797 1076 2852 ἄπελθε
1114 2799 1200 2863 σὺ,
1233 2791 1278 2851 ὧ
1318 2796 1596 2868 ἄνθρωπε,
1637 2795 1957 2867 κεχάρισταί

370 2903 455 2939 σοι
496 2885 608 2956 γὰρ
648 2886 676 2938 6
721 2884 969 2954 ὀψίγονος
1010 2877 1165 2948 οὗτος
1196 2883 1469 2955 πρόσφυξ.
1512 2883 1682 2938 Ἀλλα
1718 2901 1779 2938 τε
1803 2882 1957 2953 πάμ-

370 2973 546 3026 πολλα
578 2971 830 3043 θαύματα
864 2971 1063 3032 ἰδόντες
1107 2990 1168 3024 τε
1214 2972 1307 3025 καὶ
1340 2971 1697 3038 ἀκούσαντες,
1753 2970 1789 3025 ἆ
1830 2970 1955 3025 οὔτε

369 3060 532 3128 λόγος
573 3058 748 3129 τολμᾷ
788 3060 1028 3129 φράσαι,
1075 3057 1198 3112 οὕτε
1251 3054 1343 3123 οῦς
1405 3059 1667 3121 ἀκοῦσαι,
1739 3058 1957 3124 ἔξυπνοι

2051 590 2294 655 λυθότος.
2335 592 2570 662 Ἐπῆλθε
2614 594 2672 646 δὲ
2709 595 2743 664 ἡ
2793 596 2954 666 ἑορτὴ
2988 595 3083 649 τοῦ
3120 594 3342 666 Πάσχα,
3390 598 3485 651 καὶ
3521 598 3625 675 τὴν

2050 681 2303 753 λατρείαν
2331 681 2409 754 τῷ
2439 682 2558 753 Θεῷ
2591 684 2649 736 ἐν
2682 683 2760 755 τῷ
2797 684 3048 755 σπηλαίῳ
3087 682 3582 755 ἀποπληρώσαντες
3604 725 3622 751 ,

2051 768 2274 841 ἔμελλον
2312 770 2381 823 τὰ
2423 771 2790 841 εὑρισκόμενα
2841 770 3171 827 διαιτᾶσθαι.
3220 767 3400 825 Ἦσαν
3430 771 3489 824 δέ
3530 773 3627 825 καὶ

2052 860 2209 929 ἄρτοι
2246 858 2418 927 ὀλίγοι
2456 859 2643 929 ξηροὶ,
2680 860 2775 911 καὶ
2811 859 3040 912 συνθετά
3080 876 3201 912 τινα
3240 858 3466 929 λάχανα.
3515 859 3627 912 Καὶ

2051 948 2115 1015 δὴ
2155 948 2291 1017 πρὸς
2320 948 2515 1010 αὐτοὺς
2544 951 2572 1001 ὁ
2616 947 2889 1011 Ἀπολλὼς
2921 947 3023 1019 ἔφη
3045 963 3058 977 ·
3096 948 3158 1000 Εἰ
3210 948 3391 1000 πιστοί
3422 948 3589 1017 ἐσμεν
3609 988 3627 1013 ,

2052 1033 2097 1093 ὦ
2127 1040 2314 1103 τέκνα,
2352 1039 2444 1091 καὶ
2474 1040 2685 1107 γνήσιοι
2719 1038 2812 1092 τοῦ
2834 1037 3069 1109 Χριστοῦ
3091 1038 3299 1103 παῖδες,
3328 1039 3627 1107 αἰτήσασθε

2053 1128 2283 1187 ἕκαστος
2321 1127 2475 1197 ὑμῶν
2528 1129 2681 1199 παρὰ
2724 1127 2860 1181 Θεοῦ
2890 1128 2918 1180 ὃ
2950 1128 3289 1197 καταθύμιον
3328 1127 3442 1196 ἔχει
3491 1127 3629 1197 πρὸς

2052 1216 2151 1286 τὴν
2185 1216 2506 1287 μετάληψιν.
2544 1216 2608 1269 Οἱ
2647 1216 2702 1269 δέ
2735 1215 2883 1283 αὐτῷ
2920 1213 2981 1268 16
3022 1216 3131 1267 πᾶν
3171 1212 3499 1281 ἐπέτρεψαν,
3536 1211 3631 1264 ἀν-

2054 1303 2237 1368 αξίους
2260 1303 2484 1367 ἑαυτοὺς
2508 1304 2799 1373 ἡγούμενοι
2817 1301 3018 1372 ταύτης
3042 1304 3139 1371 τῆς
3156 1299 3397 1371 χάριτος.
3416 1296 3630 1369 Φαιδρῷ

2053 1392 2112 1445 δὲ
2155 1391 2235 1461 τῷ
2281 1390 2560 1462 προσώπῳ
2593 1388 3038 1460 προσευξαμένου
3073 1388 3239 1440 αὑτοῦ
3286 1387 3381 1441 καὶ
3409 1385 3631 1440 πάντων

2054 1480 2115 1534 τὸ
2159 1481 2307 1551 ἀμὴν
2336 1480 2665 1550 εἰρηκότων,
2711 1479 2874 1542 εὐθὺς
2905 1479 3213 1549 ἐπέστησαν
3255 1475 3333 1545 τῷ
3381 1476 3631 1547 σπηλαίῳ

2054 1568 2197 1631 τινὲς
2223 1569 2414 1639 ἄνδρες
2447 1568 2747 1636 ἄγνωστοι,
2778 1566 3058 1628 παντελῶς
3086 1565 3182 1619 καὶ
3225 1564 3506 1636 πόρρωθεν
3537 1564 3633 1617 καὶ

2055 1656 2254 1719 αὑτοὺς
2302 1657 2460 1727 ἥκειν
2494 1656 2823 1723 φάσκοντες,
2868 1654 3045 1708 πάντα
3093 1654 3352 1724 φέροντες
3381 1654 3482 1705 ὅσα
3512 1651 3633 1705 οὑδὲ

2056 1745 2138 1808 εἰς
2184 1746 2353 1815 ἀκοὴν
2384 1744 2563 1799 αὐτῶν
2593 1743 2882 1815 ἐληλύθει,
2918 1744 3014 1797 καὶ
3053 1744 3155 1797 ὅσα
3197 1743 3254 1795 ἐν
3279 1740 3544 1811 Αἰγύπτῳ
3571 1739 3632 1792 οὑ

1986 1855 2028 1914 Β
2056 1833 2328 1899 γίνονται,
2378 1832 2627 1904 καρποὺς
2677 1830 3055 1894 παντοδαποὺς
3106 1827 3468 1901 παραδείσου,
3506 1843 3635 1880 στα-

2057 1919 2251 1989 φυλάς,
2283 1920 2377 1975 καὶ
2408 1919 2558 1991 ῥοάς,
2593 1919 2687 1973 καὶ
2716 1919 2891 1983 σῦκα,
2922 1920 3017 1970 καὶ
3048 1917 3226 1987 κάρυα
3260 1915 3412 1985 παρὰ
3444 1913 3636 1983 καιρὸν

2054 2012 2272 2066 ἅπαντα
2309 2008 2621 2080 εὑρημένα,
2673 2008 2770 2061 καὶ
2818 2005 2979 2077 μέλι,
3011 2005 3106 2058 καὶ
3147 2003 3320 2074 κηρία
3343 2002 3499 2066 τινὰ,
3539 2000 3636 2055 καὶ

2054 2099 2323 2170 γάλακτος
2353 2095 2551 2167 νεαροῦ
2585 2094 2826 2164 στάμνον
2847 2135 2863 2158 ,
2900 2093 2997 2147 καὶ
3024 2091 3308 2154 νικολάους
3343 2089 3635 2160 παμμεγέιο

2056 2190 2171 2251 θεις
2214 2188 2410 2258 ἄρτους
2452 2187 2584 2239 δέκα
2627 2186 2904 2254 καθαροὺς
2939 2183 3034 2236 καὶ
3085 2180 3322 2252 θερμοὺς
3370 2179 3527 2249 ξένης
3575 2194 3635 2231 τε

2055 2278 2239 2348 χώρας
2269 2277 2451 2337 αὐτοῖς
2488 2273 2882 2345 κομιζομένης.
2933 2272 2996 2324 Ol
3039 2270 3097 2323 δὲ
3139 2269 3467 2339 κομίσαντες
3499 2266 3638 2320 αὑτά
3732 2320 3735 2323 η

2055 2366 2246 2435 ἄνδρες
2276 2363 2553 2425 ἐπιδόντες
2589 2362 2747 2431 μόνον
2791 2361 2867 2421 ὡς
2909 2359 3061 2428 παρά
3088 2375 3236 2422 τινος
3273 2356 3513 2427 μεγάλου
3543 2355 3641 2409 ἀν-

2055 2453 2180 2524 δρὸς
2207 2455 2301 2506 καὶ
2340 2450 2598 2505 πλουσίου
2636 2448 3010 2502 ἀποσταλέντα
3040 2446 3201 2509 εὐθὺς
3237 2445 3374 2516 μετά
3406 2442 3640 2511 σπουδῆς

2056 2539 2430 2611 ἀνεχώρησαν.
2482 2533 2895 2596 Μεταλαὸόντες
2933 2533 2989 2585 δέ
3035 2532 3145 2585 τῶν
3188 2530 3465 2600 ἐδωδίμων
3511 2529 3640 2597 ἄχρι

2058 2626 2431 2698 πεντηκοστῆς
2461 2624 2520 2689 ἐξ
2543 2620 2724 2676 αὐτῶν
2750 2619 3192 2690 ἐπηρκέσθησαν,
3231 2617 3371 2670 ὥστε
3429 2613 3639 2686 00101.36-

2058 2715 2172 2781 ζειν
2199 2715 2397 2777 αὐτοὺς
2424 2713 2517 2767 καὶ
2541 2711 2742 2779 λέγειν,
2758 2711 2841 2764 ὅτι
2883 2706 3122 2775 ’Δληθῶς
3136 2705 3308 2759 ταῦτα
3329 2702 3481 2775 παρὰ
3502 2699 3638 2755 Θεοῦ

2058 2805 2464 2876 ἀπεστάλησαν.

2130 2890 2223 2957 Εἷς
2258 2896 2315 2949 δέ
2363 2912 2445 2959 τις
2481 2894 2591 2948 τῶν
2646 2892 2896 2963 μοναχῶν
2946 2888 3098 2959 ἠξίου
3154 2884 3497 2957 παραχρῆμα
3543 2881 3640 2936 τὸν

2059 2983 2277 3053 Πατέρα
2317 2981 2577 3052 δεηθῆναι
2616 2980 2760 3050 ὑπὲρ
2790 2976 2953 3031 αὑτοῦ
2974 3018 2988 3042 ,
3018 2974 3237 3047 χάριτός
3282 2989 3425 3035 τινος
3459 2969 3641 3036 ἀξιοῦ-

2061 3072 2206 3127 σθαι.
2252 3070 2702 3140 Προσευξαμένου
2732 3069 2788 3120 δὲ
2840 3066 3027 3131 αὑτοῦ,
3075 3066 3109 3136 ἡ
3140 3064 3239 3134 τῆς
3271 3077 3638 3130 ταπεινοφρο-

369 3151 620 3217 γίνονται
665 3149 761 3201 καὶ
818 3151 930 3211 τοῖς
983 3148 1205 3201 συνοῦσι
1260 3148 1594 3218 ἀπήγγελον.
1648 3148 1844 3218 Θαῦμα
1899 3147 1954 3201 δὲ
1981 3190 2027 3254 C
2064 3160 2225 3231 σύνης
2254 3160 2402 3229 αὐτῷ
2446 3159 2642 3211 δίδοταιι
2679 3157 2871 3228 χάρις⁹
2907 3155 3001 3207 καὶ
3044 3153 3142 3222 τῆς
3186 3150 3521 3222 πραότητος.
3562 3147 3639 3210 ὡς

431 3238 443 3251 ο
576 3232 721 3254 ν,τ,
800 3234 854 3254 QP
901 3235 1030 3254 (7-,
1108 3235 1218 3254 εκ,
1388 3237 1399 3254 9
1511 3235 1616 3254 κίοι
1744 3236 1921 3254 θγννκ.
2069 3250 2082 3254 -
2229 3249 2280 3254 --Α
2459 3249 2469 3254 -
2653 3248 2665 3254 -
2724 3247 2735 3254 ι
2879 3245 2891 3254 ι
2971 3243 2996 3254 ο
3053 3243 3065 3254 ι
3192 3240 3303 3254 αις
3521 3238 3532 3254 1

371 3238 584 3299 πάντας
615 3232 759 3305 εἶχεν
796 3234 1032 3300 ἐξαίσιον
1074 3235 1132 3289 16
1163 3236 1344 3306 ὅραμα
1377 3235 1705 3306 ἀμφοτέρων
1739 3236 1958 3306 διηγου-

375 3326 575 3395 μένων.
615 3324 840 3394 Διέμενε
886 3323 1018 3392 γοῦν
1054 3324 1154 3377 σὺν
1194 3327 1307 3387 τοῖς
1342 3325 1612 3396 ἀσκηταῖς
1658 3326 1686 3377 6
1733 3324 1832 3377 οὐκ
1877 3322 1957 3376 ἐτι

370 3410 734 3482 ἀνδροφόνοςς
775 3411 903 3481 ἄχρι
942 3410 1043 3480 τῆς
1077 3411 1337 3479 τελευτῆς
1382 3411 1474 3465 τὸν
1510 3411 1707 3465 ἐαυτοῦ
1756 3411 1957 3482 τρόπον

368 3500 826 3572 διορθωσάμενος,
855 3495 966 3554 οἷον
995 3501 1181 3572 ἀρνίον
1208 3520 1259 3555 τι
1288 3501 1495 3556 ἄκακον
1522 3504 1585 3556 ἐκ
1606 3502 1769 3556 λύκου
1795 3518 1959 3572 μετα-

370 3588 618 3661 ϐληθείς.
662 3587 997 3659 Ἑπληροῦτο
1039 3589 1097 3641 δέ
1139 3591 1233 3643 καὶ
1262 3589 1353 3642 ἐπ’
1381 3590 1534 3661 αύτῷ
1575 3592 1609 3659 ἡ
1643 3587 1957 3661 προφητεία

384 3678 613 3731 Ἡσαΐου
646 3676 934 3744 λέγοντοςο
981 3676 1151 3730 Λύκοι
1192 3677 1289 3730 καὶ
1331 3678 1495 3747 ἄρνες
1523 3677 1640 3748 ἄμα
1681 3676 1955 3748 βοσκηθή-

373 3782 580 3828 σονται,
613 3764 709 3817 καὶ
737 3764 873 3817 λέων
898 3765 995 3818 καὶ
1021 3763 1148 3834 βοῦς
1177 3765 1209 3818 ἆ
1219 3781 1295 3836 μα
1318 3765 1583 3834 φάγονται
1611 3766 1815 3836 ἄχυρα.
1845 3759 1954 3817 Ἦν

371 3854 482 3923 γάρ
542 3853 671 3906 ἰδεῖν
727 3853 845 3905 ἐκεῖ
895 3851 990 3906 καὶ
1042 3851 1312 3914 Αἰθίοπας
1373 3851 1471 3904 σὺν
1522 3853 1636 3914 τοῖς
1700 3853 1956 3923 μοναχοῖς

370 3939 702 4004 ἀσκοῦντας,
734 3939 830 3992 καὶ
854 3939 1082 4003 πολλοὺς
1110 3938 1550 4009 ὑπερϐάλλοντας
1585 3941 1643 3994 ἐν
1669 3940 1791 4004 ταῖς
1824 3940 1957 4011 ἀρε-

371 4030 533 4092 ταῖςί
576 4028 672 4081 καὶ
721 4026 1163 4097 πεπληρωμένην
1211 4025 1299 4079 ἐπ’
1336 4026 1520 4090 αὐτοῐς
1560 4026 1663 4097 τὴν
1693 4027 1953 4097 Γραφὴν,

370 4117 657 4185 λέγουσαν·
717 4114 976 4169 Αἰθιοπία
1050 4114 1354 4184 προφθάσει
1432 4117 1590 4184 χεῖρα
1650 4114 1819 4185 αὐτῆς
1877 4112 1956 4184 τῷ

370 4206 514 4278 Θεῷ.

448 4312 676 4366 Ἀλλοτε
713 4311 771 4366 δέ
797 4305 939 4382 ἦσαν
972 4309 1234 4381 Ἕλληνες
1279 4310 1416 4382 πρὸς
1448 4310 1813 4381 Χριστιανοὺς
1842 4329 1953 4365 κω-

376 4404 559 4474 μήτας
599 4401 990 4471 διαμαχόμενοι
1022 4398 1164 4469 ὑπὲρ
1192 4398 1356 4469 ὁρίων
1397 4399 1596 4454 αὐτῶν.
1644 4398 1855 4469 Πλῆθος
1896 4400 1955 4453 δέ

371 4488 442 4562 ἦν
478 4488 756 4559 ἑκατέρων
788 4487 1048 4552 ἐνόπλων,
1088 4480 1168 4549 οἷς
1203 4486 1408 4556 ἐπέστη
1441 4488 1469 4540 6
1510 4485 1784 4551 Ἀπολλὼς
1806 4489 1957 4559 εἰρη-

372 4580 566 4633 νεύων.
585 4576 897 4630 ’Λνθίστατο
911 4575 967 4628 δέ
991 4573 1140 4645 αὑτῷ
1162 4574 1190 4625 ό
1212 4574 1320 4626 τῶν
1357 4573 1627 4643 Ἐλλήνων
1647 4575 1949 4646 πρόμαχος,

370 4666 547 4728 δεινός
573 4682 655 4727 τις
682 4664 774 4717 καὶ
800 4663 989 4734 ἄγριος
1014 4661 1111 4726 ὣν,
1137 4659 1617 4731 διασεσαιούμενος
1638 4662 1733 4714 καὶ
1757 4662 1951 4730 λέγων,

372 4754 468 4826 Μὴ
507 4751 665 4807 δώσω
700 4752 923 4822 εἰρήνην
966 4750 1095 4821 ἄχρι
1122 4748 1381 4802 θανάτου.
1446 4746 1505 4799 ’0
1545 4746 1602 4799 δέ
1640 4765 1773 4817 φησι
1817 4748 1954 4819 πρὸς

372 4843 560 4899 αὑτόν·
588 4841 697 4895 Καὶ
719 4840 781 4911 δὴ
808 4839 1048 4908 γενέσθω
1078 4838 1214 4907 ὅπερ
1242 4835 1389 4893 είλω.
1419 4835 1611 4899 Οὐδεὶς
1640 4837 1749 4906 γάρ
1771 4836 1956 4908 ἕτερος

374 4930 797 5003 ἀναιρεθήσεται
837 4927 977 4998 πλὴν
1011 4926 1099 4980 σύ.
1136 4926 1332 4978 Ἔσται
1363 4924 1421 4978 δὲ
1447 4925 1529 4977 σοὶ
1559 4923 1771 4979 θανόντι
1802 4926 1953 4998 ούχή

372 5021 447 5089 γῆ
476 5018 671 5086 τάφος,
699 5014 835 5069 ἀλλὰ
860 5012 1127 5084 γαστέρες
1150 5011 1356 5082 θηρίων
1378 5011 1476 5065 καὶ
1501 5011 1692 5081 γυπῶν
1715 5012 1956 5083 πλησθή-

377 5124 562 5162 σονται
595 5106 702 5159 ἀπὸ
736 5102 851 5157 σοῦ.
892 5102 1002 5156 Καὶ
1033 5100 1095 5170 δὴ
1127 5100 1155 5152 ὁ
1179 5100 1336 5168 λόγος
1366 5101 1529 5164 εὐθὺς
1558 5102 1638 5161 εἰς
1667 5100 1828 5171 ἔργον
1859 5101 1955 5170 γέ-

372 5214 571 5267 γονεν,
618 5192 833 5256 οὐδενος
886 5190 947 5256 ἐξ
1000 5188 1263 5259 ἐκατέρου
1324 5189 1528 5259 μέρους
1577 5189 1956 5260 ἀναιρεθέντος

374 5289 516 5357 πλὴν
556 5283 652 5337 τοῦ
682 5282 991 5356 προμάχου·
1028 5280 1088 5333 ὃν
1118 5268 1211 5331 καὶ
1241 5277 1518 5348 χώσαντες
1553 5280 1612 5332 ἐν
1645 5281 1710 5349 τῇ
1753 5278 1952 5349 ἄμμῳ,

375 5372 523 5444 πρωῒ
548 5364 708 5442 εὗρον
740 5371 817 5432 εἰς
854 5368 990 5437 μέλη
1034 5365 1456 5436 ἐσπαραγμένον
1492 5365 1597 5418 ὑπὸ
1636 5365 1830 5432 γυπῶν
1860 5367 1955 5420 καὶ

374 5461 596 5515 ὑαίνων.
627 5458 691 5512 Ol
724 5457 781 5510 δὲ
828 5454 904 5518 ὡς
928 5449 1043 5507 ἴδον
1084 5452 1146 5505 16
1189 5452 1373 5522 θαῦμα
1410 5452 1506 5505 καὶ
1544 5451 1643 5522 τὴν
1670 5453 1763 5506 τοῦ
1797 5452 1954 5522 λόγου

375 5549 625 5609 ἔκϐασιν,
658 5545 860 5607 πάντες
887 5541 963 5610 τῷ
988 5540 1203 5611 Σωτῆρι
1235 5537 1645 5605 πιστεύσαντες,
1673 5541 1957 5610 προφήτην

374 5637 540 5691 αὐτὸν
578 5635 744 5703 ἀνεκή
754 5648 963 5703 ρυττον.

444 5723 556 5776 Ἦν
586 5721 643 5774 δὲ
678 5720 759 5772 ἔτι
786 5718 892 5787 πρὸ
919 5716 1110 5770 τούτου
1142 5714 1200 5767 ὲν
1232 5713 1308 5784 τῷ
1341 5712 1589 5783 σπηλαίῳ
1618 5712 1710 5766 τοῦ
1745 5713 1902 5782 ὅρους
1928 5716 1955 5768 6

373 5812 533 5878 ἅγιος
579 5806 854 5870 Ἀπολλώς
884 5808 981 5859 σὺν
1014 5805 1174 5857 πέντε
1201 5804 1340 5855 τισὶν
1370 5801 1641 5867 ἀδελφοῖς,
1677 5802 1725 5855 οἳ
1749 5801 1952 5873 πρῶτοι

2062 3249 2365 3320 θαυμάζειν
2400 3249 2609 3312 πάντας
2645 3247 2785 3316 ὑπὲρ
2832 3243 2998 3298 αὑτοῦ
3045 3240 3350 3311 ὑπερϐολὴν
3393 3238 3636 3309 πραότη-

2057 3357 2149 3404 τος
2180 3320 2549 3409 κτησαμένου.
2600 3334 2925 3405 Ἐξηγοῦντο
2959 3332 3013 3384 δὲ
3048 3333 3181 3400 ἡμῖν
3214 3330 3261 3381 οἱ
3309 3327 3439 3398 περὶ
3475 3324 3638 3378 αὑτὸν

2060 3426 2310 3495 Πατέρες
2336 3426 2542 3487 ταύτας
2572 3423 2737 3476 αὑτοῦ
2777 3422 2875 3483 τὰς
2904 3419 3180 3489 δυνάμεις,
3213 3413 3638 3487 μαρτυρούντων

2059 3512 2209 3584 αὐτῷ
2238 3494 2413 3567 ταῦτα
2434 3514 2529 3566 καὶ
2559 3510 2769 3565 πολλῶν
2800 3507 3067 3576 ἀδελφῶν.

2129 3602 2239 3655 Καὶ
2268 3600 2375 3671 γὰρ
2408 3599 2569 3669 λιμοῦ
2607 3615 2739 3651 ποτε
2778 3596 2839 3649 ού
2887 3595 2992 3664 πρὸ
3029 3590 3225 3645 πολλοῦ
3267 3604 3412 3651 τινος
3443 3586 3636 3657 χρόνου

2060 3687 2202 3741 κατὰ
2232 3686 2329 3758 τὴν
2353 3685 2593 3758 Θηϐαΐδα
2624 3683 2940 3753 γενομένου,
2962 3678 3297 3739 ἀκούσαντες
3324 3676 3373 3729 οἰ
3415 3689 3639 3745 1190001-

2059 3776 2283 3838 κοῦντες
2316 3777 2411 3839 τὰς
2444 3774 2627 3837 πόλεις
2651 3772 2770 3825 λαοὶ
2798 3772 2880 3824 ὅτι
2911 3785 3020 3840 περ
3048 3769 3097 3821 οί
3130 3763 3444 3837 περὶαύτὸν
3477 3779 3639 3833 μονα-

2059 3868 2143 3936 χοὶ
2171 3864 2434 3925 πολλάκις
2469 3862 2527 3927 ἐξ
2556 3861 2850 3930 ἀμηχάνων
2878 3857 3186 3928 ἐτρέφοντο,
3218 3852 3474 3921 παρῆσαν
3505 3851 3633 3936 ὁμο-

2059 3935 2297 4023 θυμαδὸν
2328 3950 2464 4021 πρὸς
2502 3948 2664 4002 αὐτὸν
2707 3947 2804 3999 σὺν
2836 3943 3052 4013 γυναιξὶ
3082 3942 3178 3995 καὶ
3207 3938 3450 4002 τέκνοις,
3481 3935 3634 3989 εὐλοο

2057 4042 2181 4110 γίας
2210 4041 2326 4110 ἅμα
2359 4038 2454 4093 καὶ
2483 4038 2689 4107 τροφὴν
2717 4033 3016 4095 αἰτοῦντες.
3066 4030 3126 4082 Ὀ
3160 4028 3217 4081 δὲ
3248 4027 3414 4098 μηδὲν
3442 4023 3633 4088 δεδιὼς

2061 4131 2134 4202 μή
2175 4145 2308 4182 ποτε
2351 4126 2497 4197 λήψῃ
2542 4124 2653 4176 τῶν
2700 4119 3040 4193 βρωμάτων,
3083 4117 3255 4169 ἐδίδου
3306 4116 3472 4202 πᾶσιν
3520 4113 3635 4202 τοῖς

2056 4198 2372 4289 ἐρχομένοις
2416 4214 2633 4281 ἑκάστῳ
2670 4210 2731 4263 16
2772 4207 3043 4277 αὔταρκες
3086 4203 3337 4276 ἡμέριον.
3381 4198 3634 4289 Ὑπολειῖι

2058 4285 2299 4376 φ-θίέντων
2341 4302 2398 4356 δὲ
2439 4300 2607 4371 τριῶν
2653 4296 2927 4367 σπυρίδων
2984 4293 3235 4364 μεγάλων
3286 4289 3445 4361 μόνον
3495 4285 3634 4376 μετά

2054 4371 2165 4445 τῶν
2192 4389 2392 4458 ἄρτων,
2421 4385 2516 4439 καὶ
2532 4382 2623 4437 τοῦ
2648 4380 2809 4452 λιμοῦ
2828 4376 3277 4448 ἐπικρατοῦντος,
3297 4371 3632 4445 προστάσσει

2060 4479 2140 4541 εἰς
2176 4457 2339 4546 μέσον
2369 4471 2635 4543 φέρεσθαι
2659 4470 2758 4533 τάς
2782 4467 3068 4538 σπυρίδας,
3101 4464 3168 4527 ἃς
3190 4463 3241 4517 οί
3269 4464 3490 4533 μοναχοὶ
3511 4457 3634 4515 κατ’

2060 4564 2232 4637 αὐτὴν
2263 4563 2362 4634 τὴν
2391 4560 2605 4633 ἡμέραν
2636 4558 2838 4612 ἐσθίειν
2870 4554 3096 4627 ἔμελλον
3118 4592 3135 4620 ,
3163 4555 3259 4606 καὶ
3287 4553 3363 4637 είς
3395 4550 3632 4637 ὑπήκοον

2057 4635 2275 4709 πάντων
2303 4651 2411 4704 τῶν
2442 4649 2687 4715 ἀδελφῶν
2705 4689 2720 4714 ,
2749 4645 2845 4699 καὶ
2890 4643 2999 4698 τῶν
3028 4642 3223 4711 δχλων,
3258 4636 3379 4691 εἷπε
3420 4635 3633 4706 μεγάλῃ

2055 4744 2120 4814 τῇ
2176 4741 2352 4810 φωνῇ·
2394 4738 2485 4807 Μὴ
2519 4737 2617 4804 οὐχ
2656 4732 2831 4802 ἰσχύει
2875 4732 2908 4799 ή
2957 4732 3080 4799 χεὶρ
3110 4724 3316 4814 Κυρίου
3363 4720 3630 4814 πληθῦναι

2056 4807 2259 4895 ταῦτα;
2291 4807 2388 4881 καὶ
2427 4824 2553 4879 τάδε
2583 4821 2731 4889 λέγει
2762 4819 2824 4871 16
2852 4818 3075 4885 Πνεῦμα
3107 4814 3167 4866 16
3212 4813 3387 4879 ἆγιον⁶
3436 4809 3510 4863 Ού
3557 4807 3632 4878 μὴ

2057 4915 2299 4985 ἐκλείψει
2342 4914 2505 4983 ἄρτος
2557 4911 2620 4961 ἐκ
2650 4906 2760 4960 τῶν
2808 4904 3082 4974 σπυρίδων
3129 4898 3352 4961 τούτων,
3386 4897 3543 4967 ἄχρις
3566 4896 3631 4948 ἂν

2057 5007 2393 5081 κορεσθῶσιν
2426 5004 2663 5063 ἀπαντες
2688 4997 2783 5052 τοῦ
2812 4998 2933 5050 νέου
2962 4994 3131 5049 σίτου.
3168 4991 3279 5045 Καὶ
3313 4988 3632 5044 διαϐεϐαιώ-

2061 5076 2223 5151 σαντο
2254 5096 2453 5155 πάντες
2477 5092 2525 5143 οἰ
2553 5086 2990 5158 παραγενόμενοι
3016 5083 3135 5135 τότε
3160 5080 3498 5150 τετράμηνον
3529 5076 3632 5129 πά-

2061 5202 2145 5238 σιν
2182 5180 2482 5251 ἐπαρκέσαι
2536 5178 2664 5239 τοὺς
2718 5176 2937 5247 ἄρτους.
3012 5169 3243 5241 Ὁμοίως
3293 5168 3350 5221 δὲ
3399 5166 3493 5219 καὶ
3540 5163 3633 5217 ἐπὶ

2060 5272 2239 5326 ἐλαίου
2264 5272 2362 5323 καὶ
2401 5268 2548 5321 σίτου
2586 5266 2905 5335 πεποίηκεν·
2943 5262 3018 5325 ὼς
3046 5260 3305 5329 παρεῖναι
3330 5256 3421 5308 τὸν
3457 5255 3633 5306 Σατα-

2060 5362 2180 5425 νᾶν,
2210 5358 2303 5411 καὶ
2334 5358 2508 5409 εἰπεῖν
2539 5354 2715 5423 αύτῷ,
2745 5352 2838 5421 Μὴ
2877 5350 3061 5411 Ἠλίας
3081 5343 3130 5400 εἴ
3161 5347 3247 5409 σὺ,
3274 5343 3308 5413 ἢ
3334 5341 3518 5409 ἕτερός
3550 5359 3633 5403 τις

2058 5450 2164 5504 τῶν
2198 5446 2493 5519 προφητῶν
2521 5445 2615 5497 καὶ
2638 5441 2971 5503 ἀποστόλων,
3003 5438 3084 5490 ὅτι
3113 5435 3285 5487 ταῦτα
3299 5433 3537 5503 τολμᾷς;
3576 5431 3633 5483 '0

2060 5539 2116 5591 δὲ
2149 5516 2284 5608 1196;
2330 5516 2493 5587 αὑτὸν
2528 5532 2653 5601 ἔφη·
2703 5529 2767 5582 Τί
2792 5527 2938 5601 γάρ;
2971 5526 3070 5578 οὐκ
3104 5524 3380 5591 ἄνθρωποι
3409 5516 3551 5592 ἦσαν
3583 5520 3631 5571 οί

2061 5627 2208 5694 ἆγιοι
2237 5622 2515 5695 προφῆται
2558 5620 2652 5671 καὶ
2680 5615 2967 5671 ἀπόστολοι
2996 5613 3045 5667 οἰ
3078 5610 3245 5665 ταῦτα
3277 5612 3407 5680 ἡμῖν
3458 5610 3632 5661 ποιεῖν

2061 5712 2527 5784 παραδώσαντες;
2576 5708 2610 5778 ἢ
2654 5707 2775 5759 τότε
2819 5703 3000 5773 παρῆν
3054 5701 3152 5772 μὲν
3200 5700 3227 5751 6
3256 5698 3420 5762 Θεὸς,
3453 5695 3632 5751 νῦνδέ

2059 5802 2448 5873 ἀπεδήμησεν;
2479 5796 2701 5852 δύναται
2736 5796 2764 5849 6
2800 5791 2930 5856 Θεὸς
2963 5792 3050 5869 ἀεί
3103 5791 3275 5842 ποιεῖν
3306 5785 3502 5863 ταῦτα,
3535 5784 3629 5839 καὶ
