4112 6508
497 306 641 396 ιιιτ

1936 341 2291 407 PALLADII

3623 364 3769 433 1148

493 442 647 499 οὐδὲν
671 444 1197 520 ἀδυνατήσει.αὐτῷ.
1225 448 1290 504 Εἰ
1314 448 1410 505 οὖν
1439 452 1469 506 6
1497 451 1629 517 Θεὸς
1653 451 1876 523 ἀγαθὸς,
1904 455 1969 508 σὺ
1988 454 2075 509 διὰ
2100 451 2155 515 Α
2181 471 2353 525 ματος
2386 459 2778 537 ἐσιωπήσαμεν
2815 468 3075 527 ἑκάστοτε
3094 512 3109 540 ,
3156 473 3289 548 παρ’
3317 473 3484 532 αὐτου
3518 479 3617 533 καὶ
3650 482 3771 536 τῶν

495 535 551 586 τί
593 536 864 607 πονηρός;
905 537 960 590 τί
991 537 1134 609 γάρ;
1177 540 1250 593 Οὐ
1304 540 1387 594 δεῖ
1422 541 1641 611 λέγειν,
1683 542 1781 596 καὶ
1826 541 1863 597 ἀ
1911 545 2076 615 ἡμεῖς

495 619 862 693 ἑωράκαμεν,
893 625 976 677 ὅτι
1033 626 1241 694 μεστὰς
1283 629 1550 699 σπυρίδας
1583 630 1805 700 εἰσῆγον
1849 633 1929 695 εἰς
1973 631 2075 696 τὰς

490 711 778 793 ξτραπέζας
804 711 913 765 τῶν
945 712 1191 784 ἀδελφῶν
1232 716 1282 768 οἱ
1302 716 1429 781 τοὺς
1460 717 1661 788 ἄρτους
1703 718 2070 791 εἰσφέροντες,

490 798 592 913 ,καὶ
645 798 933 853 ἐσθιόντων
987 802 1362 856 πεντακοσίων
1412 804 1658 874 ἀδελφῶν
1702 805 1831 877 ἄχρι
1877 806 2072 879 καιροῦ

504 886 708 913 ..ηρ-λη
731 887 890 913 _.'.\...
911 888 1076 913 ...ἱ-λ.-
1102 889 1227 913 2._-\
1247 890 1501 913 L.-£...._U-

490 886 708 957 ξμεστάς
731 887 890 940 πάλιν
906 888 1076 952 αὐτάς
1099 889 1503 960 ἀπελάμϐανονῖ

490 1003 497 1053 ι
579 976 669 1037 Ὠς
705 976 762 1029 δὲ
804 978 897 1030 καί,
938 977 1126 1049 ἕτερον
1175 979 1359 1048 θαῦμα
1407 980 1609 1046 ίδόντες
1657 982 2069 1055 ἐξεπλάγημεν,

495 1062 702 1118 δίκαιόν
731 1064 881 1119 ἐστιν
908 1067 1103 1125 εἰπεῖν.
1143 1068 1422 1134 Ἐλθόντες
1451 1071 1562 1142 γάρ
1586 1072 1724 1143 πρὸς
1742 1073 1905 1127 αὐτὸν
1925 1078 2074 1147 τρεῖς

490 1147 659 1221 ,ἡμὲῖς
708 1152 929 1222 ἀδελφοὶ
981 1155 1400 1227 ἐγνωρίσθημεν
1445 1158 1732 1229 πόρρωθεν
1775 1161 1915 1233 ὑπὲρ
1963 1163 2073 1217 τῶν

496 1238 742 1308 ἀδελφῶν
766 1241 1078 1312 όραθέντες,
1107 1243 1216 1297 τῶν
1242 1248 1705 1316 προακουσάντων
1743 1252 1877 1321 παρ’
1904 1238 2071 1307 αὐτοῦ

497 1328 626 1397 περί⁵
654 1330 751 1398 τῆς
777 1329 935 1399 ἡμῶν
964 1330 1101 1395 πρὸς
1141 1330 1303 1385 αὐτὸν
1338 1333 1575 1400 ἀφίξεως
1597 1353 1612 1368 ·
1655 1337 1705 1390 οῖ
1740 1339 1876 1407 μετὰ
1907 1356 2073 1395 σπου⁸

493 1413 592 1481 δῆς
667 1415 1105 1486 προσδραμόντες
1177 1417 1498 1490 ὑπήντησαν
1560 1422 1693 1492 ἡμῖν
1778 1423 2072 1494 ψάλλοντες

494 1500 695 1572 (τοῦτο
725 1503 836 1573 γάρ
866 1505 1048 1566 αὐτοῖς
1086 1503 1205 1569 ἐθος
1238 1506 1387 1559 ἐστὶν
1417 1506 1554 1578 πρὸς
1578 1510 1788 1574 πάντας
1816 1512 1942 1574 τούς
1973 1531 2071 1585 μο-

493 1589 737 1661 ναχούς),
774 1591 869 1644 καὶ
895 1595 1379 1663 προσκυνήσαντες
1407 1596 1501 1650 ἐπὶ
1533 1599 1826 1666 πρόσωπον
1854 1603 1947 1655 ἐπὶ
1972 1602 2072 1673 τὴν

492 1680 620 1747 γῆν,
654 1678 871 1746 ἐφίλουν
914 1681 1061 1749 ἡμᾶς
1086 1722 1100 1744 ,
1132 1680 1385 1752 ἀλλήλοις
1431 1684 1886 1751 ἐπιδεικνύοντες·
1938 1689 2070 1744 ἰδού

492 1765 693 1836 ῆκασιν
713 1767 763 1819 οἱ
784 1766 1000 1835 ἀδελφοὶ
1024 1774 1148 1840 περὶ
1176 1762 1250 1822 ὧν
1275 1771 1303 1823 6
1325 1771 1512 1842 Πατὴρ
1532 1773 1638 1843 πρὸ
1660 1775 1824 1845 τριῶν
1848 1778 2070 1847 ἡμερῶν

493 1854 824 1925 προείρηκεν
854 1858 1003 1926 ἡμῖν,
1022 1858 1104 1910 ὅτι
1130 1858 1285 1912 Μετά
1310 1863 1459 1930 τρεῖς
1485 1862 1700 1934 ἡμέρας
1720 1864 1909 1934 ἥξουσι
1936 1868 2074 1939 πρὸς

493 1946 642 2017 ἡμᾶς
683 1949 832 2014 τρεῖς
879 1947 1100 2016 ἀδελφοὶ
1151 1948 1263 2003 ἀπὸ
1321 1950 1711 2021 Ἱεροσολύμων
1764 1956 2069 2027 ἐρχόμενοι.

492 2034 605 2087 Καὶ
630 2036 680 2088 οἰ
717 2035 816 2105 μὲν
854 2036 1094 2105 προῆγον
1127 2038 1296 2107 ἡμᾶς,
1330 2040 1378 2092 οί
1410 2039 1467 2093 δὲ
1492 2039 1822 2111 ἠκολούθουν
1852 2043 2074 2099 ὄπισθεν

496 2121 655 2191 ἡμῶν
673 2122 989 2191 ψάλλοντες,
1012 2124 1171 2195 ἄχρις
1193 2120 1253 2178 οῦ
1278 2126 1506 2197 πληοίον
1530 2128 1710 2182 αὐτῶν
1732 2130 2069 2203 ἐφθάσαμεν.
2142 2137 2148 2142 ’

507 2209 769 2273 ’Δκούσας
810 2211 867 2264 δέ
924 2212 953 2264 6
1002 2214 1186 2284 πατὴρ
1243 2214 1514 2279 ’Δπολλὼς
1563 2216 1661 2287 τῆς
1722 2218 1907 2288 φωνῆς
1963 2220 2073 2274 τῶν

491 2298 826 2367 ψαλλόντων,
868 2300 1178 2372 ὑπήντησεν
1223 2304 1354 2373 ἡμῖν
1398 2304 1622 2357 κατὰτὸ
1667 2305 1786 2369 ἐθος
1817 2307 1983 2361 αὐτοῦ
2012 2309 2074 2363 τδ

492 2387 635 2458 πρὸς
672 2389 880 2452 πάντας
918 2390 1044 2454 τοὺς
1072 2390 1357 2460 ἀδελφούς.
1404 2394 1513 2447 Καὶ
1563 2394 1688 2448 ἰδὼν
1723 2397 1870 2466 ἡμᾶς
1901 2414 2073 2469 προσ-

494 2477 725 2545 εκύνησε
750 2477 985 2546 πρῶτος,
1009 2478 1102 2531 ἐπὶ
1129 2479 1228 2548 τὴν
1253 2480 1356 2549 γῆν
1383 2480 1576 2535 ἐαυτὸν
1598 2483 1916 2547 ἐναπλῶσας
1932 2498 1946 2514 ’
1979 2485 2075 2540 καὶ

493 2563 733 2626 ἀναστάς
778 2565 1026 2637 ἐφίλησε.
1066 2568 1176 2621 Καὶ
1209 2568 1518 2638 εἰσαγαγὼν
1566 2570 1928 2643 ὐπερηύξατο.
1964 2573 2075 2628 Καὶ

492 2650 623 2714 τούς
658 2651 826 2716 πόδας
863 2654 1022 2723 ἡμῶν
1065 2654 1228 2725 νίψας
1283 2659 1472 2728 χερσὶν
1514 2658 1768 2726 οἰκείαις,
1807 2661 1943 2733 πρὸς
1972 2661 2074 2732 τὴν

492 2738 804 2794 ἀνάπαυσιν
837 2741 1236 2813 προετρέψατο.
1276 2744 1448 2799 Τοῦτο
1474 2745 1530 2799 δέ
1562 2749 1728 2801 πᾶσιν
1760 2749 1932 2802 ἐποίει
1963 2753 2074 2815 τοῖς

492 2828 810 2898 ἐρχομένοις
838 2829 977 2900 πρὸς
1014 2831 1179 2885 αὐτὸν
1227 2831 1498 2903 ἀδελφοῖς.
1530 2836 1591 2889 Ol
1636 2835 1743 2906 γάρ
1776 2836 1873 2889 σὺν
1922 2838 2072 2909 αὐτῷ

491 2916 712 2987 ἀδελφοὶ
762 2917 822 2972 οὐ
870 2917 1137 2989 πρότερον
1190 2920 1293 2989 τῆς
1343 2922 1556 2992 τροφῆς
1620 2923 2068 2994 μετελάμϐανον,

492 3007 661 3078 πρινὴ
702 3006 804 3077 τῆς
848 3007 1200 3079 εὐχαριστίας
1250 3009 1346 3062 τοῦ
1393 3008 1629 3079 Χριστοῦ
1676 3015 2067 3084 κοινωνήσωσι.

492 3094 666 3149 Τοῦτο
701 3096 757 3148 δέ
789 3095 1005 3149 ἐποίουν
1054 3095 1199 3149 κατά
1226 3095 1324 3167 τὴν
1366 3097 1595 3169 ἐννάτην
1624 3097 1773 3169 ὥραν
1798 3100 2028 3171 ἡμέριον
2052 3118 2067 3134 ο

491 3177 595 3235 εἷθ’
632 3181 804 3246 οὕτως
841 3183 1213 3254 διαιτηθέντες
1259 3184 1551 3256 ἐκάθηντο,
1575 3185 1865 3252 ἀκούοντες
1905 3189 2070 3244 αὐτοῦ

489 3269 837 3334 διδάσκοντος
861 3272 1042 3335 πάσας
1059 3272 1159 3335 τάς
1182 3272 1403 3338 ἐντολάς
1423 3275 1552 3345 ἀχρι
1572 3274 1666 3330 τοῦ
1695 3276 2070 3349 πρωθυπνίου.

505 3357 743 3411 Ἐκεῖθεν
780 3357 845 3429 δὴ
873 3358 925 3411 οί
956 3357 1055 3428 μὲν
1081 3359 1172 3412 ἐπὶ
1203 3359 1301 3431 τὴν
1329 3359 1534 3432 ἔρημον
1560 3360 1620 3426 ἐξ
1651 3363 1833 3417 αὐτῶν
1868 3365 2075 3436 ἀνεχώ-

492 3465 623 3518 ρουν
667 3446 1124 3519 ἀποστηθίζοντες
1169 3449 1268 3514 τὰς
1319 3452 1542 3523 Γραφάς
1574 3452 1703 3526 ὃλην
1734 3454 1837 3526 τὴν
1868 3455 2070 3510 νύκταο

490 3538 541 3591 οἰ
588 3535 647 3589 δὲ
696 3536 812 3590 ἐκεῖ
842 3538 1320 3611 προσεκαρτέρουν
1377 3540 1680 3606 ἀπαύστοις
1744 3542 1933 3614 ὕμνοις
1982 3545 2075 3599 τὸν

490 3622 626 3678 Θεὸν
649 3623 1027 3695 εὐφημοῦντες
1053 3625 1215 3697 ἄχρις
1236 3627 1470 3698 ἡμέρας,
1491 3628 1585 3694 οὓς
1617 3628 1728 3700 ἐγὼ
1755 3631 1917 3695 αὐτὸς
1946 3634 2076 3688 αὐτ-

492 3710 588 3782 οψὶ
648 3710 982 3783 ἐθεασάμην,
1032 3713 1272 3785 ἐσπέρας
1319 3716 1665 3787 ἀρξαμένους
1711 3719 1820 3773 τῶν
1854 3719 2074 3792 ὕμνων,

490 3798 590 3854 καὶ
639 3798 802 3871 μέχρι
845 3798 993 3872 πρωῒ
1022 3800 1084 3854 οὐ
1134 3805 1516 3875 παυσαμένους
1544 3808 1645 3878 τῆς
1672 3806 1837 3878 ᾠδῆς.
1884 3808 2077 3863 Πολλοὶ

490 3887 625 3957 γοῦν
658 3887 842 3944 αὐτῶν
890 3888 1033 3943 κατά
1075 3889 1173 3961 τὴν
1206 3891 1433 3963 ἐννάτην
1476 3891 1625 3964 ὥραν
1670 3895 1833 3964 μόνον
1866 3900 2076 3969 κατήρ-

492 3990 649 4047 χοντο
675 3976 740 4029 ἐκ
767 3974 862 4030 τοῦ
904 3976 1100 4047 ὅρους,
1135 3978 1355 4049 καὶτῆς
1394 3980 1748 4053 εὐχαριστίας
1801 3983 2077 4057 μετελάμ-

493 4062 677 4130 ϐανον,
707 4064 802 4118 καὶ
825 4065 986 4120 πάλιν
1011 4066 1252 4138 ἀνῄεσαν
1276 4067 1609 4141 ἀρκούμενοι
1637 4073 1701 4142 τῇ
1730 4075 2075 4145 πνευματικῇ

502 4150 640 4223 μόνῃ
672 4154 849 4223 τροφῇ
877 4154 1039 4225 ἄχρις
1079 4154 1247 4227 άλλης
1290 4156 1539 4228 ἐννάτης.
1572 4158 1744 4213 Τοῦτο
1773 4159 1829 4213 δέ
1858 4161 2077 4215 ἐποίουν

492 4238 681 4292 πολλοί
710 4240 773 4305 ἐξ
815 4242 996 4295 αὐτῶν
1038 4243 1134 4297 ἐπὶ
1182 4244 1385 4309 πολλάς
1421 4245 1657 4318 ἡμέρας.
1699 4244 1810 4301 Ἦν
1842 4247 1900 4302 δὲ
1949 4248 2077 4302 ἰδεῖν

492 4328 691 4391 αὐτοὺς
717 4328 1165 4401 ἀγαλλιωμένους
1195 4333 1338 4385 κατά
1364 4331 1464 4403 τὴν
1493 4334 1720 4404 ἔρημον.
1752 4335 1867 4389 Οὐκ
1897 4335 1964 4389 ἀν
1993 4353 2078 4400 τις

493 4418 637 4471 εῖποι
695 4419 789 4471 ἐπὶ
844 4416 946 4489 τὴν
996 4419 1101 4489 γῆν
1149 4420 1354 4490 ταύτην
1414 4422 1670 4495 τοιαύτην
1718 4424 2076 4494 ἀγαλλίασιν,

492 4504 617 4558 οὐδέ
645 4505 989 4576 εὐφροσύνην
1024 4510 1363 4579 σωματικήν.
1396 4510 1534 4564 Οὐδὲ
1569 4512 1791 4581 στυγνὸς
1830 4513 1863 4585 ἡ
1907 4530 2079 4585 κατη-
2111 4512 2155 4568 Β

494 4593 604 4666 φής
635 4612 720 4658 τις
748 4591 816 4667 ἦν
843 4597 902 4649 ἐν
927 4596 1144 4660 αὐτοῖς·
1176 4597 1290 4650 ἀλλ’
1315 4598 1467 4662 εῖτίς
1497 4617 1600 4655 που
1634 4604 1728 4656 καὶ
1765 4606 2081 4674 στυγνάζων

495 4684 691 4755 ἐφάνη,
719 4683 881 4747 εὐθὺς
918 4682 1151 4738 ἐπύθετο
1186 4685 1318 4756 παρ’
1356 4687 1524 4741 αὐτοῦ
1554 4690 1584 4742 6
1616 4691 1797 4763 πατὴρ
1838 4694 2081 4748 Ἀπολλὼ

494 4772 596 4841 τὴν
626 4771 828 4838 αἰτίαν,
865 4772 961 4827 καὶ
988 4774 1059 4827 τά
1091 4775 1149 4827 ἐν
1188 4774 1266 4846 τῷ
1295 4777 1523 4843 κρυπτῷ
1551 4777 1651 4850 τῆς
1686 4780 1910 4851 καρδίας
1949 4783 2081 4837 ἐκά-

499 4875 625 4913 στου
665 4860 995 4931 ἀπήγγελεν.
1036 4861 1231 4930 Ἔλεγε
1259 4862 1337 4917 δέ·
1373 4866 1449 4918 Οὐ
1480 4866 1587 4937 χρὴ
1637 4868 1957 4937 στυγνάζειν
1989 4872 2082 4926 ἐπὶ

497 4951 566 5021 τῇ
602 4951 847 5024 σωτηρία
894 4953 1191 5023 μέλλοντας
1229 4954 1513 5025 βασιλείαν
1544 4959 1788 5029 οὐρανῶν
1822 4961 2082 5033 κληρονο-

502 5042 646 5115 μεῖν.
674 5042 1047 5111 Στυγνάζουσι
1080 5045 1212 5115 μὲν,
1244 5046 1429 5115 φησὶν,
1469 5046 1750 5121 Ἕλληνες,
1784 5052 2081 5107 κλαύσουσι

499 5129 557 5183 δὲ
596 5129 856 5195 Ἰουδαῖοι,
895 5131 1225 5202 πενθὴσουσι
1259 5134 1316 5187 δὲ
1349 5136 1699 5208 ἁμαρτωλοὶ,
1723 5140 1772 5192 οί
1797 5140 1855 5194 δέ
1881 5142 2080 5197 δίκαιοι

500 5219 1012 5290 εὐφρανθήσονται,
1055 5222 1151 5276 καὶ
1192 5225 1239 5275 οί
1290 5226 1357 5281 τά
1395 5228 1560 5298 γήϊνα
1606 5230 1703 5298 μέν
1755 5232 2078 5303 φρονοῦντες

499 5307 594 5360 ἐπὶ
612 5309 724 5371 τοῖς
749 5308 958 5378 γηῖνοις
980 5310 1385 5381 εὐφραίνονται,
1412 5317 1570 5385 ἡμεῖς
1594 5317 1650 5371 δέ
1671 5320 1720 5372 οἰ
1747 5320 2083 5393 τηλικαύτης

497 5395 711 5483 ἐλπίδος
734 5399 1161 5467 καταξιωθέντες
1184 5441 1199 5468 ,
1233 5405 1349 5468 πῶς
1378 5407 1498 5476 οὐχί
1527 5406 1822 5474 διαπαντὸς
1853 5411 2083 5483 εὐφραι-

499 5482 740 5553 νώμεθα,
772 5485 867 5539 τοῦ
905 5488 1228 5544 ’Δποστόλου
1254 5492 1400 5562 ἡμᾶς
1427 5496 1822 5566 παρορμῶντος
1848 5482 2081 5553 πάντοτε

499 5572 712 5640 χαίρειν
732 5613 746 5637 ,
780 5575 1141 5643 ἀδιαλείπτως
1170 5581 1604 5652 προσεύχεσθαι,
1633 5586 1691 5639 ἐν
1725 5589 1889 5641 παντί
1918 5591 2083 5660 εὐχα-

462 5722 467 5729 ὶ
500 5663 739 5730 ριστεῖν;
767 5662 832 5715 Τί
857 5665 899 5717 δ’
924 5666 989 5720 ἄν
1011 5685 1095 5732 τις
1126 5670 1269 5724 είποι
1299 5670 1397 5743 τὴν
1421 5674 1478 5725 ἐν
1502 5673 1680 5743 λόγοις
1702 5679 1867 5732 αὐτοῦ
1894 5682 2081 5752 χάρινι

500 5745 598 5799 καὶ
624 5746 725 5813 τάς
750 5747 943 5815 λοιπὰς
975 5755 1139 5811 αὐτοῦ
1163 5757 1387 5828 ἀρετὰς,
1429 5760 1496 5826 ἀς
1529 5762 1578 5816 δι
1612 5745 1926 5837 ὐπερόολὴν
1951 5745 2081 5825 θαύέ

2175 543 2352 599 ἀλλων
2379 547 2695 619 ἀκούοντες;

2246 632 2424 725 Ιλολλά
2451 637 2509 691 δὲ
2540 644 2669 714 περὶ
2700 644 2989 717 ἀσκήσεως
3026 650 3123 704 καὶ
3163 650 3437 718 πολιτείας
3463 656 3601 725 ἡμῖν
3645 656 3775 710 δια-

2174 719 2387 814 λεχθεὶς
2415 727 2557 781 κατά
2586 729 2755 799 μόνας
2780 733 3064 799 πολλάκις,
3092 739 3187 792 καὶ
3217 740 3347 807 περὶ
3363 741 3464 811 τῆς
3484 719 3772 814 ύποδοχῆς

2172 811 2283 865 τῶν
2314 812 2580 884 ἀδελφῶν,
2613 816 2819 888 ἔλεγεν,
2854 822 2936 876 ὅτι
2961 823 3042 878 δεῖ
3069 826 3399 897 ἐρχομένους
3435 831 3561 894 τούς

2174 898 2309 967 φούς
2353 906 2702 971 προσκυνεῖν.
2755 906 2831 962 Οὐ
2888 910 2997 982 γάρ
3044 913 3273 978 αὐτοὺς,
3318 916 3455 970 ἀλλὰ
3495 918 3588 972 τὸν
3625 919 3774 974 Θεὸν

2173 988 2608 1060 προσεκύνησας·
2642 992 2749 1058 ῐδες
2775 996 2903 1068 γὰρ,
2935 1000 3090 1069 φησί,
3126 1001 3219 1055 τὸν
3243 1004 3467 1074 ἀδελφόν
3498 1024 3621 1073 σου,
3653 1009 3773 1074 ἴδες

2173 1076 2376 1147 Κύριον
2414 1078 2508 1133 τὸν
2548 1081 2681 1135 Θεόν
2715 1100 2810 1137 σου
2838 1099 2852 1113 ·
2886 1088 3041 1157 παρά
3069 1090 3162 1143 τοῦ
3210 1091 3458 1164 Ἀόραάμ
3491 1097 3775 1169 παρειλὴ-

2173 1181 2388 1257 φαμεν,
2434 1168 2485 1220 εί
2529 1170 2624 1223 καὶ
2652 1171 2734 1225 ὃτι
2772 1172 2854 1226 δεῖ
2886 1174 2999 1229 ἐσθ’
3032 1177 3122 1230 ὅτε
3162 1180 3289 1243 τοὺς
3321 1181 3580 1251 ἀδελφοὺς
3618 1168 3773 1257 πρὸς

2172 1250 2480 1315 ἀνάπαυσιν
2498 1257 2972 1343 παραϐιάζεσθαι,
2991 1265 3143 1333 παρά
3159 1266 3253 1318 τοῦ
3283 1267 3406 1321 Λὼτ
3439 1250 3774 1343 μεμαθήκαέ

2176 1354 2295 1407 μεν,
2330 1341 2815 1415 παραϐιασαμένου
2847 1349 2975 1413 τοὺς
3015 1350 3300 1420 ἀγγέλους,
3340 1356 3433 1408 καὶ
3472 1358 3551 1410 ὅτι
3596 1341 3690 1413 δεῖ
3716 1361 3771 1414 εἰ

2171 1425 2397 1481 δυνατὸν
2443 1430 2571 1494 τούς
2618 1436 2888 1505 μοναχοὺς
2935 1436 3060 1490 καθ’
3109 1439 3346 1511 ἑκάστην
3387 1444 3599 1515 ἡμέραν
3646 1448 3770 1501 τῶν

2176 1517 2492 1587 μυστηρίων
2519 1526 2813 1577 κοινωνεῖν.
2857 1524 2916 1577 '0
2948 1526 3058 1598 γάρ
3087 1529 3379 1598 μακρύνων
3418 1533 3613 1587 ἐαυτοῦ
3647 1538 3772 1590 ἀπὸ

2171 1604 2400 1668 τούτων,
2446 1606 2788 1678 μακρύνεται
2832 1611 2940 1665 ἀπὸ
2978 1612 3072 1666 τοῦ
3112 1614 3266 1668 Θεοῦ.
3326 1617 3384 1671 '0
3423 1619 3479 1671 δέ
3510 1624 3772 1692 συνεχῶς

2174 1690 2332 1745 τοῦτο
2377 1693 2549 1748 ποιῶν
2593 1695 2684 1749 τὸν
2728 1698 2959 1769 Σωτῆρα
2999 1704 3237 1772 συνεχῶς
3286 1704 3622 1775 ὑποδέχεται.
3646 1690 3769 1763 ΗἨ

2101 1804 2149 1865 Β
2176 1780 2281 1851 γάρ
2315 1783 2580 1852 σωτήριος
2608 1786 2758 1856 φωνή
2782 1803 2964 1857 φησιν,
2983 1788 3043 1841 '0
3066 1788 3260 1844 ἐσθίων
3295 1808 3394 1861 μου
3421 1797 3519 1864 τὴν
3547 1796 3764 1864 σάρκα,

2176 1871 2271 1925 καὶ
2305 1871 2476 1927 πίνων
2509 1890 2613 1942 μου
2639 1874 2699 1928 τὸ
2729 1869 2891 1946 αἷμα,
2927 1881 3080 1948 μένει
3108 1880 3167 1933 ἐν
3196 1882 3343 1950 ἐμοὶ,
3378 1882 3534 1952 κάγὼ
3559 1886 3620 1939 ἐν
3656 1886 3769 1940 αὑ·-

2171 1958 2269 2031 τῷ.
2318 1961 2490 2015 Τοῦτο
2520 1961 2614 2016 οὖν
2652 1966 2921 2037 συμφέρει
2963 1969 3077 2031 τοῖς
3122 1973 3407 2041 μοναχοῖς,
3443 1973 3767 2043 ὐπόμνησιν

2171 2049 2266 2102 τοῦ
2300 2050 2569 2121 σωτηρίου
2605 2052 2814 2117 πάθους
2844 2056 3081 2125 συνεχῶς
3109 2059 3474 2128 ποιουμένοις,
3503 2064 3596 2115 καὶ
3630 2062 3767 2132 μεθ’

2172 2140 2386 2213 ἡμέραν
2416 2144 2664 2213 ἑτοίμους
2694 2138 2832 2199 εἶναι
2861 2148 3300 2219 παρασκευάζειν
3330 2151 3555 2214 ἐαυτούς
3577 2153 3768 2206 τοιού-

2173 2247 2320 2297 τους,
2353 2231 2429 2295 ῶς
2449 2230 2634 2298 ἀξίους
2676 2229 2816 2289 εἶναι
2856 2235 3087 2290 πάντοτε
3118 2238 3253 2307 πρὸς
3293 2238 3391 2309 τὴν
3429 2240 3537 2293 τῶν
3577 2243 3767 2309 ἁγίων

2174 2320 2271 2373 καὶ
2292 2320 2562 2391 οὐρανίων
2592 2323 2906 2394 μυστηρίων
2928 2324 3217 2395 ὑποδοχὴν,
3242 2326 3364 2379 ἐπεὶ
3383 2328 3476 2380 καὶ
3503 2330 3767 2396 ἀφέσεως

2172 2406 2461 2478 ἀμαρτιῶν
2510 2407 2652 2461 οὕτω
2712 2410 3137 2481 καταξιούμεθα.
3188 2412 3297 2478 Τάς
3348 2414 3407 2468 δὲ
3457 2418 3768 2483 καθολικὰς

2173 2495 2450 2566 νηστείας,
2488 2497 2643 2567 φησὶ,
2682 2496 2755 2569 μὴ
2787 2498 2905 2563 ἐξὸν
2936 2498 3085 2554 λύειν
3110 2502 3238 2555 ἀνευ
3270 2504 3451 2575 πάσης
3481 2506 3763 2577 ἀνάγκης.

2187 2581 2276 2635 Ἐν
2316 2583 2427 2653 γάρ
2468 2583 2684 2653 τετράδι
2729 2585 2759 2637 6
2802 2585 2993 2658 Σωτὴρ
3036 2588 3421 2658 παραδίδοται,
3469 2593 3526 2647 ἐν
3579 2593 3640 2646 δὲ
3690 2598 3765 2665 τῇ

2177 2672 2502 2742 παρασκευῇ
2540 2672 2886 2743 σταυροῦται.
2937 2674 2995 2729 ’0
3031 2672 3124 2730 οὖν
3158 2678 3360 2743 ταύτας
3387 2679 3566 2749 λύων,
3609 2699 3769 2752 συμ-

2174 2757 2510 2827 παραδίδωσι
2561 2761 2654 2813 τὸν
2710 2761 2939 2832 Σωτῆρα
2990 2764 3087 2818 καὶ
3146 2769 3459 2837 συσταυροῖ.
3518 2769 3646 2822 Ἐάν
3706 2770 3771 2824 δέ

2173 2847 2299 2917 ἣκει
2331 2848 2468 2918 πρὸς
2489 2849 2638 2918 ἡμᾶς
2663 2849 2920 2921 ἀδελφὸς,
2951 2853 3312 2919 ἀναπαύσεως
3346 2856 3595 2927 δεόμενος
3615 2900 3632 2923 ,
3665 2877 3774 2931 νη-

2174 2935 2362 3000 στείας
2388 2936 2577 3007 οὐσης.
2605 2938 2949 3011 παραθήσεις
2979 2944 3130 3015 αὐτῷ
3159 2946 3306 3015 μόνῳ
3325 2947 3424 3015 τὴν
3453 2946 3770 3018 τράπεζαν.

2173 3025 2237 3078 Εἰ
2266 3024 2324 3078 δὲ
2361 3025 2435 3097 μὴ
2467 3026 2737 3096 βούλεται,
2773 3029 2848 3098 μὴ
2884 3030 3224 3104 ἀναγκάσῃς.
3262 3036 3463 3104 Κοινὴν
3495 3036 3607 3107 γάρ
3639 3036 3775 3107 ἔχο-

2178 3130 2276 3183 μεν
2305 3114 2508 3178 πάντες
2536 3117 2637 3185 τὴν
2659 3117 2979 3187 παράδοσιν.
3022 3119 3334 3190 Ἑμέμφετο
3354 3122 3409 3175 δέ
3433 3122 3604 3175 πολλὰ
3630 3125 3773 3189 τούς

2173 3200 2243 3255 τά
2273 3203 2474 3272 σιδηρᾶ
2502 3203 2800 3275 φέροντας,
2831 3206 2929 3259 καὶ
2956 3206 3083 3271 τούς
3119 3208 3425 3278 κομῶντας.
3460 3204 3619 3264 Οὗτοι
3650 3211 3773 3282 γάρ

2173 3289 2578 3357 ἐνδεικνύουσι,
2612 3293 2781 3361 φησὶ,
2826 3293 2920 3346 καί.
2956 3292 3056 3365 τὴν
3096 3295 3616 3367 ἀνθρωπαρέσκειαν
3665 3297 3775 3367 θη-

2177 3378 2349 3451 ρῶσι·
2405 3377 2524 3432 δέον
2586 3379 2786 3443 αὐτοὺς
2854 3382 3057 3451 μᾶλλον
3104 3384 3381 3453 νηστείαις
3434 3384 3647 3438 ἐκλύειν
3704 3384 3773 3439 τὸ

2175 3466 2357 3537 σῶμα,
2389 3468 2486 3520 καὶ
2536 3469 2595 3522 ἐν
2626 3468 2858 3540 κρυπτῷ
2907 3470 2967 3523 τὸ
3000 3472 3163 3526 καλὸν
3207 3475 3488 3545 πράττειν.
3520 3476 3585 3528 υί
3613 3475 3673 3528 δέ
3703 3476 3770 3528 οὐ

2173 3555 2351 3620 τοῦτο,
2384 3556 2524 3611 άλλά
2556 3559 2725 3611 πᾶσιν
2747 3558 2975 3621 ἐαυτούς
3003 3560 3270 3632 φανεροὺς
3299 3563 3618 3616 καθιστῶσι.
3652 3566 3773 3619 Καὶ

2181 3644 2237 3698 τί
2268 3644 2337 3700 άν
2369 3662 2453 3708 τις
2489 3644 2635 3699 εἴποι
2664 3645 2764 3709 τάς
2816 3646 3037 3717 διδαχάς
3068 3648 3234 3702 αὐτοῦ
3265 3650 3443 3715 πάσας
3474 3653 3775 3724 παραπλη-

2177 3731 2310 3796 σίως
2342 3732 2509 3797 οὐσας
2538 3733 2701 3787 αὐτοῦ
2751 3737 2819 3807 τῇ
2857 3736 3125 3808 πολιτείᾳ,
3174 3739 3239 3802 ἀς
3282 3740 3402 3791 οὐδὲ
3446 3744 3654 3810 φράσαι
3686 3760 3774 3806 τις

2176 3822 2301 3876 οὐδὲ
2331 3823 2543 3892 γράψαι
2574 3823 2696 3877 κατ’
2726 3824 2887 3889 ἀξίαν
2919 3826 3231 3895 δυνήσεται;
3259 3828 3492 3882 Πλεῖστα
3517 3825 3612 3882 οὖν
3638 3829 3773 3882 πολ-

2161 3910 2335 3975 λάκις
2366 3912 2500 3982 ἡμῖν
2538 3927 2679 3965 κατα
2690 3914 2855 3982 μόνας
2879 3914 3007 3985 ὃλην
3027 3915 3127 3985 τὴν
3152 3916 3422 3985 ἐόδομάδα
3446 3917 3770 3988 διαλεγόμε-

2179 4001 2413 4066 νος,καί
2435 4002 2781 4073 προπέμπων
2798 4004 2964 4074 ἡμᾶς,
2991 4003 3195 4072 ἔλεγεν⁹
3222 4005 3456 4075 Είρὴνην
3472 4005 3624 4075 ἔχετε
3648 4008 3770 4077 μετ’

2180 4088 2462 4160 ἀλλήλων,
2496 4090 2693 4163 καὶμὴ
2734 4091 2829 4145 ἀπ’
2872 4091 3118 4162 ἀλλήλων
3168 4095 3248 4158 είς
3283 4094 3401 4147 ὁδὸν
3440 4094 3767 4165 χωρίζεσθε.

2253 4178 2513 4242 Εἰπόντος
2540 4178 2597 4232 δέ
2626 4181 2740 4243 τοῖς
2780 4179 2878 4232 σὺν
2917 4179 3066 4250 αὐτῷ
3102 4180 3369 4249 ἀδελφοῖς.
3407 4183 3491 4243 τίς
3525 4182 3591 4235 ἀν
3624 4181 3768 4235 ἐκὼν

2187 4262 2430 4334 βούλοιτο
2457 4264 2517 4331 ἐξ
2542 4266 2723 4320 αὐτῶν
2744 4267 3179 4339 συμπροπέμψαι
3205 4270 3350 4340 ἡμᾶς
3379 4270 3507 4339 άχρι
3532 4270 3643 4323 τῶν
3672 4270 3769 4322 ἄλο

2184 4355 2292 4409 λων
2319 4356 2599 4428 Πατέρων,
2626 4356 2812 4427 σχεδὸν
2835 4358 3075 4421 ἅπαντες
3098 4358 3442 4428 παρεκάλουν
3470 4360 3771 4431 προθύμως

2186 4443 2620 4515 συμπροπέμψαι
2650 4447 2818 4515 ἡμᾶς.
2862 4445 2920 4498 '0
2946 4446 3002 4499 δὲ
3033 4446 3188 4514 ἆγιος
3231 4446 3503 4511 Ἀπολλὼς
3532 4450 3681 4517 τρεῖς
3709 4447 3772 4512 ἐξ

2182 4534 2364 4590 αὐτῶν
2413 4534 2837 4606 ἐπιλεξάμενος,
2884 4536 3084 4607 ἄνδρας
3129 4539 3345 4599 ἱκανοὺς
3389 4540 3446 4591 ἐν
3488 4537 3630 4609 λόγῳ
3672 4541 3772 4595 καὶ

2184 4624 2453 4696 πολιτείᾳ,
2500 4625 2597 4687 καὶ
2641 4625 2942 4694 ἐμπείρους
2978 4626 3083 4695 τῆς
3128 4626 3446 4698 Ἑλληνικῆς
3481 4629 3577 4681 καὶ
3637 4628 3773 4683 Ῥωο

2186 4713 2391 4783 μαῖκῆς
2424 4712 2521 4765 καὶ
2558 4713 2943 4790 Αἰγυπτιακῆς
2975 4714 3283 4781 διαλέκτου,
3312 4715 3771 4785 συμπροπέμπων

2181 4802 2331 4871 ἡμᾶς
2365 4801 2549 4863 αὐτοῖς
2580 4799 2888 4854 ἐνετέλλετο
2930 4801 3007 4872 μὴ
3054 4801 3322 4872 πρότερον
3360 4802 3580 4869 ἀφιέναι
3624 4804 3773 4872 ἡμᾶς

2182 4890 2314 4960 πρὶν
2343 4888 2410 4942 ἂν
2439 4888 2643 4949 ἱκανῶς
2674 4888 2891 4958 ἔχοιμεν
2927 4890 3053 4953 τοὺς
3099 4889 3349 4961 Πατέρας
3376 4890 3530 4953 ὅλους
3564 4889 3774 4960 θεωρὴ-

2184 4994 2397 5040 σαντες.
2430 4975 2538 5040 Οὓς
2579 4976 2673 5029 ἐάν
2709 4976 2965 5048 βούληταί
2993 4994 3078 5040 τις
3114 4977 3241 5030 ἰδεῖν
3267 4977 3533 5040 ἅπαντας,
3561 4978 3662 5030 οὐκ
3704 4978 3772 5032 ἂν

2183 5065 2376 5134 φθάνοι
2410 5065 2499 5120 διά
2530 5066 2730 5131 παντὸς
2766 5066 2860 5120 τοῦ
2913 5065 3030 5136 βίου
3083 5066 3399 5121 θεάσασθαι.
3454 5067 3773 5136 Εὐλογὴσας

2182 5148 2277 5207 οῦν
2312 5156 2463 5225 ἡμᾶς
2498 5153 2870 5219 ἐξαπέστειλε,
2906 5154 3104 5222 λέγων,
3132 5155 3443 5225 Εὐλογὴσαι
3475 5156 3621 5223 ὑμᾶς
3654 5154 3769 5208 Κύ-

2187 5259 2301 5313 ριος
2334 5244 2400 5296 ἐκ
2428 5241 2589 5306 Σιὼν,
2626 5243 2720 5296 καὶ
2765 5241 2926 5295 ἴδοιτε
2956 5242 3026 5295 τά
3056 5242 3241 5308 ἀγαθά
3277 5242 3636 5313 Ἰερουσαλὴμ
3664 5242 3770 5295 πά·

2186 5349 2285 5394 σας
2312 5331 2414 5395 τὰς
2450 5330 2668 5402 ἡμέρας
2696 5331 2795 5401 τῆς
2826 5329 2972 5401 ζωῆς
3001 5329 3179 5400 ὐμῶν.

2256 5420 2648 5490 Πορευομένων
2689 5421 2745 5474 δέ
2781 5420 2942 5491 ἡμῶν
2982 5418 3123 5473 κατά
3152 5420 3252 5490 τὴν
3295 5418 3502 5491 ἔρημον
3538 5421 3595 5471 ἐν
3635 5436 3771 5487 μεσ-

2183 5510 2427 5580 ημόρίᾳ,
2469 5510 2731 5581 ἐξαίφνης
2765 5508 2983 5580 δρῶμεν
3014 5508 3199 5580 σύρμα
3245 5507 3486 5577 μεγάλου
3538 5507 3766 5577 δράκον-

2181 5616 2272 5663 τος
2322 5594 2471 5653 οἷάτε
2506 5598 2667 5652 δοκοῦ
2715 5598 2804 5652 διὰ
2833 5597 2933 5668 τῆς
2967 5596 3197 5668 ψάμμου
3232 5595 3587 5661 ἑλκυσθείσης
3608 5638 3625 5661 ,
3674 5594 3765 5649 καί

2187 5687 2387 5749 ἰδόντες
2416 5687 2568 5758 φόϐῳ
2599 5686 2780 5757 πολλῷ
2808 5685 3237 5756 συνεσχέθημεν.
3269 5686 3331 5738 Οἰ
3357 5683 3415 5737 δὲ
3440 5684 3765 5756 ὁδηγοῦντες

2183 5775 2330 5846 ἡμᾶς
2360 5774 2587 5846 ἀδελφοὶ·
2626 5774 2973 5846 παρεκάλουν
3019 5776 3170 5845 ἡμᾶς
3220 5775 3294 5847 μὴ
3333 5774 3585 5845 δεδιέναι,
3632 5772 3769 5829 αλλά
