4060 6562
332 375 467 433 “49

1601 385 1918 446 HISTORIA
1963 387 2321 449 LAUSIACA.

3410 413 3553 472 H50

323 506 443 557 dem
501 498 685 555 aderat
712 498 872 561 Deus.
914 516 1051 557 nunc
1099 509 1279 558 autem
1325 517 1545 573 peregre
1584 513 1668 559 est
1717 504 1892 575 profe-
1920 504 1967 562 A
1997 503 2047 560 in
2076 520 2322 563 sermone
2356 506 2599 579 gratiam,
2632 517 2688 563 et
2733 510 2965 580 reliquas
2991 511 3107 582 ejus
3132 511 3375 580 virtutes,
3426 528 3559 585 quas

333 590 493 651 ctus?
518 593 699 647 Potest
725 602 899 647 autem
934 593 1071 648 Deus
1101 595 1213 649 haec
1243 609 1454 661 semper
1489 593 1684 661 facere,
1724 603 1779 649 et
1806 594 1887 647 ni-

332 683 409 739 hil
444 681 545 739 erit
594 684 735 753 quod
778 684 890 753 ipse
935 698 1041 738 non
1093 685 1279 752 possit.
1336 684 1391 741 Si
1438 700 1565 754 ergo
1622 684 1760 740 Deus
1806 693 1888 739 est

328 774 519 840 bonus,
542 789 635 828 cur
660 783 714 827 tu
737 775 951 828 malus?
993 773 1128 840 Quid
1179 788 1308 829 vero
1364 788 1471 829 non
1523 782 1734 839 oportet
1788 786 1886 828 nos

326 882 536 937 quoque
566 867 747 921 dicere
769 882 829 921 ea
855 883 972 936 qua:
996 867 1231 921 vidimus
1252 906 1268 930 ,
1294 881 1485 933 nempe
1509 866 1665 934 ‘quod
1698 866 1886 920 fratres

328 958 761 1029 ingrediebantur
791 974 910 1013 cum
958 960 1174 1027 sportis,
1207 958 1273 1012 ad
1306 972 1516 1012 mensas
1564 971 1728 1027 panes
1758 957 1886 1012 affe-

326 1058 524 1115 rentes,
553 1057 750 1104 etcum
779 1048 1118 1105 comederent
1146 1048 1416 1118 quingenti
1468 1048 1657 1103 fratres
1704 1046 1770 1102 ad
1797 1062 1886 1102 sa-

322 1140 580 1205 tietatem,
608 1152 701 1194 eas
728 1152 912 1194 rursus
950 1138 1134 1208 plenas
1156 1137 1529 1207 accipiebant?

394 1228 550 1283 Aliud
577 1238 788 1299 qunque
814 1229 1148 1294 miraculum,
1179 1230 1320 1298 quod
1348 1228 1587 1284 videntes
1608 1229 1884 1299 obstupui-

318 1330 460 1383 mus,
485 1333 580 1387 par
606 1329 685 1374 est
706 1319 904 1375 dicere.
933 1321 1062 1374 Cum
1097 1319 1236 1375 enim
1290 1319 1358 1373 ad
1407 1334 1502 1375 eos
1553 1321 1882 1377 venissemus

317 1408 492 1479 spatio
524 1412 683 1465 trium
714 1412 940 1480 dierum,
981 1412 1179 1481 cogniti
1210 1428 1414 1479 sumus,
1468 1413 1649 1479 procul
1696 1414 1797 1468 visi
1851 1431 1882 1470 a

315 1500 591 1567 fratribus,
615 1500 701 1570 qui
722 1516 786 1555 ex
813 1516 878 1556 eo
906 1500 1182 1556 audierant
1212 1503 1276 1558 de
1307 1513 1490 1557 nostro
1527 1503 1595 1557 ad
1640 1518 1760 1559 eum
1788 1504 1883 1558 ad-

312 1599 473 1647 ventu
504 1606 519 1642 :
543 1591 630 1660 qui
654 1590 865 1660 quidem
890 1606 1115 1662 prOpere
1144 1601 1488 1648 occurrentes
1536 1582 1691 1649 nobis
1720 1610 1881 1651 vene-

314 1690 439 1736 runt
465 1681 672 1735 obviam
704 1682 1014 1751 psallentes,
1043 1694 1127 1738 est
1150 1684 1291 1738 enim
1323 1685 1404 1739 hic
1434 1700 1550 1739 mos
1579 1686 1719 1755 apud
1764 1702 1883 1741 om-

312 1784 411 1825 ues
432 1769 745 1825 monachos.
787 1770 996 1825 Etcum
1028 1774 1173 1840 proni
1208 1773 1260 1827 in
1306 1782 1501 1829 terram
1543 1776 1876 1841 adorassent,

1992 610 2204 667 propter
2233 614 2497 654 summum
2527 600 2835 656 miraculum
2855 602 3120 669 siluimus,
3146 603 3352 659 auditas
3372 606 3554 676 utique

1989 700 2053 740 ex
2084 686 2196 754 ipso
2226 696 2279 742 ot
2307 703 2370 744 ex
2410 689 2571 744 aliis?

2059 775 2187 831 Cum
2218 789 2392 832 autem
2426 778 2491 833 de
2521 780 2897 837 exercitatione
2926 790 2979 838 et
3021 783 3140 837 vita:
3179 783 3419 839 instituto
3459 801 3555 841 no-

1990 865 2189 922 biscum
2221 885 2362 938 saepe
2392 886 2632 926 seorsum
2665 872 2997 929 disseruisset
3018 914 3033 940 ,
3062 890 3206 945 saepe
3232 878 3391 931 etiam
3420 878 3553 933 dixit

1988 957 2055 1011 de
2080 960 2430 1027 suscipiendis
2453 964 2757 1029 monachis,
2788 966 2926 1035 quod
2958 975 3167 1035 oportet
3192 967 3417 1023 adorare
3440 968 3548 1022 fra-

1988 1058 2099 1105 tres
2126 1052 2467 1108 advenientes
2491 1070 2507 1110 :
2540 1056 2653 1110 Non
2677 1059 2817 1113 enim
2847 1060 3018 1127 ipsos,
3045 1060 3236 1125 aiebat,
3261 1060 3354 1115 sed
3383 1060 3549 1116 Deum

1985 1141 2241 1197 adorasti.
2298 1143 2483 1198 Vidisti
2535 1146 2678 1200 enim
2714 1187 2731 1212 ,
2793 1147 3013 1217 inquit,
3082 1150 3297 1204 fratrem
3362 1153 3552 1205 tuum?

1984 1230 2163 1285 vidisti
2222 1233 2499 1287 Dominum
2554 1236 2716 1290 Deum
2751 1247 2932 1303 tuum;
2972 1248 3022 1294 et
3066 1239 3196 1306 hoc,
3242 1241 3447 1306 inquit,
3478 1240 3547 1293 ab

1984 1321 2252 1376 Abraham
2282 1324 2583 1392 accepimus
2612 1324 2766 1390 (Gen.
2796 1327 2950 1397 xvm)
2974 1344 2990 1393 ;
3019 1339 3072 1383 et
3101 1329 3239 1399 quod
3270 1339 3546 1398 oporteat,

1984 1412 2191 1479 inquit,
2225 1429 2601 1483 nonnunquam
2629 1430 2821 1485 cngere
2853 1417 3045 1472 fratres
3069 1419 3132 1473 ad
3163 1420 3505 1474 refectionem
3530 1459 3547 1485 ,

1982 1517 2011 1555 a
2041 1502 2140 1556 Lot
2169 1503 2501 1571 accepimus,
2537 1504 2626 1573 qui
2659 1508 2833 1575 coegit
2861 1508 3079 1577 angelos
3111 1508 3275 1577 (Gen.
3301 1511 3414 1581 xix)
3440 1527 3456 1575 ;
3491 1519 3545 1565 et

1982 1594 2122 1663 quod
2169 1603 2415 1661 oportet,
2470 1595 2515 1649 si
2566 1595 2677 1649 fieri
2720 1606 2930 1664 potest,
2982 1598 3268 1653 monachos
3308 1599 3545 1668 quotidie

1982 1686 2374 1739 communicare
2406 1687 2775 1741 sacramentis.
2808 1687 2907 1752 Qui
2940 1687 3079 1741 enim
3111 1703 3168 1743 se
3193 1687 3261 1741 ab
3299 1689 3375 1742 eis
3420 1702 3546 1756 pro-

1981 1773 2065 1827 cul
2095 1783 2334 1839 amovet,
2370 1774 2509 1828 Deus
2536 1789 2745 1843 quoque
2778 1776 2958 1844 procul
2986 1777 3052 1829 ab
3082 1792 3147 1831 eo
3183 1777 3401 1832 recedit.
3442 1777 3544 1846 Qui

316 1873 415 1913 nos
441 1857 728 1912 deosculati
777 1869 920 1920 sunt,
954 1875 1050 1915 nos
1094 1860 1192 1916 sibi
1224 1862 1447 1919 invicem
1490 1866 1834 1922 ostendentes
1859 1908 1875 1927 ,
1908 1872 1957 1931 Β
1983 1874 2158 1917 autem
2204 1864 2303 1917 hoc
2349 1864 2472 1918 facit
2512 1865 2758 1929 assidue,
2801 1866 3012 1920 as:idue
3040 1867 3260 1936 suscipit
3288 1868 3541 1924 Servato-

310 1957 367 2003 et
385 1947 620 2003 dicentes
644 1964 659 2001 :
688 1948 828 2003 Ecce
857 1960 1114 2004 venerunt
1159 1951 1374 2017 fratres,
1402 1954 1467 2008 de
1509 1954 1700 2023 quibus
1726 1966 1876 2024 pater

308 2048 492 2094 noster
512 2039 648 2093 dixit
677 2040 842 2094 tribus
869 2051 990 2095 ante
1026 2041 1235 2109 diebus,
1265 2042 1489 2098 dicendo
1519 2061 1532 2096 :
1588 2043 1715 2123 Post
1762 2056 1875 2100 tres

309 2135 423 2191 dies
450 2133 664 2189 venient
699 2132 763 2187 ad
811 2147 909 2187 nos
940 2142 1047 2188 tres
1080 2132 1291 2199 fratres,
1332 2135 1607 2190 venientes
1651 2135 1875 2191 Jeroso—

306 2224 483 2296 lymis.
517 2227 583 2281 Et
606 2225 695 2279 alii
723 2223 938 2293 quidem
969 2236 1066 2277 nos
1094 2222 1447 2287 deducebant,
1485 2223 1576 2279 alii
1615 2240 1745 2279 vero
1776 2240 1873 2281 nos

306 2327 450 2372 retro
497 2316 878 2387 sequebantur,
924 2313 1236 2383 psallentes,
1281 2313 1452 2369 donec
1493 2329 1659 2385 prope
1699 2316 1871 2385 ipsum

305 2410 565 2465 venimus.
593 2406 726 2461 Cum
753 2414 929 2460 autem
961 2405 1221 2461 audiisset
1270 2413 1423 2475 pater
1450 2407 1643 2477 Apollo
1682 2423 1868 2463 vocem

306 2499 669 2569 psallentium,
700 2498 843 2550 venit
870 2496 1020 2549 nobis
1041 2493 1272 2560 obviam,
1306 2505 1360 2550 ut
1385 2511 1501 2550 mos
1528 2496 1578 2551 ei
1605 2506 1721 2552 erat
1744 2509 1869 2567 erga

311 2602 499 2643 omnes
523 2587 745 2651 fratres;
777 2593 830 2640 et
849 2599 969 2639 cum
997 2600 1094 2640 nos
1122 2584 1372 2653 vidisset,
1403 2585 1643 2642 adoravit
1672 2589 1872 2657 primus

302 2693 365 2733 se
394 2678 446 2732 in
474 2688 611 2732 terra
641 2674 972 2741 extendens;
1004 2684 1058 2729 et
1079 2690 1199 2730 cum
1235 2678 1577 2744 surrexisset,
1604 2686 1687 2732 est
1713 2694 1870 2733 oscu-

304 2769 554 2835 latus;et
578 2777 859 2840 postquam
910 2765 1309 2832 introduxisset,
1356 2769 1550 2836 oravit,
1597 2779 1653 2824 et
1705 2772 1869 2841 pedes

304 2869 519 2914 nostros
543 2858 783 2913 manibus
807 2856 934 2912 lavit
963 2857 1213 2926 propriis,
1242 2866 1296 2912 et
1316 2855 1557 2914 hortatus
1585 2869 1668 2916 est
1693 2862 1760 2918 ad
1785 2878 1870 2919 re-

308 2950 611 3006 fectionem.
641 2948 753 3002 lloc
773 2955 947 3002 autem
975 2945 1207 3003 faciebat
1235 2948 1479 3004 omnibus
1507 2951 1753 3007 fratribus
1777 2954 1868 3024 qni

304 3038 373 3092 ad
396 3039 566 3107 ipsum
590 3038 890 3094 veniebant.
913 3038 1012 3106 Qui
1032 3038 1173 3094 enim
1193 3052 1313 3093 cum
1335 3040 1451 3109 ipso
1475 3053 1625 3095 erant
1648 3042 1863 3111 fratres,

300 3129 607 3184 alimentum
635 3143 740 3183 non
771 3127 919 3199 prius
943 3129 1295 3198 accipiebant,
1324 3144 1483 3201 quam
1515 3130 1864 3189 Eucltaristite

1982 1967 2117 2006 rem.
2149 1951 2241 2005 Est
2268 1953 2439 2017 enim,
2473 1954 2646 2023 inquit
2670 1994 2684 2015 ,
2714 1968 2812 2007 vox
2842 1956 3124 2011 salutaris:
3168 1959 3266 2024 Qui
3307 1959 3538 2015 comedit

1976 2058 2189 2098 carnem
2252 2059 2460 2109 meam,
2504 2054 2557 2098 et
2613 2047 2740 2099 bibit
2803 2063 2976 2101 meum
3030 2051 3371 2119 sanguinem,
3429 2068 3542 2106 ma-

1975 2143 2068 2188 net
2114 2133 2167 2187 in
2211 2151 2316 2201 me,
2348 2146 2402 2189 et
2442 2151 2540 2204 ego
2590 2136 2641 2190 in
2692 2152 2755 2192 eo
2785 2137 2971 2209 (Joan.
3017 2139 3127 2209 vt).
3180 2141 3291 2195 Hoc
3337 2143 3543 2198 confert

1974 2224 2248 2278 monachis
2273 2225 2518 2280 salutaris
2542 2228 2805 2296 passionis
2825 2233 3384 2287 commemorationem
3408 2247 3539 2288 eon-

1975 2313 2206 2368 tineuter
2237 2314 2571 2376 facientibus.
2600 2317 2835 2388 quotidie
2856 2319 3013 2372 etiam
3043 2334 3101 2374 se
3130 2335 3450 2389 praeparare,
3480 2331 3541 2377 ut

1975 2406 2122 2458 omni
2158 2415 2397 2475 tempore
2425 2406 2566 2475 digni
2599 2409 2705 2461 sint
2731 2408 2818 2477 qui
2850 2410 3143 2478 suscipiant
3170 2411 3405 2465 ctelestia
3447 2427 3538 2467 sa—

1971 2506 2278 2560 cramenta,
2331 2496 2757 2565 quandoquidem
2812 2498 2890 2550 sle
2941 2513 3151 2568 quoque
3195 2500 3538 2571 consequitur

1973 2584 2348 2640 remissionem
2392 2598 2755 2655 peccatorum.
2787 2587 3056 2644 Catholica
3088 2600 3260 2645 autem
3290 2599 3342 2645 et
3370 2606 3533 2663 gene-

1972 2676 2106 2731 ralia
2130 2675 2332 2746 jejunia
2366 2692 2471 2730 non
2504 2677 2626 2732 licet
2654 2679 2864 2733 solvere
2904 2679 3019 2734 sine
3058 2679 3257 2749 ingenti
3301 2681 3538 2736 necessi-

1970 2772 2079 2820 tate
2107 2781 2121 2829 ;
2156 2767 2208 2819 in
2241 2776 2427 2835 quarta
2458 2766 2601 2820 enim
2634 2765 2763 2819 feria
2805 2767 3033 2822 traditur
3060 2768 3332 2836 Senator,
3376 2776 3432 2824 et
3476 2768 3531 2825 in

1968 2870 2255 2926 parasceve
2282 2855 2646 2925 crucifigitur;
2676 2857 2765 2926 qui
2796 2872 2856 2913 ea
2886 2874 3012 2927 ergo
3051 2859 3244 2924 solvit,
3278 2860 3531 2918 Servato-

1971 2960 2082 3001 rem
2118 2962 2219 2999 una
2252 2947 2444 3012 tradit,
2475 2955 2531 3001 et
2561 2963 2662 3001 una
2691 2949 2971 3019 crucifigit.
3002 2950 3105 3005 Sed
3139 2950 3183 3005 si
3223 2953 3287 3006 ad
3318 2968 3414 3008 vos
3441 2969 3537 3011 ve-

1969 3037 2084 3090 niat
2110 3036 2277 3091 frater
2308 3038 2396 3107 qui
2429 3052 2561 3107 opus
2592 3037 2751 3094 habet
2781 3049 2837 3093 ut
2863 3040 3131 3095 reficiatur
3157 3057 3276 3096 cum
3303 3045 3370 3098 sit
3393 3043 3534 3114 jeju-

1966 3126 2113 3180 nium
2136 3168 2149 3191 ,
2182 3127 2282 3195 ipsi
2312 3128 2411 3182 soli
2445 3143 2681 3182 mensam
2709 3130 3003 3197 apponite;
3036 3131 3117 3185 sin
3146 3144 3323 3187 autem
3368 3135 3531 3198 nolit.

304 3220 502 3277 Christi
529 3220 1011 3276 communicassent
1037 3237 1050 3273 :
1101 3220 1202 3275 hoc
1238 3232 1413 3275 autem
1441 3221 1706 3277 faciebant
1734 3224 1860 3279 hora
1890 3234 1937 3298 ο
1968 3232 2035 3270 Ιθ
2065 3217 2302 3285 cogatis,
2336 3216 2595 3273 habemus
2627 3220 2768 3273 enim
2799 3234 3138 3276 communem
3169 3225 3535 3283 tradit‘onem.

301 3327 442 3367 nona
469 3312 593 3367 diei.
619 3310 818 3366 Deinde
841 3324 961 3365 cum
985 3311 1061 3365 sic
1088 3311 1465 3377 comedissent,
1494 3312 1749 3368 sedebant
1764 3326 1860 3369 au-

298 3403 505 3459 dientes
548 3419 669 3458 eum
700 3403 984 3458 docentem
1029 3403 1209 3457 omnia
1253 3413 1544 3474 prtecepta,
1597 3419 1765 3475 usque
1793 3404 1859 3462 ad

294 3496 520 3566 primum
547 3511 816 3550 somnum.
866 3494 1014 3550 Illinc
1062 3496 1149 3550 alii
1195 3495 1407 3566 quidem
1447 3510 1515 3552 ex
1544 3495 1671 3566 ipsis
1712 3512 1865 3555 sece-

294 3586 567 3642 debantin
608 3585 976 3648 solitudinem,
1091 3579 1398 3655 Scripturas
1499 3597 1609 3644 tota
1705 3594 1865 3642 nocte

293 3678 604 3733 memoriter
645 3684 1056 3747 expromentes;
1102 3677 1191 3732 alii
1239 3691 1365 3732 vero
1411 3678 1519 3733 illic
1544 3693 1860 3749 persevcra-

294 3767 462 3836 bant,
504 3768 734 3823 assiduis
777 3767 987 3836 hymnis
1037 3767 1203 3822 Deum
1256 3767 1552 3835 laudantes,
1606 3768 1673 3822 ad
1719 3769 1860 3824 diem

294 3873 465 3929 usque
499 3876 513 3913 :
544 3874 678 3928 quos
705 3873 805 3929 ego
838 3856 945 3912 vidi
979 3856 1061 3913 his
1084 3857 1272 3925 oculis,
1303 3872 1424 3912 cum
1453 3873 1677 3929 vespere
1705 3858 1864 3931 bym-

300 3964 397 4004 nos
423 3950 733 4019 coepissent,
768 3964 937 4019 usque
979 3948 1045 4002 ad
1075 3948 1390 4004 matutinum
1432 3963 1537 4003 nou
1567 3962 1808 4004 cessasse
1831 3964 1864 4006 a

296 4050 480 4096 cantu.
511 4040 661 4096 Multi
690 4050 837 4095 certe
865 4055 930 4094 ex
963 4040 1027 4093 iis
1048 4038 1178 4093 liora
1208 4053 1347 4093 nona
1375 4039 1546 4095 solum
1574 4039 1866 4096 descende-

297 4134 423 4186 bant
452 4131 518 4185 de
539 4142 740 4195 monte,
768 4140 821 4185 et
845 4127 1227 4183 Eucharistiam
1248 4138 1539 4197 sumentes,
1567 4144 1751 4183 rursus
1768 4127 1863 4185 ad-

296 4225 646 4287 scendehant,
678 4223 915 4277 contenti
938 4221 1161 4291 Spiritali
1209 4223 1530 4276 nutrimento
1578 4235 1747 4289 usque
1794 4220 1862 4276 ad

291 4316 454 4371 aliam
508 4331 723 4371 nonam.
777 4316 889 4370 Hoc
942 4326 1117 4369 autem
1161 4315 1312 4369 multi
1361 4330 1427 4370 ex
1484 4315 1548 4370 iis
1596 4312 1865 4370 faciebant

290 4408 491 4465 multos
519 4407 656 4462 dies.
707 4406 926 4462 Licebat
953 4414 1128 4461 autem
1167 4421 1262 4461 eos
1312 4406 1492 4461 videre
1533 4406 1865 4462 exsultantes

291 4501 349 4555 in
378 4499 684 4564 solitudine,
716 4502 850 4553 adeo
872 4506 930 4553 ut
951 4499 1147 4552 nullam
1177 4497 1436 4567 ejusmodi
1467 4498 1624 4552 aliam
1654 4497 1861 4552 exulta-

1969 3304 2189 3359 Mullum
2219 3316 2396 3359 autem
2429 3307 2857 3374 reprehendebat
2884 3325 2976 3364 cos
3005 3311 3093 3378 qui
3124 3310 3319 3368 ferrum
3360 3324 3537 3385 gesta-

1967 3395 2129 3462 bant,
2170 3406 2225 3451 et
2267 3411 2475 3452 comam
2519 3400 2847 3455 nutriebant.
2896 3401 2960 3456 lli
3003 3404 3181 3472 enim,
3225 3403 3427 3474 inquit,
3475 3420 3536 3464 se

1963 3495 2243 3543 ostentant
2268 3497 2323 3543 et
2350 3499 2593 3558 quaerunt
2622 3490 2830 3559 placere
2862 3492 3198 3561 hominibus,
3229 3512 3350 3552 cum
3377 3513 3537 3569 opor-

1966 3588 2078 3637 teat
2118 3582 2263 3650 ipsos
2302 3582 2481 3649 potius
2520 3594 2716 3650 corpus
2756 3582 2970 3638 solvere
3005 3582 3260 3654 jejuniis,
3299 3594 3355 3642 et
3390 3589 3533 3657 quod

1967 3674 2165 3729 bonum
2210 3682 2294 3729 est
2332 3673 2509 3728 facere
2550 3676 2601 3727 in
2633 3674 2881 3740 occulto;
2914 3676 2948 3728 ii
2982 3690 3110 3730 vero
3161 3691 3265 3730 non
3294 3678 3405 3744 Sic,
3435 3678 3529 3734 sed

1966 3779 2027 3819 se
2059 3765 2338 3833 propalant
2368 3764 2637 3819 omnibus.
2670 3764 2735 3818 Et
2763 3763 2890 3833 qttid
2922 3780 3057 3834 opus
3094 3766 3366 3833 pluribus?
3407 3768 3535 3822 0m-

1970 3857 2052 3909 nis
2078 3854 2220 3909 enim
2250 3854 2368 3925 ejus
2394 3855 2635 3908 doctrina
2662 3865 2744 3909 est
2770 3855 2884 3921 ejus
2911 3855 3031 3908 vita:
3056 3854 3298 3910 instituto
3322 3856 3534 3926 similis,

1965 3957 2123 4013 quam
2155 3958 2254 3997 nec
2282 3943 2400 4012 quis
2426 3944 2658 3997 scribere
2686 3944 2916 4013 potuerit
2946 3959 3045 3997 nec
3074 3943 3272 3999 dicere.
3302 3944 3533 4001 Plurima

1967 4049 2097 4104 ergo
2126 4032 2409 4088 nobiscum
2441 4048 2683 4088 seorsum
2706 4073 2722 4099 ,
2755 4044 2863 4089 tota
2894 4048 3037 4103 saepe
3066 4034 3392 4090 hebdomada
3418 4037 3536 4091 dis-

1970 4123 2234 4189 serendo,
2287 4124 2500 4177 tandem
2553 4122 2828 4178 dimittens
2878 4124 3049 4177 dixit:
3097 4123 3296 4179 flabete
3344 4140 3528 4193 pacem

1970 4213 2113 4270 inter
2137 4228 2263 4275 vos,
2295 4228 2466 4281 neque
2493 4213 2815 4281 separemini
2846 4214 2896 4267 in
2916 4196 3032 4267 aia.

2039 4300 2174 4357 Cum
2206 4312 2386 4355 autem
2418 4301 2644 4357 dixisset
2674 4301 2742 4356 iis
2769 4304 2858 4371 qui
2888 4316 3006 4356 cum
3040 4304 3156 4372 ipso
3181 4314 3332 4358 erant
3361 4305 3537 4360 fratri-

1967 4392 2103 4458 bus,
2132 4394 2377 4463 quisnam
2410 4409 2472 4448 ex
2506 4394 2633 4463 ipsis
2661 4395 2824 4449 vellet
2865 4410 2961 4448 nos
2992 4395 3254 4450 deducere
3296 4395 3362 4450 ad
3407 4396 3535 4452 visi-

1971 4485 2164 4538 tandos
2210 4485 2345 4538 alios
2393 4484 2618 4549 Patres,
2666 4495 2881 4541 sanctus
2932 4486 3149 4554 Apollo,
3198 4487 3365 4542 tribus
3409 4486 3536 4544 viris

294 4592 495 4645 “ouem
532 4591 585 4644 in
614 4598 752 4644 lem,
779 4588 961 4643 videre
1001 4587 1181 4653 licem,
1212 4603 1310 4642 nec
1340 4587 1576 4642 [minam
1606 4601 1862 4658 corpora-
1891 4602 1946 4665 η
1972 4574 2195 4628 delectis
2222 4574 2310 4644 qui
2340 4574 2580 4628 valerent
2624 4586 2687 4665 et
2716 4589 2964 4630 sermone
3003 4586 3057 4630 et
3100 4577 3219 4631 vita:
3257 4577 3534 4645 instituto,

294 4682 425 4737 lem.
455 4679 635 4749 Neque
678 4679 819 4735 enim
853 4687 971 4733 erat
999 4679 1139 4734 inter
1167 4692 1259 4733 eos
1297 4676 1486 4747 aliquis
1522 4688 1744 4732 moestus
1772 4688 1865 4733 aut

290 4775 498 4841 tristis;
532 4774 623 4828 sed
654 4774 697 4827 si
728 4773 846 4840 quis
869 4771 1148 4827 videbatur
1174 4786 1284 4841 prae
1318 4785 1376 4825 se
1406 4770 1542 4825 ferre
1572 4770 1862 4838 tristitiam,

291 4865 474 4919 statim
505 4871 658 4933 pater
703 4861 893 4929 Apollo
935 4876 999 4916 ex
1044 4875 1110 4915 eo
1138 4860 1358 4929 rogabat
1396 4874 1632 4925 causam,
1663 4870 1719 4915 et
1744 4876 1863 4930 qua:

289 4955 521 5009 erantin
573 4953 783 5008 occulto
818 4952 1229 5022 uniuscujusque
1265 4951 1469 5017 cordis,
1503 4953 1860 5007 renuntiabat.

294 5044 515 5099 Dicebat
542 5053 716 5098 autem
743 5060 756 5096 :
788 5041 904 5097 Non
925 5049 1137 5111 oportet
1163 5055 1281 5095 esse
1315 5042 1494 5097 tristes
1522 5050 1739 5110 propter
1766 5057 1855 5097 sa-

290 5134 479 5201 lutem,
510 5148 631 5190 cum
680 5132 838 5187 futttri
885 5130 1050 5186 simus
1097 5131 1335 5186 Ita-redes
1380 5132 1528 5202 regni
1581 5133 1859 5187 cmlorum.

288 5224 497 5279 Tristes
524 5234 718 5286 autem,
752 5221 942 5291 inquit,
984 5230 1140 5276 erunt
1168 5220 1409 5290 gentiles,
1440 5221 1639 5277 flebunt
1667 5221 1857 5287 .lndazi,

287 5313 547 5381 lugebant
576 5320 915 5381 peccatores;
936 5308 1062 5379 justi
1108 5320 1282 5364 autem
1314 5310 1661 5365 la'tahuntur:
1692 5320 1746 5366 et
1770 5311 1861 5381 qui

293 5411 509 5456 terrena
538 5402 752 5472 quidem
801 5399 979 5453 animo
1025 5400 1242 5469 agitant,
1300 5400 1546 5454 laetantur
1590 5402 1642 5455 in
1700 5402 1857 5455 rebus

297 5494 562 5559 terrenis;
588 5508 682 5548 nos
710 5504 885 5548 autem
914 5493 1003 5560 qui
1034 5501 1175 5547 tanta
1218 5506 1312 5561 spe
1339 5492 1481 5561 digni
1509 5507 1693 5547 sumus
1722 5493 1868 5547 habi-

293 5586 355 5653 ti,
385 5585 650 5655 quomodo
681 5600 785 5637 non
809 5584 1050 5638 laetamur
1073 5583 1371 5652 perpetuo?
1398 5598 1517 5637 cum
1551 5584 1702 5638 nobis
1724 5585 1866 5651 Apo-

288 5678 459 5733 stolus
485 5676 727 5739 suadeat,
774 5683 830 5729 ut
858 5689 1075 5745 semper
1121 5675 1383 5739 iretcmur,
1434 5684 1487 5728 et
1516 5674 1568 5728 in
1615 5674 1863 5728 omnibus

287 5768 488 5841 gratias
515 5780 731 5837 agamus
755 5764 808 5834 (ι
840 5763 1011 5820 Tlms
1047 5765 1124 5821 vl.
1170 5765 1298 5832 Quis
1326 5772 1499 5821 autem
1530 5764 1722 5822 dixerit
1748 5763 1865 5834 ejus

1968 4674 2225 4735 erantque
2254 4667 2408 4733 periti
2441 4666 2629 4734 lingua:
2661 4664 2858 4721 Graeca:
2891 4677 2944 4721 ct
2974 4665 3225 4721 Romanu:
3252 4677 3305 4721 et
3332 4668 3548 4740 Egyp.

1965 4755 2154 4823 tiacze,
2207 4772 2331 4810 cum
2381 4757 2458 4811 eis
2506 4772 2603 4810 nos
2648 4756 2921 4811 dimittens
2948 4798 2962 4822 ,
3007 4757 3163 4825 jus~it
3206 4762 3284 4812 eis
3325 4776 3392 4814 ne
3437 4776 3535 4816 nos

1966 4849 2112 4918 prius
2166 4848 2535 4916 relinquerent
2582 4860 2739 4915 quam
2785 4849 3110 4902 satisfactum
3157 4862 3300 4906 esset
3346 4862 3533 4908 nostro

1964 4942 2314 4996 videndorum
2356 4940 2574 4994 Patrum
2615 4941 2920 4995 desiderio:
2962 4957 3095 5010 quos
3132 4943 3175 4996 si
3216 4944 3334 5013 quis
3372 4945 3534 5001 vellet

1965 5048 2152 5088 omnes
2179 5032 2382 5099 videre,
2410 5032 2475 5086 ad
2505 5045 2598 5086 eos
2623 5031 2959 5100 aspiciendos
2982 5041 3086 5086 tota
3116 5034 3219 5087 vita
3247 5049 3351 5089 non
3378 5034 3531 5089 suffl—

1961 5130 2127 5179 ceret.
2155 5123 2287 5176 Cum
2320 5121 2474 5176 nobis
2510 5135 2637 5189 ergo
2665 5122 3057 5188 benedixisset,
3090 5125 3420 5189 amandavit,
3449 5126 3533 5181 di-

1960 5226 2119 5267 cens:
2146 5209 2427 5264 Benedicat
2448 5225 2541 5263 vos
2569 5210 2820 5265 Dominus
2834 5226 2896 5265 ex
2921 5210 3268 5277 Sion,etvide
3287 5216 3371 5267 :tis
3391 5214 3528 5270 bona

1959 5303 2252 5361 Jerusalem
2281 5302 2526 5358 omnibus
2551 5301 2733 5356 diebus
2754 5303 2875 5357 vita
2904 5313 3093 5358 vestra:
3111 5303 3279 5376 (Psal.
3300 5305 3531 5379 cxxvu).

2038 5396 2199 5451 Nobis
2238 5403 2413 5448 autem
2461 5396 2855 5450 ambulantibus
2896 5396 3115 5451 meridie
3156 5412 3250 5467 per
3287 5398 3531 5453 solitudi-

1968 5503 2123 5553 nem,
2170 5487 2413 5540 videmus
2461 5493 2685 5540 tractum
2733 5487 2906 5555 magni
2953 5486 3233 5553 draconis,
3280 5488 3372 5557 qui
3417 5497 3532 5543 tau-

1963 5595 2121 5650 quam
2152 5580 2328 5634 trabes
2356 5589 2469 5633 erat
2497 5585 2799 5647 protractus
2824 5593 2917 5648 per
2940 5593 3158 5633 arenam
3186 5596 3200 5634 :
3226 5595 3382 5649 quem
3404 5594 3525 5635 cum

1965 5667 2281 5726 vidisscinus
2304 5711 2317 5732 ,
2357 5683 2457 5724 nos
2496 5684 2714 5739 magnus
2758 5668 2917 5723 timor
2955 5670 3163 5723 invasit.
3207 5669 3307 5737 Qui
3344 5680 3525 5727 autent

1968 5777 2062 5819 nos
2103 5762 2367 5819 ducebant
2408 5763 2635 5845 fratres,
2679 5759 2874 5816 hortati
2916 5769 3041 5815 sunt
3080 5770 3145 5816 ne
3187 5761 3530 5827 timeremus.
