4060 6568
586 401 717 458 1151

2045 396 2363 457 PALLADII

3661 402 3766 460 “Si

609 542 702 596 sed
739 555 979 596 essemus
1014 540 1154 595 bono
1193 551 1400 604 animo,
1439 546 1493 592 et
1533 547 1878 604 sequeremur
1916 530 2163 585 draconis
2191 528 2497 594 Adimisit,
2542 536 2600 585 ut
2643 534 2732 601 qui
2778 533 2854 586 eis
2900 533 3111 586 tristitia
3156 531 3352 590 affectis
3391 537 3515 591 nihil
3545 546 3753 611 prodesse

612 634 890 703 vestigium
919 650 933 685 :
965 630 1224 686 Videbitis
1251 630 1389 683 enim
1422 628 1576 682 ﬁdem
1609 634 1841 679 nostram
1863 665 1877 688 ,
1908 636 2027 674 cum
2064 620 2164 688 ipsi

610 725 778 782 simus
817 740 937 780 eum
977 739 1137 778 manu
1177 733 1353 775 nostra
1396 718 1713 789 superaturi.
1759 717 1949 771 Multos
1989 714 2157 779 enim,

620 816 896 885 inquiunt,
938 824 989 867 et
1029 813 1283 867 dracones
1324 818 1377 865 et
1416 818 1650 863 cerastas
1692 823 1848 860 manu
1889 801 2162 859 interfeci-

619 921 738 959 tnus
758 944 775 971 ,
811 905 946 957 sicut
972 903 1221 970 scriptum
1252 908 1353 954 est.
1385 898 1438 953 ln
1467 900 1545 952 eis
1573 899 1710 951 enim
1756 895 2070 962 implebatur
2099 891 2135 945 il

614 998 751 1051 iud:
794 995 924 1049 Dedi
968 994 1113 1047 vobis
1154 1001 1464 1060 potestatem
1507 986 1806 1043 ambulandi
1850 1001 2011 1054 super
2044 998 2162 1037 ser-

614 1097 799 1156 pentes
839 1095 891 1139 et
930 1086 1269 1152 scorpiones,
1313 1091 1365 1138 et
1406 1096 1564 1150 super
1594 1095 1803 1133 omnem
1846 1086 2160 1148 potestatem

610 1177 808 1231 :nimici
841 1175 1034 1245 (Luae
1068 1191 1098 1227 x
1124 1173 1164 1243 ).
1196 1173 1300 1226 Nos
1328 1181 1502 1226 autem
1544 1171 1629 1238 qui
1664 1168 1961 1223 ferebamur
1991 1167 2165 1221 incre-

608 1266 863 1329 dulitate,
903 1276 954 1319 et
1012 1266 1099 1333 qui
1142 1263 1325 1328 majori
1367 1276 1577 1315 eramus
1619 1258 1791 1313 affecti
1838 1258 2158 1320 formidine,

610 1353 923 1421 rogabamus
951 1368 1044 1408 eos
1075 1369 1138 1406 ne
1170 1354 1364 1405 iremus
1396 1366 1487 1419 per
1519 1351 1729 1419 \estigia
1760 1348 2001 1402 draconis
2021 1392 2034 1415 ,
2065 1347 2158 1401 sed

609 1452 750 1499 recta
780 1444 883 1496 via.
918 1441 1064 1496 Unus
1093 1453 1265 1495 autem
1298 1441 1458 1494 frater
1486 1454 1550 1495 ex
1593 1440 1720 1505 ipsis
1741 1478 1755 1501 ,
1786 1451 1969 1504 magna
1998 1434 2156 1488 animi

605 1533 907 1598 alacritate,
940 1548 1058 1587 cum
1093 1547 1189 1585 nos
1218 1547 1282 1586 eo
1312 1532 1362 1585 in
1395 1530 1511 1584 loco
1541 1528 1857 1589 dimisisset,
1894 1525 2157 1594 profectus

605 1634 686 1678 est
713 1625 765 1678 in
792 1622 1126 1677 solitudinem
1156 1636 1398 1691 qumrens
1440 1620 1693 1674 belluam.
1728 1617 1894 1683 Quam
1926 1630 2043 1668 cum
2072 1615 2154 1667 in-

608 1714 881 1779 venisset,
915 1730 1017 1767 non
1050 1714 1232 1782 procul
1264 1714 1330 1766 ab
1361 1720 1545 1775 antro,
1588 1723 1776 1779 magna
1815 1723 1946 1761 voce
1984 1708 2156 1761 excla-

605 1805 783 1858 ntabat
808 1804 1088 1857 draconem
1116 1818 1232 1857 esse
1260 1802 1311 1857 in
1341 1802 1593 1870 spelunca
1625 1816 1637 1864 ;
1668 1809 1720 1853 et
1742 1797 1964 1851 vocabat
1991 1798 2151 1866 ipsos,

2266 627 2461 686 posset.
2493 619 2644 676 Mane
2682 632 2856 676 autem
2897 636 3153 691 surgens,
3191 626 3338 677 venit
3378 627 3427 682 in
3466 647 3575 684 cum
3615 638 3755 696 locum

2263 721 2368 776 quo
2417 711 2699 763 transitura
2743 720 2861 764 erat
2911 711 3135 765 bellua:
3183 725 3454 783 postquam
3502 732 3658 777 autem
3700 742 3758 783 ter

2264 797 2407 853 flexit
2438 814 2605 870 genua
2634 801 2701 877 ad
2739 803 3069 870 orationem,
3113 806 3165 859 in
3208 807 3379 874 ipsum
3421 812 3646 868 veniebat
3678 817 3759 875 bet.

2263 888 2346 943 lua
2368 931 2382 954 ,
2417 905 2607 960 magno
2638 905 2755 946 cum
2794 893 3019 948 stridore
3058 909 3270 964 gravem
3314 900 3554 954 emittcns
3590 906 3759 961 anheli.

2262 986 2404 1041 tum,
2447 986 2500 1033 et
2541 980 2894 1034 intumescens
2934 996 2996 1035 ac
3025 982 3279 1046 sibilans,
3322 968 3603 1057 tetrumque
3635 994 3762 1049 edens

2266 1067 2530 1136 Spiritum.
2565 1070 2611 1122 ls
2641 1080 2816 1123 autem
2850 1069 2977 1123 nihil
3005 1072 3253 1136 territus,
3280 1075 3343 1127 ad
3372 1076 3636 1132 draconem
3661 1095 3761 1136 con-

2266 1170 2482 1218 versus,
2514 1157 2689 1210 dixit:
2724 1158 2912 1213 Vincet
2951 1170 3003 1214 te
3040 1159 3191 1215 Jcsus
3230 1160 3493 1229 Christus,
3520 1164 3662 1219 Filius
3696 1171 3762 1225 Dei

2272 1245 2411 1309 vivi,
2457 1248 2543 1311 qui
2587 1256 2669 1301 est
2712 1263 2955 1317 magnum
2997 1261 3171 1305 cetum
3213 1253 3465 1308 victurus.
3505 1255 3649 1326 quue
3672 1276 3763 1316 cum

2269 1334 2523 1402 dixisset,
2560 1339 2797 1403 protinus
2824 1332 3093 1408 dis‘ruptus
3123 1350 3203 1395 est
3231 1342 3420 1410 draco,
3452 1359 3541 1412 per
3568 1362 3619 1400 os
3642 1363 3764 1406 omne

2259 1424 2405 1478 virus
2433 1439 2685 1480 evomens
2716 1442 2833 1480 cum
2863 1430 3137 1497 sanguine.
3180 1430 3309 1484 Cum
3351 1443 3520 1486 autem
3545 1436 3764 1493 venissent

2264 1514 2448 1567 rustici
2492 1516 2776 1583 postridie,
2818 1526 2870 1571 et
2912 1518 3034 1571 illud
3082 1534 3328 1587 maguum
3368 1522 3613 1577 vidissent
3638 1528 3761 1579 mira-

2264 1604 2479 1669 culum,
2528 1614 2582 1660 et
2624 1622 2727 1661 non
2781 1608 2981 1662 ferrent
3023 1611 3299 1676 spiritum,
3346 1611 3397 1665 in
3444 1615 3626 1669 animal
3663 1620 3765 1674 mul-

2260 1700 2367 1747 tam
2394 1708 2602 1749 arenam
2630 1709 3030 1766 congeseruut,
3065 1701 3219 1754 Patre
3255 1700 3358 1756 illic
3385 1701 3462 1756 eis
3493 1714 3694 1769 astante,
3717 1708 3763 1763 ad

2256 1784 2539 1839 draconem
2552 1786 2693 1842 enim
2709 1787 3108 1843 licetmortuum
3131 1803 3234 1843 non
3262 1790 3523 1846 audebant
3538 1794 3762 1852 accedere.

605 1903 662 1948 ut
689 1894 754 1947 ad
781 1907 839 1948 se
880 1894 1120 1946 venirent
1159 1892 1325 1946 visuri
1364 1891 1487 1959 quid
1531 1898 1670 1943 esset
1707 1901 2018 1942 eventurum
2045 1902 2060 1951 ;
2103 1895 2157 1940 et
2188 1889 2233 1947 Β
2329 1873 2466 1929 Puer
2487 1883 2662 1930 autem
2684 1915 2702 1943 ν
2729 1876 2935 1943 inqu“.
2966 1892 3189 1946 Pascens
3215 1893 3334 1935 cum
3363 1884 3763 1949 repentejidisset

602 1983 934 2038 hortantibus
983 1996 1080 2035 nos
1118 1981 1233 2034 aliis
1273 1980 1521 2034 fratribus
1561 1995 1625 2031 ne
1663 1979 1996 2042 timeremus,
2037 1991 2156 2030 cum

600 2088 791 2143 magno
829 2085 971 2127 metu
1014 2071 1239 2124 abiimus
1280 2069 1443 2125 visuri
1486 2069 1737 2124 belluam.
1776 2067 1940 2122 Nobis
1978 2077 2155 2121 autem

600 2170 819 2232 repente
868 2174 1159 2214 occurrens
1210 2157 1372 2210 frater
1402 2172 1583 2221 unus,
1650 2170 1813 2211 manu
1876 2170 1979 2210 nos
2042 2162 2155 2208 tra-

606 2251 684 2308 xit
753 2252 808 2307 in
876 2265 1027 2304 suum
1059 2248 1477 2309 monasterium,
1520 2247 1700 2300 dicens
1742 2259 1839 2298 nos
1869 2259 1970 2297 non
2005 2257 2157 2311 posse

600 2338 738 2395 ferre
766 2340 1019 2408 impetum
1051 2339 1279 2402 bellum,
1312 2347 1358 2391 et
1394 2336 1623 2390 maxime
1653 2335 1788 2402 quod
1819 2334 2047 2388 nondum
2076 2334 2157 2384 vi-

600 2429 858 2484 dissemus
890 2430 1046 2483 ta'em
1065 2469 1080 2493 ,
1111 2442 1169 2483 se
1194 2442 1319 2482 vero
1346 2441 1488 2495 saepe
1510 2427 1705 2480 vidisse
1732 2426 1897 2495 ipsam
1929 2425 2154 2478 belluam

602 2529 711 2575 tam
744 2530 890 2574 vasta
923 2517 1317 2587 magnitudine,
1352 2527 1407 2571 ut
1434 2531 1550 2586 quae
1578 2516 1644 2569 sit
1677 2516 1791 2585 plus
1819 2531 1973 2585 quam
2004 2514 2157 2583 quin-

600 2611 769 2665 decim
798 2610 1118 2665 cubitorum.
1148 2609 1276 2663 Cum
1306 2622 1403 2663 nos
1431 2621 1556 2675 ergo
1581 2605 1830 2674 jussisset
1857 2619 2071 2657 manere
2102 2603 2154 2657 in

600 2699 748 2765 loco,
779 2699 908 2754 abiit
951 2698 1015 2753 ad
1050 2699 1267 2754 fratrem
1288 2739 1302 2763 ,
1336 2698 1518 2753 dicens
1548 2698 1597 2750 ei
1628 2707 1683 2750 ut
1713 2697 1985 2751 recederet
2013 2710 2038 2745 a
2070 2709 2157 2748 ca-

600 2805 800 2857 verna;
846 2790 1138 2845 conabatur
1183 2789 1324 2845 enim
1368 2789 1457 2843 ille
1498 2803 1526 2841 a
1571 2789 1688 2842 loro
1733 2802 1835 2840 non
1875 2786 2148 2851 recedere,

603 2884 909 2950 priusquam
945 2880 1303 2936 interfecisset
1330 2880 1637 2934 draconem.
1665 2879 1761 2932 Cui
1794 2893 1913 2931 cum
1944 2891 2148 2943 persua-

599 2972 796 3035 sisset,
828 2986 947 3024 eum
979 2971 1124 3024 ducit
1150 2970 1214 3023 ad
1245 2985 1343 3024 nos
1375 2971 1730 3037 increpantem
1770 2968 2029 3021 modicam
2058 2982 2148 3020 no-

598 3070 763 3115 stram
794 3061 968 3114 fidem.
998 3061 1341 3128 Quiescentes
1366 3070 1538 3113 autem
1562 3059 1699 3127 apud
1730 3058 1873 3111 illum
1903 3057 2148 3123 fratrem,

598 3150 688 3217 qui
718 3151 928 3204 circiter
959 3166 1118 3203 unum
1148 3150 1372 3204 milliare
1400 3159 1657 3204 remotum
1703 3147 1930 3204 habebat
1970 3164 2145 3204 mona-

596 3240 812 3293 sterium
834 3279 849 3305 ,
878 3240 1007 3293 satis
1036 3239 1217 3296 refecti
1247 3254 1449 3295 sumus.

1180 3329 1404 3385 CAPUT
1445 3329 1571 3384 Llll.

1090 3420 1208 3476 Vita
1247 3422 1438 3475 abbatis
1477 3424 1659 3476 Anum.

669 3505 764 3564 Ille
789 3517 962 3564 autem
990 3512 1139 3564 nobis
1168 3511 1448 3577 narrabat,
1477 3512 1529 3565 in
1560 3512 1649 3566 illo
1680 3513 1798 3567 loco
1824 3514 1875 3567 in
1906 3530 2011 3583 qtto
2041 3515 2157 3584 ipse

597 3601 848 3665 sedebat,
891 3600 1053 3655 fuisse
1101 3602 1269 3655 virum
1309 3612 1585 3667 sanctum,
1626 3604 1777 3671 cujus
1808 3605 1921 3673 ipse
1953 3606 2049 3660 fuit
2077 3608 2158 3659 di-

606 3690 872 3759 scipulus,
902 3691 1115 3745 nomine
1142 3691 1315 3746 Amun
1347 3692 1364 3760 (
1392 3692 1534 3759 lin/7‘.
1556 3732 1571 3758 ,
1603 3695 1640 3747 ι.
1673 3709 1710 3747 ιι
1732 3736 1745 3757 ,
1776 3712 1886 3763 cap.
1922 3695 1982 3764 8,
2016 3708 2155 3752 t'ocat

599 3782 947 3851 Ammonem),
966 3783 1055 3853 qui
1071 3785 1121 3837 in
1137 3783 1225 3838 illo
1243 3783 1360 3837 loco
1377 3785 1627 3851 plurimas
1654 3785 1774 3841 fecit
1804 3788 2060 3855 virtutes;
2093 3791 2155 3845 ad

602 3888 757 3940 quem
789 3889 931 3941 saepe
971 3872 1205 3929 latrones
1231 3876 1504 3930 venientes
1525 3916 1538 3937 ,
1571 3877 1895 3944 accipiebant
1923 3879 2037 3948 ejus
2068 3896 2159 3949 pa-

602 3979 721 4017 nem
752 3974 803 4018 et
844 3964 1114 4020 alimenta.
1161 3964 1284 4020 llaec
1321 3981 1449 4031 ergo
1487 3980 1627 4036 aegre
1659 3968 1862 4034 ferens,
1891 3987 2009 4026 cum
2051 3987 2158 4027 uno

598 4042 683 4105 die
725 4068 968 4122 egressus
1010 4063 1154 4109 esset
1199 4056 1247 4107 in
1293 4056 1670 4124 solitudinem,
1715 4059 1937 4115 adduxit
1977 4077 2155 4134 secum

599 4144 733 4197 thros
771 4157 988 4212 magnos
1025 4143 1314 4211 dracones,
1356 4157 1408 4200 et
1441 4146 1600 4214 jussit
1638 4150 1715 4202 eis
1756 4159 1811 4202 ut
1854 4152 1907 4204 in
1948 4165 2012 4206 eo
2041 4153 2158 4207 loco

599 4242 881 4289 manerent
901 4274 916 4297 ,
946 4244 999 4287 et
1030 4242 1232 4302 portam
1262 4237 1607 4291 custodirent.
1654 4238 1943 4294 Homicida:
1980 4253 2155 4297 autem

597 4337 717 4376 cum
751 4339 847 4390 pro
885 4338 1032 4376 more
1077 4325 1376 4391 venissent,
1415 4337 1466 4381 et
1507 4328 1764 4385 vidissent
1807 4333 2153 4401 miraculum,

601 4425 713 4479 pra:
742 4421 956 4479 stupore
987 4412 1193 4465 hiantes
1224 4414 1529 4469 ceciderunt
1569 4416 1621 4473 in
1656 4419 1867 4475 faciem.
1900 4421 2157 4492 Egressus

598 4508 775 4554 autem
807 4499 1008 4553 invenit
1036 4516 1127 4554 eos
1158 4511 1329 4556 mutos
1349 4545 1362 4565 ,
1406 4514 1459 4557 et
1504 4504 1616 4561 fere
1655 4510 2029 4565 semimortuus
2057 4528 2069 4575 ;
2103 4521 2156 4565 et

2259 1963 2433 2021 adhuc
2481 1966 2658 2021 vivum
2705 1967 3032 2032 draconem,
3079 1971 3255 2023 statim
3297 1979 3471 2025 emota
3503 1983 3660 2026 mente
3694 1973 3763 2029 fuit

2256 2056 2589 2111 exanimatus
2614 2073 2628 2123 ;
2655 2056 2823 2126 jacuit
2855 2059 3033 2127 itaque
3063 2074 3192 2128 puer
3220 2061 3348 2115 nihil
3378 2061 3581 2129 spirans
3608 2065 3653 2116 in
3676 2063 3763 2119 loco

2258 2152 2368 2197 tota
2396 2145 2482 2200 die
2510 2147 2563 2200 in
2592 2148 2895 2204 solitudine.
2927 2150 3058 2204 Cum
3089 2166 3207 2206 eum
3245 2162 3425 2207 autem
3466 2154 3545 2206 sui
3585 2169 3761 2223 vespm

2258 2233 2585 2291 invenissent
2634 2252 2821 2305 parum
2872 2241 3197 2309 spirantem,
3244 2251 3411 2298 totum
3465 2244 3679 2299 inflatum
3716 2263 3763 2302 ex

2258 2327 2489 2393 ecstasi,
2539 2326 2812 2384 deducunt
2858 2333 2925 2385 ad
2976 2342 3216 2401 patrem,
3263 2335 3564 2403 ignorantes
3599 2349 3764 2390 musam

2259 2414 2377 2483 ejus
2412 2416 2553 2484 quod
2585 2417 2876 2475 acciderat.
2908 2421 3039 2475 Cum
3069 2422 3115 2477 is
3144 2433 3317 2479 autem
3346 2436 3581 2489 orasset,
3607 2437 3651 2478 et
3675 2442 3765 2480 cina

2259 2512 2497 2565 unxisset
2522 2511 2671 2577 oleo,
2704 2512 2933 2567 surrexit
2963 2529 3093 2583 puer
3119 2529 3341 2570 narrans
3372 2514 3426 2569 id
3469 2517 3602 2585 quod
3639 2516 3765 2571 fuerat

2255 2596 2672 2666 deprehensum.
2705 2601 2817 2667 Qua
2848 2617 2905 2656 re
2937 2604 3017 2656 vir
3047 2606 3277 2657 maxime
3313 2614 3522 2670 motus,
3549 2603 3607 2658 ad
3634 2603 3766 2659 interi-

2258 2689 2513 2744 mendum
2545 2690 2829 2748 draconem
2862 2700 2945 2746 est
2972 2707 3286 2750 conversus.

2841 2778 3068 2837 CAPUT
3106 2783 3239 2839 LIV.

2500 2871 2621 2926 Vita
2658 2873 2852 2927 abbatis
2891 2873 3056 2942 Copre
3094 2873 3243 2946 (109.)
3282 2874 3577 2945 presbyteri.

2332 2961 2459 3016 Erat
2485 2974 2660 3018 autem
2695 2964 2808 3018 illic
2844 2963 3055 3034 quidam
3087 2970 3383 3035 presbyter,
3430 2968 3515 3036 qui
3556 2976 3765 3022 monaste

2258 3050 2394 3104 rium
2436 3067 2599 3120 prope
2642 3053 2869 3108 habebat
2915 3056 2969 3108 in
3007 3056 3323 3120 solitudine,
3369 3057 3565 3124 Copres
3600 3057 3766 3110 nomine

2258 3142 2466 3212 (fin/)1,
2500 3145 2588 3197 lib.
2621 3161 2691 3211 ιι,
2722 3160 2834 3213 cap.
2865 3147 2934 3215 9)
2965 3164 2981 3198 :
3013 3147 3093 3202 vir
3120 3158 3375 3213 sanctus,
3404 3164 3560 3218 prepe
3588 3165 3765 3219 nomge-

2178 3241 2224 3303 ο
2257 3236 2466 3303 narius,
2499 3237 2817 3305 prmpositus
2862 3238 3086 3292 fratrum
3126 3241 3539 3311 quinquaginta,
3576 3243 3650 3310 qui
3682 3246 3764 3309 ipse

2261 3340 2472 3394 quoque
2504 3326 2681 3393 plures
2710 3326 2936 3381 faciebat
2966 3329 3215 3397 virtutes,
3252 3332 3460 3385 morbis
3491 3333 3706 3398 medens,
3728 3342 3764 3385 et

2256 3418 2451 3470 multas
2482 3418 2681 3471 faciens
2721 3420 3056 3487 curationes,
3106 3430 3159 3475 et
3201 3422 3479 3476 daemones
3520 3424 3763 3492 expellens.

2262 3517 2312 3563 et
2342 3524 2428 3563 res
2457 3510 2655 3563 multas
2682 3510 2925 3565 efficiens
2945 3550 2961 3576 ,
2993 3520 3150 3581 atque
3178 3513 3309 3567 adeo
3351 3517 3596 3582 quasdam
3631 3516 3671 3568 in
3698 3531 3764 3568 no-

2257 3598 2387 3652 stris
2416 3601 2604 3653 oculis.
2634 3601 2681 3653 Is
2710 3615 2838 3669 ergo
2864 3612 3138 3671 postquam
3172 3618 3269 3657 nos
3297 3605 3437 3658 vidit
3466 3607 3703 3665 salutavit.
3726 3616 3763 3659 et

2260 3702 2354 3755 pro
2398 3689 2549 3742 nobis
2578 3691 2784 3754 oravit,
2816 3699 2871 3744 et
2903 3699 3178 3759 postquam
3211 3693 3383 3760 pedes
3415 3706 3609 3747 nosnos
3642 3694 3762 3749 lavis-

2257 3788 2374 3845 set,
2407 3781 2705 3836 sciscitatus
2732 3793 2813 3835 est
2844 3798 2871 3834 a
2904 3783 3089 3849 nobis,
3121 3799 3369 3853 quasnam
3418 3786 3468 3838 in
3506 3786 3677 3839 mundo
3699 3785 3761 3837 fie-

2258 3877 2419 3933 rent;
2453 3883 2552 3924 nos
2578 3880 2755 3924 autem
2805 3873 3139 3942 rogavimus,
3188 3882 3246 3927 ut
3295 3874 3417 3943 ipse
3461 3874 3598 3928 nobis
3635 3874 3760 3941 potius

2257 3967 2549 4026 exponeret
2586 3954 2671 4012 sui
2703 3961 2824 4014 vitae
2870 3962 3093 4015 instituti
3136 3961 3403 4027 virtutes,
3445 3972 3496 4017 et
3532 3977 3621 4030 quo
3647 3962 3761 4016 modo

2256 4056 2401 4100 esset
2427 4046 2569 4103 Deus
2595 4046 2646 4102 ei
2673 4047 2810 4102 dona
2841 4049 3091 4119 largitus,
3120 4059 3175 4105 et
3204 4065 3443 4118 quanam
3472 4051 3652 4106 ratione
3671 4051 3761 4104 fuis-

2256 4151 2339 4193 set
2368 4142 2634 4209 particeps
2660 4142 2774 4211 ejus
2800 4144 3006 4212 gratim.
3038 4142 3086 4198 ls
3112 4154 3291 4198 autem
3319 4146 3474 4198 nulta
3501 4160 3563 4200 eo
3596 4145 3760 4199 nomine

2256 4230 2427 4285 elatus
2454 4231 2701 4300 superbia
2720 4276 2735 4299 ,
2767 4233 2922 4287 nobis
2952 4247 3103 4287 suam
3132 4235 3290 4286 vitam
3324 4235 3559 4288 narravit
3580 4275 3593 4299 ,
3618 4243 3661 4287 et
3682 4247 3759 4284 uu-

2252 4323 2426 4390 jorum
2454 4336 2671 4376 suorum
2703 4322 2789 4393 qui
2828 4322 3002 4391 ipsum
3044 4333 3403 4392 superarunt,
3444 4340 3649 4393 quorum
3680 4323 3761 4386 ipse

2254 4414 2374 4467 vita:
2402 4414 2697 4469 institutum
2722 4424 2803 4469 est
2826 4415 3059 4468 imitatus
3088 4431 3102 4467 :
3132 4414 3245 4468 Non
3272 4423 3387 4478 est,
3419 4414 3602 4483 inquit,
3629 4428 3655 4465 ο
3676 4412 3761 4472 Elii,

2254 4506 2395 4575 quod
2423 4521 2454 4561 a
2484 4522 2568 4561 me
2597 4506 2653 4560 fit
2681 4507 3026 4571 admirabile,
3053 4509 3101 4562 si
3123 4506 3435 4563 conferatur
3462 4523 3574 4562 eum
3603 4508 3656 4561 iis
3676 4521 3760 4574 qua

596 4605 715 4644 cum
767 4604 859 4643 eos
906 4589 1229 4658 excitasset,
1278 4594 1485 4658 probris
1535 4612 1628 4651 eos
1672 4597 1878 4663 affecit,
1925 4599 2145 4655 dicens;
2180 4595 2232 4655 D
2256 4600 2309 4653 in
2346 4600 2450 4652 vita
2479 4608 2626 4669 gesta
2657 4608 2781 4653 sunt
2809 4613 2837 4652 a
2868 4598 3115 4654 Patribus
3144 4601 3368 4653 nostris.
3403 4601 3599 4654 Etcum
3622 4612 3761 4651 narra-

582 4677 783 4732 'Videte
808 4686 1058 4746 quantum
1086 4682 1212 4731 estis
1255 4680 1442 4738 bestiis
1483 4689 1835 4754 agrestiores;
1875 4703 1994 4740 nam
2042 4690 2153 4743 ista:

599 4771 806 4836 quidem
842 4777 1056 4837 propter
1095 4769 1262 4828 Deum
1297 4786 1491 4829 nostra:
1521 4785 1707 4844 parent
1744 4777 2029 4841 voluntati,
2063 4786 2157 4833 vos

595 4869 774 4913 autem
819 4876 996 4935 ιμεςῄιε
1024 4865 1185 4919 Deum
1216 4865 1468 4919 timuistis
1493 4910 1507 4933 ,
1541 4882 1709 4935 neque
1740 4868 2154 4923 Christianorum

595 4950 727 5009 satis
776 4954 996 5008 reveriti
1044 4954 1370 5021 religionem.
1414 4956 1730 5010 Introductis
1771 4966 1943 5011 autem
1986 4956 2060 5011 eis
2106 4960 2155 5011 in

597 5043 787 5096 cellam
810 5084 825 5108 ,
858 5058 1096 5097 mensam
1129 5047 1404 5111 apposuit,
1438 5054 1492 5098 et
1521 5065 1548 5098 ιι
1574 5049 1724 5100 οηυὶῑ
1750 5057 1806 5101 ut
1835 5064 2008 5102 mores
2039 5065 2152 5101 mu-

598 5141 788 5186 tarent.
841 5132 917 5186 Illi
965 5142 1139 5188 autem
1192 5145 1502 5201 Surgentes,
1552 5139 1790 5205 protinus
1835 5138 2013 5193 multis
2054 5139 2151 5193 visi

598 5232 721 5276 sunt
764 5226 1044 5288 meliores;
1092 5240 1193 5277 non
1230 5226 1393 5278 multo
1437 5233 1556 5294 post
1591 5236 1763 5281 autem
1804 5228 1901 5298 ipsi
1943 5244 2152 5299 quoque

601 5311 701 5365 visi
732 5320 856 5366 sunt
883 5313 1065 5366 eadem
1096 5315 1243 5382 signa
1273 5314 1471 5368 facere.

669 5402 964 5470 Aliquando
990 5413 1161 5456 autem
1184 5445 1198 5470 ,
1228 5404 1422 5472 inquit,
1446 5419 1564 5459 cum
1593 5422 1725 5460 unus
1752 5424 1967 5477 magnus
1993 5409 2152 5464 draco

598 5491 941 5559 propinquam
975 5501 1207 5544 vastaret
1250 5495 1550 5563 regimzem,
1598 5505 1650 5549 et
1690 5499 1849 5548 multa
1888 5500 2152 5554 occideret

599 5580 880 5645 animalia,
911 5582 1207 5650 quicunque
1245 5582 1549 5637 habitabant
1584 5586 1733 5654 juxta
1775 5589 2107 5644 solitudinem
2134 5631 2149 5656 ,

602 5681 789 5721 ontues
817 5671 972 5723 simul
1005 5682 1264 5725 venerunt
1295 5673 1357 5725 ad
1394 5672 1600 5726 Patrem
1624 5717 1636 5738 ,
1678 5687 1920 5744 rogantes
1962 5689 2017 5731 ut
2061 5679 2154 5732 de-

611 5757 801 5814 leretur
841 5759 1006 5813 bellua
1047 5776 1111 5814 ex
1154 5776 1332 5815 eorum
1375 5764 1607 5832 regione.
1658 5766 1702 5817 ls
1741 5778 1915 5820 autem
1959 5784 2049 5823 cos
2082 5769 2151 5823 ita

2255 4698 2337 4745 ret
2365 4692 2518 4744 nobis
2549 4692 2744 4758 Copres
2775 4690 3057 4761 presbyter
3083 4706 3200 4758 qua:
3234 4700 3391 4746 recte
3426 4700 3478 4746 et
3516 4706 3575 4746 ex
3613 4690 3760 4743 virtute

2252 4789 2395 4849 gesta
2428 4781 2640 4835 fuerant
2670 4795 2696 4832 a
2729 4780 2975 4834 Patribus
2998 4821 3011 4842 ,
3046 4794 3180 4833 unus
3223 4794 3288 4833 ex
3328 4780 3576 4833 fratribus
3612 4779 3760 4831 nostris

2252 4875 2576 4936 dormitans,
2609 4884 2666 4925 ut
2696 4874 2785 4941 qui
2818 4874 2880 4925 iis
2909 4888 3026 4941 quae
3056 4873 3375 4927 dicebantur
3410 4872 3562 4925 ﬁdem
3603 4884 3761 4935 neum-

2253 4979 2407 5032 quam
2441 4962 2693 5024 haberet,
2727 4962 2868 5013 videt
2900 4960 2953 5012 in
2979 4960 3095 5028 ejus
3136 4961 3389 5013 manibus
3429 4960 3606 5013 librum
3636 4956 3760 5009 adad.

2258 5054 2509 5114 rabilem,
2544 5053 2794 5118 scriptum
2830 5051 3022 5103 litteris
3065 5051 3240 5102 aureis
3263 5091 3277 5111 ,
3320 5060 3376 5103 et
3415 5064 3593 5102 canum
3628 5050 3759 5098 virum

2258 5151 2519 5195 astantem
2542 5184 2554 5206 ,
2590 5151 2641 5195 et
2672 5141 2946 5193 minaciter
2974 5138 3021 5197 ei
3050 5138 3313 5192 dicentem
3340 5155 3353 5189 :
3396 5138 3504 5191 Non
3544 5136 3671 5189 audis
3698 5142 3758 5183 al-

2258 5238 2400 5283 tcnte
2430 5229 2709 5289 Iacturam,
2738 5228 2827 5281 sed
2862 5228 3159 5281 dormitas?
3191 5228 3234 5279 is
3253 5238 3428 5280 autem
3448 5226 3755 5280 conturbatus.

2262 5318 2407 5371 nobis
2435 5332 2555 5371 eum
2587 5317 2951 5381 audientibus,
2995 5318 3173 5372 statim
3212 5318 3351 5384 quod
3393 5318 3679 5370 auslicratet
3702 5315 3757 5362 vi-

2252 5410 2404 5463 derat
2446 5408 2687 5462 Romane
2713 5408 2976 5476 exposuit.
3012 5409 3084 5461 Eo
3112 5418 3286 5462 autem
3318 5408 3433 5462 hmc
3462 5408 3602 5460 nobis
3626 5404 3757 5455 adhuc

2254 5499 2504 5560 dicente,
2561 5501 2705 5551 venit
2756 5496 2966 5565 quidam
3021 5498 3247 5551 rusticus
3297 5498 3497 5551 habena
3540 5492 3757 5549 calathum

2254 5603 2451 5647 arena},
2477 5588 2563 5656 qui
2589 5589 2927 5655 exspectabat
2954 5588 3119 5642 donec
3140 5587 3754 5657 implessetnarralionem:

2254 5678 2552 5747 rogavimus
2582 5688 2755 5730 autem
2788 5691 2884 5730 nos
2927 5678 3294 5749 presbyterum
3324 5696 3335 5729 :
3383 5678 3515 5743 Quid
3553 5676 3641 5730 sibi
3674 5672 3753 5722 vult

2256 5771 2484 5824 rusticus
2508 5783 2626 5822 cum
2659 5784 2815 5824 arena
2846 5769 2870 5824 τ
2900 5771 3049 5825 nobis
3080 5772 3344 5841 respondit
3375 5770 3545 5836 Pater,
3576 5768 3751 5823 dicere:
