4112 6506
323 300 470 364 1153

1498 258 1501 261 λ
1566 297 1930 363 HISTORIA
1971 294 2368 361 LAUSIACA.

3464 294 3603 361 115$.

321 409 528 483 μᾶλλον
550 412 895 484 θαρρεῖν-καὶ
908 414 1204 485 ἐπέχεσθαι
1224 411 1303 481 τῷ
1326 411 1463 482 ίχνει
1488 411 1580 465 τοῦ
1600 413 1911 483 δρά-κοντος.
1947 408 1991 463 Α
2021 409 2219 474 αὐτοὺς
2249 409 2496 479 ὠφελεῖν,
2526 410 2904 483 λυπουμένους
2928 412 3055 476 τοὺς
3083 412 3285 485 ἀνδρας
3309 411 3598 467 ἀπέλυσεν.

322 503 569 576 ιὈψεαθε
595 505 724 575 γὰρ,
752 507 907 574 φησὶ,
938 506 1036 576 τὴν
1064 505 1245 558 πίστιν
1273 502 1450 573 ἡμῶν,
1483 502 1784 569 μελλόντων
1812 501 1910 553 αὑ-

318 599 434 652 τῶν
463 596 800 668 χειροῦσθαι.
836 597 1074 660 Πολλοὺς
1107 598 1237 665 γάρ,
1273 596 1431 666 φησὶ,
1466 593 1561 645 καὶ
1589 593 1912 662 δράκοντας,

321 694 422 745 xz".
449 690 718 753 ἀσπίδας,
752 692 845 744 καὶ
879 691 1154 760 κεραστὰς
1199 690 1263 741 ἐκ
1306 686 1491 758 χειρὸς
1532 688 1913 757 ἀνῃρήκειμεν.

324 785 441 838 Κιὶ
480 784 543 837 τὸ
581 784 969 854 γεγραμμένον
999 784 1085 835 ἐπ’
1117 783 1302 844 αὑτοῖς
1331 779 1660 850 ἐπληροῦτοο
1695 778 1918 832 Δέδωκα

322 876 461 948 ὑμῖν
491 876 739 943 ἐξουσίαν
785 875 883 929 τοῦ
924 879 1116 929 πατεῖν
1148 877 1332 930 ἐπάνω
1379 877 1579 945 ὄφεων,
1622 876 1718 929 καὶ
1756 891 1919 946 σκορ-

324 972 494 1032 πίων,
519 969 615 1024 καὶ
637 970 729 1022 ἐπὶ
760 971 943 1022 πᾶσαν
966 969 1065 1039 τὴν
1088 969 1318 1039 δύναμιν
1348 969 1440 1023 τοῦ
1465 968 1684 1039 ἐχθροῦ.
1728 967 1919 1038 Ἡμεῖς

2024 503 2235 557 Ἕωθεν
2264 503 2323 557 δὲ
2356 502 2594 566 ἀναστὰς
2637 504 2732 555 ἐπὶ
2761 504 2863 574 τὴν
2908 504 3025 558 ὁδὸν
3054 504 3151 557 τοῦ
3201 504 3394 576 θηρίου
3420 503 3604 576 ἀπήρ-

2021 614 2167 668 χετο.
2213 595 2305 658 Ὠς
2350 594 2409 649 δέ
2467 594 2646 650 ἔκλινε
2675 596 2741 650 τά
2773 596 2981 664 γόνατα
3039 596 3119 660 εἰς
3169 597 3479 668 προσευχὴν
3512 598 3605 651 ἐπὶ

2024 691 2230 762 τρίτον.
2262 691 2464 761 ἤρχετο
2492 689 2629 760 πρὸς
2658 689 2824 743 αὑτὸν
2849 689 2910 742 τὸ
2938 689 3147 761 θηρίον,
3179 689 3475 761 ῥοιζήματι
3508 707 3607 761 με·

2023 781 2176 852 γάλῳ
2199 777 2386 849 ἆσθμα
2416 779 2589 833 δεινὸν
2617 779 2966 850 προπέμπον,
3000 780 3095 833 καὶ
3128 778 3356 849 φυσοῦν,
3387 780 3484 833 καὶ
3510 797 3601 833 συο

2028 873 2198 944 ρίζον,
2232 872 2325 926 καὶ
2358 871 2528 942 πνοὴν
2577 872 2822 941 πονηρὰν
2872 871 3223 940 ἀποπέμπον.
3282 870 3341 923 '0
3367 871 3425 924 δὲ
3456 871 3608 923 οὐδὲν

2028 966 2310 1037 φοϐηθεὶς,
2336 965 2697 1037 ἐπιστραφεὶς
2712 966 2805 1017 τὸν
2822 964 3112 1035 δράκοντα,
3137 959 3312 1029 εἶπεν,
3330 963 3607 1034 Χειρώσε-

325 1062 428 1117 οὖν
480 1063 708 1133 ἀπιστίᾳ
758 1062 1087 1131 φερόμενοι,
1139 1063 1234 1115 καὶ
1287 1063 1380 1115 ἐπὶ
1439 1062 1639 1130 μᾶλλον
1691 1062 1921 1131 ἔμφοϐοι
2025 1058 2116 1113 ταί
2152 1075 2211 1110 σε
2232 1059 2260 1110 6
2284 1058 2518 1127 Χριστὸς
2547 1057 2576 1109 6
2616 1056 2745 1119 Υίδς
2772 1056 2868 1110 τοῦ
2891 1055 3029 1110 Θεοῦ
3057 1055 3152 1110 τοῦ
3177 1056 3397 1120 ζῶντος,
3423 1058 3452 1108 6
3480 1056 3611 1127 μέλ-

330 1156 645 1224 γένόμενοι,
695 1153 770 1225 μὴ
804 1154 926 1207 κατ’
962 1154 1108 1224 ίχνος
1146 1155 1241 1208 τοῦ
1283 1154 1606 1226 δράκοντος,
1638 1154 1773 1207 ἀλλά
1823 1155 1922 1223 τὴν
2027 1152 2133 1204 λων
2171 1151 2231 1204 τὸ
2274 1152 2416 1220 μέγα
2469 1150 2636 1219 κῆτος
2670 1149 3155 1220 διαχειρὼσασθαι.
3204 1149 3313 1202 Καὶ
3353 1148 3511 1202 τοῦτο
3536 1149 3613 1200 εί-

329 1249 554 1302 εὐθεῖαν
585 1245 825 1316 βαδίζειν
856 1245 1120 1316 ἠξιοῦμεν
1168 1247 1383 1310 αὐτούς.
1420 1243 1513 1308 Εἲς
1543 1247 1599 1299 δὲ
1642 1246 1702 1311 ἐξ
1742 1246 1925 1299 αὑτῶν
2028 1243 2223 1304 πόντος
2252 1240 2415 1303 εὐθὺς
2451 1243 2479 1293 6
2510 1240 2727 1310 δράκων
2754 1241 2991 1311 ἐρράγη.
3022 1239 3200 1294 πάντα
3235 1240 3327 1293 τὸν
3360 1240 3438 1294 ίὸν
3472 1239 3611 1310 μετά

330 1340 585 1410 ἀδελφὸς,
607 1339 716 1391 ἀπὸ
744 1339 948 1408 πολλῆς
972 1339 1279 1410 προθυμίας
1308 1339 1626 1393 καταλιπὼν
1652 1340 1803 1409 ἡμᾶς
1833 1339 1925 1391 ἐπὶ
2027 1334 2122 1388 τοῦ
2146 1336 2379 1405 αἵματος
2404 1332 2492 1386 διὰ
2516 1332 2606 1385 τοῦ
2632 1334 2900 1402 πόματος
2926 1330 3013 1395 ἐξε
3022 1333 3213 1401 μέσας.
3258 1331 3535 1395 Ἑλθόντες
3553 1331 3611 1384 δέ

331 1431 429 1486 τοῦ
465 1432 652 1495 τόπου,
696 1431 790 1483 ἐπὶ
835 1431 935 1500 τὴν
981 1430 1187 1501 ἔρημον
1237 1431 1499 1504 ὥρμησεν
1534 1431 1835 1501 ἀνιχνεύων
1867 1430 1928 1483 τὸ
2030 1428 2080 1479 οἱ
2121 1428 2371 1497 ἄγροικοι
2406 1425 2523 1495 μεθ’
2552 1426 2789 1496 ἡμέρας,
2822 1425 2916 1478 καὶ
2947 1424 3007 1477 τὸ
3045 1424 3188 1493 μέγα
3219 1422 3408 1493 θαῦμα
3436 1425 3614 1477 ἐκεῖνο

332 1524 549 1595 θηρίον,
577 1522 673 1575 καὶ
703 1522 881 1592 εὑρὼν
904 1522 1003 1574 οὑκ
1031 1524 1111 1585 είς
1140 1523 1358 1592 μακρὰν
1382 1523 1472 1575 τὸν
1508 1522 1738 1591 φωλεὸν,
1774 1523 1924 1589 φωνῇ
2033 1519 2388 1586 θεασάμενοι,
2423 1519 2515 1571 καὶ
2535 1517 2633 1585 τὴν
2666 1516 2834 1588 πνοὴν
2863 1517 2937 1587 μὴ
2970 1515 3250 1586 φέροντες,
3285 1516 3469 1586 ἄμμον
3514 1532 3611 1569 πο-

331 1618 472 1670 ἐϐόα
502 1617 655 1685 ἡμῖν,
687 1615 747 1667 ἐν
780 1613 858 1681 τῷ
907 1614 1160 1684 σπηλαίῳ
1189 1609 1330 1667 εἶναι
1365 1613 1456 1667 τὸν
1483 1614 1784 1684 δράκοντα,
1834 1612 1928 1665 καὶ
2032 1611 2127 1664 λὺν
2156 1610 2248 1662 ἐπὶ
2285 1611 2347 1662 τὸ
2371 1609 2511 1673 ζῶον
2543 1608 2876 1679 ἐσώρευσαν,
2921 1608 3277 1679 παρεστῶτος
3297 1609 3481 1670 αὐτοῖς
3500 1609 3617 1661 ἐκεῖ

334 1708 527 1762 ἐκάλει
560 1707 695 1778 πρὸς
724 1706 886 1760 αὑτὸν
916 1705 1147 1775 ὄψεσθαι
1176 1706 1236 1758 τὸ
1268 1704 1660 1775 ἐκϐησόμενον,
1697 1722 1927 1776 προτρε-

336 1799 594 1870 πομένων
629 1799 782 1869 ἡμᾶς
820 1798 996 1851 ἄλλων
1022 1798 1117 1850 και
1151 1798 1225 1867 μὴ
1253 1797 1503 1852 δεδιέναι.
1552 1796 1640 1858 Ὠς
1678 1798 1734 1850 δέ
1767 1800 1925 1867 ἡμεῖς
1955 1777 2003 1836 Β

340 1890 482 1961 μετά
523 1886 722 1943 πολλοῦ
775 1888 943 1957 φόϐου
995 1889 1270 1959 ἀπῄειμεν
1311 1887 1572 1957 ὀψόμενοι
1612 1887 1672 1940 τὸ
1707 1889 1926 1961 θηρίον,

2035 1704 2130 1756 τοῦ
2163 1702 2427 1773 Πατέρος.
2469 1702 2545 1755 Οὐ
2577 1701 2685 1771 γὰρ
2702 1702 2946 1771 ἐτόλμων
2974 1701 3258 1771 προσιέναι
3305 1700 3483 1754 καίτοι
3526 1716 3613 1753 νε-

2031 1794 2167 1868 κροῦ
2192 1795 2345 1857 ὄντος
2366 1795 2484 1851 ,τοῦ
2514 1793 2829 1863 δράκοντος.
2864 1793 3020 1857 Παῖς,
3060 1793 3245 1861 φησὶν,
3268 1791 3453 1845 ἄλλοτε
3494 1807 3615 1843 ποι-

2034 1887 2264 1958 μαίνων,
2297 1886 2511 1958 ἀθρόως
2536 1885 2615 1937 ἐτι
2644 1884 2822 1947 ζῶντα
2849 1884 2941 1936 τὸν
2957 1883 3226 1955 δράκοντα
3253 1883 3611 1954 θεασάμενος,

336 1984 679 2053 συνήντησεν
711 1983 842 2052 ἡμῖν
874 1980 1133 2049 ἐξαίφνης
1161 1975 1242 2044 εἷς
1276 1980 1504 2051 ἀδελφὸς
1532 1981 1596 2035 ἐκ
1627 1981 1808 2052 χειρὸς
1831 1982 1929 2034 αὑ·
2030 1982 2087 2035 ἐν
2122 1981 2377 2033 ἐκστάσει
2431 1976 2721 2047 γενόμενος
2770 1976 3220 2047 ἐλειποψύχησεν.
3276 1974 3496 2031 Ἐκειτο
3521 1975 3614 2029 οὖν

337 2074 435 2129 τοῦ
470 2075 648 2129 ἕλκων
683 2078 762 2139 είς
807 2075 867 2128 τὸ
908 2074 1105 2128 ἐαυτοῦ
1163 2077 1561 2146 μοναστήριον,
1597 2077 1824 2143 φάσκων
1855 2073 1930 2144 μὴ
2030 2074 2235 2135 ἄπνους
2265 2074 2293 2125 6
2325 2074 2452 2134 παῖς
2475 2073 2533 2123 ἐν
2563 2069 2640 2140 τῷ
2664 2070 2851 2141 χωρίῳ
2882 2069 3033 2139 παρὰ
3063 2067 3161 2140 τὴν
3195 2068 3403 2139 ἔρημον
3437 2068 3616 2121 πᾶσαν

337 2171 605 2233 δυνατοὺς
644 2171 791 2240 ἡμᾶς
840 2163 978 2221 εῖναι
1020 2168 1343 2235 ὑπενεγκεῖν
1377 2168 1477 2236 τὴν
1505 2166 1680 2237 ὁρμὴν
1704 2166 1797 2218 τοῦ
1829 2166 1930 2237 θη-
2029 2168 2269 2240 ἡμέραν.
2330 2167 2599 2238 Εὑρόντες
2656 2165 2715 2217 δὲ
2747 2165 2910 2219 αὑτὸν
2942 2163 3080 2234 πρὸς
3127 2165 3368 2233 ἑσπέραν
3412 2163 3462 2215 οί
3496 2162 3615 2216 ίδιοι

341 2262 486 2334 ρίου,
521 2264 616 2317 καὶ
647 2263 882 2330 μάλιστα
913 2262 993 2314 ὅτι
1022 2260 1272 2313 οὐδέποτε
1303 2256 1445 2331 ἦμεν
1472 2258 1711 2313 τοιοῦτόν
1744 2276 1796 2311 τι
1827 2260 1927 2312 ἐωο
2035 2262 2231 2334 μικρὸν
2267 2261 2592 2332 ἐμπνέοντα,
2624 2258 3012 2327 πεφυσημένον
3048 2256 3169 2310 ὅλον
3199 2258 3262 2310 ἐκ
3283 2256 3381 2325 τῆς
3415 2253 3614 2309 ἐκστά-

342 2356 597 2425 ρακότες’
642 2354 903 2417 πολλάκις
946 2353 1055 2423 γὰρ
1095 2353 1259 2406 αὑτὸν
1305 2353 1491 2420 ἔλεγεν
1536 2351 1843 2422 ἑωρακέναι
1871 2352 1933 2404 τὸ
2033 2372 2191 2419 σεως,
2215 2354 2406 2422 ἄγουσι
2430 2353 2566 2423 πρὸς
2594 2352 2685 2405 τὸν
2708 2351 2952 2420 Πατέρα,
2973 2349 3296 2419 ἀγνοοῦντες
3317 2348 3415 2419 τὴν
3438 2348 3618 2401 αίτίαν

339 2448 507 2513 ζῶον,
541 2448 920 2517 ὑπερμέγεθες
953 2446 1199 2515 ὑπάρχον
1230 2445 1323 2498 καὶ
1352 2444 1792 2515 ὑπερδεκαπέντε
1828 2446 1933 2514 πή-

340 2559 461 2612 χεις
487 2541 631 2611 ἔχον.
673 2539 872 2594 Μένειν
901 2534 993 2592 οὖν
1028 2540 1173 2609 ἡμᾶς
1211 2539 1473 2602 κελεύσας
1504 2539 1670 2610 ἀπῄει
1703 2539 1797 2591 ἐπὶ
1836 2538 1931 2592 τοῦ

343 2632 512 2685 τόπου
543 2632 679 2701 πρὸς
700 2631 788 2684 τὸν
816 2630 1067 2697 ἀδελφὸν,
1098 2628 1300 2681 πείθων
1332 2632 1668 2699 μεταστῆναι
1699 2627 1794 2681 τοῦ
1822 2647 1934 2697 φω-

342 2724 492 2779 λεοῦ.
533 2724 826 2793 Ἐπειράτο
856 2724 962 2793 γὰρ
994 2724 1198 2784 ἐκεῖνος
1244 2720 1317 2791 μὴ
1352 2723 1686 2791 μεταστῆναι
1716 2721 1807 2773 τοῦ
1842 2722 1933 2774 τό·

344 2835 453 2871 που
515 2819 645 2886 πρὶν
680 2816 890 2870 ἀνελεῖν
938 2815 1028 2868 τὸν
1090 2814 1387 2885 δράκοντα.
1452 2815 1563 2868 Καὶ
1614 2814 1677 2885 δὴ
1736 2815 1933 2878 πείσας

342 2909 510 2964 αὑτὸν
544 2911 668 2977 ἀγει
706 2908 841 2980 πρὸς
866 2909 1034 2979 ἡμᾶς,
1068 2906 1165 2977 τὴν
1196 2907 1568 2975 ὀλιγοπιστίαν
1599 2907 1754 2977 ήμῶν
1788 2923 1853 2975 με
1865 2924 1931 2976 μ-

339 2997 611 3066 ψάμενον.
646 2997 1117 3067 Ἀναπαυσάμενοι
1147 2995 1202 3048 δέ
1227 2997 1357 3065 παρ’
1389 2995 1582 3066 ἐκείνῳ
1609 2995 1687 3065 τῷ
1716 2995 1932 3064 ἀδελφῷ

343 3088 423 3152 ὡς
455 3089 564 3141 ἀπὸ
618 3090 736 3152 ἐνὸς
779 3088 955 3159 μιλίου
1002 3087 1064 3141 τὸ
1106 3088 1469 3159 μοναστήριον
1504 3086 1678 3156 ἔχοντι
1732 3087 1931 3149 ίκανῶς
1956 3128 2004 3187 c

344 3180 792 3252 ἀνεκτησάμεθα.

376 3265 385 3268 ⁴
942 3273 1196 3328 ΚΕΦΛΛ.
1234 3274 1360 3330 Nl”.

755 3364 895 3433 Περὶ
927 3363 1034 3418 τοῦ
1062 3364 1215 3420 ἀϐϐᾶ
1259 3366 1533 3437 Ἀμμοῦν.

419 3457 673 3524 Διηγεῖτο
702 3456 757 3509 δέ
790 3458 922 3527 ἡμῖν
956 3458 1162 3520 ἐκεῖνος
1194 3459 1529 3529 γεγενῆσθαι
1562 3460 1685 3514 κατ’
1723 3462 1933 3515 ἐκεῖνον

346 3549 444 3603 τὸν
472 3549 658 3613 τόποι,
690 3548 929 3619 ἔνθαπερ
962 3549 1125 3612 αὐτὸς
1155 3549 1470 3617 ἐκαθέζετο,
1505 3552 1676 3625 ἀνδρα
1709 3552 1864 3622 ἆγιον
1895 3546 1940 3621 ᾧ

348 3640 518 3705 αὑτὸς
579 3639 969 3711 ἐμαθητεύθη,
1044 3640 1293 3712 Ἀμμοῦν
1355 3642 1619 3714 ὀνόματι,
1680 3643 1942 3708 πλείστας

349 3732 612 3802 δυνάμεις
643 3734 706 3785 ἐκ
743 3732 936 3802 ἐκείνῳ
989 3731 1070 3802 τῷ
1121 3733 1272 3803 τόπῳ
1311 3736 1641 3806 ποιήσαντα.
1690 3734 1837 3805 Πρὸς
1883 3733 1942 3788 ὃν

351 3826 616 3889 πολλάκις
647 3824 895 3890 ἐλθόντες
925 3826 976 3879 οί
1003 3825 1309 3879 λωποδύται
1339 3828 1467 3889 τοὺς
1498 3825 1697 3897 ἄρτους
1726 3828 1821 3879 καὶ⁴
1845 3824 1943 3888 τὰς

352 3920 558 3993 τροφὰς
586 3920 751 3974 αὑτοῦ
783 3921 1108 3992 ἐλάμϐανον.
1147 3920 1406 3986 Ἐξελθὼν
1429 3922 1485 3976 δέ
1512 3924 1640 3993 μιᾶς
1666 3922 1777 3976 τῶν
1806 3924 1945 3993 ἡμε-

354 4013 467 4083 ρῶν
503 4013 596 4067 δύο
629 4013 929 4085 δράκοντας
974 4015 1245 4085 μεγάλους
1284 4006 1347 4068 ἐκ
1388 4015 1490 4085 τῆς
1543 4016 1753 4086 ἐρήμου
1806 4017 1944 4087 πρὸς

352 4104 520 4159 αὑτὸν
550 4105 889 4176 συνηγάγετο
918 4145 933 4171 ,
966 4107 1230 4170 κελεύσας
1264 4108 1447 4169 αὐτοῖς
1476 4107 1817 4178 παραμένειν
1850 4108 1945 4160 καὶ

352 4196 655 4264 φυλάσσειν
682 4196 782 4269 τὴν
816 4197 1005 4269 θύραν.
1055 4199 1120 4252 Ol
1165 4199 1223 4252 δέ
1263 4199 1582 4270 ἀνδροφόνοι
1623 4199 1945 4263 ἐπελθόντες

352 4290 499 4345 κατά
530 4289 591 4344 τὸ
641 4289 784 4356 ἔθος,
839 4292 934 4345 καὶ
979 4292 1307 4361 θεασάμενοι
1358 4292 1421 4344 τὸ
1468 4291 1685 4361 θαῦμα,
1724 4293 1941 4363 ἀχανεῖς

278 4456 287 4461 -
351 4382 639 4453 γενόμενοι
698 4383 791 4437 ὑπ’
847 4384 1165 4455 ἐκπλήξεως
1220 4384 1425 4436 ἔπεσαν
1484 4384 1577 4437 ἐπὶ
1632 4385 1940 4455 πρόσωπον.

2031 2448 2124 2501 τοῦ
2163 2449 2471 2518 συμϐάντος
2502 2447 2674 2516 αὑτῷ.
2704 2444 3019 2514 Εὑξαμένου
3052 2444 3109 2497 δὲ
3135 2442 3301 2496 αὐτοῦ
3334 2442 3425 2496 καὶ
3453 2442 3619 2513 ἐλαίῳ

2036 2542 2202 2595 αὑτὸν
2227 2539 2537 2611 χρίσαντος,
2572 2538 2771 2608 ἀνέστη
2797 2540 2825 2591 6
2858 2540 2988 2599 παῖς
3017 2536 3374 2606 διηγούμενος
3397 2533 3457 2588 τὸ
3485 2536 3618 2604 ὁρας

2034 2634 2127 2687 θέν
2156 2649 2170 2662 ο
2204 2634 2326 2687 ὅθεν
2373 2633 2608 2703 μάλιστα
2638 2630 2880 2702 κινηθεὶς
2907 2632 2935 2684 6
2956 2629 3113 2703 ἀνὴρ,
3148 2629 3286 2700 πρὸς
3322 2628 3421 2700 τὴν
3462 2627 3619 2683 ἀναί-

2041 2743 2190 2797 ρεσιν
2217 2726 2431 2797 ἐτράπη
2463 2725 2557 2777 τοῦ
2580 2724 2892 2795 δράκοντος.

2166 2814 2167 2817 “
2622 2816 2872 2869 ΚΕΦΑΛ.
2914 2814 3040 2868 ΝΔ’.

2317 2909 2457 2978 Περὶ
2482 2907 2631 2965 ἀόϐᾶ
2657 2908 2861 2977 Κόπρη
2906 2906 3335 2976 πρεσϐυτέρου.

2104 3001 2213 3057 Ἦν
2252 3004 2308 3058 δέ
2341 3021 2425 3067 τις
2448 3002 2820 3073 πρεσϐύτερος
2872 3001 3011 3071 ἔχων
3045 3001 3277 3069 πλησίον
3310 2999 3428 3052 ἐκεῖ
3458 3012 3621 3068 μονα-

2038 3098 2261 3168 στήριον
2286 3098 2342 3149 ἐν
2360 3098 2425 3166 τῇ
2446 3096 2658 3166 ἐρήμῳ,
2688 3094 2913 3163 Κόπρης
2936 3093 3251 3162 λεγόμενος,
3274 3089 3413 3161 ἀνὴρ
3443 3089 3621 3158 ἅγιος,

2040 3192 2179 3244 ἐτῶν
2213 3189 2402 3260 σχεδὸν
2452 3192 2797 3260 ἐνενήκοντα,
2846 3186 3152 3256 ἡγούμενος
3207 3185 3450 3253 ἀδελφῶν
3492 3200 3623 3237 πεν-

2040 3284 2313 3355 τήκοντα-
2349 3281 2409 3345 ὃς
2461 3283 2556 3334 καὶ
2603 3280 2765 3342 αὑτὸς
2824 3279 3085 3343 πλείστας
3133 3278 3394 3347 δυνάμεις
3425 3277 3622 3339 ἐποίει,

2043 3375 2365 3447 θεραπεύων
2394 3375 2494 3437 τὰς
2524 3374 2734 3439 νόσους,
2771 3373 2867 3427 καὶ
2903 3374 3071 3436 ίάσεις
3105 3370 3306 3435 πολλὰς
3331 3369 3623 3433 ἐπιτελῶν,

2046 3470 2141 3523 καὶ
2172 3467 2435 3538 δαίμονας
2467 3465 2808 3530 ἀπελαύνων,
2852 3465 2947 3519 καὶ
2989 3463 3159 3516 πολλὰ
3204 3462 3457 3533 θαύματα
3491 3463 3625 3515 ἀπο-

2044 3560 2445 3631 πραττόμενος,
2468 3558 2590 3610 τινὰ
2624 3557 2723 3627 μὲν
2745 3557 2840 3609 καὶ
2878 3558 2935 3609 ἐν
2962 3555 3150 3624 ὑψεσιν
3179 3553 3497 3625 ἡμετέραις.
3537 3552 3626 3616 Ὠς

2044 3649 2176 3717 ⁴γοῦν
2199 3649 2347 3719 ἡμᾶς
2376 3645 2658 3711 ἐθεάσατο,
2690 3644 2784 3697 καὶ
2811 3640 3169 3713 ὑπερεύξατο,
3201 3642 3293 3692 καὶ¹
3315 3639 3442 3701 τοὺς
3457 3637 3627 3699 πόδας

2045 3738 2205 3810 ἡμῶν
2245 3736 2427 3807 νίψας,
2460 3737 2650 3807 ἠρώτα
2683 3736 2831 3805 ἡμᾶς
2857 3733 2926 3786 τὰ
2965 3734 3024 3785 ἐν
3062 3731 3140 3803 τῷ
3172 3731 3363 3800 κόσμῳ
3396 3727 3628 3800 πραττό-

2050 3849 2189 3905 μενα
2215 3849 2229 3865 ·
2276 3833 2439 3901 ἡμεῖς
2476 3830 2534 3882 δέ
2586 3826 2847 3898 ἠξιοῦμεν
2896 3823 3058 3878 αὑτὸν
3117 3821 3317 3893 μᾶλλον
3352 3821 3485 3892 ἡμῖν
3525 3819 3628 3890 τῆς

2045 3925 2254 3987 οἰκείας
2287 3922 2453 3976 αὑτοῦ
2488 3921 2763 3983 πολιτείας
2809 3918 2907 3982 τὰς
2951 3916 3157 3988 ἀρετὰς
3201 3911 3626 3985 ὑφηγήσασθαιο

2046 4019 2142 4073 καλ⁸
2176 4017 2295 4080 πῶς
2327 4014 2477 4083 αὑτῷ
2511 4014 2580 4068 τά
2610 4013 2927 4085 χαρίσματα
2951 4012 2979 4064 6
3003 4009 3137 4074 Θεὸς
3167 4009 3499 4080 ἐδωρήσατο,
3535 4006 3629 4059 καὶ

2044 4111 2110 4163 ἐκ
2138 4110 2300 4172 ποίας
2353 4106 2580 4179 μεθόδου
2609 4105 2814 4175 ταύτης
2838 4102 3052 4173 εἰλήφει
3078 4102 3177 4172 τῆς
3206 4100 3449 4171 χάριτος.
3485 4097 3542 4152 '0
3571 4097 3629 4151 δέ

2050 4199 2220 4272 μηδὲν
2255 4199 2607 4269 ὑπερήφανον
2637 4196 3020 4265 λογισάμενος,
3088 4193 3349 4263 ὑφηγεῖτο
3370 4192 3502 4262 ἡμῖν
3540 4188 3630 4242 τὸν

2047 4291 2243 4346 ἐαυτοῦ
2276 4291 2411 4361 βίον,
2441 4291 2535 4343 καὶ
2571 4288 2680 4341 τῶν
2721 4286 2886 4341 αὑτοῦ
2938 4284 3383 4357 προγενεστέρων
3421 4284 3513 4336 καὶ
3537 4298 3633 4353 με·

2050 4382 2234 4450 γάλων
2265 4382 2361 4435 καὶ
2407 4378 2619 4461 πολλῶν
2676 4376 2941 4449 μειζόνων
2984 4375 3151 4431 αὑτοῦ
3199 4375 3523 4445 γεγονότων,
3556 4362 3659 4441 ὧν,

366 4473 631 4540 Ἐξελθὼν
653 4476 708 4528 δέ
738 4476 846 4528 ἴδεν
872 4475 1069 4539 αὐτοὺς
1091 4477 1305 4539 ἐννεοὺς
1326 4476 1672 4546 γενομένους,
1701 4478 1795 4529 καὶ
1824 4494 1945 4547 σχε-
1972 4481 2026 4541 Ι)
2051 4473 2150 4545 τὴν
2192 4471 2469 4528 πολιτείαν
2524 4469 2684 4534 αὑτὸς
2726 4471 3004 4541 ἐμιμεῖτο.
3054 4469 3223 4522 Οὑδέν
3264 4469 3395 4539 γὰρ,
3444 4466 3631 4536 φησὶν,

351 4568 443 4620 δὸν
467 4566 773 4637 ἡμιθανεῖςο
802 4569 897 4623 καὶ
924 4570 1233 4637 ἀναστήσας
1256 4568 1456 4631 αὐτοὺς
1481 4567 1724 4633 ὠνείδιζε
1747 4568 1941 4637 λέγων’

369 4656 566 4727 Ὁρᾶτε
601 4656 766 4709 πόσον
797 4658 955 4728 ὑμεῖς
984 4659 1311 4729 ἀγριώτεροι
1352 4658 1461 4712 τῶν
1494 4659 1699 4729 θηρίων
1722 4675 1736 4689 ο
1766 4661 1817 4713 οί
1847 4663 1945 4731 μὲν

353 4750 468 4822 γὰρ
499 4750 657 4822 ήμῶν
682 4750 773 4805 διὰ
803 4751 937 4804 Θεὸν
965 4756 1077 4814 τοῖς
1110 4750 1415 4821 βουλήμασι
1451 4751 1755 4816 πείθονται,
1785 4754 1947 4821 ὑμεῖς

354 4843 412 4897 δὲ
437 4844 558 4897 οὑδέ
580 4844 669 4898 τὸν
694 4844 825 4897 Θεὸν
856 4844 1184 4914 ἐφοϐήθητε,
1209 4845 1329 4897 οὑδέ
1348 4845 1445 4916 τὴν
1473 4845 1580 4898 τῶν
1604 4845 1947 4917 Χριστιανῶν

357 4934 649 4988 εὐλάϐειαν
674 4935 1091 5005 ἐδυσωπήθητε.
1124 4935 1450 5003 Εἰσαγαγὼν
1489 4935 1544 4988 δέ
1573 4936 1771 5000 αὐτοὺς
1800 4936 1948 5008 αὑτῷ

358 5025 557 5097 κελλίῳ
591 5028 878 5098 παρέθηκε
917 5028 1197 5099 τράπεζαν
1223 5068 1237 5092 ,
1272 5029 1368 5081 καὶ
1403 5028 1672 5083 ἐνουθέτει
1709 5030 1951 5100 μεταϐα-

357 5121 472 5173 λεῖν
513 5120 610 5173 τοῦ
651 5123 879 5193 τρόπου.
922 5124 987 5176 υἱ
1021 5122 1079 5176 δέ
1124 5125 1250 5193 παρ’
1289 5124 1468 5177 αὑτῶν
1514 5108 1951 5194 μεταναστάντες

360 5212 644 5282 κρείττους
676 5212 886 5267 πολλῶν
914 5213 1262 5284 ἀνεφάνησαν
1287 5230 1302 5245 ο
1338 5213 1455 5282 μετ’
1493 5214 1554 5267 οὑ
1590 5214 1725 5267 πολὺ
1759 5214 1816 5266 δὲ
1857 5217 1952 5267 καὶ

359 5308 519 5363 αὐτοὶ
551 5309 621 5362 τά
651 5309 794 5363 αὑτά
828 5312 1032 5380 σημεῖα
1065 5311 1444 5374 ἐπιτελοῦντες
1485 5312 1770 5381 ὤφθησαν.

440 5402 665 5457 Ἀλλοτε
685 5403 764 5469 δέ,
807 5405 962 5476 φησὶ,
999 5404 1239 5475 μεγάλου
1274 5405 1564 5473 δράκοντος
1592 5406 1692 5476 τὴν
1721 5408 1952 5479 πλησίον

364 5494 552 5568 χώραν
581 5496 1007 5568 λυμαινομένου,
1039 5498 1134 5552 καὶ
1164 5498 1230 5550 τά
1259 5498 1431 5551 πολλά
1460 5499 1569 5550 τῶν
1617 5500 1772 5563 ζώων
1798 5503 1953 5555 ἀναι-

369 5586 616 5658 ροῦντος,
642 5584 807 5661 ἦλθον
832 5591 881 5643 οἱ
914 5591 1337 5661 προσοικοῦντες
1368 5593 1466 5663 τὴν
1513 5594 1720 5666 ἔρημον
1753 5595 1956 5657 πάντες

368 5680 506 5749 ὁμοῦ
542 5683 680 5752 πρὸς
709 5684 802 5737 τὸν
839 5684 1082 5753 Πατέρα,
1112 5684 1353 5754 δεόμενοι
1382 5688 1748 5758 ἀφανισθῆναι
1770 5692 1833 5744 ἐκ
1860 5692 1957 5760 τῆς

371 5768 557 5841 χώρας
606 5772 785 5829 αὐτῶν
816 5773 874 5826 τὸ
902 5774 1112 5846 θηρίον.
1144 5775 1202 5826 Ὅ
1241 5776 1297 5828 δέ
1329 5776 1405 5840 ὡς
1445 5779 1613 5848 μηδὲν
1655 5780 1954 5853 δυνάμενος

735 5875 1004 5936 Ρλτιιοι..
1051 5877 1143 5935 Gn
1212 5875 1499 5938 XXXIV.

2051 4564 2373 4636 θαυμαστὸν
2422 4562 2484 4616 τὸ
2535 4563 2669 4633 ἐμὸν
2722 4561 2902 4634 ἔργον,
2940 4555 2985 4616 ὦ
3034 4562 3223 4627 τέκνα,
3270 4561 3406 4631 πρὸς
3432 4559 3492 4613 τὸ
3524 4557 3634 4611 τῶν

2049 4660 2312 4730 Πατέρων
2364 4656 2522 4729 ἡμῶν
2564 4657 2884 4726 πολίτευμα.
2928 4654 3039 4707 Καὶ
3099 4654 3174 4717 ῶς
3217 4648 3286 4724 ἦν
3341 4654 3421 4705 ἔτι
3461 4652 3635 4705 ταῦτα

2049 4752 2405 4823 διηγούμενος
2453 4750 2682 4820 Κόπρης
2718 4751 2746 4802 6
2798 4746 3191 4818 πρεσϐύτερος,
3227 4744 3634 4808 ἀπονυστάξας,

2050 4840 2129 4908 εἷς
2155 4846 2214 4912 ἐξ
2266 4844 2419 4914 ὑμῶν
2458 4843 2683 4910 ἀδελφὸς
2732 4839 2961 4910 ἀπιστίᾳ.
2996 4839 3127 4910 περὶ
3168 4838 3276 4891 τῶν
3326 4837 3635 4906 λεγομένων

2053 4939 2372 5008 φερόμενος,
2397 4936 2501 5007 όρᾷ
2528 4936 2709 5006 βίϐλον
2738 4931 3060 5003 θαυμαστὴν
3104 4932 3165 4983 ἐν
3192 4933 3313 4993 ταῖς
3341 4929 3497 5000 χερσὶ
3537 4928 3633 4981 τοῦ

2052 5030 2243 5100 ἀνδρὸς
2269 5029 2626 5097 ἐπικειμένην
2647 5029 2867 5097 χρυσοῖς
2887 5025 3181 5095 γράμμασι
3214 5021 3632 5093 γεγραμμένην,

2054 5123 2151 5176 καὶ
2177 5121 2460 5189 ἐφεστῶτα
2487 5122 2656 5189 ἄνδρα
2679 5119 2801 5172 τινὰ
2834 5119 3016 5172 πολιὸν
3048 5117 3185 5187 μετά
3220 5115 3448 5184 ἀπειλῆς
3487 5114 3637 5182 αύτῴ

2053 5217 2306 5286 λέγονταο
2342 5216 2459 5268 Οὑκ
2493 5214 2716 5277 ἀκούεις
2756 5212 3041 5283 προσεχῶς
3071 5211 3163 5264 τοῦ
3188 5207 3636 5278 ἀναγνώσματος,

2055 5312 2190 5366 ἀλλά
2238 5308 2561 5373 νυστάζειςς
2620 5308 2677 5361 Ὁ
2733 5308 2789 5359 δέ
2831 5305 3127 5376 ταραχθεὶς
3186 5304 3343 5367 εὐθὺς
3403 5292 3532 5372 ἡμῖν
3578 5300 3640 5353 τὸ

2056 5403 2403 5478 ἀκροώμενον
2450 5403 2544 5455 καὶ
2574 5400 2739 5469 όφθέν
2783 5400 3081 5470 Ῥωμαϊστὶ
3117 5397 3396 5465 ἐξέφηνεν.
3433 5394 3551 5448 Ἔτι
3583 5394 3641 5448 δέ

2056 5501 2248 5552 τούτου
2305 5495 2590 5558 λαλοῦντος
2640 5494 2777 5565 πρὸς
2837 5495 2986 5564 ἡμᾶς
3040 5491 3235 5553 ταῦτα,
3296 5488 3501 5558 ἐπῆλθέ
3558 5505 3642 5549 τις

2058 5594 2316 5663 ἀγροῖκος
2355 5589 2591 5643 κάλαθον
2616 5588 2757 5659 ἔχων
2788 5588 2990 5659 μεστὴν
3033 5586 3294 5657 ψάμμου·
3324 5585 3417 5637 καὶ
3446 5599 3641 5652 παρει-

2061 5684 2254 5752 στήκει
2295 5682 2649 5752 ἐκδεχόμενος
2700 5678 2987 5750 πληρῶσαι
3038 5676 3201 5733 αὑτὸν
3230 5679 3330 5745 τὴν
3365 5676 3639 5747 διήγησιν.

2074 5776 2524 5847 Ἑπννθανόμεθα
2552 5774 2609 5828 δὲ
2645 5775 2805 5845 ἡμεῖς
2830 5770 2992 5827 αὑτοῦ
3016 5769 3112 5825 τοῦ
3147 5758 3539 5841 πρεσϐυτέρου,
3574 5766 3642 5818 Τί

3198 5870 3273 5932 37
