4112 6510
593 282 731 357 1155

591 490 650 543 δέ
680 491 820 560 πρὸς
851 489 1051 562 ὴμᾶξὸ
1084 492 1270 564 Πατὴρ
1297 492 1492 561 λέγων·
1525 496 1725 563 Τέκνα,
1754 498 1854 552 οὐκ
1880 500 2046 571 ἐχρῆν
2071 500 2170 572 μὲν

593 584 742 654 ἡμᾶς
771 583 1079 655 καυχᾶσθαι
1113 584 1249 655 πρὸς
1302 586 1467 657 ὑμᾶς,
1494 587 1616 640 οὐδέ
1651 588 1888 653 ἐξειπεῖν
1934 592 2006 646 τὰ
2062 593 2171 647 τῶν

596 674 856 746 Πατέρων
914 676 1340 747 κατορθώματα,
1398 677 1485 731 ἵνα
1528 678 1603 749 μὴ
1651 681 1985 752 ἐπαρθέντες
2028 684 2171 738 κατά

590 764 851 831 διάνοιαν,
904 767 996 820 τὸν
1033 768 1222 838 μισθὸν
1251 768 1626 839 ἀπολέσωμεν.
1672 774 1771 826 Διά
1792 774 1850 827 δέ
1887 776 1987 846 τὴν
2017 776 2171 847 ὐμῶν

592 857 829 928 σπουδὴν
856 859 950 911 καὶ
975 858 1265 925 ὠφέλειαν,
1289 862 1371 915 ὅτι
1395 864 1461 916 ἐκ
1489 863 1747 917 τοσούτου
1775 868 2000 937 μήκους,
2034 868 2169 939 πρὸς

592 944 740 1015 ὑμᾶς
787 946 1107 1017 ἐληλύθατε,
1142 949 1203 1000 οὐ
1236 948 1529 1019 ζημειώσω
1563 952 1707 1022 ὑμᾶς
1745 954 1847 1021 τῆς
1877 955 2165 1023 ὠφελείας,

590 1036 708 1091 ἀλλ’
740 1037 887 1109 άπερ
930 1038 998 1092 δι’
1036 1040 1192 1110 ἡμῶν
1249 1042 1277 1094 6
1326 1042 1459 1107 Θεὸς
1488 1044 1828 1115 ᾡκονόμησε,
1888 1047 2168 1119 παρόντων

589 1128 700 1183 τῶν
727 1130 973 1198 ἀδελφῶν
998 1131 1355 1203 διηγήσομαι.

662 1220 945 1291 Ἀκαρπος
972 1218 1040 1294 ἦν
1065 1224 1098 1294 ἡ
1128 1224 1358 1295 πλησίον
1391 1225 1547 1297 ἡμῶν
1580 1228 1755 1299 χώρα,
1780 1230 1872 1282 καὶ
1893 1230 1943 1283 οί
1966 1247 2163 1300 κεκτη-

593 1310 744 1382 μένοι
782 1313 955 1382 αὐτὴν
991 1315 1239 1385 ἀγροῖκοι
1273 1319 1600 1388 σπείραντες
1649 1320 1794 1374 σίτον
1825 1322 1975 1392 μόλις
2004 1324 2061 1376 ἐν
2088 1322 2167 1376 δι-

590 1402 709 1473 πλῷ
735 1404 797 1457 τὸ
822 1406 1042 1476 σπέρμα
1056 1408 1319 1478 ἐθέριζον.
1355 1409 1576 1481 Σκώληξ
1603 1411 1712 1482 γὰρ
1740 1413 2085 1484 γεννώμενος
2110 1418 2168 1469 ἐν

588 1492 669 1562 τῷ
698 1495 895 1565 στάχυϊ
923 1497 1044 1550 ὅλον
1073 1497 1167 1551 τὸν
1217 1500 1427 1569 άμητὸν
1478 1502 1810 1573 διέφθειρεν.
1842 1506 1903 1557 Ol
1940 1506 1997 1559 δέ
2030 1523 2163 1559 κατ-

587 1586 886 1655 ηχηθέντες
915 1590 1152 1660 γεωργοὶ
1180 1592 1311 1661 παρ’
1340 1593 1372 1663 η
1383 1592 1501 1661 μῶν
1525 1595 1617 1647 καὶ
1653 1596 1970 1665 Χριστιανοὶ
2008 1614 2168 1665 γεγο-

589 1678 764 1744 νότες,
796 1679 982 1750 ἠξίουν
1037 1682 1186 1753 ἡμᾶς
1236 1682 1492 1754 εὔχεσθαι
1545 1687 1687 1758 ὑπὲρ
1738 1687 1831 1742 τοῦ
1875 1688 2160 1760 θερισμοῦ.

589 1766 756 1825 Εἶπον
787 1771 883 1826 οὖν
936 1773 1073 1845 πρὸς
1107 1774 1305 1834 αὐτούς
1326 1793 1339 1808 ’
1387 1777 1450 1830 Εἰ
1488 1779 1640 1848 ἔχετε
1672 1779 1855 1833 πίστιν
1901 1782 2039 1853 πρὸς
2070 1783 2161 1836 τὸν

585 1862 719 1916 Θεὸν
752 1864 846 1918 καὶ
875 1866 909 1935 ἡ
956 1864 1197 1937 ἑρημικὴ
1221 1868 1359 1938 αὕτη
1381 1868 1610 1939 ψάμμος
1644 1871 1773 1941 ὐμίν
1802 1876 2161 1946 καρποφορή-

585 1969 671 2007 σει
692 1970 707 1983 ·
736 1956 786 2009 οί
818 1955 874 2009 δέ
900 1956 1052 2010 οὐδὲν
1101 1958 1555 2031 ἀναϐαλλόμενοι,
1577 1962 1677 2032 τῆς
1697 1963 1927 2034 ψάμμου
1954 1966 2158 2036 ταύτης

582 2048 684 2119 τῆς
711 2049 846 2120 παρ’
874 2050 1034 2121 ἡμῶν
1082 2053 1435 2126 πατουμένης
1480 2058 1608 2121 τοὺς
1666 2057 1876 2111 ἑαυτῶν
1926 2058 2159 2124 κόλπους

580 2136 994 2209 πληρώσαντες,
1040 2139 1283 2211 εὐλογεῖν
1314 2145 1655 2219 προσέφερον
1693 2145 1986 2214 ἀξιοῦντες.
2016 2149 2159 2220 Ἐγὼ

580 2228 637 2282 δέ
664 2230 741 2295 ὡς
774 2232 1030 2304 ηὐξάμην
1077 2236 1262 2300 αὐτοῖς
1292 2237 1438 2292 κατὰ
1464 2240 1565 2310 τὴν
1597 2240 1779 2295 πίστιν
1804 2242 1985 2297 αὐτῶν
2007 2242 2157 2313 γενέ⁴

583 2319 728 2382 σθαι,
755 2319 1016 2393 ἐσπειραν
1059 2324 1229 2395 αὐτὴν
1259 2327 1357 2381 σύν
1386 2328 1466 2397 τῷ
1499 2328 1632 2399 σίτῳ
1659 2329 1719 2382 ἐν
1761 2331 1879 2394 ταῖς
1912 2330 2118 2402 χώραις
2139 2349 2154 2365 ο

582 2412 675 2465 καὶ
710 2412 969 2485 ἐξαίφνης
997 2415 1349 2487 πολύκαρπος
1386 2419 1567 2473 αὐτῶν
1595 2422 1627 2491 ἡ
1668 2418 1822 2492 χώρα
1866 2424 2157 2495 γεγένηται

583 2503 734 2572 παρά
772 2507 956 2560 πᾶσαν
982 2509 1087 2577 γῆν
1141 2508 1441 2578 Αἰγύπτου.
1473 2510 1646 2565 Τοῦτο
1678 2508 1771 2567 οὖν
1814 2516 1987 2569 ποιεῖν
2037 2515 2156 2579 ἐθος

578 2593 816 2665 [χοντες,
858 2597 982 2650 κατ’
1022 2598 1270 2654 ἐνιαυτὸν
1300 2601 1433 2673 ἡμῖν
1464 2602 1793 2675 ἐνοχλοῦσιν.
1848 2606 1944 2659 ’Ἑν
1969 2606 2024 2660 δέ
2066 2624 2155 2677 μοι

581 2684 747 2755 μέγα,
778 2688 967 2757 φησὶν,
1001 2690 1029 2743 ό
1061 2688 1195 2755 Θεὸς
1224 2690 1439 2747 πολλῶν
1469 2696 1753 2765 παρόντων
1785 2695 1969 2767 θαῦμα
2011 2715 2153 2769 παρ-

578 2776 758 2847 έσχεν.
791 2779 1084 2835 Κατελθὼν
1127 2783 1235 2855 γάρ
1267 2783 1377 2853 ἐγώ
1427 2803 1556 2839 ποτε
1584 2787 1642 2840 ἐν
1681 2790 1749 2859 τῇ
1794 2789 1967 2853 πόλει,
1998 2781 2156 2860 εὖρον

577 2867 747 2939 ἄνδρα
776 2869 899 2924 τινά
922 2872 1244 2943 Μανιχαῖον,
1276 2875 1403 2939 τοὺς
1428 2876 1636 2947 δήμους
1667 2878 2153 2951 ἀποπλανήσαντα·

576 2959 655 3025 ώς
678 2960 737 3016 δέ
762 2962 971 3018 πείθειν
992 2966 1156 3020 αὐτὸν
1179 2966 1413 3040 δημοσίᾳ
1434 2968 1535 3023 οὐκ
1558 2971 1864 3043 ἠδυνάμην,
1894 2974 2155 3043 στραφεὶς

578 3052 717 3124 πρὸς
752 3053 813 3107 τὸ
837 3054 1068 3125 πλῆθος,
1092 3053 1267 3123 εἷπον,
1304 3059 1488 3131 Πυράν
1516 3061 1760 3131 μεγάλην
1783 3063 1862 3125 εἰς
1888 3062 1986 3133 τὴν
2016 3062 2156 3117 πλα-

1229 336 1233 340 -
2052 294 2403 362 PALLADII

594 302 731 357 1155
1229 336 1233 340 -
2141 302 2403 362 LLADII
3713 302 3841 357 1158

591 398 701 469 ἄρα
722 397 866 453 θέλει
891 399 1195 472 όάγροῖκος
1227 400 1364 471 μετά
1392 401 1492 472 τῆς
1507 399 1772 475 ψάμμους
1813 302 2173 479 ’Δπεκρίῦιῖιο
2198 415 2249 475 Α
2277 400 2414 472 πρὸς
2467 399 2615 471 ἡμᾶς
2666 396 2997 467 διεκόμισεν,
3043 397 3378 469 παρακαλῶν
3427 401 3842 472 συγχωρηθῆναι

3713 289 3841 357 1158

2272 491 2419 563 αὐτῷ
2467 490 2528 544 τὸ
2581 488 2993 561 πλημμέλημα,
3042 491 3140 543 καὶ
3189 490 3441 557 γενέσθαι
3495 492 3841 562 Χριστιανός.

2274 582 2453 651 Ὅπερ
2502 581 2597 635 καὶ
2658 580 2902 648 γέγονεν.
2956 578 3138 633 *Ησαν
3202 580 3310 651 γὰρ
3359 583 3477 635 κατ’
3530 583 3711 654 αὐτὴν
3753 586 3846 656 τὴν

2272 672 2422 743 ῶραν
2460 672 2598 736 ξένοι
2627 671 2764 742 πρὸς
2794 671 2941 742 ἡμᾶς
2970 669 3217 733 ἐλθόντες
3261 671 3497 741 ἀδελφοὶ,
3519 673 3594 727 δι’
3626 674 3724 738 οὓς
3748 675 3846 744 μάλ

2270 764 2424 818 λιστα
2452 760 2772 831 ἐπιτηδείως
2794 763 2926 832 ἡμῖν
2953 760 3023 815 τὰ
3052 762 3260 832 λάχανα
3276 764 3646 837 προσηνέχθη.
3668 767 3844 821 Μετα-

2273 853 2527 915 λαὸόντες
2568 847 2663 905 οῦν
2715 851 2775 918 ἐξ
2823 849 3025 914 αὐτῶν,
3065 851 3541 924 εὐχαριστήσαμεν
3581 854 3667 925 τῷ
3699 856 3837 925 Θεῷ,

2270 945 2467 1015 διπλῆν
2501 943 2845 1015 εὐφροσύνην
2885 943 3265 1014 ποιησάμενοι,
3295 945 3395 1015 τήν
3422 962 3479 998 τε
3511 946 3614 999 τοῦ
3646 947 3849 1019 ἀνθρώ-

2270 1056 2374 1093 που
2409 1036 2685 1108 σωτηρίαν
2706 1038 2800 1090 καί
2823 1038 2923 1107 τὴν
2955 1038 3064 1090 τῶν
3102 1036 3348 1105 ἀδελφῶν
3379 1039 3713 1093 ἀνάπαυσιν.

2840 1126 3095 1180 ΚΕΦΔΛ.
3144 1127 3274 1181 ΝΕ’.

2691 1218 2831 1287 Περί
2877 1217 3027 1275 ἀϐϐᾶ
3074 1220 3356 1286 Σούρους.

2352 1311 2521 1365 ’Δδόᾶ
2550 1311 2785 1382 Σούρους
2837 1311 2894 1363 δέ
2940 1327 3071 1364 ποτε
3120 1310 3214 1363 καὶ
3254 1309 3399 1363 ἀὸϐἄ
3457 1310 3718 1377 Ἡσαΐας,
3762 1312 3847 1365 καί

2267 1402 2414 1457 ἀδδᾶ
2473 1402 2687 1466 Παῦλος
2728 1402 3019 1471 συνέτυχον
3064 1401 3336 1471 ἀλλήλοις,
3373 1401 3569 1472 ἄνδρες
3604 1402 3847 1466 εὐλαὸεῖς

2270 1496 2364 1549 καὶ
2394 1496 2651 1566 ἀσκηταὶ,
2705 1494 2797 1548 τὸν
2845 1495 3019 1564 μέγαν
3060 1493 3398 1564 ὁμολογητὴν
3452 1494 3604 1547 ἀδεᾶ
3662 1494 3847 1547 Ἀνούὁ

2270 1585 2718 1657 ἐπισκεψόμενοι.
2781 1586 3032 1655 Ἀπεῖχεν
3073 1584 3129 1637 δέ
3170 1584 3347 1636 αὐτῶν
3384 1586 3531 1654 τρεῖς
3583 1584 3755 1653 μονὰς
3790 1584 3847 1635 τὸ

2270 1677 2570 1748 διάστημα.
2634 1677 2742 1732 Καί
2776 1694 2908 1745 φασι
2965 1678 3103 1747 πρὸς
3148 1677 3443 1746 ἀλλήλους’
3494 1677 3846 1743 Ἐπιδειξάτω

2198 1762 2238 1816 Β
2268 1768 2495 1832 ἕκαστος
2529 1768 2685 1839 ἡμῶν
2716 1770 2816 1841 τὴν
2849 1769 3044 1822 ἑαυτοῦ
3076 1767 3373 1831 πολιτείαν,
3407 1768 3500 1820 καὶ
3523 1769 3682 1831 ὅπως
3704 1772 3845 1843 παρὰ

2266 1861 2404 1914 Θεοῦ
2435 1862 2494 1913 ἐν
2522 1861 2602 1933 τῷ
2639 1862 2738 1932 βίῳ
2767 1861 2939 1928 τούτῳ
2972 1860 3278 1932 τετίμηται.
3320 1860 3491 1913 Ἀὁδᾶ
3517 1860 3763 1929 Σούρους
3791 1859 3843 1912 δὲ

2266 1953 2403 2024 πρὸς
2428 1953 2628 2017 αὐτοὺς
2663 1952 2789 2021 ἐφη·
2841 1951 3110 2022 Αἰτοῦμαι
3165 1952 3318 2021 παρὰ
3345 1952 3440 2005 τοῦ
3465 1951 3610 2004 Θεοῦ
3652 1951 3841 2022 δῶρον,

2265 2042 2587 2112 ἀκαμάτους
2632 2043 2782 2112 ἡμᾶς
2813 2041 3016 2111 φθάσαι
3080 2041 3171 2094 ἐπὶ
3197 2038 3292 2093 τοῦ
3310 2041 3477 2094 τόπου
3518 2041 3585 2093 ἐν
3622 2040 3842 2109 δυνάμει

2265 2134 2359 2189 τοῦ
2393 2135 2741 2205 Πνεύματοςο
2771 2135 2865 2189 καὶ
2892 2135 3053 2205 μόνον
3088 2134 3386 2205 εὐξαμένου
3428 2132 3628 2197 αὐτοῦ,
3668 2133 3841 2186 πλοῖον

2264 2227 2485 2298 ἕτοιμον
2515 2226 2714 2298 εὑρέθη
2746 2229 3106 2297 παραχρῆμα,
3132 2226 3228 2279 καὶ
3270 2227 3470 2295 ἄνεμος
3510 2226 3838 2296 ἐπιτήδειος,

2264 2320 2360 2374 καὶ
2399 2321 2458 2373 ἐν
2485 2321 2625 2392 ῥοπῇ
2669 2319 2974 2391 εὑρέθησαν
3021 2318 3116 2372 ἐπὶ
3170 2318 3263 2372 τοῦ
3315 2319 3481 2372 τόπου
3525 2317 3840 2378 ἀνελθόντες

2264 2413 2405 2467 κατά
2428 2412 2523 2468 τοῦ
2542 2411 2833 2483 ῥεύματος.

2825 2503 3074 2557 xum.
3109 2503 3251 2570 Ναί.

2639 2594 2780 2665 Περὶ
2816 2595 2917 2649 καί
2959 2592 3136 2650 ’Λόϐᾶ
3188 2595 3455 2651 Ἡσαΐου.

2343 2685 2575 2750 Ἦσατας
2607 2686 2665 2740 δέ
2694 2703 2828 2768 φησι
2859 2687 2997 2756 πρὸς
3022 2686 3243 2750 αὐτοὺς,
3274 2686 3385 2739 Καὶ
3402 2684 3456 2738 τί
3490 2683 3831 2755 θαυμαστὸν,

2261 2774 2307 2834 ῶ
2336 2778 2505 2849 φίλοι,
2541 2778 2637 2832 ἐὰν
2681 2779 2994 2852 συναντήσει
3035 2780 3167 2850 ἡμῖν
3212 2780 3241 2832 6
3284 2777 3425 2848 ἀνὴρ
3451 2776 3695 2831 ἑκάστου
3745 2776 3838 2839 τὰς

2261 2871 2535 2934 πολιτείας
2557 2870 2921 2941 διαγορεύων;

2855 2961 3105 3015 ΚΕΦΔΛ.
3151 2963 3275 3016 ΝΖ⁹.

2652 3056 2791 3122 Περί
2838 3056 2938 3109 καὶ
2986 3054 3135 3110 ἀϐὄὰ
3182 3054 3447 3107 Παύλου.

576 3114 727 3197 τέῖαν
756 3114 1148 3216 ἀνάψαίτείκαὶ
1178 3114 1556 3221 εἰσερχώμεθα
1590 3114 1758 3222 άμφίυ
1779 3114 2152 3223 ἐν’τῇ’φλογί.
2185 3114 2232 3176 c
2336 3128 2546 3214 Παῦλος
2572 3148 2630 3203 δέ
2659 3114 2794 3220 φηίσι
2838 3149 2975 3219 πρὸς
3027 3146 3247 3209 αὺτούς·
3278 3148 3341 3201 Εἰ
3386 3146 3718 3215 ἀπεκάλυψε
3753 3146 3837 3198 καὶ

579 3234 689 3291 Καὶ
710 3234 765 3290 εί
785 3253 872 3301 τις
903 3238 1057 3308 ἡμῶν
1086 3238 1413 3309 ἀφλόγιστος
1435 3241 1707 3313 διαμείνῃ,
1739 3237 1893 3305 οὗτος
1921 3242 2033 3314 ἔχει
2058 3243 2157 3313 τὴν

577 3324 751 3397 καλὴν
801 3327 1007 3382 πίστιν.
1054 3330 1141 3393 Ὠς
1174 3329 1228 3383 δέ
1259 3330 1449 3399 γέγονε
1484 3331 1671 3400 τοῦτο,
1715 3335 1807 3387 καὶ
1833 3336 1881 3387 οἱ
1924 3333 2070 3405 ὄχλοι
2097 3336 2157 3388 ἐν

578 3418 783 3490 σπουδῇ
816 3418 916 3491 τὴν
965 3421 1144 3490 πυράν
1174 3422 1410 3492 ἀνῆψαν,
1447 3418 1631 3478 εἷλκον
1681 3425 1841 3479 αὐτὸν
1882 3428 1997 3497 μετ’
2022 3428 2155 3499 ἐμοῦ

577 3512 659 3574 εἰς
681 3510 742 3566 τὸ
771 3511 904 3584 πῦρ.
954 3512 1012 3567 '0
1041 3513 1098 3567 δέ
1125 3532 1313 3583 φησιν,
1342 3516 1613 3581 Ἕκαστος
1642 3519 1798 3589 ἡμῶν
1816 3518 1955 3574 κατά
1988 3521 2155 3591 μόνας

579 3604 891 3672 εἰσελθέτω,
951 3607 1047 3661 καὶ
1092 3609 1309 3680 πρῶτος
1353 3611 1616 3665 εἰσελθεῖν
1644 3613 1879 3681 ὀφείλεις
1921 3615 2084 3679 αὐτὸς
2130 3618 2158 3670 6

580 3696 910 3766 προστάξας.
957 3697 1045 3761 Ὠς
1098 3699 1154 3753 δὲ
1200 3702 1256 3753 ἐν
1295 3702 1524 3772 ὀνόματι
1574 3705 1670 3757 τοῦ
1708 3707 1949 3777 Χριστοῦ
1989 3726 2155 3763 κατα-

579 3791 1024 3860 σφραγισάμενος
1054 3792 1398 3864 εἰσελήλυθα,
1426 3798 1460 3867 ἡ
1494 3796 1624 3866 φλὸξ
1661 3791 1762 3851 ὧδε
1824 3800 1985 3853 κάκεῖ
2039 3801 2157 3854 δια-

584 3879 911 3951 μερισθεῖσα
944 3883 1004 3936 οὐ
1057 3885 1439 3956 παρηνόχλησέ
1491 3906 1602 3955 μοι,
1639 3888 1907 3961 ἠμιώριον
1937 3892 1994 3943 ἐν
2019 3892 2153 3963 αὐτῇ

573 3970 939 4044 διατρίψαντι.
984 3975 1205 4041 Ἰδόντες
1257 3978 1314 4031 δέ
1344 3980 1393 4032 οἱ
1431 3979 1579 4049 ὄχλοι
1612 3982 1672 4034 τὸ
1705 3982 1890 4053 θαῦμα
1926 3984 2156 4054 ἀνεϐόη-

576 4080 696 4128 σαν,
725 4066 818 4119 καὶ
863 4067 1173 4136 ἠνάγκαζον
1226 4070 1387 4124 πάλιν
1419 4072 1671 4139 κάκεῖνον
1702 4075 1781 4136 εἰς
1828 4074 1928 4145 τὴν
1976 4076 2155 4146 πυρὰν

576 4156 862 4211 εἰσελθεῖν.
905 4158 964 4211 Ὀ
990 4158 1044 4212 δέ
1068 4158 1143 4223 ὡς
1161 4162 1259 4214 οὐκ
1290 4161 1447 4232 ῆθελε
1478 4161 1685 4229 δεδιὼς,
1717 4163 1972 4225 λαϐόντες
1992 4165 2154 4219 αὐτὸν

575 4250 625 4303 οἰ
658 4249 823 4320 δῆμοι
848 4251 927 4313 εἰς
956 4250 1121 4321 μέσον
1145 4250 1386 4323 ὢθησαν,
1412 4254 1506 4306 καὶ
1526 4255 1969 4325 περιφλογισθείς
1995 4257 2151 4321 ὅλως,

494 4406 501 4415 .
576 4340 786 4411 ἀτίμως
806 4341 904 4410 τῆς
933 4342 1139 4404 πόλεως
1166 4342 1449 4415 ἐξερρίφη,
1478 4345 1585 4397 τῶν
1607 4345 1670 4415 δή
1682 4364 1793 4416 μων
1817 4348 2149 4418 κραζόντων,

2261 3244 2395 3315 ἡμῖν
2441 3243 2470 3296 6
2500 3242 2654 3309 Θεὸς,
2705 3245 2786 3297 ὅτι
2835 3242 2975 3313 μετὰ
3023 3244 3172 3312 τρεῖς
3209 3240 3423 3312 ἡμέρας
3462 3238 3835 3308 ἀναλαμϐάνει

2257 3335 2350 3388 τὸν
2376 3334 2685 3405 ἄνθρωπον;
2720 3334 2809 3399 Ὠς
2830 3334 2888 3388 δέ
2914 3333 3183 3405 προῆλθον
3209 3331 3513 3403 ἔμπροσθεν
3528 3330 3633 3383 τοῦ
3656 3330 3832 3392 τόπου,

2259 3429 2288 3480 ὁ
2318 3424 2458 3497 ἀνὴρ
2488 3425 2671 3489 αὐτοῖς
2721 3425 3041 3496 ἀπαντήσας
3074 3424 3371 3495 ἠσπάζετο.
3413 3422 3471 3475 '0
3512 3422 3572 3475 δὲ
3632 3419 3833 3483 Παύλός

2260 3535 2393 3589 φησι
2428 3516 2565 3588 πρὸς
2598 3515 2797 3569 αὐτόν’
2842 3515 3055 3587 Φράσον
3087 3516 3220 3586 ἡμῖν
3250 3516 3319 3568 τὰ
3370 3513 3604 3567 σεαυτοῦ
3640 3529 3829 3583 κατορ·

2260 3611 2490 3682 θώματα
2512 3625 2527 3639 ·
2566 3609 2869 3681 μεθαύριον
2890 3611 2997 3681 γὰρ
3030 3609 3165 3681 πρὸς
3183 3608 3317 3662 Θεὸν
3346 3605 3651 3679 ἀπελεύσῃ.

2825 3702 3076 3755 ΚΕΦΑΛ.
3139 3702 3272 3755 NH'.

2685 3794 2820 3862 Περὶ
2852 3793 2947 3847 καί
2976 3791 3125 3849 ἁόὅᾶ
3175 3793 3408 3848 Ἀνούὄ.

2330 3882 2464 3938 Εἶπε
2516 3884 2573 3938 δέ
2612 3885 2758 3939 ἀόὁᾶ
2796 3885 2988 3939 Ἀνούὁ
3031 3884 3167 3955 πρὸς
3216 3883 3434 3946 αὐτούς’
3466 3878 3771 3950 Εὐλογητὸς
3800 3878 3827 3930 6

2258 3975 2394 4039 Θεὸς
2422 3978 2450 4030 ὁ
2479 3977 2647 4047 κάμοὶ
2673 3977 2843 4030 ταῦτα
2868 3976 3167 4047 γνωρίσας,
3193 3976 3288 4027 καὶ
3318 3974 3417 4043 τὴν
3444 3973 3601 4043 ὑμῶν
3625 3988 3825 4042 παρου-

2260 4069 2379 4123 σίαν
2417 4068 2511 4122 καὶ
2538 4069 2840 4123 πολιτείαν.
2882 4067 3067 4122 Είπὼν
3096 4069 3152 4121 δὲ
3176 4068 3409 4121 ἑκάστου
3439 4066 3509 4118 τὰ
3546 4062 3823 4134 κατορθώο

2260 4179 2428 4230 ματα,
2465 4163 2559 4215 καὶ
2593 4162 2659 4215 τὰ
2680 4162 2874 4215 ἑαυτοῦ
2900 4162 3087 4215 λοιπὸν
3110 4162 3375 4231 ἐξηγεῖτο,
3402 4159 3579 4225 λέγων
3599 4176 3614 4190 ο
3659 4158 3742 4223 Ἐξ
3766 4148 3823 4209 οὐ

2256 4253 2316 4305 τὸ
2339 4253 2593 4324 Σωτῆρος
2609 4252 2697 4306 ὸνο
2705 4271 2780 4323 μα
2804 4254 2896 4306 ἐπὶ
2913 4254 3010 4322 τῆς
3029 4252 3131 4322 γῆς
3152 4250 3499 4322 ὡμολόγησα,
3516 4250 3578 4302 οὐ
3600 4245 3823 4319 προῆλθε

2254 4344 2451 4412 ψεῦδος
2484 4345 2547 4397 ἐκ
2577 4346 2670 4398 τοῦ
2699 4345 2965 4415 στόματός
2994 4362 3115 4415 μου,
3143 4347 3330 4414 γήϊνον
3360 4344 3512 4398 οὐδὲν
3546 4342 3820 4417 διῃτήθην.

574 4430 678 4483 Τὸν
700 4431 901 4485 πλάνον
916 4430 1091 4496 ζῶντα
1108 4434 1372 4488 καύσατε·
1400 4436 1500 4507 ἐμὲ
1513 4437 1567 4491 δέ
1582 4439 2150 4513 ἀναλαϐόντεςόδχλος
2184 4467 2226 4521 η
2256 4434 2349 4488 τοῦ
2377 4436 2611 4505 ἀγγέλου
2644 4453 2711 4506 με
2738 4436 2965 4508 ἡμέριον
2991 4436 3283 4507 τρέφοντος
3310 4436 3408 4506 τὴν
3435 4436 3688 4505 οὖράνιον
3706 4450 3823 4504 τρο-

573 4522 669 4578 καί
701 4523 1097 4595 εὐφημοῦντες,
1128 4529 1207 4591 είς
1233 4527 1330 4599 τὴν
1364 4529 1660 4599 ἐκκλησίαν
1694 4532 2077 4603 προέπεμψαν.

645 4615 869 4670 Ἀλλοτε
897 4616 955 4670 δέ
980 4635 1084 4688 μου
1116 4620 1406 4690 παριόντος
1436 4621 1522 4677 διὰ
1554 4622 1684 4677 ναοῦ
1703 4641 1867 4688 τινος,
1891 4626 2031 4690 τινές
2045 4628 2151 4679 τῶν

570 4706 740 4759 ἐθνῶν
764 4708 876 4770 τοῖς
902 4708 1142 4773 εἰδώλοις
1175 4710 1354 4764 αὐτῶν
1387 4711 1670 4778 ἐθυσίαζον
1697 4729 1713 4745 ο
1760 4712 1913 4769 εἶπον
1963 4717 2019 4770 δὲ
2052 4718 2151 4771 αὐ-

567 4800 701 4861 τοῖς’
721 4799 780 4851 Εἰ
803 4798 1009 4867 λογικοὶ
1032 4801 1205 4868 ὄντες,
1223 4802 1439 4871 ἀλόγοις
1465 4804 1515 4856 τί
1539 4804 1727 4870 θύετε;
1757 4807 1847 4858 καὶ
1877 4808 2032 4876 ὑμεῖς
2054 4810 2150 4861 αὐ-

569 4892 676 4941 τῶν
699 4890 820 4943 ἐστε
848 4892 1031 4944 λοιπόν
1063 4892 1411 4965 ἁλογώτεροι.
1437 4898 1498 4947 Οἱ
1525 4896 1580 4949 δὲ
1612 4899 1686 4960 ὡς
1712 4898 1893 4961 καλῶς
1939 4901 2148 4953 εἰπόντι

570 4982 771 5045 εὐθέως
801 5001 892 5053 μοι
924 4985 1321 5056 ἠκολούθησαν,
1367 4988 1443 5057 τῷ
1486 4990 1703 5060 Σωτῆρι
1735 4992 2144 5054 πιστεύσαντες.

642 5074 835 5143 Κήπου
866 5076 922 5128 δέ
949 5077 1039 5143 μοί
1071 5094 1201 5130 ποτε
1239 5080 1295 5130 ἐν
1330 5083 1395 5149 τῇ
1427 5080 1653 5149 πλησίον
1678 5082 1833 5152 χώρᾳ
1874 5084 2147 5155 ὑπάρχον-

570 5182 659 5227 τος
692 5165 779 5219 διὰ
818 5167 915 5237 τὴν
951 5170 1253 5238 ἐρχομένην
1296 5172 1431 5237 πρὸς
1467 5174 1615 5242 ἡμᾶς
1644 5175 2000 5243 ἀδελφότητα,
2056 5182 2147 5229 καὶ

568 5259 684 5321 ἐνός
710 5276 854 5320 τινος
890 5260 1052 5313 αὐτὸν
1086 5261 1316 5330 πένητος
1368 5264 1763 5335 ἐργαζομένου,
1810 5268 2023 5336 εἰσῆλθέ
2067 5286 2149 5329 τις

567 5353 675 5404 τῖἰν
715 5352 987 5421 Ἑλλήνων
1017 5353 1244 5425 συλῆσαι
1296 5356 1363 5408 τὰ
1416 5356 1644 5427 λάχανα.
1691 5358 1775 5420 Ὠς
1818 5359 1873 5411 δὲ
1912 5360 2147 5430 συλήσας

569 5444 830 5512 ἀπῆλθεν,
851 5444 955 5508 ἕως
1004 5446 1102 5514 τῆς
1146 5447 1337 5517 τρίτης
1394 5450 1609 5519 ἡμέρας
1668 5449 1815 5517 ἐψείν
1856 5452 1995 5503 αὐτὰ
2048 5452 2147 5505 οὐκ

568 5536 807 5602 ἐδυνάτο,
840 5540 955 5593 ἀλλ’
976 5540 1201 5609 ἔμειναν
1232 5544 1291 5593 ἐν
1317 5540 1392 5608 τῷ
1422 5541 1610 5610 λέὸητι
1634 5536 1721 5595 οἷά
1754 5559 1857 5610 περ
1889 5545 1980 5595 καὶ
2017 5544 2142 5613 ἐλή-

568 5626 801 5697 φθησαν.
860 5631 934 5701 μὴ
988 5630 1418 5703 θερμαινομένου
1460 5632 1595 5695 ὅλως
1640 5631 1734 5685 τοῦ
1780 5632 1991 5697 ὓδατος.
2057 5635 2145 5688 Ἐν

563 5718 741 5790 ἐαυτῷ
778 5722 835 5776 δὲ
863 5726 1154 5792 γενόμενος
1209 5726 1237 5778 6
1272 5726 1431 5798 ἀνὴρ,
1475 5726 1755 5781 ἀναλαϐὼν
1796 5728 1863 5781 τὰ
1904 5728 2134 5801 λάχανα,

2257 4531 2363 4599 φήν
2393 4545 2407 4560 ·
2457 4529 2575 4582 οὐδὲ
2631 4528 2819 4598 ἐτέρου
2852 4527 2998 4590 τινὸς
3052 4526 3314 4599 ἐπιθυμία
3347 4526 3574 4598 ἀνῆλθεν
3627 4531 3707 4589 εἴς
3735 4524 3823 4593 τὴν

2256 4621 2484 4691 καρδίαν
2516 4638 2639 4687 μου,
2674 4621 2811 4690 πλὴν
2841 4620 2873 4691 ἦ
2909 4619 3001 4672 τοῦ
3065 4619 3226 4674 Θεοῦ.
3276 4619 3409 4672 Οὐδὲ
3461 4616 3822 4688 ἀπέκρυψενό

2253 4714 2386 4775 Θεός
2413 4730 2463 4765 τι
2500 4712 2608 4764 τῶν
2626 4712 2908 4779 ἐπιγείων,
2938 4712 2966 4764 ὃ
2988 4712 3087 4763 οὐκ
3111 4710 3378 4781 ἐγνώρισέ
3404 4728 3515 4781 μοι.
3540 4711 3656 4764 Οὐκ
3678 4706 3820 4778 ἔληξε

2255 4805 2367 4882 φῶς
2400 4807 2511 4867 τοῖς
2549 4804 2845 4874 ὀφθαλμοῖς
2880 4820 3018 4873 μου·
3074 4804 3173 4856 οὐκ
3235 4807 3291 4856 ἐν
3338 4803 3528 4874 ἡμέρᾳ
3582 4802 3817 4865 ῦπνωσα,

2251 4898 2351 4950 οὐκ
2378 4898 2433 4952 ἐν
2470 4898 2622 4949 νυκτὶ
2666 4896 3082 4965 ἀνεπαυσάμην,
3109 4895 3200 4948 τὸν
3235 4894 3366 4948 Θεὸν
3396 4895 3661 4966 ἐκζητῶν,
3695 4892 3819 4948 ἀλλά

2252 4988 2481 5057 ἄγγελός
2506 5006 2594 5060 μοι
2619 4989 2798 5059 παρῆν
2815 4990 2899 5042 ἀεὶ
2916 5030 2930 5055 ,
2947 4990 3045 5049 τὰς
3072 4988 3164 5041 τοῦ
3192 4986 3399 5057 κόσμου
3425 4987 3684 5055 δυνάμεις
3707 4989 3816 5039 ἐπιδ

2249 5081 2507 5134 δεικνύων
2535 5099 2547 5110 ·
2598 5080 2658 5134 τὸ
2698 5080 2813 5150 φῶς
2845 5079 2945 5147 τῆς
2981 5080 3221 5141 διανοίας
3272 5096 3371 5149 μου
3410 5080 3508 5131 οὐκ
3548 5077 3775 5146 ἐσϐέσθη
3799 5093 3811 5108 ο

2251 5175 2360 5224 πᾶν
2394 5175 2603 5241 αῐτημα
2638 5171 2791 5243 παρά
2823 5170 2955 5224 Θεοῦ
2997 5189 3098 5239 μου
3136 5171 3297 5233 εὐθὺς
3332 5169 3658 5239 ἐλάμϐανον.
3686 5170 3815 5222 ἰδον

2254 5265 2512 5328 πολλάκις
2545 5265 2814 5337 μυριάδας
2864 5265 3113 5332 ἀγγέλων
3146 5264 3224 5334 τῷ
3261 5264 3380 5335 Θεῷ
3428 5261 3808 5333 παρεστώσας·

2252 5362 2357 5411 ἴδον
2406 5360 2598 5428 χοροὺς
2639 5359 2891 5411 δικαίων*
2934 5358 3042 5410 ἴδον
3091 5358 3383 5427 μαρτύρων
3441 5356 3808 5425 ἀθροίσματα’

2250 5452 2355 5505 ἴδον
2396 5452 2615 5505 πάντων
2643 5451 2703 5503 τὸ
2738 5450 2902 5522 ἔργον
2939 5450 3047 5503 τῶν
3080 5451 3171 5501 τὸν
3214 5449 3346 5501 Θεὸν
3398 5448 3807 5518 εὐφημούντων·

2250 5546 2357 5599 ἴδον
2399 5546 2489 5599 τὸν
2521 5547 2766 5599 Σατανᾶν
2816 5545 2949 5614 πυρὶ
3004 5542 3475 5613 παραδιδόμενονο
3536 5538 3644 5593 ῖδδν
3693 5538 3809 5599 τούς

2246 5639 2508 5707 ἀγγέλους
2558 5637 2722 5691 αὐτοῦ
2776 5636 3171 5707 κολαζομένους
3199 5652 3212 5664 ·
3249 5632 3367 5686 ἴδον⁹
3400 5635 3527 5697 τοὺς
3581 5630 3808 5689 δικαίους

2246 5731 2476 5794 αἰωνίως
2538 5729 3023 5801 εὐφραινομένους.
3070 5726 3254 5782 Ταῦτα
3284 5726 3339 5781 δὲ
3392 5726 3485 5780 καὶ
3515 5724 3647 5781 ἄλλα
3680 5720 3802 5775 πολ-
