4060 6506
383 310 521 365 1157

1597 301 1907 362 HISTORIA
1953 296 2303 354 LAUSIACA.

3456 298 3591 353 1158

371 430 548 489 Filloli
585 432 688 488 mei
714 476 731 503 ,
778 450 882 490 non
923 432 1202 504 oportebat
1241 445 1324 484 me
1361 423 1581 497 gloriari
1620 421 1757 488 apud
1800 428 1926 470 vos.

2040 407 2421 460 condonaretur
2449 414 2702 469 erratum,
2735 413 2788 458 et
2813 414 2868 458 ut
2894 404 3039 459 ﬂeret
3066 402 3429 468 Christianus,
3450 406 3590 472 quod

370 540 547 594 neque
573 541 635 581 ea
666 528 944 581 enuntiare
973 542 1087 589 quso
1118 531 1264 590 gesta
1303 527 1429 572 sunt
1463 529 1492 567 a
1532 512 1775 566 Patribus
1802 524 1816 571 ;
1853 520 1927 558 ne

372 625 549 669 meth
671 612 801 667 elati
899 613 1214 667 amittamus
1320 604 1664 660 mercedem:
1715 605 1930 667 ντοριετ

370 700 603 757 studium
654 713 831 753 autem
882 709 1114 752 vestrum
1165 708 1216 751 et
1266 695 1575 754 utilitatem,
1628 688 1766 757 quod
1821 696 1925 739 tam

377 789 560 858 procul
590 790 655 842 ad
689 802 785 844 nos
814 787 1034 842 venistis
1053 827 1069 849 ,
1098 800 1204 839 non
1239 784 1486 836 fraudabo
1529 793 1626 831 vos
1655 775 1883 830 utilitate
1908 788 1924 834 ;

370 877 464 931 sed
495 892 615 946 qute
646 891 739 946 per
772 891 867 930 nos
893 876 1143 931 Servator
1170 872 1369 941 gessit,
1416 867 1642 921 narrabo
1693 877 1928 932 praesen-

372 964 511 1020 tibus
540 965 810 1018 fratribus.

437 1053 643 1108 Sterilis
675 1061 793 1107 crat
819 1068 944 1122 ager
967 1053 1055 1121 qui
1087 1059 1169 1105 est
1194 1065 1353 1118 prope
1380 1064 1495 1114 nos,
1529 1055 1584 1101 et
1609 1042 1791 1099 rustici
1840 1044 1929 1109 qui

369 1141 543 1209 ipsum
572 1141 929 1208 possidebant,
978 1142 1322 1205 seminantes,
1356 1140 1445 1191 vix
1485 1150 1666 1190 semen
1693 1132 1931 1200 duplica-

370 1243 478 1286 tutn
512 1234 803 1297 metebant;
835 1233 1031 1286 vermis
1068 1232 1209 1286 enim
1240 1243 1462 1284 nascens
1491 1229 1541 1281 in
1570 1228 1735 1294 spica,
1764 1232 1926 1276 totam

369 1342 595 1381 messem
622 1326 1012 1394 corrumpebat.
1045 1323 1303 1392 Agricolas
1331 1331 1509 1374 autem
1546 1316 1873 1373 catecItistno
1899 1330 1928 1369 a

369 1416 523 1469 nobis
552 1414 793 1481 instituti,
823 1424 877 1470 et
904 1414 1077 1468 eII’ecti
1106 1413 1417 1476 Christiani,
1450 1418 1701 1478 rogarunt
1730 1424 1826 1461 nos
1869 1415 1927 1460 ut

366 1521 640 1561 oraremus
668 1521 759 1571 pro
785 1521 978 1560 messe.
1010 1505 1130 1557 Dixi
1161 1514 1337 1558 autem
1368 1504 1445 1556 eis
1477 1518 1490 1555 :
1525 1500 1577 1554 Si
1606 1499 1814 1553 habetis
1856 1497 1929 1550 ﬁ-

367 1594 489 1649 dem
520 1596 570 1648 in
604 1595 789 1659 Deum,
829 1595 911 1648 vel
941 1609 1099 1648 arena
1131 1593 1324 1646 deserti
1354 1592 1581 1644 fructum
1613 1590 1761 1642 vobis
1800 1586 1930 1640 aﬂ‘e-

368 1694 471 1740 ret.
506 1686 540 1739 Ii
570 1694 742 1738 autem
775 1684 901 1738 nihil
933 1684 1187 1744 cunctati.
1241 1697 1360 1735 cum
1394 1681 1491 1734 hac
1521 1696 1700 1743 arena,
1747 1692 1864 1747 quae
1899 1690 1928 1728 a

369 1774 520 1828 nobis
562 1773 815 1838 calcatur,
845 1774 992 1828 sinus
1037 1774 1366 1841 implessent,
1398 1770 1704 1834 attulerunt,
1738 1783 1926 1837 rogan-

2040 1743 2351 1808 institutum,

370 1874 449 1919 tea
489 1872 546 1917 ut
576 1863 1025 1918 benediceremus.
1060 1863 1338 1930 Postquam
1379 1869 1555 1915 autem
1598 1873 1714 1913 sum
1744 1872 1927 1925 preca-

369 1961 457 2010 tus
484 1962 540 2007 ut
569 1952 672 2006 illis
696 1952 850 2007 ﬁeret
874 1952 1163 2006 secundum
1194 1952 1426 2018 ipsorum
1470 1947 1650 2013 Iidem,
1680 1947 1778 2015 ipsi
1809 1960 1925 2000 eam

368 2056 491 2097 cmu
518 2039 780 2096 frumento
806 2040 1131 2094 seminarunt
1171 2039 1224 2092 itt
1253 2038 1394 2091 arvis
1437 2037 1580 2101 suis;
1610 2046 1662 2090 et
1704 2044 1928 2102 repente

364 2145 553 2186 eorum
582 2145 705 2203 ager
735 2130 806 2185 ita
839 2129 1203 2196 multiplicavit
1232 2128 1479 2192 fructum,
1511 2136 1567 2179 ut
1596 2138 1807 2178 onmem
1836 2138 1927 2176 su-

369 2229 583 2288 peraret
635 2218 941 2289 Egyptum.
989 2217 1100 2272 Hoc
1145 2231 1271 2286 ergo
1321 2213 1500 2270 facere
1558 2213 1723 2279 soliti,
1778 2213 1929 2267 nobis

365 2309 650 2379 quotannis
687 2309 941 2366 exhibent
966 2309 1281 2364 molestiam.
1319 2307 1487 2362 Unum
1514 2317 1711 2370 autem,
1738 2307 1926 2375 inquit,

368 2415 615 2471 magnum
644 2401 953 2455 miraculum
982 2400 1208 2470 praebuit
1249 2399 1379 2453 mihi
1410 2400 1546 2455 Deus
1573 2399 1754 2455 multis
1794 2415 1930 2470 prae-

369 2491 628 2546 sentibus.
658 2491 792 2545 Cum
836 2494 976 2547 enim
1002 2492 1054 2546 in
1097 2490 1362 2547 civitatem
1391 2491 1674 2561 aliquando
1703 2493 1923 2547 descen-

368 2580 587 2646 dissem,
620 2580 795 2636 inveni
827 2581 1105 2650 quemdam
1131 2581 1305 2636 virum
1331 2582 1673 2637 Manichzeum
1697 2584 1785 2653 qui
1827 2600 1928 2654 po-

367 2671 521 2740 pulos
549 2670 858 2738 seduxerat;
888 2688 1008 2727 cum
1041 2681 1218 2728 autem
1251 2689 1354 2727 non
1389 2689 1603 2741 possem
1642 2675 1690 2730 ei
1722 2675 1933 2744 publice

368 2762 712 2831 persuadere,
759 2763 865 2817 dixi
896 2778 1183 2818 conversus
1230 2764 1292 2816 ad
1327 2762 1714 2818 multitudinem
1760 2782 1776 2818 :
1820 2764 1933 2820 Ma-

367 2869 526 2923 gnum
552 2868 735 2921 r0gum
763 2854 813 2908 in
845 2854 1014 2923 platea
1045 2854 1334 2922 accendite,
1369 2864 1422 2908 et
1473 2855 1834 2925 ingrediamur
1878 2857 1929 2909 in

369 2946 667 3010 ﬂammam;
694 2956 746 3001 et
765 2948 853 3015 qui
876 2961 941 2999 ex
964 2947 1114 3000 nobis
1136 2946 1330 3001 illassus
1358 2963 1385 2999 a
1415 2946 1625 3000 ﬂamma
1651 2947 1929 3014 manserit,

369 3034 418 3088 is
460 3034 616 3088 habet
641 3036 829 3089 bonam
858 3036 1037 3090 ﬁdem.
1075 3037 1357 3106 Postquam
1392 3049 1568 3091 autem
1601 3039 1701 3091 hoc
1735 3038 1929 3091 factum

2032 500 2194 553 etiam
2226 496 2417 550 factum
2443 503 2547 550 est.
2582 496 2744 548 Erant
2784 504 2958 547 autem
2991 494 3089 547 hac
3119 495 3230 564 ipsa
3260 494 3388 547 hora
3414 493 3594 561 hospi-

2033 596 2113 643 tes
2146 587 2334 641 fratres
2364 587 2451 655 qui
2501 585 2564 639 ad
2597 600 2693 638 nos
2733 591 2989 638 venerant
3016 600 3029 635 :
3062 592 3276 652 prepter
3302 598 3434 652 quos
3462 592 3595 637 tetu-

2032 679 2235 746 pestive
2261 677 2542 730 admodum
2569 677 2632 729 ad
2664 690 2759 728 nos
2788 675 2943 727 allata
2972 685 3098 727 sunt
3125 673 3289 728 olera.
3323 676 3451 739 Quae
3472 688 3593 727 cutn

2029 768 2469 833 comedissemus,
2515 770 2718 834 egimus
2764 767 2988 820 Domino
3016 765 3230 834 gratias,
3258 764 3453 831 duplici
3497 778 3590 817 ac-

2030 871 2181 927 cepta
2209 862 2409 928 laetitia,
2435 869 2490 915 et
2533 876 2600 915 ex
2628 861 2795 913 salute
2825 858 3076 920 hominis,
3123 865 3177 911 et
3203 871 3269 911 ex
3300 855 3594 910 refectione

2030 952 2276 1007 fratrum.

2614 1018 2836 1075 CAPUT
2878 1018 2984 1074 LV.

2556 1110 2676 1163 Vita
2703 1110 2892 1163 abbatis
2924 1110 3066 1163 Suri.

2102 1202 2282 1258 Abbas
2310 1210 2485 1254 autem
2511 1201 2697 1261 Surus,
2732 1199 2923 1267 inquit,
2952 1207 3005 1251 et
3034 1196 3194 1251 Isaias
3234 1194 3430 1266 (Ra/Il,
3463 1192 3501 1246 ι.
3536 1208 3594 1258 n.

2029 1310 2145 1361 cap.
2182 1294 2288 1361 I0),
2318 1301 2371 1346 et
2397 1291 2592 1344 Paulus
2631 1290 2729 1344 sibi
2760 1289 2983 1343 invicem
3010 1298 3231 1357 repente
3252 1293 3595 1340 occurrerunt

2029 1387 2093 1440 ad
2125 1385 2364 1451 Iluvium,
2394 1384 2488 1437 viri
2516 1384 2583 1450 pii
2615 1390 2669 1437 et
2694 1381 2893 1451 egregii
2938 1382 3337 1441 exercitatores,
3368 1370 3591 1430 invisuri

2030 1490 2274 1543 magnum
2320 1474 2561 1527 abbatem
2615 1470 2825 1539 Auuph.
2896 1470 3134 1524 Distabat
3175 1480 3350 1521 autem
3408 1482 3592 1521 eorum

2030 1566 2364 1621 intervallum
2420 1564 2586 1618 tribus
2636 1563 3033 1627 mansionibus;
3081 1569 3135 1615 et
3186 1560 3372 1614 dicunt
3404 1559 3487 1629 ,ad
3536 1573 3594 1612 se

2029 1656 2255 1710 invicem
2301 1671 2316 1708 :
2347 1653 2603 1708 Ostendat
2632 1654 2990 1722 unusquisque
3020 1660 3257 1704 nostrum
3296 1664 3449 1702 suum
3474 1648 3594 1699 vitae

2387 1752 2439 1796 et
2480 1741 2923 1811 quemadmodum
2953 1739 3049 1793 fuit
3078 1740 3129 1812 in
3163 1738 3261 1793 hac
3291 1740 3395 1791 vita
3430 1753 3457 1790 a
3483 1736 3592 1790 Deo

2030 1835 2338 1890 honoratus.
2373 1834 2547 1889 Abbas
2570 1843 2745 1887 autem
2775 1832 2942 1886 Surus
2972 1831 3105 1884 dixit
3127 1831 3203 1883 eis
3229 1846 3242 1881 :
3275 1828 3404 1883 Peto
3427 1842 3456 1880 a
3485 1827 3593 1881 Deo

2028 1926 2248 1993 donum,
2298 1935 2354 1979 ut
2402 1940 2500 1980 nos
2549 1926 2743 1978 virtute
2786 1923 3003 1990 spiritus
3030 1920 3283 1976 indefessi
3326 1919 3390 1973 ad
3420 1919 3591 1973 locum

2028 2019 2430 2088 perveniamus;
2464 2029 2518 2073 et
2544 2032 2663 2072 cum
2707 2017 2819 2083 ipse
2848 2018 3019 2069 solum
3047 2022 3273 2077 orasset,
3320 2013 3590 2064 inventum

2028 2118 2112 2165 est
2153 2110 2392 2179 protinus
2424 2119 2658 2177 paratum
2686 2108 2981 2176 navigium,
3014 2115 3065 2160 et
3090 2113 3279 2159 ventus
3304 2101 3591 2161 secundus.

2029 2210 2083 2256 et
2112 2210 2380 2256 momento
2407 2199 2662 2268 temporis
2689 2198 2891 2254 inventi
2920 2205 3047 2253 sunt
3086 2196 3142 2251 in
3174 2195 3310 2260 loco,
3355 2206 3474 2247 cum
3503 2192 3595 2244 ad-

2030 2308 2186 2349 verso
2215 2291 2430 2349 ﬂumine
2454 2292 2813 2362 navigassent.

2610 2382 2838 2439 CAPUT
2874 2380 3011 2438 LVI.

2557 2472 2667 2525 Vita
2692 2474 2887 2527 abbatis
2920 2471 3095 2527 Isaia.

2105 2565 2267 2622 Isaias
2293 2576 2469 2620 autem
2498 2565 2626 2619 dicit
2648 2566 2765 2619 eis:
2804 2565 2865 2619 Et
2891 2563 3015 2633 quid
3043 2544 3254 2626 mirum,
3284 2574 3317 2615 ο
3344 2558 3524 2623 amici,
3552 2557 3595 2611 si

2032 2660 2114 2712 vir
2141 2658 2294 2712 nobis
2322 2657 2630 2720 occurrerit,
2660 2657 2750 2725 qui
2777 2654 2934 2710 vitam
2983 2664 3161 2711 narret
3188 2652 3600 2723 uniuscujusque

2033 2747 2336 2819 (Rulf.,lib.
2369 2763 2426 2814 ll,
2450 2764 2564 2817 cap.
2594 2747 2722 2816 10)?

2616 2839 2839 2896 CAPUT
2878 2838 3033 2894 LVII.

2554 2928 2669 2985 Vita
2698 2931 2892 2984 abbatis
2927 2928 3105 2984 Pauli.

2107 3021 2297 3076 Paulus
2325 3031 2499 3078 autem
2532 3022 2659 3079 dicit
2679 3022 2758 3077 eis
2785 3038 2800 3079 :
2827 3022 2881 3078 Si
2928 3022 3070 3077 Deus
3098 3022 3251 3077 nobis
3280 3020 3603 3078 revelaverit

369 3134 471 3187 est,
498 3133 553 3178 et
576 3125 743 3178 turba
770 3141 955 3195 rogum
987 3129 1093 3181 cito
1122 3128 1498 3193 accenderunt,
1531 3129 1698 3197 ipsum
1725 3143 1931 3181 mecmn
1958 3111 2009 3177 Ο
2040 3112 2178 3181 (Ιυοά
2212 3121 2330 3180 Ροει
2355 3121 2462 3166 ῐτθδ
2488 3114 2607 3167 dies
2649 3112 2873 3167 assumit
2921 3113 3229 3167 hominem?
3255 3113 3389 3168 Cum
3428 3122 3604 3168 autem

372 3214 652 3269 trahebant
692 3215 744 3267 in
797 3215 991 3283 ignem.
1043 3218 1089 3269 Is
1124 3229 1299 3270 autem
1340 3217 1505 3272 dicit:
1564 3218 1933 3286 Unusquisque

373 3317 613 3383 seorsum
662 3305 1003 3375 ingrediatur,
1036 3306 1305 3376 debe~que
1353 3310 1552 3377 primus
1602 3309 1804 3377 ingredi
1846 3310 1934 3378 qtti

373 3395 594 3467 Iussisti.
626 3396 754 3450 Cum
782 3408 957 3452 autem
988 3400 1038 3452 iu
1090 3402 1302 3453 nomine
1348 3400 1544 3453 Christi
1571 3402 1810 3467 signatus
1850 3415 1934 3453 es-

373 3504 485 3545 sem
514 3491 803 3561 ingressus,
831 3489 1042 3544 ﬂamma
1074 3493 1126 3544 in
1158 3493 1292 3545 hanc
1322 3500 1377 3546 et.
1424 3493 1566 3546 illam
1602 3501 1801 3559 partem
1849 3492 1927 3544 tli-

375 3581 509 3643 visa,
537 3595 623 3634 me
647 3580 782 3633 nulla
807 3580 978 3634 aﬂ‘ecit
1002 3582 1266 3647 molestia,
1289 3597 1413 3635 cum
1446 3583 1769 3636 semihoram
1797 3583 1848 3635 in
1872 3597 1935 3635 ea

372 3684 550 3724 essent
578 3678 835 3724 moratus.
883 3670 1075 3725 Turbae
1119 3680 1295 3726 autem
1328 3671 1440 3726 viso
1480 3672 1734 3726 miraculo
1763 3672 1939 3727 excla-

375 3771 606 3826 tuarunt,
629 3771 687 3815 et
712 3761 971 3832 cogebant
1016 3760 1160 3815 illum
1194 3778 1377 3832 pyram
1415 3765 1730 3833 pervadere,
1758 3765 1803 3818 is
1844 3779 1935 3818 au-

374 3858 482 3904 tem
512 3851 746 3915 nolebat,
779 3852 968 3906 timore
993 3851 1230 3906 ait‘ectus.
1259 3853 1392 3908 Cum
1420 3869 1540 3909 eum
1570 3862 1746 3910 autem
1785 3870 1937 3910 acce-

376 3944 580 4012 pissent
633 3945 831 4012 p0puli,
880 3946 931 3998 in
981 3947 1208 3999 medium
1252 3955 1651 4012 protruserunt;
1702 3957 1760 4003 et
1799 3958 1939 4004 totus

375 4032 588 4086 ﬂamma
618 4034 910 4100 ambustus,
940 4034 1139 4104 eiectus
1170 4048 1301 4091 este
1325 4038 1561 4103 civitate,
1586 4040 1939 4094 clamantibus

377 4125 585 4194 populis
618 4141 633 4179 :
669 4125 887 4181 Planum
918 4129 1182 4184 viventem
1216 4131 1439 4184 exurite.
1471 4130 1551 4185 Me
1572 4142 1747 4185 autem
1773 4131 1939 4185 turba:

374 4216 723 4285 accipientes,
753 4231 808 4272 et
838 4219 1077 4273 laudibus
1101 4231 1497 4289 prosequentes,
1530 4220 1862 4276 deduxerunt
1886 4221 1939 4274 in

372 4308 675 4365 ecclesiam.

447 4398 580 4455 Cum
608 4409 783 4455 autem
811 4416 909 4473 ego
952 4401 1234 4471 aliquando
1262 4418 1358 4471 per
1385 4404 1648 4471 quoddam
1687 4403 1939 4470 templum

2038 3202 2193 3271 paulo
2219 3202 2437 3256 ulterius
2458 3203 2859 3272 processissent,
2887 3202 2967 3256 vir
2987 3204 3065 3255 eis
3087 3203 3296 3256 obviam
3325 3202 3492 3257 factus
3513 3216 3605 3256 eos

2036 3293 2259 3355 salutat;
2295 3293 2486 3348 Paulus
2530 3304 2704 3348 autem
2735 3294 2785 3348 ei
2812 3294 2977 3349 dicit:
3015 3293 3107 3349 Dic
3139 3294 3292 3348 nobis
3320 3309 3437 3363 quas
3464 3302 3609 3347 recte

2035 3384 2282 3454 gessisti;
2318 3401 2437 3439 nam
2467 3394 2584 3453 post
2608 3387 2900 3441 crastinum
2942 3384 3087 3441 diem
3127 3385 3299 3441 abibis
3341 3384 3409 3439 ad
3439 3384 3605 3440 Deum

2038 3475 2275 3543 (Ra/ﬁn,
2310 3476 2347 3531 Ι.
2381 3489 2439 3540 ιι,
2468 3491 2581 3545 cap.
2614 3474 2726 3544 IO).

2598 3584 2824 3640 CAPUT
2864 3585 3042 3641 LVIII.

2456 3674 2571 3729 Vita
2596 3676 2790 3730 abbatis
2819 3677 3001 3744 Ληκρή
3043 3676 3214 3746 (105).

2113 3765 2251 3819 Dixit
2270 3774 2449 3819 autem
2477 3767 2554 3820 eis
2578 3766 2768 3834 Anuph
2794 3783 2808 3819 :
2840 3766 3154 3821 Benedictus
3177 3768 3336 3829 Deus,
3364 3766 3453 3836 qui
3481 3767 3607 3821 mihi

2042 3857 2155 3911 haec
2180 3872 2389 3927 quoque
2434 3858 2681 3927 signavit,
2715 3867 2767 3911 et
2796 3868 3029 3910 vestrum
3063 3861 3182 3910 vita:
3224 3857 3521 3911 institutum
3553 3868 3609 3911 ot

2040 3947 2324 4001 adventum
2354 3946 2590 4019 (Ra/Tim,
2624 3949 2661 4000 Ι.
2714 3962 2771 4011 ιι,
2797 3964 2913 4019 cap.
2942 3948 3053 4016 I0).
3088 3949 3220 4002 Cum
3247 3958 3422 4002 autem
3445 3949 3610 4003 dixis-

2041 4047 2123 4093 set
2149 4051 2266 4105 qua‘.
2297 4037 2654 4106 unusquisque
2680 4052 2863 4091 eorum
2905 4049 3046 4092 recte
3074 4047 3335 4108 gxsserat,
3367 4042 3611 4108 exposuit

2043 4130 2312 4196 deinceps.
2342 4144 2459 4196 qua:
2487 4128 2600 4193 ipse
2626 4126 2845 4191 fecerat,
2871 4127 3050 4182 dicens
3077 4146 3091 4180 :
3124 4129 3197 4182 Ex
3226 4142 3331 4197 quo
3361 4129 3609 4184 Servato-

2044 4220 2116 4270 ris
2145 4232 2340 4270 nomen
2387 4216 2655 4283 professus
2696 4231 2812 4268 sum
2845 4219 2899 4269 in
2930 4226 3089 4283 terra,
3138 4232 3205 4271 ex
3236 4231 3329 4272 ore
3356 4231 3476 4271 meo
3504 4231 3611 4273 non

2043 4317 2124 4362 est
2150 4322 2420 4376 egressum
2444 4308 2812 4363 mendacium:
2847 4308 3061 4363 humani
3088 4309 3191 4363 cibi
3218 4309 3348 4363 nihil
3377 4310 3603 4378 sumpsi,

2047 4414 2131 4454 me
2154 4399 2356 4453 cmlesti
2398 4400 2650 4454 alimento
2733 4400 2914 4458 alente
3010 4402 3251 4472 quotidie
3368 4402 3606 4469 angelo:

375 4490 681 4555 transirem,
725 4492 936 4560 quidam
962 4508 1026 4545 ex
1071 4492 1315 4560 gentibus
1349 4495 1460 4548 suis
1500 4496 1653 4549 idolis
1682 4495 1945 4549 sacriﬁca-
1976 4476 2029 4538 Ι)
2053 4492 2245 4545 nullius
2269 4491 2486 4545 alterius
2530 4490 2607 4545 rei
2637 4490 2899 4555 cupiditas
2923 4491 2978 4544 in
3016 4506 3112 4545 cor
3143 4506 3317 4546 meum
3346 4493 3607 4557 ascendit,

378 4578 530 4633 bant.
564 4580 678 4633 Dixi
706 4592 880 4635 autem
906 4582 985 4636 eis
1008 4598 1020 4635 :
1053 4584 1159 4637 Cur
1184 4598 1303 4637 cum
1327 4586 1441 4637 sitis
1466 4588 1747 4654 participes
1776 4588 1940 4640 ratio-

377 4670 487 4737 nis,
518 4672 826 4727 sacriIiCatis
854 4674 917 4727 its
947 4689 1064 4741 quae
1090 4685 1280 4729 carent
1309 4678 1511 4729 ratione
1536 4695 1548 4728 :
1584 4693 1782 4746 vosque
1811 4682 1941 4733 estis

378 4761 449 4814 de
467 4773 664 4816 caetero
692 4763 755 4815 iis
786 4762 948 4832 magis
976 4775 1220 4831 expertes
1251 4766 1507 4819 rationis?
1532 4766 1606 4819 Illi
1633 4778 1808 4822 autem
1833 4809 1846 4828 .
1887 4777 1944 4822 ut

378 4851 469 4919 qui
500 4860 645 4905 recte
670 4850 945 4918 dixissem,
975 4870 1060 4910 me
1085 4857 1259 4909 statim
1301 4865 1426 4909 sunt
1448 4859 1635 4922 secuti,
1663 4858 1943 4914 credentes

376 4941 676 4997 Servatori.
1720 4944 1725 4949 ’

450 5033 585 5087 Cum
627 5040 804 5087 autem
831 5042 976 5088 esset
1018 5035 1148 5089 mihi
1175 5037 1453 5105 aliquando
1498 5038 1684 5092 hortus
1724 5037 1777 5092 in
1812 5052 1942 5108 agro

381 5124 700 5193 propinquo,
734 5134 951 5194 propter
974 5139 1090 5180 eam
1109 5143 1229 5195 qua:
1257 5128 1322 5182 ad
1351 5144 1447 5183 nos
1474 5130 1721 5183 veniebat
1749 5129 1944 5183 frater-

380 5214 625 5280 nitatem,
654 5224 707 5269 et
733 5216 945 5285 quidam
974 5231 1175 5286 pauper
1199 5233 1320 5271 eum
1360 5230 1688 5288 operaretur,
1722 5218 1942 5288 ingres-

382 5321 474 5361 sus
502 5315 586 5362 est
611 5309 822 5378 quidam
851 5309 1081 5378 gentilis,
1112 5319 1170 5364 ut
1194 5310 1455 5366 iuraretur
1482 5314 1626 5367 olera
1656 5329 1671 5366 :
1705 5313 1792 5366 ubi
1816 5328 1943 5368 vero

381 5409 448 5450 ea
493 5397 778 5453 suﬂ'uratus
832 5400 1160 5469 recessisset,
1214 5415 1383 5471 eaque
1436 5403 1603 5457 tribus
1650 5403 1797 5458 horis
1840 5418 1945 5458 non

384 5494 645 5557 potuisset
688 5505 937 5558 ιιυσιιιθι-θ,
978 5491 1071 5546 sed
1117 5492 1438 5547 mansissent
1467 5494 1519 5548 in
1562 5494 1736 5548 lebete
1775 5494 1947 5563 qualia
1992 5554 1994 5558 _

382 5591 687 5649 acceperat.
716 5590 898 5652 utpote
925 5584 1063 5653 quod
1086 5600 1223 5655 aqua
1238 5585 1456 5640 minime
1480 5586 1766 5651 caleﬁeret,
1784 5590 1867 5641 vir
1889 5601 1948 5640 se

386 5671 667 5746 colligens,
696 5685 911 5746 accepta
932 5676 1078 5733 olera
1101 5676 1167 5733 ad
1197 5690 1296 5733 nos
1315 5676 1525 5743 detulit,
1552 5691 1746 5747 rogans
1766 5686 1825 5731 ut
1847 5678 1947 5733 sibi

2052 4590 2401 4650 prieterquam
2428 4580 2550 4644 Dei;
2601 4580 2729 4634 nihil
2768 4596 2832 4634 ex
2876 4581 3033 4635 rebus
3064 4581 3291 4635 terrenis
3333 4583 3615 4635 occultavit

2052 4670 2183 4724 mihi
2236 4670 2392 4735 Deus,
2449 4670 2587 4739 quod
2635 4685 2737 4724 non
2793 4670 3178 4740 signiﬁcaverit
3221 4680 3275 4724 et
3318 4670 3614 4724 ostenderit

2052 4760 2200 4815 mihi.
2229 4761 2341 4815 Non
2370 4762 2597 4815 interdiu
2620 4776 2862 4814 somnum
2890 4761 3024 4828 cepi,
3052 4776 3155 4815 non
3176 4771 3330 4815 noctu
3352 4762 3608 4830 requievi,

2054 4855 2220 4908 Deum
2269 4870 2549 4923 quaerens:
2596 4851 2708 4908 Una
2759 4852 2884 4905 mihi
2930 4866 3141 4920 semper
3172 4852 3340 4905 adfuit
3369 4852 3605 4921 angelus,

2054 4946 2237 5000 mundi
2267 4944 2552 4999 ostendens
2577 4952 2891 5013 potestates;
2919 4944 3093 4997 lumen
3121 4945 3456 5013 cogitationis
3484 4959 3614 4998 mea:

2054 5051 2321 5107 nunquam
2353 5036 2449 5089 fuit
2474 5036 2825 5099 exstinctum;
2855 5049 3067 5088 omnem
3097 5036 3407 5102 petitionem
3430 5036 3611 5104 accepi

2052 5145 2082 5184 a
2123 5131 2230 5185 Deo
2261 5129 2517 5197 protinus.
2554 5126 2671 5181 Vidi
2712 5141 3079 5193 saepenumero
3141 5125 3248 5178 Deo
3288 5125 3602 5179 assistentes

2055 5220 2320 5291 myriades
2340 5220 2669 5286 angelorum,
2694 5216 2801 5269 vidi
2824 5216 3016 5269 choros
3036 5215 3323 5284 iustorum,
3350 5214 3453 5268 vidi
3474 5230 3615 5269 mar.

2057 5321 2230 5381 tyrum
2271 5309 2591 5378 congeriem,
2626 5305 2730 5360 vidi
2761 5304 3139 5360 monachorum
3171 5307 3289 5359 vitae
3327 5304 3613 5359 institutio-

2049 5416 2200 5463 nem;
2234 5400 2345 5454 vidi
2387 5412 2521 5467 opus
2562 5406 2737 5451 autem
2779 5397 3016 5451 omnium
3066 5395 3230 5451 Deum
3262 5394 3613 5450 laudantiuut.

2053 5493 2168 5547 Vidi
2195 5493 2447 5546 Satanam
2476 5490 2581 5559 igni
2607 5488 2852 5541 traditum
2871 5527 2886 5552 ,
2934 5487 3041 5541 vidi
3068 5487 3284 5556 angelos
3314 5486 3430 5555 ejus
3460 5485 3614 5555 puni-

2053 5593 2156 5648 tos,
2181 5581 2285 5636 vidi
2312 5580 2486 5650 justos
2529 5580 2768 5633 laetantes
2810 5578 2863 5631 in
2890 5574 3167 5633 reternutu.
3217 5576 3340 5631 Ilzec
3366 5587 3419 5632 et
3447 5575 3609 5631 multa

2053 5675 2151 5730 alia
2189 5688 2430 5728 narrans.
2466 5671 2621 5726 tertio
2650 5670 2735 5725 die
2767 5668 2925 5725 tradit
2952 5669 3209 5735 animam;
3242 5682 3464 5739 eamque
3502 5678 3602 5721 sta-
