4060 6520
586 310 724 367 H59

2036 331 2356 389 PALLADII

3654 352 3755 407 Hin

608 442 699 494 im
724 438 1074 505 suscipientes
1101 440 1274 510 angeli
1306 452 1358 496 et
1388 441 1534 498 chori
1567 453 1881 514 martyrum,
1914 458 1965 498 tn
1998 446 2166 500 cmlos
2196 471 2246 517 Α
2277 448 2543 512 galitatem
2577 450 2886 517 admiratus,
2916 469 3037 511 eum
3066 469 3281 514 secutus
3314 469 3396 516 est
3436 464 3675 528 abeuntem
3705 483 3753 536 ad

604 529 949 598 sustulerunt,
975 530 1102 600 ipsis
1131 532 1428 586 videntibus
1480 542 1533 586 et
1561 532 1787 603 hymnos
1808 534 2164 589 audientibus.

1198 621 1419 676 CAPUT
1459 619 1589 675 LIX.

1000 710 1111 765 Vita
1134 711 1325 764 abbatis
1356 710 1585 764 llellem's
1614 709 1785 781 (lOi).

668 800 890 869 Quidam
939 811 1112 854 autem
1158 801 1290 854 alius
1336 809 1504 868 pater,
1551 801 1636 868 qui
1668 801 1955 855 vocabatur
2001 801 2164 856 abbas

600 892 782 949 Hellen
824 890 1061 964 (Ruﬁn,
1109 891 1196 944 lib.
1252 905 1309 952 ll,
1362 889 1613 959 cap.ll),
1669 905 1788 944 cum
1829 892 1897 947 ab
1946 891 2165 947 ineunte

595 994 751 1037 :etate
779 1000 838 1038 se
862 983 1070 1036 fortiter
1098 980 1447 1043 exercuisset,
1478 995 1846 1049 saepenumero
1868 982 2042 1052 ignem
2070 996 2163 1052 ge-

591 1075 767 1129 stabat
811 1075 861 1128 in
891 1076 1029 1137 sinu,
1062 1073 1286 1128 incitans
1332 1088 1423 1127 eos
1452 1075 1540 1142 qui
1575 1088 1737 1142 pr0pe
1767 1086 1923 1128 erant
1964 1073 2159 1130 fratres

588 1166 654 1220 ad
682 1165 1008 1219 ostendenda
1060 1165 1232 1235 signa,
1263 1165 1446 1218 dicens
1472 1165 1549 1219 eis
1574 1185 1585 1217 ;
1620 1166 1677 1219 Si
1723 1180 1817 1218 vos
1845 1180 1972 1220 vere
1998 1180 2155 1221 exer-

589 1257 743 1325 cetis,
779 1256 984 1309 virtutis
1032 1254 1182 1324 signa
1208 1255 1275 1308 de
1317 1266 1511 1309 eactero
1544 1254 1825 1310 ostendite.
1860 1256 2155 1323 Aliquando

585 1360 761 1401 autem
790 1362 909 1401 cum
944 1360 1039 1415 per
1068 1361 1126 1400 se
1156 1355 1298 1399 esset
1327 1346 1381 1398 in
1422 1345 1705 1398 solitudine
1727 1386 1742 1411 ,
1775 1345 1990 1399 incessit
2035 1361 2155 1401 eum

588 1439 757 1492 mellis
786 1436 1135 1504 desiderium;
1169 1451 1287 1489 cum
1332 1452 1459 1490 vero
1489 1435 1632 1489 illico
1682 1437 1834 1490 favos
1864 1436 2157 1492 invenisset

584 1530 685 1583 sub
716 1540 882 1597 petra,
932 1530 1066 1583 dixit
1110 1546 1122 1581 :
1156 1528 1361 1583 Recede
1390 1543 1416 1580 a
1450 1543 1534 1581 me
1564 1529 1923 1596 intemperans
1952 1529 2154 1597 cupidi-

586 1632 695 1685 tas;
725 1622 975 1688 scriptum
1005 1627 1085 1673 est
1107 1619 1245 1673 enim
1272 1637 1285 1673 :
1318 1619 1518 1686 Spiritu
1551 1619 1842 1683 ambulate,
1870 1628 1924 1672 et
1945 1620 2149 1674 deside-

586 1715 719 1766 rium
762 1711 939 1766 earnis
985 1726 1089 1765 non
1128 1707 1582 1779 perticietis(Gal.
1620 1712 1696 1777 v),
1740 1712 1924 1779 eisque
1955 1709 2150 1764 relictis

587 1800 736 1853 abiit.
768 1799 896 1853 Cum
927 1806 1100 1852 autem
1128 1800 1235 1867 jam
1265 1808 1375 1852 tres
1402 1798 1758 1853 hebdomadas
1776 1799 2070 1867 jejunasset
2092 1799 2144 1855 in

585 1890 885 1955 solitudine,
914 1890 1141 1945 inventis
1165 1891 1253 1959 qui
1282 1890 1489 1958 disjecti
1511 1898 1660 1943 erant
1684 1888 2147 1956 fruetibus,dixit:

578 1980 689 2035 Non
740 1982 1038 2046 comedam,
1082 1994 1253 2049 neque
1298 1980 1552 2047 attingam
1601 1978 1798 2048 aliquid
1828 1993 1894 2032 ex
1942 1979 2028 2045 iis,
2083 1994 2150 2033 ne

579 2071 795 2126 fratrem
836 2085 1012 2125 meum
1039 2070 1412 2135 scandalizem,
1448 2083 1638 2138 nempe
1669 2083 1841 2123 meam
1874 2067 2102 2122 animam
2131 2085 2144 2132 ;

578 2161 833 2228 scriptum
866 2167 950 2213 est
992 2158 1132 2213 enim
1180 2176 1192 2212 :
1241 2157 1353 2212 Non
1405 2158 1457 2211 in
1500 2158 1754 2212 alimento
1799 2157 1970 2212 solum
2019 2158 2150 2211 vivit

579 2247 739 2301 homo
768 2247 977 2318 (Matth.
1006 2262 1085 2313 1v;
1121 2247 1269 2301 Lucae
1290 2246 1384 2318 iv).
1412 2247 1544 2302 Cum
1575 2258 1751 2302 autem
1787 2248 1961 2303 adhuc
1991 2250 2148 2303 aliam

575 2338 867 2409 jejunasset
912 2338 1320 2404 hebdomadam,
1373 2348 1554 2408 postea
1584 2339 1918 2406 dormitavit;
1966 2349 2018 2394 et
2060 2354 2148 2395 ve-

577 2427 731 2481 niens
756 2427 977 2496 angelus
1002 2426 1056 2481 in
1086 2428 1285 2480 somnis
1305 2470 1320 2495 ,
1351 2427 1399 2481 ei
1429 2428 1564 2482 dixit
1590 2447 1605 2483 :
1636 2428 1809 2499 Surge
1834 2438 1890 2485 et
1933 2430 2059 2483 tolle
2086 2446 2146 2484 ea

573 2535 690 2589 qua:
720 2519 1080 2589 inveniuntur,
1134 2528 1187 2574 et
1216 2520 1455 2575 comede.
1492 2520 1538 2576 ls
1578 2532 1753 2575 autem
1798 2524 2047 2586 surrexit,
2094 2531 2149 2576 et

573 2607 986 2677 circumquaque
1009 2608 1292 2677 aspiciens,
1321 2610 1462 2665 videt
1496 2609 1695 2665 fontem
1737 2613 1787 2664 in
1814 2612 1999 2675 orbem
2027 2612 2146 2666 ber-

576 2699 668 2752 has
698 2697 950 2753 delcatas
977 2699 1326 2767 germinasse.
1356 2700 1488 2754 Cum
1518 2712 1691 2755 autem
1716 2711 1768 2756 et
1796 2714 1974 2770 potum
1999 2717 2143 2756 surn-

575 2790 787 2857 psisset,
816 2798 869 2844 et
892 2789 1212 2845 comedisset
1238 2791 1400 2859 olera,
1427 2790 1723 2845 affirmabat
1751 2790 1882 2846 nihil
1915 2807 2143 2861 unquam

571 2876 670 2932 sibi
694 2877 856 2933 fuisse
880 2878 1181 2947 jucundius.
1211 2877 1342 2933 Cum
1374 2895 1587 2947 parvam
1618 2888 1797 2935 autem
1833 2883 2143 2950 speluncam

573 2969 624 3022 in
653 2968 770 3024 loco
797 2969 1105 3035 invenisset,
1137 2972 1332 3025 mansit
1376 2972 1488 3027 illic
1534 2987 1732 3041 paucos
1762 2973 1879 3027 dies
1904 2973 2138 3042 jejunus.

574 3058 671 3113 Ubi
698 3069 874 3113 autem
912 3062 1100 3129 egebat
1141 3059 1416 3126 alimento,
1466 3063 1651 3117 orabat
1694 3062 1847 3117 ﬂexis
1876 3064 2139 3131 genibus:

570 3150 620 3204 ei
645 3160 819 3205 autem
852 3152 1089 3219 protinus
1117 3153 1516 3220 apponebantur
1542 3154 1812 3209 esculenta
1842 3155 2041 3222 omnia,
2082 3172 2137 3211 ct
2165 3185 2209 3248 ρ

573 3241 723 3308 panis
750 3243 971 3307 calidus,
1004 3252 1057 3297 et
1082 3243 1255 3307 olivas,
1285 3255 1337 3298 et
1364 3246 1496 3299 varii
1521 3245 1743 3302 fructus.

645 3332 944 3401 Aliquando
970 3343 1146 3387 autem
1170 3336 1354 3389 invisit
1382 3336 1575 3391 fratres
1604 3353 1762 3404 suos;
1795 3348 1849 3394 et
1882 3353 2002 3394 cum
2045 3355 2138 3397 eos

570 3424 797 3478 multum
826 3425 1138 3490 monuisset,
1164 3426 1517 3482 contendebat
1563 3428 1614 3481 in
1666 3429 1962 3497 desertum,
2008 3431 2135 3487 affe-

574 3530 696 3570 rens
722 3518 966 3587 quzedam
1004 3517 1069 3570 ad
1109 3531 1261 3571 usum
1312 3519 1634 3573 necessaria.
1663 3520 1795 3574 Cum
1846 3533 2020 3576 autem
2055 3523 2136 3577 vi—

570 3604 736 3658 disset
763 3605 1022 3673 quosdam
1052 3620 1279 3675 onagros
1307 3615 1602 3674 pascentes,
1625 3612 1700 3663 ait
1728 3609 1858 3678 ipsis
1885 3627 1896 3662 :
1940 3611 1995 3665 ln
2038 3628 2136 3667 no-

576 3696 720 3750 mine
742 3695 866 3750 .lesu
891 3695 1110 3762 Christi,
1136 3697 1311 3752 veniat
1335 3714 1469 3754 unus
1498 3714 1563 3754 ex
1594 3700 1764 3765 vobis,
1806 3710 1860 3756 et
1880 3704 2137 3771 suscipiat

570 3802 706 3841 onus
728 3802 925 3843 meum.
960 3788 1006 3842 ls
1022 3799 1197 3844 autem
1220 3791 1397 3845 statim
1447 3793 1511 3847 ad
1541 3793 1709 3863 ipsum
1739 3796 1982 3851 accessit.
2004 3797 2134 3851 Cum

570 3889 747 3932 autem
801 3880 1181 3948 supellectilem
1227 3881 1275 3935 ei
1317 3883 1670 3951 imposuisset,
1690 3893 1742 3938 et
1762 3882 1810 3940 ei
1832 3886 2130 3955 insedisset,

571 3984 676 4022 uno
702 3970 789 4024 die
818 3971 1058 4038 pervenit
1101 3973 1166 4024 ad
1197 3973 1523 4042 speluncam.
1566 3975 1621 4030 In
1664 3977 1776 4030 sole
1806 3992 1930 4030 vero
1974 3978 2038 4031 ab
2069 3994 2134 4032 eo

570 4058 753 4126 positis
783 4061 1007 4128 panibus
1052 4070 1105 4115 et
1160 4061 1445 4125 fructibus,
1502 4079 1622 4119 cum
1670 4066 1733 4121 ad
1756 4080 1819 4120 ea
1866 4065 2136 4123 venissent

570 4148 716 4213 ferae,
745 4158 799 4201 ut
819 4150 995 4203 solent
1019 4150 1084 4205 ad
1114 4150 1333 4220 fontem,
1359 4165 1406 4207 et
1434 4168 1594 4222 panes
1616 4155 1786 4209 solum
1814 4156 2128 4226 tetigissent,

569 4249 792 4290 mortua:
817 4248 961 4291 sunt.

639 4327 880 4381 AcceSSit
909 4336 1086 4383 autem
1117 4329 1401 4399 aliquando
1426 4332 1490 4387 ad
1515 4333 1769 4401 quosdam
1817 4335 2129 4401 monachos,

567 4428 687 4467 cum
714 4424 860 4469 esset
880 4416 995 4470 dies
1015 4417 1335 4484 Dominicus,
1363 4429 1417 4475 et
1438 4421 1573 4475 dixit
1595 4422 1699 4477 eis:
1722 4423 1740 4475 l
1752 4424 1829 4477 iur
1852 4426 2007 4479 hodie
2029 4441 2130 4479 non

567 4507 748 4576 egistis
774 4509 1048 4578 synaxim?
1070 4510 1202 4565 Cum
1242 4512 1278 4564 ii
1330 4524 1502 4567 autem
1529 4525 1710 4582 aperte
1738 4516 2013 4570 dicerent:
2050 4518 2126 4572 Eo

566 4597 705 4664 quod
755 4613 860 4653 non
917 4602 1123 4654 venerit
1167 4601 1481 4673 presbyter,
1538 4604 1672 4658 dixit
1714 4606 1792 4658 eis
1846 4606 2005 4676 :Ego
2042 4607 2128 4661 ibo

566 4700 622 4744 et
670 4704 792 4744 eum
840 4692 1057 4747 vocabo.
1091 4692 1129 4746 li
1179 4704 1355 4749 autem
1386 4696 1652 4759 dixerunt,
1685 4713 1787 4749 twn
1828 4711 1984 4764 posse
2029 4699 2125 4752 ali-

565 4800 721 4852 quem
788 4789 1147 4840 transmittere
1210 4776 1420 4839 alveum
1491 4796 1702 4855 propter
1772 4788 2123 4841 altitudinem.

566 4878 864 4943 Quinetiam
908 4878 1154 4933 dicebant
1181 4893 1247 4933 eo
1277 4880 1327 4932 in
1361 4880 1477 4933 luco
1517 4894 1635 4933 esse
1691 4880 1920 4934 belluam
1964 4885 2130 4934 maxi-

568 4985 729 5037 mam,
766 4985 956 5038 nempe
1001 4972 1345 5037 crocodilum,
1377 4974 1465 5040 qui
1488 4973 1681 5026 multos
1720 4973 1963 5025 homines
2002 4988 2130 5027 con-

567 5071 882 5129 sumpserat.
917 5063 964 5115 ls
992 5072 1167 5116 autem
1201 5077 1308 5116 non
1339 5073 1634 5127 cunctatus,
1684 5065 1859 5116 statim
1908 5077 2132 5132 surgens

572 5155 838 5219 profectus
863 5164 946 5210 est
979 5156 1045 5209 ad
1088 5158 1275 5210 vadum
1308 5173 1321 5207 :
1353 5172 1508 5225 quem
1563 5173 1685 5211 eum
1730 5158 1900 5212 bellua
1952 5160 2132 5213 Statim

571 5256 722 5315 tergo
771 5246 1088 5313 excepisset,
1122 5246 1188 5301 ad
1240 5258 1440 5313 partem
1494 5248 1623 5314 ripae
1654 5248 1920 5303 ulterioris
1965 5259 2136 5303 trans-

572 5338 729 5388 vexit.
776 5332 906 5389 Cum
930 5347 1104 5389 autem
1153 5336 1205 5391 in
1256 5352 1385 5407 agro
1414 5338 1707 5392 invenisset
1738 5341 2128 5409 presbyterum,

572 5427 776 5492 rogavit
800 5422 869 5480 ne
902 5428 1197 5495 despiceret
1226 5427 1636 5483 fraternitatem.
1670 5429 1760 5483 Ille
1796 5440 1970 5483 autem
2005 5445 2125 5484 eum

574 5517 756 5569 videns
780 5520 957 5572 multis
981 5520 1215 5575 consutis
1251 5523 1438 5587 pannis
1466 5522 1718 5587 obsitum,
1742 5524 1944 5591 rogavit
1969 5524 2132 5578 unde-

572 5621 693 5689 nam
723 5623 946 5675 pannum
972 5612 1260 5678 habuisset,
1285 5614 1465 5667 dicens
1490 5632 1501 5666 :
1526 5614 1695 5667 Habes
1720 5628 1918 5669 vestem
1942 5618 2132 5669 animus

576 5700 999 5768 imlcherrimam,
1032 5721 1062 5758 ο
1093 5706 1285 5760 frater'
1318 5706 1539 5769 eiusque
1568 5706 1918 5761 humilitatem
1950 5718 2004 5763 et
2026 5708 2133 5763 fru-

2268 535 2511 592 fluviutn.
2551 540 2683 594 Cum
2722 552 2901 597 autem
2941 562 3042 614 qua
3088 551 3542 614 transveherentur
3561 569 3752 633 cymbam

2267 639 2371 678 non
2422 628 2769 697 invenissent,
2818 648 3001 688 vocem
3050 640 3223 692 emisit
3251 641 3417 696 abbas
3439 628 3762 718 natatum;

2266 732 2392 770 cans
2417 719 2765 775 crocodilum.
2800 723 2847 777 ls
2871 737 3045 779 autem
3073 728 3121 782 ei
3143 736 3322 785 statim
3349 735 3585 792 obedienc
3601 745 3760 813 aderat,

2267 820 2469 878 tergum
2497 812 2847 869 substernens
2874 831 2889 868 :
2934 821 3138 887 rogavit
3166 831 3343 877 autem
3376 828 3699 897 presbyterum
3720 812 3762 895 ut

2262 909 2379 950 eum
2411 913 2475 951 eo
2503 900 2847 969 ascenderet;
2882 906 2925 958 is
2947 921 3073 962 vero
3105 911 3295 967 timore
3321 913 3546 982 allectus,
3574 934 3679 977 cum
3708 930 3764 980 vi-

2262 985 2422 1041 disset
2450 988 2702 1055 belluam,
2732 997 3057 1049 retrocessit.
3106 996 3237 1053 Cum
3268 1013 3441 1058 autem
3465 1021 3574 1061 eum
3604 1019 3762 1070 teneret

2260 1076 2561 1144 admiratio,
2614 1090 2669 1134 et
2696 1095 2787 1136 eos
2816 1084 2907 1152 qui
2940 1095 3082 1142 trans
3125 1091 3341 1147 fluvium
3371 1093 3652 1155 habitabant
3680 1103 3763 1157 fra-

2261 1177 2390 1235 tres,
2428 1169 2670 1226 videntes
2712 1188 2835 1230 eum
2881 1191 3005 1230 cum
3044 1179 3221 1235 bellua
3271 1189 3681 1247 transmittentem
3703 1196 3764 1249 al-

2260 1271 2449 1326 veum,
2493 1263 2580 1317 ille
2619 1270 2911 1322 ascendens
2939 1269 2990 1323 in
3023 1280 3240 1342 terram,
3273 1291 3374 1329 una
3398 1293 3569 1334 secum
3595 1289 3765 1342 attraxit

2260 1352 2507 1417 belluam,
2540 1355 2751 1422 dicens,
2782 1360 2971 1416 melius
2996 1377 3116 1419 esse
3141 1366 3189 1420 ei
3220 1378 3276 1420 ut
3306 1384 3615 1440 moreretur,
3642 1392 3761 1444 quam

2258 1443 2695 1514 interemptarum
2729 1451 3027 1506 animarum
3050 1458 3350 1525 acquireret
3376 1443 3683 1529 supplicium.
3703 1469 3757 1523 Ea

2255 1544 2429 1589 autem
2457 1537 2672 1604 cadens,
2702 1541 2943 1609 protinus
2967 1553 3046 1599 est
3072 1561 3303 1603 mortua.

2325 1649 2454 1705 Tres
2482 1662 2657 1707 autem
2689 1654 2803 1709 dies
2826 1672 3142 1724 permanens
3166 1662 3305 1727 apud
3330 1661 3539 1729 fratres,
3567 1668 3762 1736 sedebat,

2252 1738 2447 1793 docens
2484 1757 2574 1796 eos
2602 1756 2888 1814 praecepta,
2918 1757 2971 1801 et
3020 1765 3136 1818 qua:
3177 1763 3333 1805 erant
3382 1756 3579 1808 occulta
3625 1762 3763 1815 unius-

2182 1830 2230 1890 B
2256 1829 2510 1900 cujusque
2537 1834 2758 1888 consilia
2792 1845 2976 1903 aperte
3004 1841 3317 1895 enuntiatus:
3345 1843 3484 1898 hunc
3502 1848 3685 1915 quidem
3702 1849 3761 1904 di-

2253 1935 2380 1975 cens
2404 1925 2590 1977 vexari
2617 1940 2647 1978 a
2676 1926 3048 1995 fornicatione,
3083 1931 3229 1985 illum
3259 1948 3388 1987 vero
3413 1947 3441 1986 a
3468 1949 3592 1988 vana
3614 1936 3760 2007 gloria,

2251 2012 2410 2066 alium
2440 2029 2470 2069 a
2494 2015 2725 2083 deliciis,
2756 2020 2915 2073 alium
2939 2020 3007 2074 ab
3037 2021 3135 2091 ira,
3170 2034 3224 2078 et
3248 2025 3414 2079 alium
3445 2028 3643 2095 quidem
3673 2046 3747 2098 pro

2258 2106 2536 2160 nuntiabat
2566 2123 2685 2163 esse
2707 2111 3085 2178 mitem,aliutn
3112 2130 3240 2170 vero
3263 2119 3541 2183 paciﬁcum
3564 2136 3577 2173 :
3598 2120 3763 2179 illum

2249 2195 2460 2265 quidem
2491 2199 2636 2263 vitia,
2672 2198 2856 2254 borum
2895 2217 3022 2257 vero
3052 2205 3275 2261 virtutes
3291 2222 3539 2276 arguens.
3570 2211 3678 2267 Hec
3693 2228 3763 2266 as-

2251 2293 2355 2337 tem
2385 2286 2679 2350 audientes,
2725 2291 3051 2346 mirabantur
3078 2292 3304 2348 dicendo
3343 2311 3530 2351 revera
3556 2298 3622 2351 ita
3656 2314 3762 2355 esse.

2251 2368 2337 2427 Eis
2362 2388 2538 2429 autem
2567 2376 2697 2431 dixit
2722 2394 2736 2431 :
2766 2378 2954 2435 Parate
2995 2382 3148 2437 nobis
3175 2384 3340 2450 olera,
3390 2385 3547 2441 hodie
3573 2388 3693 2441 enim
3716 2390 3764 2445 ad

2248 2476 2347 2516 nos
2369 2465 2585 2517 venient
2614 2468 2791 2532 plures
2814 2467 3025 2523 fratres.
3057 2471 3188 2525 (lum
3217 2473 3290 2527 illi
3318 2485 3497 2528 autem
3518 2476 3673 2530 adhuc
3696 2492 3763 2545 pa-

2249 2562 2450 2618 rarent,
2496 2557 2933 2622 snperveuientes
2983 2558 3177 2616 fratres
3233 2577 3294 2619 se
3344 2566 3571 2620 invicem
3609 2568 3763 2622 saluta-

2247 2654 2390 2697 runt.

2318 2757 2539 2827 Rogavit
2559 2771 2733 2816 autem
2746 2777 2868 2816 eum
2886 2762 3099 2827 quidam
3116 2779 3181 2819 ex
3200 2764 3478 2835 fratribus,
3501 2767 3669 2823 volens
3685 2784 3763 2824 tias

2243 2859 2362 2901 cum
2390 2862 2455 2902 eo
2484 2848 2678 2916 degere
2706 2850 2761 2904 in
2842 2848 3082 2905 deserto.
3158 2852 3239 2907 Eo
3310 2864 3498 2910 autem
3593 2857 3765 2914 dicente

2247 2951 2352 2990 non
2382 2952 2537 3006 posse
2565 2940 2709 2995 illum
2733 2941 3000 2998 sustinere
3030 2946 3354 3000 tentationes
3398 2945 3702 3013 daemonum,
3731 2949 3766 3003 is

2244 3030 2626 3085 contentiosius
2647 3045 2707 3085 se
2734 3032 2915 3086 omnia
2940 3033 3286 3089 toleraturum
3308 3039 3643 3091 asseveravit.
3663 3041 3765 3093 Cum

2245 3132 2366 3173 eum
2415 3131 2593 3174 autem
2625 3124 2946 3190 excepisset,
2986 3124 3147 3193 jussit
3173 3125 3419 3181 habitare
3463 3128 3517 3181 in
3540 3130 3639 3181 alia
3672 3142 3765 3197 spe-

2241 3206 2416 3263 lunca.
2448 3210 2528 3265 Ad
2557 3225 2680 3265 eum
2719 3222 2896 3268 autem
2928 3224 3089 3270 noctu
3136 3219 3490 3273 adventantes
3516 3221 3761 3283 daemones,

2238 3314 2359 3353 eum
2378 3300 2641 3355 suffocare
2657 3303 3125 3372 aggrediebantur,
3146 3321 3266 3360 cum
3286 3322 3416 3361 eum
3441 3306 3655 3376 primum
3677 3318 3764 3361 tar-

2238 3391 2392 3459 pihus
2433 3394 2832 3460 perturbassent
2876 3398 3307 3465 cogitationibus.
3354 3397 3456 3453 llle
3504 3409 3668 3454 autem
3689 3412 3761 3453 es-

2236 3494 2455 3536 currens
2501 3484 2821 3539 renuntiavit
2870 3487 3047 3541 abbati
3096 3488 3297 3543 Helleni
3338 3504 3463 3558 qua:
3502 3499 3762 3546 evenerant.

2238 3568 2353 3637 Ipse
2375 3577 2549 3624 autem
2572 3584 2692 3624 eum
2718 3572 2836 3628 loco
2856 3574 3077 3644 figuram
3102 3577 3169 3629 itn
3177 3579 3491 3645 pressisset,
3512 3578 3655 3649 jussit
3670 3593 3763 3634 eu-

2234 3658 2425 3713 deinde
2450 3674 2667 3716 manere
2687 3677 2896 3717 secure.
2939 3665 3070 3718 Cum
3100 3676 3273 3720 autem
3322 3664 3607 3735 aliquando
3638 3683 3763 3737 panes

2235 3749 2286 3806 ei
2309 3751 2626 3808 defecissent
2655 3753 2709 3809 in
2752 3756 3024 3823 spelunca,
3058 3758 3356 3814 adventans
3399 3762 3618 3831 angelus
3643 3762 3688 3817 in
3716 3762 3763 3813 I-

2234 3857 2362 3911 gura
2393 3843 2571 3898 fratris
2590 3844 2641 3899 ei
2661 3847 2836 3901 attulit
2863 3850 3246 3904 nutrimentum

2305 3955 2508 4011 Rursus
2530 3968 2710 4013 autem
2739 3960 2913 4028 ipsum
2944 3960 3224 4031 aliquando
3250 3974 3561 4031 quaerentes
3598 3964 3755 4019 fratres

2235 4047 2422 4102 decem
2470 4064 2713 4115 numero,
2746 4052 2998 4106 errabant
3047 4067 3143 4121 per
3182 4054 3762 4126 solitudinem,septimo

2231 4137 2340 4205 jam
2363 4137 2449 4192 die
2471 4138 2638 4208 jejuni
2670 4154 3071 4209 permanentes;
3100 4158 3219 4197 eum
3238 4160 3370 4200 vero
3388 4162 3485 4201 eos
3504 4146 3762 4210 iniecisset,

2230 4227 2460 4296 jussitin
2484 4230 2737 4297 spelunca
2767 4233 3062 4300 quiescere,
3096 4234 3168 4288 illi
3198 4250 3327 4291 vero
3354 4252 3479 4291 eum
3515 4239 3666 4291 vietus
3688 4238 3763 4290 ad.

2235 4328 2575 4374 monuerunt.
2595 4318 2687 4375 llle
2707 4323 2796 4391 qui
2821 4323 2910 4375 nih
2934 4324 2950 4376 l
2977 4324 3202 4378 habebat
3228 4326 3373 4393 quod
3398 4329 3479 4381 eis
3500 4335 3763 4395 apponeret,

2234 4407 2370 4462 dixit
2391 4408 2472 4463 eis
2504 4425 2519 4463 :
2551 4409 2746 4465 Potens
2770 4422 2852 4465 est
2878 4411 3018 4467 Deus
3038 4429 3272 4468 mensam
3294 4431 3489 4485 parare
3503 4418 3554 4471 in
3574 4419 3764 4471 desert».

2235 4497 2423 4551 Statim
2476 4508 2653 4554 autem
2703 4501 2918 4570 quidam
2968 4502 3281 4559 adolescens
3322 4506 3396 4560 de
3428 4519 3647 4574 pontone
3670 4506 3767 4575 ipsis

2236 4590 2511 4645 orantibus
2538 4590 2770 4660 pulsavit
2811 4591 2971 4646 fores.
3000 4590 3132 4646 Cum
3175 4604 3353 4649 autem
3382 4598 3684 4663 aperuisset,
3711 4596 3767 4647 vi-

2235 4680 2430 4734 derunt
2489 4682 2879 4735 adolescentem
2927 4682 3208 4736 habentem
3263 4700 3515 4754 magnam
3573 4699 3768 4755 spartam

2238 4773 2388 4839 panis
2412 4781 2464 4826 et
2488 4773 2767 4826 olivarum.
2794 4772 2863 4826 lis
2900 4783 3075 4828 autem
3120 4777 3409 4845 susceptis,
3444 4778 3765 4839 comederunt,

2238 4862 2346 4916 Deo
2362 4871 2577 4929 agentes
2588 4861 2806 4930 gratias,
2823 4878 2941 4917 cum
2962 4864 3271 4921 adolescens
3285 4877 3473 4922 statim
3488 4869 3768 4923 evanuisset.

2238 4952 2362 5007 Hmc
2383 4963 2437 5009 et
2456 4955 2558 5007 alia
2580 4954 2743 5008 multa
2766 4956 3019 5011 miracula
3039 4972 3162 5011 cum
3189 4959 3343 5014 nobis
3365 4970 3631 5016 narrasset
3648 4960 3771 5014 Pater

2238 5045 2465 5112 Copres,
2497 5060 2697 5111 nosque
2722 5045 2949 5116 benigne
2986 5058 3039 5101 et
3068 5047 3369 5104 humaniter
3398 5059 3686 5116 tractasset,
3710 5049 3771 5102 in-

2241 5136 2390 5190 duxit
2441 5136 2492 5189 in
2535 5150 2687 5190 suum
2717 5135 2947 5202 hortum,
2976 5139 3262 5193 ostendens
3290 5141 3450 5194 nobis
3498 5140 3771 5208 palm:s,et

2236 5226 2367 5279 alias
2394 5226 2612 5280 arbores
2653 5225 2931 5297 frugiferas
2958 5243 3088 5297 quas
3119 5229 3229 5298 ipse
3258 5230 3517 5298 plantavit
3546 5234 3596 5285 in
3621 5230 3771 5285 serita-

2236 5315 2378 5381 dine,
2401 5318 2701 5371 admonitus
2722 5332 2752 5369 a
2785 5319 2888 5372 fide
2910 5320 3248 5383 rusticorum,
3280 5321 3480 5389 quibus
3501 5323 3628 5376 dixit
3656 5337 3669 5373 :
3694 5319 3771 5373 Po-

2237 5418 2341 5463 test
2368 5410 2632 5465 desertmn
2663 5410 2864 5469 fructus
2890 5412 3184 5481 producere
3209 5413 3272 5466 iis
3298 5413 3389 5482 qui
3422 5415 3582 5470 fidem
3610 5414 3771 5467 habent

2234 5500 2288 5554 in
2322 5501 2505 5555 Deum.
2532 5500 2816 5571 Postquam
2838 5505 2979 5558 enim
3003 5503 3131 5571 vidi,
3152 5504 3323 5558 aiebat
3342 5519 3445 5560 eos
3472 5507 3563 5574 qui
3590 5517 3770 5559 arenam

2233 5592 2643 5661 seminaverant,
2674 5604 2730 5649 et
2765 5610 2949 5650 eorum
2975 5611 3161 5666 agrum
3203 5597 3429 5650 fructum
3460 5598 3660 5662 tulisse,
3679 5596 3771 5665 ipse

2235 5701 2445 5756 quoque
2475 5686 2615 5743 idem
2637 5702 2935 5757 aggressus,
2964 5688 3103 5744 idem
3127 5703 3241 5745 sum
3275 5701 3619 5746 consecutus.
