  <div class='ocr_page' id='page_1' title='image "/cluster/home/n/w/nwhite01/storage/ocr_20150623/34/hvd.32044019207760/594.png"; bbox 0 0 4112 6530; ppageno 0'>
   <div class='ocr_carea' id='block_1_1' title="bbox 1456 240 1491 250">
    <p class='ocr_par' dir='ltr' id='par_1_1' title="bbox 1456 240 1491 250">
     <span class='ocr_line' id='line_1_1' title="bbox 1456 240 1491 250; baseline 0 0"><span class='ocrx_word' id='word_1_1' title='bbox 1456 240 1491 250; x_wconf 58' lang='grc' dir='ltr'>κου</span> 
     </span>
    </p>
   </div>
   <div class='ocr_carea' id='block_1_2' title="bbox 418 342 555 410">
    <p class='ocr_par' dir='ltr' id='par_1_2' title="bbox 418 342 555 410">
     <span class='ocr_line' id='line_1_2' title="bbox 418 342 555 410; baseline 0 0"><span class='ocrx_word' id='word_1_2' title='bbox 418 342 555 410; x_wconf 83' lang='grc'><strong>1161</strong></span> 
     </span>
    </p>
   </div>
   <div class='ocr_carea' id='block_1_3' title="bbox 1639 355 2433 426">
    <p class='ocr_par' dir='ltr' id='par_1_3' title="bbox 1639 355 2433 426">
     <span class='ocr_line' id='line_1_3' title="bbox 1639 355 2433 426; baseline 0.013 -12"><span class='ocrx_word' id='word_1_3' title='bbox 1639 355 2005 418; x_wconf 72' lang='lat' dir='ltr'>HISTORIA</span> <span class='ocrx_word' id='word_1_4' title='bbox 2043 360 2433 426; x_wconf 81' lang='lat' dir='ltr'>LAUSIACA.</span> 
     </span>
    </p>
   </div>
   <div class='ocr_carea' id='block_1_4' title="bbox 3529 368 3664 434">
    <p class='ocr_par' dir='ltr' id='par_1_4' title="bbox 3529 368 3664 434">
     <span class='ocr_line' id='line_1_4' title="bbox 3529 368 3664 434; baseline 0.007 -1"><span class='ocrx_word' id='word_1_5' title='bbox 3529 368 3664 434; x_wconf 77' lang='lat'><strong>1162</strong></span> 
     </span>
    </p>
   </div>
   <div class='ocr_carea' id='block_1_5' title="bbox 416 451 3660 554">
    <p class='ocr_par' dir='ltr' id='par_1_5' title="bbox 416 451 3660 554">
     <span class='ocr_line' id='line_1_5' title="bbox 416 451 3660 554; baseline 0.007 -39"><span class='ocrx_word' id='word_1_6' title='bbox 416 461 577 554; x_wconf 74' lang='grc' dir='ltr'>λάκις</span> <span class='ocrx_word' id='word_1_7' title='bbox 626 459 1243 554; x_wconf 29' lang='lat' dir='ltr'>ily—76953091917921;</span> <span class='ocrx_word' id='word_1_8' title='bbox 1286 463 1500 554; x_wconf 73' lang='grc' dir='ltr'>ἡμέρας</span> <span class='ocrx_word' id='word_1_9' title='bbox 1517 468 1998 554; x_wconf 22' lang='grc' dir='ltr'>*παραδίδωσιτήν</span> <span class='ocrx_word' id='word_1_10' title='bbox 2026 468 2602 547; x_wconf 80' lang='grc' dir='ltr'>Δταπεινοφροσύνην</span> <span class='ocrx_word' id='word_1_11' title='bbox 2648 451 2815 536; x_wconf 79' lang='grc' dir='ltr'>αὐτοῦ</span> <span class='ocrx_word' id='word_1_12' title='bbox 2861 482 3149 554; x_wconf 80' lang='grc' dir='ltr'>Θαυμάσας</span> <span class='ocrx_word' id='word_1_13' title='bbox 3208 482 3301 537; x_wconf 74' lang='grc' dir='ltr'>καὶ</span> <span class='ocrx_word' id='word_1_14' title='bbox 3363 483 3660 553; x_wconf 83' lang='grc' dir='ltr'>εὐτέλειαν,</span> 
     </span>
    </p>
   </div>
   <div class='ocr_carea' id='block_1_6' title="bbox 418 547 1997 626">
    <p class='ocr_par' dir='ltr' id='par_1_6' title="bbox 418 547 1997 626">
     <span class='ocr_line' id='line_1_6' title="bbox 418 547 1997 626; baseline 0.002 -26"><span class='ocrx_word' id='word_1_15' title='bbox 418 548 622 617; x_wconf 84' lang='grc' dir='ltr'>ψυχήν.</span> <span class='ocrx_word' id='word_1_16' title='bbox 670 548 785 618; x_wconf 79' lang='grc' dir='ltr'>Τὴν</span> <span class='ocrx_word' id='word_1_17' title='bbox 818 548 872 600; x_wconf 87' lang='grc' dir='ltr'>δὲ</span> <span class='ocrx_word' id='word_1_18' title='bbox 904 547 1064 612; x_wconf 80' lang='grc' dir='ltr'>εὐθὺς</span> <span class='ocrx_word' id='word_1_19' title='bbox 1091 549 1312 616; x_wconf 77' lang='grc' dir='ltr'>ἄγγελοι</span> <span class='ocrx_word' id='word_1_20' title='bbox 1344 550 1732 619; x_wconf 65' lang='grc' dir='ltr'>ὑποδεξάμενοι</span> <span class='ocrx_word' id='word_1_21' title='bbox 1778 557 1871 609; x_wconf 63' lang='grc' dir='ltr'>καὶ⁸</span> <span class='ocrx_word' id='word_1_22' title='bbox 1906 575 1997 626; x_wconf 83' lang='grc' dir='ltr'>χο.</span> 
     </span>
    </p>
   </div>
   <div class='ocr_carea' id='block_1_7' title="bbox 422 627 1994 712">
    <p class='ocr_par' dir='ltr' id='par_1_7' title="bbox 422 627 1994 712">
     <span class='ocr_line' id='line_1_7' title="bbox 422 627 1994 712; baseline 0.008 -24"><span class='ocrx_word' id='word_1_23' title='bbox 422 636 506 704; x_wconf 64' lang='lat' dir='ltr'>pol</span> <span class='ocrx_word' id='word_1_24' title='bbox 538 634 852 707; x_wconf 84' lang='grc' dir='ltr'>μαρτύρων,</span> <span class='ocrx_word' id='word_1_25' title='bbox 888 637 968 700; x_wconf 87' lang='grc' dir='ltr'>είς</span> <span class='ocrx_word' id='word_1_26' title='bbox 1011 637 1275 707; x_wconf 84' lang='grc' dir='ltr'>οὐρανοὺς</span> <span class='ocrx_word' id='word_1_27' title='bbox 1301 639 1502 708; x_wconf 78' lang='grc' dir='ltr'>ἀνῆγον</span> <span class='ocrx_word' id='word_1_28' title='bbox 1536 627 1713 694; x_wconf 79' lang='grc' dir='ltr'>αὐτῶν</span> <span class='ocrx_word' id='word_1_29' title='bbox 1742 642 1994 712; x_wconf 83' lang='grc' dir='ltr'>ὁρώντων</span> 
     </span>
    </p>
   </div>
   <div class='ocr_carea' id='block_1_8' title="bbox 419 724 1256 793">
    <p class='ocr_par' dir='ltr' id='par_1_8' title="bbox 419 724 1256 793">
     <span class='ocr_line' id='line_1_8' title="bbox 419 724 1256 793; baseline -0.001 -15"><span class='ocrx_word' id='word_1_30' title='bbox 419 724 516 779; x_wconf 79' lang='grc' dir='ltr'>καὶ</span> <span class='ocrx_word' id='word_1_31' title='bbox 537 724 846 789; x_wconf 78' lang='grc' dir='ltr'>ἀκουόντων</span> <span class='ocrx_word' id='word_1_32' title='bbox 877 724 1003 788; x_wconf 84' lang='grc' dir='ltr'>τοὺς</span> <span class='ocrx_word' id='word_1_33' title='bbox 1032 724 1256 793; x_wconf 82' lang='grc' dir='ltr'>ὑμνους.</span> 
     </span>
    </p>
   </div>
   <div class='ocr_carea' id='block_1_9' title="bbox 1008 813 1443 868">
    <p class='ocr_par' dir='ltr' id='par_1_9' title="bbox 1008 813 1443 868">
     <span class='ocr_line' id='line_1_9' title="bbox 1008 813 1443 868; baseline 0.005 -2"><span class='ocrx_word' id='word_1_34' title='bbox 1008 813 1258 866; x_wconf 83' lang='grc' dir='ltr'>ΚΕΦΑΛ.</span> <span class='ocrx_word' id='word_1_35' title='bbox 1314 814 1443 868; x_wconf 73' lang='lat' dir='ltr'>NO’.</span> 
     </span>
    </p>
   </div>
   <div class='ocr_carea' id='block_1_10' title="bbox 871 898 1535 971">
    <p class='ocr_par' dir='ltr' id='par_1_10' title="bbox 871 898 1535 971">
     <span class='ocr_line' id='line_1_10' title="bbox 871 898 1535 971; baseline 0.009 -18"><span class='ocrx_word' id='word_1_36' title='bbox 871 898 1010 967; x_wconf 75' lang='grc' dir='ltr'>Περὶ</span> <span class='ocrx_word' id='word_1_37' title='bbox 1068 899 1244 957; x_wconf 77' lang='grc' dir='ltr'>Ἀεϐᾶ</span> <span class='ocrx_word' id='word_1_38' title='bbox 1288 901 1535 971; x_wconf 73' lang='grc' dir='ltr'><em>Ἑλλήν.</em></span> 
     </span>
    </p>
   </div>
   <div class='ocr_carea' id='block_1_11' title="bbox 492 987 1987 1067">
    <p class='ocr_par' dir='ltr' id='par_1_11' title="bbox 492 987 1987 1067">
     <span class='ocr_line' id='line_1_11' title="bbox 492 987 1987 1067; baseline 0.007 -24"><span class='ocrx_word' id='word_1_39' title='bbox 492 988 689 1053; x_wconf 73' lang='grc' dir='ltr'>Ἄλλος</span> <span class='ocrx_word' id='word_1_40' title='bbox 714 987 770 1042; x_wconf 83' lang='grc' dir='ltr'>δέ</span> <span class='ocrx_word' id='word_1_41' title='bbox 804 1005 885 1050; x_wconf 85' lang='grc' dir='ltr'>τις</span> <span class='ocrx_word' id='word_1_42' title='bbox 912 988 1103 1059; x_wconf 79' lang='grc' dir='ltr'>Πατὴρ</span> <span class='ocrx_word' id='word_1_43' title='bbox 1156 989 1344 1054; x_wconf 67' lang='grc' dir='ltr'>Ἀϐϐά,</span> <span class='ocrx_word' id='word_1_44' title='bbox 1409 991 1600 1064; x_wconf 88' lang='grc' dir='ltr'>Ἑλλῆν</span> <span class='ocrx_word' id='word_1_45' title='bbox 1634 994 1987 1067; x_wconf 88' lang='grc' dir='ltr'>καλούμενος,</span> 
     </span>
    </p>
   </div>
   <div class='ocr_carea' id='block_1_12' title="bbox 416 1074 1989 1151">
    <p class='ocr_par' dir='ltr' id='par_1_12' title="bbox 416 1074 1989 1151">
     <span class='ocr_line' id='line_1_12' title="bbox 416 1074 1989 1151; baseline 0.006 -19"><span class='ocrx_word' id='word_1_46' title='bbox 416 1077 676 1132; x_wconf 84' lang='grc' dir='ltr'>παιδόθεν</span> <span class='ocrx_word' id='word_1_47' title='bbox 709 1077 810 1146; x_wconf 86' lang='grc' dir='ltr'>τὴν</span> <span class='ocrx_word' id='word_1_48' title='bbox 830 1075 1032 1147; x_wconf 82' lang='grc' dir='ltr'>ἀρετὴν</span> <span class='ocrx_word' id='word_1_49' title='bbox 1072 1074 1403 1146; x_wconf 80' lang='grc' dir='ltr'>ἐξασκήσας,</span> <span class='ocrx_word' id='word_1_50' title='bbox 1434 1082 1546 1145; x_wconf 87' lang='grc' dir='ltr'>τοῖς</span> <span class='ocrx_word' id='word_1_51' title='bbox 1569 1081 1794 1151; x_wconf 81' lang='grc' dir='ltr'>πλησίον</span> <span class='ocrx_word' id='word_1_52' title='bbox 1824 1087 1989 1140; x_wconf 89' lang='grc' dir='ltr'>αὐτοῦ</span> 
     </span>
    </p>
   </div>
   <div class='ocr_carea' id='block_1_13' title="bbox 416 1162 1990 1243">
    <p class='ocr_par' dir='ltr' id='par_1_13' title="bbox 416 1162 1990 1243">
     <span class='ocr_line' id='line_1_13' title="bbox 416 1162 1990 1243; baseline -0.002 -23"><span class='ocrx_word' id='word_1_53' title='bbox 416 1166 667 1235; x_wconf 76' lang='grc' dir='ltr'>ἀδελφοῖς</span> <span class='ocrx_word' id='word_1_54' title='bbox 696 1165 957 1227; x_wconf 75' lang='grc' dir='ltr'>πολλάκις</span> <span class='ocrx_word' id='word_1_55' title='bbox 993 1162 1105 1234; x_wconf 91' lang='grc' dir='ltr'>πῦρ</span> <span class='ocrx_word' id='word_1_56' title='bbox 1153 1165 1211 1216; x_wconf 92' lang='grc' dir='ltr'>ἐν</span> <span class='ocrx_word' id='word_1_57' title='bbox 1246 1165 1433 1236; x_wconf 84' lang='grc' dir='ltr'>κόλπῳ</span> <span class='ocrx_word' id='word_1_58' title='bbox 1466 1167 1784 1236; x_wconf 76' lang='grc' dir='ltr'>ἐϐάσταζεν,</span> <span class='ocrx_word' id='word_1_59' title='bbox 1813 1173 1990 1243; x_wconf 78' lang='grc' dir='ltr'>ἐρεθί-</span> 
     </span>
    </p>
   </div>
   <div class='ocr_carea' id='block_1_14' title="bbox 414 1252 1984 1328">
    <p class='ocr_par' dir='ltr' id='par_1_14' title="bbox 414 1252 1984 1328">
     <span class='ocr_line' id='line_1_14' title="bbox 414 1252 1984 1328; baseline 0.004 -21"><span class='ocrx_word' id='word_1_60' title='bbox 414 1252 527 1318; x_wconf 72' lang='grc' dir='ltr'>ζων</span> <span class='ocrx_word' id='word_1_61' title='bbox 555 1254 755 1317; x_wconf 78' lang='grc' dir='ltr'>αὐτοὺς</span> <span class='ocrx_word' id='word_1_62' title='bbox 781 1252 1095 1322; x_wconf 82' lang='grc' dir='ltr'>προϐαίνειν</span> <span class='ocrx_word' id='word_1_63' title='bbox 1126 1252 1217 1317; x_wconf 46' lang='grc' dir='ltr'>,είς</span> <span class='ocrx_word' id='word_1_64' title='bbox 1253 1252 1510 1318; x_wconf 77' lang='grc' dir='ltr'>ἐπίδειξιν</span> <span class='ocrx_word' id='word_1_65' title='bbox 1553 1255 1663 1309; x_wconf 88' lang='grc' dir='ltr'>τῶν</span> <span class='ocrx_word' id='word_1_66' title='bbox 1715 1260 1984 1328; x_wconf 83' lang='grc' dir='ltr'>σημείων,</span> 
     </span>
    </p>
   </div>
   <div class='ocr_carea' id='block_1_15' title="bbox 410 1340 1988 1421">
    <p class='ocr_par' dir='ltr' id='par_1_15' title="bbox 410 1340 1988 1421">
     <span class='ocr_line' id='line_1_15' title="bbox 410 1340 1988 1421; baseline 0.004 -22"><span class='ocrx_word' id='word_1_67' title='bbox 410 1344 590 1412; x_wconf 85' lang='grc' dir='ltr'>λέγων</span> <span class='ocrx_word' id='word_1_68' title='bbox 611 1342 815 1406; x_wconf 85' lang='grc' dir='ltr'>αὐτοῖς,</span> <span class='ocrx_word' id='word_1_69' title='bbox 845 1343 908 1397; x_wconf 70' lang='lat' dir='ltr'>Et</span> <span class='ocrx_word' id='word_1_70' title='bbox 936 1342 1078 1396; x_wconf 87' lang='grc' dir='ltr'>κατά</span> <span class='ocrx_word' id='word_1_71' title='bbox 1123 1340 1381 1412; x_wconf 87' lang='grc' dir='ltr'>ἀλήθειαν</span> <span class='ocrx_word' id='word_1_72' title='bbox 1412 1345 1653 1411; x_wconf 85' lang='grc' dir='ltr'>ἀσκεῖτε,</span> <span class='ocrx_word' id='word_1_73' title='bbox 1683 1348 1751 1401; x_wconf 87' lang='grc' dir='ltr'>τά</span> <span class='ocrx_word' id='word_1_74' title='bbox 1786 1354 1988 1421; x_wconf 82' lang='grc' dir='ltr'>σημεῖα</span> 
     </span>
    </p>
   </div>
   <div class='ocr_carea' id='block_1_16' title="bbox 411 1431 1985 1509">
    <p class='ocr_par' dir='ltr' id='par_1_16' title="bbox 411 1431 1985 1509">
     <span class='ocr_line' id='line_1_16' title="bbox 411 1431 1985 1509; baseline 0.004 -20"><span class='ocrx_word' id='word_1_75' title='bbox 411 1434 600 1489; x_wconf 81' lang='grc' dir='ltr'>λοιπὸν</span> <span class='ocrx_word' id='word_1_76' title='bbox 619 1433 720 1503; x_wconf 88' lang='grc' dir='ltr'>τῆς</span> <span class='ocrx_word' id='word_1_77' title='bbox 744 1434 947 1504; x_wconf 79' lang='grc' dir='ltr'>ἀρετῆς</span> <span class='ocrx_word' id='word_1_78' title='bbox 973 1431 1336 1499; x_wconf 81' lang='grc' dir='ltr'>ἐπιδείξασθε.</span> <span class='ocrx_word' id='word_1_79' title='bbox 1363 1433 1586 1488; x_wconf 82' lang='grc' dir='ltr'>Ἀλλοτε</span> <span class='ocrx_word' id='word_1_80' title='bbox 1609 1436 1664 1489; x_wconf 85' lang='grc' dir='ltr'>δὲ</span> <span class='ocrx_word' id='word_1_81' title='bbox 1685 1438 1833 1509; x_wconf 88' lang='grc' dir='ltr'>αὐτῷ</span> <span class='ocrx_word' id='word_1_82' title='bbox 1862 1443 1985 1494; x_wconf 82' lang='grc' dir='ltr'>καθ’</span> 
     </span>
    </p>
   </div>
   <div class='ocr_carea' id='block_1_17' title="bbox 412 1521 1982 1597">
    <p class='ocr_par' dir='ltr' id='par_1_17' title="bbox 412 1521 1982 1597">
     <span class='ocr_line' id='line_1_17' title="bbox 412 1521 1982 1597; baseline 0.004 -22"><span class='ocrx_word' id='word_1_83' title='bbox 412 1522 608 1576; x_wconf 81' lang='grc' dir='ltr'>ἑαυτὸν</span> <span class='ocrx_word' id='word_1_84' title='bbox 629 1521 926 1592; x_wconf 79' lang='grc' dir='ltr'>γενομένῳ,</span> <span class='ocrx_word' id='word_1_85' title='bbox 955 1521 1013 1575; x_wconf 87' lang='grc' dir='ltr'>ἐν</span> <span class='ocrx_word' id='word_1_86' title='bbox 1037 1522 1104 1591; x_wconf 79' lang='grc' dir='ltr'>τῇ</span> <span class='ocrx_word' id='word_1_87' title='bbox 1128 1521 1351 1590; x_wconf 83' lang='grc' dir='ltr'>ἐρήμῳ,</span> <span class='ocrx_word' id='word_1_88' title='bbox 1378 1523 1433 1575; x_wconf 91' lang='grc' dir='ltr'>ἐν</span> <span class='ocrx_word' id='word_1_89' title='bbox 1454 1522 1716 1596; x_wconf 78' lang='grc' dir='ltr'>ἐπιθυμίᾳ</span> <span class='ocrx_word' id='word_1_90' title='bbox 1747 1528 1982 1597; x_wconf 84' lang='grc' dir='ltr'>μέλιτος,</span> 
     </span>
    </p>
   </div>
   <div class='ocr_carea' id='block_1_18' title="bbox 409 1608 1980 1687">
    <p class='ocr_par' dir='ltr' id='par_1_18' title="bbox 409 1608 1980 1687">
     <span class='ocr_line' id='line_1_18' title="bbox 409 1608 1980 1687; baseline 0.004 -23"><span class='ocrx_word' id='word_1_91' title='bbox 409 1610 576 1673; x_wconf 82' lang='grc' dir='ltr'>εὐθὺς</span> <span class='ocrx_word' id='word_1_92' title='bbox 636 1609 691 1662; x_wconf 88' lang='grc' dir='ltr'>δέ</span> <span class='ocrx_word' id='word_1_93' title='bbox 753 1608 858 1662; x_wconf 82' lang='grc' dir='ltr'>ὑπὸ</span> <span class='ocrx_word' id='word_1_94' title='bbox 911 1609 1119 1680; x_wconf 79' lang='grc' dir='ltr'>πέτραν</span> <span class='ocrx_word' id='word_1_95' title='bbox 1178 1609 1347 1679; x_wconf 82' lang='grc' dir='ltr'>κηρία</span> <span class='ocrx_word' id='word_1_96' title='bbox 1403 1610 1742 1687; x_wconf 81' lang='grc' dir='ltr'>εὑράμενος,</span> <span class='ocrx_word' id='word_1_97' title='bbox 1793 1617 1980 1686; x_wconf 75' lang='grc' dir='ltr'>φησὶν,</span> 
     </span>
    </p>
   </div>
   <div class='ocr_carea' id='block_1_19' title="bbox 414 1695 1984 1776">
    <p class='ocr_par' dir='ltr' id='par_1_19' title="bbox 414 1695 1984 1776">
     <span class='ocr_line' id='line_1_19' title="bbox 414 1695 1984 1776; baseline -0.004 -24"><span class='ocrx_word' id='word_1_98' title='bbox 414 1697 655 1755; x_wconf 79' lang='grc' dir='ltr'>Ἀπελθε</span> <span class='ocrx_word' id='word_1_99' title='bbox 682 1698 779 1752; x_wconf 77' lang='grc' dir='ltr'>ἀπ’</span> <span class='ocrx_word' id='word_1_100' title='bbox 818 1695 979 1767; x_wconf 81' lang='grc' dir='ltr'>ἐμοῦ,</span> <span class='ocrx_word' id='word_1_101' title='bbox 1101 1697 1399 1763; x_wconf 85' lang='grc' dir='ltr'>ἀκόλαστος</span> <span class='ocrx_word' id='word_1_102' title='bbox 1448 1700 1713 1773; x_wconf 67' lang='grc' dir='ltr'>ἐπιθυμία</span> <span class='ocrx_word' id='word_1_103' title='bbox 1735 1717 1749 1731; x_wconf 74' lang='grc' dir='ltr'>σ</span> <span class='ocrx_word' id='word_1_104' title='bbox 1784 1706 1984 1776; x_wconf 79' lang='grc' dir='ltr'>γέγρα-</span> 
     </span>
    </p>
   </div>
   <div class='ocr_carea' id='block_1_20' title="bbox 2098 558 3665 643">
    <p class='ocr_par' dir='ltr' id='par_1_20' title="bbox 2098 558 3665 643">
     <span class='ocr_line' id='line_1_20' title="bbox 2098 558 3665 643; baseline 0.01 -33"><span class='ocrx_word' id='word_1_105' title='bbox 2098 558 2283 613; x_wconf 74' lang='grc' dir='ltr'>εἵπετο</span> <span class='ocrx_word' id='word_1_106' title='bbox 2315 562 2479 633; x_wconf 78' lang='grc' dir='ltr'>αὐτῷ</span> <span class='ocrx_word' id='word_1_107' title='bbox 2512 564 2727 621; x_wconf 84' lang='grc' dir='ltr'>ἀπιόντι</span> <span class='ocrx_word' id='word_1_108' title='bbox 2760 569 2841 633; x_wconf 90' lang='grc' dir='ltr'>είς</span> <span class='ocrx_word' id='word_1_109' title='bbox 2884 569 2975 623; x_wconf 84' lang='grc' dir='ltr'>τὸν</span> <span class='ocrx_word' id='word_1_110' title='bbox 3006 571 3271 640; x_wconf 83' lang='grc' dir='ltr'>ποταμόν.</span> <span class='ocrx_word' id='word_1_111' title='bbox 3310 570 3400 635; x_wconf 74' lang='grc' dir='ltr'>Ὠς</span> <span class='ocrx_word' id='word_1_112' title='bbox 3445 571 3501 624; x_wconf 84' lang='grc' dir='ltr'>δέ</span> <span class='ocrx_word' id='word_1_113' title='bbox 3531 572 3665 643; x_wconf 88' lang='grc' dir='ltr'>πόρ-</span> 
     </span>
    </p>
   </div>
   <div class='ocr_carea' id='block_1_21' title="bbox 2098 642 3661 726">
    <p class='ocr_par' dir='ltr' id='par_1_21' title="bbox 2098 642 3661 726">
     <span class='ocr_line' id='line_1_21' title="bbox 2098 642 3661 726; baseline 0.009 -28"><span class='ocrx_word' id='word_1_114' title='bbox 2098 645 2259 716; x_wconf 90' lang='grc' dir='ltr'>θμιον</span> <span class='ocrx_word' id='word_1_115' title='bbox 2299 648 2397 720; x_wconf 89' lang='grc' dir='ltr'>οὐχ</span> <span class='ocrx_word' id='word_1_116' title='bbox 2443 642 2624 721; x_wconf 77' lang='grc' dir='ltr'>εὗρον,</span> <span class='ocrx_word' id='word_1_117' title='bbox 2674 655 2856 726; x_wconf 78' lang='grc' dir='ltr'>φωνὴν</span> <span class='ocrx_word' id='word_1_118' title='bbox 2893 656 3118 725; x_wconf 82' lang='grc' dir='ltr'>ἀφίησιν</span> <span class='ocrx_word' id='word_1_119' title='bbox 3166 659 3194 710; x_wconf 88' lang='grc' dir='ltr'>ὀ</span> <span class='ocrx_word' id='word_1_120' title='bbox 3224 657 3397 721; x_wconf 83' lang='grc' dir='ltr'>ἀϐϐᾶς</span> <span class='ocrx_word' id='word_1_121' title='bbox 3453 642 3661 725; x_wconf 82' lang='grc' dir='ltr'>Ἐλλῆν,</span> 
     </span>
    </p>
   </div>
   <div class='ocr_carea' id='block_1_22' title="bbox 2096 737 3661 813">
    <p class='ocr_par' dir='ltr' id='par_1_22' title="bbox 2096 737 3661 813">
     <span class='ocr_line' id='line_1_22' title="bbox 2096 737 3661 813; baseline 0.01 -26"><span class='ocrx_word' id='word_1_122' title='bbox 2096 737 2573 808; x_wconf 81' lang='grc' dir='ltr'>προσκαλούμενος</span> <span class='ocrx_word' id='word_1_123' title='bbox 2621 740 2712 794; x_wconf 78' lang='grc' dir='ltr'>τὸν</span> <span class='ocrx_word' id='word_1_124' title='bbox 2759 744 3116 813; x_wconf 85' lang='grc' dir='ltr'>κροκόδειλον.</span> <span class='ocrx_word' id='word_1_125' title='bbox 3166 744 3229 798; x_wconf 82' lang='grc' dir='ltr'><strong>Ὀ</strong></span> <span class='ocrx_word' id='word_1_126' title='bbox 3256 746 3312 799; x_wconf 76' lang='grc' dir='ltr'>δέ</span> <span class='ocrx_word' id='word_1_127' title='bbox 3359 747 3520 810; x_wconf 83' lang='grc' dir='ltr'>εὐθὺς</span> <span class='ocrx_word' id='word_1_128' title='bbox 3556 749 3661 802; x_wconf 81' lang='grc' dir='ltr'>ὑπ-</span> 
     </span>
    </p>
   </div>
   <div class='ocr_carea' id='block_1_23' title="bbox 2096 822 3658 905">
    <p class='ocr_par' dir='ltr' id='par_1_23' title="bbox 2096 822 3658 905">
     <span class='ocr_line' id='line_1_23' title="bbox 2096 822 3658 905; baseline 0.011 -32"><span class='ocrx_word' id='word_1_129' title='bbox 2096 822 2330 889; x_wconf 83' lang='grc' dir='ltr'>ακούσας</span> <span class='ocrx_word' id='word_1_130' title='bbox 2361 827 2550 895; x_wconf 83' lang='grc' dir='ltr'>αὐτοῦ,</span> <span class='ocrx_word' id='word_1_131' title='bbox 2584 830 2767 899; x_wconf 91' lang='grc' dir='ltr'>παρῆν</span> <span class='ocrx_word' id='word_1_132' title='bbox 2825 831 2915 884; x_wconf 84' lang='grc' dir='ltr'>τὸν</span> <span class='ocrx_word' id='word_1_133' title='bbox 2948 833 3117 887; x_wconf 87' lang='grc' dir='ltr'>νῶτον</span> <span class='ocrx_word' id='word_1_134' title='bbox 3150 833 3658 905; x_wconf 86' lang='grc' dir='ltr'>ὑποστρωσάμενος.</span> 
     </span>
    </p>
   </div>
   <div class='ocr_carea' id='block_1_24' title="bbox 2105 912 3661 995">
    <p class='ocr_par' dir='ltr' id='par_1_24' title="bbox 2105 912 3661 995">
     <span class='ocr_line' id='line_1_24' title="bbox 2105 912 3661 995; baseline 0.009 -30"><span class='ocrx_word' id='word_1_135' title='bbox 2105 912 2285 977; x_wconf 78' lang='grc' dir='ltr'>Ἦξίου</span> <span class='ocrx_word' id='word_1_136' title='bbox 2310 914 2366 968; x_wconf 87' lang='grc' dir='ltr'>δὲ</span> <span class='ocrx_word' id='word_1_137' title='bbox 2392 916 2483 969; x_wconf 84' lang='grc' dir='ltr'>τὸν</span> <span class='ocrx_word' id='word_1_138' title='bbox 2505 918 2874 990; x_wconf 87' lang='grc' dir='ltr'>πρεσϐύτερον</span> <span class='ocrx_word' id='word_1_139' title='bbox 2900 922 3255 990; x_wconf 89' lang='grc' dir='ltr'>συνεπιϐῆναι</span> <span class='ocrx_word' id='word_1_140' title='bbox 3271 922 3438 993; x_wconf 86' lang='grc' dir='ltr'>αὐτῷ.</span> <span class='ocrx_word' id='word_1_141' title='bbox 3456 924 3661 995; x_wconf 80' lang='grc' dir='ltr'>Ἐμφο-</span> 
     </span>
    </p>
   </div>
   <div class='ocr_carea' id='block_1_25' title="bbox 2093 1000 3662 1082">
    <p class='ocr_par' dir='ltr' id='par_1_25' title="bbox 2093 1000 3662 1082">
     <span class='ocr_line' id='line_1_25' title="bbox 2093 1000 3662 1082; baseline 0.008 -30"><span class='ocrx_word' id='word_1_142' title='bbox 2093 1000 2185 1065; x_wconf 80' lang='grc' dir='ltr'>ϐες</span> <span class='ocrx_word' id='word_1_143' title='bbox 2214 1001 2271 1056; x_wconf 84' lang='grc' dir='ltr'>δέ</span> <span class='ocrx_word' id='word_1_144' title='bbox 2290 1004 2581 1074; x_wconf 88' lang='grc' dir='ltr'>γενόμενος</span> <span class='ocrx_word' id='word_1_145' title='bbox 2610 1006 2815 1069; x_wconf 90' lang='grc' dir='ltr'>ἐκεῖνος</span> <span class='ocrx_word' id='word_1_146' title='bbox 2850 1008 3205 1079; x_wconf 86' lang='grc' dir='ltr'>συνεωρακὼς</span> <span class='ocrx_word' id='word_1_147' title='bbox 3238 1010 3300 1063; x_wconf 83' lang='grc' dir='ltr'>τὸ</span> <span class='ocrx_word' id='word_1_148' title='bbox 3326 1010 3531 1082; x_wconf 86' lang='grc' dir='ltr'>θηρίον,</span> <span class='ocrx_word' id='word_1_149' title='bbox 3568 1013 3662 1065; x_wconf 82' lang='grc' dir='ltr'>ἐπὶ</span> 
     </span>
    </p>
   </div>
   <div class='ocr_carea' id='block_1_26' title="bbox 2090 1090 3658 1169">
    <p class='ocr_par' dir='ltr' id='par_1_26' title="bbox 2090 1090 3658 1169">
     <span class='ocr_line' id='line_1_26' title="bbox 2090 1090 3658 1169; baseline 0.006 -26"><span class='ocrx_word' id='word_1_150' title='bbox 2090 1090 2159 1143; x_wconf 82' lang='grc' dir='ltr'>τὰ</span> <span class='ocrx_word' id='word_1_151' title='bbox 2207 1090 2429 1145; x_wconf 81' lang='grc' dir='ltr'>ϐπισθεν</span> <span class='ocrx_word' id='word_1_152' title='bbox 2460 1091 2753 1165; x_wconf 81' lang='grc' dir='ltr'>ὑπεχώρει.</span> <span class='ocrx_word' id='word_1_153' title='bbox 2798 1095 2885 1158; x_wconf 82' lang='grc' dir='ltr'>Ὠς</span> <span class='ocrx_word' id='word_1_154' title='bbox 2915 1096 2973 1149; x_wconf 87' lang='grc' dir='ltr'>δὲ</span> <span class='ocrx_word' id='word_1_155' title='bbox 3023 1096 3228 1167; x_wconf 87' lang='grc' dir='ltr'>θάμϐος</span> <span class='ocrx_word' id='word_1_156' title='bbox 3266 1096 3422 1169; x_wconf 78' lang='grc' dir='ltr'>ἔσχεν</span> <span class='ocrx_word' id='word_1_157' title='bbox 3473 1099 3658 1165; x_wconf 84' lang='grc' dir='ltr'>αὐτὸν,</span> 
     </span>
    </p>
   </div>
   <div class='ocr_carea' id='block_1_27' title="bbox 2090 1178 3657 1254">
    <p class='ocr_par' dir='ltr' id='par_1_27' title="bbox 2090 1178 3657 1254">
     <span class='ocr_line' id='line_1_27' title="bbox 2090 1178 3657 1254; baseline 0.006 -23"><span class='ocrx_word' id='word_1_158' title='bbox 2090 1178 2186 1231; x_wconf 76' lang='grc' dir='ltr'>καὶ</span> <span class='ocrx_word' id='word_1_159' title='bbox 2209 1178 2335 1241; x_wconf 84' lang='grc' dir='ltr'>τοὺς</span> <span class='ocrx_word' id='word_1_160' title='bbox 2366 1178 2663 1250; x_wconf 79' lang='grc' dir='ltr'>ἀντιπέραν</span> <span class='ocrx_word' id='word_1_161' title='bbox 2680 1181 2961 1245; x_wconf 79' lang='grc' dir='ltr'>οἰκοῦντας</span> <span class='ocrx_word' id='word_1_162' title='bbox 2983 1183 3268 1250; x_wconf 79' lang='grc' dir='ltr'>ἀδελφοὺς,</span> <span class='ocrx_word' id='word_1_163' title='bbox 3290 1185 3657 1254; x_wconf 83' lang='grc' dir='ltr'>θεασαμένους</span> 
     </span>
    </p>
   </div>
   <div class='ocr_carea' id='block_1_28' title="bbox 2088 1266 3655 1342">
    <p class='ocr_par' dir='ltr' id='par_1_28' title="bbox 2088 1266 3655 1342">
     <span class='ocr_line' id='line_1_28' title="bbox 2088 1266 3655 1342; baseline 0.006 -25"><span class='ocrx_word' id='word_1_164' title='bbox 2088 1266 2287 1327; x_wconf 79' lang='grc' dir='ltr'>αὐτοὺς</span> <span class='ocrx_word' id='word_1_165' title='bbox 2316 1267 2414 1319; x_wconf 79' lang='grc' dir='ltr'>σὺν</span> <span class='ocrx_word' id='word_1_166' title='bbox 2441 1267 2518 1337; x_wconf 85' lang='grc' dir='ltr'>τῷ</span> <span class='ocrx_word' id='word_1_167' title='bbox 2573 1268 2747 1339; x_wconf 82' lang='grc' dir='ltr'>θηρίῳ</span> <span class='ocrx_word' id='word_1_168' title='bbox 2779 1270 2871 1322; x_wconf 84' lang='grc' dir='ltr'>τὸν</span> <span class='ocrx_word' id='word_1_169' title='bbox 2902 1270 3067 1339; x_wconf 87' lang='grc' dir='ltr'>πόρον</span> <span class='ocrx_word' id='word_1_170' title='bbox 3125 1270 3655 1342; x_wconf 84' lang='grc' dir='ltr'>διαπορθμεύσαντα,</span> 
     </span>
    </p>
   </div>
   <div class='ocr_carea' id='block_1_29' title="bbox 2089 1352 3654 1432">
    <p class='ocr_par' dir='ltr' id='par_1_29' title="bbox 2089 1352 3654 1432">
     <span class='ocr_line' id='line_1_29' title="bbox 2089 1352 3654 1432; baseline 0.003 -24"><span class='ocrx_word' id='word_1_171' title='bbox 2089 1352 2326 1408; x_wconf 87' lang='grc' dir='ltr'>ἀνελθὼν</span> <span class='ocrx_word' id='word_1_172' title='bbox 2372 1355 2452 1418; x_wconf 85' lang='grc' dir='ltr'>είς</span> <span class='ocrx_word' id='word_1_173' title='bbox 2492 1355 2592 1426; x_wconf 81' lang='grc' dir='ltr'>τὴν</span> <span class='ocrx_word' id='word_1_174' title='bbox 2634 1354 2805 1426; x_wconf 75' lang='grc' dir='ltr'>ξηρὰν</span> <span class='ocrx_word' id='word_1_175' title='bbox 2852 1359 3300 1413; x_wconf 79' lang='grc' dir='ltr'>συνεπεσπάσατο</span> <span class='ocrx_word' id='word_1_176' title='bbox 3332 1360 3394 1413; x_wconf 82' lang='grc' dir='ltr'>τὸ</span> <span class='ocrx_word' id='word_1_177' title='bbox 3435 1359 3654 1432; x_wconf 83' lang='grc' dir='ltr'>θηρίον-⁹</span> 
     </span>
    </p>
   </div>
   <div class='ocr_carea' id='block_1_30' title="bbox 2086 1442 3658 1518">
    <p class='ocr_par' dir='ltr' id='par_1_30' title="bbox 2086 1442 3658 1518">
     <span class='ocr_line' id='line_1_30' title="bbox 2086 1442 3658 1518; baseline 0.004 -23"><span class='ocrx_word' id='word_1_178' title='bbox 2086 1442 2342 1496; x_wconf 85' lang='grc' dir='ltr'>τεθνάναι</span> <span class='ocrx_word' id='word_1_179' title='bbox 2379 1442 2551 1511; x_wconf 88' lang='grc' dir='ltr'>λέγων</span> <span class='ocrx_word' id='word_1_180' title='bbox 2607 1443 2757 1498; x_wconf 86' lang='grc' dir='ltr'>αὐτῶ</span> <span class='ocrx_word' id='word_1_181' title='bbox 2814 1444 3054 1513; x_wconf 84' lang='grc' dir='ltr'>ἄμεινον,</span> <span class='ocrx_word' id='word_1_182' title='bbox 3104 1445 3199 1498; x_wconf 77' lang='grc' dir='ltr'>καὶ</span> <span class='ocrx_word' id='word_1_183' title='bbox 3248 1447 3506 1518; x_wconf 85' lang='grc' dir='ltr'>κερδάναι</span> <span class='ocrx_word' id='word_1_184' title='bbox 3550 1449 3658 1502; x_wconf 92' lang='grc' dir='ltr'>τῶν</span> 
     </span>
    </p>
   </div>
   <div class='ocr_carea' id='block_1_31' title="bbox 2086 1529 3659 1608">
    <p class='ocr_par' dir='ltr' id='par_1_31' title="bbox 2086 1529 3659 1608">
     <span class='ocr_line' id='line_1_31' title="bbox 2086 1529 3659 1608; baseline 0.005 -27"><span class='ocrx_word' id='word_1_185' title='bbox 2086 1529 2475 1600; x_wconf 80' lang='grc' dir='ltr'>ἀναιρεθεισῶν</span> <span class='ocrx_word' id='word_1_186' title='bbox 2512 1530 2703 1601; x_wconf 89' lang='grc' dir='ltr'>ψυχῶν</span> <span class='ocrx_word' id='word_1_187' title='bbox 2746 1531 2845 1601; x_wconf 83' lang='grc' dir='ltr'>τὴν</span> <span class='ocrx_word' id='word_1_188' title='bbox 2876 1530 3049 1604; x_wconf 87' lang='grc' dir='ltr'>δίκην.</span> <span class='ocrx_word' id='word_1_189' title='bbox 3093 1533 3166 1585; x_wconf 85' lang='grc' dir='ltr'>Τὸ</span> <span class='ocrx_word' id='word_1_190' title='bbox 3220 1533 3275 1587; x_wconf 82' lang='grc' dir='ltr'>δὲ</span> <span class='ocrx_word' id='word_1_191' title='bbox 3319 1536 3659 1608; x_wconf 83' lang='grc' dir='ltr'>παραχρῆμα</span> 
     </span>
    </p>
   </div>
   <div class='ocr_carea' id='block_1_32' title="bbox 2086 1619 2527 1689">
    <p class='ocr_par' dir='ltr' id='par_1_32' title="bbox 2086 1619 2527 1689">
     <span class='ocr_line' id='line_1_32' title="bbox 2086 1619 2527 1689; baseline 0.005 -18"><span class='ocrx_word' id='word_1_192' title='bbox 2086 1619 2249 1673; x_wconf 77' lang='grc' dir='ltr'>πεσὸν</span> <span class='ocrx_word' id='word_1_193' title='bbox 2280 1619 2527 1689; x_wconf 74' lang='grc' dir='ltr'>ἐξέψυξε.</span> 
     </span>
    </p>
   </div>
   <div class='ocr_carea' id='block_1_33' title="bbox 2160 1706 3658 1780">
    <p class='ocr_par' dir='ltr' id='par_1_33' title="bbox 2160 1706 3658 1780">
     <span class='ocr_line' id='line_1_33' title="bbox 2160 1706 3658 1780; baseline 0.003 -20"><span class='ocrx_word' id='word_1_194' title='bbox 2160 1708 2657 1779; x_wconf 87' lang='grc' dir='ltr'>Προσκαρτερήσας</span> <span class='ocrx_word' id='word_1_195' title='bbox 2714 1706 2772 1761; x_wconf 88' lang='grc' dir='ltr'>δέ</span> <span class='ocrx_word' id='word_1_196' title='bbox 2809 1708 3023 1778; x_wconf 82' lang='grc' dir='ltr'>ἡμέρας</span> <span class='ocrx_word' id='word_1_197' title='bbox 3080 1711 3228 1779; x_wconf 83' lang='grc' dir='ltr'>τρεῖς</span> <span class='ocrx_word' id='word_1_198' title='bbox 3265 1711 3379 1774; x_wconf 87' lang='grc' dir='ltr'>τοῖς</span> <span class='ocrx_word' id='word_1_199' title='bbox 3412 1710 3658 1780; x_wconf 74' lang='grc' dir='ltr'>ἀδελφοῖς</span> 
     </span>
    </p>
   </div>
   <div class='ocr_carea' id='block_1_34' title="bbox 410 1772 3657 1867">
    <p class='ocr_par' dir='ltr' id='par_1_34' title="bbox 410 1772 3657 1867">
     <span class='ocr_line' id='line_1_34' title="bbox 410 1772 3657 1867; baseline 0.003 -23"><span class='ocrx_word' id='word_1_200' title='bbox 410 1808 546 1844; x_wconf 88' lang='grc' dir='ltr'>πται</span> <span class='ocrx_word' id='word_1_201' title='bbox 589 1790 718 1860; x_wconf 87' lang='grc' dir='ltr'>γὰρ,</span> <span class='ocrx_word' id='word_1_202' title='bbox 774 1772 1052 1858; x_wconf 80' lang='grc' dir='ltr'>Πνεῦματι</span> <span class='ocrx_word' id='word_1_203' title='bbox 1098 1772 1489 1858; x_wconf 77' lang='grc' dir='ltr'>περιπατεῖτε,</span> <span class='ocrx_word' id='word_1_204' title='bbox 1536 1791 1629 1843; x_wconf 75' lang='grc' dir='ltr'>καὶ</span> <span class='ocrx_word' id='word_1_205' title='bbox 1690 1772 1984 1863; x_wconf 71' lang='grc' dir='ltr'>ἐπιθυμίαν</span> <span class='ocrx_word' id='word_1_206' title='bbox 2019 1809 2059 1864; x_wconf 78' lang='grc' dir='ltr'><strong>Β</strong></span> <span class='ocrx_word' id='word_1_207' title='bbox 2088 1772 2323 1867; x_wconf 82' lang='grc' dir='ltr'>ἐκάθητο</span> <span class='ocrx_word' id='word_1_208' title='bbox 2351 1772 2620 1849; x_wconf 69' lang='grc' dir='ltr'>δῖδάσκων</span> <span class='ocrx_word' id='word_1_209' title='bbox 2670 1772 2868 1859; x_wconf 68' lang='grc' dir='ltr'>αὐτοῦς</span> <span class='ocrx_word' id='word_1_210' title='bbox 2901 1772 2997 1859; x_wconf 76' lang='grc' dir='ltr'>τὰς</span> <span class='ocrx_word' id='word_1_211' title='bbox 3028 1772 3268 1860; x_wconf 79' lang='grc' dir='ltr'>ἐντολάς,</span> <span class='ocrx_word' id='word_1_212' title='bbox 3303 1772 3397 1851; x_wconf 78' lang='grc' dir='ltr'>καὶ</span> <span class='ocrx_word' id='word_1_213' title='bbox 3428 1797 3497 1852; x_wconf 88' lang='grc' dir='ltr'>τά</span> <span class='ocrx_word' id='word_1_214' title='bbox 3528 1772 3657 1855; x_wconf 58' lang='grc' dir='ltr'>ἐκά-ἰ</span> 
     </span>
    </p>
   </div>
   <div class='ocr_carea' id='block_1_35' title="bbox 409 1875 1981 1953">
    <p class='ocr_par' dir='ltr' id='par_1_35' title="bbox 409 1875 1981 1953">
     <span class='ocr_line' id='line_1_35' title="bbox 409 1875 1981 1953; baseline 0.001 -19"><span class='ocrx_word' id='word_1_215' title='bbox 409 1879 616 1950; x_wconf 63' lang='grc' dir='ltr'>σαρκὸς</span> <span class='ocrx_word' id='word_1_216' title='bbox 640 1881 700 1931; x_wconf 85' lang='grc' dir='ltr'>οὐ</span> <span class='ocrx_word' id='word_1_217' title='bbox 739 1875 815 1949; x_wconf 83' lang='grc' dir='ltr'>μὴ</span> <span class='ocrx_word' id='word_1_218' title='bbox 843 1875 1119 1948; x_wconf 81' lang='grc' dir='ltr'>τελέσητε,</span> <span class='ocrx_word' id='word_1_219' title='bbox 1152 1878 1245 1930; x_wconf 76' lang='grc' dir='ltr'>καὶ</span> <span class='ocrx_word' id='word_1_220' title='bbox 1284 1878 1596 1933; x_wconf 87' lang='grc' dir='ltr'>καταλιπὼν</span> <span class='ocrx_word' id='word_1_221' title='bbox 1644 1880 1782 1934; x_wconf 88' lang='grc' dir='ltr'>αὑτά</span> <span class='ocrx_word' id='word_1_222' title='bbox 1808 1882 1981 1953; x_wconf 81' lang='grc' dir='ltr'>ἀπηλ·</span> 
     </span>
    </p>
   </div>
   <div class='ocr_carea' id='block_1_36' title="bbox 404 1965 1981 2040">
    <p class='ocr_par' dir='ltr' id='par_1_36' title="bbox 404 1965 1981 2040">
     <span class='ocr_line' id='line_1_36' title="bbox 404 1965 1981 2040; baseline 0.002 -19"><span class='ocrx_word' id='word_1_223' title='bbox 404 1968 571 2039; x_wconf 77' lang='grc' dir='ltr'>λάγη.</span> <span class='ocrx_word' id='word_1_224' title='bbox 611 1968 753 2039; x_wconf 79' lang='grc' dir='ltr'>Ἤδη</span> <span class='ocrx_word' id='word_1_225' title='bbox 782 1966 837 2033; x_wconf 83' lang='grc' dir='ltr'>δὲ</span> <span class='ocrx_word' id='word_1_226' title='bbox 876 1965 1042 2020; x_wconf 90' lang='grc' dir='ltr'>αὐτοῦ</span> <span class='ocrx_word' id='word_1_227' title='bbox 1093 1967 1151 2019; x_wconf 90' lang='grc' dir='ltr'>ἐν</span> <span class='ocrx_word' id='word_1_228' title='bbox 1185 1967 1252 2035; x_wconf 81' lang='grc' dir='ltr'>τῇ</span> <span class='ocrx_word' id='word_1_229' title='bbox 1275 1966 1468 2039; x_wconf 82' lang='grc' dir='ltr'>ἐρήμῳ</span> <span class='ocrx_word' id='word_1_230' title='bbox 1502 1969 1651 2038; x_wconf 81' lang='grc' dir='ltr'>τρεῖς</span> <span class='ocrx_word' id='word_1_231' title='bbox 1679 1968 1981 2040; x_wconf 79' lang='grc' dir='ltr'>ἑϐδομάδας</span> 
     </span>
    </p>
   </div>
   <div class='ocr_carea' id='block_1_37' title="bbox 404 2052 1978 2127">
    <p class='ocr_par' dir='ltr' id='par_1_37' title="bbox 404 2052 1978 2127">
     <span class='ocr_line' id='line_1_37' title="bbox 404 2052 1978 2127; baseline 0.003 -19"><span class='ocrx_word' id='word_1_232' title='bbox 404 2053 781 2127; x_wconf 81' lang='grc' dir='ltr'>νηστεύοντος,</span> <span class='ocrx_word' id='word_1_233' title='bbox 822 2053 1044 2125; x_wconf 83' lang='grc' dir='ltr'>ὀπώρας</span> <span class='ocrx_word' id='word_1_234' title='bbox 1089 2052 1265 2123; x_wconf 88' lang='grc' dir='ltr'>εὑρὼν</span> <span class='ocrx_word' id='word_1_235' title='bbox 1297 2054 1657 2126; x_wconf 75' lang='grc' dir='ltr'>ἐρριμμένας,</span> <span class='ocrx_word' id='word_1_236' title='bbox 1702 2053 1874 2119; x_wconf 76' lang='grc' dir='ltr'>εἶπεν·</span> <span class='ocrx_word' id='word_1_237' title='bbox 1904 2061 1978 2113; x_wconf 86' lang='grc' dir='ltr'>Οὐ</span> 
     </span>
    </p>
   </div>
   <div class='ocr_carea' id='block_1_38' title="bbox 404 2140 1977 2217">
    <p class='ocr_par' dir='ltr' id='par_1_38' title="bbox 404 2140 1977 2217">
     <span class='ocr_line' id='line_1_38' title="bbox 404 2140 1977 2217; baseline 0.001 -19"><span class='ocrx_word' id='word_1_238' title='bbox 404 2146 485 2216; x_wconf 83' lang='grc' dir='ltr'>μὴ</span> <span class='ocrx_word' id='word_1_239' title='bbox 525 2146 707 2215; x_wconf 85' lang='grc' dir='ltr'>φάγω,</span> <span class='ocrx_word' id='word_1_240' title='bbox 754 2142 876 2195; x_wconf 88' lang='grc' dir='ltr'>οὑδέ</span> <span class='ocrx_word' id='word_1_241' title='bbox 907 2141 1133 2213; x_wconf 77' lang='grc' dir='ltr'>ᾆψωμαί</span> <span class='ocrx_word' id='word_1_242' title='bbox 1161 2157 1307 2204; x_wconf 86' lang='grc' dir='ltr'>τινος</span> <span class='ocrx_word' id='word_1_243' title='bbox 1337 2140 1395 2207; x_wconf 78' lang='grc' dir='ltr'>ἐξ</span> <span class='ocrx_word' id='word_1_244' title='bbox 1435 2143 1635 2208; x_wconf 87' lang='grc' dir='ltr'>αὐτῶν,</span> <span class='ocrx_word' id='word_1_245' title='bbox 1666 2143 1751 2197; x_wconf 81' lang='grc' dir='ltr'>ἵνα</span> <span class='ocrx_word' id='word_1_246' title='bbox 1780 2145 1855 2217; x_wconf 82' lang='grc' dir='ltr'>μὴ</span> <span class='ocrx_word' id='word_1_247' title='bbox 1884 2148 1977 2201; x_wconf 77' lang='grc' dir='ltr'>τὸν</span> 
     </span>
    </p>
   </div>
   <div class='ocr_carea' id='block_1_39' title="bbox 403 2228 1979 2303">
    <p class='ocr_par' dir='ltr' id='par_1_39' title="bbox 403 2228 1979 2303">
     <span class='ocr_line' id='line_1_39' title="bbox 403 2228 1979 2303; baseline -0.01 -15"><span class='ocrx_word' id='word_1_248' title='bbox 403 2232 635 2302; x_wconf 85' lang='grc' dir='ltr'>ἀδελφόν</span> <span class='ocrx_word' id='word_1_249' title='bbox 699 2246 803 2299; x_wconf 85' lang='grc' dir='ltr'>μου</span> <span class='ocrx_word' id='word_1_250' title='bbox 836 2228 1202 2290; x_wconf 85' lang='grc' dir='ltr'>σκανδαλίσω.</span> <span class='ocrx_word' id='word_1_251' title='bbox 1256 2229 1499 2282; x_wconf 80' lang='grc' dir='ltr'>τουτέστι</span> <span class='ocrx_word' id='word_1_252' title='bbox 1532 2230 1629 2300; x_wconf 80' lang='grc' dir='ltr'>τὴν</span> <span class='ocrx_word' id='word_1_253' title='bbox 1657 2230 1854 2303; x_wconf 79' lang='grc' dir='ltr'>ψυχήν.</span> <span class='ocrx_word' id='word_1_254' title='bbox 1886 2233 1979 2287; x_wconf 90' lang='grc' dir='ltr'>Γέ-</span> 
     </span>
    </p>
   </div>
   <div class='ocr_carea' id='block_1_40' title="bbox 402 2314 1979 2391">
    <p class='ocr_par' dir='ltr' id='par_1_40' title="bbox 402 2314 1979 2391">
     <span class='ocr_line' id='line_1_40' title="bbox 402 2314 1979 2391; baseline -0.009 -17"><span class='ocrx_word' id='word_1_255' title='bbox 402 2337 649 2391; x_wconf 88' lang='grc' dir='ltr'>γραπται</span> <span class='ocrx_word' id='word_1_256' title='bbox 682 2317 810 2388; x_wconf 84' lang='grc' dir='ltr'>γὰρ,</span> <span class='ocrx_word' id='word_1_257' title='bbox 842 2316 955 2369; x_wconf 86' lang='grc' dir='ltr'>Οὐκ</span> <span class='ocrx_word' id='word_1_258' title='bbox 984 2314 1076 2369; x_wconf 77' lang='grc' dir='ltr'>ἐπὶ</span> <span class='ocrx_word' id='word_1_259' title='bbox 1121 2318 1295 2387; x_wconf 79' lang='grc' dir='ltr'>τροφῇ</span> <span class='ocrx_word' id='word_1_260' title='bbox 1340 2317 1474 2388; x_wconf 83' lang='grc' dir='ltr'>μόνῃ</span> <span class='ocrx_word' id='word_1_261' title='bbox 1513 2317 1736 2386; x_wconf 79' lang='grc' dir='ltr'>ζήσεται</span> <span class='ocrx_word' id='word_1_262' title='bbox 1772 2320 1979 2389; x_wconf 70' lang='grc' dir='ltr'>ἅνθρω-</span> 
     </span>
    </p>
   </div>
   <div class='ocr_carea' id='block_1_41' title="bbox 402 2404 1980 2481">
    <p class='ocr_par' dir='ltr' id='par_1_41' title="bbox 402 2404 1980 2481">
     <span class='ocr_line' id='line_1_41' title="bbox 402 2404 1980 2481; baseline 0.001 -18"><span class='ocrx_word' id='word_1_263' title='bbox 402 2426 527 2472; x_wconf 77' lang='grc' dir='ltr'>πος.</span> <span class='ocrx_word' id='word_1_264' title='bbox 550 2406 873 2480; x_wconf 84' lang='grc' dir='ltr'>Νηστεὺσας</span> <span class='ocrx_word' id='word_1_265' title='bbox 894 2404 951 2459; x_wconf 80' lang='grc' dir='ltr'>δὲ</span> <span class='ocrx_word' id='word_1_266' title='bbox 978 2405 1073 2460; x_wconf 78' lang='grc' dir='ltr'>καὶ</span> <span class='ocrx_word' id='word_1_267' title='bbox 1098 2404 1265 2474; x_wconf 81' lang='grc' dir='ltr'>ἀλλην</span> <span class='ocrx_word' id='word_1_268' title='bbox 1308 2406 1602 2475; x_wconf 76' lang='grc' dir='ltr'>ἑϐδομάδα,</span> <span class='ocrx_word' id='word_1_269' title='bbox 1625 2408 1850 2481; x_wconf 83' lang='grc' dir='ltr'>ὕστερον</span> <span class='ocrx_word' id='word_1_270' title='bbox 1874 2412 1980 2464; x_wconf 89' lang='grc' dir='ltr'>ἀπ-</span> 
     </span>
    </p>
   </div>
   <div class='ocr_carea' id='block_1_42' title="bbox 282 2491 1981 2569">
    <p class='ocr_par' dir='ltr' id='par_1_42' title="bbox 282 2491 1981 2569">
     <span class='ocr_line' id='line_1_42' title="bbox 282 2491 1981 2569; baseline 0.001 -20"><span class='ocrx_word' id='word_1_271' title='bbox 282 2500 283 2503; x_wconf 64' lang='grc'><em>“</em></span> <span class='ocrx_word' id='word_1_272' title='bbox 400 2495 666 2569; x_wconf 77' lang='grc' dir='ltr'>ενύσταξε</span> <span class='ocrx_word' id='word_1_273' title='bbox 685 2509 705 2529; x_wconf 69' lang='grc' dir='ltr'><strong>ο</strong></span> <span class='ocrx_word' id='word_1_274' title='bbox 726 2494 819 2548; x_wconf 81' lang='grc' dir='ltr'>καὶ</span> <span class='ocrx_word' id='word_1_275' title='bbox 835 2491 1012 2569; x_wconf 85' lang='grc' dir='ltr'>εὑρὼν</span> <span class='ocrx_word' id='word_1_276' title='bbox 1046 2493 1074 2547; x_wconf 89' lang='grc' dir='ltr'>ὀ</span> <span class='ocrx_word' id='word_1_277' title='bbox 1099 2492 1331 2560; x_wconf 79' lang='grc' dir='ltr'>ἄγγελος</span> <span class='ocrx_word' id='word_1_278' title='bbox 1354 2494 1473 2546; x_wconf 82' lang='grc' dir='ltr'>κατ’</span> <span class='ocrx_word' id='word_1_279' title='bbox 1497 2494 1652 2566; x_wconf 85' lang='grc' dir='ltr'>δναρ,</span> <span class='ocrx_word' id='word_1_280' title='bbox 1688 2497 1823 2568; x_wconf 70' lang='grc' dir='ltr'>φησι</span> <span class='ocrx_word' id='word_1_281' title='bbox 1846 2500 1981 2568; x_wconf 66' lang='grc' dir='ltr'>πρδς</span> 
     </span>
    </p>
   </div>
   <div class='ocr_carea' id='block_1_43' title="bbox 330 2578 1981 2653">
    <p class='ocr_par' dir='ltr' id='par_1_43' title="bbox 330 2578 1981 2653">
     <span class='ocr_line' id='line_1_43' title="bbox 330 2578 1981 2653; baseline -0.007 -13"><span class='ocrx_word' id='word_1_282' title='bbox 330 2624 341 2641; x_wconf 58' lang='grc' dir='ltr'>ς</span> <span class='ocrx_word' id='word_1_283' title='bbox 400 2583 587 2650; x_wconf 75' lang='grc' dir='ltr'>αὐτὸν,</span> <span class='ocrx_word' id='word_1_284' title='bbox 636 2580 901 2645; x_wconf 78' lang='grc' dir='ltr'>Ἀναστὰς</span> <span class='ocrx_word' id='word_1_285' title='bbox 948 2578 1019 2635; x_wconf 87' lang='grc' dir='ltr'>τά</span> <span class='ocrx_word' id='word_1_286' title='bbox 1040 2580 1407 2651; x_wconf 87' lang='grc' dir='ltr'>εὑρισκόμενα</span> <span class='ocrx_word' id='word_1_287' title='bbox 1438 2580 1599 2650; x_wconf 87' lang='grc' dir='ltr'>φάγε.</span> <span class='ocrx_word' id='word_1_288' title='bbox 1639 2582 1696 2636; x_wconf 86' lang='lat'><strong>&#39;0</strong></span> <span class='ocrx_word' id='word_1_289' title='bbox 1731 2584 1787 2637; x_wconf 83' lang='grc' dir='ltr'>δὲ</span> <span class='ocrx_word' id='word_1_290' title='bbox 1828 2585 1981 2653; x_wconf 81' lang='grc' dir='ltr'>ἐξαν-</span> 
     </span>
    </p>
   </div>
   <div class='ocr_carea' id='block_1_44' title="bbox 398 2668 1981 2743">
    <p class='ocr_par' dir='ltr' id='par_1_44' title="bbox 398 2668 1981 2743">
     <span class='ocr_line' id='line_1_44' title="bbox 398 2668 1981 2743; baseline 0.001 -17"><span class='ocrx_word' id='word_1_291' title='bbox 398 2674 557 2741; x_wconf 87' lang='grc' dir='ltr'>έστη,</span> <span class='ocrx_word' id='word_1_292' title='bbox 585 2670 679 2726; x_wconf 73' lang='grc' dir='ltr'>καὶ</span> <span class='ocrx_word' id='word_1_293' title='bbox 712 2668 895 2741; x_wconf 84' lang='grc' dir='ltr'>κύκλῳ</span> <span class='ocrx_word' id='word_1_294' title='bbox 934 2668 1396 2740; x_wconf 88' lang='grc' dir='ltr'>περιϐλεπόμενος</span> <span class='ocrx_word' id='word_1_295' title='bbox 1420 2670 1520 2740; x_wconf 77' lang='grc' dir='ltr'>δρᾷ</span> <span class='ocrx_word' id='word_1_296' title='bbox 1540 2670 1725 2742; x_wconf 85' lang='grc' dir='ltr'>πηγὴν</span> <span class='ocrx_word' id='word_1_297' title='bbox 1752 2672 1981 2743; x_wconf 82' lang='grc' dir='ltr'>βοτάνας</span> 
     </span>
    </p>
   </div>
   <div class='ocr_carea' id='block_1_45' title="bbox 397 2757 1979 2832">
    <p class='ocr_par' dir='ltr' id='par_1_45' title="bbox 397 2757 1979 2832">
     <span class='ocr_line' id='line_1_45' title="bbox 397 2757 1979 2832; baseline -0.004 -17"><span class='ocrx_word' id='word_1_298' title='bbox 397 2758 679 2832; x_wconf 79' lang='grc' dir='ltr'>τρυφεράς</span> <span class='ocrx_word' id='word_1_299' title='bbox 728 2757 914 2828; x_wconf 88' lang='grc' dir='ltr'>κύκλῳ</span> <span class='ocrx_word' id='word_1_300' title='bbox 963 2757 1362 2827; x_wconf 85' lang='grc' dir='ltr'>βλαστήσασαν.</span> <span class='ocrx_word' id='word_1_301' title='bbox 1412 2758 1771 2830; x_wconf 86' lang='grc' dir='ltr'>Μετειληφὼς</span> <span class='ocrx_word' id='word_1_302' title='bbox 1802 2762 1858 2816; x_wconf 77' lang='grc' dir='ltr'>δὲ</span> <span class='ocrx_word' id='word_1_303' title='bbox 1886 2765 1979 2819; x_wconf 77' lang='grc' dir='ltr'>τοῦ</span> 
     </span>
    </p>
   </div>
   <div class='ocr_carea' id='block_1_46' title="bbox 399 2844 1983 2915">
    <p class='ocr_par' dir='ltr' id='par_1_46' title="bbox 399 2844 1983 2915">
     <span class='ocr_line' id='line_1_46' title="bbox 399 2844 1983 2915; baseline 0.003 -14"><span class='ocrx_word' id='word_1_304' title='bbox 399 2849 569 2902; x_wconf 85' lang='grc' dir='ltr'>πότου</span> <span class='ocrx_word' id='word_1_305' title='bbox 597 2848 691 2900; x_wconf 77' lang='grc' dir='ltr'>καὶ</span> <span class='ocrx_word' id='word_1_306' title='bbox 736 2845 839 2913; x_wconf 85' lang='grc' dir='ltr'>τῆς</span> <span class='ocrx_word' id='word_1_307' title='bbox 897 2845 1103 2915; x_wconf 82' lang='grc' dir='ltr'>τροφῆς</span> <span class='ocrx_word' id='word_1_308' title='bbox 1136 2844 1249 2896; x_wconf 90' lang='grc' dir='ltr'>τῶν</span> <span class='ocrx_word' id='word_1_309' title='bbox 1278 2844 1573 2915; x_wconf 75' lang='grc' dir='ltr'>λαχάνων,</span> <span class='ocrx_word' id='word_1_310' title='bbox 1612 2847 1983 2906; x_wconf 85' lang='grc' dir='ltr'>διεϐεϐαιοῦτο</span> 
     </span>
    </p>
   </div>
   <div class='ocr_carea' id='block_1_47' title="bbox 400 2928 1981 3005">
    <p class='ocr_par' dir='ltr' id='par_1_47' title="bbox 400 2928 1981 3005">
     <span class='ocr_line' id='line_1_47' title="bbox 400 2928 1981 3005; baseline 0.004 -20"><span class='ocrx_word' id='word_1_311' title='bbox 400 2932 571 3003; x_wconf 84' lang='grc' dir='ltr'>μηδὲν</span> <span class='ocrx_word' id='word_1_312' title='bbox 602 2930 858 3002; x_wconf 84' lang='grc' dir='ltr'>ήδύτερον</span> <span class='ocrx_word' id='word_1_313' title='bbox 887 2930 1068 2983; x_wconf 86' lang='grc' dir='ltr'>αὐτῶν</span> <span class='ocrx_word' id='word_1_314' title='bbox 1099 2928 1319 2982; x_wconf 84' lang='grc' dir='ltr'>πώποτε</span> <span class='ocrx_word' id='word_1_315' title='bbox 1356 2930 1677 2998; x_wconf 86' lang='grc' dir='ltr'>γεύσασθαι.</span> <span class='ocrx_word' id='word_1_316' title='bbox 1709 2934 1981 3005; x_wconf 86' lang='grc' dir='ltr'>Σπήλαιον</span> 
     </span>
    </p>
   </div>
   <div class='ocr_carea' id='block_1_48' title="bbox 394 3015 1980 3093">
    <p class='ocr_par' dir='ltr' id='par_1_48' title="bbox 394 3015 1980 3093">
     <span class='ocr_line' id='line_1_48' title="bbox 394 3015 1980 3093; baseline 0.003 -19"><span class='ocrx_word' id='word_1_317' title='bbox 394 3021 456 3075; x_wconf 85' lang='grc' dir='ltr'>δὲ</span> <span class='ocrx_word' id='word_1_318' title='bbox 487 3018 665 3089; x_wconf 86' lang='grc' dir='ltr'>εὑρὼν</span> <span class='ocrx_word' id='word_1_319' title='bbox 698 3017 895 3089; x_wconf 82' lang='grc' dir='ltr'>μικρὸν</span> <span class='ocrx_word' id='word_1_320' title='bbox 948 3018 1008 3070; x_wconf 91' lang='grc' dir='ltr'>ἐν</span> <span class='ocrx_word' id='word_1_321' title='bbox 1051 3015 1129 3087; x_wconf 79' lang='grc' dir='ltr'>τῷ</span> <span class='ocrx_word' id='word_1_322' title='bbox 1161 3016 1331 3087; x_wconf 83' lang='grc' dir='ltr'>τόπῳ,</span> <span class='ocrx_word' id='word_1_323' title='bbox 1380 3016 1596 3087; x_wconf 84' lang='grc' dir='ltr'>ἔμεινεν</span> <span class='ocrx_word' id='word_1_324' title='bbox 1628 3021 1746 3075; x_wconf 81' lang='grc' dir='ltr'>ἐκεῖ</span> <span class='ocrx_word' id='word_1_325' title='bbox 1791 3024 1980 3093; x_wconf 83' lang='grc' dir='ltr'>ὀλίγας</span> 
     </span>
    </p>
   </div>
   <div class='ocr_carea' id='block_1_49' title="bbox 2083 1882 3655 1955">
    <p class='ocr_par' dir='ltr' id='par_1_49' title="bbox 2083 1882 3655 1955">
     <span class='ocr_line' id='line_1_49' title="bbox 2083 1882 3655 1955; baseline 0.003 -19"><span class='ocrx_word' id='word_1_326' title='bbox 2083 1901 2210 1937; x_wconf 88' lang='grc' dir='ltr'>στου</span> <span class='ocrx_word' id='word_1_327' title='bbox 2264 1884 2324 1937; x_wconf 89' lang='grc' dir='ltr'>ἐν</span> <span class='ocrx_word' id='word_1_328' title='bbox 2353 1882 2585 1954; x_wconf 88' lang='grc' dir='ltr'>κρυπτῷ</span> <span class='ocrx_word' id='word_1_329' title='bbox 2628 1882 2975 1953; x_wconf 89' lang='grc' dir='ltr'>βουλεύματα</span> <span class='ocrx_word' id='word_1_330' title='bbox 3016 1884 3266 1954; x_wconf 85' lang='grc' dir='ltr'>φανερῶς</span> <span class='ocrx_word' id='word_1_331' title='bbox 3295 1885 3655 1955; x_wconf 77' lang='grc' dir='ltr'>ἐξαγγέλλων.</span> 
     </span>
    </p>
   </div>
   <div class='ocr_carea' id='block_1_50' title="bbox 2082 1970 3656 2043">
    <p class='ocr_par' dir='ltr' id='par_1_50' title="bbox 2082 1970 3656 2043">
     <span class='ocr_line' id='line_1_50' title="bbox 2082 1970 3656 2043; baseline 0.001 -18"><span class='ocrx_word' id='word_1_332' title='bbox 2082 1972 2186 2025; x_wconf 74' lang='grc' dir='ltr'>Τὸν</span> <span class='ocrx_word' id='word_1_333' title='bbox 2238 1972 2336 2043; x_wconf 82' lang='grc' dir='ltr'>μὲν</span> <span class='ocrx_word' id='word_1_334' title='bbox 2391 1970 2497 2023; x_wconf 81' lang='grc' dir='ltr'>ὑπὸ</span> <span class='ocrx_word' id='word_1_335' title='bbox 2553 1970 2812 2035; x_wconf 89' lang='grc' dir='ltr'>πορνείας</span> <span class='ocrx_word' id='word_1_336' title='bbox 2860 1971 3192 2041; x_wconf 84' lang='grc' dir='ltr'>ἐνοχλεῖσθαι</span> <span class='ocrx_word' id='word_1_337' title='bbox 3229 1973 3425 2041; x_wconf 85' lang='grc' dir='ltr'>λέγων,</span> <span class='ocrx_word' id='word_1_338' title='bbox 3461 1973 3551 2028; x_wconf 79' lang='grc' dir='ltr'>τὸν</span> <span class='ocrx_word' id='word_1_339' title='bbox 3601 1975 3656 2029; x_wconf 65' lang='grc' dir='ltr'>δὲ</span> 
     </span>
    </p>
   </div>
   <div class='ocr_carea' id='block_1_51' title="bbox 2080 2058 3660 2129">
    <p class='ocr_par' dir='ltr' id='par_1_51' title="bbox 2080 2058 3660 2129">
     <span class='ocr_line' id='line_1_51' title="bbox 2080 2058 3660 2129; baseline 0.001 -15"><span class='ocrx_word' id='word_1_340' title='bbox 2080 2060 2186 2114; x_wconf 85' lang='grc' dir='ltr'>ὐπὸ</span> <span class='ocrx_word' id='word_1_341' title='bbox 2234 2058 2562 2124; x_wconf 76' lang='grc' dir='ltr'>κενοδοξίας,</span> <span class='ocrx_word' id='word_1_342' title='bbox 2611 2058 2769 2113; x_wconf 80' lang='grc' dir='ltr'>ἄλλον</span> <span class='ocrx_word' id='word_1_343' title='bbox 2819 2058 2920 2111; x_wconf 83' lang='grc' dir='ltr'>ὑπὸ</span> <span class='ocrx_word' id='word_1_344' title='bbox 2969 2059 3203 2128; x_wconf 82' lang='grc' dir='ltr'>τρυφῆς,</span> <span class='ocrx_word' id='word_1_345' title='bbox 3239 2058 3427 2129; x_wconf 74' lang='grc' dir='ltr'>ἕτερον</span> <span class='ocrx_word' id='word_1_346' title='bbox 3455 2060 3510 2115; x_wconf 84' lang='grc' dir='ltr'>δέ</span> <span class='ocrx_word' id='word_1_347' title='bbox 3554 2061 3660 2115; x_wconf 76' lang='grc' dir='ltr'>ὑπὸ</span> 
     </span>
    </p>
   </div>
   <div class='ocr_carea' id='block_1_52' title="bbox 2081 2147 3656 2220">
    <p class='ocr_par' dir='ltr' id='par_1_52' title="bbox 2081 2147 3656 2220">
     <span class='ocr_line' id='line_1_52' title="bbox 2081 2147 3656 2220; baseline 0 -17"><span class='ocrx_word' id='word_1_348' title='bbox 2081 2150 2274 2220; x_wconf 80' lang='grc' dir='ltr'>ὀργῆς,</span> <span class='ocrx_word' id='word_1_349' title='bbox 2301 2150 2394 2202; x_wconf 70' lang='grc' dir='ltr'>καὶ</span> <span class='ocrx_word' id='word_1_350' title='bbox 2422 2148 2482 2201; x_wconf 74' lang='grc' dir='ltr'>ὃν</span> <span class='ocrx_word' id='word_1_351' title='bbox 2508 2147 2607 2217; x_wconf 83' lang='grc' dir='ltr'>μὲν</span> <span class='ocrx_word' id='word_1_352' title='bbox 2633 2147 2831 2218; x_wconf 82' lang='grc' dir='ltr'>πρᾶον,</span> <span class='ocrx_word' id='word_1_353' title='bbox 2858 2147 2916 2199; x_wconf 80' lang='grc' dir='ltr'>ὃν</span> <span class='ocrx_word' id='word_1_354' title='bbox 2939 2148 2994 2200; x_wconf 78' lang='grc' dir='ltr'>δὲ</span> <span class='ocrx_word' id='word_1_355' title='bbox 3023 2148 3298 2218; x_wconf 70' lang='grc' dir='ltr'>εἰρηνικὸν</span> <span class='ocrx_word' id='word_1_356' title='bbox 3320 2150 3656 2218; x_wconf 83' lang='grc' dir='ltr'>ἀπεφήνατο.</span> 
     </span>
    </p>
   </div>
   <div class='ocr_carea' id='block_1_53' title="bbox 2082 2232 3655 2306">
    <p class='ocr_par' dir='ltr' id='par_1_53' title="bbox 2082 2232 3655 2306">
     <span class='ocr_line' id='line_1_53' title="bbox 2082 2232 3655 2306; baseline 0.001 -17"><span class='ocrx_word' id='word_1_357' title='bbox 2082 2235 2177 2289; x_wconf 79' lang='grc' dir='ltr'>καὶ</span> <span class='ocrx_word' id='word_1_358' title='bbox 2199 2234 2291 2288; x_wconf 89' lang='grc' dir='ltr'>τοῦ</span> <span class='ocrx_word' id='word_1_359' title='bbox 2325 2233 2424 2305; x_wconf 82' lang='grc' dir='ltr'>μὲν</span> <span class='ocrx_word' id='word_1_360' title='bbox 2441 2233 2539 2302; x_wconf 77' lang='grc' dir='ltr'>τὴν</span> <span class='ocrx_word' id='word_1_361' title='bbox 2570 2232 2791 2297; x_wconf 83' lang='grc' dir='ltr'>κακίαν,</span> <span class='ocrx_word' id='word_1_362' title='bbox 2816 2232 2911 2287; x_wconf 92' lang='grc' dir='ltr'>τοῦ</span> <span class='ocrx_word' id='word_1_363' title='bbox 2929 2234 2984 2287; x_wconf 83' lang='grc' dir='ltr'>δὲ</span> <span class='ocrx_word' id='word_1_364' title='bbox 3006 2235 3105 2297; x_wconf 81' lang='grc' dir='ltr'>τὰς</span> <span class='ocrx_word' id='word_1_365' title='bbox 3123 2235 3655 2306; x_wconf 81' lang='grc' dir='ltr'>ἀρετάςέξελέγχων.</span> 
     </span>
    </p>
   </div>
   <div class='ocr_carea' id='block_1_54' title="bbox 2093 2320 3658 2395">
    <p class='ocr_par' dir='ltr' id='par_1_54' title="bbox 2093 2320 3658 2395">
     <span class='ocr_line' id='line_1_54' title="bbox 2093 2320 3658 2395; baseline 0.001 -19"><span class='ocrx_word' id='word_1_366' title='bbox 2093 2323 2406 2386; x_wconf 81' lang='grc' dir='ltr'>Ἀκούοντες</span> <span class='ocrx_word' id='word_1_367' title='bbox 2462 2322 2518 2377; x_wconf 80' lang='grc' dir='ltr'>δὲ</span> <span class='ocrx_word' id='word_1_368' title='bbox 2564 2321 2738 2376; x_wconf 89' lang='grc' dir='ltr'>ταῦτα</span> <span class='ocrx_word' id='word_1_369' title='bbox 2794 2320 3107 2391; x_wconf 83' lang='grc' dir='ltr'>ἐθαύμαζον</span> <span class='ocrx_word' id='word_1_370' title='bbox 3154 2323 3399 2392; x_wconf 81' lang='grc' dir='ltr'>λέγοντες</span> <span class='ocrx_word' id='word_1_371' title='bbox 3444 2324 3658 2395; x_wconf 87' lang='grc' dir='ltr'>ἀληθῶς</span> 
     </span>
    </p>
   </div>
   <div class='ocr_carea' id='block_1_55' title="bbox 2078 2406 3657 2482">
    <p class='ocr_par' dir='ltr' id='par_1_55' title="bbox 2078 2406 3657 2482">
     <span class='ocr_line' id='line_1_55' title="bbox 2078 2406 3657 2482; baseline 0.003 -20"><span class='ocrx_word' id='word_1_372' title='bbox 2078 2410 2251 2472; x_wconf 78' lang='grc' dir='ltr'>οὕτως</span> <span class='ocrx_word' id='word_1_373' title='bbox 2308 2406 2472 2464; x_wconf 74' lang='grc' dir='ltr'>εἶναι.</span> <span class='ocrx_word' id='word_1_374' title='bbox 2534 2406 2669 2463; x_wconf 86' lang='grc' dir='ltr'>Εἷπε</span> <span class='ocrx_word' id='word_1_375' title='bbox 2715 2408 2773 2463; x_wconf 85' lang='grc' dir='ltr'>δέ</span> <span class='ocrx_word' id='word_1_376' title='bbox 2831 2409 2969 2479; x_wconf 85' lang='grc' dir='ltr'>πρὸς</span> <span class='ocrx_word' id='word_1_377' title='bbox 3022 2409 3255 2474; x_wconf 75' lang='grc' dir='ltr'>αὐτούς’</span> <span class='ocrx_word' id='word_1_378' title='bbox 3302 2411 3657 2482; x_wconf 82' lang='grc' dir='ltr'>Ἑτοιμάσατε</span> 
     </span>
    </p>
   </div>
   <div class='ocr_carea' id='block_1_56' title="bbox 2081 2496 3657 2569">
    <p class='ocr_par' dir='ltr' id='par_1_56' title="bbox 2081 2496 3657 2569">
     <span class='ocr_line' id='line_1_56' title="bbox 2081 2496 3657 2569; baseline 0.003 -20"><span class='ocrx_word' id='word_1_379' title='bbox 2081 2500 2212 2567; x_wconf 89' lang='grc' dir='ltr'>ήμῖν</span> <span class='ocrx_word' id='word_1_380' title='bbox 2258 2497 2502 2568; x_wconf 85' lang='grc' dir='ltr'>λάχανα·</span> <span class='ocrx_word' id='word_1_381' title='bbox 2574 2496 2885 2550; x_wconf 84' lang='grc' dir='ltr'>ἐλεύσονται</span> <span class='ocrx_word' id='word_1_382' title='bbox 2939 2496 3047 2568; x_wconf 86' lang='grc' dir='ltr'>γὰρ</span> <span class='ocrx_word' id='word_1_383' title='bbox 3120 2500 3362 2569; x_wconf 84' lang='grc' dir='ltr'>σήμερον</span> <span class='ocrx_word' id='word_1_384' title='bbox 3413 2498 3657 2566; x_wconf 87' lang='grc' dir='ltr'>πλείονες</span> 
     </span>
    </p>
   </div>
   <div class='ocr_carea' id='block_1_57' title="bbox 2081 2583 3656 2657">
    <p class='ocr_par' dir='ltr' id='par_1_57' title="bbox 2081 2583 3656 2657">
     <span class='ocr_line' id='line_1_57' title="bbox 2081 2583 3656 2657; baseline 0.002 -19"><span class='ocrx_word' id='word_1_385' title='bbox 2081 2585 2302 2654; x_wconf 72' lang='grc' dir='ltr'>ἀδελφοὶ</span> <span class='ocrx_word' id='word_1_386' title='bbox 2353 2583 2492 2657; x_wconf 81' lang='grc' dir='ltr'>πρὸς</span> <span class='ocrx_word' id='word_1_387' title='bbox 2519 2586 2689 2654; x_wconf 85' lang='grc' dir='ltr'>ήμᾶς.</span> <span class='ocrx_word' id='word_1_388' title='bbox 2742 2586 2805 2638; x_wconf 71' lang='lat' dir='ltr'>Ol</span> <span class='ocrx_word' id='word_1_389' title='bbox 2838 2584 2895 2637; x_wconf 80' lang='grc' dir='ltr'>δὲ</span> <span class='ocrx_word' id='word_1_390' title='bbox 2950 2584 3025 2648; x_wconf 88' lang='grc' dir='ltr'>ώς</span> <span class='ocrx_word' id='word_1_391' title='bbox 3057 2585 3136 2638; x_wconf 77' lang='grc' dir='ltr'>ἐτι</span> <span class='ocrx_word' id='word_1_392' title='bbox 3165 2586 3495 2657; x_wconf 79' lang='grc' dir='ltr'>ηὐτρέπιζον</span> <span class='ocrx_word' id='word_1_393' title='bbox 3532 2587 3656 2641; x_wconf 83' lang='grc' dir='ltr'>ἐπι-</span> 
     </span>
    </p>
   </div>
   <div class='ocr_carea' id='block_1_58' title="bbox 2083 2673 3416 2743">
    <p class='ocr_par' dir='ltr' id='par_1_58' title="bbox 2083 2673 3416 2743">
     <span class='ocr_line' id='line_1_58' title="bbox 2083 2673 3416 2743; baseline 0.002 -14"><span class='ocrx_word' id='word_1_394' title='bbox 2083 2676 2326 2729; x_wconf 88' lang='grc' dir='ltr'>στάντων</span> <span class='ocrx_word' id='word_1_395' title='bbox 2350 2673 2458 2727; x_wconf 89' lang='grc' dir='ltr'>τῶν</span> <span class='ocrx_word' id='word_1_396' title='bbox 2487 2673 2762 2742; x_wconf 88' lang='grc' dir='ltr'>ἀδελφῶν,</span> <span class='ocrx_word' id='word_1_397' title='bbox 2790 2673 3057 2743; x_wconf 85' lang='grc' dir='ltr'>ἀλλήλους</span> <span class='ocrx_word' id='word_1_398' title='bbox 3088 2674 3416 2743; x_wconf 77' lang='grc' dir='ltr'>ἠσπάζοντο.</span> 
     </span>
    </p>
   </div>
   <div class='ocr_carea' id='block_1_59' title="bbox 2163 2761 3657 2834">
    <p class='ocr_par' dir='ltr' id='par_1_59' title="bbox 2163 2761 3657 2834">
     <span class='ocr_line' id='line_1_59' title="bbox 2163 2761 3657 2834; baseline 0.001 -17"><span class='ocrx_word' id='word_1_399' title='bbox 2163 2762 2344 2828; x_wconf 78' lang='grc' dir='ltr'>Ἦξίου</span> <span class='ocrx_word' id='word_1_400' title='bbox 2362 2762 2420 2815; x_wconf 84' lang='grc' dir='ltr'>δέ</span> <span class='ocrx_word' id='word_1_401' title='bbox 2440 2780 2524 2825; x_wconf 88' lang='grc' dir='ltr'>τις</span> <span class='ocrx_word' id='word_1_402' title='bbox 2551 2762 2731 2818; x_wconf 87' lang='grc' dir='ltr'>αὐτῶν</span> <span class='ocrx_word' id='word_1_403' title='bbox 2755 2761 2866 2815; x_wconf 90' lang='grc' dir='ltr'>τῶν</span> <span class='ocrx_word' id='word_1_404' title='bbox 2891 2762 3157 2834; x_wconf 87' lang='grc' dir='ltr'>ἀδελφῶν,</span> <span class='ocrx_word' id='word_1_405' title='bbox 3183 2765 3489 2833; x_wconf 86' lang='grc' dir='ltr'>συνδιὰγειν</span> <span class='ocrx_word' id='word_1_406' title='bbox 3509 2764 3657 2834; x_wconf 85' lang='grc' dir='ltr'>αὐτῷ</span> 
     </span>
    </p>
   </div>
   <div class='ocr_carea' id='block_1_60' title="bbox 2080 2847 3655 2923">
    <p class='ocr_par' dir='ltr' id='par_1_60' title="bbox 2080 2847 3655 2923">
     <span class='ocr_line' id='line_1_60' title="bbox 2080 2847 3655 2923; baseline 0.003 -22"><span class='ocrx_word' id='word_1_407' title='bbox 2080 2851 2140 2904; x_wconf 86' lang='grc' dir='ltr'>ἐν</span> <span class='ocrx_word' id='word_1_408' title='bbox 2172 2852 2239 2920; x_wconf 80' lang='grc' dir='ltr'>τῇ</span> <span class='ocrx_word' id='word_1_409' title='bbox 2292 2849 2489 2920; x_wconf 84' lang='grc' dir='ltr'>ἐρήμῳ</span> <span class='ocrx_word' id='word_1_410' title='bbox 2542 2847 2891 2918; x_wconf 88' lang='grc' dir='ltr'>βουλόμενος.</span> <span class='ocrx_word' id='word_1_411' title='bbox 2945 2849 3210 2918; x_wconf 84' lang='grc' dir='ltr'>Λέγοντος</span> <span class='ocrx_word' id='word_1_412' title='bbox 3247 2850 3302 2903; x_wconf 83' lang='grc' dir='ltr'>δὲ</span> <span class='ocrx_word' id='word_1_413' title='bbox 3361 2850 3526 2904; x_wconf 89' lang='grc' dir='ltr'>αὐτοῦ</span> <span class='ocrx_word' id='word_1_414' title='bbox 3580 2851 3655 2923; x_wconf 82' lang='grc' dir='ltr'>μὴ</span> 
     </span>
    </p>
   </div>
   <div class='ocr_carea' id='block_1_61' title="bbox 2081 2938 3654 3011">
    <p class='ocr_par' dir='ltr' id='par_1_61' title="bbox 2081 2938 3654 3011">
     <span class='ocr_line' id='line_1_61' title="bbox 2081 2938 3654 3011; baseline 0 -17"><span class='ocrx_word' id='word_1_415' title='bbox 2081 2938 2341 2994; x_wconf 87' lang='grc' dir='ltr'>δύνασθαι</span> <span class='ocrx_word' id='word_1_416' title='bbox 2367 2939 2692 3007; x_wconf 86' lang='grc' dir='ltr'>ὑπενεγκεῖν</span> <span class='ocrx_word' id='word_1_417' title='bbox 2713 2939 2840 3003; x_wconf 83' lang='grc' dir='ltr'>τούς</span> <span class='ocrx_word' id='word_1_418' title='bbox 2861 2940 3204 3011; x_wconf 84' lang='grc' dir='ltr'>πειρασμούς</span> <span class='ocrx_word' id='word_1_419' title='bbox 3226 2940 3335 2995; x_wconf 91' lang='grc' dir='ltr'>τῶν</span> <span class='ocrx_word' id='word_1_420' title='bbox 3360 2940 3654 3011; x_wconf 78' lang='grc' dir='ltr'>δαιμόνων,</span> 
     </span>
    </p>
   </div>
   <div class='ocr_carea' id='block_1_62' title="bbox 2099 3027 3657 3097">
    <p class='ocr_par' dir='ltr' id='par_1_62' title="bbox 2099 3027 3657 3097">
     <span class='ocr_line' id='line_1_62' title="bbox 2099 3027 3657 3097; baseline 0.002 -18"><span class='ocrx_word' id='word_1_421' title='bbox 2099 3027 2532 3097; x_wconf 85' lang='grc' dir='ltr'>φιλονεικότερον</span> <span class='ocrx_word' id='word_1_422' title='bbox 2563 3027 2770 3091; x_wconf 88' lang='grc' dir='ltr'>ἐκεῖνος</span> <span class='ocrx_word' id='word_1_423' title='bbox 2799 3027 3089 3094; x_wconf 71' lang='grc' dir='ltr'>διατεθεὶς,</span> <span class='ocrx_word' id='word_1_424' title='bbox 3123 3029 3301 3082; x_wconf 89' lang='grc' dir='ltr'>πάντα</span> <span class='ocrx_word' id='word_1_425' title='bbox 3336 3028 3657 3097; x_wconf 86' lang='grc' dir='ltr'>ὑπενεγκεῖν</span> 
     </span>
    </p>
   </div>
   <div class='ocr_carea' id='block_1_63' title="bbox 396 3106 3658 3203">
    <p class='ocr_par' dir='ltr' id='par_1_63' title="bbox 396 3106 3658 3203">
     <span class='ocr_line' id='line_1_63' title="bbox 396 3106 3658 3203; baseline 0.004 -45"><span class='ocrx_word' id='word_1_426' title='bbox 396 3109 615 3203; x_wconf 72' lang='grc' dir='ltr'>ἡμέρας</span> <span class='ocrx_word' id='word_1_427' title='bbox 643 3109 849 3203; x_wconf 31' lang='grc' dir='ltr'>ἄσιτοής.</span> <span class='ocrx_word' id='word_1_428' title='bbox 888 3106 977 3170; x_wconf 85' lang='grc' dir='ltr'>Ὠς</span> <span class='ocrx_word' id='word_1_429' title='bbox 999 3106 1501 3203; x_wconf 28' lang='grc' dir='ltr'>δέᾄλοιπδνὲτροφῆς</span> <span class='ocrx_word' id='word_1_430' title='bbox 1542 3110 1741 3177; x_wconf 80' lang='grc' dir='ltr'>ἐδέετο,</span> <span class='ocrx_word' id='word_1_431' title='bbox 1780 3114 1971 3179; x_wconf 85' lang='grc' dir='ltr'>κλίνας</span> <span class='ocrx_word' id='word_1_432' title='bbox 2003 3146 2044 3203; x_wconf 73' lang='lat' dir='ltr'>C</span> <span class='ocrx_word' id='word_1_433' title='bbox 2083 3114 2473 3185; x_wconf 86' lang='grc' dir='ltr'>ἐπηγγέλλετο.</span> <span class='ocrx_word' id='word_1_434' title='bbox 2502 3114 2615 3168; x_wconf 76' lang='grc' dir='ltr'>Καὶ</span> <span class='ocrx_word' id='word_1_435' title='bbox 2642 3114 2706 3187; x_wconf 84' lang='grc' dir='ltr'>δὴ</span> <span class='ocrx_word' id='word_1_436' title='bbox 2739 3115 3139 3203; x_wconf 81' lang='grc' dir='ltr'>ὑποδεξάμενος</span> <span class='ocrx_word' id='word_1_437' title='bbox 3174 3116 3337 3170; x_wconf 81' lang='grc' dir='ltr'>αὐτὸν</span> <span class='ocrx_word' id='word_1_438' title='bbox 3359 3117 3441 3179; x_wconf 89' lang='grc' dir='ltr'>είς</span> <span class='ocrx_word' id='word_1_439' title='bbox 3470 3116 3658 3186; x_wconf 72' lang='grc' dir='ltr'>ἕτερον</span> 
     </span>
    </p>
   </div>
   <div class='ocr_carea' id='block_1_64' title="bbox 397 3195 3657 3275">
    <p class='ocr_par' dir='ltr' id='par_1_64' title="bbox 397 3195 3657 3275">
     <span class='ocr_line' id='line_1_64' title="bbox 397 3195 3657 3275; baseline 0.002 -23"><span class='ocrx_word' id='word_1_440' title='bbox 397 3200 466 3252; x_wconf 75' lang='grc' dir='ltr'>τά</span> <span class='ocrx_word' id='word_1_441' title='bbox 493 3197 698 3267; x_wconf 85' lang='grc' dir='ltr'>γόνατα</span> <span class='ocrx_word' id='word_1_442' title='bbox 746 3195 967 3267; x_wconf 72' lang='grc' dir='ltr'>ηὔχετο.</span> <span class='ocrx_word' id='word_1_443' title='bbox 1039 3196 1215 3260; x_wconf 79' lang='grc' dir='ltr'>Εὐθὺς</span> <span class='ocrx_word' id='word_1_444' title='bbox 1260 3195 1315 3248; x_wconf 87' lang='grc' dir='ltr'>δὲ</span> <span class='ocrx_word' id='word_1_445' title='bbox 1353 3197 1504 3266; x_wconf 86' lang='grc' dir='ltr'>αὐτῷ</span> <span class='ocrx_word' id='word_1_446' title='bbox 1549 3201 1727 3257; x_wconf 87' lang='grc' dir='ltr'>πάντα</span> <span class='ocrx_word' id='word_1_447' title='bbox 1761 3204 1829 3259; x_wconf 76' lang='grc' dir='ltr'>τά</span> <span class='ocrx_word' id='word_1_448' title='bbox 1865 3206 1975 3260; x_wconf 89' lang='grc' dir='ltr'>τῶν</span> <span class='ocrx_word' id='word_1_449' title='bbox 2009 3195 2044 3203; x_wconf 38' lang='grc'><em>⁷</em></span> <span class='ocrx_word' id='word_1_450' title='bbox 2082 3203 2346 3270; x_wconf 88' lang='grc' dir='ltr'>σπήλαιον</span> <span class='ocrx_word' id='word_1_451' title='bbox 2365 3202 2538 3255; x_wconf 76' lang='grc' dir='ltr'>οἰκεῖν</span> <span class='ocrx_word' id='word_1_452' title='bbox 2557 3201 2972 3271; x_wconf 84' lang='grc' dir='ltr'>παρεκελεύετο.</span> <span class='ocrx_word' id='word_1_453' title='bbox 3004 3204 3423 3268; x_wconf 83' lang='grc' dir='ltr'>Ἐπιστάντεςδέ</span> <span class='ocrx_word' id='word_1_454' title='bbox 3443 3204 3657 3275; x_wconf 86' lang='grc' dir='ltr'>νύκτωρ</span> 
     </span>
    </p>
   </div>
   <div class='ocr_carea' id='block_1_65' title="bbox 400 3282 1973 3362">
    <p class='ocr_par' dir='ltr' id='par_1_65' title="bbox 400 3282 1973 3362">
     <span class='ocr_line' id='line_1_65' title="bbox 400 3282 1973 3362; baseline 0.007 -24"><span class='ocrx_word' id='word_1_455' title='bbox 400 3285 701 3355; x_wconf 90' lang='grc' dir='ltr'>βρωσίμων</span> <span class='ocrx_word' id='word_1_456' title='bbox 731 3286 1083 3355; x_wconf 78' lang='grc' dir='ltr'>παρέκειντο,</span> <span class='ocrx_word' id='word_1_457' title='bbox 1115 3284 1207 3337; x_wconf 76' lang='grc' dir='ltr'>καὶ</span> <span class='ocrx_word' id='word_1_458' title='bbox 1235 3282 1391 3355; x_wconf 83' lang='grc' dir='ltr'>ἄρτοι</span> <span class='ocrx_word' id='word_1_459' title='bbox 1416 3284 1627 3357; x_wconf 80' lang='grc' dir='ltr'>θερμοὶ,</span> <span class='ocrx_word' id='word_1_460' title='bbox 1658 3290 1751 3343; x_wconf 80' lang='grc' dir='ltr'>καὶ</span> <span class='ocrx_word' id='word_1_461' title='bbox 1774 3292 1973 3362; x_wconf 89' lang='grc' dir='ltr'>ἐλαῖαι,</span> 
     </span>
    </p>
   </div>
   <div class='ocr_carea' id='block_1_66' title="bbox 396 3372 1139 3445">
    <p class='ocr_par' dir='ltr' id='par_1_66' title="bbox 396 3372 1139 3445">
     <span class='ocr_line' id='line_1_66' title="bbox 396 3372 1139 3445; baseline -0.004 -16"><span class='ocrx_word' id='word_1_462' title='bbox 396 3376 495 3429; x_wconf 76' lang='grc' dir='ltr'>καὶ</span> <span class='ocrx_word' id='word_1_463' title='bbox 522 3375 715 3445; x_wconf 80' lang='grc' dir='ltr'>ὀπώρα</span> <span class='ocrx_word' id='word_1_464' title='bbox 742 3391 830 3436; x_wconf 90' lang='grc' dir='ltr'>τις</span> <span class='ocrx_word' id='word_1_465' title='bbox 864 3372 1139 3443; x_wconf 90' lang='grc' dir='ltr'>διάφορος.</span> 
     </span>
    </p>
   </div>
   <div class='ocr_carea' id='block_1_67' title="bbox 480 3459 1977 3534">
    <p class='ocr_par' dir='ltr' id='par_1_67' title="bbox 480 3459 1977 3534">
     <span class='ocr_line' id='line_1_67' title="bbox 480 3459 1977 3534; baseline 0.003 -19"><span class='ocrx_word' id='word_1_466' title='bbox 480 3460 855 3529; x_wconf 86' lang='grc' dir='ltr'>Ἐπεσκέψατο</span> <span class='ocrx_word' id='word_1_467' title='bbox 893 3459 949 3512; x_wconf 89' lang='grc' dir='ltr'>δέ</span> <span class='ocrx_word' id='word_1_468' title='bbox 979 3476 1106 3515; x_wconf 87' lang='grc' dir='ltr'>ποτε</span> <span class='ocrx_word' id='word_1_469' title='bbox 1146 3459 1271 3523; x_wconf 85' lang='grc' dir='ltr'>τοὺς</span> <span class='ocrx_word' id='word_1_470' title='bbox 1331 3460 1528 3514; x_wconf 86' lang='grc' dir='ltr'>ἐαυτοῦ</span> <span class='ocrx_word' id='word_1_471' title='bbox 1569 3463 1852 3534; x_wconf 79' lang='grc' dir='ltr'>ἀδελφοὺς,</span> <span class='ocrx_word' id='word_1_472' title='bbox 1884 3466 1977 3532; x_wconf 77' lang='grc' dir='ltr'>οὓς</span> 
     </span>
    </p>
   </div>
   <div class='ocr_carea' id='block_1_68' title="bbox 400 3546 1974 3620">
    <p class='ocr_par' dir='ltr' id='par_1_68' title="bbox 400 3546 1974 3620">
     <span class='ocr_line' id='line_1_68' title="bbox 400 3546 1974 3620; baseline 0.004 -18"><span class='ocrx_word' id='word_1_473' title='bbox 400 3549 499 3605; x_wconf 72' lang='grc' dir='ltr'>καὶ</span> <span class='ocrx_word' id='word_1_474' title='bbox 554 3547 727 3602; x_wconf 89' lang='grc' dir='ltr'>πολλά</span> <span class='ocrx_word' id='word_1_475' title='bbox 763 3546 1091 3618; x_wconf 90' lang='grc' dir='ltr'>νουθετήσας</span> <span class='ocrx_word' id='word_1_476' title='bbox 1143 3546 1238 3600; x_wconf 80' lang='grc' dir='ltr'>ἐπὶ</span> <span class='ocrx_word' id='word_1_477' title='bbox 1289 3548 1388 3616; x_wconf 83' lang='grc' dir='ltr'>τὴν</span> <span class='ocrx_word' id='word_1_478' title='bbox 1440 3548 1647 3620; x_wconf 74' lang='grc' dir='ltr'>ἔρημον</span> <span class='ocrx_word' id='word_1_479' title='bbox 1696 3551 1974 3619; x_wconf 77' lang='grc' dir='ltr'>ἔσπευδεν,</span> 
     </span>
    </p>
   </div>
   <div class='ocr_carea' id='block_1_69' title="bbox 397 3635 1973 3711">
    <p class='ocr_par' dir='ltr' id='par_1_69' title="bbox 397 3635 1973 3711">
     <span class='ocr_line' id='line_1_69' title="bbox 397 3635 1973 3711; baseline 0.004 -22"><span class='ocrx_word' id='word_1_480' title='bbox 397 3635 862 3707; x_wconf 80' lang='grc' dir='ltr'>ἐπικομιζόμενός</span> <span class='ocrx_word' id='word_1_481' title='bbox 893 3653 1014 3689; x_wconf 88' lang='grc' dir='ltr'>τινα</span> <span class='ocrx_word' id='word_1_482' title='bbox 1029 3635 1136 3688; x_wconf 90' lang='grc' dir='ltr'>τῶν</span> <span class='ocrx_word' id='word_1_483' title='bbox 1179 3637 1260 3699; x_wconf 86' lang='grc' dir='ltr'>είς</span> <span class='ocrx_word' id='word_1_484' title='bbox 1292 3637 1391 3700; x_wconf 85' lang='grc' dir='ltr'>τὰς</span> <span class='ocrx_word' id='word_1_485' title='bbox 1422 3639 1606 3707; x_wconf 86' lang='grc' dir='ltr'>χρείας</span> <span class='ocrx_word' id='word_1_486' title='bbox 1634 3640 1973 3711; x_wconf 85' lang='grc' dir='ltr'>ἐπιτηδείων.</span> 
     </span>
    </p>
   </div>
   <div class='ocr_carea' id='block_1_70' title="bbox 408 3724 1978 3801">
    <p class='ocr_par' dir='ltr' id='par_1_70' title="bbox 408 3724 1978 3801">
     <span class='ocr_line' id='line_1_70' title="bbox 408 3724 1978 3801; baseline 0.003 -21"><span class='ocrx_word' id='word_1_487' title='bbox 408 3727 557 3780; x_wconf 80' lang='grc' dir='ltr'>Ἰδὼν</span> <span class='ocrx_word' id='word_1_488' title='bbox 600 3726 657 3780; x_wconf 80' lang='grc' dir='ltr'>δὲ</span> <span class='ocrx_word' id='word_1_489' title='bbox 718 3727 983 3796; x_wconf 85' lang='grc' dir='ltr'>ὀνάγρους</span> <span class='ocrx_word' id='word_1_490' title='bbox 1034 3724 1187 3788; x_wconf 76' lang='grc' dir='ltr'>τινάς</span> <span class='ocrx_word' id='word_1_491' title='bbox 1240 3724 1599 3796; x_wconf 85' lang='grc' dir='ltr'>βοσκομένας,</span> <span class='ocrx_word' id='word_1_492' title='bbox 1651 3731 1784 3800; x_wconf 68' lang='grc' dir='ltr'>φησ)⁸</span> <span class='ocrx_word' id='word_1_493' title='bbox 1841 3731 1978 3801; x_wconf 78' lang='grc' dir='ltr'>πρὸς</span> 
     </span>
    </p>
   </div>
   <div class='ocr_carea' id='block_1_71' title="bbox 394 3812 1977 3890">
    <p class='ocr_par' dir='ltr' id='par_1_71' title="bbox 394 3812 1977 3890">
     <span class='ocr_line' id='line_1_71' title="bbox 394 3812 1977 3890; baseline 0.004 -22"><span class='ocrx_word' id='word_1_494' title='bbox 394 3816 567 3880; x_wconf 88' lang='grc' dir='ltr'>αὐτάς</span> <span class='ocrx_word' id='word_1_495' title='bbox 592 3831 607 3847; x_wconf 76' lang='grc'><strong><em>⁸</em></strong></span> <span class='ocrx_word' id='word_1_496' title='bbox 642 3815 731 3869; x_wconf 88' lang='grc' dir='ltr'>Ἐν</span> <span class='ocrx_word' id='word_1_497' title='bbox 769 3815 996 3884; x_wconf 90' lang='grc' dir='ltr'>ὀνόματι</span> <span class='ocrx_word' id='word_1_498' title='bbox 1025 3812 1121 3866; x_wconf 90' lang='grc' dir='ltr'>τοῦ</span> <span class='ocrx_word' id='word_1_499' title='bbox 1149 3813 1385 3884; x_wconf 78' lang='grc' dir='ltr'>Χριστοῦ</span> <span class='ocrx_word' id='word_1_500' title='bbox 1410 3816 1591 3885; x_wconf 86' lang='grc' dir='ltr'>ήκέτω</span> <span class='ocrx_word' id='word_1_501' title='bbox 1628 3819 1724 3887; x_wconf 89' lang='grc' dir='ltr'>μία</span> <span class='ocrx_word' id='word_1_502' title='bbox 1746 3818 1804 3884; x_wconf 84' lang='grc' dir='ltr'>ἐξ</span> <span class='ocrx_word' id='word_1_503' title='bbox 1825 3820 1977 3890; x_wconf 89' lang='grc' dir='ltr'>ὐμῶν</span> 
     </span>
    </p>
   </div>
   <div class='ocr_carea' id='block_1_72' title="bbox 394 3900 1978 3974">
    <p class='ocr_par' dir='ltr' id='par_1_72' title="bbox 394 3900 1978 3974">
     <span class='ocr_line' id='line_1_72' title="bbox 394 3900 1978 3974; baseline 0.004 -17"><span class='ocrx_word' id='word_1_504' title='bbox 394 3902 773 3974; x_wconf 81' lang='grc' dir='ltr'>ὑποδεξαμένη</span> <span class='ocrx_word' id='word_1_505' title='bbox 814 3920 912 3971; x_wconf 88' lang='grc' dir='ltr'>μου</span> <span class='ocrx_word' id='word_1_506' title='bbox 943 3901 1003 3954; x_wconf 86' lang='grc' dir='ltr'>τὸ</span> <span class='ocrx_word' id='word_1_507' title='bbox 1045 3901 1231 3971; x_wconf 88' lang='grc' dir='ltr'>βάρος.</span> <span class='ocrx_word' id='word_1_508' title='bbox 1280 3900 1343 3953; x_wconf 84' lang='grc' dir='ltr'><strong><em>Ἢ</em></strong></span> <span class='ocrx_word' id='word_1_509' title='bbox 1373 3902 1430 3955; x_wconf 85' lang='grc' dir='ltr'>δέ</span> <span class='ocrx_word' id='word_1_510' title='bbox 1475 3903 1637 3968; x_wconf 84' lang='grc' dir='ltr'>εὐθὺς</span> <span class='ocrx_word' id='word_1_511' title='bbox 1686 3908 1775 3959; x_wconf 84' lang='grc' dir='ltr'>ἐπ’</span> <span class='ocrx_word' id='word_1_512' title='bbox 1815 3909 1978 3964; x_wconf 74' lang='grc' dir='ltr'>αὐτὸν</span> 
     </span>
    </p>
   </div>
   <div class='ocr_carea' id='block_1_73' title="bbox 396 3988 1978 4064">
    <p class='ocr_par' dir='ltr' id='par_1_73' title="bbox 396 3988 1978 4064">
     <span class='ocr_line' id='line_1_73' title="bbox 396 3988 1978 4064; baseline 0.002 -17"><span class='ocrx_word' id='word_1_513' title='bbox 396 3993 680 4064; x_wconf 81' lang='grc' dir='ltr'>ὥρμησεν.</span> <span class='ocrx_word' id='word_1_514' title='bbox 744 3989 986 4052; x_wconf 74' lang='grc' dir='ltr'>Ἐπιθεὶς</span> <span class='ocrx_word' id='word_1_515' title='bbox 1022 3989 1080 4042; x_wconf 86' lang='grc' dir='ltr'>δέ</span> <span class='ocrx_word' id='word_1_516' title='bbox 1117 3988 1253 4060; x_wconf 84' lang='grc' dir='ltr'>αὐτῇ</span> <span class='ocrx_word' id='word_1_517' title='bbox 1280 3990 1350 4042; x_wconf 89' lang='grc' dir='ltr'>τά</span> <span class='ocrx_word' id='word_1_518' title='bbox 1384 3990 1575 4061; x_wconf 88' lang='grc' dir='ltr'>σκεύη,</span> <span class='ocrx_word' id='word_1_519' title='bbox 1610 3994 1704 4046; x_wconf 73' lang='grc' dir='ltr'>καὶ</span> <span class='ocrx_word' id='word_1_520' title='bbox 1730 3997 1978 4050; x_wconf 85' lang='grc' dir='ltr'>ἐπικαθί-</span> 
     </span>
    </p>
   </div>
   <div class='ocr_carea' id='block_1_74' title="bbox 398 4072 1979 4143">
    <p class='ocr_par' dir='ltr' id='par_1_74' title="bbox 398 4072 1979 4143">
     <span class='ocr_line' id='line_1_74' title="bbox 398 4072 1979 4143; baseline 0 -12"><span class='ocrx_word' id='word_1_521' title='bbox 398 4093 522 4141; x_wconf 92' lang='grc' dir='ltr'>σας,</span> <span class='ocrx_word' id='word_1_522' title='bbox 553 4076 612 4127; x_wconf 83' lang='grc' dir='ltr'>ἐν</span> <span class='ocrx_word' id='word_1_523' title='bbox 646 4072 943 4143; x_wconf 84' lang='grc' dir='ltr'>μονημέρῳ</span> <span class='ocrx_word' id='word_1_524' title='bbox 965 4072 1058 4125; x_wconf 71' lang='grc' dir='ltr'>ἐπὶ</span> <span class='ocrx_word' id='word_1_525' title='bbox 1079 4072 1140 4125; x_wconf 84' lang='grc' dir='ltr'>τὸ</span> <span class='ocrx_word' id='word_1_526' title='bbox 1165 4072 1429 4142; x_wconf 87' lang='grc' dir='ltr'>σπήλαιον</span> <span class='ocrx_word' id='word_1_527' title='bbox 1448 4073 1669 4142; x_wconf 82' lang='grc' dir='ltr'>ἔφθασε.</span> <span class='ocrx_word' id='word_1_528' title='bbox 1693 4078 1979 4143; x_wconf 86' lang='grc' dir='ltr'>Διαθέντος</span> 
     </span>
    </p>
   </div>
   <div class='ocr_carea' id='block_1_75' title="bbox 394 4160 1976 4238">
    <p class='ocr_par' dir='ltr' id='par_1_75' title="bbox 394 4160 1976 4238">
     <span class='ocr_line' id='line_1_75' title="bbox 394 4160 1976 4238; baseline -0.001 -19"><span class='ocrx_word' id='word_1_529' title='bbox 394 4164 452 4219; x_wconf 83' lang='grc' dir='ltr'>δέ</span> <span class='ocrx_word' id='word_1_530' title='bbox 482 4160 649 4217; x_wconf 88' lang='grc' dir='ltr'>αὐτοῦ</span> <span class='ocrx_word' id='word_1_531' title='bbox 680 4160 808 4223; x_wconf 85' lang='grc' dir='ltr'>τούς</span> <span class='ocrx_word' id='word_1_532' title='bbox 832 4160 1033 4227; x_wconf 79' lang='grc' dir='ltr'>ἄρτους</span> <span class='ocrx_word' id='word_1_533' title='bbox 1062 4161 1157 4213; x_wconf 78' lang='grc' dir='ltr'>καὶ</span> <span class='ocrx_word' id='word_1_534' title='bbox 1186 4160 1285 4224; x_wconf 88' lang='grc' dir='ltr'>τάς</span> <span class='ocrx_word' id='word_1_535' title='bbox 1338 4160 1559 4231; x_wconf 85' lang='grc' dir='ltr'>ὀπώρας</span> <span class='ocrx_word' id='word_1_536' title='bbox 1591 4164 1648 4217; x_wconf 92' lang='grc' dir='ltr'>ἐν</span> <span class='ocrx_word' id='word_1_537' title='bbox 1696 4165 1775 4236; x_wconf 79' lang='grc' dir='ltr'>τῷ</span> <span class='ocrx_word' id='word_1_538' title='bbox 1820 4167 1976 4238; x_wconf 73' lang='grc' dir='ltr'>ἡλίῳ,</span> 
     </span>
    </p>
   </div>
   <div class='ocr_carea' id='block_1_76' title="bbox 392 4246 1975 4326">
    <p class='ocr_par' dir='ltr' id='par_1_76' title="bbox 392 4246 1975 4326">
     <span class='ocr_line' id='line_1_76' title="bbox 392 4246 1975 4326; baseline 0.003 -19"><span class='ocrx_word' id='word_1_539' title='bbox 392 4250 560 4325; x_wconf 79' lang='grc' dir='ltr'>ἦλθεν</span> <span class='ocrx_word' id='word_1_540' title='bbox 585 4254 670 4306; x_wconf 87' lang='grc' dir='ltr'>ἐπ’</span> <span class='ocrx_word' id='word_1_541' title='bbox 695 4251 854 4314; x_wconf 74' lang='grc' dir='ltr'>αὐτὰ,</span> <span class='ocrx_word' id='word_1_542' title='bbox 884 4252 958 4314; x_wconf 90' lang='grc' dir='ltr'>ώς</span> <span class='ocrx_word' id='word_1_543' title='bbox 990 4250 1109 4314; x_wconf 78' lang='grc' dir='ltr'>ἔθος</span> <span class='ocrx_word' id='word_1_544' title='bbox 1138 4246 1227 4322; x_wconf 78' lang='grc' dir='ltr'>ἦν,</span> <span class='ocrx_word' id='word_1_545' title='bbox 1256 4250 1325 4304; x_wconf 79' lang='grc' dir='ltr'>τὰ</span> <span class='ocrx_word' id='word_1_546' title='bbox 1350 4251 1513 4321; x_wconf 89' lang='grc' dir='ltr'>θηρία</span> <span class='ocrx_word' id='word_1_547' title='bbox 1539 4253 1630 4306; x_wconf 78' lang='grc' dir='ltr'>ἐπὶ</span> <span class='ocrx_word' id='word_1_548' title='bbox 1654 4254 1750 4325; x_wconf 84' lang='grc' dir='ltr'>τὴν</span> <span class='ocrx_word' id='word_1_549' title='bbox 1773 4255 1975 4326; x_wconf 74' lang='grc' dir='ltr'>πηγὴν,</span> 
     </span>
    </p>
   </div>
   <div class='ocr_carea' id='block_1_77' title="bbox 396 4337 1633 4412">
    <p class='ocr_par' dir='ltr' id='par_1_77' title="bbox 396 4337 1633 4412">
     <span class='ocr_line' id='line_1_77' title="bbox 396 4337 1633 4412; baseline -0.002 -16"><span class='ocrx_word' id='word_1_550' title='bbox 396 4343 492 4397; x_wconf 76' lang='grc' dir='ltr'>καὶ</span> <span class='ocrx_word' id='word_1_551' title='bbox 523 4341 777 4412; x_wconf 80' lang='grc' dir='ltr'>ἁψάμενα</span> <span class='ocrx_word' id='word_1_552' title='bbox 814 4340 973 4410; x_wconf 89' lang='grc' dir='ltr'>μόνον</span> <span class='ocrx_word' id='word_1_553' title='bbox 991 4338 1098 4391; x_wconf 91' lang='grc' dir='ltr'>τῶν</span> <span class='ocrx_word' id='word_1_554' title='bbox 1132 4338 1312 4408; x_wconf 84' lang='grc' dir='ltr'>ἀρτων</span> <span class='ocrx_word' id='word_1_555' title='bbox 1332 4337 1633 4406; x_wconf 78' lang='grc' dir='ltr'>ἀπέψυξαν.</span> 
     </span>
    </p>
   </div>
   <div class='ocr_carea' id='block_1_78' title="bbox 467 4428 1972 4501">
    <p class='ocr_par' dir='ltr' id='par_1_78' title="bbox 467 4428 1972 4501">
     <span class='ocr_line' id='line_1_78' title="bbox 467 4428 1972 4501; baseline 0.009 -19"><span class='ocrx_word' id='word_1_556' title='bbox 467 4428 809 4501; x_wconf 87' lang='grc' dir='ltr'>Παραϐαλὼν</span> <span class='ocrx_word' id='word_1_557' title='bbox 856 4428 913 4481; x_wconf 82' lang='grc' dir='ltr'>δὲ</span> <span class='ocrx_word' id='word_1_558' title='bbox 969 4428 1107 4498; x_wconf 84' lang='grc' dir='ltr'>πρός</span> <span class='ocrx_word' id='word_1_559' title='bbox 1163 4442 1317 4487; x_wconf 87' lang='grc' dir='ltr'>τινας</span> <span class='ocrx_word' id='word_1_560' title='bbox 1370 4429 1636 4497; x_wconf 83' lang='grc' dir='ltr'>μοναχοὺς</span> <span class='ocrx_word' id='word_1_561' title='bbox 1688 4430 1972 4501; x_wconf 76' lang='grc' dir='ltr'>Κυριακῆς</span> 
     </span>
    </p>
   </div>
   <div class='ocr_carea' id='block_1_79' title="bbox 392 4511 1971 4587">
    <p class='ocr_par' dir='ltr' id='par_1_79' title="bbox 392 4511 1971 4587">
     <span class='ocr_line' id='line_1_79' title="bbox 392 4511 1971 4587; baseline -0.007 -16"><span class='ocrx_word' id='word_1_562' title='bbox 392 4516 584 4587; x_wconf 72' lang='grc' dir='ltr'>οὔσης,</span> <span class='ocrx_word' id='word_1_563' title='bbox 619 4516 772 4584; x_wconf 77' lang='grc' dir='ltr'>ἔλεγε</span> <span class='ocrx_word' id='word_1_564' title='bbox 807 4515 943 4585; x_wconf 79' lang='grc' dir='ltr'>πρὸς</span> <span class='ocrx_word' id='word_1_565' title='bbox 977 4512 1171 4576; x_wconf 88' lang='grc' dir='ltr'>αὐτούς</span> <span class='ocrx_word' id='word_1_566' title='bbox 1195 4530 1209 4545; x_wconf 75' lang='grc' dir='ltr'><strong><em>ο</em></strong></span> <span class='ocrx_word' id='word_1_567' title='bbox 1243 4512 1307 4564; x_wconf 90' lang='grc' dir='ltr'>Τί</span> <span class='ocrx_word' id='word_1_568' title='bbox 1343 4511 1405 4583; x_wconf 85' lang='grc' dir='ltr'>δὴ</span> <span class='ocrx_word' id='word_1_569' title='bbox 1438 4514 1679 4587; x_wconf 84' lang='grc' dir='ltr'>σήμερον</span> <span class='ocrx_word' id='word_1_570' title='bbox 1718 4518 1816 4587; x_wconf 78' lang='grc' dir='ltr'>τὴν</span> <span class='ocrx_word' id='word_1_571' title='bbox 1846 4519 1971 4572; x_wconf 83' lang='grc' dir='ltr'>σύν-</span> 
     </span>
    </p>
   </div>
   <div class='ocr_carea' id='block_1_80' title="bbox 395 4602 1973 4678">
    <p class='ocr_par' dir='ltr' id='par_1_80' title="bbox 395 4602 1973 4678">
     <span class='ocr_line' id='line_1_80' title="bbox 395 4602 1973 4678; baseline -0.001 -19"><span class='ocrx_word' id='word_1_572' title='bbox 395 4604 518 4670; x_wconf 82' lang='grc' dir='ltr'>αξιν</span> <span class='ocrx_word' id='word_1_573' title='bbox 562 4606 663 4658; x_wconf 89' lang='grc' dir='ltr'>οὐκ</span> <span class='ocrx_word' id='word_1_574' title='bbox 704 4604 1095 4669; x_wconf 87' lang='grc' dir='ltr'>ἐπιτελέσατε;</span> <span class='ocrx_word' id='word_1_575' title='bbox 1128 4602 1250 4655; x_wconf 89' lang='grc' dir='ltr'>Τῶν</span> <span class='ocrx_word' id='word_1_576' title='bbox 1283 4602 1340 4655; x_wconf 86' lang='grc' dir='ltr'>δὲ</span> <span class='ocrx_word' id='word_1_577' title='bbox 1364 4603 1684 4671; x_wconf 83' lang='grc' dir='ltr'>φασκόντων</span> <span class='ocrx_word' id='word_1_578' title='bbox 1731 4607 1804 4676; x_wconf 87' lang='grc' dir='ltr'>μὴ</span> <span class='ocrx_word' id='word_1_579' title='bbox 1849 4608 1973 4678; x_wconf 79' lang='grc' dir='ltr'>ἐληο</span> 
     </span>
    </p>
   </div>
   <div class='ocr_carea' id='block_1_81' title="bbox 393 4690 1973 4763">
    <p class='ocr_par' dir='ltr' id='par_1_81' title="bbox 393 4690 1973 4763">
     <span class='ocr_line' id='line_1_81' title="bbox 393 4690 1973 4763; baseline 0.001 -17"><span class='ocrx_word' id='word_1_580' title='bbox 393 4692 614 4747; x_wconf 89' lang='grc' dir='ltr'>λυθέναι</span> <span class='ocrx_word' id='word_1_581' title='bbox 631 4692 867 4763; x_wconf 88' lang='grc' dir='ltr'>πέρηθεν</span> <span class='ocrx_word' id='word_1_582' title='bbox 890 4693 979 4746; x_wconf 83' lang='grc' dir='ltr'>τὸν</span> <span class='ocrx_word' id='word_1_583' title='bbox 1002 4690 1372 4762; x_wconf 86' lang='grc' dir='ltr'>πρεσϐύτερον</span> <span class='ocrx_word' id='word_1_584' title='bbox 1387 4708 1401 4723; x_wconf 75' lang='grc' dir='ltr'><strong>ο</strong></span> <span class='ocrx_word' id='word_1_585' title='bbox 1428 4692 1582 4760; x_wconf 82' lang='grc' dir='ltr'>ἔλεγε</span> <span class='ocrx_word' id='word_1_586' title='bbox 1601 4693 1738 4762; x_wconf 82' lang='grc' dir='ltr'>πρὸς</span> <span class='ocrx_word' id='word_1_587' title='bbox 1758 4695 1973 4759; x_wconf 76' lang='grc' dir='ltr'>αὐτούς’</span> 
     </span>
    </p>
   </div>
   <div class='ocr_carea' id='block_1_82' title="bbox 406 4779 1976 4851">
    <p class='ocr_par' dir='ltr' id='par_1_82' title="bbox 406 4779 1976 4851">
     <span class='ocr_line' id='line_1_82' title="bbox 406 4779 1976 4851; baseline 0.001 -16"><span class='ocrx_word' id='word_1_588' title='bbox 406 4779 687 4835; x_wconf 84' lang='grc' dir='ltr'>Ἀπελθὼν</span> <span class='ocrx_word' id='word_1_589' title='bbox 716 4780 932 4834; x_wconf 83' lang='grc' dir='ltr'>καλέσω</span> <span class='ocrx_word' id='word_1_590' title='bbox 956 4780 1141 4834; x_wconf 91' lang='grc' dir='ltr'>αὐτόν.</span> <span class='ocrx_word' id='word_1_591' title='bbox 1175 4781 1237 4833; x_wconf 83' lang='grc' dir='ltr'>Οἱ</span> <span class='ocrx_word' id='word_1_592' title='bbox 1259 4779 1315 4831; x_wconf 83' lang='grc' dir='ltr'>δὲ</span> <span class='ocrx_word' id='word_1_593' title='bbox 1348 4780 1587 4849; x_wconf 70' lang='grc' dir='ltr'>ἔφασκον</span> <span class='ocrx_word' id='word_1_594' title='bbox 1616 4781 1689 4851; x_wconf 84' lang='grc' dir='ltr'>μὴ</span> <span class='ocrx_word' id='word_1_595' title='bbox 1718 4781 1976 4836; x_wconf 83' lang='grc' dir='ltr'>δύνασθαί</span> 
     </span>
    </p>
   </div>
   <div class='ocr_carea' id='block_1_83' title="bbox 394 4867 1974 4943">
    <p class='ocr_par' dir='ltr' id='par_1_83' title="bbox 394 4867 1974 4943">
     <span class='ocr_line' id='line_1_83' title="bbox 394 4867 1974 4943; baseline 0.001 -21"><span class='ocrx_word' id='word_1_596' title='bbox 394 4886 522 4923; x_wconf 83' lang='grc' dir='ltr'>τινα</span> <span class='ocrx_word' id='word_1_597' title='bbox 561 4868 866 4923; x_wconf 88' lang='grc' dir='ltr'>διαϐαίνειν</span> <span class='ocrx_word' id='word_1_598' title='bbox 908 4868 998 4922; x_wconf 81' lang='grc' dir='ltr'>τὸν</span> <span class='ocrx_word' id='word_1_599' title='bbox 1033 4870 1200 4940; x_wconf 89' lang='grc' dir='ltr'>πόρον</span> <span class='ocrx_word' id='word_1_600' title='bbox 1233 4868 1320 4922; x_wconf 82' lang='grc' dir='ltr'>διά</span> <span class='ocrx_word' id='word_1_601' title='bbox 1349 4867 1409 4920; x_wconf 74' lang='grc' dir='ltr'>τὸ</span> <span class='ocrx_word' id='word_1_602' title='bbox 1448 4867 1632 4938; x_wconf 88' lang='grc' dir='ltr'>βάθος.</span> <span class='ocrx_word' id='word_1_603' title='bbox 1678 4870 1838 4924; x_wconf 86' lang='grc' dir='ltr'>Ἀλλά</span> <span class='ocrx_word' id='word_1_604' title='bbox 1867 4872 1974 4943; x_wconf 82' lang='grc' dir='ltr'>γὰρ</span> 
     </span>
    </p>
   </div>
   <div class='ocr_carea' id='block_1_84' title="bbox 394 4951 1975 5027">
    <p class='ocr_par' dir='ltr' id='par_1_84' title="bbox 394 4951 1975 5027">
     <span class='ocr_line' id='line_1_84' title="bbox 394 4951 1975 5027; baseline 0 -18"><span class='ocrx_word' id='word_1_605' title='bbox 394 4957 490 5010; x_wconf 68' lang='grc' dir='ltr'>καὶ</span> <span class='ocrx_word' id='word_1_606' title='bbox 523 4955 712 5027; x_wconf 88' lang='grc' dir='ltr'>θηρίον</span> <span class='ocrx_word' id='word_1_607' title='bbox 758 4956 1018 5026; x_wconf 90' lang='grc' dir='ltr'>μέγιστον</span> <span class='ocrx_word' id='word_1_608' title='bbox 1056 4954 1243 5023; x_wconf 86' lang='grc' dir='ltr'>ἐλεγον</span> <span class='ocrx_word' id='word_1_609' title='bbox 1274 4951 1413 5007; x_wconf 80' lang='grc' dir='ltr'>εἶναι</span> <span class='ocrx_word' id='word_1_610' title='bbox 1457 4957 1515 5008; x_wconf 90' lang='grc' dir='ltr'>ἐν</span> <span class='ocrx_word' id='word_1_611' title='bbox 1558 4954 1636 5026; x_wconf 79' lang='grc' dir='ltr'>τῷ</span> <span class='ocrx_word' id='word_1_612' title='bbox 1665 4956 1816 5027; x_wconf 88' lang='grc' dir='ltr'>τόπῳ</span> <span class='ocrx_word' id='word_1_613' title='bbox 1844 4973 1975 5027; x_wconf 81' lang='grc' dir='ltr'>κρο-</span> 
     </span>
    </p>
   </div>
   <div class='ocr_carea' id='block_1_85' title="bbox 393 5043 1972 5115">
    <p class='ocr_par' dir='ltr' id='par_1_85' title="bbox 393 5043 1972 5115">
     <span class='ocr_line' id='line_1_85' title="bbox 393 5043 1972 5115; baseline 0.003 -19"><span class='ocrx_word' id='word_1_614' title='bbox 393 5045 641 5098; x_wconf 84' lang='grc' dir='ltr'>κόδειλόν</span> <span class='ocrx_word' id='word_1_615' title='bbox 680 5061 827 5109; x_wconf 89' lang='grc' dir='ltr'>τινα,</span> <span class='ocrx_word' id='word_1_616' title='bbox 874 5043 1105 5106; x_wconf 78' lang='grc' dir='ltr'>πολλοὺς</span> <span class='ocrx_word' id='word_1_617' title='bbox 1136 5043 1457 5115; x_wconf 85' lang='grc' dir='ltr'>ἀνθρώπους</span> <span class='ocrx_word' id='word_1_618' title='bbox 1489 5045 1972 5100; x_wconf 87' lang='grc' dir='ltr'>καταναλώσαντα.</span> 
     </span>
    </p>
   </div>
   <div class='ocr_carea' id='block_1_86' title="bbox 404 5131 1976 5204">
    <p class='ocr_par' dir='ltr' id='par_1_86' title="bbox 404 5131 1976 5204">
     <span class='ocr_line' id='line_1_86' title="bbox 404 5131 1976 5204; baseline 0 -19"><span class='ocrx_word' id='word_1_619' title='bbox 404 5132 465 5185; x_wconf 84' lang='grc' dir='ltr'>Ὀ</span> <span class='ocrx_word' id='word_1_620' title='bbox 493 5132 552 5186; x_wconf 85' lang='grc' dir='ltr'>δὲ</span> <span class='ocrx_word' id='word_1_621' title='bbox 587 5132 662 5203; x_wconf 81' lang='grc' dir='ltr'>μὴ</span> <span class='ocrx_word' id='word_1_622' title='bbox 695 5132 992 5202; x_wconf 73' lang='grc' dir='ltr'>μελλήσας,</span> <span class='ocrx_word' id='word_1_623' title='bbox 1020 5131 1184 5195; x_wconf 78' lang='grc' dir='ltr'>εὐθὺς</span> <span class='ocrx_word' id='word_1_624' title='bbox 1215 5132 1452 5195; x_wconf 82' lang='grc' dir='ltr'>ἀναστὰς</span> <span class='ocrx_word' id='word_1_625' title='bbox 1476 5132 1734 5204; x_wconf 82' lang='grc' dir='ltr'>ὥρμησεν</span> <span class='ocrx_word' id='word_1_626' title='bbox 1765 5134 1858 5187; x_wconf 74' lang='grc' dir='ltr'>ἐπὶ</span> <span class='ocrx_word' id='word_1_627' title='bbox 1884 5133 1976 5186; x_wconf 73' lang='grc' dir='ltr'>τὸν</span> 
     </span>
    </p>
   </div>
   <div class='ocr_carea' id='block_1_87' title="bbox 396 5218 1973 5290">
    <p class='ocr_par' dir='ltr' id='par_1_87' title="bbox 396 5218 1973 5290">
     <span class='ocr_line' id='line_1_87' title="bbox 396 5218 1973 5290; baseline 0.001 -18"><span class='ocrx_word' id='word_1_628' title='bbox 396 5221 589 5287; x_wconf 88' lang='grc' dir='ltr'>πόρον,</span> <span class='ocrx_word' id='word_1_629' title='bbox 639 5222 733 5274; x_wconf 74' lang='grc' dir='ltr'>καὶ</span> <span class='ocrx_word' id='word_1_630' title='bbox 783 5220 946 5284; x_wconf 82' lang='grc' dir='ltr'>εὐθὺς</span> <span class='ocrx_word' id='word_1_631' title='bbox 993 5218 1156 5273; x_wconf 68' lang='grc' dir='ltr'>αὐτὸν</span> <span class='ocrx_word' id='word_1_632' title='bbox 1201 5218 1262 5271; x_wconf 85' lang='grc' dir='ltr'>τὸ</span> <span class='ocrx_word' id='word_1_633' title='bbox 1301 5219 1488 5290; x_wconf 81' lang='grc' dir='ltr'>θηρίον</span> <span class='ocrx_word' id='word_1_634' title='bbox 1532 5221 1625 5273; x_wconf 81' lang='grc' dir='ltr'>ἐπὶ</span> <span class='ocrx_word' id='word_1_635' title='bbox 1673 5220 1767 5273; x_wconf 89' lang='grc' dir='ltr'>τοῦ</span> <span class='ocrx_word' id='word_1_636' title='bbox 1803 5221 1973 5275; x_wconf 91' lang='grc' dir='ltr'>νώτου</span> 
     </span>
    </p>
   </div>
   <div class='ocr_carea' id='block_1_88' title="bbox 399 5308 1975 5381">
    <p class='ocr_par' dir='ltr' id='par_1_88' title="bbox 399 5308 1975 5381">
     <span class='ocr_line' id='line_1_88' title="bbox 399 5308 1975 5381; baseline -0.001 -18"><span class='ocrx_word' id='word_1_637' title='bbox 399 5310 803 5381; x_wconf 70' lang='grc' dir='ltr'>ὑποδεξάμενον</span> <span class='ocrx_word' id='word_1_638' title='bbox 854 5312 935 5373; x_wconf 85' lang='grc' dir='ltr'>είς</span> <span class='ocrx_word' id='word_1_639' title='bbox 979 5309 1041 5361; x_wconf 78' lang='grc' dir='ltr'>τό</span> <span class='ocrx_word' id='word_1_640' title='bbox 1081 5308 1255 5379; x_wconf 89' lang='grc' dir='ltr'>πέραν</span> <span class='ocrx_word' id='word_1_641' title='bbox 1293 5309 1756 5379; x_wconf 87' lang='grc' dir='ltr'>ἀποκατέστησεν,</span> <span class='ocrx_word' id='word_1_642' title='bbox 1786 5310 1975 5380; x_wconf 87' lang='grc' dir='ltr'>Εὑρὼν</span> 
     </span>
    </p>
   </div>
   <div class='ocr_carea' id='block_1_89' title="bbox 395 5396 1975 5469">
    <p class='ocr_par' dir='ltr' id='par_1_89' title="bbox 395 5396 1975 5469">
     <span class='ocr_line' id='line_1_89' title="bbox 395 5396 1975 5469; baseline 0 -20"><span class='ocrx_word' id='word_1_643' title='bbox 395 5396 453 5450; x_wconf 79' lang='grc' dir='ltr'>δὲ</span> <span class='ocrx_word' id='word_1_644' title='bbox 475 5397 568 5450; x_wconf 81' lang='grc' dir='ltr'>τὸν</span> <span class='ocrx_word' id='word_1_645' title='bbox 589 5398 963 5469; x_wconf 86' lang='grc' dir='ltr'>πρεσϐύτερον</span> <span class='ocrx_word' id='word_1_646' title='bbox 992 5400 1050 5451; x_wconf 89' lang='grc' dir='ltr'>ἐν</span> <span class='ocrx_word' id='word_1_647' title='bbox 1067 5397 1143 5469; x_wconf 83' lang='grc' dir='ltr'>τῷ</span> <span class='ocrx_word' id='word_1_648' title='bbox 1166 5396 1373 5468; x_wconf 83' lang='grc' dir='ltr'>χωρίῳ,</span> <span class='ocrx_word' id='word_1_649' title='bbox 1398 5398 1698 5469; x_wconf 88' lang='grc' dir='ltr'>παρεκάλει</span> <span class='ocrx_word' id='word_1_650' title='bbox 1724 5397 1799 5469; x_wconf 85' lang='grc' dir='ltr'>μὴ</span> <span class='ocrx_word' id='word_1_651' title='bbox 1828 5414 1975 5469; x_wconf 83' lang='grc' dir='ltr'>περι-</span> 
     </span>
    </p>
   </div>
   <div class='ocr_carea' id='block_1_90' title="bbox 397 5485 1975 5556">
    <p class='ocr_par' dir='ltr' id='par_1_90' title="bbox 397 5485 1975 5556">
     <span class='ocr_line' id='line_1_90' title="bbox 397 5485 1975 5556; baseline 0.001 -21"><span class='ocrx_word' id='word_1_652' title='bbox 397 5485 528 5537; x_wconf 84' lang='grc' dir='ltr'>ιδεῖν</span> <span class='ocrx_word' id='word_1_653' title='bbox 600 5488 698 5554; x_wconf 81' lang='grc' dir='ltr'>τὴν</span> <span class='ocrx_word' id='word_1_654' title='bbox 770 5487 1130 5556; x_wconf 82' lang='grc' dir='ltr'>ἀδελφότητα.</span> <span class='ocrx_word' id='word_1_655' title='bbox 1190 5485 1337 5538; x_wconf 85' lang='grc' dir='ltr'>Ἰδὼν</span> <span class='ocrx_word' id='word_1_656' title='bbox 1404 5485 1461 5539; x_wconf 84' lang='grc' dir='ltr'>δὲ</span> <span class='ocrx_word' id='word_1_657' title='bbox 1526 5486 1689 5540; x_wconf 78' lang='grc' dir='ltr'>αὐτὸν</span> <span class='ocrx_word' id='word_1_658' title='bbox 1770 5488 1975 5549; x_wconf 85' lang='grc' dir='ltr'>ἐκεῖνος</span> 
     </span>
    </p>
   </div>
   <div class='ocr_carea' id='block_1_91' title="bbox 399 5571 1974 5646">
    <p class='ocr_par' dir='ltr' id='par_1_91' title="bbox 399 5571 1974 5646">
     <span class='ocr_line' id='line_1_91' title="bbox 399 5571 1974 5646; baseline 0.002 -22"><span class='ocrx_word' id='word_1_659' title='bbox 399 5571 569 5646; x_wconf 81' lang='grc' dir='ltr'>ῥάκος</span> <span class='ocrx_word' id='word_1_660' title='bbox 592 5574 940 5646; x_wconf 87' lang='grc' dir='ltr'>ἐνδεδυμένον</span> <span class='ocrx_word' id='word_1_661' title='bbox 969 5574 1336 5646; x_wconf 73' lang='grc' dir='ltr'>πολύῤῥαφον,</span> <span class='ocrx_word' id='word_1_662' title='bbox 1373 5577 1506 5645; x_wconf 86' lang='grc' dir='ltr'>παρ’</span> <span class='ocrx_word' id='word_1_663' title='bbox 1537 5576 1703 5628; x_wconf 88' lang='grc' dir='ltr'>αὐτοῦ</span> <span class='ocrx_word' id='word_1_664' title='bbox 1738 5574 1974 5628; x_wconf 85' lang='grc' dir='ltr'>ἐπυνθά-</span> 
     </span>
    </p>
   </div>
   <div class='ocr_carea' id='block_1_92' title="bbox 396 5663 1972 5735">
    <p class='ocr_par' dir='ltr' id='par_1_92' title="bbox 396 5663 1972 5735">
     <span class='ocr_line' id='line_1_92' title="bbox 396 5663 1972 5735; baseline 0.003 -25"><span class='ocrx_word' id='word_1_665' title='bbox 396 5677 539 5725; x_wconf 68' lang='grc' dir='ltr'>νετο,</span> <span class='ocrx_word' id='word_1_666' title='bbox 570 5663 735 5716; x_wconf 85' lang='grc' dir='ltr'>πόθεν</span> <span class='ocrx_word' id='word_1_667' title='bbox 763 5663 869 5735; x_wconf 84' lang='grc' dir='ltr'>ἀρα</span> <span class='ocrx_word' id='word_1_668' title='bbox 894 5664 955 5718; x_wconf 82' lang='grc' dir='ltr'>τὺ</span> <span class='ocrx_word' id='word_1_669' title='bbox 988 5665 1164 5735; x_wconf 78' lang='grc' dir='ltr'>ῥάκος,</span> <span class='ocrx_word' id='word_1_670' title='bbox 1187 5663 1479 5735; x_wconf 83' lang='grc' dir='ltr'>ἐκέκτητο·</span> <span class='ocrx_word' id='word_1_671' title='bbox 1507 5663 1772 5725; x_wconf 83' lang='grc' dir='ltr'>ἐπειπὼν,</span> <span class='ocrx_word' id='word_1_672' title='bbox 1827 5664 1972 5718; x_wconf 81' lang='grc' dir='ltr'>Κάλ-</span> 
     </span>
    </p>
   </div>
   <div class='ocr_carea' id='block_1_93' title="bbox 397 5748 1971 5825">
    <p class='ocr_par' dir='ltr' id='par_1_93' title="bbox 397 5748 1971 5825">
     <span class='ocr_line' id='line_1_93' title="bbox 397 5748 1971 5825; baseline 0.004 -25"><span class='ocrx_word' id='word_1_673' title='bbox 397 5748 581 5803; x_wconf 82' lang='grc' dir='ltr'>λιστον</span> <span class='ocrx_word' id='word_1_674' title='bbox 632 5750 778 5823; x_wconf 67' lang='grc' dir='ltr'>ἔχεις</span> <span class='ocrx_word' id='word_1_675' title='bbox 813 5754 1027 5823; x_wconf 85' lang='grc' dir='ltr'>ίμάτιον</span> <span class='ocrx_word' id='word_1_676' title='bbox 1081 5754 1181 5825; x_wconf 78' lang='grc' dir='ltr'>τῆς</span> <span class='ocrx_word' id='word_1_677' title='bbox 1230 5752 1428 5823; x_wconf 65' lang='grc' dir='ltr'>ψυχῆς,</span> <span class='ocrx_word' id='word_1_678' title='bbox 1482 5753 1700 5821; x_wconf 84' lang='grc' dir='ltr'>ἀδελφέ.</span> <span class='ocrx_word' id='word_1_679' title='bbox 1758 5754 1869 5823; x_wconf 80' lang='grc' dir='ltr'>Τὴν</span> <span class='ocrx_word' id='word_1_680' title='bbox 1916 5754 1971 5807; x_wconf 83' lang='grc' dir='ltr'>δέ</span> 
     </span>
    </p>
   </div>
   <div class='ocr_carea' id='block_1_94' title="bbox 2000 4481 2048 4539">
    <p class='ocr_par' dir='ltr' id='par_1_94' title="bbox 2000 4481 2048 4539">
     <span class='ocr_line' id='line_1_94' title="bbox 2000 4481 2048 4539; baseline 0 0"><span class='ocrx_word' id='word_1_681' title='bbox 2000 4481 2048 4539; x_wconf 88' lang='lat' dir='ltr'><strong>D</strong></span> 
     </span>
    </p>
   </div>
   <div class='ocr_carea' id='block_1_95' title="bbox 2076 3289 3658 3363">
    <p class='ocr_par' dir='ltr' id='par_1_95' title="bbox 2076 3289 3658 3363">
     <span class='ocr_line' id='line_1_95' title="bbox 2076 3289 3658 3363; baseline 0 -17"><span class='ocrx_word' id='word_1_682' title='bbox 2076 3294 2126 3346; x_wconf 89' lang='grc' dir='ltr'>οί</span> <span class='ocrx_word' id='word_1_683' title='bbox 2174 3290 2429 3358; x_wconf 90' lang='grc' dir='ltr'>δαίμονες</span> <span class='ocrx_word' id='word_1_684' title='bbox 2484 3289 2700 3357; x_wconf 91' lang='grc' dir='ltr'>πνίγειν</span> <span class='ocrx_word' id='word_1_685' title='bbox 2730 3289 2895 3344; x_wconf 83' lang='grc' dir='ltr'>αὐτὸν</span> <span class='ocrx_word' id='word_1_686' title='bbox 2952 3291 3294 3362; x_wconf 86' lang='grc' dir='ltr'>ἐπεχείρουν,</span> <span class='ocrx_word' id='word_1_687' title='bbox 3335 3291 3396 3345; x_wconf 81' lang='grc' dir='ltr'>τὸ</span> <span class='ocrx_word' id='word_1_688' title='bbox 3439 3291 3658 3363; x_wconf 88' lang='grc' dir='ltr'>πρῶτον</span> 
     </span>
    </p>
   </div>
   <div class='ocr_carea' id='block_1_96' title="bbox 2079 3375 3659 3449">
    <p class='ocr_par' dir='ltr' id='par_1_96' title="bbox 2079 3375 3659 3449">
     <span class='ocr_line' id='line_1_96' title="bbox 2079 3375 3659 3449; baseline 0 -19"><span class='ocrx_word' id='word_1_689' title='bbox 2079 3377 2325 3446; x_wconf 74' lang='grc' dir='ltr'>αἰσχροῖς</span> <span class='ocrx_word' id='word_1_690' title='bbox 2365 3375 2652 3445; x_wconf 87' lang='grc' dir='ltr'>λογισμοῖς</span> <span class='ocrx_word' id='word_1_691' title='bbox 2703 3376 2903 3438; x_wconf 82' lang='grc' dir='ltr'>ἱκανῶς</span> <span class='ocrx_word' id='word_1_692' title='bbox 2934 3377 3384 3447; x_wconf 79' lang='grc' dir='ltr'>διαταράξαντες.</span> <span class='ocrx_word' id='word_1_693' title='bbox 3428 3379 3659 3449; x_wconf 83' lang='grc' dir='ltr'>Ἐκδρα-</span> 
     </span>
    </p>
   </div>
   <div class='ocr_carea' id='block_1_97' title="bbox 2082 3461 3657 3536">
    <p class='ocr_par' dir='ltr' id='par_1_97' title="bbox 2082 3461 3657 3536">
     <span class='ocr_line' id='line_1_97' title="bbox 2082 3461 3657 3536; baseline 0.002 -20"><span class='ocrx_word' id='word_1_694' title='bbox 2082 3464 2198 3534; x_wconf 86' lang='grc' dir='ltr'>μὼν</span> <span class='ocrx_word' id='word_1_695' title='bbox 2250 3463 2309 3516; x_wconf 85' lang='grc' dir='ltr'>δὲ</span> <span class='ocrx_word' id='word_1_696' title='bbox 2364 3464 2573 3526; x_wconf 89' lang='grc' dir='ltr'>ἐκεῖνος</span> <span class='ocrx_word' id='word_1_697' title='bbox 2618 3461 2686 3515; x_wconf 83' lang='grc' dir='ltr'>τὰ</span> <span class='ocrx_word' id='word_1_698' title='bbox 2737 3462 3023 3532; x_wconf 81' lang='grc' dir='ltr'>συμϐάντα</span> <span class='ocrx_word' id='word_1_699' title='bbox 3076 3464 3348 3535; x_wconf 87' lang='grc' dir='ltr'>ἐπήγγελε</span> <span class='ocrx_word' id='word_1_700' title='bbox 3396 3463 3474 3536; x_wconf 83' lang='grc' dir='ltr'>τῷ</span> <span class='ocrx_word' id='word_1_701' title='bbox 3515 3464 3657 3519; x_wconf 81' lang='grc' dir='ltr'>ἀϐϐᾶ</span> 
     </span>
    </p>
   </div>
   <div class='ocr_carea' id='block_1_98' title="bbox 2094 3548 3656 3620">
    <p class='ocr_par' dir='ltr' id='par_1_98' title="bbox 2094 3548 3656 3620">
     <span class='ocr_line' id='line_1_98' title="bbox 2094 3548 3656 3620; baseline 0 -15"><span class='ocrx_word' id='word_1_702' title='bbox 2094 3551 2328 3620; x_wconf 84' lang='grc' dir='ltr'>Ἑλλῆνι.</span> <span class='ocrx_word' id='word_1_703' title='bbox 2361 3548 2742 3619; x_wconf 79' lang='grc' dir='ltr'>Περιχαράξας</span> <span class='ocrx_word' id='word_1_704' title='bbox 2766 3550 2822 3603; x_wconf 81' lang='grc' dir='ltr'>δὲ</span> <span class='ocrx_word' id='word_1_705' title='bbox 2844 3551 3051 3615; x_wconf 87' lang='grc' dir='ltr'>ἐκεῖνος</span> <span class='ocrx_word' id='word_1_706' title='bbox 3069 3549 3161 3603; x_wconf 83' lang='grc' dir='ltr'>τὸν</span> <span class='ocrx_word' id='word_1_707' title='bbox 3187 3549 3377 3618; x_wconf 90' lang='grc' dir='ltr'>τόπον,</span> <span class='ocrx_word' id='word_1_708' title='bbox 3403 3552 3656 3607; x_wconf 84' lang='grc' dir='ltr'>ἐκέλευσε</span> 
     </span>
    </p>
   </div>
   <div class='ocr_carea' id='block_1_99' title="bbox 2077 3636 3174 3707">
    <p class='ocr_par' dir='ltr' id='par_1_99' title="bbox 2077 3636 3174 3707">
     <span class='ocr_line' id='line_1_99' title="bbox 2077 3636 3174 3707; baseline -0.002 -13"><span class='ocrx_word' id='word_1_709' title='bbox 2077 3640 2139 3694; x_wconf 77' lang='grc' dir='ltr'>τὸ</span> <span class='ocrx_word' id='word_1_710' title='bbox 2176 3638 2364 3691; x_wconf 80' lang='grc' dir='ltr'>λοιπὸν</span> <span class='ocrx_word' id='word_1_711' title='bbox 2397 3636 2536 3707; x_wconf 84' lang='grc' dir='ltr'>μετά</span> <span class='ocrx_word' id='word_1_712' title='bbox 2556 3636 2741 3699; x_wconf 89' lang='grc' dir='ltr'>ἀδείας</span> <span class='ocrx_word' id='word_1_713' title='bbox 2777 3637 2963 3707; x_wconf 87' lang='grc' dir='ltr'>μένειν</span> <span class='ocrx_word' id='word_1_714' title='bbox 2988 3638 3174 3692; x_wconf 90' lang='grc' dir='ltr'>αὐτόν.</span> 
     </span>
    </p>
   </div>
   <div class='ocr_carea' id='block_1_100' title="bbox 2154 3723 3655 3798">
    <p class='ocr_par' dir='ltr' id='par_1_100' title="bbox 2154 3723 3655 3798">
     <span class='ocr_line' id='line_1_100' title="bbox 2154 3723 3655 3798; baseline -0.001 -17"><span class='ocrx_word' id='word_1_715' title='bbox 2154 3728 2370 3798; x_wconf 83' lang='grc' dir='ltr'>Ἀρτων</span> <span class='ocrx_word' id='word_1_716' title='bbox 2404 3723 2461 3778; x_wconf 85' lang='grc' dir='ltr'>δέ</span> <span class='ocrx_word' id='word_1_717' title='bbox 2508 3723 2706 3788; x_wconf 78' lang='grc' dir='ltr'>αὐτούς</span> <span class='ocrx_word' id='word_1_718' title='bbox 2756 3742 2888 3777; x_wconf 87' lang='grc' dir='ltr'>ποτε</span> <span class='ocrx_word' id='word_1_719' title='bbox 2919 3724 3281 3779; x_wconf 85' lang='grc' dir='ltr'>ἐπιλιπόντων</span> <span class='ocrx_word' id='word_1_720' title='bbox 3320 3727 3378 3779; x_wconf 89' lang='grc' dir='ltr'>ἐν</span> <span class='ocrx_word' id='word_1_721' title='bbox 3402 3725 3482 3797; x_wconf 83' lang='grc' dir='ltr'>τῷ</span> <span class='ocrx_word' id='word_1_722' title='bbox 3514 3743 3655 3798; x_wconf 90' lang='grc' dir='ltr'>σπη-</span> 
     </span>
    </p>
   </div>
   <div class='ocr_carea' id='block_1_101' title="bbox 2078 3810 3656 3886">
    <p class='ocr_par' dir='ltr' id='par_1_101' title="bbox 2078 3810 3656 3886">
     <span class='ocr_line' id='line_1_101' title="bbox 2078 3810 3656 3886; baseline -0.001 -18"><span class='ocrx_word' id='word_1_723' title='bbox 2078 3814 2238 3884; x_wconf 89' lang='grc' dir='ltr'>λαίῳ,</span> <span class='ocrx_word' id='word_1_724' title='bbox 2273 3810 2501 3874; x_wconf 85' lang='grc' dir='ltr'>ἐπιστὰς</span> <span class='ocrx_word' id='word_1_725' title='bbox 2534 3810 2769 3880; x_wconf 84' lang='grc' dir='ltr'>ἄγγελος</span> <span class='ocrx_word' id='word_1_726' title='bbox 2794 3814 2853 3865; x_wconf 91' lang='grc' dir='ltr'>ἐν</span> <span class='ocrx_word' id='word_1_727' title='bbox 2874 3812 3106 3883; x_wconf 91' lang='grc' dir='ltr'>ἀδελφοῦ</span> <span class='ocrx_word' id='word_1_728' title='bbox 3137 3814 3376 3884; x_wconf 88' lang='grc' dir='ltr'>σχήματι</span> <span class='ocrx_word' id='word_1_729' title='bbox 3401 3813 3656 3886; x_wconf 76' lang='grc' dir='ltr'>ἐκόμιζεν</span> 
     </span>
    </p>
   </div>
   <div class='ocr_carea' id='block_1_102' title="bbox 2078 3896 3653 3971">
    <p class='ocr_par' dir='ltr' id='par_1_102' title="bbox 2078 3896 3653 3971">
     <span class='ocr_line' id='line_1_102' title="bbox 2078 3896 3653 3971; baseline 0.001 -17"><span class='ocrx_word' id='word_1_730' title='bbox 2078 3902 2265 3963; x_wconf 85' lang='grc' dir='ltr'>αὐτοῖς</span> <span class='ocrx_word' id='word_1_731' title='bbox 2284 3900 2385 3969; x_wconf 86' lang='grc' dir='ltr'>τὴν</span> <span class='ocrx_word' id='word_1_732' title='bbox 2405 3898 2636 3968; x_wconf 85' lang='grc' dir='ltr'>τροφήν.</span> <span class='ocrx_word' id='word_1_733' title='bbox 2666 3896 2892 3951; x_wconf 77' lang='grc' dir='ltr'>Ἀλλοτε</span> <span class='ocrx_word' id='word_1_734' title='bbox 2920 3899 2975 3952; x_wconf 86' lang='grc' dir='ltr'>δέ</span> <span class='ocrx_word' id='word_1_735' title='bbox 2997 3899 3382 3971; x_wconf 78' lang='grc' dir='ltr'>ἐπιζητοῦντες</span> <span class='ocrx_word' id='word_1_736' title='bbox 3409 3900 3572 3956; x_wconf 81' lang='grc' dir='ltr'>αὐτὸν</span> <span class='ocrx_word' id='word_1_737' title='bbox 3601 3904 3653 3955; x_wconf 86' lang='grc' dir='ltr'>οί</span> 
     </span>
    </p>
   </div>
   <div class='ocr_carea' id='block_1_103' title="bbox 2079 3974 3657 4061">
    <p class='ocr_par' dir='ltr' id='par_1_103' title="bbox 2079 3974 3657 4061">
     <span class='ocr_line' id='line_1_103' title="bbox 2079 3974 3657 4061; baseline -0.003 -17"><span class='ocrx_word' id='word_1_738' title='bbox 2079 3988 2300 4060; x_wconf 75' lang='grc' dir='ltr'>ἀδελφοὶ</span> <span class='ocrx_word' id='word_1_739' title='bbox 2331 3986 2465 4040; x_wconf 91' lang='grc' dir='ltr'>δέκα</span> <span class='ocrx_word' id='word_1_740' title='bbox 2493 3974 2586 4039; x_wconf 77' lang='grc' dir='ltr'>τὸν</span> <span class='ocrx_word' id='word_1_741' title='bbox 2613 3986 2868 4058; x_wconf 82' lang='grc' dir='ltr'>ἀριθμὸν,</span> <span class='ocrx_word' id='word_1_742' title='bbox 2901 3986 3200 4053; x_wconf 79' lang='grc' dir='ltr'>ἐπλάζοντο</span> <span class='ocrx_word' id='word_1_743' title='bbox 3226 3988 3367 4043; x_wconf 82' lang='grc' dir='ltr'>κατὰ</span> <span class='ocrx_word' id='word_1_744' title='bbox 3403 3988 3501 4060; x_wconf 81' lang='grc' dir='ltr'>τὴν</span> <span class='ocrx_word' id='word_1_745' title='bbox 3529 3988 3657 4061; x_wconf 76' lang='grc' dir='ltr'>ἐρη-</span> 
     </span>
    </p>
   </div>
   <div class='ocr_carea' id='block_1_104' title="bbox 2084 4073 3655 4149">
    <p class='ocr_par' dir='ltr' id='par_1_104' title="bbox 2084 4073 3655 4149">
     <span class='ocr_line' id='line_1_104' title="bbox 2084 4073 3655 4149; baseline -0.001 -18"><span class='ocrx_word' id='word_1_746' title='bbox 2084 4095 2182 4149; x_wconf 91' lang='grc' dir='ltr'>μον</span> <span class='ocrx_word' id='word_1_747' title='bbox 2211 4078 2444 4147; x_wconf 86' lang='grc' dir='ltr'>ἐϐδόμην</span> <span class='ocrx_word' id='word_1_748' title='bbox 2478 4074 2694 4147; x_wconf 76' lang='grc' dir='ltr'>ἡμέραν</span> <span class='ocrx_word' id='word_1_749' title='bbox 2741 4073 2916 4130; x_wconf 78' lang='grc' dir='ltr'>ἄσιτοι</span> <span class='ocrx_word' id='word_1_750' title='bbox 2962 4074 3355 4141; x_wconf 88' lang='grc' dir='ltr'>διατελοῦντες.</span> <span class='ocrx_word' id='word_1_751' title='bbox 3388 4075 3578 4149; x_wconf 85' lang='grc' dir='ltr'>Εὑρὼν</span> <span class='ocrx_word' id='word_1_752' title='bbox 3599 4077 3655 4131; x_wconf 79' lang='grc' dir='ltr'>δὲ</span> 
     </span>
    </p>
   </div>
   <div class='ocr_carea' id='block_1_105' title="bbox 2080 4160 3656 4233">
    <p class='ocr_par' dir='ltr' id='par_1_105' title="bbox 2080 4160 3656 4233">
     <span class='ocr_line' id='line_1_105' title="bbox 2080 4160 3656 4233; baseline -0.002 -14"><span class='ocrx_word' id='word_1_753' title='bbox 2080 4166 2278 4227; x_wconf 80' lang='grc' dir='ltr'>αὐτοὺς</span> <span class='ocrx_word' id='word_1_754' title='bbox 2304 4164 2554 4217; x_wconf 90' lang='grc' dir='ltr'>ἐκέλευεν</span> <span class='ocrx_word' id='word_1_755' title='bbox 2584 4160 2966 4215; x_wconf 75' lang='grc' dir='ltr'>ἀναπαύεσθαι</span> <span class='ocrx_word' id='word_1_756' title='bbox 2997 4162 3055 4215; x_wconf 89' lang='grc' dir='ltr'>ἐν</span> <span class='ocrx_word' id='word_1_757' title='bbox 3090 4162 3166 4232; x_wconf 83' lang='grc' dir='ltr'>τῷ</span> <span class='ocrx_word' id='word_1_758' title='bbox 3200 4162 3467 4233; x_wconf 86' lang='grc' dir='ltr'>σπηλαίῳ.</span> <span class='ocrx_word' id='word_1_759' title='bbox 3509 4164 3571 4217; x_wconf 81' lang='grc' dir='ltr'>υί</span> <span class='ocrx_word' id='word_1_760' title='bbox 3598 4163 3656 4217; x_wconf 81' lang='grc' dir='ltr'>δέ</span> 
     </span>
    </p>
   </div>
   <div class='ocr_carea' id='block_1_106' title="bbox 2083 4248 3654 4321">
    <p class='ocr_par' dir='ltr' id='par_1_106' title="bbox 2083 4248 3654 4321">
     <span class='ocr_line' id='line_1_106' title="bbox 2083 4248 3654 4321; baseline -0.001 -16"><span class='ocrx_word' id='word_1_761' title='bbox 2083 4253 2158 4316; x_wconf 84' lang='grc' dir='ltr'>ὡς</span> <span class='ocrx_word' id='word_1_762' title='bbox 2216 4250 2537 4321; x_wconf 85' lang='grc' dir='ltr'>ὑπέμνησαν</span> <span class='ocrx_word' id='word_1_763' title='bbox 2587 4248 2717 4320; x_wconf 60' lang='grc' dir='ltr'>¹περὶ</span> <span class='ocrx_word' id='word_1_764' title='bbox 2762 4248 2995 4317; x_wconf 90' lang='grc' dir='ltr'>διαίτης,</span> <span class='ocrx_word' id='word_1_765' title='bbox 3053 4249 3260 4313; x_wconf 87' lang='grc' dir='ltr'>ἐκεῖνος</span> <span class='ocrx_word' id='word_1_766' title='bbox 3308 4251 3471 4321; x_wconf 77' lang='grc' dir='ltr'>μηδὲν</span> <span class='ocrx_word' id='word_1_767' title='bbox 3516 4250 3654 4321; x_wconf 71' lang='grc' dir='ltr'>ἔχων</span> 
     </span>
    </p>
   </div>
   <div class='ocr_carea' id='block_1_107' title="bbox 2080 4336 3654 4410">
    <p class='ocr_par' dir='ltr' id='par_1_107' title="bbox 2080 4336 3654 4410">
     <span class='ocr_line' id='line_1_107' title="bbox 2080 4336 3654 4410; baseline -0.002 -16"><span class='ocrx_word' id='word_1_768' title='bbox 2080 4339 2426 4410; x_wconf 89' lang='grc' dir='ltr'>παραθεῖναι,</span> <span class='ocrx_word' id='word_1_769' title='bbox 2487 4337 2642 4405; x_wconf 74' lang='grc' dir='ltr'>ἔλεγε</span> <span class='ocrx_word' id='word_1_770' title='bbox 2694 4336 2832 4409; x_wconf 84' lang='grc' dir='ltr'>πρὸς</span> <span class='ocrx_word' id='word_1_771' title='bbox 2878 4336 3097 4401; x_wconf 82' lang='grc' dir='ltr'>αὐτοὺς,</span> <span class='ocrx_word' id='word_1_772' title='bbox 3151 4337 3388 4401; x_wconf 88' lang='grc' dir='ltr'>Δυνατός</span> <span class='ocrx_word' id='word_1_773' title='bbox 3453 4338 3654 4391; x_wconf 88' lang='grc' dir='ltr'>ἐστινό</span> 
     </span>
    </p>
   </div>
   <div class='ocr_carea' id='block_1_108' title="bbox 2082 4420 3654 4498">
    <p class='ocr_par' dir='ltr' id='par_1_108' title="bbox 2082 4420 3654 4498">
     <span class='ocr_line' id='line_1_108' title="bbox 2082 4420 3654 4498; baseline -0.001 -18"><span class='ocrx_word' id='word_1_774' title='bbox 2082 4426 2213 4488; x_wconf 84' lang='grc' dir='ltr'>Θεὸς</span> <span class='ocrx_word' id='word_1_775' title='bbox 2262 4425 2551 4496; x_wconf 81' lang='grc' dir='ltr'>ἑτοιμάσαι</span> <span class='ocrx_word' id='word_1_776' title='bbox 2590 4423 2874 4495; x_wconf 77' lang='grc' dir='ltr'>τράπεζαν</span> <span class='ocrx_word' id='word_1_777' title='bbox 2901 4426 2959 4479; x_wconf 92' lang='grc' dir='ltr'>ἐν</span> <span class='ocrx_word' id='word_1_778' title='bbox 2983 4425 3198 4498; x_wconf 86' lang='grc' dir='ltr'>ἐρήμῳ.</span> <span class='ocrx_word' id='word_1_779' title='bbox 3252 4420 3426 4492; x_wconf 81' lang='grc' dir='ltr'>Εὐθὺς</span> <span class='ocrx_word' id='word_1_780' title='bbox 3460 4425 3517 4480; x_wconf 88' lang='grc' dir='ltr'>δέ</span> <span class='ocrx_word' id='word_1_781' title='bbox 3550 4426 3654 4497; x_wconf 83' lang='grc' dir='ltr'>πρὸ</span> 
     </span>
    </p>
   </div>
   <div class='ocr_carea' id='block_1_109' title="bbox 2076 4513 3657 4586">
    <p class='ocr_par' dir='ltr' id='par_1_109' title="bbox 2076 4513 3657 4586">
     <span class='ocr_line' id='line_1_109' title="bbox 2076 4513 3657 4586; baseline 0.002 -21"><span class='ocrx_word' id='word_1_782' title='bbox 2076 4514 2254 4585; x_wconf 85' lang='grc' dir='ltr'>θυρῶν</span> <span class='ocrx_word' id='word_1_783' title='bbox 2304 4516 2436 4578; x_wconf 88' lang='grc' dir='ltr'>παῖς</span> <span class='ocrx_word' id='word_1_784' title='bbox 2493 4530 2579 4577; x_wconf 92' lang='grc' dir='ltr'>τις</span> <span class='ocrx_word' id='word_1_785' title='bbox 2630 4513 2797 4577; x_wconf 84' lang='grc' dir='ltr'>καλὸς</span> <span class='ocrx_word' id='word_1_786' title='bbox 2848 4513 3062 4577; x_wconf 90' lang='grc' dir='ltr'>νεανίας</span> <span class='ocrx_word' id='word_1_787' title='bbox 3109 4513 3380 4585; x_wconf 88' lang='grc' dir='ltr'>ἐπέμενε,</span> <span class='ocrx_word' id='word_1_788' title='bbox 3444 4515 3657 4586; x_wconf 87' lang='grc' dir='ltr'>κρούων</span> 
     </span>
    </p>
   </div>
   <div class='ocr_carea' id='block_1_110' title="bbox 2081 4595 3651 4672">
    <p class='ocr_par' dir='ltr' id='par_1_110' title="bbox 2081 4595 3651 4672">
     <span class='ocr_line' id='line_1_110' title="bbox 2081 4595 3651 4672; baseline 0.001 -18"><span class='ocrx_word' id='word_1_789' title='bbox 2081 4602 2396 4672; x_wconf 79' lang='grc' dir='ltr'>εὐχομένων</span> <span class='ocrx_word' id='word_1_790' title='bbox 2427 4600 2629 4656; x_wconf 88' lang='grc' dir='ltr'>αὐτῶν.</span> <span class='ocrx_word' id='word_1_791' title='bbox 2680 4600 3015 4667; x_wconf 78' lang='grc' dir='ltr'>’Δνοίξαντες</span> <span class='ocrx_word' id='word_1_792' title='bbox 3047 4601 3103 4655; x_wconf 86' lang='grc' dir='ltr'>δὲ</span> <span class='ocrx_word' id='word_1_793' title='bbox 3133 4595 3271 4655; x_wconf 75' lang='grc' dir='ltr'>εἶδον</span> <span class='ocrx_word' id='word_1_794' title='bbox 3299 4602 3390 4655; x_wconf 86' lang='grc' dir='ltr'>τὸν</span> <span class='ocrx_word' id='word_1_795' title='bbox 3412 4602 3651 4667; x_wconf 88' lang='grc' dir='ltr'>νεανίαν,</span> 
     </span>
    </p>
   </div>
   <div class='ocr_carea' id='block_1_111' title="bbox 2076 4684 3654 4761">
    <p class='ocr_par' dir='ltr' id='par_1_111' title="bbox 2076 4684 3654 4761">
     <span class='ocr_line' id='line_1_111' title="bbox 2076 4684 3654 4761; baseline 0.001 -19"><span class='ocrx_word' id='word_1_796' title='bbox 2076 4691 2308 4761; x_wconf 84' lang='grc' dir='ltr'>σπυρίδα</span> <span class='ocrx_word' id='word_1_797' title='bbox 2381 4690 2623 4760; x_wconf 86' lang='grc' dir='ltr'>μεγάλην</span> <span class='ocrx_word' id='word_1_798' title='bbox 2688 4689 2892 4760; x_wconf 82' lang='grc' dir='ltr'>μεστὴν</span> <span class='ocrx_word' id='word_1_799' title='bbox 2946 4690 3127 4761; x_wconf 83' lang='grc' dir='ltr'>ἄρτων</span> <span class='ocrx_word' id='word_1_800' title='bbox 3199 4706 3257 4742; x_wconf 84' lang='grc' dir='ltr'>τε</span> <span class='ocrx_word' id='word_1_801' title='bbox 3311 4689 3407 4743; x_wconf 79' lang='grc' dir='ltr'>καὶ</span> <span class='ocrx_word' id='word_1_802' title='bbox 3458 4684 3654 4744; x_wconf 86' lang='grc' dir='ltr'>ἐλαιῶν</span> 
     </span>
    </p>
   </div>
   <div class='ocr_carea' id='block_1_112' title="bbox 2075 4764 3656 4848">
    <p class='ocr_par' dir='ltr' id='par_1_112' title="bbox 2075 4764 3656 4848">
     <span class='ocr_line' id='line_1_112' title="bbox 2075 4764 3656 4848; baseline 0.001 -18"><span class='ocrx_word' id='word_1_803' title='bbox 2075 4764 2300 4848; x_wconf 75' lang='grc' dir='ltr'>ἔχοντα’·</span> <span class='ocrx_word' id='word_1_804' title='bbox 2346 4776 2734 4845; x_wconf 82' lang='grc' dir='ltr'>ὑποδεξάμενοι</span> <span class='ocrx_word' id='word_1_805' title='bbox 2766 4777 2823 4830; x_wconf 81' lang='grc' dir='ltr'>δὲ</span> <span class='ocrx_word' id='word_1_806' title='bbox 2855 4778 2997 4831; x_wconf 90' lang='grc' dir='ltr'>αὑτά</span> <span class='ocrx_word' id='word_1_807' title='bbox 3028 4775 3462 4847; x_wconf 90' lang='grc' dir='ltr'>μετελάμϐανον,</span> <span class='ocrx_word' id='word_1_808' title='bbox 3493 4778 3656 4847; x_wconf 86' lang='grc' dir='ltr'>εὐχα-</span> 
     </span>
    </p>
   </div>
   <div class='ocr_carea' id='block_1_113' title="bbox 2078 4862 3655 4936">
    <p class='ocr_par' dir='ltr' id='par_1_113' title="bbox 2078 4862 3655 4936">
     <span class='ocr_line' id='line_1_113' title="bbox 2078 4862 3655 4936; baseline 0.001 -19"><span class='ocrx_word' id='word_1_809' title='bbox 2078 4864 2387 4936; x_wconf 89' lang='grc' dir='ltr'>ριστοῦντες</span> <span class='ocrx_word' id='word_1_810' title='bbox 2435 4864 2512 4934; x_wconf 80' lang='grc' dir='ltr'>τῷ</span> <span class='ocrx_word' id='word_1_811' title='bbox 2554 4863 2764 4935; x_wconf 83' lang='grc' dir='ltr'>Κυρίῳ,</span> <span class='ocrx_word' id='word_1_812' title='bbox 2810 4864 2904 4916; x_wconf 89' lang='grc' dir='ltr'>τοῦ</span> <span class='ocrx_word' id='word_1_813' title='bbox 2965 4862 3156 4927; x_wconf 80' lang='grc' dir='ltr'>παιδὸς</span> <span class='ocrx_word' id='word_1_814' title='bbox 3204 4863 3365 4927; x_wconf 81' lang='grc' dir='ltr'>εὐθὺς</span> <span class='ocrx_word' id='word_1_815' title='bbox 3416 4864 3655 4935; x_wconf 85' lang='grc' dir='ltr'>ἀφανοῦς</span> 
     </span>
    </p>
   </div>
   <div class='ocr_carea' id='block_1_114' title="bbox 2074 4950 3655 5024">
    <p class='ocr_par' dir='ltr' id='par_1_114' title="bbox 2074 4950 3655 5024">
     <span class='ocr_line' id='line_1_114' title="bbox 2074 4950 3655 5024; baseline 0 -18"><span class='ocrx_word' id='word_1_816' title='bbox 2074 4954 2386 5024; x_wconf 86' lang='grc' dir='ltr'>γενομένου,</span> <span class='ocrx_word' id='word_1_817' title='bbox 2429 4952 2615 5005; x_wconf 81' lang='grc' dir='ltr'>Ταῦτά</span> <span class='ocrx_word' id='word_1_818' title='bbox 2645 4968 2704 5004; x_wconf 90' lang='grc' dir='ltr'>τε</span> <span class='ocrx_word' id='word_1_819' title='bbox 2736 4951 2831 5004; x_wconf 73' lang='grc' dir='ltr'>καὶ</span> <span class='ocrx_word' id='word_1_820' title='bbox 2875 4951 3008 5006; x_wconf 86' lang='grc' dir='ltr'>ἀλλα</span> <span class='ocrx_word' id='word_1_821' title='bbox 3052 4951 3277 5006; x_wconf 88' lang='grc' dir='ltr'>πλείονα</span> <span class='ocrx_word' id='word_1_822' title='bbox 3310 4950 3601 5023; x_wconf 77' lang='grc' dir='ltr'>θαυμαστά</span> <span class='ocrx_word' id='word_1_823' title='bbox 3627 4954 3655 5006; x_wconf 91' lang='grc' dir='ltr'>ὀ</span> 
     </span>
    </p>
   </div>
   <div class='ocr_carea' id='block_1_115' title="bbox 2076 5038 3653 5113">
    <p class='ocr_par' dir='ltr' id='par_1_115' title="bbox 2076 5038 3653 5113">
     <span class='ocr_line' id='line_1_115' title="bbox 2076 5038 3653 5113; baseline 0.001 -19"><span class='ocrx_word' id='word_1_824' title='bbox 2076 5042 2257 5112; x_wconf 84' lang='grc' dir='ltr'>πατὴρ</span> <span class='ocrx_word' id='word_1_825' title='bbox 2293 5041 2520 5112; x_wconf 82' lang='grc' dir='ltr'>Κοπρῆς</span> <span class='ocrx_word' id='word_1_826' title='bbox 2560 5041 2693 5110; x_wconf 80' lang='grc' dir='ltr'>ήμῖν</span> <span class='ocrx_word' id='word_1_827' title='bbox 2726 5038 3151 5111; x_wconf 89' lang='grc' dir='ltr'>ὑφηγησάμενος</span> <span class='ocrx_word' id='word_1_828' title='bbox 3184 5041 3280 5096; x_wconf 76' lang='grc' dir='ltr'>καὶ</span> <span class='ocrx_word' id='word_1_829' title='bbox 3323 5041 3653 5113; x_wconf 86' lang='grc' dir='ltr'>φιλοφρονη-</span> 
     </span>
    </p>
   </div>
   <div class='ocr_carea' id='block_1_116' title="bbox 2077 5126 3655 5200">
    <p class='ocr_par' dir='ltr' id='par_1_116' title="bbox 2077 5126 3655 5200">
     <span class='ocr_line' id='line_1_116' title="bbox 2077 5126 3655 5200; baseline -0.001 -16"><span class='ocrx_word' id='word_1_830' title='bbox 2077 5130 2312 5198; x_wconf 83' lang='grc' dir='ltr'>σάμενος</span> <span class='ocrx_word' id='word_1_831' title='bbox 2359 5130 2509 5198; x_wconf 79' lang='grc' dir='ltr'>ἡμᾶς</span> <span class='ocrx_word' id='word_1_832' title='bbox 2565 5126 2710 5181; x_wconf 86' lang='grc' dir='ltr'>κατά</span> <span class='ocrx_word' id='word_1_833' title='bbox 2751 5128 2971 5198; x_wconf 89' lang='grc' dir='ltr'>τρόπον,</span> <span class='ocrx_word' id='word_1_834' title='bbox 3006 5129 3086 5191; x_wconf 83' lang='grc' dir='ltr'>είς</span> <span class='ocrx_word' id='word_1_835' title='bbox 3128 5128 3221 5181; x_wconf 79' lang='grc' dir='ltr'>τὸν</span> <span class='ocrx_word' id='word_1_836' title='bbox 3252 5128 3443 5183; x_wconf 89' lang='grc' dir='ltr'>ἐαυτοῦ</span> <span class='ocrx_word' id='word_1_837' title='bbox 3477 5130 3655 5200; x_wconf 85' lang='grc' dir='ltr'>κῆπον</span> 
     </span>
    </p>
   </div>
   <div class='ocr_carea' id='block_1_117' title="bbox 2075 5214 3622 5286">
    <p class='ocr_par' dir='ltr' id='par_1_117' title="bbox 2075 5214 3622 5286">
     <span class='ocr_line' id='line_1_117' title="bbox 2075 5214 3622 5286; baseline 0.001 -17"><span class='ocrx_word' id='word_1_838' title='bbox 2075 5217 2358 5286; x_wconf 87' lang='grc' dir='ltr'>είσήγαγε,</span> <span class='ocrx_word' id='word_1_839' title='bbox 2396 5215 2657 5268; x_wconf 88' lang='grc' dir='ltr'>δεικνύων</span> <span class='ocrx_word' id='word_1_840' title='bbox 2701 5216 2835 5285; x_wconf 70' lang='grc' dir='ltr'>ἡμῖν</span> <span class='ocrx_word' id='word_1_841' title='bbox 2881 5214 3152 5283; x_wconf 87' lang='grc' dir='ltr'>φοίνικας,</span> <span class='ocrx_word' id='word_1_842' title='bbox 3185 5214 3281 5269; x_wconf 75' lang='grc' dir='ltr'>καὶ</span> <span class='ocrx_word' id='word_1_843' title='bbox 3325 5215 3460 5271; x_wconf 83' lang='grc' dir='ltr'>ἀλλα</span> <span class='ocrx_word' id='word_1_844' title='bbox 3503 5217 3622 5270; x_wconf 89' lang='grc' dir='ltr'>ὀπω</span> 
     </span>
    </p>
   </div>
   <div class='ocr_carea' id='block_1_118' title="bbox 2077 5304 3654 5378">
    <p class='ocr_par' dir='ltr' id='par_1_118' title="bbox 2077 5304 3654 5378">
     <span class='ocr_line' id='line_1_118' title="bbox 2077 5304 3654 5378; baseline -0.004 -18"><span class='ocrx_word' id='word_1_845' title='bbox 2077 5306 2224 5377; x_wconf 78' lang='grc' dir='ltr'>ρικά,</span> <span class='ocrx_word' id='word_1_846' title='bbox 2260 5306 2406 5375; x_wconf 81' lang='grc' dir='ltr'>ἅπερ</span> <span class='ocrx_word' id='word_1_847' title='bbox 2455 5305 2618 5367; x_wconf 84' lang='grc' dir='ltr'>αὐτὸς</span> <span class='ocrx_word' id='word_1_848' title='bbox 2654 5305 2711 5357; x_wconf 89' lang='grc' dir='ltr'>ἐν</span> <span class='ocrx_word' id='word_1_849' title='bbox 2756 5306 2821 5375; x_wconf 81' lang='grc' dir='ltr'>τῇ</span> <span class='ocrx_word' id='word_1_850' title='bbox 2853 5305 3043 5376; x_wconf 87' lang='grc' dir='ltr'>ἐρήμῳ</span> <span class='ocrx_word' id='word_1_851' title='bbox 3094 5304 3389 5374; x_wconf 87' lang='grc' dir='ltr'>ἐφύτευσεν</span> <span class='ocrx_word' id='word_1_852' title='bbox 3417 5305 3523 5359; x_wconf 80' lang='grc' dir='ltr'>ὑπὸ</span> <span class='ocrx_word' id='word_1_853' title='bbox 3553 5309 3654 5378; x_wconf 81' lang='grc' dir='ltr'>τῆς</span> 
     </span>
    </p>
   </div>
   <div class='ocr_carea' id='block_1_119' title="bbox 2072 5390 3649 5464">
    <p class='ocr_par' dir='ltr' id='par_1_119' title="bbox 2072 5390 3649 5464">
     <span class='ocr_line' id='line_1_119' title="bbox 2072 5390 3649 5464; baseline 0.001 -17"><span class='ocrx_word' id='word_1_854' title='bbox 2072 5394 2182 5447; x_wconf 91' lang='grc' dir='ltr'>τῶν</span> <span class='ocrx_word' id='word_1_855' title='bbox 2207 5394 2484 5464; x_wconf 88' lang='grc' dir='ltr'>ἀγροίκων</span> <span class='ocrx_word' id='word_1_856' title='bbox 2506 5394 2744 5455; x_wconf 86' lang='grc' dir='ltr'>πίστεως</span> <span class='ocrx_word' id='word_1_857' title='bbox 2776 5393 3167 5464; x_wconf 89' lang='grc' dir='ltr'>ὑπομνησθείς.</span> <span class='ocrx_word' id='word_1_858' title='bbox 3194 5394 3337 5463; x_wconf 77' lang='grc' dir='ltr'>Πρὸς</span> <span class='ocrx_word' id='word_1_859' title='bbox 3353 5392 3445 5457; x_wconf 81' lang='grc' dir='ltr'>οὓς</span> <span class='ocrx_word' id='word_1_860' title='bbox 3474 5390 3649 5459; x_wconf 75' lang='grc' dir='ltr'>εἶπεν,</span> 
     </span>
    </p>
   </div>
   <div class='ocr_carea' id='block_1_120' title="bbox 2073 5478 3651 5551">
    <p class='ocr_par' dir='ltr' id='par_1_120' title="bbox 2073 5478 3651 5551">
     <span class='ocr_line' id='line_1_120' title="bbox 2073 5478 3651 5551; baseline 0 -17"><span class='ocrx_word' id='word_1_861' title='bbox 2073 5482 2153 5534; x_wconf 81' lang='grc' dir='ltr'>ὅτι</span> <span class='ocrx_word' id='word_1_862' title='bbox 2184 5481 2418 5535; x_wconf 86' lang='grc' dir='ltr'>Δύναται</span> <span class='ocrx_word' id='word_1_863' title='bbox 2450 5480 2545 5534; x_wconf 64' lang='grc' dir='ltr'>καῖ¹</span> <span class='ocrx_word' id='word_1_864' title='bbox 2571 5483 2603 5551; x_wconf 81' lang='grc' dir='ltr'>ἡ</span> <span class='ocrx_word' id='word_1_865' title='bbox 2638 5478 2843 5551; x_wconf 78' lang='grc' dir='ltr'>ἔρημος</span> <span class='ocrx_word' id='word_1_866' title='bbox 2874 5481 3295 5551; x_wconf 88' lang='grc' dir='ltr'>καρποφορῆσαι</span> <span class='ocrx_word' id='word_1_867' title='bbox 3326 5483 3439 5545; x_wconf 86' lang='grc' dir='ltr'>τοῖς</span> <span class='ocrx_word' id='word_1_868' title='bbox 3470 5480 3651 5551; x_wconf 72' lang='grc' dir='ltr'>ἔχουσι</span> 
     </span>
    </p>
   </div>
   <div class='ocr_carea' id='block_1_121' title="bbox 2075 5562 3649 5639">
    <p class='ocr_par' dir='ltr' id='par_1_121' title="bbox 2075 5562 3649 5639">
     <span class='ocr_line' id='line_1_121' title="bbox 2075 5562 3649 5639; baseline 0.001 -18"><span class='ocrx_word' id='word_1_869' title='bbox 2075 5570 2258 5623; x_wconf 89' lang='grc' dir='ltr'>πίστιν</span> <span class='ocrx_word' id='word_1_870' title='bbox 2314 5572 2393 5632; x_wconf 85' lang='grc' dir='ltr'>είς</span> <span class='ocrx_word' id='word_1_871' title='bbox 2423 5569 2515 5622; x_wconf 78' lang='grc' dir='ltr'>τὸν</span> <span class='ocrx_word' id='word_1_872' title='bbox 2546 5568 2697 5622; x_wconf 84' lang='grc' dir='ltr'>Θεόν.</span> <span class='ocrx_word' id='word_1_873' title='bbox 2749 5568 2836 5631; x_wconf 84' lang='grc' dir='ltr'>Ὠς</span> <span class='ocrx_word' id='word_1_874' title='bbox 2874 5568 2982 5639; x_wconf 86' lang='grc' dir='ltr'>γὰρ</span> <span class='ocrx_word' id='word_1_875' title='bbox 3012 5562 3176 5632; x_wconf 74' lang='grc' dir='ltr'>εἶδον,</span> <span class='ocrx_word' id='word_1_876' title='bbox 3231 5568 3418 5639; x_wconf 78' lang='grc' dir='ltr'>φησὶν,</span> <span class='ocrx_word' id='word_1_877' title='bbox 3455 5568 3649 5632; x_wconf 82' lang='grc' dir='ltr'>αὐτοὺς</span> 
     </span>
    </p>
   </div>
   <div class='ocr_carea' id='block_1_122' title="bbox 2073 5654 3647 5729">
    <p class='ocr_par' dir='ltr' id='par_1_122' title="bbox 2073 5654 3647 5729">
     <span class='ocr_line' id='line_1_122' title="bbox 2073 5654 3647 5729; baseline 0 -18"><span class='ocrx_word' id='word_1_878' title='bbox 2073 5659 2172 5728; x_wconf 83' lang='grc' dir='ltr'>τὴν</span> <span class='ocrx_word' id='word_1_879' title='bbox 2202 5657 2431 5728; x_wconf 81' lang='grc' dir='ltr'>ψάμμον</span> <span class='ocrx_word' id='word_1_880' title='bbox 2468 5658 2819 5728; x_wconf 79' lang='grc' dir='ltr'>σπείραντας,</span> <span class='ocrx_word' id='word_1_881' title='bbox 2845 5657 2939 5710; x_wconf 74' lang='grc' dir='ltr'>καὶ</span> <span class='ocrx_word' id='word_1_882' title='bbox 2982 5656 3082 5727; x_wconf 85' lang='grc' dir='ltr'>τὴν</span> <span class='ocrx_word' id='word_1_883' title='bbox 3102 5654 3286 5727; x_wconf 87' lang='grc' dir='ltr'>χώραν</span> <span class='ocrx_word' id='word_1_884' title='bbox 3307 5657 3486 5711; x_wconf 90' lang='grc' dir='ltr'>αὐτῶν</span> <span class='ocrx_word' id='word_1_885' title='bbox 3515 5674 3647 5729; x_wconf 60' lang='grc' dir='ltr'>καρρη</span> 
     </span>
    </p>
   </div>
   <div class='ocr_carea' id='block_1_123' title="bbox 2076 5748 3549 5823">
    <p class='ocr_par' dir='ltr' id='par_1_123' title="bbox 2076 5748 3549 5823">
     <span class='ocr_line' id='line_1_123' title="bbox 2076 5748 3549 5823; baseline 0 -19"><span class='ocrx_word' id='word_1_886' title='bbox 2076 5752 2441 5823; x_wconf 82' lang='grc' dir='ltr'>ποφοροῦσαν,</span> <span class='ocrx_word' id='word_1_887' title='bbox 2469 5748 2624 5820; x_wconf 83' lang='grc' dir='ltr'>κάγὼ</span> <span class='ocrx_word' id='word_1_888' title='bbox 2646 5750 2705 5804; x_wconf 76' lang='grc' dir='ltr'>τὸ</span> <span class='ocrx_word' id='word_1_889' title='bbox 2729 5748 2861 5804; x_wconf 83' lang='grc' dir='ltr'>αὐτὸ</span> <span class='ocrx_word' id='word_1_890' title='bbox 2886 5749 3245 5818; x_wconf 81' lang='grc' dir='ltr'>ἐπιχειρήσας</span> <span class='ocrx_word' id='word_1_891' title='bbox 3271 5750 3549 5821; x_wconf 77' lang='grc' dir='ltr'>ἐπέτυχον.</span> 
     </span>
    </p>
   </div>
  </div>
