4112 6516
519 371 656 437 ίίϐ3

1047 486 1345 542 ΚΕΦΑΛΔΙ
1355 483 1444 538 ΟΝ
1487 478 1541 535 ε’
1550 519 1563 536 .

605 575 747 645 Περι
779 575 884 631 τοῦ
924 574 1074 630 ἁϐσᾶ
1119 572 1382 639 Ἀπέλλη
1412 569 1519 624 τοῦ
1549 563 1982 637 πρεσϐυτέρου.

593 665 801 737 Ἶδομεν
834 666 890 718 δὲ
914 666 1009 719 καὶ
1037 665 1226 735 ἕτερον
1252 660 1629 734 πρεσϐύτερον
1675 657 1733 709 ἐν
1760 656 1872 715 τοῖς
1906 650 2100 722 μέρεσι

518 759 631 819 τοῖς
665 754 979 824 ἀνωτέροις,
1028 753 1255 823 ὀνόματι
1302 748 1592 816 Ἀπέλλην,
1648 744 1817 813 ἄνδρα
1867 741 2097 801 δίκαιον,

518 845 619 916 τὴν
673 840 1042 914 χαλκευτικὴν
1087 840 1285 910 τέχνην
1338 836 1558 907 πρῶτον
1612 831 1959 904 μετελθόντα,
2006 828 2099 881 καὶ

519 932 733 987 ἐκεῖθεν
766 933 847 994 είς
880 931 1112 998 ἄσκησιν
1133 927 1413 1000 τραπέντα
1436 941 1452 955 ο
1478 923 1537 987 ὃς
1564 921 1813 981 ἐλθόντος
1843 918 1974 971 ποτὲ
2004 916 2099 969 τοῦ

518 1022 766 1077 διαϐόλου
811 1019 950 1091 πρὸς
979 1018 1142 1072 αὐτὸν
1174 1019 1230 1070 ἐν
1256 1014 1556 1085 γυναικείῳ
1598 1012 1867 1083 σχήματι,
1899 1009 1974 1072 ώς
2000 1006 2100 1072 τάς

520 1110 712 1182 χρείας
738 1109 849 1162 τῶν
882 1106 1131 1178 μοναχῶν
1170 1104 1456 1177 χαλκεύων
1485 1102 1806 1171 ἐτύγχανεν,
1844 1097 2101 1169 ἀρπάσας

520 1203 585 1253 ἐκ
614 1198 710 1252 τοῦ
756 1198 931 1268 πυρὸς
983 1194 1381 1267 πεπυρωμένον
1423 1194 1485 1248 τὸ
1526 1193 1773 1261 σιδήριον
1820 1193 1886 1261 τῇ
1932 1189 2099 1259 χειρὶ,

519 1288 609 1342 διὰ
644 1286 882 1355 σπουδῆς
914 1285 976 1340 τὸ
1026 1284 1318 1355 πρόσωπον
1351 1282 1522 1352 αὐτῆς
1558 1283 1677 1335 ὅλον
1703 1280 1799 1334 καὶ
1832 1278 1892 1333 τὸ
1941 1276 2101 1346 σῶμα

521 1376 879 1430 κατέκαυσεν.
910 1373 1020 1427 Καὶ
1038 1376 1239 1445 ἤκουον
1267 1372 1470 1445 ταύτης
1493 1374 1541 1426 οί
1569 1370 1788 1439 ἀδελφοὶ
1816 1364 2101 1430 ὀλολυζού-

524 1481 625 1534 σης
658 1465 715 1516 ἐν
742 1461 821 1533 τῷ
846 1462 1043 1532 κελλίῳ
1064 1480 1077 1493 ο
1110 1461 1171 1526 ἐξ
1196 1460 1406 1514 ἐκείνου
1430 1459 1616 1514 λοιπὸν
1644 1460 1672 1511 ό
1700 1457 1841 1527 ἀνὴρ
1870 1454 2101 1507 πάντοτε

520 1551 583 1604 τὸ
614 1550 855 1621 σιδήριον
888 1552 955 1621 τῇ
1002 1549 1144 1621 χειρὶ
1195 1552 1391 1620 κρατεῖ
1430 1544 1955 1616 πεπυρακτωμένον,
2005 1540 2102 1595 καὶ

527 1635 601 1710 μῆ
628 1638 1003 1709 βλαπτόμενος
1027 1655 1039 1668 ’
1067 1638 1125 1702 ὃς
1153 1640 1302 1709 ήμᾶς
1316 1637 1655 1708 φιλοφρόνως
1677 1634 2097 1703 ὑποδεξάμενος,

523 1725 652 1794 περὶ
716 1725 826 1779 τῶν
862 1726 959 1779 σὺν
1021 1724 1169 1794 αὐτῷ
1224 1725 1532 1796 γενομένων
1582 1722 1844 1790 ἀξιοθέων
1890 1719 2101 1792 ἀνδρῶν

523 1812 805 1885 ὑφηγεῖτο,
839 1811 920 1868 ἔτι
950 1811 1046 1866 νῦν
1072 1813 1395 1882 περιόντων.

1073 1901 1303 1953 ΚΕΦΑΛ
1315 1941 1327 1954 .
1381 1898 1502 1953 ΞΝ.

949 1987 1089 2056 Περὶ
1121 1987 1269 2044 ὰϐϐᾶ
1321 1985 1626 2041 Ἰωάννου.

598 2076 778 2142 ΙἜστι,
814 2076 1002 2147 φησὶν,
1032 2078 1090 2130 ἐν
1122 2078 1189 2147 τῇ
1223 2076 1415 2147 ἐρήμῳ
1443 2072 1615 2145 ταύτῃ
1646 2071 1875 2142 ἀδελφὸς
1904 2069 2107 2143 ἡμέτε-

528 2183 621 2239 ρος
664 2167 943 2236 Ἰωάννης,
977 2166 1142 2236 ἀλλης
1180 2165 1279 2233 μέν
1300 2164 1487 2218 λοιπὸν
1515 2164 1732 2234 ήλικίας
1771 2163 1980 2225 πάντας
2009 2159 2109 2231 μὲν

525 2257 652 2318 τοὺς
704 2254 801 2307 νῦν
854 2256 1121 2323 μοναχούς
1166 2255 1287 2315 ταῖς
1341 2252 1564 2322 ἀρεταῖς
1631 2249 2008 2321 ὑπερϐάλλων,
2049 2249 2108 2304 ὃν

526 2343 702 2404 οὐδεὶς
726 2341 935 2410 ταχέως
967 2341 1148 2409 εὑρεῖν
1176 2340 1420 2403 δύναται,
1440 2338 1528 2392 διὰ
1550 2338 1610 2392 τὸ
1639 2339 1724 2391 ἀεὶ
1759 2338 2108 2409 μεταϐαίνειν

528 2430 692 2484 αὐτὸν
717 2430 885 2483 τόπον
909 2431 972 2481 ἐκ
997 2428 1163 2481 τόπου
1192 2428 1250 2481 ἐν
1279 2431 1346 2498 τῇ
1381 2428 1593 2497 ἐρήμῳ.
1622 2420 1789 2489 Οὗτος
1803 2425 1865 2479 τὸ
1892 2427 2108 2496 πρῶτον

528 2517 705 2581 ἑστὼς
738 2518 830 2570 ἐπὶ
865 2516 1041 2587 τρισὶν
1086 2516 1261 2568 ἐτεσιν
1302 2514 1406 2567 ὑπὸ
1431 2516 1640 2583 πέτραν
1683 2515 1805 2567 τινὰ
1852 2513 2106 2582 πάντοτε,

529 2604 990 2676 προσευχόμενος,
1022 2603 1290 2656 διετέλεσε
1324 2603 1397 2673 μὴ
1442 2602 1673 2664 καθίσας
1706 2601 1846 2665 ὅλος,
1891 2599 1966 2672 μὴ
1995 2618 2108 2653 κοι-

534 2694 750 2765 μηθεὶς,
780 2692 895 2745 ἀλλ’
930 2694 1051 2745 ὅσον
1080 2691 1250 2755 ἐστὼς
1273 2691 1369 2744 τοῦ
1401 2690 1572 2743 ὕπνου
1601 2689 1760 2759 μόνον
1791 2686 2106 2758 ἀφήρπαζε,

530 2784 596 2853 τῇ
641 2783 896 2851 κυριακῇ
942 2781 1100 2851 μόνον
1135 2781 1232 2850 τῆς
1264 2777 1614 2850 εὐχαριστίας
1649 2776 2106 2847 μεταλαμϐάνων,

529 2872 625 2926 τοῦ
682 2870 1054 2943 πρεσϐυτέρου
1115 2869 1264 2940 αὐτῷ
1323 2866 1714 2938 ἀποφέροντος,
1774 2866 1904 2921 ἀλλο
1957 2867 2110 2921 οὐδὲν

530 2964 769 3034 διητᾶτο.
796 2961 907 3015 Καὶ
934 2961 998 3031 δὴ
1023 2960 1151 3030 μιᾶς
1174 2959 1281 3012 τῶν
1298 2957 1524 3029 ήμερῶν
1550 2956 2112 3026 μετασχηματισάμε-

530 3068 619 3115 νος
651 3050 841 3103 ἐαυτὸν
870 3049 898 3100 ὁ
931 3048 1175 3110 Σατανᾶς
1207 3047 1288 3107 είς
1317 3046 1408 3099 τὸν
1432 3044 1806 3115 πρεσϐύτερον
1827 3043 2111 3114 ταχυτέρω

532 3138 670 3210 πρὸς
696 3138 857 3191 αὐτὸν
895 3136 1106 3199 ἄπεισι,
1156 3133 1627 3206 προσποιούμενος
1658 3130 1808 3203 αὐτῷ
1853 3131 1953 3202 τὴν
1990 3148 2108 3185 κοι-
2136 3167 2181 3228 c

532 3230 729 3279 νωνίαν
760 3224 1077 3278 ἐπιδιδόναι.
1123 3223 1410 3290 Ἑπιγνοὺς
1454 3221 1513 3274 δὲ
1542 3221 1707 3274 αὐτὸν
1754 3221 1785 3273 ό
1839 3220 2109 3291 μακάριος

544 3314 801 3382 Ἰωάννης
825 3306 945 3365 εἷπε
965 3310 1102 3382 πρὸς
1128 3305 1389 3372 αὐτὸν,⁷Ω
1413 3308 1613 3372 παντὸς
1634 3308 1787 3361 δόλου
1813 3309 1907 3361 καὶ
1930 3309 2110 3377 πάσης

534 3402 886 3478 ῥᾳδιουργίας
925 3401 1124 3470 πάτερ,
1171 3398 1335 3470 ἐχθρέ
1383 3398 1565 3468 πάσης
1620 3397 1994 3468 δικαιοσύνης,
2048 3396 2109 3450 οὐ

532 3491 695 3545 παύει
742 3489 968 3544 ἀπατῶν
1001 3489 1099 3551 τάς
1155 3489 1263 3541 τῶν
1310 3488 1654 3558 Χριστιανῶν
1710 3487 1923 3557 ψυχὰς,
1977 3485 2112 3539 ἀλλά

530 3579 737 3650 τολμᾷς
772 3578 866 3631 καὶ
896 3578 1079 3640 αὐτοῖς
1109 3576 1369 3647 ἐπιϐῆναι
1414 3578 1528 3639 τοῖς
1574 3576 1866 3647 ἀκράντοις
1900 3590 2111 3644 μυστη-

535 3667 707 3744 ρίοις;
758 3670 816 3722 Ὀ
844 3668 902 3722 δέ
950 3667 1086 3738 πρὸς
1116 3667 1279 3721 αὐτὸν
1324 3667 1681 3736 ἀπεκρίνατο·
1716 3667 1874 3736 Παρὰ
1920 3666 2113 3737 μικρὸν

533 3758 802 3828 ἐκέρδησα
833 3756 897 3811 ἀν
933 3773 994 3809 σε
1025 3754 1370 3810 καταλαϐών.
1400 3754 1558 3808 Οὕτω
1589 3755 1697 3825 γὰρ
1735 3754 1829 3808 καί
1857 3772 1980 3808 τινα
2004 3754 2114 3807 τῶν

535 3845 644 3902 σῶν
676 3843 923 3914 ἀδελφῶν
964 3844 1347 3913 ἀπεπλάνησα.
1403 3845 1499 3897 καὶ
1545 3842 1783 3912 ἔκφρονα
1823 3843 2117 3912 γενόμενον

533 3939 613 4000 εἰς
645 3935 840 4006 μανίαν
870 3934 1172 4002 ἐπήγαγον.
1215 3932 1388 4004 Ύπέρ
1409 3927 1469 3987 οὐ
1496 3932 1681 3985 πολλοὶ
1712 3932 1914 3985 δίκαιοι
1946 3930 2116 3986 πολλά

533 4022 967 4094 προσευξάμενοι
1016 4020 1171 4091 μόλις
1217 4021 1445 4090 ἴσχυσαν
1509 4018 1671 4072 αὐτὸν
1728 4021 1807 4082 είς
1854 4018 2115 4091 φρόνησιν

532 4115 779 4182 ἀγαγεῖν.
838 4112 949 4164 Καὶ
999 4108 1174 4163 ταῦτα
1234 4108 1406 4163 εἰπὼν
1456 4111 1485 4164 ὁ
1545 4107 1756 4179 δαίμων
1802 4109 1898 4162 ἀπ’
1947 4106 2113 4161 αὐτοῦ

532 4200 847 4272 ἀπηλλάγη.

603 4290 1023 4362 Διαρῥαγέντων
1057 4287 1112 4341 δὲ
1142 4286 1308 4341 αὐτοῦ
1334 4288 1441 4341 τῶν
1472 4287 1650 4342 ποδῶν
1696 4297 1759 4341 ἐκ
1789 4287 1889 4357 τῆς
1920 4288 2117 4359 ἀκινη-

535 4379 655 4442 σίας
680 4378 776 4430 τοῦ
812 4376 1011 4429 πολλοῦ
1034 4377 1250 4445 χρόνου,
1284 4376 1378 4429 καὶ
1407 4376 1516 4428 τῶν
1537 4376 1749 4446 ἰχώρων
1778 4377 2117 4447 προερχομέ-

533 4485 662 4532 νων,
700 4465 929 4528 ἐπιστὰς
959 4464 1188 4533 ἄγγελος
1235 4464 1413 4535 ἥψατο
1464 4465 1557 4517 τοῦ
1619 4467 1905 4534 στόματος,
1968 4466 2115 4534 αὐτῷ

533 4556 730 4624 λέγων,
778 4553 835 4607 '0
867 4552 1074 4623 Κύριος
1108 4552 1261 4604 ἔσται
1296 4570 1377 4604 σοι
1418 4552 1624 4623 ἀληθὴς
1672 4553 1898 4623 βρῶσις,
1928 4554 2020 4605 καὶ
2049 4554 2109 4604 τὸ

536 4644 765 4715 Πνεῦμα
806 4644 869 4697 τὸ
902 4642 1057 4711 ἆγιον
1090 4641 1287 4711 ἀληθὲς
1325 4642 1497 4713 πόμα.
1524 4644 1632 4695 Καὶ
1667 4644 1829 4712 ἀρκεῖ
1865 4660 1945 4693 σοι
1974 4642 2111 4703 τέως

535 4735 573 4803 ἡ
591 4732 936 4803 πνευματικὴ
950 4732 1104 4795 πόσις
1120 4731 1213 4785 καὶ
1230 4732 1424 4802 τροφὴ,
1450 4733 1537 4784 ῖνα
1554 4731 1628 4800 μὴ
1646 4730 1905 4802 πλησθεὶς
1927 4730 2114 4798 ἐξεμέ-

536 4838 637 4896 σῃς
658 4838 673 4853 θ
722 4823 815 4876 καὶ
846 4820 1197 4892 θεραπεύσας
1224 4821 1386 4874 αὐτὸν
1422 4820 1754 4889 μετέστησεν
1784 4821 1848 4871 ἐκ
1888 4818 1983 4871 τοῦ
2021 4818 2109 4871 τό-

537 4928 661 4964 που.
709 4911 875 4979 Διῆγε
915 4911 971 4963 δὲ
1001 4909 1141 4962 κατὰ
1175 4908 1273 4977 τὴν
1320 4907 1524 4978 ἔρημον
1572 4905 1756 4959 λοιπὸν
1811 4908 2111 4977 περιάγων,

537 5000 631 5053 καὶ
662 4998 858 5051 ἐσθίων
889 4998 1143 5067 βοτάνας.
1175 4996 1251 5067 Τῇ
1285 4998 1541 5065 Κυριακῇ
1591 4995 1648 5048 δέ
1679 4997 1760 5059 είς
1816 4996 1908 5049 τὸν
1952 4996 2115 5049 αὐτόν

536 5088 699 5141 τόπον
766 5086 1063 5156 ηὑρίσκετο
1139 5086 1238 5153 τῆς
1293 5084 1581 5146 κοινωνίας
1655 5084 2114 5154 μεταλαμϐάνων,

538 5176 678 5232 Baio.
714 5174 770 5227 δὲ
808 5173 964 5241 ὀλίγα
1011 5173 1160 5243 παρά
1190 5171 1284 5225 τοῦ
1324 5170 1693 5242 πρεσϐυτέρου
1730 5173 2113 5242 αἰτησάμενος,

540 5262 713 5327 ζώνας
744 5264 854 5323 τοῖς
883 5258 1041 5324 ζώοις
1064 5260 1367 5330 εἰργάζετο.
1400 5259 1758 5329 Βουληθέντος
1776 5260 1832 5312 δέ
1861 5260 2117 5314 ἀπελθεῖν

541 5351 674 5419 πρδς
706 5348 867 5401 αὐτὸν
910 5346 1086 5418 χωλοῦ
1126 5365 1270 5409 τινος
1320 5346 1617 5416 θεραπείας
1646 5347 1833 5413 ἕνεκα,
1871 5353 1963 5401 καὶ¹
1993 5350 2117 5401 ἐπι-

541 5440 733 5498 ϐάντος
772 5437 931 5507 μόνον
968 5436 1045 5505 τῷ
1076 5437 1201 5505 ὄνῳ,
1234 5435 1308 5499 ώς
1353 5436 1399 5487 οἱ
1428 5435 1586 5498 πόδες
1616 5436 1783 5489 αὐτοῦ
1827 5440 1989 5506 μόνον
2020 5440 2119 5509 τῆς

539 5528 716 5600 ζώνης
740 5529 950 5598 ἥψαντο
970 5528 1067 5595 τῆς
1098 5526 1245 5595 παρά
1274 5524 1367 5578 τοῦ
1403 5526 1559 5591 ἁγίου
1578 5526 1771 5595 ἀνδρὸς
1794 5528 2117 5597 γενομένης,

542 5619 886 5689 παραχρῆμα
959 5617 1332 5686 ἐθεραπεύθηο
1415 5615 1603 5668 ἀλλο-ιε
1687 5615 1937 5683 εὐλογίας
2010 5620 2118 5679 τοῖς

539 5709 847 5778 ἀρρώστοις
874 5693 1187 5771 ἀπέστειλε,
1224 5706 1318 5758 καὶ
1352 5704 1750 5775 ἀπηλλάγησαν
1780 5706 1984 5766 εὐθέως
2023 5708 2119 5775 τῆς

544 5800 720 5858 νόσοι).
782 5795 1249 5851 Ἀποκαλύπτεται
1302 5797 1359 5850 δέ
1412 5796 1560 5868 αὑτῴ
1611 5795 1739 5867 περὶ
1794 5798 1902 5851 τῶν
1954 5798 2117 5851 αὐτοῦ

1970 344 2326 411 PALLADII

2129 465 2178 523 Α
2210 462 2613 534 μοναστηρίων,
2638 464 2721 519 δτι
2750 467 2896 533 τινές
2925 468 3109 525 αὐτῶν
3141 469 3239 526 οὐκ
3271 471 3433 545 ὀρθήν
3459 472 3620 546 έχουσι
3643 497 3724 534 που

3606 354 3717 423 ιιδι

2211 554 2420 607 λιτείαν
2448 572 2459 583 ·
2489 556 2583 608 καὶ
2623 558 2829 627 γράφει
2875 562 3043 615 πᾶσιν
3072 564 3361 636 ἐπιστολήν
3387 564 3473 620 διὰ
3500 566 3585 621 τοῦ
3618 588 3728 642 πρε-

2202 645 2491 718 σϐυτέρου,
2530 649 2612 702 ὅτι
2642 650 2692 702 οί
2736 650 2835 720 μέν
2862 668 3015 717 τινες
3042 654 3397 726 ρᾳθυμοῦσιν,
3425 659 3471 710 οί
3500 658 3552 712 δέ
3592 662 3732 713 σπεύ-

2199 735 2350 788 δουσι
2410 736 2548 806 πρὸς
2599 739 2823 809 ἀρετήν.
2891 741 3002 795 Καὶ
3074 742 3272 813 εὑρέθη
3330 744 3543 816 ἀλήθεια
3588 746 3732 812 οὕτως

2200 822 2420 893 ἔχουσα.
2459 824 2664 894 Γράφει
2714 827 2772 881 δὲ
2810 828 2904 881 καὶ
2942 833 3058 895 τοῖς
3088 831 3389 901 Πατράσιν,
3417 833 3493 886 ὃτι
3537 834 3733 902 τινέςέξ

2200 911 2380 965 αὐτῶν
2404 912 2731 985 ὀλιγωροῦσι
2758 918 2888 988 περὶ
2919 921 3017 990 τῆς
3053 919 3165 972 τῶν
3187 919 3429 989 ἀδελφῶν
3460 924 3731 992 σωτηρίας·

2200 1000 2351 1055 ἄλλοι
2393 1002 2450 1055 δὲ
2493 1001 2699 1067 ἱκανῶς
2754 1007 3138 1075 παρακαλοῦσι
3162 1022 3177 1038 ο
3222 1009 3318 1061 καὶ
3351 1009 3611 1079 ἑκατέρων
3652 1010 3735 1075 τὰς

2199 1090 2367 1160 τιμὰς
2394 1091 2486 1143 καὶ
2526 1090 2625 1155 τὰς
2652 1092 2907 1159 κολάσεις
2947 1096 3310 1167 ἀπήγγειλεν.
3341 1096 3451 1150 Καὶ
3486 1097 3633 1151 πάλιν
3655 1098 3737 1153 6.1-

2200 1177 2328 1243 λους
2371 1179 2510 1249 πρὸς
2545 1180 2646 1251 τήν
2686 1182 3034 1255 τελειοτέραν
3078 1185 3411 1239 κατάστασιν
3443 1185 3738 1256 προσκαλού-

2204 1284 2388 1337 μενος,
2438 1268 2895 1340 ὑπεμίμνησκεν,
2942 1270 3052 1325 ἀπό
3105 1271 3212 1325 τῶν
3254 1271 3526 1343 αἰσθητῶν
3557 1273 3629 1336 είς
3656 1273 3739 1346 τήν

2201 1357 2389 1423 νόησιν
2421 1354 2750 1427 ἀναχωρεῖν.
2784 1357 2991 1428 Καιρδς
3023 1361 3133 1429 γὰρ
3179 1358 3479 1432 λοιπὺντήν
3518 1360 3740 1432 τοιαύτην

2202 1444 2542 1524 ἐνδείξασθαι
2582 1445 2882 1503 πολιτείαν.
2939 1448 3015 1499 Οὐ
3060 1447 3170 1518 γὰρ
3206 1448 3430 1514 παῖδες,
3475 1449 3618 1520 φησὶ,
3663 1451 3741 1504 καὶ

2202 1536 2387 1603 νήπιοι
2414 1536 2505 1589 τὸν
2533 1536 2723 1589 πάντα
2747 1536 2939 1607 χρόνον
2981 1536 3275 1609 ὀφείλομεν
3313 1537 3595 1608 διαμένειν,
3643 1538 3741 1592 ἀλλ’

2202 1624 2304 1694 ήδη
2332 1625 2445 1687 τοῖς
2487 1624 2849 1696 τελειοτέροις
2898 1624 3202 1681 ἐπιϐαίνειν
3239 1626 3507 1697 νοήμασι,
3541 1622 3626 1679 καὶ
3658 1627 3741 1696 τῆς

2203 1712 2458 1783 ἀνδρείας
2532 1712 2847 1783 ἐφάψασθαι
2896 1713 2992 1767 καὶ
3042 1716 3164 1777 ταῖς
3236 1711 3521 1784 μεγίσταις
3553 1716 3740 1787 ἀρεταῖς

2134 1826 2178 1882 Β
2208 1803 2485 1873 ἐπιϐῆναι.
2526 1802 2715 1856 Ταῦτα
2760 1802 2857 1855 καὶ
2886 1806 3091 1855 τούτων
3125 1800 3348 1855 πλείονα
3370 1802 3399 1855 ὀ
3434 1803 3611 1874 Πατὴρ
3635 1802 3741 1873 περὶ

2208 1890 2301 1943 τοῦ
2333 1890 2523 1960 ἀνδρὸς
2549 1890 2790 1959 διηγεῖτο
2809 1906 2823 1921 ·
2865 1889 3008 1961 ἅπερ
3038 1890 3107 1942 δι’
3154 1888 3463 1961 ὑπερϐολὴν
3509 1888 3742 1960 θαύματος

2209 1978 2427 2032 ἅπαντα
2456 1978 2557 2031 οὐκ
2591 1977 2913 2047 ἐγράψαμεν
2936 1991 2950 2006 ·
2978 1977 3078 2047 οὐχ
3101 1976 3185 2029 ὅτι
3214 1976 3316 2030 οὐκ
3335 1971 3404 2047 ἦν
3432 1974 3745 2047 mamma

2206 2065 2294 2120 διὰ
2322 2067 2424 2137 τήν
2456 2082 2617 2118 τινων
2643 2065 2926 2119 ἀπιστίαν.
2963 2063 3156 2135 Ἦμεῖς
3189 2063 3248 2117 δέ
3283 2063 3481 2128 ἱκανῶς
3508 2064 3745 2136 πεπληρο-

2208 2155 2495 2225 φορήμεθα
2534 2154 2748 2208 πολλῶν
2775 2155 2872 2209 καὶ
2913 2154 3166 2226 μεγάλων
3218 2153 3292 2208 τὰ
3349 2154 3488 2209 αὐτὰ
3520 2154 3639 2226 ἡμῖν
3677 2152 3744 2207 δι-

2207 2241 2548 2313 ηγουμένων,
2580 2240 2675 2296 καὶ
2700 2241 2891 2305 αὐταῖς
2919 2242 3105 2312 ὕψεσιν
3132 2242 3481 2313 ἑωρακότων.

2752 2330 3005 2385 ΚΕΦΔΛ.
3052 2328 3172 2385 ΞΒ’.

2588 2418 2727 2488 Περὶ
2754 2417 2907 2476 ἀϐϐἆ
2947 2420 3356 2490 Παφνουτίου.

2292 2507 2673 2575 Ἐθεασάμεθα
2702 2508 2759 2560 δὲ
2790 2508 2885 2562 καὶ
2911 2507 3100 2579 ἕτερον
3127 2509 3296 2562 τόπον
3323 2507 3645 2578 Παφνουτίου
3670 2506 3747 2561 τοῦ

2208 2595 2595 2667 ἀναχωρητοῦ,
2637 2596 2829 2667 ἀνδρὸς
2875 2598 3114 2667 μεγάλου
3164 2597 3260 2650 καὶ
3305 2597 3592 2668 ἐναρέτουο
3629 2594 3749 2658 δςοὸ

2210 2686 2317 2755 πρὸ
2347 2683 2547 2738 πολλοῦ
2574 2701 2721 2748 τινος
2751 2685 2944 2756 χρόνου
2982 2685 3277 2758 ἐτελειώθη
3310 2689 3370 2741 ἐν
3398 2689 3464 2758 τῇ
3496 2685 3750 2758 περιχώρῳ

2220 2772 2535 2844 Ἠρακλέως
2588 2773 2690 2845 τῆς
2746 2773 3047 2844 Θηϐάῖδος·
3100 2777 3231 2847 περὶ
3284 2768 3350 2830 οὗ
3403 2775 3581 2829 πολλοὶ
3608 2773 3751 2827 πολλά

2209 2861 2555 2934 διηγήσαντο.

2318 2970 2321 2973 ·
2767 2949 3023 3007 ΚΕΦΑΛ.
3078 2952 3199 3009 ΞΓ.

2708 3041 2849 3109 Περὶ
2874 3042 3277 3113 σαλπιγκτοῦ.

2284 3122 2457 3193 Οὑτος
2490 3127 2633 3199 μετά
2669 3128 2872 3199 πολλὴν
2906 3129 3141 3201 ἄσκησιν
3178 3131 3365 3186 δέεται
3400 3132 3492 3187 τοῦ
3526 3130 3647 3186 Θεοῦ
3666 3131 3753 3186 τίνι

2213 3216 2323 3270 τῶν
2357 3216 2823 3289 κατορθωσάντων
2846 3220 3015 3289 ἁγίων
3041 3222 3152 3292 ἄρα
3173 3221 3260 3290 είη
3296 3222 3498 3292 ὅμοιος.
3527 3221 3752 3291 Ἀγγελος

2211 3309 2269 3362 δὲ
2306 3310 2497 3381 ὀφθεὶς
2529 3306 2686 3364 εἶπεν
2747 3313 2898 3383 αὐτῷ
2918 3329 2933 3344 ’
2968 3314 3193 3384 Ὅμοιος
3228 3308 3278 3365 εἴ
3307 3312 3445 3384 τῷδε
3478 3312 3552 3382 τῷ
3578 3312 3751 3382 αὐλητῇ

2212 3400 2291 3471 τῷ
2315 3402 2372 3453 ἐν
2419 3402 2547 3471 τῇδε
2600 3404 2668 3473 τῇ
2704 3401 2858 3456 πόλει
2905 3402 3171 3471 διάγοντι.
3206 3402 3265 3456 '0
3297 3404 3357 3457 δὲ
3398 3403 3530 3473 μετά
3556 3401 3753 3470 σπουδῆς

2214 3489 2465 3557 ὁρμήσας
2509 3484 2855 3559 πρδςαύτὸν,
2881 3490 3110 3545 ἐπύθετο
3148 3491 3285 3562 παρ’
3314 3490 3480 3545 αὐτοῦ
3503 3490 3594 3561 τήν
3619 3486 3754 3543 αὐτοῦ

2217 3574 2488 3639 πολιτίαν,
2525 3576 2621 3630 καὶ
2662 3578 2761 3641 τὰς
2793 3579 3024 3650 πράξεις
3068 3580 3235 3633 αὐτοῦ
3276 3580 3606 3651 διερευνάτο.
3643 3574 3755 3629 Ὀδέ

2216 3663 2351 3733 φησὶ
2376 3664 2510 3734 πρὸς
2556 3666 2740 3731 αὐτὸν,
2774 3667 2911 3737 ὅπερ
2944 3668 3040 3721 καὶ
3085 3664 3152 3739 ἦν
3207 3668 3433 3736 ἀληθὲς,
3472 3665 3757 3738 ἁμαρτωλὸν

2217 3752 2410 3805 ἐαυτὸν
2437 3749 2575 3805 εἶναι
2604 3754 2700 3807 καὶ
2739 3754 2995 3824 μέθυσον,
3032 3758 3128 3810 καὶ
3151 3758 3377 3828 πόρνον,
3401 3759 3460 3811 οὐ
3479 3757 3576 3827 πρὸ
3592 3752 3755 3808 πολλοῦ

2214 3856 2359 3901 τινος
2387 3842 2580 3911 χρόνου
2605 3844 2668 3895 ἐκ
2688 3842 2786 3911 τῆς
2806 3842 3107 3914 λῃστρικῆς
3133 3845 3211 3907 εἰς
3229 3844 3395 3899 τοῦτο
3419 3840 3753 3917 μεταϐληθείςο

2232 3926 2319 3990 Ὠς
2363 3926 2419 3980 δὲ
2450 3929 2773 3999 ήκριϐεύετο
2814 3931 2944 4000 παρ’
2970 3931 3159 3996 αὐτοῦ,
3197 3931 3251 3984 τί
3290 3933 3406 3988 τῶν
3437 3931 3604 3987 καλῶν
3636 3926 3757 3997 αὐτῷ

2218 4014 2552 4087 κατώρθωτο
2583 4017 2826 4082 πώποτε,
2851 4019 3021 4089 ἔφησε
3054 4019 3189 4091 πρὸς
3221 4020 3390 4074 αὐτὸν
3419 4022 3578 4092 μηδὲν
3604 4019 3756 4087 ἓτερον

2217 4110 2394 4179 ἐαυτῷ
2431 4108 2594 4161 καλὸν
2640 4109 2962 4172 συνειδέναι,
3010 4108 3147 4180 πλὴν
3180 4109 3261 4161 ὅτι
3311 4111 3447 4163 ποτὲ
3495 4112 3549 4163 ἐν
3588 4108 3655 4178 τῷ
3682 4106 3759 4178 λῃο

2220 4202 2430 4273 στρικῷ
2457 4203 2607 4271 τόπῳ
2640 4201 2900 4271 ὑπάρχων
2930 4200 3198 4271 παρθένον
3233 4200 3475 4271 Χριστοῦ
3502 4199 3759 4270 μέλλουσαν

2219 4292 2324 4345 ὑπὸ
2352 4292 2567 4362 λῃστῶν
2599 4290 2989 4361 διαφθαρῆναι,
3034 4290 3275 4354 ἐξείλατο
3302 4291 3519 4355 νυκτὸς,
3544 4288 3629 4341 καὶ
3654 4289 3758 4357 ἄχρι

2218 4383 2316 4451 τῆς
2342 4381 2534 4451 κώμης
2555 4378 3023 4449 ἀποκατέστησεν.
3048 4379 3270 4431 ’Λλλοτε
3299 4379 3361 4431 δὲ
3388 4378 3543 4432 πάλιν
3562 4378 3759 4445 γυναῖκα

2148 4508 2193 4561 υ
2223 4468 2500 4539 εὔμορφον
2554 4466 2728 4537 εὑρών
2800 4466 3361 4561 πλανωμένην-’κατὰ
3411 4468 3508 4535 τὴν
3568 4464 3758 4561 ἔρημονἔ

2223 4556 2656 4625 φυγαδευθεῖσαν
2688 4554 2793 4607 ὑπὸ
2823 4554 2932 4606 τῶν
2954 4552 3240 4618 ταξεωτῶν
3271 4553 3369 4606 τοῦ
3399 4555 3643 4622 ἄρχοντος
3684 4545 3762 4600 καὶ

2225 4644 2338 4697 τῶν
2393 4642 2696 4711 βουλευτῶν
2741 4642 2828 4694 διὰ
2875 4642 3035 4711 χρέος
3076 4641 3339 4711 δημόσιον
3388 4640 3646 4710 ἀνδρικὸν,
3686 4633 3764 4686 καὶ

2228 4733 2396 4787 ἀποδυ
2407 4734 2641 4802 ρομένην
2664 4731 2761 4801 τὴν
2782 4730 3009 4801 πλάνην,
3040 4730 3321 4800 ἐπυθόμην
3352 4730 3482 4801 παρ’
3504 4728 3661 4794 αὐτῆς
3684 4721 3763 4775 τοῦ

2226 4822 2459 4893 ὀδυρμοῦ
2509 4821 2604 4891 τὴν
2645 4822 2845 4874 αἰτίαν.
2897 4819 2957 4873 Ἦ
2986 4821 3041 4873 δέ
3075 4815 3214 4872 εἷπε·
3253 4819 3439 4889 Μηδέν
3488 4835 3551 4888 με
3594 4814 3764 4887 ἐρώτα.

2228 4911 2483 4975 δέσποτα,
2542 4910 2677 4978 μηδέ
2726 4908 2944 4973 ἐξέταζε
2972 4908 3069 4977 τὴν
3113 4906 3328 4970 ἀθλίαν,
3372 4906 3485 4959 ἀλλ’
3532 4905 3598 4966 ὡς
3632 4904 3767 4971 θεραο

2232 5000 2451 5053 παινίδα
2486 5000 2607 5069 σὴν,
2628 4999 2763 5051 ὅπου
2804 4997 3005 5068 βούλει,
3035 4988 3317 5062 ἀπάγαγε.
3341 4994 3449 5047 Τοῦ
3481 4994 3583 5063 γὰρ
3604 4988 3765 5059 ἀνδρός

2232 5104 2334 5155 μου
2378 5086 2639 5148 πολλάκις
2673 5085 3065 5155 μαστιχθέντος
3103 5085 3195 5137 ἐπὶ
3232 5084 3381 5155 διετῆ
3420 5081 3604 5153 χρόνον
3648 5078 3766 5145 ὑπὲρ

2227 5176 2417 5246 χρέους
2465 5174 2728 5244 δημοσίου
2773 5170 3045 5243 χρυσίνων
3076 5172 3426 5241 τριακοσίων,
3469 5171 3561 5225 καὶ
3588 5170 3641 5222 ἐν
3678 5182 3767 5233 qau-

2225 5266 2365 5335 λακῇ
2399 5263 2825 5334 καθειργμένου,
2878 5266 2971 5317 καὶ
3001 5265 3111 5317 τῶν
3152 5263 3425 5331 φιλτάτων
3460 5279 3561 5331 μου
3591 5257 3766 5311 παίδων

2225 5355 2393 5426 τριῶν
2438 5354 2870 5425 διαπραθέντων,
2916 5355 3025 5423 ἐγὼ
3054 5354 3231 5424 φυγάς
3266 5354 3507 5424 οἴχομαι,
3538 5350 3687 5403 τόπον
3715 5345 3767 5399 ἐκ

2220 5444 2393 5497 ,τόπου
2448 5444 2873 5515 περιερχομένη.
2910 5443 3024 5496 Νῦν
3075 5442 3135 5494 δέ
3174 5443 3268 5496 καὶ
3300 5441 3441 5494 κατά
3472 5439 3567 5509 τὴν
3592 5439 3769 5507 ἔρημον

2230 5532 2543 5603 πλανῶμαι,
2570 5535 2828 5597 πολλάκις
2861 5532 3169 5603 εὑρεθεῖσα,
3199 5532 3289 5586 καὶ
3324 5528 3559 5599 συνεχῶς
3602 5538 3770 5591 μαστι-

2220 5622 2496 5690 γωθεῖσαο
2530 5622 2626 5673 καὶ
2660 5621 2850 5692 τρίτην
2886 5621 2993 5691 ἔχω
3040 5622 3098 5672 ἐν
3137 5623 3200 5691 τῇ
3240 5620 3429 5691 ἐρήμῳ
3460 5618 3636 5675 ἄσιτος
3675 5611 3779 5685 δια-⁷

2234 5708 2487 5777 μείνασα.
2540 5708 2683 5777 Ἐγὼ
2709 5710 2764 5762 δὲ
2791 5710 3017 5779 ἐλεήσας
3047 5707 3239 5778 αὐτὴν,
3272 5709 3361 5761 καὶ
3389 5700 3680 5769 ἀπαγαγὼν
3704 5698 3767 5756 εἷς

2233 5799 2293 5852 τὸ
2316 5798 2602 5869 σπήλαιον,
2621 5798 2741 5865 δούς
2769 5815 2828 5853 τε
2850 5798 2989 5870 αὐτῇ
3004 5798 3137 5862 τοὺς
3156 5812 3497 5871 τριακοσιονς
3516 5790 3769 5866 χρυσίνους
