4060 6502
287 356 419 410 ΙΙϋὸ

863 465 1084 523 CAPUT
1105 465 1214 520 LX.

659 558 771 612 Vita
801 560 990 610 abbatis
1022 555 1231 624 Appelle
1259 553 1428 624 (I05).

343 647 578 704 Vidimus
600 657 777 702 autem
794 647 954 700 alium
982 660 1191 714 quoque
1228 641 1591 710 presbyterum
1623 641 1674 694 in
1704 655 1821 707 par-

269 742 409 795 tibus
421 738 707 807 superioris
720 736 969 804 regionis,
988 733 1262 802 Appellem
1277 733 1487 786 nomine
1501 730 1692 802 (Ra/f2,
1709 731 1744 782 ι.
1763 746 1820 796 ιι,

267 847 378 899 cap.
409 828 718 899 I5),virum
763 825 986 895 justum,
1019 825 1107 893 qui
1153 823 1364 878 fabricae
1409 823 1611 876 aerariae
1652 829 1821 875 artem

269 922 492 990 primum
540 919 804 982 tractavit,
840 923 896 970 et
931 915 1124 969 exinde
1159 927 1446 969 conversus
1475 921 1556 966 est
1584 911 1649 965 ad
1673 926 1824 965 exer-

268 1011 594 1066 citationem.
623 1010 672 1064 ls
700 1023 819 1063 cum
844 1008 910 1061 ad
936 1021 1054 1062 eum
1067 1005 1297 1060 venisset
1319 1004 1558 1059 diabolus
1587 1004 1638 1057 in
1662 1004 1822 1072 ﬁgura

271 1103 532 1165 muliebri,
564 1115 668 1170 quo
708 1108 947 1168 tempore
973 1097 1038 1151 ad
1087 1112 1239 1151 usum
1272 1096 1648 1150 monachorum
1676 1109 1823 1164 qua:-

270 1195 391 1246 dam
437 1192 695 1245 tractabat
724 1190 960 1254 fabrilia;
984 1190 1148 1243 ferrea
1184 1187 1377 1241 lamina
1402 1201 1466 1240 ex
1494 1186 1614 1254 igne
1647 1193 1820 1254 rapta,

270 1282 426 1350 idque
440 1295 596 1334 manu
626 1289 838 1347 propter
858 1277 1269 1339 festinationem,
1304 1283 1468 1329 totum
1490 1275 1606 1341 ejus
1622 1275 1819 1328 vultum

268 1379 322 1425 et
349 1384 543 1438 corpus
587 1367 894 1432 combussit,
925 1380 1146 1434 eamque
1177 1364 1459 1419 audierunt
1484 1362 1676 1418 fratres
1706 1363 1822 1417 ulu-

269 1462 464 1516 lantem
491 1460 543 1514 in
584 1460 737 1513 cella.
765 1459 846 1513 Ab
872 1473 935 1512 eo
958 1466 1196 1524 tempore
1215 1458 1295 1511 vir
1317 1456 1407 1510 ille
1436 1469 1648 1523 semper
1668 1470 1825 1508 manu

269 1550 479 1606 tenebat
529 1550 723 1604 ferrum
755 1549 997 1616 ignitum,
1029 1563 1126 1602 nec
1158 1548 1464 1602 lzedebatur.
1494 1546 1540 1599 Is
1585 1561 1702 1600 cum
1731 1561 1826 1600 nos

270 1639 496 1709 benigne
541 1651 594 1694 et
625 1639 921 1692 humaniter
971 1640 1282 1707 accepisset,
1312 1637 1544 1691 narravit
1573 1637 1724 1690 nobis
1760 1636 1826 1690 de

270 1731 394 1784 viris
439 1730 709 1798 praeclaris
736 1737 790 1782 et
819 1730 922 1782 Deo
952 1729 1120 1797 dignis
1154 1728 1240 1796 qui
1279 1742 1397 1781 cum
1426 1741 1490 1780 eo
1522 1725 1747 1792 fuerant,
1773 1732 1827 1779 et

269 1829 413 1873 erant
435 1819 607 1872 adhuc
635 1820 964 1886 superstites.

864 1907 1084 1961 CAPUT
1108 1907 1240 1960 LXI.

667 1995 782 2048 Vita
804 1998 1012 2048 alterius
1040 1996 1260 2048 Joannis
1285 1994 1456 2062 (106).

344 2086 456 2148 Est,
481 2085 665 2152 inquit,
691 2085 741 2137 in
772 2086 870 2138 hac
904 2086 1184 2139 solitudine
1209 2083 1372 2138 frater
1396 2093 1596 2149 noster,
1618 2082 1829 2137 nomine

270 2175 499 2230 Joannes
539 2174 735 2247 (Ra/[2,
777 2175 813 2227 ι.
849 2190 905 2237 ιι,
936 2191 982 2229 c.
1040 2175 1151 2242 I5),
1205 2173 1422 2227 alterius
1466 2171 1678 2241 quidem
1720 2171 1828 2240 jam

270 2265 464 2330 aetatis,
493 2279 675 2318 omnes
703 2276 876 2317 autem
918 2265 1203 2317 monachos
1225 2275 1478 2330 superans
1507 2261 1787 2316 virtutibus
1813 2278 1825 2312 :

270 2368 430 2420 quem
459 2369 613 2406 nemo
638 2362 808 2419 potest
847 2354 954 2405 cito
983 2351 1241 2416 invenire,
1272 2351 1410 2419 quod
1435 2364 1644 2418 semper
1670 2350 1720 2402 in
1742 2363 1831 2403 so-

276 2443 580 2496 litudinibus
627 2442 798 2496 locum
831 2443 947 2496 loco
993 2451 1299 2496 commutet.
1331 2441 1380 2495 Is
1427 2442 1652 2509 primum
1687 2448 1832 2495 stans

273 2543 382 2587 tres
411 2547 576 2585 annos
620 2531 717 2586 sub
768 2534 994 2600 quadam
1046 2547 1194 2598 rupe,
1226 2545 1383 2586 orans
1419 2539 1694 2599 perpetuo,
1729 2545 1830 2584 non

273 2625 468 2679 sedens
491 2626 725 2689 omnino,
751 2641 855 2678 non
904 2625 1189 2689 dormiens,
1227 2625 1328 2678 nisi
1357 2634 1609 2692 quantum
1658 2623 1832 2677 somni

273 2726 424 2771 stans
469 2717 841 2782 suﬁurabatur,
871 2729 924 2771 et
975 2715 1242 2770 Dominica
1289 2717 1458 2771 solum
1485 2729 1697 2769 sumens
1731 2715 1834 2768 Ett-

274 2811 864 2873 charistiam,aerrente
904 2811 953 2863 ei
982 2809 1311 2879 presbytero,
1336 2810 1466 2862 nihil
1493 2809 1632 2862 aliud
1661 2822 1836 2862 come-

194 2947 198 2950 .
275 2900 449 2955 debat.
468 2904 635 2969 Atque
663 2899 794 2955 adeo
821 2915 939 2954 cum
957 2900 1182 2969 quodam
1204 2901 1289 2954 die
1316 2915 1374 2954 se
1402 2900 1625 2955 Satanas
1653 2908 1817 2952 trans-

278 2994 554 3061 ﬁgurasset
605 2993 656 3045 in
709 2994 1095 3060 presbyterum,
1123 2993 1188 3045 ad
1228 3008 1348 3046 eum
1371 2992 1548 3046 abibat
1590 2991 1832 3057 celerius,

281 3096 390 3147 pne
444 3096 500 3135 se
531 3082 705 3136 ferens
745 3095 804 3135 se
831 3083 879 3136 ei
912 3082 1043 3136 velle
1098 3081 1220 3136 dare
1274 3080 1675 3136 Eucharistiam.
1707 3081 1836 3135 Cum

279 3189 400 3227 eum
431 3182 606 3226 autem
660 3175 958 3241 agnovisset
1007 3174 1188 3227 beatus
1217 3173 1466 3236 Joannes,
1499 3172 1631 3226 dixit
1681 3171 1730 3227 ei
1757 3189 1770 3224 :
1801 3172 1845 3227 Ο
1869 3161 1914 3222 C

278 3269 453 3324 omnis
483 3269 679 3322 fraudis
704 3279 756 3323 et
786 3268 1000 3322 malitiae
1030 3277 1196 3338 pater,
1228 3266 1437 3321 inimice
1467 3268 1640 3322 omnis
1686 3266 1840 3335 justi-

283 3369 390 3423 tiae,
424 3376 525 3414 non
548 3359 780 3413 cessabis
797 3359 1041 3427 decipere
1071 3361 1273 3413 animas
1293 3359 1730 3423 Christianorum,
1754 3358 1846 3412 sed

281 3449 447 3502 audes
477 3449 670 3501 sanctis
719 3449 968 3501 insultare
1021 3447 1486 3501 Sacramentis?ls
1523 3459 1698 3499 autem
1745 3447 1845 3514 ipsi

283 3538 554 3605 respondit
587 3554 599 3588 :
633 3537 821 3590 Parum
861 3536 1024 3591 abfuit
1071 3537 1192 3604 quin
1243 3543 1292 3589 te
1344 3535 1602 3604 dejectum
1635 3535 1845 3590 lucrife-

286 3628 483 3690 cerim;
521 3641 640 3678 nam
669 3627 745 3679 sic
773 3640 980 3694 quoque
1003 3625 1184 3678 seduxi
1213 3625 1489 3692 quemdam
1518 3641 1582 3678 ex
1616 3626 1718 3678 tuis
1736 3623 1845 3677 fra-

286 3717 568 3779 tribus,et
623 3727 800 3768 mente
849 3725 1044 3768 motum
1094 3712 1287 3767 deduxi
1316 3713 1381 3766 ad
1432 3714 1712 3770 insaniam.
1745 3713 1848 3768 Pro

286 3821 392 3873 quo
420 3820 538 3867 cum
573 3806 720 3858 multi
753 3803 876 3873 justi
897 3805 1112 3856 multum
1143 3811 1434 3871 rogassent,
1454 3803 1541 3855 vix
1569 3811 1852 3872 potuerunt

287 3896 499 3951 efﬁcere
525 3905 743 3949 utesset
773 3910 911 3948 sanx
945 3896 1154 3948 mentis.
1189 3895 1417 3962 Haecque
1465 3909 1583 3948 cum
1629 3893 1852 3948 dixisset

288 3989 520 4051 daemon,
536 3986 601 4039 ab
621 4001 684 4039 eo
713 3985 950 4038 recessit.

359 4076 492 4129 Cum
520 4085 694 4129 autem
742 4083 922 4128 essent
948 4072 1168 4141 disrupti
1193 4072 1308 4142 ejus
1340 4073 1500 4141 pedes
1528 4089 1594 4129 ex
1622 4089 1686 4130 eo
1711 4076 1849 4145 quod

289 4175 440 4222 tanto
471 4177 705 4234 tempore
753 4165 983 4218 stetisset
1012 4164 1318 4232 immobilis,
1347 4174 1399 4218 et
1453 4166 1623 4218 exiret
1652 4168 1848 4231 sanies,

291 4258 580 4312 adveniens
603 4255 839 4326 angelus,
875 4255 1045 4325 tetigit
1075 4256 1190 4322 ejus
1211 4271 1425 4323 corpus,
1449 4256 1632 4310 dicens
1665 4275 1676 4309 :
1707 4256 1854 4311 Chri-

291 4359 407 4401 stus
435 4349 534 4401 erit
572 4347 661 4400 tibi
693 4362 848 4402 verus
876 4346 1045 4409 cibus,
1078 4358 1128 4399 et
1171 4356 1384 4401 sanctus
1441 4347 1669 4414 Spiritus
1697 4362 1853 4401 verus

293 4450 472 4505 potus,
506 4440 712 4490 interim
755 4447 929 4490 autent
962 4437 1051 4491 tibi
1078 4437 1270 4490 sufficit
1299 4438 1534 4505 spiritale
1561 4439 1854 4490 nutrimen-

295 4541 428 4592 tum,
461 4545 526 4582 ne
557 4528 786 4596 repletus
837 4542 1070 4582 evomas.
1095 4528 1161 4580 Et
1186 4542 1301 4579 cum
1341 4542 1459 4580 eum
1486 4537 1743 4592 curasset,
1770 4528 1854 4580 di-

293 4619 461 4673 tnovit
484 4636 511 4671 a
542 4619 678 4672 loco.
700 4619 955 4684 Deinceps
974 4627 1144 4671 autem
1172 4619 1326 4670 vitam
1351 4620 1455 4685 egit
1479 4619 1526 4669 in
1551 4617 1853 4683 solitudine,

293 4709 636 4773 circumiens,
666 4719 721 4762 et
757 4708 934 4762 herbis
959 4722 1176 4761 vescens
1209 4724 1224 4761 :
1261 4708 1525 4760 Dominica
1572 4721 1746 4760 autem
1779 4710 1856 4760 in-

293 4799 670 4852 veniebaturin
688 4797 871 4852 eodem
886 4798 998 4852 loco
1020 4812 1231 4851 sumens
1251 4798 1704 4852 Communionem.
1722 4798 1854 4851 Cum

298 4901 495 4955 paucos
545 4895 717 4938 autem
771 4886 955 4952 palmze
1003 4900 1175 4938 ramos
1217 4888 1433 4950 petisset
1460 4901 1487 4937 a
1523 4886 1851 4955 presbytero,

298 4977 568 5030 efficiebat
604 4976 810 5042 cingula
839 4976 1173 5027 animalibus.
1207 4976 1334 5028 Cum
1366 4992 1487 5029 vero
1539 4977 1696 5030 vellet
1739 4978 1853 5043 qui—

298 5069 421 5119 dant
451 5064 667 5119 claudus
721 5065 785 5116 ad
814 5080 931 5118 cum
964 5067 1138 5118 venire
1178 5076 1230 5118 ut
1258 5076 1548 5132 curaretur,
1573 5076 1626 5121 et
1654 5069 1856 5120 asinunt

297 5159 636 5212 solummodo
692 5159 1063 5218 inscendisset,
1091 5162 1174 5212 ubi
1215 5161 1434 5227 primum
1456 5161 1572 5231 ejus
1605 5161 1762 5228 pedes
1784 5171 1862 5215 te-

304 5250 470 5316 tigere
511 5249 773 5316 cingulum
823 5249 960 5316 quod
1010 5249 1176 5301 fuerat
1202 5265 1231 5302 a
1281 5253 1464 5306 sancto
1494 5253 1606 5306 viro
1643 5253 1859 5315 factum,

302 5337 402 5391 fuit
431 5339 568 5392 illico
589 5346 823 5392 curatus.
856 5338 997 5391 Alias
1021 5347 1196 5391 autem
1221 5341 1432 5406 aegrotis
1455 5342 1689 5396 mittebat
1715 5345 1862 5397 eulo-

305 5430 419 5498 gias
451 5429 620 5498 (l07),
651 5437 704 5484 et
730 5445 759 5482 a
799 5430 995 5482 morbis
1038 5431 1388 5485 liberabantur
1412 5436 1667 5500 protinus.
1700 5436 1861 5488 Porro

307 5529 484 5572 autem
516 5519 843 5572 revelabatur
868 5521 935 5574 de
963 5521 1078 5588 ejus
1101 5522 1452 5590 monasteriis,
1483 5526 1616 5591 quod
1648 5528 1858 5594 quidam

306 5624 371 5661 cx
406 5608 471 5660 iis
499 5612 585 5676 qui
617 5619 737 5663 sunt
757 5610 805 5662 in
825 5611 968 5679 ipsis,
1000 5612 1156 5664 vitam
1187 5628 1286 5664 non
1319 5623 1463 5667 recte
1493 5615 1790 5681 instituunt,
1810 5627 1864 5672 et

311 5716 405 5772 per
437 5698 796 5768 presbyterum
820 5702 884 5754 ad
905 5713 1122 5757 cunctos
1146 5704 1329 5758 scribit
1350 5706 1616 5772 epistolas,
1632 5709 1768 5776 quod
1789 5708 1856 5762 illi

1492 353 1793 411 HISTORIA
1838 351 2195 414 LAUSIACA.

1845 467 1890 523 A
1919 465 2128 534 quidem
2156 475 2280 523 sunt
2307 467 2417 524 otio
2445 467 2628 535 dediti,
2657 468 2708 523 hi
2735 483 2860 525 vero
2884 470 3205 526 contendunt
3228 474 3293 528 ad
3321 477 3480 530 virtu-

1891 4519 1938 4574 Ι)

3331 360 3463 416 “6‘3

1921 566 2049 622 tem,
2072 565 2126 612 et
2151 558 2360 613 inventa
2407 568 2489 613 est
2520 559 2598 614 sio
2618 573 2676 613 se
2699 559 2892 615 habere
2917 561 3133 616 veritas.
3162 562 3355 618 Scribit
3381 581 3476 618 au-

1921 654 2024 699 tem
2055 647 2119 700 ad
2165 662 2348 703 eorum
2378 663 2585 715 quoque
2631 649 2832 714 Patres,
2861 649 3000 718 quod
3045 650 3256 719 quidam
3283 666 3349 706 ex
3395 652 3479 706 bis

1920 748 2042 791 sunt
2075 739 2142 794 de
2190 738 2410 793 fratrum
2440 742 2608 795 salute
2643 740 2811 795 minus
2839 741 3071 808 solliciti,
3102 740 3191 794 alii
3214 756 3344 797 vero
3385 756 3478 796 eos

1921 840 2175 898 quantum
2224 833 2353 887 satis
2405 841 2487 886 est
2519 832 2811 901 hortantur,
2842 833 3278 902 annuntiavitque
3326 842 3477 887 utro-

1922 934 2144 988 rumque
2170 919 2400 975 honores
2428 929 2484 976 et
2509 921 2786 990 supplicia.
2808 921 2875 975 Et
2901 937 3083 977 rursus
3111 922 3246 977 alios
3274 936 3484 990 quoque

1925 1024 2218 1078 provocans
2269 1011 2335 1065 ad
2366 1020 2558 1066 statum
2604 1012 2992 1080 perfectiorem,
3019 1013 3336 1069 admonebat
3366 1022 3422 1067 ut
3453 1027 3484 1067 a

1922 1103 2203 1159 sensilibus
2269 1118 2330 1159 se
2384 1102 2744 1158 transferrent
2790 1103 2861 1159 ad
2915 1119 2980 1160 ea
3040 1121 3158 1177 qua
3180 1107 3479 1176 percipiun-

1924 1203 2010 1248 tur
2032 1195 2394 1264 intelligentia.
2418 1195 2650 1265 Tempus
2697 1204 2780 1252 est
2831 1197 2995 1260 enim,
3021 1197 3208 1266 inquit,
3236 1198 3484 1266 deinceps

1925 1288 2030 1342 tale
2052 1288 2172 1342 vitae
2201 1289 2483 1344 ostendere
2526 1289 2845 1343 institutum.
2870 1289 2984 1342 Non
3015 1288 3270 1344 debemus
3319 1290 3482 1351 enim,

1926 1377 2277 1444 inquit,omni
2311 1388 2547 1447 tempore
2591 1393 2902 1447 permanere
2949 1379 3097 1446 pueri
3140 1388 3195 1432 et
3235 1377 3484 1440 infantes,

1926 1472 2017 1524 sed
2045 1470 2152 1539 jam
2185 1485 2280 1525 nos
2309 1469 2716 1538 perfectioribus
2767 1470 3032 1536 applicare
3061 1467 3483 1537 cogitationibus,

1927 1571 1978 1613 et
2012 1561 2187 1630 magni
2216 1569 2266 1614 et
2296 1559 2496 1616 excelsi
2526 1559 2684 1613 animi
2717 1560 2958 1612 virtutem
2990 1559 3265 1626 attingere,
3297 1565 3351 1610 et
3377 1571 3483 1611 cte-

1927 1657 2068 1703 teras
2096 1647 2351 1700 tnaximas
2371 1648 2591 1699 virtutes
2621 1645 2850 1715 aggredi.
2875 1647 2994 1700 flare
3023 1654 3076 1698 et
3100 1643 3366 1712 complura
3386 1641 3487 1696 alia

1928 1739 2078 1792 nobis
2107 1738 2262 1792 Pater
2296 1738 2364 1791 de
2412 1737 2564 1791 Patre
2587 1739 2861 1799 narrabat,
2889 1752 3005 1805 qute
3031 1737 3246 1806 quidem
3277 1775 3292 1798 ,
3323 1749 3484 1803 prop-

1862 1810 1906 1868 Β
1936 1837 2076 1882 terea
2123 1826 2264 1895 quod
2318 1828 2575 1881 excedant
2624 1827 2857 1880 miraculi
2886 1826 3134 1891 modum,
3179 1826 3355 1879 omnia
3383 1838 3486 1877 non

1930 1917 2264 1984 scripsimus;
2291 1930 2395 1968 non
2425 1916 2562 1983 quod
2595 1932 2696 1970 nou
2725 1918 2833 1971 sint
2855 1932 2997 1982 vera,
3029 1918 3122 1971 sed
3168 1924 3382 1985 propter
3411 1918 3487 1970 in-

1929 2007 2293 2060 credulitatem
2323 2005 2638 2074 aliquorum.
2663 2006 2766 2084 Nos
2788 2016 2962 2061 autem
3009 2007 3136 2060 satis
3161 2006 3227 2060 de
3268 2006 3351 2060 his
3374 2021 3487 2061 cer-

1932 2101 2091 2149 tiores
2119 2094 2239 2148 facti
2281 2109 2481 2158 sumus,
2511 2108 2632 2148 cum
2657 2095 2806 2148 multi
2835 2103 2890 2148 et
2916 2094 3090 2166 magni
3121 2094 3221 2150 viri
3250 2109 3314 2150 ea
3339 2095 3489 2152 nobis

1933 2184 2282 2248 narraverint,
2313 2183 2402 2253 qui
2429 2181 2539 2237 suis
2562 2182 2802 2237 viderunt
2832 2184 3018 2238 oculis.

2483 2272 2656 2327 CAPU
2677 2276 2705 2326 ι’
2751 2272 2904 2328 LXII.

2315 2361 2392 2418 De
2420 2364 2595 2417 abbate
2618 2363 2906 2434 Pop/mulio
2937 2364 3104 2434 (I08).

2005 2453 2240 2507 Vidimus
2295 2463 2470 2508 autem
2521 2455 2693 2508 locum
2723 2469 2931 2522 quoque
2951 2452 3484 2523 Paphnutiianacho-

1934 2553 2081 2608 retas,
2104 2543 2202 2596 viri
2217 2544 2387 2613 magni
2415 2553 2468 2598 et
2493 2543 2686 2598 virtute
2701 2544 2924 2610 praediti,
2948 2545 3036 2614 qui
3060 2545 3198 2598 haud
3231 2545 3299 2598 ita
3329 2544 3493 2601 multo

1933 2633 2124 2687 abhinc
2157 2643 2391 2701 tempore
2419 2641 2815 2687 consummatus
2860 2641 2944 2688 est
2970 2634 3022 2688 in
3043 2635 3258 2703 regione
3279 2645 3488 2703 quaeest

1936 2724 2074 2778 circa
2101 2723 2440 2778 lleracleotas
2471 2722 2786 2789 Thebaidis;
2811 2722 2876 2779 de
2896 2737 3001 2794 quo
3016 2724 3169 2780 multi
3187 2726 3345 2780 multa
3369 2739 3489 2778 nar-

1938 2823 2115 2869 rarunl
2142 2813 2336 2882 (Ra/)2,
2365 2814 2452 2867 lib.
2475 2828 2532 2880 tt,
2559 2829 2674 2882 cap.
2703 2814 2808 2883 16).

2498 2921 2726 2980 CAPUT
2757 2923 2938 2979 LXIII.

2548 3014 2624 3067 De
2650 3014 2900 3068 Tibicina.

2015 3106 2062 3162 Is
2091 3106 2231 3161 enim
2261 3113 2381 3175 post
2409 3105 2622 3159 multam
2651 3103 3080 3160 exercitationem
3107 3102 3272 3158 Deum
3301 3104 3503 3174 rogavit

1947 3207 2004 3251 ut
2028 3197 2073 3250 ei
2104 3195 2483 3264 signiﬁcaretur
2501 3195 2712 3250 cuinam
2741 3208 2808 3248 ex
2836 3192 2902 3246 iis
2921 3193 3117 3246 sanctis
3144 3192 3234 3262 qui
3268 3207 3328 3249 se
3356 3203 3503 3249 recte

1946 3295 2226 3358 gesserunt
2249 3297 2393 3342 esset
2420 3289 2609 3343 similis
2633 3287 2826 3358 (Ra/ﬁ,
2851 3287 2888 3342 Ι.
2921 3302 2980 3352 tt,
3015 3303 3128 3355 cap.
3149 3285 3508 3356 16).Angelus

1947 3389 2120 3434 autem
2144 3393 2405 3453 apparens
2425 3381 2472 3434 ei
2503 3379 2638 3434 dixit
2663 3397 2674 3431 :
2709 3381 2777 3433 Es
2804 3377 2992 3432 similis
3020 3377 3218 3432 tibicini
3248 3377 3334 3444 qui
3360 3377 3506 3444 degit

1950 3469 2001 3522 in
2053 3469 2151 3523 hac
2179 3468 2409 3524 civitate.
2444 3470 2490 3523 Is
2511 3479 2684 3524 autem
2713 3467 2953 3523 studiose
2975 3467 3038 3521 ad
3070 3481 3188 3521 eum
3215 3465 3507 3536 profectus,

1949 3561 2064 3628 ejus
2100 3561 2222 3615 vitae
2253 3562 2548 3615 institutum
2597 3561 2663 3615 ab
2689 3574 2752 3616 eo
2788 3568 2870 3614 est
2900 3559 3228 3623 sciscitatus,
3257 3567 3309 3612 et
3335 3556 3510 3611 omnia

1951 3652 2067 3720 ejus
2094 3653 2214 3705 vita:
2243 3652 2377 3705 facta
2403 3661 2485 3706 est
2514 3659 2890 3720 perscrutatus.
2920 3649 2967 3705 Is
3000 3658 3174 3703 autem
3203 3649 3255 3705 ei
3283 3648 3415 3703 dixit
3459 3647 3510 3702 id

1952 3743 2090 3812 quod
2111 3744 2267 3798 etiam
2298 3753 2414 3797 erat
2443 3758 2647 3809 verum,
2671 3757 2729 3798 se
2749 3757 2868 3798 esse
2890 3753 3242 3811 peccatorem,
3261 3751 3314 3796 et
3341 3742 3512 3795 ebrio-

1951 3849 2090 3900 sum,
2123 3845 2176 3889 et
2208 3844 2581 3899 scortatorem;
2617 3834 2753 3889 haud
2798 3836 2870 3889 ita
2902 3835 3060 3904 longo
3100 3843 3274 3888 autem
3322 3832 3512 3886 abhinc

1953 3936 2212 3995 tempore,
2239 3942 2296 3981 se
2317 3942 2380 3981 ex
2411 3940 2526 3981 arte
2555 3925 2903 3981 latrocinandi
2944 3941 3010 3981 eo
3047 3925 3356 3980 contulisse.
3378 3925 3507 3979 Cum

1953 4025 2128 4071 autem
2155 4026 2397 4071 accurate
2419 4019 2810 4072 examinaretur
2833 4017 3081 4086 quidnam
3108 4029 3336 4084 unquam
3369 4023 3513 4074 recte

1952 4107 2020 4159 ab
2049 4119 2113 4159 eo
2150 4115 2354 4174 gestum
2385 4114 2546 4172 esset,
2571 4106 2700 4159 dixit
2720 4121 2778 4161 se
2814 4106 3007 4160 nullius
3035 4105 3111 4159 rei
3148 4105 3385 4159 honesta;
3413 4104 3511 4158 sibi

1955 4209 2074 4248 esse
2103 4195 2396 4259 conscium,
2420 4195 2521 4248 nisi
2551 4195 2691 4263 quod
2717 4209 2834 4249 cum
2880 4194 3161 4262 aliquando
3185 4194 3406 4248 latronis
3437 4193 3513 4246 vf-

1957 4292 2061 4335 tam
2111 4291 2312 4352 ageret,
2343 4283 2538 4337 Christi
2584 4284 2860 4353 virginem,
2893 4283 2975 4336 cui
3011 4292 3124 4337 erat
3153 4297 3181 4335 a
3228 4281 3516 4337 latronibus

1960 4373 2145 4426 vitium
2194 4371 2540 4436 afferendum,
2575 4372 2899 4439 liberaverit,
2922 4383 2975 4428 et
3025 4381 3183 4426 noctu
3236 4372 3300 4426 ad
3343 4372 3514 4426 vicum

1963 4475 2128 4528 usque
2187 4461 2477 4516 reduxerit.
2525 4461 2723 4517 Rursus
2764 4471 2962 4528 autem,
2989 4460 3178 4529 inquit,
3200 4461 3373 4515 iuveni
3421 4462 3517 4513 ali-

1963 4548 2172 4614 quando
2209 4549 2490 4603 formosam
2531 4552 2801 4604 mulierem
2832 4560 3096 4604 errantem
3126 4549 3178 4602 in
3210 4551 3514 4613 solitudine,

1961 4639 2187 4706 fugatam
2215 4641 2282 4695 ab
2331 4642 2718 4708 apparitoribus
2765 4653 2814 4695 et
2865 4642 3152 4695 eurialihus
3201 4642 3438 4709 prtcsidis
3466 4651 3517 4695 et

1961 4741 2285 4794 senatorum,
2313 4741 2525 4798 propter
2553 4731 2815 4797 publicum
2854 4730 3029 4782 mariti
3072 4729 3302 4784 debitum
3321 4772 3334 4795 ,
3364 4738 3417 4784 et
3437 4746 3518 4784 er-

1960 4832 2132 4872 rorem
2161 4833 2310 4870 suum
2355 4818 2658 4871 deflentem.
2688 4816 2994 4872 Sciscitatus
3019 4833 3133 4871 sum
3167 4827 3340 4872 autem
3366 4833 3428 4871 ex
3457 4833 3518 4870 ea

1959 4922 2168 4960 causam
2192 4907 2364 4960 fletus.
2392 4908 2477 4959 Illa
2496 4916 2669 4960 autem
2698 4906 2862 4959 dixit:
2886 4906 2961 4960 Ne
2985 4921 3069 4960 me
3099 4906 3515 4974 roges,domine,

1967 5013 2063 5051 nec
2084 4997 2328 5049 miseram
2354 4996 2655 5061 examines;
2688 4997 2780 5050 sed
2809 5004 3056 5065 tanquam
3097 4996 3340 5048 ancillam
3379 5004 3518 5049 tuam

1967 5086 2194 5139 abducas
2240 5100 2343 5152 quo
2369 5086 2519 5140 velis.
2548 5085 2674 5138 Nam
2705 5101 2823 5140 cum
2866 5085 3084 5140 maritus
3115 5094 3348 5155 tempore
3376 5086 3519 5139 hien-

1968 5175 2037 5226 uii
2093 5175 2160 5226 ob
2208 5173 2440 5226 debitum
2495 5173 2756 5240 publicum
2825 5183 3177 5228 trecentorum
3243 5188 3519 5228 aureorum

1967 5277 2107 5328 saepe
2136 5261 2294 5314 fuerit
2323 5261 2630 5329 ﬁagellatus,
2663 5262 2786 5316 etin
2814 5276 3030 5317 carcere
3060 5263 3310 5331 inclusus,
3341 5272 3394 5317 et
3415 5273 3520 5317 tres

1971 5353 2096 5405 mihi
2128 5351 2423 5406 eharissimi
2474 5353 2562 5406 ﬁlii
2597 5354 2794 5408 venditi
2847 5355 3061 5420 fuerint,
3096 5371 3194 5427 ego
3225 5358 3418 5411 recedo
3444 5358 3523 5410 fu-

1967 5442 2148 5510 gitiva,
2180 5445 2348 5495 locum
2373 5443 2488 5496 loco
2509 5455 2835 5498 commutatis
2856 5463 2869 5499 :
2893 5461 3032 5500 nunc
3049 5457 3222 5502 autem
3253 5449 3412 5501 etiarn
3437 5464 3525 5502 er-

1970 5545 2092 5584 rans
2123 5547 2213 5598 per
2261 5532 2616 5598 solitudinem,
2643 5548 2785 5602 saepe
2829 5535 3070 5602 inventa,
3095 5545 3147 5590 et
3188 5536 3398 5591 assidue
3428 5538 3523 5590 πια-

1969 5621 2177 5687 gellata,
2205 5621 2312 5690 jam
2342 5631 2449 5677 tres
2475 5624 2588 5678 dies
2618 5628 2884 5692 permausi
2913 5626 3091 5695 jejuna
3122 5629 3186 5702 in.
3217 5627 3513 5686 solitudine.

1974 5711 2082 5780 Ego
2131 5723 2300 5767 autem
2330 5715 2442 5783 ejus
2473 5730 2586 5769 sum
2633 5717 2896 5782 misertus,
2931 5719 3101 5785 inquit
3135 5717 3300 5781 latro;
3327 5727 3380 5775 et
3399 5733 3521 5774 orno
