4060 6606
548 389 688 444 H67

1240 418 1285 451 κ.
1994 382 2313 440 PALLADil

3657 378 3790 434 1108

562 525 679 567 eam
710 509 1045 566 deduxissem
1077 510 1128 563 in
1160 509 1487 578 speluncam,
1516 506 1637 560 dedi
1661 506 1709 561 ei
1739 512 2007 559 trecentos
2026 518 2123 556 au-
2152 504 2203 559 Α
2232 503 2331 555 viri
2363 503 2582 557 virtutes
2601 502 2853 556 audilsset
2882 501 3229 571 Paphnutius,
3257 504 3373 573 ejus
3401 515 3560 574 caput
3584 516 3791 561 oecab-

564 613 706 662 reos,
732 607 788 652 et
811 596 1002 651 deduxi
1041 611 1158 650 eam
1192 610 1359 664 usque
1378 596 1442 649 ad
1474 597 1762 655 civitatem,
1784 602 1839 646 et
1866 606 1984 661 ejus
2015 605 2126 644 ma—

565 689 720 743 ritum
763 687 979 742 liberavi
1005 700 1125 739 cum
1166 685 1374 746 liberis,
1410 686 1543 738 citra
1570 685 1733 737 ullum
1779 683 2028 750 probrum
2074 689 2128 734 et

561 777 955 831 contumeliam.
984 775 1077 831 Cui
1107 776 1381 843 respondit
1410 773 1763 840 Paphnutius:
1782 774 1889 842 Ego
1912 772 2124 838 quidem

565 868 760 922 nullius
796 869 872 921 rei
910 867 1031 919 talis
1061 868 1188 918 mihi
1213 880 1326 918 sum
1351 867 1615 927 conscius,
1639 865 1692 917 in
1748 863 2129 916 exercitatione

562 966 736 1012 autem
766 958 984 1013 omnino
1029 955 1240 1008 audiisti
1271 970 1354 1008 me
1379 970 1499 1008 esse
1522 954 1820 1018 celebrem;
1852 968 1957 1007 non
1985 951 2127 1005 enim

563 1049 723 1101 vitam
742 1047 945 1100 traduxi
973 1046 1026 1099 in
1048 1045 1177 1099 otio.
1203 1044 1327 1099 Mihi
1354 1059 1481 1112 ergo
1504 1044 1647 1099 Deus
1672 1044 1738 1096 de
1766 1053 1817 1097 te
1846 1042 2124 1105 revelavit,

565 1149 617 1194 te
662 1140 818 1192 rebus
845 1138 1007 1203 gestis
1056 1136 1219 1190 nihilo
1247 1150 1332 1189 me
1362 1150 1482 1190 esse
1528 1137 1859 1198 inIeriorem;
1888 1137 1933 1187 si
1977 1148 2125 1204 ergo,

563 1242 596 1280 ο
625 1227 808 1290 frater,
843 1242 949 1280 non
975 1241 1132 1294 parva
1188 1241 1217 1279 a
1270 1226 1470 1280 Deitate
1512 1227 1580 1279 tui
1610 1227 1834 1279 habetur
1875 1226 2030 1287 ratio,
2062 1236 2129 1277 ne

567 1328 706 1381 tuam
734 1315 962 1370 animam
989 1325 1189 1369 temere
1208 1316 1525 1382 neglexeris.
1552 1316 1597 1368 Is
1613 1326 1789 1367 autem
1816 1314 1992 1367 statim
2017 1326 2129 1380 pro-

560 1406 725 1476 jectis
744 1422 878 1475 quos
910 1407 1093 1461 habuit
1115 1409 1164 1459 in
1198 1407 1440 1460 manibus
1462 1404 1623 1467 tibiis,
1648 1414 1703 1458 et
1752 1405 1881 1483 lyrae
1911 1418 2129 1457 musicas

566 1499 838 1552 harmonia
864 1498 914 1550 in
939 1497 1225 1565 spiritalem
1252 1497 1487 1550 traducta
1511 1496 1811 1558 melodiam,
1842 1497 2014 1548 virum
2044 1507 2131 1547 se-

562 1596 715 1641 cutus
744 1596 826 1641 est
866 1588 918 1641 iti
968 1588 1257 1642 desertum.
1290 1586 1421 1640 Cum
1467 1596 1645 1639 autem
1679 1586 1843 1640 tribus
1872 1587 2026 1638 annis
2070 1599 2131 1637 se

563 1694 658 1747 pro
678 1680 875 1733 viribus
911 1681 1256 1741 exercuisset,
1289 1686 1343 1732 et
1371 1680 1423 1732 in
1456 1679 1663 1747 hymnis
1703 1687 1757 1730 et
1801 1677 2128 1731 orationibus

564 1773 683 1824 vita:
705 1785 814 1823 suae
841 1780 1050 1837 tempus
1083 1770 1393 1838 peregisset,
1421 1769 1473 1822 in
1498 1769 1693 1824 caelum
1719 1770 1820 1821 iter
1836 1767 2050 1829 direxit,
2071 1775 2125 1820 et

2230 603 2309 647 tns
2361 603 2462 657 est,
2496 597 2674 648 dicens
2706 613 2717 647 :
2747 596 3023 649 benedicat
3072 605 3123 651 te
3162 597 3417 653 Dominus
3444 615 3511 654 ex
3558 600 3719 667 Sion;
3742 614 3793 656 ex

2228 682 2405 735 videas
2419 684 2552 736 bona
2580 684 2867 738 Jerusalem
2892 686 3136 739 omnibus
3156 686 3340 741 diebus
3360 688 3483 741 vita:
3502 698 3607 743 tus
3623 688 3791 747 (Prol.

2227 773 2449 839 cxxvti).
2478 772 2531 825 In
2581 773 2644 826 iis
2675 775 2814 827 enim
2847 782 2898 828 te
2942 784 3087 828 recte
3130 775 3338 845 gessisti
3365 793 3379 830 :
3409 792 3573 829 unum
3619 788 3793 830 autem

2230 863 2328 916 tibi
2352 872 2517 917 restat
2546 865 2682 926 quod
2724 875 2806 919 est
2835 878 2989 933 caput
3015 867 3289 931 virtutum,
3317 882 3507 935 nempe
3529 870 3627 922 Dei
3652 884 3795 922 0mm

2228 966 2294 1006 ex
2324 964 2470 1018 parte
2499 956 2709 1021 sapiens
2746 956 3000 1024 cognitio,
3035 966 3189 1024 quam
3221 973 3323 1010 non
3358 958 3555 1024 poteris
3577 960 3701 1011 sine
3720 958 3795 1010 Ia-

2228 1042 2359 1095 bore
2378 1044 2649 1109 consequi,
2681 1044 2778 1097 nisi
2809 1059 2927 1097 cum
2954 1045 3174 1112 teipsum
3205 1062 3234 1099 a
3263 1048 3458 1102 mundo
3488 1051 3796 1116 abnegaris,

2228 1144 2438 1184 crucem
2486 1132 2813 1197 accipias,et
2861 1136 3099 1202 sequaris
3122 1136 3486 1190 Servatorem.
3515 1137 3566 1190 Is
3619 1146 3798 1191 autem

2226 1223 2313 1276 ubi
2342 1223 2457 1278 base
2482 1225 2666 1289 audiit,
2693 1228 2871 1280 statim
2908 1243 3005 1282 nec
3032 1230 3141 1283 suis
3166 1232 3374 1299 quidem
3406 1234 3585 1286 valere
3613 1230 3799 1301 jussis,

2226 1316 2396 1369 virum
2443 1329 2656 1371 secutus
2682 1328 2763 1373 est
2812 1320 2864 1374 in
2897 1331 3149 1375 montem.
3183 1322 3249 1375 Et
3276 1338 3394 1376 cum
3427 1327 3712 1379 venissent
3741 1328 3801 1379 ad

2231 1404 2468 1469 ﬂuvium,
2501 1408 2694 1475 scapha
2736 1425 2838 1464 non
2872 1410 3078 1465 inventa
3124 1410 3285 1481 jussit
3340 1413 3636 1482 Paphutins
3687 1430 3802 1467 eum

2228 1496 2421 1551 ﬂumen
2454 1501 2695 1565 trajicere
2736 1501 2981 1569 pedibus,
3006 1504 3141 1570 quod
3198 1515 3411 1572 propter
3456 1506 3801 1560 altitudinem

2228 1602 2383 1642 nemo
2427 1590 2515 1643 illo
2560 1600 2796 1657 tempore
2849 1593 3069 1659 pedibus
3109 1597 3408 1662 trajecerat.
3436 1595 3572 1651 Cum
3626 1610 3804 1651 autem

2230 1678 2583 1742 transiissent,
2612 1689 2666 1732 et
2693 1680 2771 1735 eis
2792 1683 3115 1748 pervenisset
3144 1698 3277 1750 aqua
3320 1700 3489 1751 usque
3519 1686 3583 1738 ad
3612 1686 3801 1754 cingu.

2230 1767 2357 1831 lum,
2393 1768 2669 1821 constituit
2693 1785 2811 1822 eum
2858 1771 2909 1823 in
2942 1773 3163 1836 quodam
3209 1773 3344 1827 loco.
3375 1775 3508 1827 Cum
3540 1791 3599 1829 se
3631 1787 3804 1831 autem

564 1874 680 1912 eum
704 1858 880 1913 eboris
924 1860 1233 1927 angelorum
1262 1870 1313 1914 et
1335 1859 1601 1929 justorum
1634 1856 1907 1911 ordinibus
1930 1871 2130 1910 connu-
2164 1842 2203 1898 Β
2233 1866 2547 1920 separasset,
2576 1856 2739 1910 Deum
2783 1860 2987 1924 rogavit
3028 1869 3083 1913 ut
3116 1861 3372 1928 ejusmodi
3404 1864 3715 1917 hominibus
3729 1868 3804 1917 vi-

564 1966 705 2004 mera
714 1958 818 2015 tus,
833 1951 1105 2019 requievit.

1122 2039 1351 2097 CAPUT
1386 2041 1567 2096 LXIV.

1112 2131 1187 2185 De
1218 2131 1573 2185 Protocomite.

634 2220 733 2276 Ubi
762 2236 887 2291 ergo
915 2222 1062 2276 illum
1093 2224 1184 2290 qui
1215 2237 1272 2277 se
1299 2231 1611 2276 exercuerat
1648 2221 1953 2283 virtutibus,
1986 2220 2129 2287 prius

564 2312 627 2365 ad
654 2312 818 2366 Deum
878 2315 1041 2378 misit,
1066 2314 1254 2380 majori
1281 2322 1335 2368 et
1371 2313 1688 2367 accuratiori
1712 2312 1832 2366 vita:
1866 2311 2128 2376 instituto,

565 2417 722 2467 quam
773 2404 921 2471 prius
961 2412 1122 2468 esset,
1153 2402 1252 2457 sibi
1305 2405 1569 2469 imposito,
1599 2404 1802 2471 rogavit
1859 2403 2022 2456 Deum
2073 2412 2131 2455 ut

565 2493 665 2545 sibi
689 2493 1070 2561 signiﬁcaretur
1098 2495 1305 2546 cuinam
1334 2508 1401 2547 ex
1422 2494 1621 2546 sanctis
1650 2502 1790 2545 esset
1821 2490 2009 2544 similis
2030 2533 2045 2556 ,
2076 2501 2132 2545 et

567 2598 754 2637 rursus
783 2597 885 2636 vox
918 2584 1094 2636 divina
1144 2584 1207 2636 ad
1257 2598 1377 2637 eum
1411 2582 1543 2636 Lcta
1593 2592 1690 2646 est,
1719 2584 1931 2637 dicens:
1967 2583 2034 2636 Es
2060 2585 2134 2636 si-

569 2675 707 2727 milis
729 2675 882 2727 vicini
924 2675 1040 2744 pagi
1074 2676 1403 2742 protocomiti
1438 2673 1630 2744 (Ita/I1,
1656 2675 1692 2726 ι.
1722 2689 1780 2740 ιι,
1809 2692 1921 2745 cap.
1951 2674 2058 2745 1(5).
2086 2676 2132 2728 Is

565 2773 741 2817 autem
766 2763 831 2816 ad
862 2779 981 2816 eum
1013 2764 1145 2817 abiit
1164 2764 1471 2829 celerrime;
1502 2775 1556 2818 et
1584 2780 1703 2817 cum
1728 2765 1841 2832 ipse
1869 2766 2133 2832 pulsasset

566 2855 782 2919 ostium,
807 2855 1065 2922 processit
1089 2854 1197 2919 iIIe,
1215 2862 1273 2907 ut
1302 2854 1350 2907 ei
1384 2868 1495 2908 mos
1524 2866 1662 2921 erat,
1684 2856 1747 2907 ad
1765 2854 2129 2921 accipiendum

567 2944 847 3010 hospitem.
883 2946 944 2996 Et
972 2960 1089 2998 cum
1123 2944 1283 3013 pedes
1309 2945 1425 3012 ejus
1451 2946 1687 3008 lavisset,
1710 2956 1764 3000 et
1794 2960 2133 3010 mensamap-

568 3036 849 3103 posuisset,
895 3033 1133 3088 hortatus
1185 3044 1267 3090 est
1311 3046 1366 3090 ut
1414 3047 1743 3091 vesceretur.
1776 3037 1908 3088 Cum
1954 3043 2129 3087 autem

568 3126 700 3178 facta
728 3126 843 3190 ejus
883 3125 1266 3192 sciscitaretur,
1294 3137 1347 3179 et
1374 3126 1420 3180 ei
1449 3128 1649 3180 diceret
1681 3144 1693 3177 :
1728 3126 1890 3180 Narra
1922 3125 2069 3186 mihi,
2098 3141 2130 3178 ο

2232 1943 2445 1998 deretur
2467 1949 2819 2012 praestantior.
2844 1947 2956 2002 Non
2982 1952 3143 2003 multo
3171 1963 3344 2005 autem
3372 1953 3660 2021 interiecto
3677 1966 3805 2009 lem-

2231 2046 2381 2100 pore,
2414 2035 2537 2087 vidit
2566 2037 2662 2089 viri
2685 2038 2911 2091 animam
2934 2042 3128 2094 assumi
3152 2043 3217 2094 ab
3246 2042 3448 2110 angelis
3496 2044 3672 2100 Deum
3697 2047 3805 2099 Iau-

2230 2122 2479 2178 dantibus
2501 2135 2559 2180 et
2605 2127 2938 2182 dicentibus:
2966 2130 3155 2186 Beatus
3181 2149 3336 2201 quem
3383 2136 3594 2201 «legisti
3628 2146 3687 2189 et
3718 2153 3803 2189 as-

2230 2215 2498 2282 sumpsisti
2531 2231 2544 2267 :
2573 2215 2825 2271 habitabit
2876 2219 2930 2271 in
2982 2221 3129 2275 atriis
3178 2224 3282 2275 tuis
3334 2222 3700 2291 (Pral.t.xtv).
3740 2224 3803 2277 Et

2232 2321 2414 2360 rursus
2468 2307 2623 2374 justis
2677 2311 3113 2378 respondentibus
3184 2328 3239 2368 et
3287 2316 3644 2369 dicentibus:
3698 2315 3799 2369 Pax

2232 2396 2389 2449 multa
2421 2396 2755 2465 diligentibus
2776 2401 2940 2470 legem
2972 2412 3134 2469 tuatn,
3156 2412 3211 2458 et
3236 2420 3340 2458 non
3370 2416 3450 2458 est
3470 2406 3552 2459 eis
3581 2405 3805 2460 scenda.

2232 2485 2337 2539 lum
2365 2485 2537 2555 (Psal.
2565 2489 2769 2556 cxviit).
2803 2490 2868 2545 Et
2892 2501 3013 2546 tunc
3036 2498 3280 2564 cognovit
3301 2495 3471 2551 virum
3501 2510 3630 2553 esse
3669 2512 3806 2553 nor-

2232 2581 2400 2628 tuum.

2792 2649 3014 2708 CAPUT
3053 2651 3209 2707 ιχγ.

2724 2758 2801 2814 De
2829 2759 3111 2815 Mercatore
3138 2761 3307 2833 (I09).

2302 2847 2432 2900 Cum
2464 2856 2637 2901 autem
2670 2862 3033 2916 perseveraret
3078 2853 3241 2907 abbas
3267 2852 3604 2923 Paphnutius
3640 2854 3803 2910 Dem

2234 2940 2470 2993 venerari
2499 2941 2761 3005 precibus.
2787 2940 3445 3013 etmultiplicarejejunia,
3475 2960 3670 2999 rursus
3692 2960 3807 3000 ora-

2234 3034 2308 3082 vit
2334 3038 2390 3083 ut
2417 3030 2518 3085 sibi
2564 3031 2935 3089 ostenderetur
2965 3036 3171 3088 cuinam
3200 3044 3340 3090 esset
3368 3038 3566 3090 similis
3609 3037 3802 3107 (8.5.,

2234 3122 2271 3175 ι.
2304 3137 2372 3189 n,
2406 3140 2520 3190 cap.
2550 3124 2627 3191 6).
2665 3123 2797 3176 Dicit
2826 3125 2872 3177 ei
2899 3138 3083 3178 rursus
3114 3140 3210 3178 vox
3240 3125 3417 3179 divina
3448 3142 3463 3178 :
3497 3126 3711 3181 Similis
3753 3142 3805 3179 es

569 3217 759 3279 lionio,
794 3218 1087 3270 institutum
1112 3218 1235 3271 vitae
1281 3227 1413 3282 tute;
1448 3220 1625 3272 multis
1664 3219 1806 3271 enim
1830 3217 2128 3283 numachis,
2160 3200 2204 3261 C
2236 3213 2514 3267 mercatori
2536 3213 2791 3282 quaerenti
2813 3215 2975 3267 bonas
2998 3216 3333 3284 margaritas;
3357 3217 3452 3270 sed
3474 3230 3640 3286 Surge
3662 3218 3804 3270 dein-

567 3313 626 3358 ut
652 3304 781 3358 mihi
808 3305 943 3358 Deus
971 3308 1222 3371 ostendit,
1256 3308 1465 3361 evasisti
1496 3308 1755 3375 superior,
1785 3303 1874 3362 ille
1898 3309 2031 3361 dixit
2074 3324 2135 3362 se

568 3409 686 3447 esse
730 3404 1058 3461 peccatorem
1102 3404 1155 3448 et
1178 3396 1445 3464 indignum
1477 3396 1687 3450 nomine
1728 3398 2130 3452 monachorum.

569 3486 700 3537 tium
730 3494 906 3538 autem
953 3485 1170 3539 instaret
1200 3486 1528 3554 percontari,
1561 3490 1718 3541 homo
1740 3490 2032 3557 reapondit,
2055 3490 2135 3543 di-

569 3588 691 3627 cens
718 3590 729 3624 :
762 3574 874 3627 Non
907 3574 1073 3633 habeo
1110 3575 1324 3641 quidem
1357 3591 1578 3633 necesse
1621 3592 1838 3633 narrare
1866 3593 1926 3633 ea
1957 3594 2073 3648 qua:
2102 3594 2133 3633 a

569 3677 651 3723 me
695 3664 828 3721 facta
860 3675 1008 3730 sunt;
1039 3666 1134 3721 sed
1162 3663 1414 3736 quosdam
1443 3664 1574 3719 dicis
1607 3676 1658 3720 te
1686 3683 1715 3720 a
1748 3667 1854 3721 Deo
1896 3669 2131 3737 venisse,

569 3771 682 3825 quae
709 3756 834 3809 mihi
882 3760 1077 3810 adsunt
1099 3757 1343 3811 referam.
1368 3757 1482 3812 .Iam
1510 3757 1683 3826 agitur
1708 3756 2008 3825 trigesimus
2032 3775 2130 3813 an-

570 3862 688 3912 nus,
711 3861 775 3901 ex
813 3864 916 3915 quo
947 3863 1030 3901 me
1057 3863 1086 3901 a
1117 3863 1235 3901 mea
1285 3865 1450 3904 uxore
1500 3849 1762 3918 separavi,
1794 3863 1913 3903 cum
1966 3850 2132 3905 tribus

571 3940 722 3991 annis
775 3939 943 3991 solum
975 3955 1093 3993 cmn
1142 3954 1207 3993 ea
1259 3939 1559 3995 habuissem
1586 3940 2048 4005 consuetudinem,
2080 3952 2133 3995 et

574 4042 680 4083 tres
708 4043 770 4080 ex
801 4043 860 4082 ea
894 4030 1028 4083 iilios
1057 4031 1532 4099 suscepissetn,qui
1564 4032 1716 4085 etiam
1739 4032 1866 4084 mihi
1894 4032 1956 4083 ad
1987 4047 2132 4085 meos

574 4134 698 4173 usus
724 4120 1048 4184 inserviunt;
1091 4121 1501 4186 hospitalitatem
1536 4132 1710 4175 autem
1741 4137 2009 4190 nunquam
2052 4122 2133 4174 in-

574 4209 775 4263 termisi
799 4225 962 4278 usque
984 4210 1037 4262 in
1066 4211 1376 4265 hodiernum
1415 4212 1552 4265 diem
1587 4229 1599 4264 :
1632 4227 1733 4265 non
1761 4214 2013 4280 gloriatur
2039 4213 2135 4266 ali-

573 4300 692 4366 quis
734 4314 797 4352 ex
843 4300 1123 4352 comitibus
1150 4314 1208 4354 se
1247 4302 1505 4369 lmSpitem
1553 4311 1674 4357 ante
1722 4318 1807 4356 me
1835 4304 2131 4371 excepisse.

576 4390 690 4443 Non
743 4405 988 4459 egressus
1025 4401 1105 4445 est
1140 4407 1336 4460 pauper
1387 4412 1482 4447 nec
1530 4395 1721 4463 hospes
1748 4410 1812 4448 ex
1859 4410 1974 4448 mea
2015 4396 2134 4449 aula

577 4482 755 4535 vacuis
796 4483 1061 4547 manibus,
1089 4484 1177 4551 qui
1224 4501 1325 4539 non
1372 4486 1515 4552 prius
1558 4487 1747 4539 rationi
1786 4491 2134 4541 conveniente

2237 3319 2381 3372 ceps,
2410 3312 2467 3357 et
2504 3320 2572 3359 ne
2596 3317 2877 3372 cunctare;
2909 3306 2999 3360 tibi
3040 3307 3179 3361 enim
3210 3319 3457 3363 occurret
3503 3310 3589 3362 vir
3615 3311 3703 3363 cui
3748 3329 3801 3366 ες

2237 3394 2577 3447 assimilatus.
2606 3392 2737 3447 Cum
2762 3393 2849 3448 ille
2869 3403 3041 3448 autem
3065 3396 3446 3463 descendisset,
3480 3400 3615 3452 vidit
3638 3401 3797 3453 vinu-

2232 3484 2516 3551 quemdam
2539 3495 2884 3538 mercatorem
2908 3484 3345 3550 Alexandrinum,
3367 3486 3516 3554 pium
3539 3498 3596 3542 et
3614 3488 3797 3543 Christi

2233 3582 2522 3636 amantem,
2550 3575 2712 3628 vicies
2744 3573 2885 3628 mille
2913 3576 3087 3629 aureis
3116 3577 3497 3643 negetiantetn,
3524 3592 3648 3630 cum
3679 3592 3794 3632 cen-

2234 3674 2342 3717 tum
2372 3664 2593 3719 navibus
2635 3664 3042 3719 descendentem
3072 3680 3135 3719 ex
3179 3665 3457 3733 superiore
3508 3666 3794 3729 Thebaide,

2234 3759 2319 3826 qui
2348 3772 2531 3811 omnes
2556 3771 2677 3811 suas
2700 3755 2971 3811 facultates
3000 3766 3053 3811 et
3076 3773 3281 3812 merces
3302 3758 3659 3813 distribuerat
3680 3774 3797 3829 pau-

2235 3853 2467 3918 peribus.
2502 3849 2549 3903 Is
2574 3864 2695 3903 cum
2726 3849 2836 3902 suis
2866 3849 2987 3902 [iliis
3031 3848 3212 3903 decem
3244 3858 3435 3903 saccos
3480 3849 3797 3919 leguminum

2233 3942 2296 3994 atl
2328 3956 2447 3994 eum
2474 3940 2742 3994 aﬂerebat.
2776 3940 2838 3992 Et
2863 3939 2987 4006 quid
3017 3939 3145 4000 haec,
3169 3939 3425 3993 oamice?
3455 3939 3509 3993 ei
3544 3940 3678 3995 dixit
3708 3940 3796 3994 Pa.

2234 4031 2503 4100 phnutius.
2530 4029 2578 4082 Is
2607 4038 2779 4081 autem
2808 4029 2941 4081 dixit
2969 4028 3065 4096 ipsi
3090 4046 3103 4081 :
3127 4028 3259 4083 Sunt
3285 4031 3486 4083 fructus
3512 4045 3648 4085 mea
3672 4046 3797 4085 nier-

2234 4131 2459 4185 caturaa,
2493 4120 2579 4186 qui
2615 4119 2721 4173 Deo
2763 4117 3053 4172 offeruntur
3080 4117 3143 4172 ad
3184 4118 3381 4187 justam
3431 4119 3795 4174 refectionem.

2234 4212 2366 4277 Quid
2398 4221 2573 4264 autem
2605 4211 2739 4271 haec,
2767 4210 2936 4276 inquit
2968 4210 3066 4276 ipsi
3095 4209 3444 4276 Paphnutius,
3465 4221 3526 4266 et
3553 4219 3608 4265 ω
3629 4222 3796 4264 nostro

2236 4303 2448 4355 nomine
2499 4318 2600 4353 non
2638 4300 2865 4353 frueris?
2889 4300 2934 4354 Is
2961 4312 3135 4354 autem
3163 4303 3436 4357 confessus
3462 4316 3551 4356 est
3576 4320 3637 4358 se
3662 4304 3724 4355 ad
3752 4301 3798 4355 id

2236 4394 2471 4446 studiose
2493 4394 2830 4446 contendere.
2856 4392 2912 4444 Ei
2932 4391 3154 4457 respond
3181 4390 3548 4459 tPaphnutius
3574 4393 3791 4457 :Quous»

2236 4494 2339 4551 que
2368 4498 2495 4551 ergo
2543 4492 2596 4535 tu
2650 4490 2908 4535 terrenam
2954 4494 3171 4535 exerces
3219 4483 3663 4551 negotiationem,
3712 4494 3798 4535 nec

577 4582 714 4627 esset
751 4574 943 4628 viatico
994 4583 1334 4629 sustentatus.
1378 4577 1491 4630 Non
1548 4577 1769 4645 adspexi
1826 4582 2133 4644 prasteriens
2164 4559 2210 4616 ι)
2237 4573 2472 4627 eielestia
2521 4573 2733 4640 attingis
2781 4572 3158 4625 mercimoniai
3188 4573 3290 4626 Sed
3323 4571 3437 4626 haec
3483 4574 3703 4640 quidem
3745 4588 3797 4626 es

580 4677 863 4731 pauperem
912 4663 1195 4717 infortunio
1223 4666 1487 4727 aiiectum,
1511 4668 1594 4720 cui
1625 4683 1726 4720 non
1754 4668 2131 4736 suppeditaritn

576 4753 717 4821 quod
747 4754 873 4807 satis
909 4755 1006 4806 iuit
1035 4754 1229 4807 solatii.
1269 4754 1381 4808 Non
1410 4756 1589 4823 accepi
1618 4770 1896 4824 personam
1926 4757 2016 4811 lilii
2030 4758 2135 4811 mei

578 4844 630 4896 in
673 4843 892 4912 judicio,
917 4860 1020 4898 non
1051 4845 1271 4914 ingressi
1313 4855 1435 4900 sunt
1485 4836 1567 4899 in
1638 4842 1863 4900 domum
1956 4860 2130 4901 meam

579 4932 777 4986 fructus
829 4933 1009 4998 alieni,
1035 4949 1137 4987 non
1168 4934 1263 4987 fuit
1293 4936 1356 4989 lis
1383 4934 1556 5001 aliqua
1583 4950 1737 5003 quam
1766 4951 1871 4989 non
1921 4952 2138 5004 compo-

579 5025 775 5080 suerim
805 5036 859 5078 et
888 5026 1290 5090 paciﬁcaverim,
1323 5041 1424 5078 non
1451 5025 1738 5091 increpavit
1767 5027 1959 5095 aliquis
1986 5043 2133 5082 meos

581 5116 716 5169 iilios
755 5115 896 5183 quod
946 5130 1005 5169 se
1053 5116 1327 5171 inhoneste
1377 5126 1648 5185 gererent,
1704 5132 1809 5171 non
1856 5118 2137 5186 tetigerunt

582 5206 785 5259 fructus
825 5206 1025 5261 alienos
1074 5208 1176 5261 mei
1226 5222 1443 5278 greges,
1477 5221 1581 5260 non
1632 5210 1885 5263 seminari
1938 5215 2138 5278 primus

579 5311 734 5364 agros
790 5313 971 5363 meos,
1015 5298 1106 5351 sed
1136 5313 1255 5351 cum
1308 5314 1400 5352 eos
1450 5300 1694 5354 omnibus
1745 5303 2134 5369 proposuissem

580 5404 911 5452 communes,
958 5388 1266 5457 colligebam
1314 5403 1374 5441 ea
1410 5404 1527 5456 quae
1578 5397 1729 5442 erant
1771 5390 1992 5456 reliqua.
2023 5392 2136 5445 Non

581 5481 816 5531 concessi
849 5488 905 5531 ut
947 5494 1142 5545 pauper
1184 5480 1570 5546 opprimeretur
1615 5495 1642 5531 a
1678 5480 1908 5545 potentia
1937 5480 2133 5541 divitis,

582 5586 685 5623 non
734 5569 882 5624 aIIeci
911 5571 1138 5639 aliquem
1192 5571 1427 5625 molestia
1474 5572 1649 5624 invita
1700 5586 1838 5634 mea,
1871 5588 2135 5639 nunquam

585 5662 778 5715 malum
816 5664 1068 5728 juiicium
1101 5663 1292 5731 protuli
1337 5664 1388 5715 in
1416 5664 1666 5731 aliquem.
1703 5663 1823 5715 liae
1851 5677 1878 5714 a
1912 5679 1997 5716 me
2021 5678 2139 5716 esse

585 5744 719 5804 iacta
767 5752 875 5807 Deo
902 5754 1109 5809 voIente
1149 5754 1272 5807 mihi
1328 5769 1443 5807 sum
1490 5755 1753 5809 conscius.
1783 5753 1917 5807 Cum
1964 5764 2137 5808 autem

2237 4663 2356 4716 aliis
2380 4663 2730 4724 dimissurus;
2758 4670 2811 4714 tu
2846 4676 2971 4714 vero
3016 4662 3078 4714 iis
3109 4674 3158 4714 te
3199 4661 3491 4729 adjungens
3520 4675 3644 4731 qua
3688 4672 3795 4716 sunt

2238 4755 2473 4807 maxime
2512 4761 2843 4821 opportuna,
2874 4766 3093 4819 sequere
3144 4752 3476 4805 Servatorem
3505 4794 3521 4816 ,
3574 4753 3640 4803 ad
3688 4767 3795 4804 eum

2238 4852 2490 4898 venturus
2523 4844 2676 4909 paulo
2700 4852 2833 4911 post.
2870 4841 2916 4895 Is
2942 4857 3064 4895 vero
3094 4842 3221 4894 nihil
3252 4841 3539 4904 differens,
3562 4841 3724 4911 jussit
3746 4843 3797 4893 ﬁ-

2238 4938 2336 4991 lios
2356 4950 2480 4990 suos
2501 4936 2698 5004 reliqua
2721 4935 2955 4988 dividere
2978 4934 3291 5003 pauperibus
3312 4949 3327 4997 ;
3350 4934 3464 5000 ipse
3485 4944 3666 4986 autem
3686 4948 3793 4985 cum

2242 5027 2292 5079 in
2325 5034 2555 5078 montem
2582 5025 2929 5087 ascendisset,
2961 5032 3013 5075 et
3040 5024 3268 5091 seipsuin
3300 5022 3351 5076 in
3378 5038 3445 5076 eo
3483 5026 3606 5076 loco
3632 5022 3793 5076 inclu-

2240 5118 2419 5178 sisset,
2449 5117 2536 5169 ubi
2566 5116 2673 5168 duo
2704 5115 2905 5180 priores
2925 5114 3273 5167 consummati
3298 5115 3525 5183 Inerant,
3557 5128 3796 5181 perseve-

2240 5207 2466 5260 rabatin
2494 5204 2837 5258 orationibus.
2887 5202 3055 5256 Parvo
3101 5210 3274 5255 autem
3321 5201 3507 5268 elapso
3547 5211 3793 5271 tempore,

2243 5295 2430 5349 relicto
2457 5309 2711 5362 corpore,
2744 5293 2912 5346 factus
2939 5304 3021 5346 est
3049 5293 3178 5346 civis
3210 5295 3464 5348 ccclesiis.
3519 5293 3793 5362 POStquani

2241 5394 2415 5438 autem
2442 5399 2561 5437 eum
2584 5398 2791 5452 quoque
2820 5383 3070 5451 praemisit
3093 5381 3144 5435 in
3174 5384 3358 5446 cados,
3391 5384 3503 5452 ipse
3529 5385 3688 5436 etiam
3715 5384 3795 5435 de-

2242 5477 2453 5543 spondit
2479 5476 2713 5528 animum
2734 5517 2747 5540 ,
2778 5485 2837 5527 ut
2863 5477 2951 5543 qui
2978 5489 3035 5527 se
3062 5488 3167 5526 non
3196 5485 3369 5541 posset
3396 5473 3623 5541 amplius
3647 5487 3793 5528 exer-

2243 5583 2385 5621 cere.
2407 5568 2678 5621 Assistens
2699 5576 2873 5621 autem
2903 5567 3117 5635 angelus
3143 5568 3188 5620 ei
3218 5567 3347 5621 dixit
3372 5584 3385 5619 :
3417 5568 3531 5620 lluc
3558 5567 3795 5629 deinec“

2244 5659 2456 5723 accede,
2487 5659 2602 5712 veni
2630 5668 2681 5711 tu
2703 5672 2929 5725 quoque,
2960 5673 2991 5709 0
3020 5657 3191 5719 beate,
3221 5657 3270 5710 in
3291 5667 3493 5711 aeterna
3521 5658 3612 5711 Dei
3635 5658 3793 5709 tabe:-

2246 5750 2451 5815 nacula,
2481 5761 2738 5803 venerunt
2765 5750 2901 5802 enim
2950 5745 3219 5816 prophetre
3258 5756 3309 5801 te
3356 5748 3408 5801 in
3450 5762 3578 5804 suos
3619 5747 3793 5802 (huius
