4112 6520
274 364 423 432 1169

1513 365 1881 429 HISTORIA
1922 369 2148 432 LAUSI
2158 371 2321 433 ΑΕΔ.

3411 368 3550 436 1170

271 482 409 551 ἄχρι
451 478 556 550 τῆς
618 476 827 541 πόλεως
884 477 1179 548 ώδήγησαο
1234 474 1614 547 ἐλευθερώσας
1692 477 1865 548 αὐτὴν
1894 499 1937 553 Α
1968 480 2305 550 Παφνούτιος
2355 478 2459 544 τὰς
2492 478 2590 534 τοῦ
2635 479 2832 551 ἀνδρὸς
2868 479 3091 553 ἀρετὰς,
3145 479 3248 553 τὴν
3303 483 3549 553 κεφαλήν

258 572 424 643 ιμετά
449 572 560 626 τῶν
588 570 815 635 τέκνων,
846 569 1052 622 καὶτὸν
1075 568 1266 639 ἄνδρα.
1286 569 1331 621 Π
1341 568 1429 639 p6;
1454 568 1513 621 δν
1535 570 1863 640 ἁπεκρίνατο

273 665 303 718 6
337 665 705 732 Παφνούτιος·
752 660 894 730 Ἐγὼ
942 660 1040 730 μὲν
1075 661 1226 713 οὐδὲν
1262 660 1487 731 ἐμαυτῷ
1518 660 1730 714 σύνοιδα
1756 661 1865 714 τῶν

272 756 540 811 τοιούτων
592 752 1004 821 κατορθωκότι·
1040 757 1097 807 ἐν
1151 753 1208 807 δέ
1238 754 1303 823 τῇ
1356 752 1589 824 ἀσκήσει
1647 754 1865 817 πάντως

256 842 524 919 ’ἀκήκοάς
565 865 633 917 με
679 842 823 901 εἷναι
864 845 1171 917 διαϐόητον.
1206 845 1280 897 Οὐ
1310 845 1421 915 γὰρ
1458 843 1721 915 ῥᾳθύμως
1767 843 1866 914 τὴν

273 939 520 1011 ἐμαυτοῦ
549 939 693 1011 ζωὴν
720 937 1029 1011 διελήλυθα.
1076 940 1232 1009 Ἐμοὶ
1261 933 1355 991 οὖν
1390 940 1418 990 6
1449 937 1584 1000 Θεὸς
1616 936 1745 1009 περὶ
1773 936 1866 989 σοῦ

270 1032 655 1103 ἀπεκάλυψεν,
687 1030 772 1085 ὅτι
800 1032 952 1084 οὐδὲν
1003 1030 1226 1084 ἔλαττον
1280 1029 1407 1100 ἐμοὶ
1444 1029 1589 1099 ἔχεις
1640 1030 1699 1081 ἐν
1756 1030 1869 1090 τοῖς

275 1127 728 1197 κατορθώμασιν,
754 1126 815 1179 Εἰ
841 1124 935 1178 οὖν
954 1126 1054 1178 οὐκ
1076 1125 1257 1191 ὀλίγος
1283 1124 1464 1192 λόγος,
1490 1122 1708 1189 ἀδελφέ,
1740 1122 1869 1193 περὶ

277 1217 381 1270 σοῦ
415 1221 483 1289 τῇ
530 1217 749 1287 θεότητι
778 1218 1015 1285 γίνεται,
1059 1215 1136 1288 μὴ
1168 1217 1269 1285 τῆς
1307 1215 1505 1269 ἐαυτοῦ
1554 1214 1759 1285 ψυχῆς,
1793 1213 1869 1276 ώς

272 1310 497 1379 ἔτυχεν,
525 1310 975 1380 καταφρονήσῃς.
1033 1310 1097 1363 '0
1124 1310 1180 1362 δὲ
1219 1308 1383 1382 ῥίψας
1417 1306 1579 1371 εὐθὺς
1616 1306 1691 1369 ώς
1723 1299 1869 1375 εἶχεν

274 1406 342 1457 ἐν
369 1405 491 1466 ταῖς
536 1406 697 1473 χερσὶ
723 1403 852 1465 τούς
884 1401 1103 1466 αὐλούς,
1139 1403 1237 1457 καὶ
1270 1402 1373 1472 τὴν
1420 1398 1741 1471 ἐναρμόνιον
1770 1397 1867 1467 τῆς

274 1495 553 1566 μουσικῆς
583 1493 729 1565 ᾠδῆς
774 1495 858 1558 εἰς
904 1493 1284 1565 πνευματικὴν
1317 1490 1639 1564 μεταϐαλὼν
1690 1490 1869 1562 μελῳ-

274 1586 421 1652 δίαν,
462 1580 540 1656 τῷ
582 1587 739 1658 ἀνδρὶ
780 1589 859 1650 είς
907 1588 1008 1657 τὴν
1059 1586 1266 1658 ἔρημον
1329 1584 1720 1656 ⁴ίγκολούθησεν.
1779 1584 1869 1636 Ἐν

276 1682 434 1751 τρισὶ
472 1680 529 1733 δέ
560 1680 737 1733 ἐτεσιν
783 1681 924 1745 ὅλοις
957 1679 1328 1752 κατάκράτος
1374 1680 1649 1750 ἀσκήσας,
1689 1676 1786 1730 καὶ
1812 1677 1870 1729 ἐν

274 1772 474 1842 ὕμνοις
515 1772 610 1825 καὶ
655 1775 713 1825 ἐν
764 1774 1099 1848 προσευχαῖς
1153 1774 1247 1826 τὸν
1290 1774 1488 1827 ἐαυτοῦ
1531 1771 1724 1842 χρόνον
1768 1773 1870 1842 τῆς

1967 573 2138 625 αὐτοῦ
2166 572 2365 641 ἐφίλει,
2400 572 2577 641 λέγων
2596 587 2610 602 ο
2632 572 2931 641 Εὐλογήσει
2960 587 3020 624 σε
3046 572 3250 642 Κύριος
3285 573 3351 626 ἐκ
3381 571 3545 635 Σιὼν,

1966 664 2060 716 καὶ
2090 663 2221 727 ῐδοις
2261 662 2332 716 τά
2367 662 2551 733 ἀγαθά
2612 661 2996 735 Ἰερουσαλήμ.
3041 662 3306 717 Λείπετπι
3352 662 3411 717 δέ
3466 679 3550 717 σοι

1965 753 2074 806 τῶν
2120 754 2334 826 ἀρετῶν
2376 754 2436 807 τὸ
2482 753 2798 821 κεφάλαιον,
2833 754 2865 823 ἠ
2902 752 3177 818 πάνσοφος
3221 750 3353 820 περὶ
3412 748 3549 802 Θεοῦ

1966 847 2187 917 γνῶσις,
2236 848 2303 919 ἢν
2335 847 2437 901 οὐκ
2485 848 2550 901 ἂν
2581 847 2714 920 δύνῃ
2763 846 2978 911 ἀπόνως
3012 844 3341 916 κτήσασθαι,
3379 843 3427 897 εί
3474 843 3551 913 μὴ

1970 942 2167 996 σαυτὸν
2197 941 2275 1015 τῷ
2315 942 2507 1013 κόσμῳ
2556 942 3041 1011 ἀπαρνησάμενος,
3090 940 3185 992 καὶ
3233 935 3413 992 λαϐὼν
3460 934 3551 988 τὸν

1970 1032 2204 1103 σταυρὸν
2242 1034 2322 1103 τῷ
2356 1034 2570 1105 Σωτῆρι
2603 1032 2998 1103 ἀκολουθήσῃς.
3047 1029 3104 1083 '0
3143 1029 3200 1082 66
3243 1028 3319 1089 ώς
3348 1028 3551 1097 ήκουσε

1968 1126 2162 1189 ταῦτα,
2185 1126 2321 1197 μηδὲ
2345 1129 2459 1189 τοῖς
2487 1124 2684 1179 ἐαυτοῦ
2714 1124 3145 1192 ἀποταξάμενος,
3169 1121 3332 1184 εὐθὺς
3362 1120 3550 1172 εῖπετο

1968 1218 2045 1289 τῷ
2076 1218 2230 1289 ἀνδρὶ
2258 1219 2349 1270 ἐπὶ
2375 1218 2435 1270 τὸ
2468 1216 2616 1288 ὅρος.
2650 1218 2759 1271 Καὶ
2804 1215 2867 1287 δὴ
2901 1214 3164 1268 ἐλθόντων
3193 1212 3287 1266 ἐπὶ
3313 1210 3407 1265 τδν
3450 1227 3551 1263 πο-

1968 1309 2165 1380 ταμὸν,
2208 1309 2462 1380 μηδαμοῦ
2490 1309 2735 1377 σκάφους
2771 1306 3210 1378 παραφανέντος,
3245 1303 3550 1375 προσέτατ-

1968 1418 2062 1455 τεν
2090 1404 2118 1454 ὁ
2168 1403 2505 1471 Παφνούτιος
2538 1402 2791 1466 πεζεύειν
2821 1401 2913 1454 τὸν
2953 1398 3216 1468 ποταμὸν,
3268 1398 3329 1450 ὃν
3376 1394 3551 1457 οὐδεὶς

1971 1492 2191 1546 πώποτε
2244 1494 2365 1547 κατ’
2414 1496 2621 1547 ἐκεῖνον
2664 1494 2753 1545 τὸν
2809 1493 2971 1544 τόπον
3004 1491 3301 1554 ἐπέζευσεν
3354 1486 3443 1540 διά
3491 1485 3555 1538 τὸ

1974 1583 2154 1655 βάθος.
2190 1584 2578 1655 Παρελθόντων
2600 1585 2656 1638 66
2690 1584 2869 1637 αὐτῶν
2903 1584 2997 1636 καὶ
3021 1582 3116 1636 τοῦ
3151 1581 3340 1644 ὓδατος
3367 1579 3551 1640 αὐτοῖς

1971 1678 2076 1742 ἓως
2105 1676 2203 1749 τῆς
2237 1677 2414 1749 ζώνης
2446 1677 2760 1747 γενομένου,
2811 1677 3148 1744 κατέστησεν
3173 1672 3337 1727 αὐτὸν
3362 1672 3421 1725 ἐν
3446 1688 3555 1724 τινι

1971 1771 2141 1841 τόπῳ.
2172 1771 2344 1834 Αὐτὸς
2373 1769 2430 1823 66
2479 1770 2641 1824 αὐτὸν
2667 1770 3019 1842 διαχωρίσας,
3052 1769 3223 1822 ἐδεῖτο
3268 1764 3366 1820 τοῦ
3416 1763 3556 1818 Θεοῦ

278 1863 431 1932 ζωῆς
460 1860 798 1929 διατελέσας,
828 1864 963 1934 πρὸς
996 1865 1094 1933 τὴν
1122 1864 1373 1935 οὐράνιον
1421 1863 1646 1932 πορείαν
1684 1862 1869 1914 ἐστέλ-
1902 1855 1944 1910 Β
1974 1861 2240 1933 κρείττων
2272 1862 2510 1933 φανῆναι
2549 1860 2658 1917 τῶν
2690 1861 2975 1917 τοιούτων.
3014 1861 3153 1916 Μετ’
3185 1859 3246 1913 οὐ
3298 1856 3467 1912 πολὺν
3495 1856 3556 1911 δέ

276 1956 454 2027 λετου
478 1955 579 2009 σὺν
605 1958 786 2025 χοροῖς
816 1956 989 2025 ἁγίων
1024 1958 1119 2010 καὶ
1168 1958 1415 2026 τάγμασι
1460 1955 1686 2009 δικαίων
1710 1954 1870 2027 ἀριθ-

280 2047 481 2119 μηθεὶς
502 2047 870 2104 ἀνεπαύσατο.

870 2141 1128 2197 ΚΕΦᾹΛ.
1169 2141 1287 2199 ΞΝ.

748 2234 888 2302 Περὶ
919 2236 1403 2303 πρωτοκόμητος.

355 2324 451 2388 Ὠς
480 2323 617 2393 γοῦν
636 2324 846 2378 ἐκεῖνον
877 2324 1257 2393 ἐνασκήσαντα
1287 2321 1472 2386 καλῶς
1499 2322 1621 2386 ταῖς
1646 2323 1870 2394 ἀρεταῖς

277 2417 423 2487 πρὸς
454 2416 590 2470 Θεὸν
622 2415 962 2478 ἀπέστειλεν,
996 2415 1205 2480 ἐπιθεὶς
1250 2415 1429 2486 ἐαυτῷ
1464 2415 1689 2487 μείζονα
1717 2416 1870 2470 πολι-

273 2510 433 2564 τείαν
466 2511 568 2581 τῆς
618 2508 948 2581 ἔμπροσθεν,
986 2508 1177 2580 ἠρώτα
1205 2510 1295 2561 τὸν
1321 2509 1454 2562 Θεὸν
1501 2509 1665 2563 πάλιν
1696 2508 1872 2573 δηλω-

275 2602 448 2673 θῆναι
478 2602 629 2671 αὐτῷ
654 2601 761 2654 τίνι
790 2600 900 2654 τῶν
938 2601 1111 2669 ἀγίων
1130 2600 1243 2671 ἀρα
1293 2601 1380 2673 εἴη
1405 2602 1611 2672 ὅμοιος*
1645 2602 1737 2655 καὶ
1768 2602 1867 2655 πά-

274 2697 367 2750 λιν
416 2696 570 2767 φωνή
616 2713 702 2758 τις
754 2694 948 2763 γέγονε
1006 2693 1148 2758 θεία,
1206 2694 1340 2765 πρὸς
1392 2693 1555 2748 αὐτὸν
1613 2693 1868 2762 λέγουσα*

280 2791 515 2851 Ἔοικας
556 2787 635 2858 τῷ
665 2786 765 2857 τῆς
812 2786 1043 2858 πλησίον
1080 2785 1274 2856 κώμης
1324 2788 1768 2857 πρωτοκωμήτῃ.
1813 2785 1870 2837 '0

272 2881 337 2935 δὲ
364 2880 444 2943 ὡς
473 2880 707 2949 τάχιστα
738 2879 875 2951 πρὸς
916 2879 1083 2932 αὐτὸν
1112 2874 1239 2949 ἧκε.
1274 2880 1384 2933 Καὶ
1428 2878 1492 2950 δὴ
1541 2878 1870 2950 κρούσαντος

275 2970 452 3025 αὐτοῦ
487 2970 581 3024 τὸν
623 2970 868 3037 πυλῶνα,
903 2970 1215 3042 προσῆλθεν
1248 2970 1642 3035 ἐκεῖνοε,,κατά
1669 2970 1730 3022 τὸ
1750 2969 1871 3030 ἔθος

270 3064 373 3115 τὸν
403 3062 554 3127 ξένον
582 3062 1001 3131 ὑποδεξάμενος,
1030 3060 1211 3130 ma;
1237 3061 1293 3114 66
1321 3062 1448 3124 τοὺς
1489 3061 1655 3125 πόδας
1679 3059 1866 3125 αὐτοῦ,

1972 1955 2162 2027 χρόνον
2200 1954 2274 2008 ῐδε
2305 1956 2404 2025 τὴν
2442 1953 2623 2026 ψυχὴ»
2655 1957 2751 2009 τοῦ
2789 1956 2985 2026 ἀνδρὸς
3015 1954 3120 2007 ὑπὸ
3144 1951 3393 2021 ἀγγέλων
3418 1951 3554 2004 ἀνα-

1972 2046 2416 2117 λαμϐανομένην,
2467 2047 2792 2116 ὐμιουντων
2820 2046 2913 2100 τὸν
2944 2044 3079 2099 Θεὸν
3122 2044 3220 2099 καὶ
3248 2042 3518 2111 λεγόντων
3537 2055 3551 2069 ⁸

1971 2138 2257 2208 Μακάριος
2281 2139 2340 2192 ὂν
2371 2138 2605 2204 ἐξελέξω
2636 2139 2729 2192 καὶ
2750 2137 3114 2209 προσελάϐου,
3136 2134 3554 2205 κατασκηνώσει

1972 2231 2032 2282 ἐν
2064 2234 2184 2295 ταῖς
2210 2232 2403 2295 αὐλαῖς
2444 2248 2537 2283 σου
2564 2245 2580 2261 ’
2610 2230 2704 2283 καὶ
2731 2230 2893 2283 πάλιν
2923 2230 3034 2283 τῶν
3067 2228 3294 2283 δικαίων
3325 2229 3558 2299 ἀποκρι-

1972 2324 2214 2394 νομένων
2248 2322 2341 2376 καὶ
2376 2322 2667 2390 λεγόντων,
2702 2322 2909 2391 Είρήνη
2956 2319 3126 2391 πολλὴ
3151 2321 3266 2382 τοῖς
3294 2316 3555 2387 ἀγαπῶσι

1970 2417 2033 2470 τὸ
2061 2417 2235 2487 ὄνομά
2267 2434 2384 2471 σου.
2420 2416 2534 2471 Καὶ
2558 2415 2702 2484 ἔγνω
2730 2416 2812 2469 ὅτι
2846 2417 2874 2469 6
2903 2414 3041 2489 ἀνὴρ
3064 2413 3433 2471 τετελείωται.

2553 2509 2809 2564 ΚΕΦΑΛ.
2852 2507 2972 2562 ΞΕ¹.

2529 2599 2671 2667 Περὶ
2707 2600 2993 2669 ἐμπόρου.

2057 2695 2143 2757 Ὠς
2196 2695 2253 2747 δέ
2310 2693 2579 2764 ἐπέμενεν
2640 2694 2669 2747 6
2724 2692 3061 2762 Παφνούτιος
3115 2690 3386 2745 δυσωπῶν
3435 2691 3556 2751 ταῖς

1972 2789 2161 2857 εὐχαῖς
2184 2786 2277 2840 τδν
2306 2784 2462 2847 Θεὸν.
2492 2786 2588 2839 καὶ
2619 2784 2720 2853 τὴν
2749 2782 3009 2855 νηστείαν
3040 2780 3407 2853 παρατείνων,
3443 2781 3555 2832 πά-

1970 2880 2054 2932 λιν
2079 2880 2231 2950 ἠξίου
2253 2879 2557 2951 δηλωθῆναι
2584 2877 2758 2948 αὐτῷ,
2800 2879 2906 2930 τίνι
2942 2876 3009 2930 ἂν
3049 2875 3136 2944 εἴη
3162 2875 3369 2944 ὅμοιος.
3405 2872 3555 2943 Ἔφη

1970 2970 2028 3024 δὲ
2077 2971 2241 3024 πάλιν
2285 2969 2319 3041 ή
2367 2968 2487 3022 θεία
2531 2969 2719 3038 φωνή·
2777 2967 3038 3038 Ἐμπόρῳ
3086 2963 3267 3026 ἔοικας
3301 2958 3557 3032 ζητοῦντι

1972 3064 2173 3127 καλοὺς
2206 3062 2572 3136 μαργαρίτας.
2619 3061 2780 3115 Ἀλλά
2811 3059 3077 3130 ἀνάστηθι
3104 3057 3314 3120 λοιπὸν,
3352 3055 3447 3108 καὶ⁸
3479 3052 3555 3125 μὴ

277 3156 381 3209 καὶ
428 3156 696 3226 παραθεὶς
753 3154 1055 3223 τράπεζαν,
1120 3154 1496 3223 προετρέπετο
1543 3152 1868 3223 μεταλαϐεῖν
1894 3196 1939 3256 C
1975 3157 2158 3227 μέλλε.
2192 3158 2611 3229 Προαπαντήσει
2644 3155 2753 3227 γάρ
2788 3171 2869 3206 σοι
2898 3156 2925 3207 6
2952 3154 3091 3225 ἀνὴρ
3115 3147 3158 3221 ᾧ
3188 3146 3552 3219 ἀπεικάσθης.

271 3247 395 3300 τῶν
444 3246 744 3314 ἐδωδίμων.
796 3246 1109 3315 Πυθομένου
1143 3245 1200 3299 δέ
1246 3246 1345 3305 τὰς
1393 3246 1622 3317 πράξεις
1676 3245 1866 3311 αὐτοῦ,

279 3337 381 3391 καὶ
435 3334 718 3404 λέγοντος*
749 3330 822 3388 ’Ὦ
880 3335 1154 3406 ἄνθρωπε,
1205 3336 1302 3400 τάς
1349 3338 1551 3390 σαυτοῦ
1594 3336 1871 3401 πολιτείας

280 3426 500 3496 φράσον
526 3442 539 3455 ·
582 3425 811 3489 πολλοὺς
843 3426 952 3497 γὰρ
987 3428 1274 3497 μοναχούς,
1300 3425 1376 3490 ῶς
1411 3444 1503 3496 μοι
1534 3429 1561 3480 6
1589 3428 1721 3491 Θεὸς
1748 3427 1872 3500 ἐδή-

275 3518 479 3586 λωσεν,
512 3516 922 3589 ὐπερϐέϐηκας.
967 3517 1028 3572 '0
1072 3517 1129 3571 66
1173 3517 1362 3586 ἔλεγεν
1391 3516 1584 3571 ἐαυτὸν
1612 3518 1871 3590 ἁμαρτω-

277 3614 376 3666 λον
404 3608 567 3672 εἶναι,
602 3612 697 3665 καὶ
741 3610 961 3676 ἀνάξιον
995 3611 1091 3665 τοῦ
1132 3611 1399 3681 ὀνόματος
1440 3610 1549 3663 τῶν
1596 3610 1867 3681 μοναχῶν.

293 3706 388 3770 Ὦς
429 3706 485 3759 δέ
514 3707 785 3775 ἐπέμενεν
834 3704 1079 3775 ἐρωτῶν.
1107 3706 1446 3775 ἀπεκρίνατο
1482 3705 1511 3757 6
1561 3703 1867 3774 ἄνθρωπος,

274 3800 461 3869 λέγων
486 3814 500 3829 ·
556 3798 699 3867 Ἐγὼ
748 3798 846 3869 μὲν
894 3798 994 3851 οὐκ
1026 3792 1173 3867 εἶχον
1218 3796 1463 3867 ἀνάγκην
1504 3796 1576 3850 τὰ
1628 3794 1869 3865 ἐμαυτοῦ

274 3893 540 3964 δράματα
570 3891 957 3960 ἐξαγορεῦσαι.
1004 3888 1225 3959 Ἐπειδὴ
1254 3889 1312 3942 δέ
1346 3889 1498 3960 παρά
1522 3888 1658 3941 Θεοῦ
1691 3889 1870 3956 λέγεις

279 3983 631 4054 ἐληλυθέναι,
678 3981 746 4034 τά
791 3980 1066 4051 προσόντα
1102 3997 1193 4051 μοι
1230 3979 1531 4048 ἀπαγγελῶ
1566 3997 1670 4033 σοι.
1716 3981 1873 4049 Ἐμοὶ

278 4075 609 4144 τριακοστὸν
640 4073 741 4143 ήδη
772 4072 917 4125 τοῦτ’
946 4073 1092 4125 ἐστιν
1134 4072 1274 4135 ἔτος,
1305 4072 1362 4138 ἐξ
1397 4068 1458 4136 οὗ
1505 4074 1741 4143 ἐμαυτὸν
1769 4077 1871 4141 τῆς

280 4163 534 4235 γαμετῆς
573 4164 971 4233 μουίέχώρισα,
1005 4163 1131 4232 τρία
1159 4164 1298 4234 αὐτῇ
1329 4163 1490 4233 μόνον
1536 4164 1865 4235 προσομιλή-

282 4276 388 4321 σας
417 4257 533 4327 ἕτη,
561 4261 654 4311 καὶ
684 4260 833 4328 τρεῖς
864 4259 1012 4321 υἱοὺς
1036 4258 1095 4324 ἐξ
1126 4260 1297 4329 αὐτῆς
1322 4260 1576 4330 ποιήσας,
1610 4260 1659 4313 οῖ
1687 4260 1751 4330 δή
1777 4262 1871 4313 καὶ

278 4352 406 4411 ταῖς
433 4348 644 4419 χρείαις
684 4366 785 4418 μου
821 4349 1222 4419 ὑπηρετοῦσιν·
1265 4351 1365 4403 οὐκ
1407 4352 1736 4421 ἐπαυσάμην
1772 4352 1870 4418 τῆς

279 4442 594 4512 φιλοξενίας
629 4442 792 4513 μέχρι
819 4443 916 4511 τῆς
940 4444 1201 4513 σήμερον.
1238 4444 1317 4496 Οὐ
1351 4444 1621 4512 καυχᾶταί
1652 4462 1735 4507 τις
1762 4444 1871 4497 τῶν

1971 3248 2265 3306 Κατελθὼν
2290 3250 2346 3302 δέ
2373 3251 2580 3313 ἐκεῖνος
2614 3249 2723 3303 ῑδεν
2747 3248 2916 3318 ἀνδρα
2946 3248 3069 3300 τινὰ
3100 3246 3364 3319 ἔμπορον,
3404 3242 3557 3296 Ἀλε-

1971 3345 2233 3417 ξσνδρέα,
2262 3343 2432 3414 ἄνδρα
2473 3342 2677 3412 εὐλαϐῆ
2709 3343 2805 3396 καὶ
2850 3341 3195 3412 φιλοχριστον
3228 3340 3322 3394 δύο
3359 3340 3557 3410 μυριά-

1968 3429 2064 3494 δας
2087 3430 2362 3500 χρυσίνων
2391 3432 2920 3502 πραγματευόμενον
2951 3434 3091 3501 μετά
3112 3430 3307 3484 ἑκατὸν
3333 3430 3556 3493 πλοίων,

1969 3525 2037 3577 ἐκ
2082 3528 2182 3594 τῆς
2235 3524 2517 3595 ἀνωτέρας
2564 3523 2830 3593 Θηϐαΐδος
2888 3525 3178 3589 κατιόντα,
3229 3525 3414 3576 πᾶσαν
3455 3522 3559 3593 τὴν

1968 3616 2160 3671 οὐσίαν
2194 3616 2360 3670 αὐτοῦ
2408 3616 2507 3669 καὶ
2540 3616 2812 3687 ἐμπορίαν
2838 3618 2953 3678 τοῖς
2993 3616 3233 3684 πτωχοῖς
3260 3613 3358 3668 καὶ
3388 3630 3558 3683 μονα·-

1968 3715 2086 3783 χοῖς
2119 3710 2496 3780 διανείμαντα.
2540 3712 2638 3772 Ὃς
2674 3710 2813 3779 μετά
2841 3709 2951 3762 τῶν
2985 3708 3151 3761 αὐτοῦ
3183 3707 3392 3762 παίδων
3423 3707 3557 3762 δέκα

1970 3804 2214 3867 σάκκους
2236 3803 2480 3876 ὀσπρίων
2502 3802 2767 3872 ἀνέφερεν
2789 3801 2925 3872 πρὸς
2948 3800 3131 3853 αὐτόν.
3152 3800 3265 3863 Καὶ
3280 3799 3333 3852 τί
3360 3799 3556 3865 ταῦτα,

1970 3890 2016 3952 ὦ
2059 3898 2214 3967 φίλε;
2248 3896 2354 3967 ἔφη
2408 3896 2545 3967 πρὸς
2591 3896 2754 3949 αὐτὸν
2788 3896 2816 3948 6
2848 3895 3210 3964 Παφνούτιος.
3261 3894 3323 3948 '0
3358 3894 3416 3949 66
3450 3893 3555 3964 ἐφη

1971 3989 2109 4059 πρὸς
2146 3988 2310 4043 αὐτόν
2335 4004 2348 4017 ·
2384 3988 2507 4042 Οἵδε
2554 3989 2604 4040 οί
2644 3988 2850 4056 καρποὶ
2875 3989 2974 4057 τῆς
3001 3986 3274 4058 ἐμπορίας
3306 3988 3445 4040 εἰσιν
3475 3988 3557 4047 εἰς

1969 4078 2193 4132 δικαίων
2226 4077 2539 4132 ἀνάπαυσιν
2574 4076 2652 4147 τῷ
2698 4075 2818 4147 Θεῷ
2852 4076 3311 4147 προσφερόμενοι.
3357 4077 3423 4130 Τί
3459 4078 3554 4145 δέ;

1971 4168 2139 4239 φησὶν
2161 4168 2301 4239 πρὸς
2330 4167 2493 4221 αὐτὸν
2519 4169 2547 4222 6
2570 4166 2929 4238 Παφνούτιος,
2958 4168 3054 4222 καὶ
3076 4170 3140 4223 σὺ
3169 4168 3265 4222 τοῦ
3292 4168 3557 4239 ὀνόματος

1969 4263 2070 4316 οὐκ
2118 4260 2414 4325 ἀπολαύεις
2470 4261 2565 4313 τοῦ
2611 4263 2919 4332 ἡμετέρους
2956 4262 3015 4317 Ὀ
3046 4262 3103 4317 66
3150 4262 3227 4327 ώς
3264 4263 3358 4318 ἐπὶ
3396 4263 3557 4329 τοῦτο

1973 4352 2227 4405 σπεύδειν
2278 4352 2417 4421 πρὸς
2463 4352 2628 4405 αὐτὸν
2669 4352 2978 4423 ὡμολόγει,
3036 4354 3372 4425 ἀπεκρίνατο
3417 4358 3556 4427 πρίς

1972 4445 2157 4498 αὐτόν.
2190 4444 2373 4515 Μέχρι
2404 4445 2549 4507 τίνος
2582 4444 2674 4498 οῦν
2706 4446 2775 4499 τά
2807 4447 2969 4515 γήϊνα
3002 4448 3411 4517 πραγματεύει,
3445 4448 3556 4502 τῶν

277 4534 544 4604 κομήτων
598 4534 707 4603 πρὸ
749 4533 886 4604 ἐμοῦ
937 4536 1029 4588 τὸν
1079 4536 1229 4599 ξένον
1277 4536 1699 4605 ὑποδεξάμενος.
1753 4536 1868 4589 υύκ
1898 4538 1945 4592 Ι)
1972 4536 2241 4607 οὐρανίων
2272 4536 2711 4607 ἐμπορευμάτων
2743 4538 2818 4609 μὴ
2846 4538 3189 4608 ἀπτόμενοςς
3220 4540 3357 4594 ἀλλά
3382 4540 3554 4594 ταῦτα

276 4626 479 4696 ἐξῆλθε
508 4626 681 4696 πένης
707 4628 740 4696 ἢ
765 4625 917 4690 ξένος
961 4630 1147 4690 κεναῖς
1170 4627 1330 4699 χερσὶ
1370 4627 1471 4699 τήν
1500 4629 1639 4701 ἐμήν
1670 4628 1865 4701 αὐλὴν,

278 4718 362 4790 μὴ
418 4718 684 4789 πρότερον
729 4716 1069 4785 ἐφοδιασθεὶς
1114 4721 1257 4771 κατὰ
1288 4718 1479 4785 λόγον·
1523 4721 1585 4773 οὐ
1639 4719 1866 4792 παρίδον

274 4810 495 4880 πένητα
525 4809 962 4879 δυστυχήσαντα,
993 4809 1070 4880 μὴ
1098 4809 1290 4882 ἱκανὴν
1322 4811 1680 4883 παραμυθίαν
1714 4811 1865 4882 αὐτῷ

275 4901 599 4974 χορηγήσας
627 4917 641 4931 ο
678 4900 779 4953 οὐκ
805 4898 997 4954 ἔλαϐον
1034 4903 1321 4971 πρόσωπον
1343 4903 1537 4957 τέκνου
1567 4906 1625 4956 ἐν
1647 4904 1857 4975 κρίσει·

275 4997 384 5050 οὐκ
408 4991 661 5064 εἰσῆλθον
702 4994 782 5056 είς
837 4994 927 5046 τὸν
975 4990 1123 5048 οἷκον
1159 5013 1261 5065 μου
1297 4996 1502 5066 καρποὶ
1546 4995 1859 5067 ἀλλότριον

272 5088 382 5142 οὐκ
406 5086 627 5154 ἐγένετο
674 5087 848 5157 μάχη,
885 5087 952 5157 ἦν
987 5085 1064 5157 μὴ
1086 5087 1407 5157 είρήνευσα’
1440 5089 1541 5143 οὐκ
1575 5088 1864 5160 ἐμέμψατό

271 5196 363 5242 τις
395 5176 483 5231 ἐπ’
514 5178 718 5249 ἀτοπίᾳ⁵
746 5178 873 5241 τοὺς
921 5178 1085 5247 ἐμοὺς
1112 5179 1308 5241 παῖδας
1329 5196 1343 5210 ·
1385 5180 1483 5250 οὐχ
1513 5180 1721 5251 ἥψαντο
1755 5182 1865 5236 τῶν

272 5269 581 5340 ἀλλοτρίων
605 5268 834 5341 καρπῶν
858 5269 916 5321 αί
946 5269 1139 5336 ἀγέλαι
1161 5286 1261 5338 μου
1281 5285 1296 5299 ο
1324 5270 1426 5324 οὐκ
1456 5270 1686 5343 ἔσπειρα
1715 5272 1865 5343 πρῶ-

272 5380 370 5424 τος
400 5363 499 5425 τὶς
522 5362 667 5433 ἐμάς
699 5362 907 5432 χώρας.
934 5360 1071 5414 ἀλλά
1104 5362 1271 5415 πᾶσιν
1304 5361 1478 5425 αὐτὰς
1511 5365 1700 5426 κοινάς
1731 5382 1865 5437 προ-

274 5455 531 5524 θέμενος,
578 5454 678 5515 τὰς
704 5452 1132 5523 ὐπολειφθείσας
1174 5454 1593 5527 ἐκαρπωσάμην
1612 5471 1625 5487 ·
1654 5456 1717 5510 οὐ
1742 5474 1865 5509 συν-

270 5546 533 5617 εχώρησα
562 5544 1127 5615 καταδυναστευθῆναι
1155 5546 1369 5617 πένητα
1401 5547 1507 5600 ὑπὸ
1557 5546 1819 5603 πλουσίου
1843 5565 1861 5581 ο

271 5642 335 5693 οὐ
369 5638 738 5709 παρελύπησά
769 5656 891 5691 τινα
920 5640 979 5691 ἐν
1003 5638 1083 5706 τῷ
1116 5638 1215 5709 βίῳ
1240 5656 1374 5709 μου·
1402 5639 1586 5709 κρίσιν
1616 5641 1863 5712 πονηράν

275 5733 401 5787 κατ’
432 5730 648 5795 οὐδενός
673 5748 803 5785 ποτε
828 5732 928 5785 οὐκ
961 5733 1285 5802 ἐξενήνοχα·
1311 5731 1486 5786 ταῦτα
1516 5733 1652 5787 Θεοῦ
1683 5733 1863 5787 θέλον-

273 5841 368 5888 τος
414 5821 630 5882 σύνοιδα
674 5825 896 5897 ἐμαυτῷ
944 5825 1333 5898 πεπραγμένα.
1400 5825 1669 5891 ’Λκούσας
1721 5826 1778 5883 δὲ
1832 5830 1859 5879 ό

1977 4628 2078 4697 μέν
2106 4627 2314 4700 ἐτέροις
2342 4626 2555 4697 μέλλων
2582 4629 2823 4696 ἀφεῖναι,
2851 4631 2915 4683 σύ
2947 4630 3005 4683 66
3038 4629 3146 4683 τῶν
3178 4632 3557 4702 καιριωτάτων

1973 4717 2255 4787 ἐχόμενος,
2286 4716 2657 4787 ἀκολούθησον
2706 4717 2785 4788 τῷ
2833 4718 3069 4789 Σωτῆρι,
3102 4719 3281 4788 ὀλίγον
3330 4719 3558 4792 ὕστερον

1973 4809 2112 4880 πρὸς
2153 4808 2317 4863 αὐτὸν
2354 4809 2704 4880 ἀφιξόμενος.
2755 4809 2816 4861 ὐ
2856 4809 2913 4862 66
2945 4810 3113 4880 μηδὲν
3148 4810 3554 4882 ὑπερθέμενος,

1971 4906 2083 4967 τοῖς
2113 4902 2308 4957 ἐαυτοῦ
2337 4904 2524 4955 παισὶν
2546 4902 2866 4957 ἀνετέλλετο
2895 4903 2965 4957 τά
2986 4904 3151 4958 λοιπά
3174 4906 3291 4969 τοῖς
3320 4910 3557 4977 πτωχοῖς

1971 4996 2273 5066 διανεῖμαι,
2306 4996 2469 5059 αὐτὸς
2497 4994 2554 5049 δὲ
2584 4994 2826 5049 ἀνελθὼν
2858 4997 2941 5058 εἰς
2970 4996 3031 5049 τὸ
3052 4997 3198 5067 ὅρος,
3236 4997 3331 5050 καὶ
3365 4998 3558 5051 ἐαυτὸν

1972 5085 2031 5139 ἐν
2065 5087 2258 5157 ἐκείνῳ
2290 5086 2371 5158 τῷ
2397 5080 2553 5159 τόπιρ
2574 5086 2871 5158 καθείρξας
2904 5088 3033 5141 ἔνθα
3055 5089 3105 5141 οἱ
3133 5089 3238 5160 πρὸ
3271 5089 3437 5143 αὐτοῦ
3463 5090 3560 5144 δύο

1970 5175 2364 5247 ἐτελειώθησαν
2386 5218 2401 5242 ,
2436 5179 2871 5251 προσεκαρτέρει
2905 5179 2987 5250 τῷ
3015 5179 3136 5251 Θεῷ
3180 5181 3555 5252 προσευχόμε-

1970 5288 2079 5332 νος.
2125 5269 2338 5339 ὐλίγου
2367 5271 2423 5323 δὲ
2444 5271 2866 5337 διιππεύσαντος
2894 5273 3115 5345 χρόνου,
3148 5275 3465 5328 καταλιπὼν
3495 5277 3558 5328 τὸ

1973 5362 2133 5432 σῶμα
2152 5363 2582 5432 οὐρανοπολίτης
2604 5364 2840 5433 ἐγένετο.
2884 5364 2971 5429 Ὦς
2997 5365 3054 5419 δέ
3075 5365 3169 5417 καὶ
3199 5364 3388 5418 τοῦτον
3420 5382 3557 5433 προ-

1971 5454 2198 5523 πέμψας
2240 5456 2320 5517 είς
2361 5454 2660 5525 οὐρανοὺς,
2691 5456 2880 5511 λοιπον
2918 5460 3013 5511 καὶ
3041 5458 3204 5522 αὐτὸς
3243 5460 3342 5528 τὴν
3375 5456 3557 5528 ψυχὴν

1970 5544 2323 5605 ἀπελείπετο,
2361 5544 2559 5614 μηκέτι
2594 5544 2756 5597 πλέον
2790 5545 3033 5615 ἀσκῆσαι
3064 5545 3384 5615 δυνάμενος.
3424 5546 3559 5612 ’Λγ-

1972 5637 2125 5706 γελος
2157 5636 2212 5690 66
2245 5638 2530 5707 παραστάς
2565 5634 2718 5692 εἶπεν
2761 5639 2930 5709 αὐτῷ’
2972 5638 3141 5709 Δεῦρο
3174 5639 3240 5710 δή
3274 5639 3482 5703 λοιπὸν,
3512 5633 3558 5691 ῶ

1974 5730 2213 5800 μακάριε
2236 5769 2250 5794 ,
2293 5732 2387 5783 καὶ
2425 5732 2489 5783 σύ
2526 5732 2605 5794 είς
2636 5732 2737 5794 τὰς
2774 5731 3031 5795 αἰωνίους
3076 5731 3301 5802 σκηνάς.
3352 5732 3558 5787 Ἦκαει

1972 5826 2080 5897 γὰρ
2106 5828 2154 5880 οξ
2197 5826 2471 5901 προφῆται
2524 5828 2602 5890 είς
2649 5828 2774 5891 τούς
2818 5825 3029 5881 ἑαυτῶν
3080 5825 3274 5898 χορούς
3319 5844 3373 5879 σε
3426 5825 3549 5878 61:0-
