4112 6510
599 340 728 421 1171

2051 337 2133 399 PA
2144 336 2401 398 LLADII

3732 345 3855 411 1179.

598 453 904 523 δεξάμενοι.
932 450 1107 506 τοῦτο
1135 450 1193 505 δὲ
1220 452 1278 505 ἐν
1306 452 1387 505 σοὶ
1425 450 1486 505 τὸ
1516 452 1645 522 πρὶν
1673 452 1772 506 οὑκ
1806 449 2061 520 ἐξεφάνη,
2093 448 2183 499 ἵνα
2211 452 2256 506 Α
2287 448 2585 519 Φιλήμονα.
2624 450 2829 518 Ἵῐγετο
2856 442 2949 503 οῦν
2981 449 3079 503 σὺν
3108 450 3289 516 αὐτοῖς
3319 454 3348 507 ὁ
3382 452 3739 520 Ἀπολλώνιος
3766 464 3855 513 καὶ

600 541 676 609 μὴ
724 536 983 608 ἐπαρθεὶς
1036 536 1327 608 ζημιωθῇς
1381 537 1482 606 τῆς
1539 536 1716 601 ἀξίας.
1778 534 2077 602 Ἐπιξήσας
2121 533 2177 586 δὲ

600 622 730 693 μίαν
760 621 975 692 ἡμέραν
1019 622 1200 690 μόνον,
1246 620 1633 689 πρεσϐυτέρων
1661 617 1822 672 τινῶν
1862 616 2008 671 κατὰ
2041 618 2179 669 ἀπο-

598 705 830 773 κάλυψιν
865 705 1003 773 πρὸς
1050 704 1212 757 αὑτὸν
1243 703 1600 774 ἐληλυθότων,
1641 703 1820 756 πάντα
1864 702 2047 763 αὑτοῖς
2078 701 2179 770 ὑφ-

599 789 967 860 ηγησάμενος,
994 788 1276 859 παρέδωκε
1294 790 1391 861 τὴν
1407 789 1605 861 ψυχήν.
1624 787 1912 860 Ἐμφανῶς
1936 787 1991 840 δὲ
2017 785 2179 839 αὑτὸν

602 873 655 926 οἰ
698 873 1060 945 πρεσϐύτεροι
1100 872 1395 928 ἐθεάσαντο
1445 875 1544 928 σὺν
1590 878 1772 945 χοροῖς
1813 874 2039 927 δικαίων
2086 872 2180 925 καὶ

603 956 854 1025 ἀγγέλων
876 956 1416 1028 ἀναλαμϐανόμενον,
1444 959 1540 1013 καὶ
1565 957 1876 1029 ὑμνούντων
1904 958 1996 1011 τὸν
2021 956 2174 1011 Θεόν.

1185 1090 1438 1145 ΚΕΦΑΛ.
1476 1089 1613 1158 EQ".

915 1180 1055 1251 Περὶ
1110 1182 1510 1237 Ἀπολλωνίου
1545 1182 1863 1251 μάρτυρος.

668 1291 866 1359 Γέγονε
891 1289 949 1345 δέ
977 1307 1063 1349 τις
1089 1290 1230 1346 κατά
1257 1292 1357 1362 τὴν
1380 1292 1624 1363 Θηϐαΐδα
1665 1292 1921 1362 μοναχὸς,
1952 1290 2179 1361 ὀνόματι

610 1374 986 1438 Ἀπολλώνιος.
1012 1368 1181 1439 Οῦτος
1210 1376 1471 1447 πλείστας
1497 1377 1758 1447 δυνάμεις
1778 1378 1880 1447 τῆς
1905 1376 2179 1439 πολιτείας

598 1458 763 1512 αὑτοῦ
799 1457 1114 1524 ἐπεδείξατο
1135 1472 1151 1489 ⁸
1184 1445 1255 1528 ἦν
1284 1459 1339 1512 δὲ
1375 1462 1469 1514 καὶ
1496 1460 1591 1513 τοῦ
1623 1445 1887 1530 όνόματος
1927 1461 2025 1530 τῆς
2061 1460 2179 1513 δια-

598 1543 783 1606 κονίας
809 1542 1132 1613 ήξιωμένος.
1179 1544 1570 1615 ’Υπερϐάλλων
1618 1545 1675 1597 δὲ
1710 1546 1912 1609 πάσαις
1958 1546 2178 1613 ἀρεταῖς

598 1627 724 1690 τοὺς
747 1627 966 1681 πώποτε
996 1628 1462 1698 εὐδοκιμήσαντας
1500 1631 1557 1681 ἐν
1585 1628 1663 1698 τῷ
1694 1628 1868 1701 καιρῷ
1895 1627 1988 1681 τοῦ
2014 1628 2177 1696 διωγ-

605 1709 728 1778 μοῦ,
765 1708 1201 1783 παραθαρσύνων
1234 1712 1358 1774 τοὺς
1384 1712 1623 1781 Χριστοῦ
1653 1713 2014 1782 όμολογητάς,
2050 1709 2178 1763 πολ-

2282 533 2430 587 ᾶλλοι
2451 533 2595 597 τινὲς
2613 532 3105 604 ὁμολογησάμενοι.
3132 536 3520 606 Πορευομένων
3543 537 3601 591 δὲ
3619 539 3855 609 πάντων,

2282 618 2423 671 κατά
2454 617 2555 688 τὴν
2583 617 2703 673 ὁδὸν
2730 618 2933 690 ἐπῆλθε
2964 618 3122 690 χάρις
3168 620 3259 672 ἐπ’
3293 619 3453 674 αὑτὸν
3472 662 3489 686 ,
3525 624 3623 677 καὶ
3658 624 3857 695 ἧρξατο

2279 702 2551 757 διδάσκειν
2584 705 2709 767 τοὺς
2750 705 3106 775 στρατιώτας.
3161 704 3251 768 Ὦς
3282 703 3340 757 δέ
3372 705 3469 760 καὶ
3496 707 3659 761 αὐτοὶ
3693 726 3856 764 καταο

2279 786 2533 854 νυγέντες
2562 788 2895 841 ἐπίστευσαν
2940 786 3021 859 τῷ
3053 787 3300 859 Σωτῆρι,
3340 789 3543 855 πάντες
3582 792 3858 862 ὁμοθυμα-

2280 867 2368 921 δὸν
2390 870 2483 923 ἐπὶ
2514 868 2576 922 τὸ
2610 870 2762 942 βῆμα
2796 871 3007 941 δέσμιοι
3036 866 3199 943 ἦσαν.
3228 870 3335 937 Οὒς
3368 872 3619 939 ἅπαντας
3647 877 3678 929 ὸ
3699 874 3860 949 ἔπαρ-

2278 968 2375 1023 χος
2415 952 2752 1024 θεασάμενος
2771 995 2785 1017 ,
2816 954 2893 1017 ὡς
2920 954 3028 1008 ῐδεν
3063 954 3431 1026 ἀμεταθέτους
3454 956 3558 1028 τῆς
3590 958 3858 1028 πίστεως,

2279 1035 2359 1107 τῷ
2391 1035 2539 1107 βυθῷ
2570 1037 2671 1108 τῆς
2706 1037 2987 1108 θαλάσσης
3016 1037 3229 1091 κελεύει
3265 1039 3670 1111 παραδοθῆναι.
3698 1042 3863 1097 Τοῦτο

2280 1119 2338 1173 δὲ
2369 1118 2637 1190 σύμϐολον
2660 1120 2843 1184 αὑτοῖς
2868 1122 3087 1190 ἐγένετο
3110 1120 3206 1175 τοῦ
3232 1120 3615 1193 βαπτίσματος
3638 1140 3654 1153 ·
3679 1125 3862 1195 εὑρόν·

2280 1218 2373 1267 τες
2410 1202 2466 1255 δὲ
2500 1202 2701 1267 αὐτοὺς
2737 1204 2789 1257 οί
2826 1206 3015 1259 οἰκεῖοι
3060 1206 3201 1275 πρὸς
3251 1206 3353 1270 τάς
3379 1206 3555 1277 δχθας
3592 1208 3864 1281 ἐρριμμέ-

2280 1302 2426 1352 νους,
2462 1286 2629 1339 πᾶσιν
2651 1285 2789 1357 ὁμοῦ
2812 1287 3043 1359 τέμενος
3072 1288 3490 1345 κατεσκεύασαν
3510 1305 3532 1323 ·
3551 1291 3692 1346 ἔνθα
3711 1293 3865 1347 δυνά-

2284 1385 2405 1438 μεις
2435 1367 2631 1421 πολλαί
2654 1386 2716 1432 τε
2743 1369 3142 1427 ἐπιτελοῦνται.
3173 1371 3426 1444 Τοσαύτη
3449 1374 3560 1445 γάρ
3583 1392 3681 1439 τις
3711 1376 3865 1447 χάρις

2279 1454 2472 1521 γέγονε
2503 1455 2599 1508 τοῦ
2637 1454 2854 1527 ἀνδρὸς,
2887 1454 3027 1509 ὥστε
3063 1454 3160 1511 καὶ
3198 1455 3337 1529 ὑπὲρ
3362 1451 3441 1513 ὧν
3467 1457 3687 1528 ηὔξατο
3711 1460 3865 1525 εὐθὺς

2281 1539 2724 1609 εἰσακουσθῆναι,
2772 1540 2867 1594 τοῦ
2904 1540 3159 1611 Σωτῆρος
3205 1542 3367 1596 αὑτὸν
3407 1542 3555 1596 οὕτω
3596 1544 3867 1616 τιμήσανο

2280 1639 2398 1685 τος·
2437 1623 2496 1676 δν
2530 1625 2624 1677 καὶ
2660 1625 2823 1694 ήμεῖς
2859 1626 2917 1678 ἐν
2953 1624 3031 1696 τῷ
3063 1625 3353 1697 μαρτυρίῳ
3378 1626 3684 1697 εὐξάμενοι
3711 1628 3869 1684 ἐθεα-

2283 1706 2499 1775 σάμεθα
2560 1709 2677 1779 ἅμα
2733 1712 2847 1772 τοῖς
2900 1710 2998 1763 σὺν
3053 1709 3204 1775 αὐτῷ
3253 1712 3707 1781 μαρτυρήσασιν.
3760 1714 3865 1769 Καὶ

603 1794 728 1857 λοὺς
758 1796 1037 1866 μάρτυρας
1063 1796 1381 1850 ἀπετέλεσε.
1414 1797 1525 1850 Καὶ
1555 1796 1717 1859 αὑτὸς
1754 1796 1811 1852 δὲ
1854 1794 2178 1865 συλληφθεὶς
2212 1793 2250 1848 Β
2282 1793 2761 1862 προσκυνήσαντες
2790 1792 2867 1863 τῷ
2889 1793 3006 1864 Θεῷ
3031 1794 3401 1867 ήσπασάμεθα
3429 1794 3616 1850 αὑτῶν
3647 1796 3865 1869 τάσκη·

597 1879 657 1930 ὲν
710 1881 778 1948 τῇ
827 1879 1018 1949 εἰρκτῇ
1081 1879 1442 1947 ἐφυλάττετο·
1498 1880 1635 1950 πρὸς
1681 1880 1740 1933 ὸν
1786 1882 2019 1951 ἤρχοντο
2070 1878 2179 1931 τῶν

613 1959 879 2029 Ἑλλήνων
920 1962 969 2013 οἰ
1011 1963 1355 2034 φαυλότεροι,
1386 1963 1480 2016 καὶ¹
1520 1963 1715 2033 λόγους
1740 1963 1892 2018 αὑτῶ
1925 1961 2179 2035 παρωξυ-

600 2043 738 2113 σμοῦ
768 2045 861 2099 καὶ
891 2045 1241 2117 βλασφημίας
1277 2049 1642 2120 προσεπῆγον.

1179 2177 1430 2232 ΚΕΦΑΛ.
1468 2178 1585 2238 ΞΖ’.

601 2268 737 2338 Περὶ
759 2268 1095 2339 Φιλήμονος
1116 2268 1418 2339 μάρτυρος
1444 2270 1541 2324 καί
1569 2271 1703 2340 περὶ
1733 2270 1853 2325 τῶν
1866 2272 1995 2342 μετ’
2020 2269 2181 2337 αὐτῷ

777 2370 781 2374 -
1199 2342 1536 2409 μαρτύρων.

665 2428 777 2484 Ἦν
815 2432 871 2486 δέ
907 2450 989 2496 τις
1012 2432 1071 2497 ἐξ
1096 2432 1277 2487 αὑτῶν
1311 2432 1582 2503 χοραύλης
1615 2432 1777 2504 ἀνὴρ,
1812 2434 2093 2505 διαϐόητος
2123 2435 2180 2489 ἐν

598 2514 709 2575 τοῖς
762 2515 1146 2585 ἀτοπήμασιν,
1209 2514 1269 2579 ὃς
1320 2514 1631 2586 προσελθὼν
1696 2517 1859 2571 αὑτὸν
1912 2517 2177 2589 ὕϐριζεν,

598 2596 810 2650 ἀνόσιον
855 2598 1047 2665 λέγων.
1095 2600 1189 2652 καὶ
1215 2598 1493 2668 ἐπιθέτην,
1524 2600 1617 2653 καὶ
1646 2600 1866 2666 πλάνον,
1896 2604 1989 2656 καὶ
2026 2605 2180 2673 παρά

601 2683 809 2747 πάντας
835 2684 963 2747 τοὺς
998 2683 1320 2754 ἀνθρώπους
1361 2683 1725 2755 μισούμενον,
1757 2686 1853 2740 καὶ
1895 2687 2180 2754 ὀφείλοντα

598 2763 791 2818 θᾶττον
839 2764 1153 2821 ἀποθανεῖν.
1209 2766 1354 2837 Πρὸς
1391 2768 1449 2820 ὃν
1493 2785 1659 2837 φησιν
1711 2770 1741 2821 ὸ
1795 2768 2175 2834 Ἀπολλώνιος·

612 2847 867 2920 Ἐλεήσαι
898 2867 957 2904 σε
998 2850 1226 2921 Κύριος,
1278 2851 1568 2919 ἄνθρωπε,
1606 2854 1700 2907 καὶ
1734 2853 1903 2925 μηδέν
1946 2870 2027 2907 σοι
2064 2852 2177 2906 τῶν

596 2931 751 3001 παρά
785 2931 879 2985 σοῦ
914 2933 1223 3005 εἰρημένων
1251 2936 1329 2998 εἰς
1360 2935 1635 3007 ἁμαρτίαν
1656 2936 1960 3008 λογίσηται.
1991 2935 2179 2991 Ταῦτα

596 3013 655 3081 δὲ
696 3014 935 3080 ἀκούσας
968 3018 996 3069 ὁ
1027 3016 1302 3087 χοραύλης
1350 3018 1589 3084 ἐκεῖνος,
1630 3020 1888 3090 Φιλήμων
1919 3019 2175 3090 ὀνόματι,

598 3100 852 3154 ἐδάκνετο
874 3102 993 3164 ταῖς
1023 3102 1215 3171 φρεσὶν
1252 3102 1354 3155 ὑπὸ
1383 3103 1490 3156 τῶν
1514 3104 1689 3172 λόγων
1716 3104 1810 3158 τοῦ
1846 3104 2038 3176 ἀνδρὸς
2072 3122 2175 3159 κα-

595 3184 870 3251 τανυγείς.
912 3184 1194 3255 Ὀρμήσας
1243 3185 1299 3237 δὲ
1344 3185 1507 3250 εὐθὺς
1536 3188 1629 3240 ἐπὶ
1658 3187 1719 3240 τὸ
1762 3188 1934 3260 βῆμα,
1974 3188 2054 3259 τῷ
2099 3188 2179 3243 δι-

596 3269 772 3337 καστῇ
803 3269 1161 3338 παρειστήκει
1182 3309 1195 3323 .
1228 3268 1322 3321 καί
1354 3286 1519 3338 φησιν
1549 3270 1697 3341 αὑτῷ
1725 3271 1818 3324 ἐπὶ
1859 3271 1950 3325 τοῦ
1980 3272 2176 3343 δήμου·

600 3350 796 3405 Ἄδικα
822 3352 1106 3421 πράττεις,
1139 3347 1184 3404 ὦ
1203 3352 1456 3416 δικαστά,
1484 3352 1753 3423 θεοφιλεῖς
1779 3355 1876 3408 καὶ
1902 3357 2181 3421 ἀναιτίους

596 3434 797 3505 ἄνδρας
834 3434 1100 3499 κολάζων.
1156 3436 1326 3489 Οὑδὲν
1374 3437 1481 3507 γὰρ
1532 3436 1738 3507 φαῦλον
1771 3440 1822 3492 οἰ
1859 3439 2181 3510 Χριστιανοὶ

596 3517 868 3583 ποιοῦσιν,
890 3517 1012 3571 οὐδὲ
1031 3518 1300 3587 λέγουσιν,
1326 3519 1463 3573 άλλά
1480 3523 1576 3574 καὶ
1598 3523 1724 3587 τοὺς
1745 3522 1974 3594 ἐχθροὺς
2000 3524 2180 3577 αὐτῶν

595 3601 925 3670 εὐλογοῦσιν.
972 3602 1032 3655 Ὀ
1057 3602 1136 3664 δέ,
1172 3601 1345 3655 ταῦτα
1374 3603 1543 3657 αὑτοῦ
1573 3605 1843 3672 λέγοντος,
1886 3606 1953 3660 τά
1988 3607 2179 3677 πρῶτα

599 3684 701 3754 μὲν
731 3683 868 3756 ᾤετο
895 3685 1058 3739 αὑτὸν
1099 3686 1483 3757 εἰρωνεύεσθαι
1513 3689 1608 3742 καὶ
1637 3688 1962 3756 γελοιάζειν,
1992 3690 2068 3754 ὡς
2118 3690 2177 3743 δὲ

596 3769 927 3839 ἐπιμένοντα
960 3764 1135 3824 εἶδεν·
1187 3771 1492 3841 Μέμηνας,
1548 3774 1745 3844 φησὶν,
1796 3768 1842 3828 ὧ
1888 3775 2175 3844 ἄνθρωπε,

597 3852 734 3924 πρὸς
762 3852 947 3915 αὑτὸν,
980 3854 1076 3907 καὶ
1103 3854 1166 3906 ἐκ
1198 3854 1417 3925 φρενῶν
1448 3855 1680 3924 γέγονας
1710 3858 1965 3923 ἐξάπινα.
2008 3857 2067 3913 ’0
2096 3859 2175 3925 δὲ,

596 3934 673 3987 Οὐ
710 3934 991 4008 μαίνομαι,
1024 3935 1210 4004 φησὶν,
1245 3936 1545 3992 ἀδικώτατε
1573 3939 1825 3994 δικαστά.
1852 3940 2179 4012 Χριστιανὸς

594 4016 702 4088 γάρ
742 4020 878 4088 εἰμι.
937 4018 998 4071 'U
1043 4018 1099 4071 δὲ
1148 4020 1371 4084 πολλαῖς
1425 4022 1735 4087 κολακείαις
1778 4024 1895 4095 ἅμα
1928 4024 2007 4096 τῷ
2035 4025 2178 4096 ὔχλῳ

597 4101 807 4155 πείθειν
836 4099 999 4155 αὑτὸν
1027 4103 1413 4173 ὲπειρᾶτο.⁹Ως
1432 4106 1488 4159 δὲ
1514 4107 1852 4176 ἀμετάθετον
1882 4102 2012 4168 εἶδε.
2043 4126 2179 4163 παν-

594 4184 744 4248 τοίας
782 4184 1045 4255 βασάνους
1072 4186 1223 4255 αὑτῷ
1260 4189 1556 4259 προσῆγεν.
1589 4190 1696 4244 Τὸν
1724 4190 1780 4244 δὲ
1817 4191 2177 4245 Ἀπολλώνιον

594 4266 942 4338 ἀνάρπαστον
969 4269 1359 4339 ποιησάμενος,
1395 4274 1493 4325 καὶ
1520 4272 1743 4337 πολλαῖς
1773 4275 1983 4339 αἰκίαις
2016 4291 2177 4345 περι-

595 4348 815 4413 ϐαλὼν,
844 4350 921 4414 ὡς
966 4351 1166 4405 πλάνον
1202 4353 1365 4407 αὑτὸν
1404 4355 1744 4423 ἐϐάσανιζεν.
1788 4358 1850 4410 '0
1886 4358 1943 4411 δέ
1987 4358 2174 4411 Ἀπολ-

598 4431 786 4495 λώνιος
807 4434 945 4503 πρὸς
964 4434 1127 4488 αὑτὸν
1151 4436 1277 4508 ἔφη·
1302 4439 1583 4511 Εὐξαίμην
1605 4441 1671 4494 ἂν
1696 4442 1789 4494 καὶ
1813 4440 1895 4502 σὲ,
1919 4440 2169 4507 δικαστά,

2280 1877 2506 1945 νώματα
2536 1877 2594 1931 ἐν
2623 1880 2690 1948 τῇ
2722 1877 2972 1948 Θηϐαΐδι.

2867 2001 3121 2058 ΚΕΦΑΛ.
3158 2001 3285 2057 ειν.

2473 2096 2607 2163 Περὶ
2659 2096 2717 2150 Ἀ
2727 2093 2837 2152 6εᾶ
2873 2097 3201 2166 Διοσκόρου
3240 2096 3681 2166 πρεσϐυτέρου.

2353 2202 2547 2256 Ἀλλον
2576 2204 2632 2257 δὲ
2662 2204 3034 2276 πρεσϐύτερον
3064 2205 3249 2275 ἴδομεν
3287 2208 3346 2259 ὲν
3371 2205 3604 2276 Θηϐαΐδι
3643 2207 3863 2263 Διόσκο-

2283 2304 2378 2358 ρον
2406 2287 2656 2359 ὀνόματι,
2689 2290 2911 2360 Πατέρα
2942 2290 3191 2360 μοναχῶν
3220 2288 3437 2353 ἑκατὸν,
3475 2290 3537 2354 ὸς
3570 2290 3867 2361 μέλλοντας

2280 2372 2478 2435 αὐτοὺς
2527 2374 2845 2443 προσελθεῖν
2879 2377 2945 2445 τῇ
2983 2373 3168 2444 χάριτι
3206 2373 3301 2427 τοῦ
3344 2373 3503 2439 Θεοῦ,
3533 2375 3701 2443 ἔλεγε
3738 2378 3865 2447 πρὸς

2280 2456 2498 2521 αύτούς·
2549 2457 2747 2527 Ὀρᾶτε
2793 2459 2869 2529 μή
2914 2476 2999 2522 τις
3032 2461 3089 2512 ἐν
3123 2458 3391 2530 φαντασίᾳ
3419 2461 3692 2527 γυναικὸς
3721 2461 3867 2527 τενό-

2284 2557 2465 2611 μενος,
2502 2542 2560 2593 ἐν
2610 2542 2766 2595 νυκτὶ
2812 2543 3103 2612 τολμήσειε
3150 2542 3470 2610 προσελθεῖν
3519 2545 3640 2604 τοῖς
3698 2544 3865 2612 ἁγίοις

2284 2625 2639 2695 μυστηρίοις,
2704 2626 2778 2695 μή
2830 2643 2912 2689 τις
2958 2625 3017 2689 ἐξ
3086 2625 3241 2695 ὑμῶν
3286 2626 3733 2695 ςφανταζόμενος
3784 2630 3860 2680 tvo

2280 2708 2573 2777 υπνιασθῇ.
2605 2709 2669 2761 Αἰ
2699 2709 2806 2778 γάρ
2837 2711 2963 2763 ἀνευ
2995 2710 3102 2761 τῶν
3166 2708 3481 2777 φαντασιῶν
3548 2712 3864 2782 γονόρροιαι

2280 2791 2604 2862 αὐτομάτως
2636 2792 2944 2861 γινόμεναι,
2973 2794 3074 2845 οὑκ
3101 2793 3166 2845 ἐκ
3191 2793 3571 2862 προαιρέσεως
3604 2794 3865 2857 ἑκάστου,

2278 2874 2394 2927 ἀλλ’
2433 2876 2748 2946 ἀϐουλήτως
2788 2875 3077 2945 γενόμεναί
3117 2878 3275 2930 εἰσιν.
3344 2876 3438 2929 Ἐκ
3482 2877 3717 2943 φύσεως
3766 2879 3869 2951 γάρ

2280 2960 2663 3029 προέρχονται,
2701 2960 2797 3013 καὶ¹
2841 2960 2907 3012 ὲκ
2957 2958 3275 3028 περιουσίας
3313 2956 3448 3029 ὕλης
3493 2960 3869 3030 ἐκκρίνονται.

2281 3043 2373 3095 Διὸ
2391 3042 2511 3095 οὺδέ
2539 3041 2828 3095 ὑπεύθυνοί
2856 3042 2964 3095 εἰσι
2990 3045 3057 3113 τῇ
3086 3040 3352 3112 ἁμαρτίᾳ.
3382 3041 3451 3092 Δί
3479 3040 3538 3093 δὲ
3567 3044 3867 3111 φαντασίαι

2204 3151 2253 3215 c
2284 3125 2349 3178 ἐκ
2402 3126 2775 3215 προαιρέσεως
2832 3125 3103 3215 {px-avra},
3145 3123 3241 3176 καὶ
3280 3123 3382 3215 τῇς
3413 3123 3594 3215 κακῆς
3638 3128 3867 3215 γνώμης

2281 3208 2400 3262 ἐστὶ
2422 3208 2746 3280 τεκμήριον.
2771 3210 2862 3261 Δεῖ
2886 3204 2979 3262 οὖν
3008 3207 3101 3261 τὸν
3135 3206 3368 3277 μοναχὸν
3393 3205 3489 3260 καὶ
3512 3205 3617 3278 τῆς
3650 3208 3867 3278 φύσεως

2281 3291 2634 3363 ὑπερϐαίνειν
2684 3291 2777 3346 τὸν
2830 3292 3026 3362 νόμον,
3062 3290 3156 3346 καί
3205 3290 3340 3361 μηδὲ
3374 3291 3455 3354 εἰς
3493 3307 3619 3344 τινα
3670 3291 3868 3363 μικρὸν

2283 3375 2560 3448 μολυσμὸν
2625 3376 2827 3447 σαρκὸς
2894 3376 3217 3447 εὑρεθῆναι·
3282 3374 3418 3429 ἀλλά
3509 3375 3716 3442 τήκειν
3770 3375 3867 3445 τήν

2281 3460 2481 3530 σάρκα,
2531 3460 2623 3514 καὶ
2659 3460 2733 3531 μὴ
2766 3462 3069 3531 συγχωρεῖν
3119 3460 3179 3512 ἐν
3207 3457 3345 3529 αὐτῇ
3377 3456 3738 3528 περισσεύειν
3770 3458 3865 3528 τὴν

2281 3542 2435 3613 ὕλην.
2490 3544 2759 3615 Πειρᾶσθε
2810 3538 2904 3598 οὖν
2938 3542 3173 3598 κενῶσαι
3210 3542 3308 3613 τὴν
3340 3542 3474 3611 ῦλην
3518 3543 3588 3613 τῇ
3626 3542 3741 3611 τῆς
3769 3558 3863 3611 νη-

2281 3628 2462 3689 στείας
2515 3627 2672 3697 ίκανῇ
2726 3627 3064 3695 παρατάσει·
3108 3628 3155 3679 εἰ
3198 3625 3256 3679 δὲ
3292 3624 3402 3695 μὴ,
3451 3625 3548 3678 καὶ
3597 3626 3742 3694 πρὸς
3767 3626 3863 3686 τὰς

2278 3708 2482 3779 ὀρέξεις
2514 3711 2663 3780 ήμᾶς
2711 3708 2963 3780 ἐρεθίζει.
3016 3710 3093 3762 Οὐ
3140 3708 3222 3761 δεῖ
3248 3708 3305 3762 δὲ
3349 3709 3441 3761 τὸν
3474 3707 3716 3777 μοναχὸν
3757 3706 3863 3761 τῶν

2277 3793 2512 3864 ὀρέξεων
2553 3794 2690 3856 ὅλως
2719 3792 3055 3861 ἐφάπτεσθαι
3082 3809 3097 3824 ·
3144 3792 3265 3844 ἐπεὶ
3300 3792 3359 3844 ἐν
3396 3792 3504 3843 τίνι
3536 3791 3733 3845 διοίσει
3758 3790 3862 3843 τῶν

2280 3877 2589 3955 κοσμικῶν;
2639 3876 2732 3939 οὒς
2766 3876 3029 3939 πολλάκις
3073 3874 3289 3946 δρῶμεν
3325 3874 3419 3928 καὶ
3465 3875 3577 3927 τῶν
3615 3874 3861 3946 τέρψεων

2278 3960 2651 4029 ἀπεχομένους
2692 3959 2760 4012 δι’
2792 3960 2980 4027 ὑγείαν
3022 3957 3302 4028 σώματος,
3328 3958 3383 4031 ἢ,
3408 3956 3476 4009 δι’
3517 3957 3686 4020 ἄλλας
3712 3958 3860 4019 τινάς

2276 4045 2377 4097 οὐκ
2418 4044 2646 4112 ἀλόγους
2686 4042 2900 4107 αἰτίαςς
2936 4044 3088 4111 πόσῳ
3126 4042 3191 4110 δὴ
3228 4040 3323 4094 οὖν
3365 4041 3568 4111 μᾶλλον
3594 4041 3858 4111 ἐπιμελη-

2275 4130 2397 4183 τέον
2426 4129 2505 4199 τῷ
2540 4128 2759 4200 μοναχῷ
2804 4128 2903 4196 τῆς
2945 4125 3127 4196 ψυχῆς
3152 4126 3251 4195 τὴν
3283 4126 3464 4181 αἰτίαν
3492 4125 3593 4180 καὶ
3630 4124 3857 4195 ὑγείαν,

2277 4213 2373 4266 καὶ
2404 4212 2495 4265 τοῦ
2532 4210 2623 4266 νοῦ
2645 4251 2660 4276 ,
2694 4212 2787 4265 καὶ
2819 4210 2913 4263 τοῦ
2946 4209 3287 4280 πνεύματος;

2865 4339 3114 4393 ΚΕΦΔΛ.
3154 4336 3275 4392 ΞΘ.

2536 4431 2672 4499 Περὶ
2705 4430 2822 4483 τῶν
2852 4430 2923 4484 ἐν
2954 4428 3027 4497 τῇ
3058 4428 3263 4496 Νιτρίᾳ
3289 4424 3599 4496 μοναχῶν.

597 4518 693 4570 καὶ
729 4491 1066 4583 πάντα-τοὺς
1102 4491 1491 4593 συμπαρόνταξ
2203 4491 2249 4546 D
2346 4491 2714 4593 Κατήχθημεν
2739 4522 2795 4575 δέ
2823 4522 2917 4574 καὶ
2945 4491 3025 4583 εἰς
3054 4520 3101 4572 Ν
3109 4491 3306 4588 ιτξὶίάνξ
3335 4491 3733 4582 ἔνθάνπολλοδς
3764 4518 3859 4572 καὶ

600 4616 704 4669 μου
740 4599 1184 4672 ἐξακολουθῆσαι.
1230 4604 1286 4657 '0
1321 4606 1376 4659 δὲ
1398 4606 1490 4661 τοῦ
1516 4607 1688 4660 ταῦτα
1712 4608 1961 4677 λέγοντος
1991 4610 2170 4679 ἀμφο-

595 4682 786 4752 τέρους
818 4684 952 4753 πυρὶ
983 4685 1354 4757 παραδοθῆναι
1389 4691 1718 4759 προστάττει
1756 4691 1815 4743 ἐν
1848 4692 2003 4760 ὄψεσι
2036 4710 2170 4745 παν⁶

595 4764 686 4828 τὸς
718 4765 813 4819 τοῦ
843 4766 1097 4834 πλήθους.
1145 4769 1233 4833 Ὠς
1262 4770 1317 4823 δέ
1344 4772 1402 4824 ὲν
1430 4775 1494 4841 τῇ
1526 4773 1687 4841 φλογὶ
1710 4769 1871 4845 ἦσαν,
1901 4775 2168 4843 παρόντος

595 4848 689 4900 τοῦ
729 4848 1001 4911 δικαστοῦ,
1035 4850 1216 4922 φωνὴν
1246 4854 1437 4923 ἀφίησι
1477 4856 1614 4926 πρὸς
1644 4858 1734 4908 τὸν
1769 4858 1902 4908 Θεὸν
1934 4858 1960 4910 ὁ
1993 4859 2170 4927 μακά-

599 4949 713 5001 ριος
758 4932 1110 4998 Ἀπολλώνιος
1136 4938 1215 4993 εἰς
1241 4938 1483 5004 ὑπήκοον
1514 4938 1715 5002 παντὸς
1744 4939 1838 4993 τοῦ
1869 4940 2039 5011 δήμου
2076 4942 2169 4993 καὶ

596 5015 689 5067 τοῦ
721 5014 976 5068 δικαστοῦ
998 5034 1011 5047 ·
1043 5018 1137 5089 Μὴ
1177 5020 1466 5090 παραδῷς,
1512 5023 1786 5087 Δέσποτα,
1818 5026 1931 5087 τοῖς
1961 5024 2170 5096 θηρίοις

594 5097 772 5169 ψυχὰς
812 5098 1310 5169 ἐξομολογουμένας
1354 5119 1456 5165 σοι,
1499 5103 1634 5156 ἀλλά
1681 5106 1877 5159 σαυτὸν
1910 5107 2169 5178 ἐμφανῶς

596 5184 629 5253 ή
637 5183 727 5252 μίν
745 5182 1029 5246 ἐπίδειξον.
1056 5185 1164 5236 Καὶ
1185 5186 1248 5254 δὴ
1267 5187 1464 5255 νεφέλη
1489 5187 1794 5257 δροσοειδὴς
1813 5193 1907 5245 καὶ
1932 5191 2168 5261 φωτεινὴ

594 5264 898 5319 ἐπελθοῦσα
943 5266 1179 5336 ἐκάλυψε
1235 5270 1362 5329 τοὺς
1412 5270 1646 5339 ἄνδρας,
1693 5274 1754 5325 τὸ
1784 5272 1895 5344 πῦρ
1935 5275 2169 5328 ἀποσϐέο

597 5366 756 5402 σασα.
816 5350 1208 5427 Θαυμάσαντες
1246 5351 1303 5403 δὲ
1350 5354 1400 5404 οἱ
1446 5352 1607 5423 δῆμοι
1658 5356 1752 5408 καὶ
1800 5359 1827 5410 ό
1876 5357 2165 5427 δικαστὴς,

594 5432 785 5496 ἐϐόων,
815 5426 909 5495 Εἷς
937 5434 965 5484 ό
1010 5433 1142 5495 Θεὸς
1170 5434 1278 5487 τῶν
1320 5437 1681 5506 Χριστιανῶν.
1728 5440 2075 5507 ’Δναγγέλλει
2096 5426 2166 5493 δέ

592 5532 677 5577 τις
728 5514 900 5568 ταῦτα
950 5515 1059 5569 τῶν
1103 5517 1429 5589 κακούργων
1476 5521 1555 5592 τῷ
1596 5522 1695 5591 τῆς
1759 5523 2166 5596 Ἀλεξανδρείας

593 5600 846 5666 ἐπάρχῳ·
877 5598 935 5660 ὃς
981 5598 1164 5668 ὠμούς
1198 5618 1349 5666 τινας
1393 5606 1487 5657 καὶ
1523 5606 1749 5677 ἀγρίους
1798 5607 2166 5678 προτέκτορας

596 5680 693 5730 καὶ
740 5680 1016 5743 ταξεώτας
1073 5682 1482 5755 ἐπιλεξάμενος,
1519 5688 1866 5753 ἐξαπέστειλε
1914 5691 2051 5761 πρὸς
2107 5692 2166 5743 τὸ

594 5764 846 5832 δεσμίους
881 5765 1085 5829 πάντας
1115 5768 1342 5838 ἀχθῆναι
1368 5772 1489 5834 τοὺς
1512 5777 1635 5845 περὶ
1672 5777 1758 5827 τὶν
1785 5774 2042 5846 δικαστὴν
2075 5778 2165 5831 καὶ

2280 4608 2547 4679 μεγάλους
2581 4604 2940 4675 ἀναχωρητάς
2970 4605 3296 4675 ἑωράκαμεν
3316 4618 3331 4633 ·
3362 4603 3522 4655 τοῦτο
3549 4605 3650 4671 μὲν
3684 4604 3857 4672 ἐγχωο

2280 4692 2425 4759 ρίους
2445 4733 2458 4752 ,
2499 4689 2655 4743 τοῦτο
2704 4688 2759 4741 δὲ
2804 4689 2898 4741 καὶ
2926 4688 3108 4751 ξένους
3128 4727 3143 4750 ,
3175 4686 3443 4757 ἀλλήλους
3472 4688 3595 4749 ταῖς
3634 4687 3856 4756 ἀρεταῖς

2275 4774 2733 4844 ὑπερϐάλλοντας,
2756 4772 2845 4823 καὶ
2871 4768 3319 4840 φιλονεικώτερον
3343 4768 3479 4838 πρὸς
3500 4769 3601 4840 τὴν
3620 4771 3856 4841 ἄσκησιν

2276 4858 2653 4927 διακειμένους
2672 4899 2686 4920 ,
2718 4856 2897 4907 πᾶσάν
2926 4871 2986 4906 τε
3017 4854 3220 4925 ἀρετὴν
3248 4853 3730 4923 ἐνδεικνυμένους,
3761 4855 3855 4908 καὶ

2275 4943 2333 4995 ἐν
2382 4942 2446 5011 τῇ
2503 4937 2747 5009 πολιτείᾳ
2786 4937 3051 5007 ἀλλήλους
3097 4936 3499 5006 ὑπερϐάλλειν·
3544 4936 3714 4989 καλοί
3753 4936 3853 5007 μὲν

2274 5024 2455 5091 αὐτῶν
2485 5023 2611 5092 περὶ
2653 5022 2751 5090 τὴν
2791 5020 3047 5090 θεωρίαν,
3091 5021 3140 5072 οἰ
3168 5019 3225 5072 δὲ
3252 5020 3381 5089 περὶ
3408 5018 3509 5089 τὴν
3544 5019 3855 5091 πρακτικὴν

2273 5105 2613 5177 ἠσχολοῦντο·
2632 5105 2854 5168 Ἰδόντες
2882 5104 2992 5174 γὰρ
3010 5105 3160 5174 ἡμᾶς
3180 5119 3325 5166 τινες
3350 5102 3409 5169 ἐξ
3436 5102 3618 5156 αὑτῶν
3641 5103 3857 5175 πόρρω-

2276 5190 2366 5242 θεν
2406 5188 2732 5260 ἐρχομένους
2760 5187 2849 5241 διά
2882 5190 2981 5257 τῆς
3007 5187 3249 5257 ἐρήμου·
3279 5185 3329 5238 οἰ
3361 5185 3460 5256 μὲν
3492 5184 3630 5256 μετὰ
3662 5184 3854 5247 ὓδατος

2275 5275 2407 5343 ήμῖν
2432 5272 2877 5342 προῢπήντησαν,
2913 5270 2964 5322 οἰ
2992 5269 3049 5322 δὲ
3072 5270 3201 5332 τοὺς
3233 5269 3403 5331 πόδας
3425 5269 3585 5339 ἡμῶν
3610 5268 3850 5324 ἔνιπτον.

2272 5357 2322 5408 οἰ
2346 5355 2404 5408 δὲ
2420 5355 2489 5407 τὰ
2510 5355 2703 5423 ἱμάτια
2719 5354 2966 5418 ἔπλυνον,
2984 5353 3035 5405 οί
3049 5353 3106 5405 δέ
3123 5353 3215 5408 ἐπὶ
3234 5354 3445 5425 τροφὴν
3464 5352 3811 5422 παρεκάλουν
3832 5367 3849 5382 ·

2274 5438 2425 5493 ἄλλοι
2440 5438 2495 5490 δέ
2519 5437 2609 5490 ἐπὶ
2628 5438 2725 5507 τὴν
2750 5436 2960 5507 ἀρετῶν
2980 5435 3238 5508 μάθησιν,
3255 5436 3472 5492 ἀλλοιδέ
3495 5436 3589 5490 ἐπὶ
3601 5435 3701 5507 τὴν
3711 5435 3845 5489 θεωο

2278 5523 2397 5594 ρίαν
2416 5523 2509 5575 καὶ
2523 5520 2622 5592 τήν
2637 5520 2731 5573 τοῦ
2748 5520 2885 5573 Θεοῦ
2909 5520 3129 5587 γνῶσιν·
3148 5521 3243 5574 καὶ
3259 5521 3398 5591 ὅπερ
3414 5520 3647 5583 ἔκαστος
3667 5517 3850 5573 αὐτῶν

2274 5608 2538 5676 ἠδύνατο,
2573 5604 2734 5657 τοῦτο
2763 5603 3023 5657 ἔσπευδεν
3069 5605 3217 5674 ἡμᾶς
3249 5604 3501 5673 ὠφελεῖν.
3535 5604 3648 5658 Καὶ
3688 5602 3743 5655 τί
3780 5600 3850 5656 ἄν

2272 5708 2355 5754 τις
2387 5691 2531 5743 εἴποι
2573 5688 2753 5750 πάσας
2795 5686 2974 5739 αὑτῶν
3014 5687 3115 5750 τάς
3139 5687 3363 5757 ἀρετάς,
3399 5686 3569 5757 μηδὲν
3613 5684 3849 5748 ἐπαξίως

2274 5775 2453 5843 λέγειν
2499 5770 2833 5844 δυνάμενος;
2865 5772 3111 5842 Ἔρημον
3158 5768 3250 5825 οὗν
3278 5772 3486 5824 οἰκοῦσι
3532 5771 3623 5824 τὸν
3651 5770 3848 5825 τόπων
