4060 6496
145 373 270 428 1175

1351 369 1673 429 HISTORIA
1720 369 2082 428 LAUSIACA.

3249 389 3385 450 1174

125 493 401 560 accepturi.
435 488 548 547 Hoc
576 502 749 546 autem
783 507 884 544 non
911 491 1002 544 tibi
1053 491 1199 558 prius
1225 489 1520 553 declaravi,
1549 504 1616 544 ne
1645 487 1690 543 si
1723 486 1774 546 A
1799 499 1913 539 cem
1944 495 1998 540 et
2030 486 2417 544 Philemonem.
2466 487 2768 549 Ducebatur
2813 505 2943 559 ergo
2991 506 3092 545 una
3135 507 3258 548 cum
3307 497 3388 550 cis

127 583 305 636 tuisses
331 584 522 646 elatus,
550 579 618 637 de
641 581 744 635 tuis
770 581 1138 635 detraheretur
1165 579 1386 632 merit-is.
1411 579 1543 634 Cum
1567 593 1694 645 ergo

129 688 230 725 uno
247 673 358 727 solo
384 673 471 726 die
495 673 902 740 supervixisset,
922 682 970 726 et
996 687 1087 740 per
1103 670 1476 724 revelationem
1493 669 1557 722 ad
1572 685 1692 723 eum

133 764 393 818 venissent
421 763 638 832 quidam
672 763 1002 832 presbyteri,
1034 763 1279 815 omnibus
1309 761 1411 814 illis
1443 761 1688 826 narratis,

129 855 335 909 tradidit
381 855 634 909 animam.
684 855 878 923 Aperte
905 863 1078 907 autem
1111 853 1350 906 videntes
1395 851 1693 921 presbyteri

124 960 241 998 eum
267 946 460 998 assumi
492 945 544 1000 in
574 943 754 999 choris
780 945 1039 1013 justorum
1067 952 1122 997 et
1152 946 1491 1014 angelorum,
1527 942 1693 997 Deum

123 1037 417 1093 laudabant.

677 1105 905 1162 CAPUT
935 1106 1120 1162 LXVI.

491 1195 606 1250 Vita
632 1196 826 1251 abbatis
854 1196 1116 1268 Apollonii
1142 1195 1318 1265 (110).

194 1286 307 1343 Fuit
336 1289 386 1342 in
407 1289 682 1342 Thebaide
707 1288 921 1356 quidam
947 1287 1260 1349 monachus,
1290 1286 1506 1341 nomine
1535 1286 1698 1355 Apol-

124 1380 292 1434 Ionius
320 1380 515 1448 (Ruﬂ'.,
542 1380 579 1432 ι.
603 1396 661 1447 ιι,
690 1397 804 1448 cap.
845 1379 951 1448 19).
977 1380 1025 1433 ls
1048 1381 1302 1449 plurimas
1333 1381 1565 1436 ostendit
1589 1379 1697 1434 vir—

125 1481 262 1525 tutes
300 1481 350 1524 et
385 1471 521 1525 facta
564 1473 797 1539 egregia,
849 1470 1039 1540 dignus
1087 1485 1298 1540 quoque
1340 1471 1436 1525 fuit
1486 1472 1698 1525 habitus

124 1566 262 1617 dono
288 1564 540 1618 doctrinae
576 1578 734 1632 supra
767 1563 962 1617 multos
998 1562 1087 1631 qui
1118 1573 1242 1616 tu'ic
1272 1564 1418 1617 tuere
1463 1562 1697 1632 insignes

124 1655 420 1708 virtutibus.
470 1656 517 1708 Is
549 1655 599 1708 in
633 1665 869 1722 tempore
909 1654 1297 1721 persecutionis
1341 1654 1542 1708 addens
1584 1654 1697 1708 ani-

128 1759 266 1798 mum
305 1743 497 1798 Christi
536 1742 954 1809 confessoribus,
985 1744 1180 1798 multos
1209 1743 1383 1797 eiTez-it
1412 1753 1693 1813 martyres.

125 1835 286 1889 Porro
314 1843 486 1888 autem
520 1835 633 1904 ipse
679 1849 890 1903 quoque
916 1835 1336 1901 comprehensus
1363 1834 1698 1888 custodieba-

127 1936 213 1979 tur
241 1927 289 1978 in
315 1939 568 1988 carcere;
611 1924 676 1978 ad
704 1939 859 1992 quem
889 1923 1171 1977 veniebant
1221 1924 1311 1992 qui
1340 1937 1407 1977 ex
1452 1924 1699 1993 gentibus

124 2025 277 2071 erant
297 2015 597 2083 nequiores,
623 2025 675 2067 et
707 2029 825 2068 cum
849 2029 914 2067 eo
945 2013 1303 2084 disputabant,
1340 2011 1703 2068 incessebant-

125 2124 229 2178 que
258 2108 568 2172 maledictis,
599 2114 652 2160 et
680 2104 993 2160 irridebant.

689 2220 910 2278 CAPUT
950 2220 1130 2276 LXVI.

126 2337 207 2394 De
239 2337 531 2393 Philemone
559 2337 708 2406 (111)
733 2348 955 2406 martyre
980 2346 1025 2389 et
1055 2337 1117 2390 iis
1147 2338 1231 2406 qui
1269 2351 1386 2391 eum
1414 2336 1523 2404 ipso
1568 2336 1706 2405 fuere

747 2408 1075 2475 martyribus.
1222 2431 1224 2434 ν

197 2498 320 2555 Erat
347 2509 520 2553 autem
554 2499 766 2567 quidam
797 2515 860 2552 ex
895 2500 1023 2568 ipsis
1052 2498 1360 2564 choraules,
1395 2499 1474 2551 vir
1516 2499 1703 2566 ncqui-

129 2594 219 2649 Iiis
249 2593 500 2655 famosus,
534 2591 620 2658 qui
662 2590 921 2644 accedens
943 2605 1063 2643 eum
1111 2592 1394 2658 appetebat
1435 2598 1708 2644 contume—

128 2685 253 2752 liis,
281 2683 459 2736 dicens
489 2698 609 2734 eum
639 2682 860 2751 impium
891 2691 946 2735 et
973 2681 1339 2749 impostorem,
1370 2690 1424 2736 et
1466 2682 1706 2749 planum,

125 2786 186 2832 et
213 2777 293 2846 qui
326 2779 391 2830 ab
444 2777 688 2829 omnibus
723 2776 1014 2829 habebatur
1043 2776 1197 2840 odio,
1246 2784 1299 2829 et
1343 2776 1432 2844 qui
1481 2775 1711 2829 debebat

128 2868 264 2924 ntori
305 2867 458 2920 citius
493 2865 683 2937 (Ra/ll,
713 2868 748 2920 ι.
781 2883 850 2930 ιι,
881 2884 994 2933 cap.
1030 2867 1137 2936 19).
1171 2868 1265 2919 Cui
1312 2867 1437 2921 dicit
1488 2867 1708 2935 Apollo-

129 2958 254 3013 nius
284 2974 299 3012 :
327 2957 659 3012 Misercbitur
708 2957 783 3011 tui
815 2958 1100 3022 Dominus,
1141 2972 1174 3012 ο
1204 2957 1393 3023 homo,
1430 2965 1486 3011 et
1525 2972 1709 3012 eorum

132 3065 254 3119 quae
277 3049 413 3104 dicta
443 3057 564 3102 sunt
593 3049 723 3102 nihil
751 3049 841 3102 tibi
869 3058 1142 3116 reputetur
1166 3048 1231 3102 ad
1262 3057 1555 3115 peccatum.
1585 3049 1712 3102 Haec

131 3150 312 3196 autem
340 3156 459 3195 cum
488 3141 738 3194 audiisset
766 3140 860 3194 ille
895 3139 1198 3205 choraules,
1234 3139 1511 3194 Philemon
1543 3140 1718 3193 nomi-

1797 577 2140 643 Apollonius,
2186 588 2239 633 et
2269 580 2484 648 quidam
2515 581 2604 636 alii
2634 579 2991 638 coniessorcs.
3023 585 3154 639 Cum
3201 599 3387 639 omne.

1796 675 1973 719 autem
2003 667 2101 721 iter
2150 668 2580 736 ingrederentur,
2609 686 2728 725 eum
2762 672 2951 727 invasit
2980 673 3169 741 gratia,
3195 684 3252 729 et
3278 689 3411 736 οωο,

1799 757 1874 825 pit
1897 757 2092 812 docere
2123 759 2341 813 milites.
2377 760 2476 815 Ubi
2507 772 2682 818 autem
2714 762 2811 830 ipsi
2834 779 3045 832 quoque
3074 764 3384 833 compuncti

1802 847 2148 900 crediderunt
2174 848 2470 915 Servatori,
2494 861 2642 906 erant
2667 868 2849 907 omnes
2872 868 2977 907 uno
2998 854 3178 907 animo
3199 855 3383 909 vincti.

1796 937 1941 1003 Quos
1967 953 2153 993 omnes
2185 955 2304 993 cum
2336 940 2560 996 vidisset
2592 942 2872 1009 praefectus
2901 959 2932 996 a
2963 942 3066 999 ﬁde
3093 958 3199 997 non
3229 957 3390 1012 posse

1796 1029 2079 1096 dimoveri,
2106 1031 2266 1098 jussit
2293 1031 2480 1102 projici
2507 1035 2561 1088 in
2593 1034 2910 1103 profundum
2936 1035 3099 1090 maris
3123 1051 3137 1088 :
3163 1033 3265 1090 hoc
3290 1049 3389 1088 au-

1798 1136 1904 1181 tem
1942 1126 2041 1180 fuit
2070 1129 2149 1182 eis
2176 1129 2382 1195 signum
2414 1129 2772 1198 baptismatis.
2802 1129 2934 1186 Cum
2976 1145 3070 1185 eos
3099 1139 3276 1185 autem
3304 1129 3389 1184 sui

1798 1218 2128 1272 invenissent
2180 1219 2433 1287 disjectas
2482 1219 2534 1273 in
2584 1219 2804 1286 littore,
2851 1220 3094 1276 iecerunt
3136 1220 3388 1274 omnibus

1797 1311 1966 1364 aedem
1999 1325 2192 1375 unam,
2223 1309 2313 1364 ubi
2358 1325 2498 1364 nunc
2545 1310 2724 1365 multae
2770 1312 2994 1366 virtutes
3041 1321 3389 1380 peraguntur.

1798 1400 1964 1454 Tanta
1995 1408 2172 1454 autem
2201 1400 2299 1453 fuit
2328 1401 2424 1454 viri
2453 1403 2642 1468 gratia,
2673 1410 2731 1454 ut
2756 1403 2824 1456 de
2855 1402 2920 1456 iis
2948 1415 3071 1470 qua:
3097 1412 3240 1456 esset
3264 1416 3387 1470 pre-

1800 1501 1969 1558 catus,
2004 1491 2180 1544 statim
2213 1491 2576 1556 exaudiretur,
2607 1506 2728 1546 eum
2759 1493 2836 1546 sic
2871 1493 3167 1546 honorante
3197 1492 3391 1548 Serva-

1799 1591 1935 1638 tore.
1985 1585 2150 1650 Quem
2198 1588 2358 1638 etiam
2405 1600 2501 1639 nos
2546 1585 2597 1638 in
2644 1585 2900 1654 martyrio
2944 1583 3096 1654 (ηε)
3143 1582 3387 1651 precati,

1799 1679 2026 1735 vidimus
2048 1696 2168 1734 cum
2192 1681 2256 1736 iis
2277 1682 2368 1751 qui
2392 1695 2511 1734 cum
2538 1681 2653 1750 ipso
2677 1683 2889 1734 luerunt
2909 1679 3166 1749 martyrio
3189 1675 3392 1745 allecti,

1801 1781 1855 1827 et
1888 1774 2052 1826 Deum
2084 1773 2387 1840 adorantes,
2414 1789 2599 1829 eorum
2635 1772 2979 1827 tabernacula
3013 1770 3163 1842 (115)
3193 1769 3391 1826 saluta-

1731 1856 1774 1915 B
1806 1868 1978 1920 vimus
2003 1866 2054 1920 in
2081 1865 2376 1922 Thebaide.

2351 1953 2578 2010 CAPUT
2618 1954 2849 2010 LXVIII.

2032 2047 2069 2098 I’
2076 2051 2147 2102 ita
2187 2048 2384 2102 abbatis
2433 2047 2665 2101 Dioscuri
2695 2049 2845 2119 (IN)
2879 2049 3182 2117 presbyteri.

1877 2140 2114 2193 Vidimus
2137 2149 2314 2194 autem
2339 2141 2496 2193 alium
2526 2155 2736 2208 quoque
2767 2139 3136 2209 presbyterum
3164 2138 3216 2191 in
3241 2134 3390 2192 'l'be-

1805 2233 1980 2298 b-iide,
2010 2232 2223 2286 nomine
2250 2231 2590 2294 Dioscurum,
2622 2230 2835 2285 Patrem
2859 2239 3072 2284 centum
3100 2228 3392 2283 monacho-

1804 2338 1918 2377 rum
1954 2321 2148 2393 (lin/)2,
2180 2322 2215 2374 Ι.
2246 2337 2313 2386 ιι,
2362 2337 2479 2392 cap.
2510 2320 2626 2389 20).
2660 2321 2758 2387 Qui
2798 2336 2919 2375 cum
2953 2320 3016 2372 ad
3050 2319 3140 2373 Dei
3169 2318 3392 2389 gratiam

1804 2421 1988 2466 es<ent
2029 2412 2324 2475 accessuri,
2359 2411 2569 2466 dicebat
2597 2411 2675 2466 eis
2709 2427 2724 2466 :
2756 2412 2944 2465 Videte
2993 2426 3060 2465 ne
3098 2415 3186 2479 qui
3232 2418 3393 2464 noctu

1808 2507 2138 2575 phantasiam
2163 2503 2346 2556 habuit
2372 2502 2630 2563 mulieris,
2661 2502 2853 2556 audeat
2883 2501 3143 2556 accedere
3171 2501 3237 2553 ad
3265 2514 3390 2554 sane

1809 2609 1890 2653 cta
1921 2598 2284 2653 Sacramenta.
2315 2595 2390 2648 Ne
2432 2596 2549 2664 quis
2576 2611 2638 2650 ex
2685 2597 2833 2650 vobis
2868 2597 2991 2650 visis
3021 2606 3073 2650 et
3102 2595 3396 2665 phantasiis

1817 2689 2006 2757 pulsus
2033 2687 2399 2741 somniaverit.
2434 2686 2562 2739 Nam
2593 2686 2679 2754 qui
2711 2688 2911 2755 absque
2944 2686 3234 2754 pbantasiis
3267 2684 3397 2738 ﬁunt

1811 2777 1987 2831 ﬂuxus
2018 2776 2238 2829 seminis
2260 2816 2273 2838 ,
2303 2791 2428 2829 casu
2463 2775 2626 2841 ﬁunt;
2663 2791 2759 2831 nec
2788 2793 2852 2831 ex
2891 2776 3307 2846 uniuscujusque
3335 2774 3399 2830 li-

1812 2869 1944 2923 bero
1993 2867 2153 2920 animi
2186 2866 2409 2921 arbitrio
2443 2868 2644 2934 insunt,
2697 2869 2788 2923 sed
2840 2868 3041 2938 absque
3089 2870 3401 2933 voluntate;

1814 2959 2110 3030 procedunt
2140 2957 2280 3011 enim
2314 2974 2379 3011 ex
2420 2967 2627 3022 natura,
2663 2968 2716 3014 et
2742 2966 2808 3014 ex
2834 2959 3152 3014 redundauti
3183 2959 3403 3014 materia

1811 3056 2189 3111 excernuntur,
2224 3050 2471 3118 quocirca
2505 3064 2603 3104 nec
2632 3060 2755 3103 sunt
2777 3059 2996 3117 peccato
3023 3049 3237 3105 obnoxii
3269 3067 3283 3103 :
3317 3048 3400 3103 vi-

1814 3155 1871 3196 sa
1918 3151 2094 3194 autem
2125 3154 2185 3193 ac
2217 3141 2510 3208 phantasite
2543 3142 2840 3209 procedunt
2882 3158 2948 3196 ex
2982 3142 3146 3197 libera
3175 3139 3403 3212 eligendi

133 3249 228 3298 ne,
259 3233 601 3286 mordebatur
628 3233 838 3299 animo,
886 3246 913 3284 a
961 3232 1140 3286 verbis
1177 3232 1292 3300 ejus
1341 3240 1709 3300 compunctus.
1740 3223 1784 3283 C
1815 3233 2109 3296 voluntate,
2162 3243 2213 3284 et
2244 3241 2367 3285 sunt
2397 3242 2769 3300 argumentum
2804 3233 2925 3285 mali
2965 3231 3148 3286 animi.
3182 3231 3405 3300 Oportet

133 3325 326 3380 Statim
355 3333 528 3377 autem
561 3323 625 3377 ad
661 3322 889 3377 tribunal
923 3322 1213 3390 profectus,
1247 3337 1424 3376 coram
1449 3321 1628 3392 judice
1655 3335 1714 3376 se

135 3417 300 3481 sistit,
331 3425 384 3470 et
412 3418 456 3469 ei
499 3416 647 3479 dicit,
684 3415 878 3483 p0pulo
908 3422 1167 3484 praesente
1196 3430 1211 3468 :
1245 3413 1442 3482 Injuste
1488 3412 1618 3467 facis
1638 3453 1652 3476 ,
1682 3426 1716 3466 ο

133 3507 324 3577 judex,
395 3508 486 3576 qui
542 3510 690 3565 viros
752 3507 871 3579 pios
937 3514 990 3559 et
1055 3505 1181 3558 nulli
1209 3504 1379 3572 culpae
1409 3503 1596 3556 afﬁnes
1626 3517 1719 3571 pu-

137 3605 266 3667 nis;
300 3602 426 3656 nihil
471 3603 610 3656 enim
643 3601 763 3654 mult
810 3583 1009 3652 faciunt
1041 3615 1138 3652 nec
1177 3597 1360 3651 dicunt
1405 3597 1714 3652 Christiani.

137 3693 235 3747 Ille
263 3704 436 3745 autem
468 3707 585 3744 cum
616 3693 725 3754 ipse
759 3691 871 3744 haec
897 3689 1119 3750 diceret,
1147 3689 1196 3742 in
1226 3687 1484 3756 principio
1507 3687 1717 3756 quidem

139 3785 480 3837 existimabat
507 3798 625 3838 eum
652 3783 790 3851 loqui
820 3781 1020 3835 ironice
1048 3791 1103 3835 ct
1131 3780 1418 3842 ludificari;
1443 3791 1718 3849 postquam

139 3889 318 3929 au'etn
349 3892 468 3930 eum
494 3876 626 3930 vidit
656 3879 939 3946 persistere
974 3891 986 3926 :
1020 3873 1236 3938 Insanis,
1272 3873 1460 3943 inquit,
1484 3889 1517 3929 0
1540 3875 1722 3942 homo,

141 3980 196 4021 et
228 3983 378 4022 utens
410 3969 499 4023 tibi
530 3979 746 4036 repente
789 3975 872 4021 cst
903 3979 1098 4020 eumta.
1129 3966 1222 4019 Ille
1250 3978 1423 4020 autem
1457 3983 1470 4019 :
1498 3967 1610 4019 Non
1641 3968 1723 4020 in-

135 4060 316 4122 sanie,
349 4059 550 4126 inquit,
582 4074 614 4111 0
639 4057 805 4128 judex
849 4056 1213 4124 injustissime,
1241 4070 1357 4110 sum
1387 4056 1527 4110 enim
1571 4055 1724 4121 Chri-

138 4152 369 4204 stianus.
420 4151 468 4205 Is
496 4160 670 4204 autem
705 4149 882 4203 multis
915 4149 1182 4202 blanditiis
1211 4163 1315 4203 una
1344 4163 1462 4202 cum
1496 4149 1643 4201 turba
1675 4150 1722 4202 ei

137 4241 438 4294 conabatur
480 4243 798 4309 persuadere
825 4259 836 4293 :
870 4252 1143 4309 postquam
1173 4251 1348 4294 antem
1378 4241 1507 4293 vidit
1537 4241 1724 4294 immo-

137 4332 330 4393 liiletn,
355 4332 402 4385 ei
427 4347 585 4385 omne
614 4346 783 4399 genus
813 4340 1074 4384 tormenta
1103 4329 1363 4383 adhibuit.
1392 4330 1523 4384 Cum
1548 4339 1720 4384 autcm

133 4415 411 4487 rapuisset
435 4408 794 4490 Apollonium,
824 4433 876 4476 et
912 4423 1089 4474 multis
1119 4436 1240 4474 eum
1291 4421 1552 4475 affecisset
1599 4437 1722 4476 con-

136 4514 404 4578 tumeliis,
451 4516 618 4581 ipsum
651 4514 930 4583 torquebat
961 4523 1209 4581 tanquam
1242 4515 1476 4580 planum.
1513 4515 1727 4581 Apollo-

1817 3333 2017 3388 autem,
2051 3320 2250 3386 inquit,
2280 3322 2596 3375 monachum
2629 3320 2897 3375 transilire
2926 3322 3085 3375 etiam
3110 3321 3282 3390 legem
3309 3335 3404 3375 na-

1817 3422 1986 3478 turae;
2023 3428 2216 3481 corpus
2252 3423 2428 3467 autem
2466 3412 2693 3481 liquare,
2721 3428 2820 3468 nec
2848 3413 3069 3468 inveniri
3101 3413 3154 3468 in
3186 3413 3292 3467 ullo
3321 3413 3404 3466 in-

1820 3507 2162 3573 quinamento
2211 3506 2417 3569 carnis,
2452 3504 2545 3558 sed
2593 3519 2805 3558 carnem
2855 3519 3146 3570 macerare,
3198 3513 3254 3558 et
3297 3519 3404 3557 non

1821 3599 2116 3652 concedere
2141 3597 2268 3650 utin
2292 3595 2404 3663 ipsa
2427 3595 2689 3650 redundet
2713 3596 2954 3649 materia.
2979 3593 3253 3650 Conamini
3275 3609 3406 3664 ergo

1823 3690 1966 3744 illam
1995 3689 2274 3743 exhaurire
2306 3689 2672 3757 frequentibus
2699 3697 2752 3742 et
2784 3687 3003 3758 prolixis
3043 3685 3290 3757 jejuniis;
3321 3687 3404 3740 sin

1825 3781 2002 3835 minus
2023 3788 2225 3845 autem,
2259 3794 2356 3833 nos
2386 3779 2451 3833 ad
2483 3779 2836 3848 appetitiones
2865 3787 2919 3833 et
2964 3778 3226 3833 desideria
3271 3777 3404 3831 inci-

1825 3880 1956 3925 tant.
1989 3870 2103 3924 Non
2133 3878 2343 3939 nportet
2373 3879 2548 3926 autem
2590 3869 2910 3924 monachum
2938 3871 3202 3940 attingere
3241 3884 3405 3937 appe-

1827 3965 2040 4019 titiones
2085 3963 2268 4017 animi.
2318 3963 2374 4017 In
2418 3977 2523 4032 quo
2570 3963 2710 4017 enim
2759 3963 2965 4016 diﬂ’eret
3013 3976 3042 4014 a
3096 3961 3398 4026 mundanis,

1824 4071 1958 4126 quos
1988 4071 2131 4123 saepe
2157 4054 2400 4108 videmus
2430 4053 2697 4108 abStinere
2725 4068 2755 4107 a
2787 4053 3144 4119 voluptatibus
3184 4061 3404 4121 propter

1827 4150 2110 4202 sanitatem
2153 4147 2416 4214 corporis,
2445 4155 2536 4199 aut
2570 4154 2783 4212 propter
2811 4144 3014 4213 aliquas
3044 4143 3178 4198 alias
3221 4156 3407 4198 causas

1827 4254 1854 4290 a
1885 4238 2090 4290 ratione
2132 4236 2353 4288 minime
2382 4235 2430 4288 al
2455 4234 2620 4288 enas?
2643 4245 2842 4302 quanto
2873 4242 3052 4288 autem
3085 4233 3273 4304 magis,
3323 4232 3405 4288 in-

1827 4329 1960 4402 quit,
1985 4328 2244 4385 monacho
2275 4327 2504 4382 curanda
2530 4335 2610 4380 est
2637 4327 2829 4380 animae
2856 4328 3056 4381 sanitas
3072 4335 3127 4381 et
3155 4324 3403 4396 spiritus!

2394 4417 2614 4472 CAPUT
2654 4417 2837 4471 LXIX.

2204 4506 2254 4560 Ν
2261 4508 2487 4559 itrienses
2516 4507 2664 4576 (115)
2688 4507 3036 4560 ΑηαεΙιονειω.

131 4607 266 4660 nius
298 4617 472 4660 autem
505 4609 550 4661 ei
582 4608 720 4660 dixit
751 4623 760 4660 :
796 4607 1068 4676 Optarent,
1095 4622 1127 4660 ο
1151 4607 1332 4675 judex,
1363 4617 1419 4660 ut
1452 4617 1503 4660 tu
1531 4617 1582 4662 et
1611 4623 1725 4662 om-
1757 4595 1806 4654 Ῑ)
1906 4600 2220 4654 Devehimus
2263 4614 2471 4667 quoque
2503 4599 2566 4650 ad
2615 4598 2941 4665 Nilrienses,
2988 4600 3073 4653 ubi
3118 4599 3313 4653 ωιιιιοε
3350 4608 3404 4654 αι

132 4717 237 4755 υθέ.
269 4711 562 4770 praesentes
605 4701 741 4754 hunc
775 4717 948 4754 meum
981 4716 1216 4754 errorem
1265 4701 1644 4769 sequeremini.
1678 4701 1726 4756 Is

130 4799 326 4844 autem
354 4805 418 4843 eo
463 4790 573 4844 Itazc
603 4791 832 4849 dicente,
860 4790 1017 4859 jus~it
1059 4793 1245 4845 ambos
1277 4793 1381 4862 igni
1428 4794 1582 4858 tradi,
1616 4802 1727 4846 toto

131 4880 464 4947 inspiciente
486 4882 700 4950 pOpUIO.
727 4883 854 4934 Cum
881 4893 1054 4934 autem
1082 4883 1132 4935 in
1159 4883 1366 4936 ﬂamma
1390 4892 1568 4937 essent
1593 4899 1727 4953 prze-

131 4984 303 5027 scnte
330 4973 537 5040 judice,
571 4989 753 5026 vocem
787 4975 850 5026 ad
887 4974 1049 5027 Deum
1107 4976 1304 5030 emittit
1341 4975 1525 5029 beatus
1567 4977 1728 5045 Apol-

129 5065 350 5127 lonius,
384 5073 492 5116 toto
539 5066 734 5132 poynlo
780 5065 1025 5119 audiente
1059 5074 1111 5119 et
1151 5066 1329 5132 judice
1361 5083 1376 5119 :
1403 5066 1479 5120 Ne
1527 5067 1724 5125 tradas.

130 5155 401 5217 Domine,
428 5156 608 5209 bestiis
629 5157 859 5208 animam
883 5157 1218 5210 confitentem
1249 5158 1359 5220 tibi,
1387 5158 1476 5211 sed
1503 5159 1724 5225 teipsitm

130 5246 307 5301 nobis
335 5257 514 5311 aperte
536 5247 754 5301 os:ende
778 5245 950 5311 (I’sal.
986 5246 1197 5316 Lxxnz).
1225 5247 1402 5300 Nubes
1429 5259 1603 5300 autem
1636 5263 1725 5300 ro-

123 5337 292 5390 scida
318 5348 372 5390 et
403 5338 574 5390 lucida
601 5339 913 5401 adveniens,
937 5339 1079 5390 viros
1113 5337 1261 5402 texit,
1294 5338 1411 5406 igne
1438 5339 1723 5394 exstincto.

124 5427 442 5480 Admirati}:
481 5437 653 5481 autem
687 5427 853 5479 turba:
895 5436 949 5480 et
987 5426 1100 5493 ipse
1144 5425 1327 5494 judex,
1377 5427 1672 5480 clamabant
1709 5444 1721 5479 :

125 5516 299 5571 linus
330 5527 412 5570 est
455 5517 590 5571 Deus
619 5517 1067 5581 Christianorum;
1101 5517 1372 5571 maleﬁcus
1417 5533 1546 5572 vero
1576 5520 1722 5588 quis-

121 5611 289 5678 piam
339 5609 451 5663 hinc
479 5610 746 5663 renuntiat
784 5611 1031 5675 prml'ecto
1076 5607 1430 5662 Alexandrize.
1474 5609 1722 5674 Quicum

117 5701 394 5760 crudeles
422 5703 675 5770 quosdam
709 5711 761 5754 et
807 5703 1063 5755 immanes
1106 5700 1357 5767 elegisset
1400 5710 1723 5770 protectores

113 5799 184 5853 ct
214 5795 555 5868 apparitores
577 5835 592 5861 ,
624 5808 714 5848 eo:
744 5793 883 5847 niisit
914 5804 966 5847 ut
997 5795 1195 5848 vinctos
1227 5793 1545 5851 adducerent
1581 5792 1722 5860 judi-

1831 4705 2049 4757 magnos
2081 4689 2309 4741 vidimus
2339 4688 2719 4752 anarhoretas;
2752 4690 2942 4756 paitim
2967 4689 3177 4757 quidem
3201 4689 3401 4760 indige-

1832 4799 1947 4848 nas,
1982 4782 2171 4850 paitim
2199 4795 2324 4835 vero
2363 4781 2520 4833 etiam
2554 4779 2813 4845 hospites,
2842 4781 2929 4846 qui
2960 4794 3017 4833 se
3062 4781 3286 4834 invicem
3313 4796 3403 4836 su-

1833 4873 2085 4942 perabant
2115 4871 2251 4923 virtu
2280 4869 2417 4934 ibus,
2451 4877 2504 4922 et
2535 4884 2724 4937 magno
2754 4869 2932 4923 etudio
2961 4884 3020 4923 se
3058 4869 3402 4935 exercebant,

1829 4978 1882 5021 et
1924 4968 1976 5020 in
2011 4966 2117 5019 vita
2148 4978 2206 5017 se
2241 4963 2465 5016 invicem
2499 4963 2889 5017 contendebant
2921 4977 3173 5029 superare
3201 4963 3400 5032 (Hum,

1827 5059 1866 5111 Ι.
1902 5073 1960 5124 ιι,
1990 5073 2105 5126 cap.
2128 5053 2242 5124 2|).
2278 5054 2342 5106 Et
2366 5053 2452 5106 alii
2484 5053 2694 5121 quidem
2727 5069 2788 5107 ex
2820 5052 2946 5123 ipsis
2972 5052 3318 5108 versabantur
3347 5055 3400 5110 in

1827 5147 2302 5214 contemplatione,
2328 5143 2416 5197 alii
2449 5158 2573 5198 vero
2619 5146 2669 5198 in
2698 5145 2927 5198 actione.
2957 5143 3088 5198 Cum
3138 5143 3402 5199 vidissent

1828 5249 2002 5293 autem
2033 5240 2196 5308 aliqui
2238 5253 2301 5293 ex
2349 5236 2476 5300 ipsis
2521 5251 2618 5290 nos
2665 5235 2844 5303 procul
2894 5237 3187 5302 venientes,
3232 5237 3399 5306 aliqui

1827 5331 2038 5398 quidem
2070 5331 2221 5384 nobis
2249 5345 2370 5385 cum
2411 5342 2547 5399 aqua
2577 5336 2920 5382 occurrerunt
2945 5344 2958 5390 ;
2986 5336 3041 5381 et
3067 5328 3154 5380 alii
3181 5326 3396 5397 quidem

1828 5423 1990 5492 pedes
2012 5433 2221 5477 nostros
2248 5423 2510 5484 Iavabant,
2541 5418 2634 5474 alii
2666 5433 2791 5473 vero
2833 5429 3008 5474 vestes
3051 5417 3400 5482 mandabant,

1827 5519 1914 5571 alii
1943 5531 2067 5570 vero
2095 5516 2158 5569 ad
2201 5516 2376 5567 cibum
2406 5513 2714 5575 invitabant,
2747 5511 2835 5565 alii
2867 5521 3039 5564 autem
3065 5510 3130 5564 ad
3158 5519 3395 5564 contem-

1828 5609 2110 5676 plationem
2140 5616 2194 5661 et
2226 5605 2315 5660 Dei
2347 5604 2736 5672 cognitionem,
2769 5612 2824 5656 et
2850 5602 2988 5670 quod
3035 5600 3396 5670 unusquisque

1827 5714 1889 5753 ex
1920 5698 1980 5751 iis
2006 5704 2231 5765 poterat,
2261 5696 2312 5749 in
2343 5709 2406 5748 eo
2435 5693 2680 5748 studebat
2706 5707 2801 5746 nos
2829 5693 3029 5759 juvare.
3065 5691 3127 5744 Et
3161 5689 3285 5760 quid
3314 5692 3396 5744 di.

1828 5790 1963 5845 xerit
1994 5788 2252 5855 quispiam
2284 5802 2465 5842 omnes
2495 5801 2673 5841 eorum
2709 5788 2945 5853 virtutes,
2979 5799 3098 5839 cum
3124 5783 3394 5851 nihilne.-
