  <div class='ocr_page' id='page_1' title='image "/cluster/home/n/w/nwhite01/storage/ocr_20150623/34/hvd.32044019207760/601.png"; bbox 0 0 4060 6518; ppageno 0'>
   <div class='ocr_carea' id='block_1_1' title="bbox 686 349 823 435">
    <p class='ocr_par' dir='ltr' id='par_1_1' title="bbox 686 349 823 435">
     <span class='ocr_line' id='line_1_1' title="bbox 686 349 823 435; baseline 0.015 -33"><span class='ocrx_word' id='word_1_1' title='bbox 686 349 823 435; x_wconf 73' lang='lat' dir='ltr'><strong>ms</strong></span> 
     </span>
    </p>
   </div>
   <div class='ocr_carea' id='block_1_2' title="bbox 2144 346 2460 404">
    <p class='ocr_par' dir='ltr' id='par_1_2' title="bbox 2144 346 2460 404">
     <span class='ocr_line' id='line_1_2' title="bbox 2144 346 2460 404; baseline 0 -1"><span class='ocrx_word' id='word_1_2' title='bbox 2144 346 2460 404; x_wconf 75' lang='lat' dir='ltr'><strong>PALLADII</strong></span> 
     </span>
    </p>
   </div>
   <div class='ocr_carea' id='block_1_3' title="bbox 3798 341 3923 395">
    <p class='ocr_par' dir='ltr' id='par_1_3' title="bbox 3798 341 3923 395">
     <span class='ocr_line' id='line_1_3' title="bbox 3798 341 3923 395; baseline -0.008 -1"><span class='ocrx_word' id='word_1_3' title='bbox 3798 341 3923 395; x_wconf 70' lang='grc' dir='ltr'><strong>11Ἳῦ</strong></span> 
     </span>
    </p>
   </div>
   <div class='ocr_carea' id='block_1_4' title="bbox 702 460 3922 536">
    <p class='ocr_par' dir='ltr' id='par_1_4' title="bbox 702 460 3922 536">
     <span class='ocr_line' id='line_1_4' title="bbox 702 460 3922 536; baseline 0 -19"><span class='ocrx_word' id='word_1_4' title='bbox 702 464 775 517; x_wconf 90' lang='lat' dir='ltr'><strong>sit</strong></span> <span class='ocrx_word' id='word_1_5' title='bbox 800 461 981 518; x_wconf 79' lang='lat' dir='ltr'><strong>dicere</strong></span> <span class='ocrx_word' id='word_1_6' title='bbox 1009 476 1103 533; x_wconf 90' lang='lat' dir='ltr'><strong>pro</strong></span> <span class='ocrx_word' id='word_1_7' title='bbox 1129 462 1424 535; x_wconf 70' lang='lat' dir='ltr'><strong>dignitate?</strong></span> <span class='ocrx_word' id='word_1_8' title='bbox 1454 463 1702 521; x_wconf 83' lang='lat' dir='ltr'><strong>Iiabitant</strong></span> <span class='ocrx_word' id='word_1_9' title='bbox 1745 465 1922 536; x_wconf 81' lang='lat' dir='ltr'><strong>itaque</strong></span> <span class='ocrx_word' id='word_1_10' title='bbox 1965 465 2139 522; x_wconf 92' lang='lat' dir='ltr'><strong>locum</strong></span> <span class='ocrx_word' id='word_1_11' title='bbox 2166 465 2266 522; x_wconf 90' lang='lat' dir='ltr'><strong>de-</strong></span> <span class='ocrx_word' id='word_1_12' title='bbox 2290 466 2343 526; x_wconf 77' lang='grc' dir='ltr'><strong>Δ</strong></span> <span class='ocrx_word' id='word_1_13' title='bbox 2366 462 2581 531; x_wconf 85' lang='lat' dir='ltr'><strong>quando</strong></span> <span class='ocrx_word' id='word_1_14' title='bbox 2610 462 3016 534; x_wconf 81' lang='lat' dir='ltr'><strong>uniuscujusque</strong></span> <span class='ocrx_word' id='word_1_15' title='bbox 3038 460 3274 519; x_wconf 78' lang='lat' dir='ltr'><strong>venisset</strong></span> <span class='ocrx_word' id='word_1_16' title='bbox 3290 465 3583 533; x_wconf 73' lang='lat' dir='ltr'><strong>translatio,</strong></span> <span class='ocrx_word' id='word_1_17' title='bbox 3606 465 3663 521; x_wconf 81' lang='lat' dir='ltr'><strong>Id</strong></span> <span class='ocrx_word' id='word_1_18' title='bbox 3686 468 3922 524; x_wconf 61' lang='lat' dir='ltr'><strong>omnibus</strong></span> 
     </span>
    </p>
   </div>
   <div class='ocr_carea' id='block_1_5' title="bbox 700 552 2267 626">
    <p class='ocr_par' dir='ltr' id='par_1_5' title="bbox 700 552 2267 626">
     <span class='ocr_line' id='line_1_5' title="bbox 700 552 2267 626; baseline 0.004 -19"><span class='ocrx_word' id='word_1_19' title='bbox 700 560 925 621; x_wconf 70' lang='lat' dir='ltr'><strong>unum,</strong></span> <span class='ocrx_word' id='word_1_20' title='bbox 955 562 1009 608; x_wconf 91' lang='lat' dir='ltr'><strong>et</strong></span> <span class='ocrx_word' id='word_1_21' title='bbox 1040 552 1233 609; x_wconf 89' lang='lat' dir='ltr'><strong>habent</strong></span> <span class='ocrx_word' id='word_1_22' title='bbox 1266 556 1428 610; x_wconf 84' lang='lat' dir='ltr'><strong>cellas</strong></span> <span class='ocrx_word' id='word_1_23' title='bbox 1458 570 1650 626; x_wconf 90' lang='lat' dir='ltr'><strong>magno</strong></span> <span class='ocrx_word' id='word_1_24' title='bbox 1698 557 1838 612; x_wconf 90' lang='lat' dir='ltr'><strong>inter</strong></span> <span class='ocrx_word' id='word_1_25' title='bbox 1880 572 1941 611; x_wconf 90' lang='lat' dir='ltr'><strong>se</strong></span> <span class='ocrx_word' id='word_1_26' title='bbox 1984 556 2267 613; x_wconf 90' lang='lat' dir='ltr'><strong>intervallo</strong></span> 
     </span>
    </p>
   </div>
   <div class='ocr_carea' id='block_1_6' title="bbox 700 642 2265 729">
    <p class='ocr_par' dir='ltr' id='par_1_6' title="bbox 700 642 2265 729">
     <span class='ocr_line' id='line_1_6' title="bbox 700 642 2265 729; baseline 0.002 -30"><span class='ocrx_word' id='word_1_27' title='bbox 700 642 1028 710; x_wconf 83' lang='lat' dir='ltr'><strong>disjunctas,</strong></span> <span class='ocrx_word' id='word_1_28' title='bbox 1057 652 1113 697; x_wconf 91' lang='lat' dir='ltr'><strong>ut</strong></span> <span class='ocrx_word' id='word_1_29' title='bbox 1143 644 1315 729; x_wconf 62' lang='lat' dir='ltr'><strong>nullus</strong></span> <span class='ocrx_word' id='word_1_30' title='bbox 1346 646 1510 713; x_wconf 87' lang='lat' dir='ltr'><strong>possit</strong></span> <span class='ocrx_word' id='word_1_31' title='bbox 1540 646 1718 715; x_wconf 91' lang='lat' dir='ltr'><strong>procul</strong></span> <span class='ocrx_word' id='word_1_32' title='bbox 1744 647 1955 714; x_wconf 75' lang='lat' dir='ltr'><strong>agnosci</strong></span> <span class='ocrx_word' id='word_1_33' title='bbox 1984 646 2051 701; x_wconf 90' lang='lat' dir='ltr'><strong>ab</strong></span> <span class='ocrx_word' id='word_1_34' title='bbox 2075 646 2265 713; x_wconf 90' lang='lat' dir='ltr'><strong>altero,</strong></span> 
     </span>
    </p>
   </div>
   <div class='ocr_carea' id='block_1_7' title="bbox 680 733 2264 813">
    <p class='ocr_par' dir='ltr' id='par_1_7' title="bbox 680 733 2264 813">
     <span class='ocr_line' id='line_1_7' title="bbox 680 733 2264 813; baseline 0.002 -22"><span class='ocrx_word' id='word_1_35' title='bbox 680 747 870 813; x_wconf 60' lang='lat' dir='ltr'><strong>,neque</strong></span> <span class='ocrx_word' id='word_1_36' title='bbox 910 733 1014 787; x_wconf 90' lang='lat' dir='ltr'><strong>cito</strong></span> <span class='ocrx_word' id='word_1_37' title='bbox 1054 734 1244 797; x_wconf 84' lang='lat' dir='ltr'><strong>videri,</strong></span> <span class='ocrx_word' id='word_1_38' title='bbox 1296 750 1393 790; x_wconf 91' lang='lat' dir='ltr'><strong>nec</strong></span> <span class='ocrx_word' id='word_1_39' title='bbox 1439 751 1540 790; x_wconf 83' lang='lat' dir='ltr'><strong>vox</strong></span> <span class='ocrx_word' id='word_1_40' title='bbox 1580 738 1781 802; x_wconf 87' lang='lat' dir='ltr'><strong>audiri;</strong></span> <span class='ocrx_word' id='word_1_41' title='bbox 1823 738 1918 792; x_wconf 89' lang='lat' dir='ltr'><strong>sed</strong></span> <span class='ocrx_word' id='word_1_42' title='bbox 1964 740 2161 807; x_wconf 86' lang='lat' dir='ltr'><strong>degunt</strong></span> <span class='ocrx_word' id='word_1_43' title='bbox 2210 739 2264 795; x_wconf 92' lang='lat' dir='ltr'><strong>in</strong></span> 
     </span>
    </p>
   </div>
   <div class='ocr_carea' id='block_1_8' title="bbox 699 826 2263 898">
    <p class='ocr_par' dir='ltr' id='par_1_8' title="bbox 699 826 2263 898">
     <span class='ocr_line' id='line_1_8' title="bbox 699 826 2263 898; baseline 0.004 -19"><span class='ocrx_word' id='word_1_44' title='bbox 699 826 866 879; x_wconf 84' lang='lat' dir='ltr'><strong>multa</strong></span> <span class='ocrx_word' id='word_1_45' title='bbox 896 826 1101 893; x_wconf 86' lang='lat' dir='ltr'><strong>quiete,</strong></span> <span class='ocrx_word' id='word_1_46' title='bbox 1142 826 1503 898; x_wconf 82' lang='lat' dir='ltr'><strong>unusquisque</strong></span> <span class='ocrx_word' id='word_1_47' title='bbox 1546 842 1641 895; x_wconf 89' lang='lat' dir='ltr'><strong>per</strong></span> <span class='ocrx_word' id='word_1_48' title='bbox 1678 842 1739 883; x_wconf 91' lang='lat' dir='ltr'><strong>se</strong></span> <span class='ocrx_word' id='word_1_49' title='bbox 1780 830 2033 883; x_wconf 90' lang='lat' dir='ltr'><strong>inclusus.</strong></span> <span class='ocrx_word' id='word_1_50' title='bbox 2081 829 2263 885; x_wconf 89' lang='lat' dir='ltr'><strong>Solum</strong></span> 
     </span>
    </p>
   </div>
   <div class='ocr_carea' id='block_1_9' title="bbox 696 918 2263 990">
    <p class='ocr_par' dir='ltr' id='par_1_9' title="bbox 696 918 2263 990">
     <span class='ocr_line' id='line_1_9' title="bbox 696 918 2263 990; baseline 0.004 -19"><span class='ocrx_word' id='word_1_51' title='bbox 696 929 874 974; x_wconf 89' lang='lat' dir='ltr'><strong>autem</strong></span> <span class='ocrx_word' id='word_1_52' title='bbox 898 918 1130 975; x_wconf 76' lang='lat' dir='ltr'><strong>Sahbato</strong></span> <span class='ocrx_word' id='word_1_53' title='bbox 1149 929 1203 975; x_wconf 93' lang='lat' dir='ltr'><strong>et</strong></span> <span class='ocrx_word' id='word_1_54' title='bbox 1226 921 1499 976; x_wconf 72' lang='lat' dir='ltr'><strong>Dominico</strong></span> <span class='ocrx_word' id='word_1_55' title='bbox 1518 934 1903 990; x_wconf 71' lang='lat' dir='ltr'><strong>congregantur</strong></span> <span class='ocrx_word' id='word_1_56' title='bbox 1923 923 1976 976; x_wconf 92' lang='lat' dir='ltr'><strong>in</strong></span> <span class='ocrx_word' id='word_1_57' title='bbox 1998 924 2263 985; x_wconf 85' lang='lat' dir='ltr'><strong>ecclesiis.</strong></span> 
     </span>
    </p>
   </div>
   <div class='ocr_carea' id='block_1_10' title="bbox 696 1010 2264 1083">
    <p class='ocr_par' dir='ltr' id='par_1_10' title="bbox 696 1010 2264 1083">
     <span class='ocr_line' id='line_1_10' title="bbox 696 1010 2264 1083; baseline 0.005 -20"><span class='ocrx_word' id='word_1_58' title='bbox 696 1019 752 1065; x_wconf 90' lang='lat' dir='ltr'><strong>et</strong></span> <span class='ocrx_word' id='word_1_59' title='bbox 782 1024 842 1064; x_wconf 86' lang='lat' dir='ltr'><strong>se</strong></span> <span class='ocrx_word' id='word_1_60' title='bbox 885 1010 1108 1066; x_wconf 76' lang='lat' dir='ltr'><strong>invicem</strong></span> <span class='ocrx_word' id='word_1_61' title='bbox 1149 1013 1440 1081; x_wconf 77' lang='lat' dir='ltr'><strong>excipiunt.</strong></span> <span class='ocrx_word' id='word_1_62' title='bbox 1485 1013 1628 1067; x_wconf 82' lang='lat' dir='ltr'><strong>Multi</strong></span> <span class='ocrx_word' id='word_1_63' title='bbox 1675 1026 1850 1070; x_wconf 89' lang='lat' dir='ltr'><strong>autem</strong></span> <span class='ocrx_word' id='word_1_64' title='bbox 1895 1030 1961 1070; x_wconf 82' lang='lat' dir='ltr'><strong>ex</strong></span> <span class='ocrx_word' id='word_1_65' title='bbox 2012 1017 2077 1073; x_wconf 91' lang='lat' dir='ltr'><strong>iis</strong></span> <span class='ocrx_word' id='word_1_66' title='bbox 2122 1031 2264 1083; x_wconf 71' lang='lat' dir='ltr'><strong>saepe</strong></span> 
     </span>
    </p>
   </div>
   <div class='ocr_carea' id='block_1_11' title="bbox 693 1101 2264 1177">
    <p class='ocr_par' dir='ltr' id='par_1_11' title="bbox 693 1101 2264 1177">
     <span class='ocr_line' id='line_1_11' title="bbox 693 1101 2264 1177; baseline 0.003 -23"><span class='ocrx_word' id='word_1_67' title='bbox 693 1101 853 1154; x_wconf 86' lang='lat' dir='ltr'><strong>etiam</strong></span> <span class='ocrx_word' id='word_1_68' title='bbox 882 1112 1107 1169; x_wconf 80' lang='lat' dir='ltr'><strong>quatuor</strong></span> <span class='ocrx_word' id='word_1_69' title='bbox 1130 1103 1245 1159; x_wconf 89' lang='lat' dir='ltr'><strong>dies</strong></span> <span class='ocrx_word' id='word_1_70' title='bbox 1276 1107 1618 1160; x_wconf 90' lang='lat' dir='ltr'><strong>inveniuntur</strong></span> <span class='ocrx_word' id='word_1_71' title='bbox 1655 1108 1706 1159; x_wconf 87' lang='lat' dir='ltr'><strong>in</strong></span> <span class='ocrx_word' id='word_1_72' title='bbox 1731 1108 1900 1171; x_wconf 88' lang='lat' dir='ltr'><strong>cellis,</strong></span> <span class='ocrx_word' id='word_1_73' title='bbox 1943 1122 2007 1162; x_wconf 91' lang='lat' dir='ltr'><strong>eo</strong></span> <span class='ocrx_word' id='word_1_74' title='bbox 2034 1108 2172 1177; x_wconf 75' lang='lat' dir='ltr'><strong>quod</strong></span> <span class='ocrx_word' id='word_1_75' title='bbox 2204 1122 2264 1170; x_wconf 82' lang='lat' dir='ltr'><strong>se</strong></span> 
     </span>
    </p>
   </div>
   <div class='ocr_carea' id='block_1_12' title="bbox 693 1189 2260 1264">
    <p class='ocr_par' dir='ltr' id='par_1_12' title="bbox 693 1189 2260 1264">
     <span class='ocr_line' id='line_1_12' title="bbox 693 1189 2260 1264; baseline 0.004 -19"><span class='ocrx_word' id='word_1_76' title='bbox 693 1189 921 1249; x_wconf 80' lang='lat' dir='ltr'><strong>invicem</strong></span> <span class='ocrx_word' id='word_1_77' title='bbox 950 1209 1053 1247; x_wconf 90' lang='lat' dir='ltr'><strong>non</strong></span> <span class='ocrx_word' id='word_1_78' title='bbox 1082 1194 1315 1259; x_wconf 82' lang='lat' dir='ltr'><strong>videant,</strong></span> <span class='ocrx_word' id='word_1_79' title='bbox 1351 1205 1698 1264; x_wconf 73' lang='lat' dir='ltr'><strong>prteterquam</strong></span> <span class='ocrx_word' id='word_1_80' title='bbox 1729 1197 1780 1251; x_wconf 89' lang='lat' dir='ltr'><strong>in</strong></span> <span class='ocrx_word' id='word_1_81' title='bbox 1804 1198 2042 1253; x_wconf 89' lang='lat' dir='ltr'><strong>collecta.</strong></span> <span class='ocrx_word' id='word_1_82' title='bbox 2082 1198 2146 1255; x_wconf 84' lang='lat' dir='ltr'><strong>Et</strong></span> <span class='ocrx_word' id='word_1_83' title='bbox 2170 1198 2260 1257; x_wconf 82' lang='lat' dir='ltr'><strong>alii</strong></span> 
     </span>
    </p>
   </div>
   <div class='ocr_carea' id='block_1_13' title="bbox 693 1280 2263 1349">
    <p class='ocr_par' dir='ltr' id='par_1_13' title="bbox 693 1280 2263 1349">
     <span class='ocr_line' id='line_1_13' title="bbox 693 1280 2263 1349; baseline 0.007 -15"><span class='ocrx_word' id='word_1_84' title='bbox 693 1280 907 1349; x_wconf 83' lang='lat' dir='ltr'><strong>quidem</strong></span> <span class='ocrx_word' id='word_1_85' title='bbox 945 1298 1015 1338; x_wconf 78' lang='lat' dir='ltr'><strong>ex</strong></span> <span class='ocrx_word' id='word_1_86' title='bbox 1061 1284 1141 1337; x_wconf 88' lang='lat' dir='ltr'><strong>his</strong></span> <span class='ocrx_word' id='word_1_87' title='bbox 1189 1285 1474 1343; x_wconf 80' lang='lat' dir='ltr'><strong>veniebant</strong></span> <span class='ocrx_word' id='word_1_88' title='bbox 1510 1287 1577 1340; x_wconf 93' lang='lat' dir='ltr'><strong>ad</strong></span> <span class='ocrx_word' id='word_1_89' title='bbox 1618 1287 1891 1342; x_wconf 85' lang='lat' dir='ltr'><strong>collectam</strong></span> <span class='ocrx_word' id='word_1_90' title='bbox 1932 1304 1963 1342; x_wconf 88' lang='lat' dir='ltr'><strong>a</strong></span> <span class='ocrx_word' id='word_1_91' title='bbox 2011 1292 2166 1343; x_wconf 88' lang='lat' dir='ltr'><strong>tertio</strong></span> <span class='ocrx_word' id='word_1_92' title='bbox 2209 1300 2263 1345; x_wconf 90' lang='lat' dir='ltr'><strong>et</strong></span> 
     </span>
    </p>
   </div>
   <div class='ocr_carea' id='block_1_14' title="bbox 692 1375 2260 1447">
    <p class='ocr_par' dir='ltr' id='par_1_14' title="bbox 692 1375 2260 1447">
     <span class='ocr_line' id='line_1_14' title="bbox 692 1375 2260 1447; baseline 0.004 -19"><span class='ocrx_word' id='word_1_93' title='bbox 692 1384 880 1443; x_wconf 91' lang='lat' dir='ltr'><strong>quarto</strong></span> <span class='ocrx_word' id='word_1_94' title='bbox 922 1375 1124 1444; x_wconf 88' lang='lat' dir='ltr'><strong>lapide,</strong></span> <span class='ocrx_word' id='word_1_95' title='bbox 1156 1386 1261 1431; x_wconf 85' lang='lat' dir='ltr'><strong>tam</strong></span> <span class='ocrx_word' id='word_1_96' title='bbox 1287 1379 1441 1447; x_wconf 86' lang='lat' dir='ltr'><strong>longe</strong></span> <span class='ocrx_word' id='word_1_97' title='bbox 1478 1389 1602 1434; x_wconf 90' lang='lat' dir='ltr'><strong>sunt</strong></span> <span class='ocrx_word' id='word_1_98' title='bbox 1643 1381 1831 1438; x_wconf 85' lang='lat' dir='ltr'><strong>remoti</strong></span> <span class='ocrx_word' id='word_1_99' title='bbox 1864 1396 1894 1433; x_wconf 89' lang='lat' dir='ltr'><strong>a</strong></span> <span class='ocrx_word' id='word_1_100' title='bbox 1923 1396 1981 1436; x_wconf 87' lang='lat' dir='ltr'><strong>se</strong></span> <span class='ocrx_word' id='word_1_101' title='bbox 2011 1380 2260 1438; x_wconf 84' lang='lat' dir='ltr'><strong>invicem.</strong></span> 
     </span>
    </p>
   </div>
   <div class='ocr_carea' id='block_1_15' title="bbox 688 1462 2263 1536">
    <p class='ocr_par' dir='ltr' id='par_1_15' title="bbox 688 1462 2263 1536">
     <span class='ocr_line' id='line_1_15' title="bbox 688 1462 2263 1536; baseline 0.003 -16"><span class='ocrx_word' id='word_1_102' title='bbox 688 1462 913 1520; x_wconf 81' lang='lat' dir='ltr'><strong>Tantam</strong></span> <span class='ocrx_word' id='word_1_103' title='bbox 935 1474 1112 1520; x_wconf 83' lang='lat' dir='ltr'><strong>autem</strong></span> <span class='ocrx_word' id='word_1_104' title='bbox 1143 1466 1339 1522; x_wconf 87' lang='lat' dir='ltr'><strong>habent</strong></span> <span class='ocrx_word' id='word_1_105' title='bbox 1368 1469 1507 1523; x_wconf 91' lang='lat' dir='ltr'><strong>inter</strong></span> <span class='ocrx_word' id='word_1_106' title='bbox 1534 1485 1594 1526; x_wconf 89' lang='lat' dir='ltr'><strong>se</strong></span> <span class='ocrx_word' id='word_1_107' title='bbox 1619 1471 1952 1536; x_wconf 85' lang='lat' dir='ltr'><strong>charitatem,</strong></span> <span class='ocrx_word' id='word_1_108' title='bbox 1985 1472 2147 1527; x_wconf 87' lang='lat' dir='ltr'><strong>etiam</strong></span> <span class='ocrx_word' id='word_1_109' title='bbox 2172 1486 2263 1525; x_wconf 81' lang='lat' dir='ltr'><strong>su-</strong></span> 
     </span>
    </p>
   </div>
   <div class='ocr_carea' id='block_1_16' title="bbox 693 1557 2259 1631">
    <p class='ocr_par' dir='ltr' id='par_1_16' title="bbox 693 1557 2259 1631">
     <span class='ocr_line' id='line_1_16' title="bbox 693 1557 2259 1631; baseline 0.004 -23"><span class='ocrx_word' id='word_1_110' title='bbox 693 1570 787 1623; x_wconf 92' lang='lat' dir='ltr'><strong>pra</strong></span> <span class='ocrx_word' id='word_1_111' title='bbox 815 1557 1075 1626; x_wconf 87' lang='lat' dir='ltr'><strong>reliquam</strong></span> <span class='ocrx_word' id='word_1_112' title='bbox 1102 1559 1506 1624; x_wconf 87' lang='lat' dir='ltr'><strong>fraternitatem,</strong></span> <span class='ocrx_word' id='word_1_113' title='bbox 1582 1570 1639 1619; x_wconf 88' lang='lat' dir='ltr'><strong>ut</strong></span> <span class='ocrx_word' id='word_1_114' title='bbox 1711 1560 1897 1617; x_wconf 89' lang='lat' dir='ltr'><strong>multis</strong></span> <span class='ocrx_word' id='word_1_115' title='bbox 1968 1560 2062 1631; x_wconf 94' lang='lat' dir='ltr'><strong>qui</strong></span> <span class='ocrx_word' id='word_1_116' title='bbox 2140 1578 2259 1623; x_wconf 81' lang='lat' dir='ltr'><strong>cum</strong></span> 
     </span>
    </p>
   </div>
   <div class='ocr_carea' id='block_1_17' title="bbox 693 1647 2258 1722">
    <p class='ocr_par' dir='ltr' id='par_1_17' title="bbox 693 1647 2258 1722">
     <span class='ocr_line' id='line_1_17' title="bbox 693 1647 2258 1722; baseline 0.005 -20"><span class='ocrx_word' id='word_1_117' title='bbox 693 1647 821 1715; x_wconf 87' lang='lat' dir='ltr'><strong>ipsis</strong></span> <span class='ocrx_word' id='word_1_118' title='bbox 846 1649 975 1704; x_wconf 83' lang='lat' dir='ltr'><strong>salvi</strong></span> <span class='ocrx_word' id='word_1_119' title='bbox 1007 1664 1125 1705; x_wconf 87' lang='lat' dir='ltr'><strong>esse</strong></span> <span class='ocrx_word' id='word_1_120' title='bbox 1157 1651 1438 1717; x_wconf 87' lang='lat' dir='ltr'><strong>voluerint,</strong></span> <span class='ocrx_word' id='word_1_121' title='bbox 1476 1650 1834 1722; x_wconf 86' lang='lat' dir='ltr'><strong>unusquisque</strong></span> <span class='ocrx_word' id='word_1_122' title='bbox 1860 1651 2071 1707; x_wconf 84' lang='lat' dir='ltr'><strong>studeat</strong></span> <span class='ocrx_word' id='word_1_123' title='bbox 2110 1666 2258 1711; x_wconf 85' lang='lat' dir='ltr'><strong>suam</strong></span> 
     </span>
    </p>
   </div>
   <div class='ocr_carea' id='block_1_18' title="bbox 692 1734 2007 1796">
    <p class='ocr_par' dir='ltr' id='par_1_18' title="bbox 692 1734 2007 1796">
     <span class='ocr_line' id='line_1_18' title="bbox 692 1734 2007 1796; baseline 0.003 -4"><span class='ocrx_word' id='word_1_124' title='bbox 692 1737 879 1795; x_wconf 80' lang='lat' dir='ltr'><strong>cellam</strong></span> <span class='ocrx_word' id='word_1_125' title='bbox 912 1740 991 1794; x_wconf 88' lang='lat' dir='ltr'><strong>eis</strong></span> <span class='ocrx_word' id='word_1_126' title='bbox 1027 1739 1157 1796; x_wconf 88' lang='lat' dir='ltr'><strong>dare</strong></span> <span class='ocrx_word' id='word_1_127' title='bbox 1185 1740 1251 1795; x_wconf 88' lang='lat' dir='ltr'><strong>ad</strong></span> <span class='ocrx_word' id='word_1_128' title='bbox 1287 1755 1347 1794; x_wconf 92' lang='lat' dir='ltr'><strong>se</strong></span> <span class='ocrx_word' id='word_1_129' title='bbox 1376 1740 1719 1796; x_wconf 83' lang='lat' dir='ltr'><strong>reficiendum</strong></span> <span class='ocrx_word' id='word_1_130' title='bbox 2002 1734 2007 1740; x_wconf 76' lang='grc'><em>’</em></span> 
     </span>
    </p>
   </div>
   <div class='ocr_carea' id='block_1_19' title="bbox 1256 1829 1680 1885">
    <p class='ocr_par' dir='ltr' id='par_1_19' title="bbox 1256 1829 1680 1885">
     <span class='ocr_line' id='line_1_19' title="bbox 1256 1829 1680 1885; baseline 0 -1"><span class='ocrx_word' id='word_1_131' title='bbox 1256 1829 1480 1885; x_wconf 78' lang='lat' dir='ltr'><strong>CAPUT</strong></span> <span class='ocrx_word' id='word_1_132' title='bbox 1519 1831 1680 1884; x_wconf 77' lang='lat' dir='ltr'><strong>LXX.</strong></span> 
     </span>
    </p>
   </div>
   <div class='ocr_carea' id='block_1_20' title="bbox 728 1915 2223 1994">
    <p class='ocr_par' dir='ltr' id='par_1_20' title="bbox 728 1915 2223 1994">
     <span class='ocr_line' id='line_1_20' title="bbox 728 1915 2223 1994; baseline 0.006 -25"><span class='ocrx_word' id='word_1_133' title='bbox 728 1915 804 1970; x_wconf 88' lang='lat' dir='ltr'><strong>De</strong></span> <span class='ocrx_word' id='word_1_134' title='bbox 829 1917 1016 1971; x_wconf 82' lang='lat' dir='ltr'><strong>Abbate</strong></span> <span class='ocrx_word' id='word_1_135' title='bbox 1037 1919 1304 1974; x_wconf 84' lang='lat' dir='ltr'><strong>Ammonio</strong></span> <span class='ocrx_word' id='word_1_136' title='bbox 1333 1919 1481 1980; x_wconf 72' lang='grc'><strong>(116)</strong></span> <span class='ocrx_word' id='word_1_137' title='bbox 1508 1931 1553 1974; x_wconf 83' lang='lat' dir='ltr'><strong>et</strong></span> <span class='ocrx_word' id='word_1_138' title='bbox 1583 1922 1646 1976; x_wconf 78' lang='lat' dir='ltr'><strong>iis</strong></span> <span class='ocrx_word' id='word_1_139' title='bbox 1671 1922 1759 1981; x_wconf 84' lang='lat' dir='ltr'><strong>qui</strong></span> <span class='ocrx_word' id='word_1_140' title='bbox 1783 1932 1928 1976; x_wconf 84' lang='lat' dir='ltr'><strong>erant</strong></span> <span class='ocrx_word' id='word_1_141' title='bbox 1955 1939 2068 1977; x_wconf 85' lang='lat' dir='ltr'><strong>cum</strong></span> <span class='ocrx_word' id='word_1_142' title='bbox 2093 1924 2223 1994; x_wconf 76' lang='lat' dir='ltr'><strong>ipso.</strong></span> 
     </span>
    </p>
   </div>
   <div class='ocr_carea' id='block_1_21' title="bbox 761 2007 2263 2083">
    <p class='ocr_par' dir='ltr' id='par_1_21' title="bbox 761 2007 2263 2083">
     <span class='ocr_line' id='line_1_21' title="bbox 761 2007 2263 2083; baseline 0.004 -21"><span class='ocrx_word' id='word_1_143' title='bbox 761 2007 1004 2064; x_wconf 86' lang='lat' dir='ltr'><strong>Vidimus</strong></span> <span class='ocrx_word' id='word_1_144' title='bbox 1048 2019 1224 2064; x_wconf 86' lang='lat' dir='ltr'><strong>autem</strong></span> <span class='ocrx_word' id='word_1_145' title='bbox 1274 2012 1481 2069; x_wconf 86' lang='lat' dir='ltr'><strong>Patrem</strong></span> <span class='ocrx_word' id='word_1_146' title='bbox 1528 2027 1737 2082; x_wconf 91' lang='lat' dir='ltr'><strong>quoque</strong></span> <span class='ocrx_word' id='word_1_147' title='bbox 1782 2027 1965 2069; x_wconf 79' lang='lat' dir='ltr'><strong>eorum</strong></span> <span class='ocrx_word' id='word_1_148' title='bbox 2016 2015 2104 2083; x_wconf 90' lang='lat' dir='ltr'><strong>qui</strong></span> <span class='ocrx_word' id='word_1_149' title='bbox 2152 2015 2263 2068; x_wconf 90' lang='lat' dir='ltr'><strong>illic</strong></span> 
     </span>
    </p>
   </div>
   <div class='ocr_carea' id='block_1_22' title="bbox 687 2101 2257 2173">
    <p class='ocr_par' dir='ltr' id='par_1_22' title="bbox 687 2101 2257 2173">
     <span class='ocr_line' id='line_1_22' title="bbox 687 2101 2257 2173; baseline 0.002 -17"><span class='ocrx_word' id='word_1_150' title='bbox 687 2110 868 2168; x_wconf 89' lang='lat' dir='ltr'><strong>erant,</strong></span> <span class='ocrx_word' id='word_1_151' title='bbox 892 2101 1106 2155; x_wconf 89' lang='lat' dir='ltr'><strong>nomine</strong></span> <span class='ocrx_word' id='word_1_152' title='bbox 1127 2102 1490 2169; x_wconf 82' lang='lat' dir='ltr'><strong>Ammonium,</strong></span> <span class='ocrx_word' id='word_1_153' title='bbox 1513 2104 1795 2159; x_wconf 85' lang='lat' dir='ltr'><strong>habentem</strong></span> <span class='ocrx_word' id='word_1_154' title='bbox 1818 2105 2045 2159; x_wconf 82' lang='lat' dir='ltr'><strong>eximias</strong></span> <span class='ocrx_word' id='word_1_155' title='bbox 2072 2104 2257 2173; x_wconf 88' lang='lat' dir='ltr'><strong>cellas,</strong></span> 
     </span>
    </p>
   </div>
   <div class='ocr_carea' id='block_1_23' title="bbox 690 2190 2261 2264">
    <p class='ocr_par' dir='ltr' id='par_1_23' title="bbox 690 2190 2261 2264">
     <span class='ocr_line' id='line_1_23' title="bbox 690 2190 2261 2264; baseline 0.006 -22"><span class='ocrx_word' id='word_1_156' title='bbox 690 2198 747 2245; x_wconf 86' lang='lat' dir='ltr'><strong>et</strong></span> <span class='ocrx_word' id='word_1_157' title='bbox 764 2190 981 2256; x_wconf 88' lang='lat' dir='ltr'><strong>atrium,</strong></span> <span class='ocrx_word' id='word_1_158' title='bbox 1011 2201 1059 2247; x_wconf 92' lang='lat' dir='ltr'><strong>et</strong></span> <span class='ocrx_word' id='word_1_159' title='bbox 1084 2200 1321 2262; x_wconf 87' lang='lat' dir='ltr'><strong>puteum,</strong></span> <span class='ocrx_word' id='word_1_160' title='bbox 1366 2203 1422 2248; x_wconf 87' lang='lat' dir='ltr'><strong>et</strong></span> <span class='ocrx_word' id='word_1_161' title='bbox 1445 2194 1645 2264; x_wconf 91' lang='lat' dir='ltr'><strong>reliqua</strong></span> <span class='ocrx_word' id='word_1_162' title='bbox 1669 2197 1987 2251; x_wconf 73' lang='lat' dir='ltr'><strong>necessnria.</strong></span> <span class='ocrx_word' id='word_1_163' title='bbox 2013 2195 2143 2250; x_wconf 88' lang='lat' dir='ltr'><strong>Cum</strong></span> <span class='ocrx_word' id='word_1_164' title='bbox 2167 2213 2261 2252; x_wconf 65' lang='lat' dir='ltr'><strong>auo</strong></span> 
     </span>
    </p>
   </div>
   <div class='ocr_carea' id='block_1_24' title="bbox 692 2281 2262 2354">
    <p class='ocr_par' dir='ltr' id='par_1_24' title="bbox 692 2281 2262 2354">
     <span class='ocr_line' id='line_1_24' title="bbox 692 2281 2262 2354; baseline 0.005 -20"><span class='ocrx_word' id='word_1_165' title='bbox 692 2290 796 2335; x_wconf 89' lang='lat' dir='ltr'><strong>tem</strong></span> <span class='ocrx_word' id='word_1_166' title='bbox 840 2281 906 2337; x_wconf 89' lang='lat' dir='ltr'><strong>ad</strong></span> <span class='ocrx_word' id='word_1_167' title='bbox 932 2297 1055 2338; x_wconf 89' lang='lat' dir='ltr'><strong>eum</strong></span> <span class='ocrx_word' id='word_1_168' title='bbox 1076 2285 1306 2338; x_wconf 84' lang='lat' dir='ltr'><strong>venisset</strong></span> <span class='ocrx_word' id='word_1_169' title='bbox 1326 2287 1537 2354; x_wconf 84' lang='lat' dir='ltr'><strong>quidam</strong></span> <span class='ocrx_word' id='word_1_170' title='bbox 1562 2286 1722 2341; x_wconf 77' lang='lat' dir='ltr'><strong>frater</strong></span> <span class='ocrx_word' id='word_1_171' title='bbox 1742 2287 1828 2354; x_wconf 90' lang='lat' dir='ltr'><strong>qui</strong></span> <span class='ocrx_word' id='word_1_172' title='bbox 1854 2287 2061 2341; x_wconf 88' lang='lat' dir='ltr'><strong>volebat</strong></span> <span class='ocrx_word' id='word_1_173' title='bbox 2083 2288 2262 2349; x_wconf 78' lang='lat' dir='ltr'><strong>salvus</strong></span> 
     </span>
    </p>
   </div>
   <div class='ocr_carea' id='block_1_25' title="bbox 690 2376 2259 2447">
    <p class='ocr_par' dir='ltr' id='par_1_25' title="bbox 690 2376 2259 2447">
     <span class='ocr_line' id='line_1_25' title="bbox 690 2376 2259 2447; baseline 0.003 -18"><span class='ocrx_word' id='word_1_174' title='bbox 690 2376 824 2441; x_wconf 84' lang='lat' dir='ltr'><strong>lieri,</strong></span> <span class='ocrx_word' id='word_1_175' title='bbox 846 2386 901 2430; x_wconf 90' lang='lat' dir='ltr'><strong>et</strong></span> <span class='ocrx_word' id='word_1_176' title='bbox 927 2376 976 2432; x_wconf 91' lang='lat' dir='ltr'><strong>ei</strong></span> <span class='ocrx_word' id='word_1_177' title='bbox 1000 2378 1200 2432; x_wconf 88' lang='lat' dir='ltr'><strong>diceret</strong></span> <span class='ocrx_word' id='word_1_178' title='bbox 1229 2388 1284 2431; x_wconf 89' lang='lat' dir='ltr'><strong>ut</strong></span> <span class='ocrx_word' id='word_1_179' title='bbox 1305 2379 1405 2447; x_wconf 89' lang='lat' dir='ltr'><strong>ipsi</strong></span> <span class='ocrx_word' id='word_1_180' title='bbox 1431 2379 1690 2433; x_wconf 89' lang='lat' dir='ltr'><strong>inveniret</strong></span> <span class='ocrx_word' id='word_1_181' title='bbox 1712 2380 1900 2435; x_wconf 89' lang='lat' dir='ltr'><strong>cellam</strong></span> <span class='ocrx_word' id='word_1_182' title='bbox 1923 2380 1986 2433; x_wconf 92' lang='lat' dir='ltr'><strong>ad</strong></span> <span class='ocrx_word' id='word_1_183' title='bbox 2020 2381 2259 2434; x_wconf 89' lang='lat' dir='ltr'><strong>habitan-</strong></span> 
     </span>
    </p>
   </div>
   <div class='ocr_carea' id='block_1_26' title="bbox 690 2468 2260 2540">
    <p class='ocr_par' dir='ltr' id='par_1_26' title="bbox 690 2468 2260 2540">
     <span class='ocr_line' id='line_1_26' title="bbox 690 2468 2260 2540; baseline 0.006 -18"><span class='ocrx_word' id='word_1_184' title='bbox 690 2468 838 2534; x_wconf 87' lang='lat' dir='ltr'><strong>dum,</strong></span> <span class='ocrx_word' id='word_1_185' title='bbox 870 2469 1013 2524; x_wconf 88' lang='lat' dir='ltr'><strong>illico</strong></span> <span class='ocrx_word' id='word_1_186' title='bbox 1067 2485 1334 2539; x_wconf 86' lang='lat' dir='ltr'><strong>egressus,</strong></span> <span class='ocrx_word' id='word_1_187' title='bbox 1390 2476 1641 2540; x_wconf 67' lang='lat' dir='ltr'><strong>praecepit</strong></span> <span class='ocrx_word' id='word_1_188' title='bbox 1668 2473 1716 2527; x_wconf 91' lang='lat' dir='ltr'><strong>ei</strong></span> <span class='ocrx_word' id='word_1_189' title='bbox 1759 2487 1826 2527; x_wconf 92' lang='lat' dir='ltr'><strong>ne</strong></span> <span class='ocrx_word' id='word_1_190' title='bbox 1860 2472 2201 2539; x_wconf 78' lang='lat' dir='ltr'><strong>egrederetur</strong></span> <span class='ocrx_word' id='word_1_191' title='bbox 2231 2487 2260 2531; x_wconf 73' lang='grc' dir='ltr'><strong>θ</strong></span> 
     </span>
    </p>
   </div>
   <div class='ocr_carea' id='block_1_27' title="bbox 689 2557 2259 2629">
    <p class='ocr_par' dir='ltr' id='par_1_27' title="bbox 689 2557 2259 2629">
     <span class='ocr_line' id='line_1_27' title="bbox 689 2557 2259 2629; baseline 0.004 -19"><span class='ocrx_word' id='word_1_192' title='bbox 689 2557 857 2625; x_wconf 83' lang='lat' dir='ltr'><strong>cellis,</strong></span> <span class='ocrx_word' id='word_1_193' title='bbox 889 2559 1062 2614; x_wconf 88' lang='lat' dir='ltr'><strong>donec</strong></span> <span class='ocrx_word' id='word_1_194' title='bbox 1109 2558 1205 2627; x_wconf 89' lang='lat' dir='ltr'><strong>ipsi</strong></span> <span class='ocrx_word' id='word_1_195' title='bbox 1238 2560 1526 2616; x_wconf 82' lang='lat' dir='ltr'><strong>invenisset</strong></span> <span class='ocrx_word' id='word_1_196' title='bbox 1550 2569 1728 2629; x_wconf 89' lang='lat' dir='ltr'><strong>aptum</strong></span> <span class='ocrx_word' id='word_1_197' title='bbox 1785 2562 2175 2627; x_wconf 86' lang='lat' dir='ltr'><strong>habitaculum;</strong></span> <span class='ocrx_word' id='word_1_198' title='bbox 2208 2571 2259 2617; x_wconf 90' lang='lat' dir='ltr'><strong>et</strong></span> 
     </span>
    </p>
   </div>
   <div class='ocr_carea' id='block_1_28' title="bbox 689 2650 2261 2723">
    <p class='ocr_par' dir='ltr' id='par_1_28' title="bbox 689 2650 2261 2723">
     <span class='ocr_line' id='line_1_28' title="bbox 689 2650 2261 2723; baseline 0.002 -20"><span class='ocrx_word' id='word_1_199' title='bbox 689 2663 808 2703; x_wconf 87' lang='lat' dir='ltr'><strong>cum</strong></span> <span class='ocrx_word' id='word_1_200' title='bbox 832 2650 930 2717; x_wconf 87' lang='lat' dir='ltr'><strong>ipsi</strong></span> <span class='ocrx_word' id='word_1_201' title='bbox 957 2650 1255 2719; x_wconf 84' lang='lat' dir='ltr'><strong>reliquisset</strong></span> <span class='ocrx_word' id='word_1_202' title='bbox 1284 2650 1461 2705; x_wconf 88' lang='lat' dir='ltr'><strong>omnia</strong></span> <span class='ocrx_word' id='word_1_203' title='bbox 1510 2667 1627 2721; x_wconf 56' lang='lat' dir='ltr'><strong>quae</strong></span> <span class='ocrx_word' id='word_1_204' title='bbox 1678 2651 1921 2718; x_wconf 86' lang='lat' dir='ltr'><strong>habebat,</strong></span> <span class='ocrx_word' id='word_1_205' title='bbox 1967 2667 2087 2706; x_wconf 92' lang='lat' dir='ltr'><strong>cum</strong></span> <span class='ocrx_word' id='word_1_206' title='bbox 2134 2653 2261 2723; x_wconf 89' lang='lat' dir='ltr'><strong>ipsis</strong></span> 
     </span>
    </p>
   </div>
   <div class='ocr_carea' id='block_1_29' title="bbox 689 2740 2259 2812">
    <p class='ocr_par' dir='ltr' id='par_1_29' title="bbox 689 2740 2259 2812">
     <span class='ocr_line' id='line_1_29' title="bbox 689 2740 2259 2812; baseline 0.001 -17"><span class='ocrx_word' id='word_1_207' title='bbox 689 2740 862 2807; x_wconf 83' lang='lat' dir='ltr'><strong>cellis,</strong></span> <span class='ocrx_word' id='word_1_208' title='bbox 892 2743 1125 2809; x_wconf 89' lang='lat' dir='ltr'><strong>seipsum</strong></span> <span class='ocrx_word' id='word_1_209' title='bbox 1175 2742 1385 2795; x_wconf 90' lang='lat' dir='ltr'><strong>inclusit</strong></span> <span class='ocrx_word' id='word_1_210' title='bbox 1437 2742 1489 2796; x_wconf 92' lang='lat' dir='ltr'><strong>in</strong></span> <span class='ocrx_word' id='word_1_211' title='bbox 1517 2757 1733 2812; x_wconf 89' lang='lat' dir='ltr'><strong>parvam</strong></span> <span class='ocrx_word' id='word_1_212' title='bbox 1780 2743 1989 2796; x_wconf 87' lang='lat' dir='ltr'><strong>cellam.</strong></span> <span class='ocrx_word' id='word_1_213' title='bbox 2035 2741 2187 2808; x_wconf 88' lang='lat' dir='ltr'><strong>Quod</strong></span> <span class='ocrx_word' id='word_1_214' title='bbox 2212 2742 2259 2797; x_wconf 92' lang='lat' dir='ltr'><strong>si</strong></span> 
     </span>
    </p>
   </div>
   <div class='ocr_carea' id='block_1_30' title="bbox 689 2831 2257 2901">
    <p class='ocr_par' dir='ltr' id='par_1_30' title="bbox 689 2831 2257 2901">
     <span class='ocr_line' id='line_1_30' title="bbox 689 2831 2257 2901; baseline 0.001 -19"><span class='ocrx_word' id='word_1_215' title='bbox 689 2831 871 2899; x_wconf 85' lang='lat' dir='ltr'><strong>plures</strong></span> <span class='ocrx_word' id='word_1_216' title='bbox 899 2840 1051 2885; x_wconf 84' lang='lat' dir='ltr'><strong>erant</strong></span> <span class='ocrx_word' id='word_1_217' title='bbox 1092 2832 1182 2900; x_wconf 91' lang='lat' dir='ltr'><strong>qui</strong></span> <span class='ocrx_word' id='word_1_218' title='bbox 1234 2832 1623 2885; x_wconf 79' lang='lat' dir='ltr'><strong>conveniebant</strong></span> <span class='ocrx_word' id='word_1_219' title='bbox 1672 2831 1906 2886; x_wconf 91' lang='lat' dir='ltr'><strong>volentes</strong></span> <span class='ocrx_word' id='word_1_220' title='bbox 1931 2831 2064 2885; x_wconf 88' lang='lat' dir='ltr'><strong>salvi</strong></span> <span class='ocrx_word' id='word_1_221' title='bbox 2122 2831 2257 2901; x_wconf 84' lang='lat' dir='ltr'><strong>ﬁeri,</strong></span> 
     </span>
    </p>
   </div>
   <div class='ocr_carea' id='block_1_31' title="bbox 691 2921 2258 2990">
    <p class='ocr_par' dir='ltr' id='par_1_31' title="bbox 691 2921 2258 2990">
     <span class='ocr_line' id='line_1_31' title="bbox 691 2921 2258 2990; baseline 0 -16"><span class='ocrx_word' id='word_1_222' title='bbox 691 2921 1050 2990; x_wconf 74' lang='lat' dir='ltr'><strong>congregabat</strong></span> <span class='ocrx_word' id='word_1_223' title='bbox 1074 2922 1376 2977; x_wconf 87' lang='lat' dir='ltr'><strong>universam</strong></span> <span class='ocrx_word' id='word_1_224' title='bbox 1408 2921 1816 2988; x_wconf 80' lang='lat' dir='ltr'><strong>fraternitatem,</strong></span> <span class='ocrx_word' id='word_1_225' title='bbox 1842 2930 1893 2976; x_wconf 87' lang='lat' dir='ltr'><strong>et</strong></span> <span class='ocrx_word' id='word_1_226' title='bbox 1921 2922 2015 2975; x_wconf 90' lang='lat' dir='ltr'><strong>illo</strong></span> <span class='ocrx_word' id='word_1_227' title='bbox 2042 2921 2258 2990; x_wconf 90' lang='lat' dir='ltr'><strong>quidem</strong></span> 
     </span>
    </p>
   </div>
   <div class='ocr_carea' id='block_1_32' title="bbox 693 3010 2262 3081">
    <p class='ocr_par' dir='ltr' id='par_1_32' title="bbox 693 3010 2262 3081">
     <span class='ocr_line' id='line_1_32' title="bbox 693 3010 2262 3081; baseline -0.001 -16"><span class='ocrx_word' id='word_1_228' title='bbox 693 3012 933 3068; x_wconf 86' lang='lat' dir='ltr'><strong>tradente</strong></span> <span class='ocrx_word' id='word_1_229' title='bbox 988 3014 1203 3077; x_wconf 84' lang='lat' dir='ltr'><strong>lateres,</strong></span> <span class='ocrx_word' id='word_1_230' title='bbox 1252 3012 1353 3067; x_wconf 92' lang='lat' dir='ltr'><strong>hoc</strong></span> <span class='ocrx_word' id='word_1_231' title='bbox 1402 3028 1528 3067; x_wconf 89' lang='lat' dir='ltr'><strong>vero</strong></span> <span class='ocrx_word' id='word_1_232' title='bbox 1581 3028 1794 3081; x_wconf 87' lang='lat' dir='ltr'><strong>aquam,</strong></span> <span class='ocrx_word' id='word_1_233' title='bbox 1853 3010 2262 3079; x_wconf 80' lang='lat' dir='ltr'><strong>perﬁciebantur</strong></span> 
     </span>
    </p>
   </div>
   <div class='ocr_carea' id='block_1_33' title="bbox 691 3101 2257 3172">
    <p class='ocr_par' dir='ltr' id='par_1_33' title="bbox 691 3101 2257 3172">
     <span class='ocr_line' id='line_1_33' title="bbox 691 3101 2257 3172; baseline -0.001 -17"><span class='ocrx_word' id='word_1_234' title='bbox 691 3101 841 3155; x_wconf 67' lang='lat' dir='ltr'><strong>cellae</strong></span> <span class='ocrx_word' id='word_1_235' title='bbox 870 3104 920 3156; x_wconf 89' lang='lat' dir='ltr'><strong>in</strong></span> <span class='ocrx_word' id='word_1_236' title='bbox 944 3118 1048 3157; x_wconf 92' lang='lat' dir='ltr'><strong>uno</strong></span> <span class='ocrx_word' id='word_1_237' title='bbox 1076 3104 1182 3157; x_wconf 79' lang='lat' dir='ltr'><strong>die.</strong></span> <span class='ocrx_word' id='word_1_238' title='bbox 1218 3105 1321 3158; x_wconf 85' lang='lat' dir='ltr'><strong>Eos</strong></span> <span class='ocrx_word' id='word_1_239' title='bbox 1370 3112 1547 3158; x_wconf 86' lang='lat' dir='ltr'><strong>autem</strong></span> <span class='ocrx_word' id='word_1_240' title='bbox 1577 3103 1664 3172; x_wconf 92' lang='lat' dir='ltr'><strong>qui</strong></span> <span class='ocrx_word' id='word_1_241' title='bbox 1694 3111 1844 3157; x_wconf 86' lang='lat' dir='ltr'><strong>erant</strong></span> <span class='ocrx_word' id='word_1_242' title='bbox 1889 3102 2172 3155; x_wconf 90' lang='lat' dir='ltr'><strong>hahitaturi</strong></span> <span class='ocrx_word' id='word_1_243' title='bbox 2205 3101 2257 3154; x_wconf 93' lang='lat' dir='ltr'><strong>in</strong></span> 
     </span>
    </p>
   </div>
   <div class='ocr_carea' id='block_1_34' title="bbox 2370 554 3797 625">
    <p class='ocr_par' dir='ltr' id='par_1_34' title="bbox 2370 554 3797 625">
     <span class='ocr_line' id='line_1_34' title="bbox 2370 554 3797 625; baseline 0.007 -16"><span class='ocrx_word' id='word_1_244' title='bbox 2370 554 2514 625; x_wconf 88' lang='lat' dir='ltr'><strong>prius</strong></span> <span class='ocrx_word' id='word_1_245' title='bbox 2542 555 2929 624; x_wconf 83' lang='lat' dir='ltr'><strong>significantem</strong></span> <span class='ocrx_word' id='word_1_246' title='bbox 2956 566 3011 610; x_wconf 90' lang='lat' dir='ltr'><strong>et</strong></span> <span class='ocrx_word' id='word_1_247' title='bbox 3040 571 3099 611; x_wconf 88' lang='lat' dir='ltr'><strong>se</strong></span> <span class='ocrx_word' id='word_1_248' title='bbox 3130 557 3507 624; x_wconf 87' lang='lat' dir='ltr'><strong>reclinantem,</strong></span> <span class='ocrx_word' id='word_1_249' title='bbox 3534 558 3797 618; x_wconf 83' lang='lat' dir='ltr'><strong>dormire.</strong></span> 
     </span>
    </p>
   </div>
   <div class='ocr_carea' id='block_1_35' title="bbox 2909 646 3381 701">
    <p class='ocr_par' dir='ltr' id='par_1_35' title="bbox 2909 646 3381 701">
     <span class='ocr_line' id='line_1_35' title="bbox 2909 646 3381 701; baseline 0.004 -4"><span class='ocrx_word' id='word_1_250' title='bbox 2909 646 3134 700; x_wconf 78' lang='lat' dir='ltr'><strong>CAPUT</strong></span> <span class='ocrx_word' id='word_1_251' title='bbox 3172 646 3381 701; x_wconf 79' lang='lat' dir='ltr'><strong>LXXII.</strong></span> 
     </span>
    </p>
   </div>
   <div class='ocr_carea' id='block_1_36' title="bbox 2600 734 3700 811">
    <p class='ocr_par' dir='ltr' id='par_1_36' title="bbox 2600 734 3700 811">
     <span class='ocr_line' id='line_1_36' title="bbox 2600 734 3700 811; baseline 0.005 -24"><span class='ocrx_word' id='word_1_252' title='bbox 2600 734 2717 788; x_wconf 94' lang='lat' dir='ltr'><strong>Vita</strong></span> <span class='ocrx_word' id='word_1_253' title='bbox 2743 735 2935 789; x_wconf 79' lang='lat' dir='ltr'><strong>abbatis</strong></span> <span class='ocrx_word' id='word_1_254' title='bbox 2963 736 3211 790; x_wconf 84' lang='lat' dir='ltr'><strong>Ammona</strong></span> <span class='ocrx_word' id='word_1_255' title='bbox 3242 737 3393 811; x_wconf 67' lang='grc'><strong>(113)</strong></span> <span class='ocrx_word' id='word_1_256' title='bbox 3420 743 3700 809; x_wconf 70' lang='lat' dir='ltr'><strong>presbyteri</strong></span> 
     </span>
    </p>
   </div>
   <div class='ocr_carea' id='block_1_37' title="bbox 2437 827 3924 900">
    <p class='ocr_par' dir='ltr' id='par_1_37' title="bbox 2437 827 3924 900">
     <span class='ocr_line' id='line_1_37' title="bbox 2437 827 3924 900; baseline 0 -19"><span class='ocrx_word' id='word_1_257' title='bbox 2437 827 2530 881; x_wconf 86' lang='lat' dir='ltr'><strong>Est</strong></span> <span class='ocrx_word' id='word_1_258' title='bbox 2565 836 2744 881; x_wconf 91' lang='lat' dir='ltr'><strong>autem</strong></span> <span class='ocrx_word' id='word_1_259' title='bbox 2774 828 2874 881; x_wconf 89' lang='lat' dir='ltr'><strong>alia</strong></span> <span class='ocrx_word' id='word_1_260' title='bbox 2904 842 3116 895; x_wconf 90' lang='lat' dir='ltr'><strong>quoque</strong></span> <span class='ocrx_word' id='word_1_261' title='bbox 3143 828 3373 883; x_wconf 84' lang='lat' dir='ltr'><strong>solitudo</strong></span> <span class='ocrx_word' id='word_1_262' title='bbox 3400 830 3449 882; x_wconf 92' lang='lat' dir='ltr'><strong>in</strong></span> <span class='ocrx_word' id='word_1_263' title='bbox 3481 829 3743 900; x_wconf 65' lang='lat' dir='ltr'><strong>Algypuo,</strong></span> <span class='ocrx_word' id='word_1_264' title='bbox 3782 830 3924 881; x_wconf 75' lang='lat' dir='ltr'><strong>mari-</strong></span> 
     </span>
    </p>
   </div>
   <div class='ocr_carea' id='block_1_38' title="bbox 2366 918 3925 989">
    <p class='ocr_par' dir='ltr' id='par_1_38' title="bbox 2366 918 3925 989">
     <span class='ocr_line' id='line_1_38' title="bbox 2366 918 3925 989; baseline -0.002 -17"><span class='ocrx_word' id='word_1_265' title='bbox 2366 918 2490 972; x_wconf 90' lang='lat' dir='ltr'><strong>tima</strong></span> <span class='ocrx_word' id='word_1_266' title='bbox 2516 918 2754 987; x_wconf 84' lang='lat' dir='ltr'><strong>quidem,</strong></span> <span class='ocrx_word' id='word_1_267' title='bbox 2784 919 2876 972; x_wconf 89' lang='lat' dir='ltr'><strong>sed</strong></span> <span class='ocrx_word' id='word_1_268' title='bbox 2906 918 3241 981; x_wconf 84' lang='lat' dir='ltr'><strong>difficillima,</strong></span> <span class='ocrx_word' id='word_1_269' title='bbox 3273 920 3325 972; x_wconf 91' lang='lat' dir='ltr'><strong>in</strong></span> <span class='ocrx_word' id='word_1_270' title='bbox 3354 935 3455 987; x_wconf 90' lang='lat' dir='ltr'><strong>qua</strong></span> <span class='ocrx_word' id='word_1_271' title='bbox 3498 920 3658 974; x_wconf 87' lang='lat' dir='ltr'><strong>multi</strong></span> <span class='ocrx_word' id='word_1_272' title='bbox 3685 929 3745 974; x_wconf 89' lang='lat' dir='ltr'><strong>et</strong></span> <span class='ocrx_word' id='word_1_273' title='bbox 3770 921 3925 989; x_wconf 68' lang='lat' dir='ltr'><strong>magn</strong></span> 
     </span>
    </p>
   </div>
   <div class='ocr_carea' id='block_1_39' title="bbox 2366 1007 3926 1079">
    <p class='ocr_par' dir='ltr' id='par_1_39' title="bbox 2366 1007 3926 1079">
     <span class='ocr_line' id='line_1_39' title="bbox 2366 1007 3926 1079; baseline 0.001 -17"><span class='ocrx_word' id='word_1_274' title='bbox 2366 1007 2605 1063; x_wconf 81' lang='lat' dir='ltr'><strong>habitant</strong></span> <span class='ocrx_word' id='word_1_275' title='bbox 2630 1010 2992 1073; x_wconf 55' lang='lat' dir='ltr'><strong>anachoreta,</strong></span> <span class='ocrx_word' id='word_1_276' title='bbox 3017 1026 3133 1079; x_wconf 71' lang='lat' dir='ltr'><strong>quae</strong></span> <span class='ocrx_word' id='word_1_277' title='bbox 3161 1020 3245 1065; x_wconf 72' lang='lat' dir='ltr'><strong>est</strong></span> <span class='ocrx_word' id='word_1_278' title='bbox 3267 1026 3429 1079; x_wconf 65' lang='lat' dir='ltr'><strong>proge</strong></span> <span class='ocrx_word' id='word_1_279' title='bbox 3470 1013 3664 1066; x_wconf 83' lang='lat' dir='ltr'><strong>urbem</strong></span> <span class='ocrx_word' id='word_1_280' title='bbox 3724 1010 3926 1064; x_wconf 66' lang='lat' dir='ltr'><strong>Dialem</strong></span> 
     </span>
    </p>
   </div>
   <div class='ocr_carea' id='block_1_40' title="bbox 2366 1100 3928 1171">
    <p class='ocr_par' dir='ltr' id='par_1_40' title="bbox 2366 1100 3928 1171">
     <span class='ocr_line' id='line_1_40' title="bbox 2366 1100 3928 1171; baseline -0.001 -16"><span class='ocrx_word' id='word_1_281' title='bbox 2366 1100 2561 1170; x_wconf 68' lang='lat' dir='ltr'><strong>(Ra/7.,</strong></span> <span class='ocrx_word' id='word_1_282' title='bbox 2590 1101 2630 1154; x_wconf 86' lang='grc' dir='ltr'><strong>ι.</strong></span> <span class='ocrx_word' id='word_1_283' title='bbox 2662 1116 2721 1169; x_wconf 85' lang='lat' dir='ltr'><strong>tt,</strong></span> <span class='ocrx_word' id='word_1_284' title='bbox 2774 1118 2886 1171; x_wconf 84' lang='lat' dir='ltr'><strong>cap.</strong></span> <span class='ocrx_word' id='word_1_285' title='bbox 2917 1100 3005 1164; x_wconf 74' lang='lat'><strong>&#39;52,</strong></span> <span class='ocrx_word' id='word_1_286' title='bbox 3037 1103 3118 1155; x_wconf 84' lang='lat' dir='ltr'><strong>cui</strong></span> <span class='ocrx_word' id='word_1_287' title='bbox 3138 1102 3322 1156; x_wconf 72' lang='lat' dir='ltr'><strong>dicitur</strong></span> <span class='ocrx_word' id='word_1_288' title='bbox 3354 1102 3672 1169; x_wconf 81' lang='lat' dir='ltr'><strong>Piammon).</strong></span> <span class='ocrx_word' id='word_1_289' title='bbox 3705 1102 3928 1154; x_wconf 75' lang='lat' dir='ltr'><strong>Vidimus</strong></span> 
     </span>
    </p>
   </div>
   <div class='ocr_carea' id='block_1_41' title="bbox 2364 1190 3927 1259">
    <p class='ocr_par' dir='ltr' id='par_1_41' title="bbox 2364 1190 3927 1259">
     <span class='ocr_line' id='line_1_41' title="bbox 2364 1190 3927 1259; baseline 0.001 -16"><span class='ocrx_word' id='word_1_290' title='bbox 2364 1201 2534 1244; x_wconf 77' lang='lat' dir='ltr'><strong>autem</strong></span> <span class='ocrx_word' id='word_1_291' title='bbox 2564 1190 2672 1245; x_wconf 90' lang='lat' dir='ltr'><strong>illic</strong></span> <span class='ocrx_word' id='word_1_292' title='bbox 2700 1191 3064 1259; x_wconf 86' lang='lat' dir='ltr'><strong>presbyterum</strong></span> <span class='ocrx_word' id='word_1_293' title='bbox 3095 1192 3263 1246; x_wconf 91' lang='lat' dir='ltr'><strong>virum</strong></span> <span class='ocrx_word' id='word_1_294' title='bbox 3291 1202 3533 1247; x_wconf 86' lang='lat' dir='ltr'><strong>sanctum</strong></span> <span class='ocrx_word' id='word_1_295' title='bbox 3570 1201 3631 1245; x_wconf 90' lang='lat' dir='ltr'><strong>et</strong></span> <span class='ocrx_word' id='word_1_296' title='bbox 3660 1191 3825 1245; x_wconf 84' lang='lat' dir='ltr'><strong>valde</strong></span> <span class='ocrx_word' id='word_1_297' title='bbox 3852 1192 3927 1244; x_wconf 77' lang='lat' dir='ltr'><strong>ba-</strong></span> 
     </span>
    </p>
   </div>
   <div class='ocr_carea' id='block_1_42' title="bbox 2363 1280 3929 1348">
    <p class='ocr_par' dir='ltr' id='par_1_42' title="bbox 2363 1280 3929 1348">
     <span class='ocr_line' id='line_1_42' title="bbox 2363 1280 3929 1348; baseline -0.001 -15"><span class='ocrx_word' id='word_1_298' title='bbox 2363 1281 2563 1342; x_wconf 90' lang='lat' dir='ltr'><strong>milem.</strong></span> <span class='ocrx_word' id='word_1_299' title='bbox 2585 1289 2641 1335; x_wconf 91' lang='lat' dir='ltr'><strong>et</strong></span> <span class='ocrx_word' id='word_1_300' title='bbox 2662 1280 2875 1335; x_wconf 89' lang='lat' dir='ltr'><strong>assidue</strong></span> <span class='ocrx_word' id='word_1_301' title='bbox 2898 1281 3165 1336; x_wconf 89' lang='lat' dir='ltr'><strong>videntem</strong></span> <span class='ocrx_word' id='word_1_302' title='bbox 3189 1281 3443 1348; x_wconf 87' lang='lat' dir='ltr'><strong>visiones,</strong></span> <span class='ocrx_word' id='word_1_303' title='bbox 3478 1282 3702 1335; x_wconf 82' lang='lat' dir='ltr'><strong>nomine</strong></span> <span class='ocrx_word' id='word_1_304' title='bbox 3725 1284 3929 1333; x_wconf 70' lang='lat' dir='ltr'><strong>Ammo-</strong></span> 
     </span>
    </p>
   </div>
   <div class='ocr_carea' id='block_1_43' title="bbox 2364 1370 3927 1440">
    <p class='ocr_par' dir='ltr' id='par_1_43' title="bbox 2364 1370 3927 1440">
     <span class='ocr_line' id='line_1_43' title="bbox 2364 1370 3927 1440; baseline -0.004 -12"><span class='ocrx_word' id='word_1_305' title='bbox 2364 1385 2506 1428; x_wconf 83' lang='lat' dir='ltr'><strong>nam.</strong></span> <span class='ocrx_word' id='word_1_306' title='bbox 2550 1371 2598 1425; x_wconf 85' lang='lat' dir='ltr'><strong>ls</strong></span> <span class='ocrx_word' id='word_1_307' title='bbox 2647 1371 2933 1440; x_wconf 88' lang='lat' dir='ltr'><strong>aliquando</strong></span> <span class='ocrx_word' id='word_1_308' title='bbox 2979 1371 3211 1426; x_wconf 78' lang='lat' dir='ltr'><strong>oﬂ‘erens</strong></span> <span class='ocrx_word' id='word_1_309' title='bbox 3239 1372 3347 1426; x_wconf 87' lang='lat' dir='ltr'><strong>Deo</strong></span> <span class='ocrx_word' id='word_1_310' title='bbox 3380 1371 3710 1425; x_wconf 76' lang='lat' dir='ltr'><strong>sacriﬁcium</strong></span> <span class='ocrx_word' id='word_1_311' title='bbox 3774 1370 3927 1438; x_wconf 75' lang='grc'><strong>(119),</strong></span> 
     </span>
    </p>
   </div>
   <div class='ocr_carea' id='block_1_44' title="bbox 2362 1462 3927 1530">
    <p class='ocr_par' dir='ltr' id='par_1_44' title="bbox 2362 1462 3927 1530">
     <span class='ocr_line' id='line_1_44' title="bbox 2362 1462 3927 1530; baseline -0.001 -15"><span class='ocrx_word' id='word_1_312' title='bbox 2362 1462 2504 1515; x_wconf 84' lang='lat' dir='ltr'><strong>videt</strong></span> <span class='ocrx_word' id='word_1_313' title='bbox 2524 1462 2767 1530; x_wconf 87' lang='lat' dir='ltr'><strong>angelum</strong></span> <span class='ocrx_word' id='word_1_314' title='bbox 2794 1471 3025 1517; x_wconf 86' lang='lat' dir='ltr'><strong>stantem</strong></span> <span class='ocrx_word' id='word_1_315' title='bbox 3048 1477 3077 1515; x_wconf 90' lang='lat' dir='ltr'><strong>a</strong></span> <span class='ocrx_word' id='word_1_316' title='bbox 3104 1463 3310 1517; x_wconf 81' lang='lat' dir='ltr'><strong>dextris</strong></span> <span class='ocrx_word' id='word_1_317' title='bbox 3331 1462 3541 1519; x_wconf 82' lang='lat' dir='ltr'><strong>altaris.</strong></span> <span class='ocrx_word' id='word_1_318' title='bbox 3575 1471 3640 1515; x_wconf 88' lang='lat' dir='ltr'><strong>et</strong></span> <span class='ocrx_word' id='word_1_319' title='bbox 3664 1470 3927 1515; x_wconf 68' lang='lat' dir='ltr'><strong>uota-ta</strong></span> 
     </span>
    </p>
   </div>
   <div class='ocr_carea' id='block_1_45' title="bbox 2362 1549 3929 1620">
    <p class='ocr_par' dir='ltr' id='par_1_45' title="bbox 2362 1549 3929 1620">
     <span class='ocr_line' id='line_1_45' title="bbox 2362 1549 3929 1620; baseline -0.001 -17"><span class='ocrx_word' id='word_1_320' title='bbox 2362 1549 2553 1607; x_wconf 87' lang='lat' dir='ltr'><strong>Iratres</strong></span> <span class='ocrx_word' id='word_1_321' title='bbox 2578 1553 2893 1607; x_wconf 87' lang='lat' dir='ltr'><strong>accedentes</strong></span> <span class='ocrx_word' id='word_1_322' title='bbox 2923 1552 2987 1605; x_wconf 90' lang='lat' dir='ltr'><strong>ad</strong></span> <span class='ocrx_word' id='word_1_323' title='bbox 3016 1555 3264 1620; x_wconf 83' lang='lat' dir='ltr'><strong>gratiam,</strong></span> <span class='ocrx_word' id='word_1_324' title='bbox 3292 1562 3345 1605; x_wconf 90' lang='lat' dir='ltr'><strong>et</strong></span> <span class='ocrx_word' id='word_1_325' title='bbox 3371 1551 3698 1607; x_wconf 85' lang='lat' dir='ltr'><strong>scribentem</strong></span> <span class='ocrx_word' id='word_1_326' title='bbox 3724 1551 3782 1602; x_wconf 86' lang='lat' dir='ltr'><strong>in</strong></span> <span class='ocrx_word' id='word_1_327' title='bbox 3813 1550 3929 1603; x_wconf 61' lang='lat' dir='ltr'><strong>libum</strong></span> 
     </span>
    </p>
   </div>
   <div class='ocr_carea' id='block_1_46' title="bbox 2362 1639 3929 1707">
    <p class='ocr_par' dir='ltr' id='par_1_46' title="bbox 2362 1639 3929 1707">
     <span class='ocr_line' id='line_1_46' title="bbox 2362 1639 3929 1707; baseline -0.002 -12"><span class='ocrx_word' id='word_1_328' title='bbox 2362 1657 2546 1696; x_wconf 90' lang='lat' dir='ltr'><strong>eorum</strong></span> <span class='ocrx_word' id='word_1_329' title='bbox 2577 1644 2814 1700; x_wconf 86' lang='lat' dir='ltr'><strong>nomina.</strong></span> <span class='ocrx_word' id='word_1_330' title='bbox 2839 1642 2972 1695; x_wconf 91' lang='lat' dir='ltr'><strong>Cum</strong></span> <span class='ocrx_word' id='word_1_331' title='bbox 3003 1654 3177 1696; x_wconf 88' lang='lat' dir='ltr'><strong>autem</strong></span> <span class='ocrx_word' id='word_1_332' title='bbox 3208 1657 3313 1694; x_wconf 91' lang='lat' dir='ltr'><strong>non</strong></span> <span class='ocrx_word' id='word_1_333' title='bbox 3341 1640 3643 1693; x_wconf 77' lang='lat' dir='ltr'><strong>adfuissent</strong></span> <span class='ocrx_word' id='word_1_334' title='bbox 3690 1639 3858 1707; x_wconf 84' lang='lat' dir='ltr'><strong>aliqui</strong></span> <span class='ocrx_word' id='word_1_335' title='bbox 3891 1640 3929 1692; x_wconf 80' lang='lat' dir='ltr'><strong>ia</strong></span> 
     </span>
    </p>
   </div>
   <div class='ocr_carea' id='block_1_47' title="bbox 2362 1732 3929 1804">
    <p class='ocr_par' dir='ltr' id='par_1_47' title="bbox 2362 1732 3929 1804">
     <span class='ocr_line' id='line_1_47' title="bbox 2362 1732 3929 1804; baseline -0.001 -18"><span class='ocrx_word' id='word_1_336' title='bbox 2362 1736 2571 1804; x_wconf 80' lang='lat' dir='ltr'><strong>synaxi,</strong></span> <span class='ocrx_word' id='word_1_337' title='bbox 2605 1734 2736 1787; x_wconf 90' lang='lat' dir='ltr'><strong>vidit</strong></span> <span class='ocrx_word' id='word_1_338' title='bbox 2785 1734 2950 1788; x_wconf 86' lang='lat' dir='ltr'><strong>deleri</strong></span> <span class='ocrx_word' id='word_1_339' title='bbox 2998 1748 3185 1788; x_wconf 87' lang='lat' dir='ltr'><strong>eorum</strong></span> <span class='ocrx_word' id='word_1_340' title='bbox 3240 1732 3475 1795; x_wconf 86' lang='lat' dir='ltr'><strong>nomina,</strong></span> <span class='ocrx_word' id='word_1_341' title='bbox 3520 1735 3615 1800; x_wconf 80' lang='lat' dir='ltr'><strong>qui</strong></span> <span class='ocrx_word' id='word_1_342' title='bbox 3668 1741 3795 1797; x_wconf 78' lang='lat' dir='ltr'><strong>post</strong></span> <span class='ocrx_word' id='word_1_343' title='bbox 3842 1743 3929 1786; x_wconf 78' lang='lat' dir='ltr'><strong>tres</strong></span> 
     </span>
    </p>
   </div>
   <div class='ocr_carea' id='block_1_48' title="bbox 2290 1821 3925 1891">
    <p class='ocr_par' dir='ltr' id='par_1_48' title="bbox 2290 1821 3925 1891">
     <span class='ocr_line' id='line_1_48' title="bbox 2290 1821 3925 1891; baseline -0.003 -11"><span class='ocrx_word' id='word_1_344' title='bbox 2290 1821 2335 1881; x_wconf 89' lang='lat' dir='ltr'><strong>B</strong></span> <span class='ocrx_word' id='word_1_345' title='bbox 2361 1825 2474 1879; x_wconf 86' lang='lat' dir='ltr'><strong>dies</strong></span> <span class='ocrx_word' id='word_1_346' title='bbox 2497 1832 2621 1878; x_wconf 89' lang='lat' dir='ltr'><strong>sunt</strong></span> <span class='ocrx_word' id='word_1_347' title='bbox 2647 1824 2863 1879; x_wconf 88' lang='lat' dir='ltr'><strong>mortui.</strong></span> <span class='ocrx_word' id='word_1_348' title='bbox 2915 1823 3044 1878; x_wconf 80' lang='lat' dir='ltr'><strong>Eum</strong></span> <span class='ocrx_word' id='word_1_349' title='bbox 3073 1838 3215 1891; x_wconf 69' lang='lat' dir='ltr'><strong>saepe</strong></span> <span class='ocrx_word' id='word_1_350' title='bbox 3242 1831 3548 1891; x_wconf 85' lang='lat' dir='ltr'><strong>torquentes</strong></span> <span class='ocrx_word' id='word_1_351' title='bbox 3577 1822 3861 1876; x_wconf 65' lang='lat' dir='ltr'><strong>damoeta</strong></span> <span class='ocrx_word' id='word_1_352' title='bbox 3886 1823 3925 1875; x_wconf 73' lang='lat' dir='ltr'><strong>in</strong></span> 
     </span>
    </p>
   </div>
   <div class='ocr_carea' id='block_1_49' title="bbox 2364 1914 3927 1981">
    <p class='ocr_par' dir='ltr' id='par_1_49' title="bbox 2364 1914 3927 1981">
     <span class='ocr_line' id='line_1_49' title="bbox 2364 1914 3927 1981; baseline -0.002 -11"><span class='ocrx_word' id='word_1_353' title='bbox 2364 1928 2563 1970; x_wconf 87' lang='lat' dir='ltr'><strong>tantam</strong></span> <span class='ocrx_word' id='word_1_354' title='bbox 2591 1914 2925 1970; x_wconf 79' lang='lat' dir='ltr'><strong>adduxerunt</strong></span> <span class='ocrx_word' id='word_1_355' title='bbox 2944 1914 3383 1979; x_wconf 84' lang='lat' dir='ltr'><strong>imbecillitatem,</strong></span> <span class='ocrx_word' id='word_1_356' title='bbox 3410 1922 3470 1968; x_wconf 92' lang='lat' dir='ltr'><strong>ut</strong></span> <span class='ocrx_word' id='word_1_357' title='bbox 3498 1929 3607 1969; x_wconf 84' lang='lat' dir='ltr'><strong>non</strong></span> <span class='ocrx_word' id='word_1_358' title='bbox 3633 1924 3820 1980; x_wconf 73' lang='lat' dir='ltr'><strong>posset</strong></span> <span class='ocrx_word' id='word_1_359' title='bbox 3838 1914 3927 1981; x_wconf 71' lang='lat' dir='ltr'><strong>ipse</strong></span> 
     </span>
    </p>
   </div>
   <div class='ocr_carea' id='block_1_50' title="bbox 2363 2004 3927 2073">
    <p class='ocr_par' dir='ltr' id='par_1_50' title="bbox 2363 2004 3927 2073">
     <span class='ocr_line' id='line_1_50' title="bbox 2363 2004 3927 2073; baseline -0.001 -16"><span class='ocrx_word' id='word_1_360' title='bbox 2363 2015 2504 2060; x_wconf 90' lang='lat' dir='ltr'><strong>stare</strong></span> <span class='ocrx_word' id='word_1_361' title='bbox 2531 2005 2598 2059; x_wconf 89' lang='lat' dir='ltr'><strong>ad</strong></span> <span class='ocrx_word' id='word_1_362' title='bbox 2627 2020 2796 2071; x_wconf 90' lang='lat' dir='ltr'><strong>aram,</strong></span> <span class='ocrx_word' id='word_1_363' title='bbox 2825 2019 2924 2059; x_wconf 90' lang='lat' dir='ltr'><strong>nec</strong></span> <span class='ocrx_word' id='word_1_364' title='bbox 2950 2004 3147 2059; x_wconf 69' lang='lat' dir='ltr'><strong>offerre</strong></span> <span class='ocrx_word' id='word_1_365' title='bbox 3178 2020 3194 2058; x_wconf 88' lang='lat'><strong>:</strong></span> <span class='ocrx_word' id='word_1_366' title='bbox 3237 2004 3456 2073; x_wconf 85' lang='lat' dir='ltr'><strong>angelus</strong></span> <span class='ocrx_word' id='word_1_367' title='bbox 3484 2012 3673 2058; x_wconf 85' lang='lat' dir='ltr'><strong>autem</strong></span> <span class='ocrx_word' id='word_1_368' title='bbox 3702 2004 3927 2069; x_wconf 73' lang='lat' dir='ltr'><strong>veniant,</strong></span> 
     </span>
    </p>
   </div>
   <div class='ocr_carea' id='block_1_51' title="bbox 2362 2093 3924 2164">
    <p class='ocr_par' dir='ltr' id='par_1_51' title="bbox 2362 2093 3924 2164">
     <span class='ocr_line' id='line_1_51' title="bbox 2362 2093 3924 2164; baseline -0.003 -14"><span class='ocrx_word' id='word_1_369' title='bbox 2362 2096 2481 2164; x_wconf 86' lang='lat' dir='ltr'><strong>ejus</strong></span> <span class='ocrx_word' id='word_1_370' title='bbox 2505 2110 2662 2149; x_wconf 92' lang='lat' dir='ltr'><strong>manu</strong></span> <span class='ocrx_word' id='word_1_371' title='bbox 2711 2096 3069 2164; x_wconf 89' lang='lat' dir='ltr'><strong>apprehensa,</strong></span> <span class='ocrx_word' id='word_1_372' title='bbox 3110 2095 3348 2163; x_wconf 83' lang='lat' dir='ltr'><strong>protinus</strong></span> <span class='ocrx_word' id='word_1_373' title='bbox 3403 2109 3530 2151; x_wconf 87' lang='lat' dir='ltr'><strong>eum</strong></span> <span class='ocrx_word' id='word_1_374' title='bbox 3581 2093 3924 2152; x_wconf 65' lang='lat' dir='ltr'><strong>conﬁrmavi.</strong></span> 
     </span>
    </p>
   </div>
   <div class='ocr_carea' id='block_1_52' title="bbox 2362 2180 3927 2252">
    <p class='ocr_par' dir='ltr' id='par_1_52' title="bbox 2362 2180 3927 2252">
     <span class='ocr_line' id='line_1_52' title="bbox 2362 2180 3927 2252; baseline -0.004 -13"><span class='ocrx_word' id='word_1_375' title='bbox 2362 2196 2416 2240; x_wconf 91' lang='lat' dir='ltr'><strong>et</strong></span> <span class='ocrx_word' id='word_1_376' title='bbox 2443 2200 2627 2239; x_wconf 87' lang='lat' dir='ltr'><strong>sanum</strong></span> <span class='ocrx_word' id='word_1_377' title='bbox 2650 2184 2715 2239; x_wconf 88' lang='lat' dir='ltr'><strong>ad</strong></span> <span class='ocrx_word' id='word_1_378' title='bbox 2732 2200 2878 2239; x_wconf 90' lang='lat' dir='ltr'><strong>aram</strong></span> <span class='ocrx_word' id='word_1_379' title='bbox 2901 2184 3104 2238; x_wconf 87' lang='lat' dir='ltr'><strong>statuit.</strong></span> <span class='ocrx_word' id='word_1_380' title='bbox 3134 2182 3297 2252; x_wconf 82' lang='lat' dir='ltr'><strong>Cujus</strong></span> <span class='ocrx_word' id='word_1_381' title='bbox 3326 2192 3595 2238; x_wconf 86' lang='lat' dir='ltr'><strong>tormenta</strong></span> <span class='ocrx_word' id='word_1_382' title='bbox 3629 2197 3758 2238; x_wconf 82' lang='lat' dir='ltr'><strong>cum</strong></span> <span class='ocrx_word' id='word_1_383' title='bbox 3786 2180 3927 2235; x_wconf 60' lang='lat' dir='ltr'><strong>vidis</strong></span> 
     </span>
    </p>
   </div>
   <div class='ocr_carea' id='block_1_53' title="bbox 2362 2277 3157 2347">
    <p class='ocr_par' dir='ltr' id='par_1_53' title="bbox 2362 2277 3157 2347">
     <span class='ocr_line' id='line_1_53' title="bbox 2362 2277 3157 2347; baseline -0.008 -12"><span class='ocrx_word' id='word_1_384' title='bbox 2362 2290 2480 2335; x_wconf 85' lang='lat' dir='ltr'><strong>sent</strong></span> <span class='ocrx_word' id='word_1_385' title='bbox 2502 2278 2719 2345; x_wconf 84' lang='lat' dir='ltr'><strong>fratres,</strong></span> <span class='ocrx_word' id='word_1_386' title='bbox 2748 2277 3157 2347; x_wconf 79' lang='lat' dir='ltr'><strong>obstupuerunt.</strong></span> 
     </span>
    </p>
   </div>
   <div class='ocr_carea' id='block_1_54' title="bbox 2905 2385 3403 2446">
    <p class='ocr_par' dir='ltr' id='par_1_54' title="bbox 2905 2385 3403 2446">
     <span class='ocr_line' id='line_1_54' title="bbox 2905 2385 3403 2446; baseline -0.006 -4"><span class='ocrx_word' id='word_1_387' title='bbox 2905 2388 3130 2446; x_wconf 77' lang='lat' dir='ltr'><strong>CAPUT</strong></span> <span class='ocrx_word' id='word_1_388' title='bbox 3169 2385 3403 2443; x_wconf 78' lang='lat' dir='ltr'><strong>LXXIII.</strong></span> 
     </span>
    </p>
   </div>
   <div class='ocr_carea' id='block_1_55' title="bbox 2794 2477 3513 2548">
    <p class='ocr_par' dir='ltr' id='par_1_55' title="bbox 2794 2477 3513 2548">
     <span class='ocr_line' id='line_1_55' title="bbox 2794 2477 3513 2548; baseline -0.004 -12"><span class='ocrx_word' id='word_1_389' title='bbox 2794 2480 2871 2536; x_wconf 86' lang='lat' dir='ltr'><strong>De</strong></span> <span class='ocrx_word' id='word_1_390' title='bbox 2898 2482 3076 2535; x_wconf 83' lang='lat' dir='ltr'><strong>abbate</strong></span> <span class='ocrx_word' id='word_1_391' title='bbox 3100 2481 3301 2535; x_wconf 79' lang='lat' dir='ltr'><strong>Joanne</strong></span> <span class='ocrx_word' id='word_1_392' title='bbox 3330 2477 3513 2548; x_wconf 85' lang='lat' dir='ltr'><strong>(I20).</strong></span> 
     </span>
    </p>
   </div>
   <div class='ocr_carea' id='block_1_56' title="bbox 2439 2562 3921 2637">
    <p class='ocr_par' dir='ltr' id='par_1_56' title="bbox 2439 2562 3921 2637">
     <span class='ocr_line' id='line_1_56' title="bbox 2439 2562 3921 2637; baseline -0.005 -13"><span class='ocrx_word' id='word_1_393' title='bbox 2439 2571 2686 2629; x_wconf 79' lang='lat' dir='ltr'><strong>Vidimus</strong></span> <span class='ocrx_word' id='word_1_394' title='bbox 2711 2581 2889 2627; x_wconf 89' lang='lat' dir='ltr'><strong>autem</strong></span> <span class='ocrx_word' id='word_1_395' title='bbox 2930 2570 3091 2623; x_wconf 88' lang='lat' dir='ltr'><strong>alium</strong></span> <span class='ocrx_word' id='word_1_396' title='bbox 3122 2570 3333 2637; x_wconf 80' lang='lat' dir='ltr'><strong>quoque</strong></span> <span class='ocrx_word' id='word_1_397' title='bbox 3362 2567 3414 2620; x_wconf 91' lang='lat' dir='ltr'><strong>in</strong></span> <span class='ocrx_word' id='word_1_398' title='bbox 3440 2564 3659 2628; x_wconf 82' lang='lat' dir='ltr'><strong>Diolco.</strong></span> <span class='ocrx_word' id='word_1_399' title='bbox 3690 2562 3921 2619; x_wconf 70' lang='lat' dir='ltr'><strong>Joanne:</strong></span> 
     </span>
    </p>
   </div>
   <div class='ocr_carea' id='block_1_57' title="bbox 2360 2656 3921 2731">
    <p class='ocr_par' dir='ltr' id='par_1_57' title="bbox 2360 2656 3921 2731">
     <span class='ocr_line' id='line_1_57' title="bbox 2360 2656 3921 2731; baseline -0.004 -15"><span class='ocrx_word' id='word_1_400' title='bbox 2360 2663 2574 2716; x_wconf 84' lang='lat' dir='ltr'><strong>nomine</strong></span> <span class='ocrx_word' id='word_1_401' title='bbox 2600 2660 2794 2731; x_wconf 62' lang='lat' dir='ltr'><strong>(Ruﬁl,</strong></span> <span class='ocrx_word' id='word_1_402' title='bbox 2813 2661 2849 2714; x_wconf 82' lang='grc' dir='ltr'><strong>Ι.</strong></span> <span class='ocrx_word' id='word_1_403' title='bbox 2877 2674 2933 2728; x_wconf 86' lang='grc' dir='ltr'><strong>ιι,</strong></span> <span class='ocrx_word' id='word_1_404' title='bbox 2965 2675 3079 2729; x_wconf 87' lang='lat' dir='ltr'><strong>cap.</strong></span> <span class='ocrx_word' id='word_1_405' title='bbox 3107 2657 3218 2725; x_wconf 75' lang='lat'><strong>53),</strong></span> <span class='ocrx_word' id='word_1_406' title='bbox 3246 2665 3446 2724; x_wconf 83' lang='lat' dir='ltr'><strong>patrem</strong></span> <span class='ocrx_word' id='word_1_407' title='bbox 3471 2656 3921 2709; x_wconf 64' lang='lat' dir='ltr'><strong>monasteriorum.</strong></span> 
     </span>
    </p>
   </div>
   <div class='ocr_carea' id='block_1_58' title="bbox 2362 2744 3920 2822">
    <p class='ocr_par' dir='ltr' id='par_1_58' title="bbox 2362 2744 3920 2822">
     <span class='ocr_line' id='line_1_58' title="bbox 2362 2744 3920 2822; baseline -0.006 -18"><span class='ocrx_word' id='word_1_408' title='bbox 2362 2754 2449 2821; x_wconf 88' lang='lat' dir='ltr'><strong>qui</strong></span> <span class='ocrx_word' id='word_1_409' title='bbox 2482 2752 2595 2820; x_wconf 91' lang='lat' dir='ltr'><strong>ipse</strong></span> <span class='ocrx_word' id='word_1_410' title='bbox 2624 2767 2834 2822; x_wconf 90' lang='lat' dir='ltr'><strong>quoque</strong></span> <span class='ocrx_word' id='word_1_411' title='bbox 2857 2749 3074 2805; x_wconf 89' lang='lat' dir='ltr'><strong>multam</strong></span> <span class='ocrx_word' id='word_1_412' title='bbox 3100 2747 3329 2802; x_wconf 77' lang='lat' dir='ltr'><strong>habebat</strong></span> <span class='ocrx_word' id='word_1_413' title='bbox 3348 2746 3605 2817; x_wconf 86' lang='lat' dir='ltr'><strong>gratiam,</strong></span> <span class='ocrx_word' id='word_1_414' title='bbox 3639 2754 3699 2799; x_wconf 89' lang='lat' dir='ltr'><strong>et</strong></span> <span class='ocrx_word' id='word_1_415' title='bbox 3724 2744 3920 2797; x_wconf 69' lang='lat' dir='ltr'><strong>Abram</strong></span> 
     </span>
    </p>
   </div>
   <div class='ocr_carea' id='block_1_59' title="bbox 2361 2834 3923 2911">
    <p class='ocr_par' dir='ltr' id='par_1_59' title="bbox 2361 2834 3923 2911">
     <span class='ocr_line' id='line_1_59' title="bbox 2361 2834 3923 2911; baseline -0.006 -15"><span class='ocrx_word' id='word_1_416' title='bbox 2361 2843 2619 2911; x_wconf 88' lang='lat' dir='ltr'><strong>habitum,</strong></span> <span class='ocrx_word' id='word_1_417' title='bbox 2650 2852 2705 2897; x_wconf 91' lang='lat' dir='ltr'><strong>et</strong></span> <span class='ocrx_word' id='word_1_418' title='bbox 2731 2842 2948 2896; x_wconf 89' lang='lat' dir='ltr'><strong>barbam</strong></span> <span class='ocrx_word' id='word_1_419' title='bbox 2984 2843 3181 2896; x_wconf 78' lang='lat' dir='ltr'><strong>Aaron.</strong></span> <span class='ocrx_word' id='word_1_420' title='bbox 3212 2836 3491 2891; x_wconf 76' lang='lat' dir='ltr'><strong>Efﬁciebat</strong></span> <span class='ocrx_word' id='word_1_421' title='bbox 3512 2844 3703 2889; x_wconf 83' lang='lat' dir='ltr'><strong>autem</strong></span> <span class='ocrx_word' id='word_1_422' title='bbox 3729 2834 3923 2888; x_wconf 71' lang='lat' dir='ltr'><strong>virtutes</strong></span> 
     </span>
    </p>
   </div>
   <div class='ocr_carea' id='block_1_60' title="bbox 2360 2927 3921 3002">
    <p class='ocr_par' dir='ltr' id='par_1_60' title="bbox 2360 2927 3921 3002">
     <span class='ocr_line' id='line_1_60' title="bbox 2360 2927 3921 3002; baseline -0.005 -15"><span class='ocrx_word' id='word_1_423' title='bbox 2360 2946 2519 3002; x_wconf 87' lang='lat' dir='ltr'><strong>atque</strong></span> <span class='ocrx_word' id='word_1_424' title='bbox 2547 2934 2871 2998; x_wconf 87' lang='lat' dir='ltr'><strong>curationes,</strong></span> <span class='ocrx_word' id='word_1_425' title='bbox 2894 2943 2950 2988; x_wconf 91' lang='lat' dir='ltr'><strong>ut</strong></span> <span class='ocrx_word' id='word_1_426' title='bbox 2970 2934 3058 3001; x_wconf 92' lang='lat' dir='ltr'><strong>qui</strong></span> <span class='ocrx_word' id='word_1_427' title='bbox 3088 2929 3286 2985; x_wconf 83' lang='lat' dir='ltr'><strong>multos</strong></span> <span class='ocrx_word' id='word_1_428' title='bbox 3310 2929 3521 2985; x_wconf 82' lang='lat' dir='ltr'><strong>curavit</strong></span> <span class='ocrx_word' id='word_1_429' title='bbox 3546 2927 3921 2997; x_wconf 65' lang='lat' dir='ltr'><strong>paralyticos</strong></span> 
     </span>
    </p>
   </div>
   <div class='ocr_carea' id='block_1_61' title="bbox 2361 3024 2944 3095">
    <p class='ocr_par' dir='ltr' id='par_1_61' title="bbox 2361 3024 2944 3095">
     <span class='ocr_line' id='line_1_61' title="bbox 2361 3024 2944 3095; baseline 0 -18"><span class='ocrx_word' id='word_1_430' title='bbox 2361 3024 2589 3095; x_wconf 77' lang='lat' dir='ltr'><strong>podagra</strong></span> <span class='ocrx_word' id='word_1_431' title='bbox 2622 3025 2944 3079; x_wconf 87' lang='lat' dir='ltr'><strong>laborantes.</strong></span> 
     </span>
    </p>
   </div>
   <div class='ocr_carea' id='block_1_62' title="bbox 2882 3109 3408 3168">
    <p class='ocr_par' dir='ltr' id='par_1_62' title="bbox 2882 3109 3408 3168">
     <span class='ocr_line' id='line_1_62' title="bbox 2882 3109 3408 3168; baseline -0.006 0"><span class='ocrx_word' id='word_1_432' title='bbox 2882 3111 3109 3168; x_wconf 80' lang='lat' dir='ltr'><strong>CAPUT</strong></span> <span class='ocrx_word' id='word_1_433' title='bbox 3175 3109 3408 3165; x_wconf 77' lang='lat' dir='ltr'><strong>LXXIV.</strong></span> 
     </span>
    </p>
   </div>
   <div class='ocr_carea' id='block_1_63' title="bbox 689 3190 2254 3276">
    <p class='ocr_par' dir='ltr' id='par_1_63' title="bbox 689 3190 2254 3259">
     <span class='ocr_line' id='line_1_63' title="bbox 689 3190 2254 3259; baseline 0 -15"><span class='ocrx_word' id='word_1_434' title='bbox 689 3191 857 3258; x_wconf 90' lang='lat' dir='ltr'><strong>cellis,</strong></span> <span class='ocrx_word' id='word_1_435' title='bbox 871 3192 925 3247; x_wconf 90' lang='lat' dir='ltr'><strong>in</strong></span> <span class='ocrx_word' id='word_1_436' title='bbox 939 3193 1216 3248; x_wconf 86' lang='lat' dir='ltr'><strong>ecclesiam</strong></span> <span class='ocrx_word' id='word_1_437' title='bbox 1232 3194 1488 3247; x_wconf 88' lang='lat' dir='ltr'><strong>vocabant</strong></span> <span class='ocrx_word' id='word_1_438' title='bbox 1502 3193 1565 3246; x_wconf 89' lang='lat' dir='ltr'><strong>ad</strong></span> <span class='ocrx_word' id='word_1_439' title='bbox 1579 3191 1820 3246; x_wconf 78' lang='lat' dir='ltr'><strong>convivia</strong></span> <span class='ocrx_word' id='word_1_440' title='bbox 1837 3207 1851 3255; x_wconf 94' lang='lat'><strong>;</strong></span> <span class='ocrx_word' id='word_1_441' title='bbox 1868 3190 2182 3259; x_wconf 89' lang='lat' dir='ltr'><strong>dumqueilli</strong></span> <span class='ocrx_word' id='word_1_442' title='bbox 2197 3205 2254 3245; x_wconf 87' lang='lat' dir='ltr'><strong>se</strong></span> 
     </span>
    </p>
   </div>
   <div class='ocr_carea' id='block_1_64' title="bbox 2356 3190 3918 3276">
    <p class='ocr_par' dir='ltr' id='par_1_64' title="bbox 2438 3198 3918 3276">
     <span class='ocr_line' id='line_1_64' title="bbox 2438 3198 3918 3276; baseline -0.005 -18"><span class='ocrx_word' id='word_1_443' title='bbox 2438 3203 2555 3258; x_wconf 90' lang='lat' dir='ltr'><strong>Vita</strong></span> <span class='ocrx_word' id='word_1_444' title='bbox 2581 3204 2774 3258; x_wconf 79' lang='lat' dir='ltr'><strong>abbatis</strong></span> <span class='ocrx_word' id='word_1_445' title='bbox 2806 3200 3084 3273; x_wconf 73' lang='lat' dir='ltr'><strong>Pityrionis</strong></span> <span class='ocrx_word' id='word_1_446' title='bbox 3109 3209 3155 3276; x_wconf 65' lang='lat' dir='ltr'><strong>et</strong></span> <span class='ocrx_word' id='word_1_447' title='bbox 3179 3200 3326 3271; x_wconf 76' lang='grc'><strong>(121)</strong></span> <span class='ocrx_word' id='word_1_448' title='bbox 3357 3214 3539 3253; x_wconf 66' lang='lat' dir='ltr'><strong>eorum</strong></span> <span class='ocrx_word' id='word_1_449' title='bbox 3566 3199 3663 3269; x_wconf 61' lang='lat' dir='ltr'><strong>qui</strong></span> <span class='ocrx_word' id='word_1_450' title='bbox 3685 3212 3801 3251; x_wconf 63' lang='lat' dir='ltr'><strong>cui</strong></span> <span class='ocrx_word' id='word_1_451' title='bbox 3834 3198 3918 3265; x_wconf 61' lang='lat' dir='ltr'><strong>in</strong></span> 
     </span>
    </p>
   </div>
   <div class='ocr_carea' id='block_1_65' title="bbox 691 3283 2255 3353">
    <p class='ocr_par' dir='ltr' id='par_1_65' title="bbox 691 3283 2255 3353">
     <span class='ocr_line' id='line_1_65' title="bbox 691 3283 2255 3353; baseline -0.001 -17"><span class='ocrx_word' id='word_1_452' title='bbox 691 3292 936 3337; x_wconf 88' lang='lat' dir='ltr'><strong>recreant</strong></span> <span class='ocrx_word' id='word_1_453' title='bbox 970 3291 1025 3337; x_wconf 90' lang='lat' dir='ltr'><strong>et</strong></span> <span class='ocrx_word' id='word_1_454' title='bbox 1054 3284 1370 3349; x_wconf 80' lang='lat' dir='ltr'><strong>exhilarant,</strong></span> <span class='ocrx_word' id='word_1_455' title='bbox 1404 3284 1765 3353; x_wconf 88' lang='lat' dir='ltr'><strong>unusquisque</strong></span> <span class='ocrx_word' id='word_1_456' title='bbox 1790 3299 1909 3337; x_wconf 90' lang='lat' dir='ltr'><strong>cum</strong></span> <span class='ocrx_word' id='word_1_457' title='bbox 1943 3298 1973 3338; x_wconf 93' lang='lat' dir='ltr'><strong>e</strong></span> <span class='ocrx_word' id='word_1_458' title='bbox 1998 3297 2090 3335; x_wconf 85' lang='lat' dir='ltr'><strong>sua</strong></span> <span class='ocrx_word' id='word_1_459' title='bbox 2119 3283 2255 3337; x_wconf 84' lang='lat' dir='ltr'><strong>cella</strong></span> 
     </span>
    </p>
   </div>
   <div class='ocr_carea' id='block_1_66' title="bbox 688 3372 2255 3445">
    <p class='ocr_par' dir='ltr' id='par_1_66' title="bbox 688 3372 2255 3445">
     <span class='ocr_line' id='line_1_66' title="bbox 688 3372 2255 3445; baseline 0.003 -18"><span class='ocrx_word' id='word_1_460' title='bbox 688 3372 899 3428; x_wconf 90' lang='lat' dir='ltr'><strong>ovillam</strong></span> <span class='ocrx_word' id='word_1_461' title='bbox 923 3388 1072 3428; x_wconf 86' lang='lat' dir='ltr'><strong>suam</strong></span> <span class='ocrx_word' id='word_1_462' title='bbox 1104 3376 1297 3445; x_wconf 89' lang='lat' dir='ltr'><strong>pellem</strong></span> <span class='ocrx_word' id='word_1_463' title='bbox 1339 3386 1430 3431; x_wconf 90' lang='lat' dir='ltr'><strong>aut</strong></span> <span class='ocrx_word' id='word_1_464' title='bbox 1459 3387 1694 3445; x_wconf 86' lang='lat' dir='ltr'><strong>spartam</strong></span> <span class='ocrx_word' id='word_1_465' title='bbox 1744 3391 1878 3445; x_wconf 91' lang='lat' dir='ltr'><strong>pane</strong></span> <span class='ocrx_word' id='word_1_466' title='bbox 1921 3377 2005 3431; x_wconf 90' lang='lat' dir='ltr'><strong>vel</strong></span> <span class='ocrx_word' id='word_1_467' title='bbox 2047 3376 2255 3431; x_wconf 64' lang='lat' dir='ltr'><strong>Cil&#39;Iel‘IS</strong></span> 
     </span>
    </p>
   </div>
   <div class='ocr_carea' id='block_1_67' title="bbox 688 3465 2257 3532">
    <p class='ocr_par' dir='ltr' id='par_1_67' title="bbox 688 3465 2257 3532">
     <span class='ocr_line' id='line_1_67' title="bbox 688 3465 2257 3532; baseline 0.001 -14"><span class='ocrx_word' id='word_1_468' title='bbox 688 3465 956 3531; x_wconf 87' lang='lat' dir='ltr'><strong>implesset</strong></span> <span class='ocrx_word' id='word_1_469' title='bbox 987 3468 1323 3531; x_wconf 65' lang='lat' dir='ltr'><strong>necessariis,</strong></span> <span class='ocrx_word' id='word_1_470' title='bbox 1352 3466 1659 3521; x_wconf 83' lang='lat' dir='ltr'><strong>deferebant</strong></span> <span class='ocrx_word' id='word_1_471' title='bbox 1701 3468 1767 3521; x_wconf 91' lang='lat' dir='ltr'><strong>ad</strong></span> <span class='ocrx_word' id='word_1_472' title='bbox 1798 3482 1961 3521; x_wconf 90' lang='lat' dir='ltr'><strong>novas</strong></span> <span class='ocrx_word' id='word_1_473' title='bbox 1987 3466 2170 3532; x_wconf 83' lang='lat' dir='ltr'><strong>cellas,</strong></span> <span class='ocrx_word' id='word_1_474' title='bbox 2198 3474 2257 3520; x_wconf 91' lang='lat' dir='ltr'><strong>ut</strong></span> 
     </span>
    </p>
   </div>
   <div class='ocr_carea' id='block_1_68' title="bbox 688 3553 2253 3625">
    <p class='ocr_par' dir='ltr' id='par_1_68' title="bbox 688 3553 2253 3625">
     <span class='ocr_line' id='line_1_68' title="bbox 688 3553 2253 3625; baseline 0.001 -19"><span class='ocrx_word' id='word_1_475' title='bbox 688 3553 819 3606; x_wconf 91' lang='lat' dir='ltr'><strong>nulli</strong></span> <span class='ocrx_word' id='word_1_476' title='bbox 847 3562 967 3607; x_wconf 92' lang='lat' dir='ltr'><strong>nota</strong></span> <span class='ocrx_word' id='word_1_477' title='bbox 994 3564 1137 3611; x_wconf 87' lang='lat' dir='ltr'><strong>esset</strong></span> <span class='ocrx_word' id='word_1_478' title='bbox 1168 3555 1578 3625; x_wconf 83' lang='lat' dir='ltr'><strong>uniuscujusque</strong></span> <span class='ocrx_word' id='word_1_479' title='bbox 1621 3556 1836 3609; x_wconf 81' lang='lat' dir='ltr'><strong>oblatio.</strong></span> <span class='ocrx_word' id='word_1_480' title='bbox 1863 3556 2033 3610; x_wconf 87' lang='lat' dir='ltr'><strong>Noctu</strong></span> <span class='ocrx_word' id='word_1_481' title='bbox 2077 3567 2253 3608; x_wconf 88' lang='lat' dir='ltr'><strong>autem</strong></span> 
     </span>
    </p>
   </div>
   <div class='ocr_carea' id='block_1_69' title="bbox 688 3645 2255 3713">
    <p class='ocr_par' dir='ltr' id='par_1_69' title="bbox 688 3645 2255 3713">
     <span class='ocr_line' id='line_1_69' title="bbox 688 3645 2255 3713; baseline 0.001 -15"><span class='ocrx_word' id='word_1_482' title='bbox 688 3645 966 3699; x_wconf 86' lang='lat' dir='ltr'><strong>venientes</strong></span> <span class='ocrx_word' id='word_1_483' title='bbox 994 3645 1278 3700; x_wconf 90' lang='lat' dir='ltr'><strong>habitaturi</strong></span> <span class='ocrx_word' id='word_1_484' title='bbox 1307 3661 1430 3701; x_wconf 88' lang='lat' dir='ltr'><strong>suas</strong></span> <span class='ocrx_word' id='word_1_485' title='bbox 1456 3647 1643 3713; x_wconf 77' lang='lat' dir='ltr'><strong>cellas,</strong></span> <span class='ocrx_word' id='word_1_486' title='bbox 1673 3655 1892 3713; x_wconf 88' lang='lat' dir='ltr'><strong>repente</strong></span> <span class='ocrx_word' id='word_1_487' title='bbox 1916 3647 2255 3702; x_wconf 89' lang='lat' dir='ltr'><strong>inveniebant</strong></span> 
     </span>
    </p>
   </div>
   <div class='ocr_carea' id='block_1_70' title="bbox 668 3736 2250 3815">
    <p class='ocr_par' dir='ltr' id='par_1_70' title="bbox 668 3736 2250 3815">
     <span class='ocr_line' id='line_1_70' title="bbox 668 3736 2250 3815; baseline 0.003 -27"><span class='ocrx_word' id='word_1_488' title='bbox 668 3736 857 3815; x_wconf 45' lang='lat' dir='ltr'><strong>.omnia</strong></span> <span class='ocrx_word' id='word_1_489' title='bbox 882 3740 1207 3793; x_wconf 89' lang='lat' dir='ltr'><strong>necessaria.</strong></span> <span class='ocrx_word' id='word_1_490' title='bbox 1234 3739 1378 3792; x_wconf 82' lang='lat' dir='ltr'><strong>Multi</strong></span> <span class='ocrx_word' id='word_1_491' title='bbox 1404 3746 1581 3793; x_wconf 91' lang='lat' dir='ltr'><strong>autem</strong></span> <span class='ocrx_word' id='word_1_492' title='bbox 1608 3754 1676 3794; x_wconf 84' lang='lat' dir='ltr'><strong>ex</strong></span> <span class='ocrx_word' id='word_1_493' title='bbox 1704 3740 1831 3807; x_wconf 91' lang='lat' dir='ltr'><strong>ipsis</strong></span> <span class='ocrx_word' id='word_1_494' title='bbox 1857 3755 2030 3808; x_wconf 91' lang='lat' dir='ltr'><strong>neque</strong></span> <span class='ocrx_word' id='word_1_495' title='bbox 2058 3754 2250 3806; x_wconf 88' lang='lat' dir='ltr'><strong>panem</strong></span> 
     </span>
    </p>
   </div>
   <div class='ocr_carea' id='block_1_71' title="bbox 670 3827 2248 3899">
    <p class='ocr_par' dir='ltr' id='par_1_71' title="bbox 670 3827 2248 3899">
     <span class='ocr_line' id='line_1_71' title="bbox 670 3827 2248 3899; baseline 0.003 -20"><span class='ocrx_word' id='word_1_496' title='bbox 670 3827 1033 3882; x_wconf 84' lang='lat' dir='ltr'><strong>’comedebanl</strong></span> <span class='ocrx_word' id='word_1_497' title='bbox 1065 3843 1161 3884; x_wconf 81' lang='lat' dir='ltr'><strong>nec</strong></span> <span class='ocrx_word' id='word_1_498' title='bbox 1209 3829 1429 3894; x_wconf 86' lang='lat' dir='ltr'><strong>fructus,</strong></span> <span class='ocrx_word' id='word_1_499' title='bbox 1462 3829 1554 3883; x_wconf 90' lang='lat' dir='ltr'><strong>sed</strong></span> <span class='ocrx_word' id='word_1_500' title='bbox 1594 3829 1762 3883; x_wconf 87' lang='lat' dir='ltr'><strong>solum</strong></span> <span class='ocrx_word' id='word_1_501' title='bbox 1795 3828 1974 3899; x_wconf 88' lang='lat' dir='ltr'><strong>intyba</strong></span> <span class='ocrx_word' id='word_1_502' title='bbox 1998 3829 2248 3898; x_wconf 82' lang='lat' dir='ltr'><strong>agrestia.</strong></span> 
     </span>
    </p>
   </div>
   <div class='ocr_carea' id='block_1_72' title="bbox 685 3916 2249 3986">
    <p class='ocr_par' dir='ltr' id='par_1_72' title="bbox 685 3916 2249 3986">
     <span class='ocr_line' id='line_1_72' title="bbox 685 3916 2249 3986; baseline 0.001 -17"><span class='ocrx_word' id='word_1_503' title='bbox 685 3916 908 3983; x_wconf 82' lang='lat' dir='ltr'><strong>Quidam</strong></span> <span class='ocrx_word' id='word_1_504' title='bbox 955 3931 1130 3972; x_wconf 87' lang='lat' dir='ltr'><strong>autem</strong></span> <span class='ocrx_word' id='word_1_505' title='bbox 1157 3934 1220 3972; x_wconf 81' lang='lat' dir='ltr'><strong>ex</strong></span> <span class='ocrx_word' id='word_1_506' title='bbox 1252 3918 1379 3986; x_wconf 90' lang='lat' dir='ltr'><strong>ipsis</strong></span> <span class='ocrx_word' id='word_1_507' title='bbox 1411 3929 1517 3973; x_wconf 84' lang='lat' dir='ltr'><strong>tota</strong></span> <span class='ocrx_word' id='word_1_508' title='bbox 1565 3929 1719 3973; x_wconf 91' lang='lat' dir='ltr'><strong>nocte</strong></span> <span class='ocrx_word' id='word_1_509' title='bbox 1746 3936 1851 3972; x_wconf 88' lang='lat' dir='ltr'><strong>non</strong></span> <span class='ocrx_word' id='word_1_510' title='bbox 1882 3920 2249 3986; x_wconf 89' lang='lat' dir='ltr'><strong>dormiebant;</strong></span> 
     </span>
    </p>
   </div>
   <div class='ocr_carea' id='block_1_73' title="bbox 684 4008 2254 4084">
    <p class='ocr_par' dir='ltr' id='par_1_73' title="bbox 684 4008 2254 4084">
     <span class='ocr_line' id='line_1_73' title="bbox 684 4008 2254 4084; baseline 0.003 -23"><span class='ocrx_word' id='word_1_511' title='bbox 684 4009 778 4063; x_wconf 87' lang='lat' dir='ltr'><strong>sed</strong></span> <span class='ocrx_word' id='word_1_512' title='bbox 805 4008 1050 4065; x_wconf 90' lang='lat' dir='ltr'><strong>sedentes</strong></span> <span class='ocrx_word' id='word_1_513' title='bbox 1078 4012 1163 4067; x_wconf 87' lang='lat' dir='ltr'><strong>vel</strong></span> <span class='ocrx_word' id='word_1_514' title='bbox 1204 4021 1404 4067; x_wconf 87' lang='lat' dir='ltr'><strong>stantes</strong></span> <span class='ocrx_word' id='word_1_515' title='bbox 1453 4027 1618 4080; x_wconf 91' lang='lat' dir='ltr'><strong>usque</strong></span> <span class='ocrx_word' id='word_1_516' title='bbox 1647 4012 1710 4067; x_wconf 91' lang='lat' dir='ltr'><strong>ad</strong></span> <span class='ocrx_word' id='word_1_517' title='bbox 1742 4026 1915 4080; x_wconf 85' lang='lat' dir='ltr'><strong>mane,</strong></span> <span class='ocrx_word' id='word_1_518' title='bbox 1939 4026 2254 4084; x_wconf 87' lang='lat' dir='ltr'><strong>persevera-</strong></span> 
     </span>
    </p>
   </div>
   <div class='ocr_carea' id='block_1_74' title="bbox 688 4102 1185 4158">
    <p class='ocr_par' dir='ltr' id='par_1_74' title="bbox 688 4102 1185 4158">
     <span class='ocr_line' id='line_1_74' title="bbox 688 4102 1185 4158; baseline 0.008 -4"><span class='ocrx_word' id='word_1_519' title='bbox 688 4102 813 4155; x_wconf 82' lang='lat' dir='ltr'><strong>bant</strong></span> <span class='ocrx_word' id='word_1_520' title='bbox 840 4102 891 4155; x_wconf 87' lang='lat' dir='ltr'><strong>in</strong></span> <span class='ocrx_word' id='word_1_521' title='bbox 921 4104 1185 4158; x_wconf 81' lang='lat' dir='ltr'><strong>oratione.</strong></span> 
     </span>
    </p>
   </div>
   <div class='ocr_carea' id='block_1_75' title="bbox 1242 4193 1692 4252">
    <p class='ocr_par' dir='ltr' id='par_1_75' title="bbox 1242 4193 1692 4252">
     <span class='ocr_line' id='line_1_75' title="bbox 1242 4193 1692 4252; baseline -0.002 -1"><span class='ocrx_word' id='word_1_522' title='bbox 1242 4193 1468 4252; x_wconf 82' lang='lat' dir='ltr'><strong>CAPUT</strong></span> <span class='ocrx_word' id='word_1_523' title='bbox 1508 4194 1692 4250; x_wconf 76' lang='lat' dir='ltr'><strong>LXXI.</strong></span> 
     </span>
    </p>
   </div>
   <div class='ocr_carea' id='block_1_76' title="bbox 693 4282 2247 4356">
    <p class='ocr_par' dir='ltr' id='par_1_76' title="bbox 693 4282 2247 4356">
     <span class='ocr_line' id='line_1_76' title="bbox 693 4282 2247 4356; baseline -0.001 -19"><span class='ocrx_word' id='word_1_524' title='bbox 693 4282 809 4337; x_wconf 82' lang='lat' dir='ltr'><strong>Vita</strong></span> <span class='ocrx_word' id='word_1_525' title='bbox 833 4283 1025 4338; x_wconf 81' lang='lat' dir='ltr'><strong>abbatis</strong></span> <span class='ocrx_word' id='word_1_526' title='bbox 1048 4282 1240 4339; x_wconf 80' lang='lat' dir='ltr'><strong>Isidori</strong></span> <span class='ocrx_word' id='word_1_527' title='bbox 1260 4287 1309 4356; x_wconf 88' lang='lat' dir='ltr'><strong>(I</strong></span> <span class='ocrx_word' id='word_1_528' title='bbox 1328 4286 1409 4354; x_wconf 80' lang='grc' dir='ltr'><strong>Π)</strong></span> <span class='ocrx_word' id='word_1_529' title='bbox 1430 4296 1474 4339; x_wconf 89' lang='lat' dir='ltr'><strong>et</strong></span> <span class='ocrx_word' id='word_1_530' title='bbox 1501 4301 1673 4339; x_wconf 88' lang='lat' dir='ltr'><strong>eorum</strong></span> <span class='ocrx_word' id='word_1_531' title='bbox 1697 4286 1785 4356; x_wconf 83' lang='lat' dir='ltr'><strong>qui</strong></span> <span class='ocrx_word' id='word_1_532' title='bbox 1810 4294 1953 4338; x_wconf 89' lang='lat' dir='ltr'><strong>erant</strong></span> <span class='ocrx_word' id='word_1_533' title='bbox 1978 4300 2093 4337; x_wconf 88' lang='lat' dir='ltr'><strong>cum</strong></span> <span class='ocrx_word' id='word_1_534' title='bbox 2116 4289 2247 4351; x_wconf 77' lang='lat' dir='ltr'><strong>ipso.</strong></span> 
     </span>
    </p>
   </div>
   <div class='ocr_carea' id='block_1_77' title="bbox 758 4375 2248 4443">
    <p class='ocr_par' dir='ltr' id='par_1_77' title="bbox 758 4375 2248 4443">
     <span class='ocr_line' id='line_1_77' title="bbox 758 4375 2248 4443; baseline 0 -17"><span class='ocrx_word' id='word_1_535' title='bbox 758 4375 994 4430; x_wconf 81' lang='lat' dir='ltr'><strong>Vidimus</strong></span> <span class='ocrx_word' id='word_1_536' title='bbox 1016 4386 1189 4431; x_wconf 90' lang='lat' dir='ltr'><strong>autem</strong></span> <span class='ocrx_word' id='word_1_537' title='bbox 1214 4377 1264 4430; x_wconf 92' lang='lat' dir='ltr'><strong>in</strong></span> <span class='ocrx_word' id='word_1_538' title='bbox 1283 4378 1552 4431; x_wconf 86' lang='lat' dir='ltr'><strong>Thebaide</strong></span> <span class='ocrx_word' id='word_1_539' title='bbox 1572 4377 1949 4431; x_wconf 90' lang='lat' dir='ltr'><strong>monasterium</strong></span> <span class='ocrx_word' id='word_1_540' title='bbox 1975 4377 2248 4443; x_wconf 89' lang='lat' dir='ltr'><strong>cujusdam</strong></span> 
     </span>
    </p>
   </div>
   <div class='ocr_carea' id='block_1_78' title="bbox 687 4464 2246 4535">
    <p class='ocr_par' dir='ltr' id='par_1_78' title="bbox 687 4464 2246 4535">
     <span class='ocr_line' id='line_1_78' title="bbox 687 4464 2246 4535; baseline -0.002 -18"><span class='ocrx_word' id='word_1_541' title='bbox 687 4465 864 4535; x_wconf 86' lang='lat' dir='ltr'><strong>magni</strong></span> <span class='ocrx_word' id='word_1_542' title='bbox 895 4464 1102 4528; x_wconf 88' lang='lat' dir='ltr'><strong>Isidori,</strong></span> <span class='ocrx_word' id='word_1_543' title='bbox 1157 4465 1297 4534; x_wconf 87' lang='lat' dir='ltr'><strong>quod</strong></span> <span class='ocrx_word' id='word_1_544' title='bbox 1347 4466 1487 4519; x_wconf 83' lang='lat' dir='ltr'><strong>intus</strong></span> <span class='ocrx_word' id='word_1_545' title='bbox 1517 4466 1741 4519; x_wconf 89' lang='lat' dir='ltr'><strong>habebat</strong></span> <span class='ocrx_word' id='word_1_546' title='bbox 1770 4466 1914 4521; x_wconf 89' lang='lat' dir='ltr'><strong>mille</strong></span> <span class='ocrx_word' id='word_1_547' title='bbox 1958 4464 2246 4518; x_wconf 85' lang='lat' dir='ltr'><strong>monachos</strong></span> 
     </span>
    </p>
   </div>
   <div class='ocr_carea' id='block_1_79' title="bbox 3067 3280 3228 3324">
    <p class='ocr_par' dir='ltr' id='par_1_79' title="bbox 3067 3280 3228 3324">
     <span class='ocr_line' id='line_1_79' title="bbox 3067 3280 3228 3324; baseline -0.019 0"><span class='ocrx_word' id='word_1_548' title='bbox 3067 3280 3228 3324; x_wconf 82' lang='lat' dir='ltr'><strong>erant.</strong></span> 
     </span>
    </p>
   </div>
   <div class='ocr_carea' id='block_1_80' title="bbox 2429 3357 3916 3419">
    <p class='ocr_par' dir='ltr' id='par_1_80' title="bbox 2429 3357 3916 3419">
     <span class='ocr_line' id='line_1_80' title="bbox 2429 3357 3916 3419; baseline -0.007 0"><span class='ocrx_word' id='word_1_549' title='bbox 2429 3365 2667 3419; x_wconf 90' lang='lat' dir='ltr'><strong>Vidimus</strong></span> <span class='ocrx_word' id='word_1_550' title='bbox 2695 3376 2869 3418; x_wconf 90' lang='lat' dir='ltr'><strong>autem</strong></span> <span class='ocrx_word' id='word_1_551' title='bbox 2902 3363 2953 3416; x_wconf 90' lang='lat' dir='ltr'><strong>in</strong></span> <span class='ocrx_word' id='word_1_552' title='bbox 2985 3360 3260 3416; x_wconf 86' lang='lat' dir='ltr'><strong>Thebaide</strong></span> <span class='ocrx_word' id='word_1_553' title='bbox 3305 3359 3475 3413; x_wconf 88' lang='lat' dir='ltr'><strong>altum</strong></span> <span class='ocrx_word' id='word_1_554' title='bbox 3516 3369 3761 3413; x_wconf 86' lang='lat' dir='ltr'><strong>montem</strong></span> <span class='ocrx_word' id='word_1_555' title='bbox 3783 3357 3916 3412; x_wconf 59' lang='lat' dir='ltr'><strong>ﬂuvit.</strong></span> 
     </span>
    </p>
   </div>
   <div class='ocr_carea' id='block_1_81' title="bbox 2357 3450 3909 3522">
    <p class='ocr_par' dir='ltr' id='par_1_81' title="bbox 2357 3450 3909 3522">
     <span class='ocr_line' id='line_1_81' title="bbox 2357 3450 3909 3522; baseline -0.006 -11"><span class='ocrx_word' id='word_1_556' title='bbox 2357 3458 2742 3522; x_wconf 86' lang='lat' dir='ltr'><strong>imminentem,</strong></span> <span class='ocrx_word' id='word_1_557' title='bbox 2770 3454 2922 3509; x_wconf 91' lang='lat' dir='ltr'><strong>valde</strong></span> <span class='ocrx_word' id='word_1_558' title='bbox 2952 3452 3237 3507; x_wconf 88' lang='lat' dir='ltr'><strong>terribilem</strong></span> <span class='ocrx_word' id='word_1_559' title='bbox 3268 3461 3321 3505; x_wconf 93' lang='lat' dir='ltr'><strong>et</strong></span> <span class='ocrx_word' id='word_1_560' title='bbox 3352 3450 3718 3519; x_wconf 63' lang='lat' dir='ltr'><strong>precipitem,</strong></span> <span class='ocrx_word' id='word_1_561' title='bbox 3738 3459 3791 3503; x_wconf 84' lang='lat' dir='ltr'><strong>et</strong></span> <span class='ocrx_word' id='word_1_562' title='bbox 3814 3464 3909 3501; x_wconf 75' lang='lat' dir='ltr'><strong>tae-</strong></span> 
     </span>
    </p>
   </div>
   <div class='ocr_carea' id='block_1_82' title="bbox 2357 3537 3915 3612">
    <p class='ocr_par' dir='ltr' id='par_1_82' title="bbox 2357 3537 3915 3612">
     <span class='ocr_line' id='line_1_82' title="bbox 2357 3537 3915 3612; baseline -0.009 -8"><span class='ocrx_word' id='word_1_563' title='bbox 2357 3550 2553 3604; x_wconf 89' lang='lat' dir='ltr'><strong>nachos</strong></span> <span class='ocrx_word' id='word_1_564' title='bbox 2571 3548 2680 3601; x_wconf 89' lang='lat' dir='ltr'><strong>illic</strong></span> <span class='ocrx_word' id='word_1_565' title='bbox 2698 3547 2937 3600; x_wconf 87' lang='lat' dir='ltr'><strong>viventes</strong></span> <span class='ocrx_word' id='word_1_566' title='bbox 2964 3546 3013 3597; x_wconf 91' lang='lat' dir='ltr'><strong>in</strong></span> <span class='ocrx_word' id='word_1_567' title='bbox 3036 3541 3513 3612; x_wconf 75' lang='lat' dir='ltr'><strong>speluncis(Ru/7&#39;.,</strong></span> <span class='ocrx_word' id='word_1_568' title='bbox 3540 3542 3583 3595; x_wconf 84' lang='grc' dir='ltr'><strong>ι.</strong></span> <span class='ocrx_word' id='word_1_569' title='bbox 3612 3556 3672 3605; x_wconf 76' lang='grc' dir='ltr'><strong>ιι,</strong></span> <span class='ocrx_word' id='word_1_570' title='bbox 3688 3556 3803 3607; x_wconf 70' lang='lat' dir='ltr'><strong>cep.</strong></span> <span class='ocrx_word' id='word_1_571' title='bbox 3819 3537 3871 3591; x_wconf 80' lang='grc'><strong>51</strong></span> <span class='ocrx_word' id='word_1_572' title='bbox 3884 3544 3915 3605; x_wconf 86' lang='lat'><strong>).</strong></span> 
     </span>
    </p>
   </div>
   <div class='ocr_carea' id='block_1_83' title="bbox 2358 3628 3914 3703">
    <p class='ocr_par' dir='ltr' id='par_1_83' title="bbox 2358 3628 3914 3703">
     <span class='ocr_line' id='line_1_83' title="bbox 2358 3628 3914 3703; baseline -0.007 -12"><span class='ocrx_word' id='word_1_573' title='bbox 2358 3638 2555 3691; x_wconf 87' lang='lat' dir='ltr'><strong>Eorum</strong></span> <span class='ocrx_word' id='word_1_574' title='bbox 2602 3644 2777 3690; x_wconf 90' lang='lat' dir='ltr'><strong>autem</strong></span> <span class='ocrx_word' id='word_1_575' title='bbox 2811 3643 2960 3703; x_wconf 89' lang='lat' dir='ltr'><strong>pater</strong></span> <span class='ocrx_word' id='word_1_576' title='bbox 2996 3642 3113 3687; x_wconf 81' lang='lat' dir='ltr'><strong>erat</strong></span> <span class='ocrx_word' id='word_1_577' title='bbox 3156 3634 3374 3686; x_wconf 81' lang='lat' dir='ltr'><strong>nomine</strong></span> <span class='ocrx_word' id='word_1_578' title='bbox 3416 3632 3683 3701; x_wconf 79' lang='lat' dir='ltr'><strong>Pityrion,</strong></span> <span class='ocrx_word' id='word_1_579' title='bbox 3713 3631 3803 3699; x_wconf 88' lang='lat' dir='ltr'><strong>qui</strong></span> <span class='ocrx_word' id='word_1_580' title='bbox 3835 3628 3914 3681; x_wconf 70' lang='lat' dir='ltr'><strong>fuit</strong></span> 
     </span>
    </p>
   </div>
   <div class='ocr_carea' id='block_1_84' title="bbox 2356 3721 3909 3793">
    <p class='ocr_par' dir='ltr' id='par_1_84' title="bbox 2356 3721 3909 3793">
     <span class='ocr_line' id='line_1_84' title="bbox 2356 3721 3909 3793; baseline -0.006 -11"><span class='ocrx_word' id='word_1_581' title='bbox 2356 3742 2490 3782; x_wconf 90' lang='lat' dir='ltr'><strong>unus</strong></span> <span class='ocrx_word' id='word_1_582' title='bbox 2512 3743 2577 3782; x_wconf 81' lang='lat' dir='ltr'><strong>ex</strong></span> <span class='ocrx_word' id='word_1_583' title='bbox 2597 3726 2871 3793; x_wconf 90' lang='lat' dir='ltr'><strong>discipulis</strong></span> <span class='ocrx_word' id='word_1_584' title='bbox 2891 3724 3129 3789; x_wconf 86' lang='lat' dir='ltr'><strong>Antonii,</strong></span> <span class='ocrx_word' id='word_1_585' title='bbox 3156 3734 3207 3777; x_wconf 90' lang='lat' dir='ltr'><strong>et</strong></span> <span class='ocrx_word' id='word_1_586' title='bbox 3232 3723 3423 3776; x_wconf 86' lang='lat' dir='ltr'><strong>tertius</strong></span> <span class='ocrx_word' id='word_1_587' title='bbox 3449 3723 3541 3789; x_wconf 89' lang='lat' dir='ltr'><strong>qui</strong></span> <span class='ocrx_word' id='word_1_588' title='bbox 3574 3721 3725 3775; x_wconf 87' lang='lat' dir='ltr'><strong>illum</strong></span> <span class='ocrx_word' id='word_1_589' title='bbox 3762 3721 3909 3773; x_wconf 69' lang='lat' dir='ltr'><strong>locu</strong></span> 
     </span>
    </p>
   </div>
   <div class='ocr_carea' id='block_1_85' title="bbox 2354 3812 3914 3886">
    <p class='ocr_par' dir='ltr' id='par_1_85' title="bbox 2354 3812 3914 3886">
     <span class='ocr_line' id='line_1_85' title="bbox 2354 3812 3914 3886; baseline -0.006 -13"><span class='ocrx_word' id='word_1_590' title='bbox 2354 3819 2596 3885; x_wconf 77' lang='lat' dir='ltr'><strong>excepit;</strong></span> <span class='ocrx_word' id='word_1_591' title='bbox 2626 3817 2713 3885; x_wconf 92' lang='lat' dir='ltr'><strong>qui</strong></span> <span class='ocrx_word' id='word_1_592' title='bbox 2742 3815 2951 3886; x_wconf 90' lang='lat' dir='ltr'><strong>quidem</strong></span> <span class='ocrx_word' id='word_1_593' title='bbox 2980 3816 3171 3867; x_wconf 89' lang='lat' dir='ltr'><strong>multas</strong></span> <span class='ocrx_word' id='word_1_594' title='bbox 3192 3814 3417 3867; x_wconf 84' lang='lat' dir='ltr'><strong>virtutes</strong></span> <span class='ocrx_word' id='word_1_595' title='bbox 3442 3812 3734 3876; x_wconf 77' lang='lat' dir='ltr'><strong>efficiebat,</strong></span> <span class='ocrx_word' id='word_1_596' title='bbox 3757 3812 3914 3864; x_wconf 59' lang='lat' dir='ltr'><strong>eten-</strong></span> 
     </span>
    </p>
   </div>
   <div class='ocr_carea' id='block_1_86' title="bbox 2353 3903 3912 3978">
    <p class='ocr_par' dir='ltr' id='par_1_86' title="bbox 2353 3903 3912 3978">
     <span class='ocr_line' id='line_1_86' title="bbox 2353 3903 3912 3978; baseline -0.008 -13"><span class='ocrx_word' id='word_1_597' title='bbox 2353 3912 2551 3965; x_wconf 87' lang='lat' dir='ltr'><strong>caciler</strong></span> <span class='ocrx_word' id='word_1_598' title='bbox 2579 3911 2795 3978; x_wconf 85' lang='lat' dir='ltr'><strong>spiritus</strong></span> <span class='ocrx_word' id='word_1_599' title='bbox 2850 3905 3169 3975; x_wconf 79' lang='lat' dir='ltr'><strong>expellebat.</strong></span> <span class='ocrx_word' id='word_1_600' title='bbox 3218 3904 3352 3958; x_wconf 89' lang='lat' dir='ltr'><strong>Cum</strong></span> <span class='ocrx_word' id='word_1_601' title='bbox 3391 3903 3539 3958; x_wconf 88' lang='lat' dir='ltr'><strong>enim</strong></span> <span class='ocrx_word' id='word_1_602' title='bbox 3590 3904 3912 3957; x_wconf 73' lang='lat' dir='ltr'><strong>successisset</strong></span> 
     </span>
    </p>
   </div>
   <div class='ocr_carea' id='block_1_87' title="bbox 2355 3996 3909 4071">
    <p class='ocr_par' dir='ltr' id='par_1_87' title="bbox 2355 3996 3909 4071">
     <span class='ocr_line' id='line_1_87' title="bbox 2355 3996 3909 4071; baseline -0.01 -13"><span class='ocrx_word' id='word_1_603' title='bbox 2355 4003 2585 4058; x_wconf 87' lang='lat' dir='ltr'><strong>Antonio</strong></span> <span class='ocrx_word' id='word_1_604' title='bbox 2633 4014 2687 4057; x_wconf 92' lang='lat' dir='ltr'><strong>et</strong></span> <span class='ocrx_word' id='word_1_605' title='bbox 2733 4002 2848 4071; x_wconf 89' lang='lat' dir='ltr'><strong>ejus</strong></span> <span class='ocrx_word' id='word_1_606' title='bbox 2894 3998 3158 4065; x_wconf 89' lang='lat' dir='ltr'><strong>discipulo</strong></span> <span class='ocrx_word' id='word_1_607' title='bbox 3198 3996 3503 4062; x_wconf 71' lang='lat' dir='ltr'><strong>Ammonze,</strong></span> <span class='ocrx_word' id='word_1_608' title='bbox 3551 3997 3748 4049; x_wconf 85' lang='lat' dir='ltr'><strong>merito</strong></span> <span class='ocrx_word' id='word_1_609' title='bbox 3772 3998 3909 4048; x_wconf 67' lang='lat' dir='ltr'><strong>etiam</strong></span> 
     </span>
    </p>
   </div>
   <div class='ocr_carea' id='block_1_88' title="bbox 2354 4085 3907 4153">
    <p class='ocr_par' dir='ltr' id='par_1_88' title="bbox 2354 4085 3907 4153">
     <span class='ocr_line' id='line_1_88' title="bbox 2354 4085 3907 4153; baseline -0.008 -6"><span class='ocrx_word' id='word_1_610' title='bbox 2354 4093 2614 4147; x_wconf 87' lang='lat' dir='ltr'><strong>successit</strong></span> <span class='ocrx_word' id='word_1_611' title='bbox 2653 4090 2944 4145; x_wconf 67' lang='lat' dir='ltr'><strong>ha‘reditati</strong></span> <span class='ocrx_word' id='word_1_612' title='bbox 2996 4090 3252 4141; x_wconf 77' lang='lat' dir='ltr'><strong>donorum</strong></span> <span class='ocrx_word' id='word_1_613' title='bbox 3297 4102 3310 4139; x_wconf 92' lang='lat'><strong>:</strong></span> <span class='ocrx_word' id='word_1_614' title='bbox 3344 4086 3435 4153; x_wconf 88' lang='lat' dir='ltr'><strong>qui</strong></span> <span class='ocrx_word' id='word_1_615' title='bbox 3488 4087 3693 4139; x_wconf 83' lang='lat' dir='ltr'><strong>multos</strong></span> <span class='ocrx_word' id='word_1_616' title='bbox 3720 4085 3907 4153; x_wconf 56' lang='lat' dir='ltr'><strong>quib-1</strong></span> 
     </span>
    </p>
   </div>
   <div class='ocr_carea' id='block_1_89' title="bbox 2359 4179 3909 4254">
    <p class='ocr_par' dir='ltr' id='par_1_89' title="bbox 2359 4179 3909 4254">
     <span class='ocr_line' id='line_1_89' title="bbox 2359 4179 3909 4254; baseline -0.005 -15"><span class='ocrx_word' id='word_1_617' title='bbox 2359 4187 2496 4239; x_wconf 85' lang='lat' dir='ltr'><strong>alios</strong></span> <span class='ocrx_word' id='word_1_618' title='bbox 2514 4186 2882 4254; x_wconf 83' lang='lat' dir='ltr'><strong>quoque-apud</strong></span> <span class='ocrx_word' id='word_1_619' title='bbox 2902 4196 3001 4236; x_wconf 87' lang='lat' dir='ltr'><strong>nos</strong></span> <span class='ocrx_word' id='word_1_620' title='bbox 3013 4180 3201 4237; x_wconf 82' lang='lat' dir='ltr'><strong>habuit</strong></span> <span class='ocrx_word' id='word_1_621' title='bbox 3214 4180 3669 4249; x_wconf 77' lang='lat' dir='ltr'><strong>semones,—qnin</strong></span> <span class='ocrx_word' id='word_1_622' title='bbox 3685 4180 3831 4233; x_wconf 74' lang='lat' dir='ltr'><strong>etiam</strong></span> <span class='ocrx_word' id='word_1_623' title='bbox 3852 4179 3909 4231; x_wconf 74' lang='lat' dir='ltr'><strong>de</strong></span> 
     </span>
    </p>
   </div>
   <div class='ocr_carea' id='block_1_90' title="bbox 2355 4271 3909 4341">
    <p class='ocr_par' dir='ltr' id='par_1_90' title="bbox 2355 4271 3909 4341">
     <span class='ocr_line' id='line_1_90' title="bbox 2355 4271 3909 4341; baseline -0.005 -11"><span class='ocrx_word' id='word_1_624' title='bbox 2355 4276 2679 4331; x_wconf 87' lang='lat' dir='ltr'><strong>discretione</strong></span> <span class='ocrx_word' id='word_1_625' title='bbox 2708 4275 2987 4341; x_wconf 86' lang='lat' dir='ltr'><strong>spirituum</strong></span> <span class='ocrx_word' id='word_1_626' title='bbox 3016 4283 3262 4326; x_wconf 89' lang='lat' dir='ltr'><strong>accurate</strong></span> <span class='ocrx_word' id='word_1_627' title='bbox 3291 4271 3570 4335; x_wconf 84' lang='lat' dir='ltr'><strong>disseruit,</strong></span> <span class='ocrx_word' id='word_1_628' title='bbox 3603 4272 3784 4325; x_wconf 74' lang='lat' dir='ltr'><strong>dicens</strong></span> <span class='ocrx_word' id='word_1_629' title='bbox 3804 4284 3909 4323; x_wconf 64' lang='lat' dir='ltr'><strong>esse</strong></span> 
     </span>
    </p>
   </div>
   <div class='ocr_carea' id='block_1_91' title="bbox 2352 4362 3905 4437">
    <p class='ocr_par' dir='ltr' id='par_1_91' title="bbox 2352 4362 3905 4437">
     <span class='ocr_line' id='line_1_91' title="bbox 2352 4362 3905 4437; baseline -0.005 -17"><span class='ocrx_word' id='word_1_630' title='bbox 2352 4368 2557 4437; x_wconf 90' lang='lat' dir='ltr'><strong>aliquos</strong></span> <span class='ocrx_word' id='word_1_631' title='bbox 2581 4367 2851 4420; x_wconf 65' lang='lat' dir='ltr'><strong>daemones</strong></span> <span class='ocrx_word' id='word_1_632' title='bbox 2882 4363 2968 4432; x_wconf 87' lang='lat' dir='ltr'><strong>qui</strong></span> <span class='ocrx_word' id='word_1_633' title='bbox 2994 4371 3283 4431; x_wconf 88' lang='lat' dir='ltr'><strong>sequuntur</strong></span> <span class='ocrx_word' id='word_1_634' title='bbox 3306 4362 3469 4414; x_wconf 87' lang='lat' dir='ltr'><strong>animi</strong></span> <span class='ocrx_word' id='word_1_635' title='bbox 3492 4376 3692 4421; x_wconf 65' lang='lat' dir='ltr'><strong>vnctus.</strong></span> <span class='ocrx_word' id='word_1_636' title='bbox 3719 4370 3773 4415; x_wconf 84' lang='lat' dir='ltr'><strong>et</strong></span> <span class='ocrx_word' id='word_1_637' title='bbox 3795 4374 3905 4412; x_wconf 74' lang='lat' dir='ltr'><strong>eas-</strong></span> 
     </span>
    </p>
   </div>
   <div class='ocr_carea' id='block_1_92' title="bbox 2362 4452 3907 4521">
    <p class='ocr_par' dir='ltr' id='par_1_92' title="bbox 2362 4452 3907 4521">
     <span class='ocr_line' id='line_1_92' title="bbox 2362 4452 3907 4521; baseline -0.006 -9"><span class='ocrx_word' id='word_1_638' title='bbox 2362 4467 2474 4512; x_wconf 85' lang='lat' dir='ltr'><strong>tras</strong></span> <span class='ocrx_word' id='word_1_639' title='bbox 2504 4457 2810 4510; x_wconf 70' lang='lat' dir='ltr'><strong>affectiones</strong></span> <span class='ocrx_word' id='word_1_640' title='bbox 2839 4454 2903 4508; x_wconf 91' lang='lat' dir='ltr'><strong>ad</strong></span> <span class='ocrx_word' id='word_1_641' title='bbox 2931 4454 3123 4507; x_wconf 91' lang='lat' dir='ltr'><strong>malum</strong></span> <span class='ocrx_word' id='word_1_642' title='bbox 3148 4466 3291 4521; x_wconf 62' lang='lat' dir='ltr'><strong>saepe</strong></span> <span class='ocrx_word' id='word_1_643' title='bbox 3309 4460 3652 4505; x_wconf 87' lang='lat' dir='ltr'><strong>convertunt.</strong></span> <span class='ocrx_word' id='word_1_644' title='bbox 3681 4452 3907 4519; x_wconf 73' lang='lat' dir='ltr'><strong>Quisquis</strong></span> 
     </span>
    </p>
   </div>
   <div class='ocr_carea' id='block_1_93' title="bbox 683 4543 3895 4629">
    <p class='ocr_par' dir='ltr' id='par_1_93' title="bbox 683 4543 3895 4629">
     <span class='ocr_line' id='line_1_93' title="bbox 683 4543 3895 4629; baseline -0.002 -20"><span class='ocrx_word' id='word_1_645' title='bbox 683 4556 875 4624; x_wconf 61' lang='lat' dir='ltr'><strong>(lin/ﬁ,</strong></span> <span class='ocrx_word' id='word_1_646' title='bbox 904 4558 942 4611; x_wconf 84' lang='grc' dir='ltr'><strong>ι.</strong></span> <span class='ocrx_word' id='word_1_647' title='bbox 966 4572 1024 4623; x_wconf 86' lang='grc' dir='ltr'><strong>ιι,</strong></span> <span class='ocrx_word' id='word_1_648' title='bbox 1052 4574 1167 4624; x_wconf 86' lang='lat' dir='ltr'><strong>cap.</strong></span> <span class='ocrx_word' id='word_1_649' title='bbox 1204 4558 1312 4626; x_wconf 83' lang='lat' dir='ltr'><strong>I7).</strong></span> <span class='ocrx_word' id='word_1_650' title='bbox 1347 4557 1579 4612; x_wconf 84' lang='lat' dir='ltr'><strong>Habebat</strong></span> <span class='ocrx_word' id='word_1_651' title='bbox 1608 4566 1783 4613; x_wconf 91' lang='lat' dir='ltr'><strong>autem</strong></span> <span class='ocrx_word' id='word_1_652' title='bbox 1815 4559 1956 4613; x_wconf 88' lang='lat' dir='ltr'><strong>intus</strong></span> <span class='ocrx_word' id='word_1_653' title='bbox 1983 4567 2170 4629; x_wconf 81' lang='lat' dir='ltr'><strong>puteos</strong></span> <span class='ocrx_word' id='word_1_654' title='bbox 2200 4567 2251 4609; x_wconf 90' lang='lat' dir='ltr'><strong>et</strong></span> <span class='ocrx_word' id='word_1_655' title='bbox 2284 4548 2333 4608; x_wconf 85' lang='grc' dir='ltr'><strong>Ι)</strong></span> <span class='ocrx_word' id='word_1_656' title='bbox 2358 4565 2503 4616; x_wconf 77' lang='lat' dir='ltr'><strong>ergo,</strong></span> <span class='ocrx_word' id='word_1_657' title='bbox 2534 4564 2566 4601; x_wconf 90' lang='grc' dir='ltr'><strong>ο</strong></span> <span class='ocrx_word' id='word_1_658' title='bbox 2594 4548 2706 4613; x_wconf 88' lang='lat' dir='ltr'><strong>filii,</strong></span> <span class='ocrx_word' id='word_1_659' title='bbox 2739 4547 2949 4601; x_wconf 90' lang='lat' dir='ltr'><strong>dicebat</strong></span> <span class='ocrx_word' id='word_1_660' title='bbox 2970 4544 3016 4599; x_wconf 90' lang='lat' dir='ltr'><strong>is</strong></span> <span class='ocrx_word' id='word_1_661' title='bbox 3047 4545 3219 4607; x_wconf 88' lang='lat' dir='ltr'><strong>nobis,</strong></span> <span class='ocrx_word' id='word_1_662' title='bbox 3245 4545 3356 4597; x_wconf 90' lang='lat' dir='ltr'><strong>vult</strong></span> <span class='ocrx_word' id='word_1_663' title='bbox 3382 4544 3601 4612; x_wconf 79' lang='lat' dir='ltr'><strong>exigere</strong></span> <span class='ocrx_word' id='word_1_664' title='bbox 3627 4543 3895 4601; x_wconf 70' lang='lat' dir='ltr'><strong>datm-el.</strong></span> 
     </span>
    </p>
   </div>
   <div class='ocr_carea' id='block_1_94' title="bbox 684 4649 2248 4718">
    <p class='ocr_par' dir='ltr' id='par_1_94' title="bbox 684 4649 2248 4718">
     <span class='ocr_line' id='line_1_94' title="bbox 684 4649 2248 4718; baseline 0.001 -17"><span class='ocrx_word' id='word_1_665' title='bbox 684 4649 887 4712; x_wconf 91' lang='lat' dir='ltr'><strong>hortos,</strong></span> <span class='ocrx_word' id='word_1_666' title='bbox 905 4660 954 4702; x_wconf 89' lang='lat' dir='ltr'><strong>et</strong></span> <span class='ocrx_word' id='word_1_667' title='bbox 971 4663 1297 4718; x_wconf 74' lang='lat' dir='ltr'><strong>quaecunque</strong></span> <span class='ocrx_word' id='word_1_668' title='bbox 1313 4650 1507 4703; x_wconf 82' lang='lat' dir='ltr'><strong>suntad</strong></span> <span class='ocrx_word' id='word_1_669' title='bbox 1527 4664 1675 4703; x_wconf 90' lang='lat' dir='ltr'><strong>usum</strong></span> <span class='ocrx_word' id='word_1_670' title='bbox 1694 4651 2012 4715; x_wconf 66' lang='lat' dir='ltr'><strong>necessaria,</strong></span> <span class='ocrx_word' id='word_1_671' title='bbox 2036 4649 2248 4702; x_wconf 89' lang='lat' dir='ltr'><strong>nemine</strong></span> 
     </span>
    </p>
   </div>
   <div class='ocr_carea' id='block_1_95' title="bbox 687 4739 2250 4809">
    <p class='ocr_par' dir='ltr' id='par_1_95' title="bbox 687 4739 2250 4809">
     <span class='ocr_line' id='line_1_95' title="bbox 687 4739 2250 4809; baseline -0.001 -16"><span class='ocrx_word' id='word_1_672' title='bbox 687 4739 991 4809; x_wconf 81' lang='lat' dir='ltr'><strong>egrediente</strong></span> <span class='ocrx_word' id='word_1_673' title='bbox 1020 4751 1165 4794; x_wconf 80' lang='lat' dir='ltr'><strong>extra</strong></span> <span class='ocrx_word' id='word_1_674' title='bbox 1225 4742 1604 4795; x_wconf 88' lang='lat' dir='ltr'><strong>monasterium</strong></span> <span class='ocrx_word' id='word_1_675' title='bbox 1636 4757 1649 4792; x_wconf 91' lang='lat'><strong>:</strong></span> <span class='ocrx_word' id='word_1_676' title='bbox 1687 4744 1781 4794; x_wconf 89' lang='lat' dir='ltr'><strong>sed</strong></span> <span class='ocrx_word' id='word_1_677' title='bbox 1831 4752 1945 4795; x_wconf 91' lang='lat' dir='ltr'><strong>erat</strong></span> <span class='ocrx_word' id='word_1_678' title='bbox 1975 4741 2250 4809; x_wconf 82' lang='lat' dir='ltr'><strong>presbyter</strong></span> 
     </span>
    </p>
   </div>
   <div class='ocr_carea' id='block_1_96' title="bbox 679 4829 2247 4902">
    <p class='ocr_par' dir='ltr' id='par_1_96' title="bbox 679 4829 2247 4902">
     <span class='ocr_line' id='line_1_96' title="bbox 679 4829 2247 4902; baseline 0 -18"><span class='ocrx_word' id='word_1_679' title='bbox 679 4829 903 4901; x_wconf 89' lang='lat' dir='ltr'><strong>janitor,</strong></span> <span class='ocrx_word' id='word_1_680' title='bbox 930 4833 1017 4902; x_wconf 93' lang='lat' dir='ltr'><strong>qui</strong></span> <span class='ocrx_word' id='word_1_681' title='bbox 1045 4832 1244 4886; x_wconf 89' lang='lat' dir='ltr'><strong>nullum</strong></span> <span class='ocrx_word' id='word_1_682' title='bbox 1274 4832 1608 4899; x_wconf 85' lang='lat' dir='ltr'><strong>permittebat</strong></span> <span class='ocrx_word' id='word_1_683' title='bbox 1635 4833 1836 4900; x_wconf 82' lang='lat' dir='ltr'><strong>egredi,</strong></span> <span class='ocrx_word' id='word_1_684' title='bbox 1868 4847 2037 4900; x_wconf 89' lang='lat' dir='ltr'><strong>neque</strong></span> <span class='ocrx_word' id='word_1_685' title='bbox 2084 4835 2247 4885; x_wconf 88' lang='lat' dir='ltr'><strong>alium</strong></span> 
     </span>
    </p>
   </div>
   <div class='ocr_carea' id='block_1_97' title="bbox 662 4916 2245 4991">
    <p class='ocr_par' dir='ltr' id='par_1_97' title="bbox 662 4916 2245 4991">
     <span class='ocr_line' id='line_1_97' title="bbox 662 4916 2245 4991; baseline 0.001 -20"><span class='ocrx_word' id='word_1_686' title='bbox 662 4916 912 4987; x_wconf 79' lang='lat' dir='ltr'><strong>&#39;ingredi,</strong></span> <span class='ocrx_word' id='word_1_687' title='bbox 943 4930 1293 4988; x_wconf 72' lang='lat' dir='ltr'><strong>praeterquam</strong></span> <span class='ocrx_word' id='word_1_688' title='bbox 1324 4919 1366 4973; x_wconf 89' lang='lat' dir='ltr'><strong>si</strong></span> <span class='ocrx_word' id='word_1_689' title='bbox 1393 4925 1512 4991; x_wconf 90' lang='lat' dir='ltr'><strong>quis</strong></span> <span class='ocrx_word' id='word_1_690' title='bbox 1540 4922 1693 4974; x_wconf 89' lang='lat' dir='ltr'><strong>vellet</strong></span> <span class='ocrx_word' id='word_1_691' title='bbox 1728 4934 1895 4989; x_wconf 89' lang='lat' dir='ltr'><strong>usque</strong></span> <span class='ocrx_word' id='word_1_692' title='bbox 1926 4920 1990 4973; x_wconf 88' lang='lat' dir='ltr'><strong>ad</strong></span> <span class='ocrx_word' id='word_1_693' title='bbox 2016 4930 2245 4974; x_wconf 89' lang='lat' dir='ltr'><strong>mortem</strong></span> 
     </span>
    </p>
   </div>
   <div class='ocr_carea' id='block_1_98' title="bbox 682 5009 2245 5081">
    <p class='ocr_par' dir='ltr' id='par_1_98' title="bbox 682 5009 2245 5081">
     <span class='ocr_line' id='line_1_98' title="bbox 682 5009 2245 5081; baseline 0.001 -19"><span class='ocrx_word' id='word_1_694' title='bbox 682 5009 788 5062; x_wconf 89' lang='lat' dir='ltr'><strong>illic</strong></span> <span class='ocrx_word' id='word_1_695' title='bbox 826 5024 1137 5078; x_wconf 90' lang='lat' dir='ltr'><strong>permanere</strong></span> <span class='ocrx_word' id='word_1_696' title='bbox 1167 5025 1422 5081; x_wconf 90' lang='lat' dir='ltr'><strong>nusquam</strong></span> <span class='ocrx_word' id='word_1_697' title='bbox 1456 5010 1819 5079; x_wconf 88' lang='lat' dir='ltr'><strong>progrediens.</strong></span> <span class='ocrx_word' id='word_1_698' title='bbox 1876 5009 2041 5063; x_wconf 88' lang='lat' dir='ltr'><strong>Porro</strong></span> <span class='ocrx_word' id='word_1_699' title='bbox 2069 5018 2245 5063; x_wconf 87' lang='lat' dir='ltr'><strong>autem</strong></span> 
     </span>
    </p>
   </div>
   <div class='ocr_carea' id='block_1_99' title="bbox 680 5097 2245 5168">
    <p class='ocr_par' dir='ltr' id='par_1_99' title="bbox 680 5097 2245 5168">
     <span class='ocr_line' id='line_1_99' title="bbox 680 5097 2245 5168; baseline -0.001 -17"><span class='ocrx_word' id='word_1_700' title='bbox 680 5112 774 5151; x_wconf 86' lang='lat' dir='ltr'><strong>eos</strong></span> <span class='ocrx_word' id='word_1_701' title='bbox 794 5099 882 5167; x_wconf 90' lang='lat' dir='ltr'><strong>qui</strong></span> <span class='ocrx_word' id='word_1_702' title='bbox 909 5108 1113 5168; x_wconf 89' lang='lat' dir='ltr'><strong>portam</strong></span> <span class='ocrx_word' id='word_1_703' title='bbox 1141 5099 1632 5168; x_wconf 86' lang='lat' dir='ltr'><strong>ingrcdiebanturin</strong></span> <span class='ocrx_word' id='word_1_704' title='bbox 1655 5113 1817 5167; x_wconf 86' lang='lat' dir='ltr'><strong>parvo</strong></span> <span class='ocrx_word' id='word_1_705' title='bbox 1841 5097 2142 5152; x_wconf 73' lang='lat' dir='ltr'><strong>nabitarulo</strong></span> <span class='ocrx_word' id='word_1_706' title='bbox 2163 5110 2245 5150; x_wconf 82' lang='lat' dir='ltr'><strong>ex-</strong></span> 
     </span>
    </p>
   </div>
   <div class='ocr_carea' id='block_1_100' title="bbox 678 5188 2244 5258">
    <p class='ocr_par' dir='ltr' id='par_1_100' title="bbox 678 5188 2244 5258">
     <span class='ocr_line' id='line_1_100' title="bbox 678 5188 2244 5258; baseline 0.001 -19"><span class='ocrx_word' id='word_1_707' title='bbox 678 5189 908 5255; x_wconf 91' lang='lat' dir='ltr'><strong>cipiebat</strong></span> <span class='ocrx_word' id='word_1_708' title='bbox 934 5189 1193 5258; x_wconf 86' lang='lat' dir='ltr'><strong>hospitio;</strong></span> <span class='ocrx_word' id='word_1_709' title='bbox 1221 5199 1275 5243; x_wconf 88' lang='lat' dir='ltr'><strong>et</strong></span> <span class='ocrx_word' id='word_1_710' title='bbox 1302 5205 1420 5242; x_wconf 90' lang='lat' dir='ltr'><strong>cum</strong></span> <span class='ocrx_word' id='word_1_711' title='bbox 1450 5205 1604 5243; x_wconf 88' lang='lat' dir='ltr'><strong>mane</strong></span> <span class='ocrx_word' id='word_1_712' title='bbox 1635 5189 1869 5243; x_wconf 87' lang='lat' dir='ltr'><strong>dedisset</strong></span> <span class='ocrx_word' id='word_1_713' title='bbox 1886 5188 2142 5257; x_wconf 82' lang='lat' dir='ltr'><strong>eulogias,</strong></span> <span class='ocrx_word' id='word_1_714' title='bbox 2192 5188 2244 5241; x_wconf 88' lang='lat' dir='ltr'><strong>in</strong></span> 
     </span>
    </p>
   </div>
   <div class='ocr_carea' id='block_1_101' title="bbox 683 5278 2243 5350">
    <p class='ocr_par' dir='ltr' id='par_1_101' title="bbox 683 5278 2243 5350">
     <span class='ocr_line' id='line_1_101' title="bbox 683 5278 2243 5350; baseline 0 -19"><span class='ocrx_word' id='word_1_715' title='bbox 683 5292 812 5344; x_wconf 78' lang='lat' dir='ltr'><strong>pace</strong></span> <span class='ocrx_word' id='word_1_716' title='bbox 834 5278 1149 5334; x_wconf 90' lang='lat' dir='ltr'><strong>deducebat.</strong></span> <span class='ocrx_word' id='word_1_717' title='bbox 1172 5278 1286 5332; x_wconf 91' lang='lat' dir='ltr'><strong>Duo</strong></span> <span class='ocrx_word' id='word_1_718' title='bbox 1314 5291 1489 5333; x_wconf 90' lang='lat' dir='ltr'><strong>autem</strong></span> <span class='ocrx_word' id='word_1_719' title='bbox 1521 5296 1585 5333; x_wconf 83' lang='lat' dir='ltr'><strong>ex</strong></span> <span class='ocrx_word' id='word_1_720' title='bbox 1606 5280 1732 5350; x_wconf 89' lang='lat' dir='ltr'><strong>ipsis</strong></span> <span class='ocrx_word' id='word_1_721' title='bbox 1765 5279 2057 5349; x_wconf 80' lang='lat' dir='ltr'><strong>presbyteri</strong></span> <span class='ocrx_word' id='word_1_722' title='bbox 2076 5280 2243 5331; x_wconf 90' lang='lat' dir='ltr'><strong>solum</strong></span> 
     </span>
    </p>
   </div>
   <div class='ocr_carea' id='block_1_102' title="bbox 678 5367 2248 5436">
    <p class='ocr_par' dir='ltr' id='par_1_102' title="bbox 678 5367 2248 5436">
     <span class='ocr_line' id='line_1_102' title="bbox 678 5367 2248 5436; baseline 0 -15"><span class='ocrx_word' id='word_1_723' title='bbox 678 5369 901 5423; x_wconf 85' lang='lat' dir='ltr'><strong>exibant.</strong></span> <span class='ocrx_word' id='word_1_724' title='bbox 942 5385 1100 5436; x_wconf 59' lang='lat' dir='ltr'><strong>opera</strong></span> <span class='ocrx_word' id='word_1_725' title='bbox 1131 5367 1348 5423; x_wconf 82' lang='lat' dir='ltr'><strong>fratrum</strong></span> <span class='ocrx_word' id='word_1_726' title='bbox 1381 5370 1832 5435; x_wconf 90' lang='lat' dir='ltr'><strong>administrantes,</strong></span> <span class='ocrx_word' id='word_1_727' title='bbox 1863 5378 1916 5423; x_wconf 91' lang='lat' dir='ltr'><strong>et</strong></span> <span class='ocrx_word' id='word_1_728' title='bbox 1947 5369 2248 5423; x_wconf 74' lang='lat' dir='ltr'><strong>referebant</strong></span> 
     </span>
    </p>
   </div>
   <div class='ocr_carea' id='block_1_103' title="bbox 675 5459 2243 5528">
    <p class='ocr_par' dir='ltr' id='par_1_103' title="bbox 675 5459 2243 5528">
     <span class='ocr_line' id='line_1_103' title="bbox 675 5459 2243 5528; baseline -0.001 -15"><span class='ocrx_word' id='word_1_729' title='bbox 675 5473 739 5513; x_wconf 85' lang='lat' dir='ltr'><strong>ea</strong></span> <span class='ocrx_word' id='word_1_730' title='bbox 764 5475 880 5528; x_wconf 71' lang='lat' dir='ltr'><strong>qua:</strong></span> <span class='ocrx_word' id='word_1_731' title='bbox 908 5471 1058 5513; x_wconf 91' lang='lat' dir='ltr'><strong>erant</strong></span> <span class='ocrx_word' id='word_1_732' title='bbox 1091 5459 1221 5528; x_wconf 88' lang='lat' dir='ltr'><strong>ipsis</strong></span> <span class='ocrx_word' id='word_1_733' title='bbox 1252 5461 1317 5513; x_wconf 92' lang='lat' dir='ltr'><strong>ad</strong></span> <span class='ocrx_word' id='word_1_734' title='bbox 1369 5476 1518 5513; x_wconf 84' lang='lat' dir='ltr'><strong>usum</strong></span> <span class='ocrx_word' id='word_1_735' title='bbox 1548 5461 1869 5514; x_wconf 77' lang='lat' dir='ltr'><strong>necessaria.</strong></span> <span class='ocrx_word' id='word_1_736' title='bbox 1901 5460 2039 5512; x_wconf 81' lang='lat' dir='ltr'><strong>Dixit</strong></span> <span class='ocrx_word' id='word_1_737' title='bbox 2068 5470 2243 5513; x_wconf 90' lang='lat' dir='ltr'><strong>autem</strong></span> 
     </span>
    </p>
   </div>
   <div class='ocr_carea' id='block_1_104' title="bbox 681 5548 2244 5620">
    <p class='ocr_par' dir='ltr' id='par_1_104' title="bbox 681 5548 2244 5620">
     <span class='ocr_line' id='line_1_104' title="bbox 681 5548 2244 5620; baseline 0.003 -21"><span class='ocrx_word' id='word_1_738' title='bbox 681 5548 805 5601; x_wconf 86' lang='lat' dir='ltr'><strong>mihi</strong></span> <span class='ocrx_word' id='word_1_739' title='bbox 832 5549 876 5601; x_wconf 89' lang='lat' dir='ltr'><strong>is</strong></span> <span class='ocrx_word' id='word_1_740' title='bbox 896 5548 985 5617; x_wconf 85' lang='lat' dir='ltr'><strong>qui</strong></span> <span class='ocrx_word' id='word_1_741' title='bbox 1006 5562 1207 5616; x_wconf 88' lang='lat' dir='ltr'><strong>portam</strong></span> <span class='ocrx_word' id='word_1_742' title='bbox 1226 5551 1556 5604; x_wconf 85' lang='lat' dir='ltr'><strong>custodiebat</strong></span> <span class='ocrx_word' id='word_1_743' title='bbox 1575 5552 1868 5620; x_wconf 84' lang='lat' dir='ltr'><strong>presbyter,</strong></span> <span class='ocrx_word' id='word_1_744' title='bbox 1885 5564 1974 5604; x_wconf 89' lang='lat' dir='ltr'><strong>eos</strong></span> <span class='ocrx_word' id='word_1_745' title='bbox 1992 5550 2081 5619; x_wconf 93' lang='lat' dir='ltr'><strong>qui</strong></span> <span class='ocrx_word' id='word_1_746' title='bbox 2103 5550 2244 5604; x_wconf 84' lang='lat' dir='ltr'><strong>intus</strong></span> 
     </span>
    </p>
   </div>
   <div class='ocr_carea' id='block_1_105' title="bbox 678 5639 2241 5709">
    <p class='ocr_par' dir='ltr' id='par_1_105' title="bbox 678 5639 2241 5709">
     <span class='ocr_line' id='line_1_105' title="bbox 678 5639 2241 5709; baseline 0.002 -19"><span class='ocrx_word' id='word_1_747' title='bbox 678 5645 803 5691; x_wconf 76' lang='lat' dir='ltr'><strong>sunt</strong></span> <span class='ocrx_word' id='word_1_748' title='bbox 817 5649 1025 5691; x_wconf 81' lang='lat' dir='ltr'><strong>sanctos</strong></span> <span class='ocrx_word' id='word_1_749' title='bbox 1038 5654 1156 5692; x_wconf 85' lang='lat' dir='ltr'><strong>esse</strong></span> <span class='ocrx_word' id='word_1_750' title='bbox 1174 5641 1325 5703; x_wconf 78' lang='lat' dir='ltr'><strong>tales,</strong></span> <span class='ocrx_word' id='word_1_751' title='bbox 1343 5649 1400 5693; x_wconf 89' lang='lat' dir='ltr'><strong>ul</strong></span> <span class='ocrx_word' id='word_1_752' title='bbox 1419 5640 1615 5708; x_wconf 88' lang='lat' dir='ltr'><strong>possint</strong></span> <span class='ocrx_word' id='word_1_753' title='bbox 1631 5653 1815 5693; x_wconf 87' lang='lat' dir='ltr'><strong>Omnes</strong></span> <span class='ocrx_word' id='word_1_754' title='bbox 1830 5640 1979 5709; x_wconf 80' lang='lat' dir='ltr'><strong>signa</strong></span> <span class='ocrx_word' id='word_1_755' title='bbox 1997 5639 2241 5702; x_wconf 75' lang='lat' dir='ltr'><strong>efficere;</strong></span> 
     </span>
    </p>
   </div>
   <div class='ocr_carea' id='block_1_106' title="bbox 678 5730 2242 5795">
    <p class='ocr_par' dir='ltr' id='par_1_106' title="bbox 678 5730 2242 5795">
     <span class='ocr_line' id='line_1_106' title="bbox 678 5730 2242 5795; baseline 0.002 -14"><span class='ocrx_word' id='word_1_756' title='bbox 678 5736 731 5786; x_wconf 80' lang='lat' dir='ltr'><strong>et</strong></span> <span class='ocrx_word' id='word_1_757' title='bbox 770 5730 1033 5782; x_wconf 78' lang='lat' dir='ltr'><strong>neminem</strong></span> <span class='ocrx_word' id='word_1_758' title='bbox 1057 5739 1178 5785; x_wconf 85' lang='lat' dir='ltr'><strong>ante</strong></span> <span class='ocrx_word' id='word_1_759' title='bbox 1210 5731 1485 5786; x_wconf 83' lang='lat' dir='ltr'><strong>decessum</strong></span> <span class='ocrx_word' id='word_1_760' title='bbox 1506 5731 1557 5785; x_wconf 92' lang='lat' dir='ltr'><strong>in</strong></span> <span class='ocrx_word' id='word_1_761' title='bbox 1591 5730 1831 5787; x_wconf 84' lang='lat' dir='ltr'><strong>morbum</strong></span> <span class='ocrx_word' id='word_1_762' title='bbox 1857 5730 2121 5795; x_wconf 87' lang='lat' dir='ltr'><strong>incidere;</strong></span> <span class='ocrx_word' id='word_1_763' title='bbox 2149 5730 2242 5785; x_wconf 90' lang='lat' dir='ltr'><strong>scd</strong></span> 
     </span>
    </p>
   </div>
   <div class='ocr_carea' id='block_1_107' title="bbox 2355 4635 3901 4710">
    <p class='ocr_par' dir='ltr' id='par_1_107' title="bbox 2355 4635 3901 4710">
     <span class='ocr_line' id='line_1_107' title="bbox 2355 4635 3901 4710; baseline -0.005 -16"><span class='ocrx_word' id='word_1_764' title='bbox 2355 4642 2499 4710; x_wconf 91' lang='lat' dir='ltr'><strong>prius</strong></span> <span class='ocrx_word' id='word_1_765' title='bbox 2529 4642 2580 4693; x_wconf 91' lang='lat' dir='ltr'><strong>in</strong></span> <span class='ocrx_word' id='word_1_766' title='bbox 2606 4639 2912 4693; x_wconf 88' lang='lat' dir='ltr'><strong>servitutem</strong></span> <span class='ocrx_word' id='word_1_767' title='bbox 2936 4635 3135 4704; x_wconf 89' lang='lat' dir='ltr'><strong>redigat</strong></span> <span class='ocrx_word' id='word_1_768' title='bbox 3156 4635 3461 4689; x_wconf 73' lang='lat' dir='ltr'><strong>affectiones</strong></span> <span class='ocrx_word' id='word_1_769' title='bbox 3488 4636 3689 4697; x_wconf 77' lang='lat' dir='ltr'><strong>animi;</strong></span> <span class='ocrx_word' id='word_1_770' title='bbox 3714 4638 3901 4703; x_wconf 74' lang='lat' dir='ltr'><strong>quie-</strong></span> 
     </span>
    </p>
   </div>
   <div class='ocr_carea' id='block_1_108' title="bbox 2354 4724 3901 4799">
    <p class='ocr_par' dir='ltr' id='par_1_108' title="bbox 2354 4724 3901 4799">
     <span class='ocr_line' id='line_1_108' title="bbox 2354 4724 3901 4799; baseline -0.006 -14"><span class='ocrx_word' id='word_1_771' title='bbox 2354 4735 2492 4786; x_wconf 89' lang='lat' dir='ltr'><strong>enim</strong></span> <span class='ocrx_word' id='word_1_772' title='bbox 2519 4731 2635 4799; x_wconf 91' lang='lat' dir='ltr'><strong>quis</strong></span> <span class='ocrx_word' id='word_1_773' title='bbox 2657 4730 2919 4796; x_wconf 87' lang='lat' dir='ltr'><strong>superarit</strong></span> <span class='ocrx_word' id='word_1_774' title='bbox 2942 4726 3296 4789; x_wconf 73' lang='lat' dir='ltr'><strong>affectionem,</strong></span> <span class='ocrx_word' id='word_1_775' title='bbox 3321 4724 3435 4794; x_wconf 89' lang='lat' dir='ltr'><strong>ejus</strong></span> <span class='ocrx_word' id='word_1_776' title='bbox 3467 4741 3687 4795; x_wconf 84' lang='lat' dir='ltr'><strong>quoque</strong></span> <span class='ocrx_word' id='word_1_777' title='bbox 3711 4724 3901 4785; x_wconf 68' lang='lat' dir='ltr'><strong>exstiti</strong></span> 
     </span>
    </p>
   </div>
   <div class='ocr_carea' id='block_1_109' title="bbox 2355 4817 3901 4889">
    <p class='ocr_par' dir='ltr' id='par_1_109' title="bbox 2355 4817 3901 4889">
     <span class='ocr_line' id='line_1_109' title="bbox 2355 4817 3901 4889; baseline -0.003 -15"><span class='ocrx_word' id='word_1_778' title='bbox 2355 4825 2669 4876; x_wconf 66' lang='lat' dir='ltr'><strong>daamonem.</strong></span> <span class='ocrx_word' id='word_1_779' title='bbox 2692 4820 2911 4889; x_wconf 64' lang='lat' dir='ltr'><strong>Oportet</strong></span> <span class='ocrx_word' id='word_1_780' title='bbox 2935 4829 3106 4872; x_wconf 90' lang='lat' dir='ltr'><strong>autem</strong></span> <span class='ocrx_word' id='word_1_781' title='bbox 3127 4833 3222 4871; x_wconf 86' lang='lat' dir='ltr'><strong>vos</strong></span> <span class='ocrx_word' id='word_1_782' title='bbox 3242 4817 3494 4886; x_wconf 85' lang='lat' dir='ltr'><strong>paulatim</strong></span> <span class='ocrx_word' id='word_1_783' title='bbox 3523 4818 3741 4871; x_wconf 76' lang='lat' dir='ltr'><strong>vincere</strong></span> <span class='ocrx_word' id='word_1_784' title='bbox 3761 4818 3901 4869; x_wconf 70' lang='lat' dir='ltr'><strong>alen-</strong></span> 
     </span>
    </p>
   </div>
   <div class='ocr_carea' id='block_1_110' title="bbox 2356 4907 3897 4977">
    <p class='ocr_par' dir='ltr' id='par_1_110' title="bbox 2356 4907 3897 4977">
     <span class='ocr_line' id='line_1_110' title="bbox 2356 4907 3897 4977; baseline -0.009 -9"><span class='ocrx_word' id='word_1_785' title='bbox 2356 4915 2549 4975; x_wconf 88' lang='lat' dir='ltr'><strong>tiones,</strong></span> <span class='ocrx_word' id='word_1_786' title='bbox 2581 4922 2634 4966; x_wconf 89' lang='lat' dir='ltr'><strong>ut</strong></span> <span class='ocrx_word' id='word_1_787' title='bbox 2662 4908 3139 4977; x_wconf 77' lang='lat' dir='ltr'><strong>earumcxpellatis</strong></span> <span class='ocrx_word' id='word_1_788' title='bbox 3156 4907 3446 4961; x_wconf 73' lang='lat' dir='ltr'><strong>da-mones.</strong></span> <span class='ocrx_word' id='word_1_789' title='bbox 3465 4909 3717 4975; x_wconf 77' lang='lat' dir='ltr'><strong>Sequitur</strong></span> <span class='ocrx_word' id='word_1_790' title='bbox 3744 4912 3897 4973; x_wconf 66' lang='lat' dir='ltr'><strong>gabi-</strong></span> 
     </span>
    </p>
   </div>
   <div class='ocr_carea' id='block_1_111' title="bbox 2352 4996 3899 5071">
    <p class='ocr_par' dir='ltr' id='par_1_111' title="bbox 2352 4996 3899 5071">
     <span class='ocr_line' id='line_1_111' title="bbox 2352 4996 3899 5071; baseline -0.006 -13"><span class='ocrx_word' id='word_1_791' title='bbox 2352 5006 2581 5058; x_wconf 67' lang='lat' dir='ltr'><strong>daamon.</strong></span> <span class='ocrx_word' id='word_1_792' title='bbox 2638 5003 2695 5058; x_wconf 92' lang='lat' dir='ltr'><strong>Si</strong></span> <span class='ocrx_word' id='word_1_793' title='bbox 2741 5004 2859 5071; x_wconf 90' lang='lat' dir='ltr'><strong>quis</strong></span> <span class='ocrx_word' id='word_1_794' title='bbox 2898 5014 3024 5068; x_wconf 92' lang='lat' dir='ltr'><strong>ergo</strong></span> <span class='ocrx_word' id='word_1_795' title='bbox 3074 4999 3251 5066; x_wconf 86' lang='lat' dir='ltr'><strong>gulam</strong></span> <span class='ocrx_word' id='word_1_796' title='bbox 3297 4998 3651 5065; x_wconf 86' lang='lat' dir='ltr'><strong>superaverit,</strong></span> <span class='ocrx_word' id='word_1_797' title='bbox 3726 4996 3899 5065; x_wconf 72' lang='lat' dir='ltr'><strong>expel-</strong></span> 
     </span>
    </p>
   </div>
   <div class='ocr_carea' id='block_1_112' title="bbox 2352 5086 3896 5162">
    <p class='ocr_par' dir='ltr' id='par_1_112' title="bbox 2352 5086 3896 5162">
     <span class='ocr_line' id='line_1_112' title="bbox 2352 5086 3896 5162; baseline -0.005 -16"><span class='ocrx_word' id='word_1_798' title='bbox 2352 5092 2415 5147; x_wconf 88' lang='lat' dir='ltr'><strong>lit</strong></span> <span class='ocrx_word' id='word_1_799' title='bbox 2488 5092 2608 5162; x_wconf 90' lang='lat' dir='ltr'><strong>ejus</strong></span> <span class='ocrx_word' id='word_1_800' title='bbox 2723 5095 3042 5149; x_wconf 69' lang='lat' dir='ltr'><strong>daemonem.</strong></span> <span class='ocrx_word' id='word_1_801' title='bbox 3089 5095 3138 5148; x_wconf 90' lang='lat' dir='ltr'><strong>Is</strong></span> <span class='ocrx_word' id='word_1_802' title='bbox 3186 5103 3362 5148; x_wconf 90' lang='lat' dir='ltr'><strong>autem</strong></span> <span class='ocrx_word' id='word_1_803' title='bbox 3407 5090 3722 5146; x_wconf 79' lang='lat' dir='ltr'><strong>comedebat</strong></span> <span class='ocrx_word' id='word_1_804' title='bbox 3754 5086 3896 5142; x_wconf 68' lang='lat' dir='ltr'><strong>hiis</strong></span> 
     </span>
    </p>
   </div>
   <div class='ocr_carea' id='block_1_113' title="bbox 2352 5180 3895 5253">
    <p class='ocr_par' dir='ltr' id='par_1_113' title="bbox 2352 5180 3895 5253">
     <span class='ocr_line' id='line_1_113' title="bbox 2352 5180 3895 5253; baseline -0.004 -15"><span class='ocrx_word' id='word_1_805' title='bbox 2352 5186 2703 5249; x_wconf 87' lang='lat' dir='ltr'><strong>hebdomada,</strong></span> <span class='ocrx_word' id='word_1_806' title='bbox 2729 5185 2996 5239; x_wconf 88' lang='lat' dir='ltr'><strong>Dominica</strong></span> <span class='ocrx_word' id='word_1_807' title='bbox 3020 5193 3073 5237; x_wconf 90' lang='lat' dir='ltr'><strong>et</strong></span> <span class='ocrx_word' id='word_1_808' title='bbox 3094 5184 3278 5253; x_wconf 89' lang='lat' dir='ltr'><strong>quinta</strong></span> <span class='ocrx_word' id='word_1_809' title='bbox 3305 5182 3455 5246; x_wconf 83' lang='lat' dir='ltr'><strong>feria,</strong></span> <span class='ocrx_word' id='word_1_810' title='bbox 3480 5195 3696 5250; x_wconf 82' lang='lat' dir='ltr'><strong>parvam</strong></span> <span class='ocrx_word' id='word_1_811' title='bbox 3718 5180 3895 5247; x_wconf 67' lang='lat' dir='ltr'><strong>pilae-</strong></span> 
     </span>
    </p>
   </div>
   <div class='ocr_carea' id='block_1_114' title="bbox 2348 5271 3895 5347">
    <p class='ocr_par' dir='ltr' id='par_1_114' title="bbox 2348 5271 3895 5347">
     <span class='ocr_line' id='line_1_114' title="bbox 2348 5271 3895 5347; baseline -0.003 -17"><span class='ocrx_word' id='word_1_812' title='bbox 2348 5293 2413 5331; x_wconf 78' lang='lat' dir='ltr'><strong>ex</strong></span> <span class='ocrx_word' id='word_1_813' title='bbox 2446 5277 2609 5330; x_wconf 78' lang='lat' dir='ltr'><strong>farina</strong></span> <span class='ocrx_word' id='word_1_814' title='bbox 2641 5277 2824 5347; x_wconf 81' lang='lat' dir='ltr'><strong>(I22);</strong></span> <span class='ocrx_word' id='word_1_815' title='bbox 2866 5291 2962 5329; x_wconf 90' lang='lat' dir='ltr'><strong>nec</strong></span> <span class='ocrx_word' id='word_1_816' title='bbox 3008 5283 3211 5343; x_wconf 90' lang='lat' dir='ltr'><strong>poterat</strong></span> <span class='ocrx_word' id='word_1_817' title='bbox 3240 5272 3436 5340; x_wconf 90' lang='lat' dir='ltr'><strong>aliquid</strong></span> <span class='ocrx_word' id='word_1_818' title='bbox 3483 5271 3630 5325; x_wconf 86' lang='lat' dir='ltr'><strong>aliud</strong></span> <span class='ocrx_word' id='word_1_819' title='bbox 3677 5280 3895 5325; x_wconf 66' lang='lat' dir='ltr'><strong>sum.</strong></span> 
     </span>
    </p>
   </div>
   <div class='ocr_carea' id='block_1_115' title="bbox 2348 5363 3646 5437">
    <p class='ocr_par' dir='ltr' id='par_1_115' title="bbox 2348 5363 3646 5437">
     <span class='ocr_line' id='line_1_115' title="bbox 2348 5363 3646 5437; baseline -0.002 -18"><span class='ocrx_word' id='word_1_820' title='bbox 2348 5377 2626 5437; x_wconf 88' lang='lat' dir='ltr'><strong>propterea</strong></span> <span class='ocrx_word' id='word_1_821' title='bbox 2649 5368 2786 5436; x_wconf 89' lang='lat' dir='ltr'><strong>quod</strong></span> <span class='ocrx_word' id='word_1_822' title='bbox 2811 5380 2962 5419; x_wconf 89' lang='lat' dir='ltr'><strong>suum</strong></span> <span class='ocrx_word' id='word_1_823' title='bbox 2992 5363 3223 5417; x_wconf 73' lang='lat' dir='ltr'><strong>habitum</strong></span> <span class='ocrx_word' id='word_1_824' title='bbox 3254 5363 3320 5416; x_wconf 90' lang='lat' dir='ltr'><strong>ita</strong></span> <span class='ocrx_word' id='word_1_825' title='bbox 3343 5364 3646 5417; x_wconf 71' lang='lat' dir='ltr'><strong>formaset.</strong></span> 
     </span>
    </p>
   </div>
   <div class='ocr_carea' id='block_1_116' title="bbox 2884 5453 3357 5512">
    <p class='ocr_par' dir='ltr' id='par_1_116' title="bbox 2884 5453 3357 5512">
     <span class='ocr_line' id='line_1_116' title="bbox 2884 5453 3357 5512; baseline -0.004 -2"><span class='ocrx_word' id='word_1_826' title='bbox 2884 5454 3107 5512; x_wconf 82' lang='lat' dir='ltr'><strong>CAPUT</strong></span> <span class='ocrx_word' id='word_1_827' title='bbox 3147 5453 3357 5509; x_wconf 78' lang='lat' dir='ltr'><strong>LXXV.</strong></span> 
     </span>
    </p>
   </div>
   <div class='ocr_carea' id='block_1_117' title="bbox 2714 5545 3567 5617">
    <p class='ocr_par' dir='ltr' id='par_1_117' title="bbox 2714 5545 3567 5617">
     <span class='ocr_line' id='line_1_117' title="bbox 2714 5545 3567 5617; baseline -0.001 -18"><span class='ocrx_word' id='word_1_828' title='bbox 2714 5546 2825 5599; x_wconf 87' lang='lat' dir='ltr'><strong>Vita</strong></span> <span class='ocrx_word' id='word_1_829' title='bbox 2856 5545 3062 5615; x_wconf 82' lang='lat' dir='ltr'><strong>Eulogii</strong></span> <span class='ocrx_word' id='word_1_830' title='bbox 3092 5545 3241 5617; x_wconf 76' lang='lat' dir='ltr'><strong>(I23)</strong></span> <span class='ocrx_word' id='word_1_831' title='bbox 3272 5545 3567 5615; x_wconf 70' lang='lat' dir='ltr'><strong>presbyteri.</strong></span> 
     </span>
    </p>
   </div>
   <div class='ocr_carea' id='block_1_118' title="bbox 2423 5626 3893 5706">
    <p class='ocr_par' dir='ltr' id='par_1_118' title="bbox 2423 5626 3893 5706">
     <span class='ocr_line' id='line_1_118' title="bbox 2423 5626 3893 5706; baseline -0.007 -15"><span class='ocrx_word' id='word_1_832' title='bbox 2423 5637 2661 5691; x_wconf 68' lang='lat' dir='ltr'><strong>Vidimus</strong></span> <span class='ocrx_word' id='word_1_833' title='bbox 2683 5650 2854 5693; x_wconf 89' lang='lat' dir='ltr'><strong>autem</strong></span> <span class='ocrx_word' id='word_1_834' title='bbox 2876 5639 3033 5691; x_wconf 90' lang='lat' dir='ltr'><strong>alium</strong></span> <span class='ocrx_word' id='word_1_835' title='bbox 3056 5652 3264 5706; x_wconf 87' lang='lat' dir='ltr'><strong>quoque</strong></span> <span class='ocrx_word' id='word_1_836' title='bbox 3290 5637 3679 5705; x_wconf 83' lang='lat' dir='ltr'><strong>presbyterum,</strong></span> <span class='ocrx_word' id='word_1_837' title='bbox 3701 5626 3893 5686; x_wconf 66' lang='lat' dir='ltr'><strong>aulica</strong></span> 
     </span>
    </p>
   </div>
   <div class='ocr_carea' id='block_1_119' title="bbox 2354 5724 3893 5797">
    <p class='ocr_par' dir='ltr' id='par_1_119' title="bbox 2354 5724 3893 5797">
     <span class='ocr_line' id='line_1_119' title="bbox 2354 5724 3893 5797; baseline -0.007 -10"><span class='ocrx_word' id='word_1_838' title='bbox 2354 5732 2658 5797; x_wconf 85' lang='lat' dir='ltr'><strong>Eulogium,</strong></span> <span class='ocrx_word' id='word_1_839' title='bbox 2681 5730 2765 5797; x_wconf 88' lang='lat' dir='ltr'><strong>qui</strong></span> <span class='ocrx_word' id='word_1_840' title='bbox 2790 5731 2839 5782; x_wconf 91' lang='lat' dir='ltr'><strong>in</strong></span> <span class='ocrx_word' id='word_1_841' title='bbox 2862 5728 3145 5786; x_wconf 73' lang='lat' dir='ltr'><strong>oderendis</strong></span> <span class='ocrx_word' id='word_1_842' title='bbox 3168 5728 3279 5784; x_wconf 86' lang='lat' dir='ltr'><strong>Deo</strong></span> <span class='ocrx_word' id='word_1_843' title='bbox 3310 5727 3463 5783; x_wconf 86' lang='lat' dir='ltr'><strong>donis</strong></span> <span class='ocrx_word' id='word_1_844' title='bbox 3493 5735 3692 5780; x_wconf 70' lang='lat' dir='ltr'><strong>tunam</strong></span> <span class='ocrx_word' id='word_1_845' title='bbox 3713 5724 3893 5790; x_wconf 67' lang='lat' dir='ltr'><strong>accepit</strong></span> 
     </span>
    </p>
   </div>
  </div>
