4112 6520
190 331 333 396 117⁸1

1446 313 1815 377 HISTORIA
1853 311 2245 374 LAUSIACA.

3310 301 3454 369 1178

185 448 289 502 καὶ
334 444 406 498 τὰ
445 441 631 497 κελλία
663 441 726 494 ἐκ
756 438 1119 509 διαστήματος
1162 435 1376 506 ἔχουσιν
1400 451 1414 465 ·
1460 434 1535 490 ὡς
1569 433 1664 483 καὶ
1703 431 1776 503 μὴ
1805 424 1854 484 Α
1881 424 1992 476 ἀλλ’
2030 426 2159 479 ὅταν
2185 426 2419 480 ἑκάστου
2451 426 2483 495 η
2526 423 2814 493 μετάθεσις
2859 422 3084 493 ἡρχετο,
3126 421 3462 496 προμηνύων

182 525 649 599 διαγνωρίζεσθαι
686 523 966 596 πόρρωθεν
997 522 1086 591 ὑφ’
1121 522 1335 589 ἑτέρου,
1373 518 1507 589 μηδέ
1542 517 1774 585 ὁρᾶσθαι

183 612 438 683 ταχέως,
478 611 612 680 μηδὲ
648 610 830 677 φωνῆς
861 606 1176 670 ἐπακούειν,
1211 604 1445 657 ἑκάστου
1488 602 1610 655 καθ’
1647 603 1777 655 ἐαυι

180 698 285 751 τὸν
334 695 757 765 καθειργμένου.
798 692 973 746 Μόνον
1017 693 1074 745 δὲ
1129 693 1186 744 ἐν
1228 691 1492 758 Σαϐϐάτῳ
1518 690 1614 742 καὶ
1660 690 1769 740 Ku-

188 783 366 851 ριακῇ
395 782 453 833 ἐν
485 781 606 840 ταῖς
644 777 962 843 ἐκκλησίαις
1002 776 1349 842 συνάγονται,
1389 774 1485 827 καὶ
1516 771 1780 843 ἀλλήλους

186 863 700 933 ἀπολαμϐάνουσιν.
756 863 949 917 Πολλοὶ
1006 861 1062 915 δὲ
1122 860 1311 916 αὐτῶν
1363 859 1627 919 πολλάκις
1685 856 1782 909 καὶ

184 950 508 1020 τεταρταῖοι
564 947 624 998 ἐν
685 949 798 1009 τοῖς
850 945 1082 1011 κελλίοις
1138 945 1319 1001 αὐτῶν
1387 943 1778 1011 εὑρίσκονται,

187 1036 264 1088 ἐκ
316 1032 415 1086 τοῦ
472 1030 547 1102 μὴ
580 1031 713 1100 ὁρᾷν
759 1030 1022 1100 ἀλλήλους
1060 1029 1195 1099 πλὴν
1242 1031 1301 1081 ἐν
1334 1031 1454 1091 ταῖς
1504 1027 1777 1092 συνάξεσι.

189 1119 309 1171 Καὶ
332 1118 383 1170 οί
415 1115 514 1186 μὲν
547 1114 725 1168 αὐτῶν
754 1115 862 1166 ἀπὸ
890 1115 1058 1184 τριῶν
1094 1112 1337 1183 σημείων
1377 1112 1472 1165 καὶ
1505 1111 1784 1180 τεσσάρων

190 1204 278 1264 είς
323 1201 426 1272 τὴν
478 1198 701 1263 σύναξιν
755 1197 1036 1268 ἔρχονται,
1094 1195 1350 1249 τοσοῦτον
1410 1194 1626 1265 μακρὰν
1667 1192 1781 1245 ἀλλ’

190 1283 449 1355 ἀλλήλων
491 1283 863 1351 διεστήκασιν.
922 1279 1170 1350 Ἀγάπην
1196 1280 1253 1333 δέ
1293 1278 1561 1347 τοσαύτην
1602 1276 1786 1346 έχουσι

189 1368 340 1439 πρὸς
396 1366 681 1437 ἀλλήλους,
714 1364 810 1417 καὶ
863 1365 993 1434 περὶ
1028 1364 1127 1435 τὴν
1173 1362 1371 1432 λοιπὴν
1413 1361 1784 1431 ἀδελφότητα,

191 1453 275 1515 ὡς
307 1450 527 1514 πολλοῖς
586 1446 978 1518 συμϐουλεύειν
1018 1449 1206 1508 αὐτοῖς
1236 1445 1623 1518 συσσωθῇναι,
1659 1445 1821 1496 ﬁxa--

194 1552 327 1588 στον
346 1535 407 1588 τὸ
429 1531 627 1589 ἑαυτοῦ
654 1517 863 1585 κελλίον
886 1531 1140 1584 σπεύδειν
1169 1531 1355 1593 αὐτοῖς
1385 1531 1464 1593 είς
1481 1517 1789 1582 ἀνάπαυσιν

190 1619 406 1674 δοῦναι.

244 1828 393 1901 Περί
411 1828 519 1885 τοῦ
562 1827 712 1885 ἀόϐᾶ
753 1826 1085 1897 Ἀμμωνίου
1120 1825 1219 1880 καὶ
1258 1825 1378 1879 τῶν
1423 1823 1545 1880 σὺν
1564 1820 1748 1887 αὐτῷ.

276 1927 493 1997 Ἰδομεν
513 1926 571 1980 δέ
605 1926 700 1980 καὶ
723 1925 939 1995 Πατέρα
973 1927 1095 1979 τινὰ
1145 1925 1252 1978 τῶν
1279 1926 1418 1987 ἐκεῖ,
1483 1922 1793 1992 Ἀμμώνιον

194 2011 456 2081 ὀνόματι,
515 2011 771 2081 ἐξαίρετα
824 2009 1015 2063 κέλλια
1070 2010 1263 2079 ἔχοντα
1308 2008 1414 2059 καὶ
1480 2005 1652 2074 αὐλὴν
1699 2003 1794 2056 καὶ

194 2096 388 2166 φρέαρ
436 2094 531 2149 καὶ
565 2095 664 2156 τὰς
709 2093 906 2156 λοιπὰς
952 2092 1160 2162 χρείας.
1220 2090 1498 2152 Ἐλθόντος
1545 2089 1603 2141 δὲ
1657 2087 1793 2158 πρὸς

195 2179 372 2232 αὐτόν
394 2196 542 2238 τινος
577 2176 832 2245 ἀδελφοῦ,
866 2178 1106 2245 σωθῆναι
1152 2174 1528 2240 σπεύδοντος,·
1554 2174 1649 2226 καὶ
1706 2172 1794 2224 λέο

197 2281 398 2333 γοντος
437 2261 590 2332 αὐτῷ
631 2265 867 2315 ἐπινοεῖν
915 2261 1065 2331 αὐτῷ
1116 2261 1331 2315 κελλίον
1379 2260 1516 2330 πρὸς
1555 2258 1794 2328 οἴκησιν,

197 2348 262 2411 ὃς
294 2350 391 2400 ἐπὶ
444 2346 621 2415 τούτῳ
668 2345 923 2411 ἐξελθὼν,
956 2344 1329 2415 παρήγγειλεν
1358 2341 1506 2411 αύτῷ
1554 2342 1628 2411 μὴ
1672 2342 1799 2393 ἀνα-

200 2434 411 2502 χωρεῖν
436 2432 597 2485 αὑτὸν
627 2433 691 2483 ἐκ
746 2432 854 2483 τῶν
897 2429 1148 2487 κελλίων.
1178 2430 1339 2499 ἄχρις
1371 2428 1436 2480 ἂν
1465 2426 1603 2498 εῦρῃ
1648 2424 1797 2494 αὐτῷ

200 2516 520 2586 ἐπιτήδειον
555 2514 928 2582 καταγώγιον*
970 2514 1063 2566 καὶ
1095 2511 1413 2566 καταλιπὼν
1447 2508 1798 2579 αὑτῷπάντα

200 2603 311 2656 ὅσα
340 2596 455 2671 εἶχε
474 2602 573 2653 σὺν
600 2601 782 2663 αὐτοῖς
826 2602 937 2661 τοῖς
968 2598 1223 2661 κελλίοις,
1267 2595 1458 2650 ἑαυτὸν
1489 2597 1568 2657 εἰς
1603 2595 1796 2664 μικρόν

202 2705 259 2740 τι
290 2686 507 2739 κελλίον
560 2688 778 2755 μακρὰν
827 2683 1040 2737 ἐκεῖθεν
1080 2681 1432 2737 ἀπέκλεισεν.
1489 2680 1550 2731 El
1596 2678 1653 2731 δὲ
1705 2678 1797 2731 καὶ

204 2769 462 2832 πλείονες
500 2765 644 2838 ἦσαν
692 2769 742 2819 οί
789 2766 1178 2836 συνερχόμενοι
1232 2766 1473 2833 σωθῆναι
1529 2761 1795 2825 θέλοντες,

205 2853 413 2923 συνῆγε
444 2854 626 2906 πᾶσαν
664 2853 765 2922 τὴν
810 2851 1171 2919 ἀδελφότητω
1232 2848 1327 2900 καὶ
1364 2848 1457 2899 τοῦ
1492 2846 1589 2917 μὲν
1641 2844 1800 2897 πλίν-

206 2936 338 3000 θους
366 2937 720 2998 ἐπιδιδόντος,
748 2935 844 2987 τοῦ
874 2934 929 2985 δὲ
950 2933 1117 3002 ὕδωρ,
1150 2933 1208 2985 ἐν
1238 2931 1422 3002 ἡμέρα
1455 2930 1556 3000 μιᾷ
1580 2928 1648 2981 τά
1678 2927 1802 2981 κελ-

205 3020 299 3073 λία
347 3019 790 3090 ἀπεπληροῦντο.
850 3019 990 3079 Τοὺς
1038 3016 1096 3069 δὲ
1163 3016 1458 3086 μέλλοντας
1502 3016 1671 3067 οἰκεῖν
1729 3013 1800 3066 τά

208 3104 401 3195 κελλία
446 3105 676 3195 ἐκ-άλουν
737 3102 872 3172 πρὸς
931 3102 1027 3173 τὴν
1064 3100 1362 3195 ἐκκλησίαν
1392 3102 1471 3163 είς
1527 3098 1873 3195 εὐωχίανί(2

208 3191 311 3243 καὶ
362 3188 442 3251 ὡς
499 3188 581 3240 ἐτι
620 3189 821 3240 ἐκεῖνοι
868 3185 1251 3257 ηὑφραίνοντο,
1289 3184 1521 3245 ἕκαστος
1578 3185 1642 3235 ἐκ
1705 3181 1798 3234 τοῦ

208 3273 422 3328 οἰκείου
453 3272 668 3325 κελλίου
697 3272 933 3340 γεμίσας
973 3268 1171 3323 ἑαυτοῦ
1208 3269 1307 3337 τὴν
1342 3270 1601 3339 μηλωτὴν
1632 3266 1665 3337 ἢ
1705 3266 1802 3336 τὴν

208 3357 457 3428 σπυρίδα
515 3356 715 3427 ἀρτων,
760 3356 793 3426 ἢ
850 3355 959 3407 τῶν
988 3352 1195 3406 λοιπῶν
1227 3352 1571 3421 ἐπιτηδείων,
1605 3353 1685 3414 είς
1736 3349 1806 3402 τὰ

208 3442 311 3495 νέα
338 3440 525 3494 κελλία
555 3440 845 3510 ἐπέφερεν,
881 3438 969 3491 ἵνα
1010 3437 1229 3505 μεηδενὶ
1256 3437 1488 3506 φανερὸν
1517 3434 1741 3505 γένηται
1769 3436 1802 3503 ὴ

208 3524 452 3577 ἑκάστου
484 3522 856 3593 καρποςςορία.
893 3522 1212 3591 Ἐρχόμενοι
1245 3519 1301 3572 δέ
1352 3521 1431 3582 είς
1463 3519 1705 3588 ἑσπέραν
1757 3516 1807 3570 οί

212 3608 507 3677 μέλλοντες
530 3609 700 3659 οἰκεῖν
722 3607 792 3658 τά
820 3604 1029 3669 κελλία,
1062 3604 1130 3677 ηῦ
1141 3620 1324 3677 ρισκον
1352 3598 1612 3674 ἐξαίφνης
1635 3601 1808 3656 πάντα

210 3692 283 3745 τὰ
316 3690 620 3761 ἐπιτήδεια.

287 3776 485 3830 Πολλοί
512 3792 571 3828 τε
596 3770 776 3828 αὐτῶν
808 3772 931 3827 οὔτε
968 3770 1063 3846 [οἱ.
1103 3772 1161 3825 δὲ
1190 3772 1299 3827 τῶν
1329 3772 1507 3825 ἐκεῖσε
1548 3770 1810 3842 Πατὲρων

212 3859 341 3932 οὐκ]
374 3862 538 3932 ἄρτον
567 3860 778 3934 ἤσθιον,
812 3860 934 3915 οὔτε
962 3859 1205 3930 ὀπώρας,
1242 3856 1380 3910 ἀλλὰ
1417 3856 1672 3929 πικρίδας
1710 3856 1809 3926 μό-

212 3964 331 4001 νον.
362 3946 520 4008 Τινὲς
548 3946 603 3998 δὲ
630 3945 812 3999 αὐτῶν
842 3944 962 3997 ούδὲ
994 3941 1283 3997 ἐκάθευδον
1320 3941 1448 4012 ὅλην
1480 3941 1580 4011 τὴν
1615 3939 1809 4007 νύκτα,

215 4030 357 4084 ἀλλά
414 4029 715 4100 καθήμενοι
769 4030 804 4102 ἢ
870 4028 1105 4092 ἑστῶτες
1140 4026 1268 4099 ἄχρι
1303 4024 1453 4098 πρωῒ
1481 4025 1813 4099 ἐκαρτέρουν

216 4114 671 4185 προσευχόμενοι.

807 4244 1058 4297 ΚΕΦΑΛ.
1090 4244 1211 4299 OA'.

660 4340 801 4407 Περὶ
838 4336 988 4395 ἀϐϐἄ
1035 4340 1365 4410 Ἰσιδώρου.

298 4416 518 4493 Ἰδομεν
554 4424 825 4478 καὶκατὰ
846 4426 945 4493 τὴν
973 4424 1219 4495 Θηϐαΐδα
1248 4428 1415 4495 μονὴν
1444 4425 1565 4480 τινὰ
1605 4421 1806 4479 ’ἰσιδώ-

1878 510 2053 567 ἀπασι
2084 511 2437 571 κατακλιθεὶς
2467 509 2757 579 ἐκοιμᾶτο.

2467 613 2723 670 ΚΕΦΑΛ.
2777 611 2901 666 UB'.

2397 701 2537 769 Περὶ
2606 695 2943 767 Ἀμμωνᾶν.

1957 808 2113 861 Ἔστι
2135 807 2232 862 καὶ
2262 807 2396 878 άλλη
2428 806 2634 877 ἔρημος
2664 808 2719 859 ἐν
2747 803 3033 871 Αἰγύπτῳ,
3067 800 3331 874 παράλιος
3357 800 3459 873 μὲν

1882 887 2038 956 οὖσα,
2097 892 2234 945 ἀλλά
2286 892 2679 963 χαλεπωτάτη·
2707 891 2764 944 ἐν
2855 890 3038 942 πολλοὶ
3091 888 3185 941 καὶ
3232 888 3459 959 μεγάλοι

1884 979 2237 1048 ἀναχωρηταὶ
2301 975 2648 1031 κατοικοῦσι·
2718 975 2947 1046 πλησίον
2997 974 3319 1044 ὑπάρχουσα
3359 969 3463 1040 τῆς

1883 1062 2090 1133 Διόλκῳ
2119 1062 2345 1124 πόλεως.
2375 1060 2589 1131 ἰδομεν
2616 1059 2673 1111 δὲ
2693 1061 2808 1112 ἐκεῖ
2839 1056 3211 1127 πρεσϐύτερον
3244 1052 3466 1121 Πατέρα

1885 1146 2062 1214 ἅγιον.
2096 1148 2189 1199 καὶ
2222 1144 2341 1198 λίαν
2376 1145 2550 1215 μέγαν
2585 1142 3011 1212 ταπεινόφρονα,
3055 1141 3150 1193 καὶ
3196 1135 3464 1198 ὀπτασίας

1890 1231 2131 1300 συνεχεῖς
2162 1228 2396 1300 ὁρῶντα,
2436 1227 2661 1297 ὀνόματι
2703 1225 3021 1295 Ἀμμωνᾶν.
3076 1217 3249 1285 Οὗτος
3294 1235 3466 1290 προσ-

1888 1316 2069 1385 φέρων
2116 1312 2196 1383 τῷ
2226 1312 2345 1382 Θεῷ
2398 1311 2546 1375 ἅπαξ
2596 1310 2696 1373 τὰς
2748 1309 3024 1381 λατρείας,
3083 1306 3188 1377 ὁρᾷ
3238 1302 3467 1373 ἄγγελον

1889 1398 2101 1451 ἑστῶτα
2132 1400 2197 1451 ἐκ
2221 1396 2413 1461 δεξιῶν
2440 1394 2534 1448 τοῦ
2569 1394 2984 1463 θυσιαστηρίου,
3021 1392 3114 1445 καὶ
3143 1389 3273 1453 τοὺς
3299 1402 3469 1461 προσ·

1889 1482 2218 1552 ερχομὲνους
2250 1485 2316 1552 τῇ
2366 1481 2550 1551 χάριτι
2592 1478 2856 1546 ἀδελφοὺς
2907 1474 3331 1545 σημειούμενον,
3377 1470 3475 1523 καὶ⁹

1891 1568 2170 1636 γράφοντα
2202 1565 2379 1619 αὐτῶν
2410 1566 2478 1618 τὰ
2516 1564 2758 1635 ὀνόματα
2805 1563 2861 1614 ἐν
2899 1561 3110 1631 βιϐλίῳ.
3144 1559 3238 1628 Μὴ
3288 1573 3473 1636 παραξ-

1891 1651 2198 1719 γενομένων
2238 1650 2296 1703 δέ
2356 1666 2520 1703 τινων
2582 1634 2640 1702 ἐν
2696 1645 2938 1709 συνάξει,
2993 1644 3069 1698 ἴδε
3117 1642 3187 1695 τὰ
3237 1634 3477 1711 ὀνόματά.

1896 1737 2075 1789 αὐτῶν
2110 1736 2546 1806 ἀπαλειφόμενα.
2592 1736 2654 1787 Οἱ
2692 1732 2747 1786 δὲ
2782 1732 2919 1802 μετὰ
2942 1729 3225 1798 δεκατρεῖς
3259 1726 3478 1796 ἡμέρας

1895 1820 2275 1890 ἐτελεύτησαν.
2325 1819 2528 1872 Τοῦτον
2576 1818 2836 1878 πολλάκις
2867 1816 2916 1867 οί
2954 1814 3210 1883 δαίμονες
3249 1808 3478 1881 βασανί-

1896 1920 2088 1966 σαντες
2122 1902 2364 1973 τοσαύτῃ
2391 1902 2648 1972 ἀσθενείᾳ
2695 1896 3078 1970 περιέϐαλλον,
3130 1894 3206 1957 ὡς
3260 1893 3337 1963 μὴ
3382 1890 3475 1944 δύο

1895 1988 2089 2042 νασθαι
2114 1986 2277 2042 αὑτὸν
2303 1988 2493 2057 στῆναι
2526 1989 2584 2039 ἐν
2601 1986 2680 2056 τῷ
2712 1981 3106 2052 θυσιαστηρίῳ,
3138 1976 3274 2049 μηδὲ
3308 1990 3478 2047 προσ-

1896 2072 2106 2142 φέρειν.
2150 2072 2415 2140 Ἀγγελος
2442 2071 2498 2124 δέ
2523 2068 2691 2123 ἐλθὼν
2725 2068 2817 2120 καὶ
2846 2065 3146 2134 λαϐόμενος
3183 2059 3347 2114 αὑτοῦ
3375 2060 3476 2129 τῆς

1896 2156 2533 2226 χειρὸς,ἐνεδυνάμωσεν
2584 2152 2747 2206 αὐτὸν
2797 2149 3159 2221 παραχρῆμα,
3207 2145 3303 2197 καὶ
3345 2143 3478 2226 ύγιῆ

1895 2224 1972 2308 τῷ
1991 2224 2369 2309 θυσιαστηρίῳ
2402 2236 2768 2308 παρέστησεν,
2801 2229 2863 2287 οῦ
2897 2233 2994 2296 τὰς
3031 2230 3301 2301 βασάνους
3348 2224 3478 2279 θεα-

1898 2324 2125 2395 σάμενοι
2156 2322 2209 2376 οἱ
2231 2321 2454 2389 ἀδελφοὶ
2489 2320 2892 2389 ἐξεπλάγησαν.

2486 2448 2735 2501 ΚΕΦΑΛ.
2783 2446 2901 2499 Ol".

2357 2550 2496 2617 Περὶ
2525 2546 2676 2605 ἀϐϐᾶ
2716 2546 3019 2601 Ἰωάννου.

1976 2656 2189 2727 ’ῐδομεν
2213 2656 2271 2711 δέ
2306 2657 2404 2709 καὶ
2434 2656 2593 2709 ἄλλον
2634 2654 2890 2723 Ἰωάννην
2927 2654 2986 2705 ἐν
3014 2649 3224 2721 Διόλκῳ
3261 2647 3480 2718 Πατέρα

1901 2742 2304 2813 μοναστηρίων,
2336 2740 2430 2794 καὶ
2460 2739 2623 2794 αὐτὸν
2647 2738 2847 2808 πολλὴν
2881 2738 3043 2807 χάριν
3070 2736 3280 2805 ἔχοντα,
3316 2732 3381 2785 τό
3417 2746 3482 2783 τε

1912 2826 2270 2897 Ἀϐραμιαῖον
2304 2825 2510 2894 σχῆμα,
2539 2824 2633 2877 καὶ
2663 2823 2756 2876 τὸν
2785 2824 3024 2889 πώγωνα
3050 2818 3287 2888 Ἀαρὼν,
3316 2816 3481 2869 δυνά-

1904 2928 2025 2983 μεις
2071 2927 2129 2963 τε
2191 2910 2288 2963 καὶ
2368 2910 2575 2975 ίάσειςη
2613 2907 3026 2968 ἐπιτελέσαντα,
3087 2905 3184 2955 καὶ
3254 2899 3484 2961 πολλοὺς

1904 3013 1984 3049 πα
1995 2993 2321 3067 ραλυτικοὺς
2347 2993 2442 3046 καὶ
2466 2991 2773 3062 ποδαγροὺς
2803 2987 3241 3058 θεραπεύσαντα.

2491 3097 2746 3152 ΚΕΦΑΛ.
2782 3097 2897 3149 ΟΔ’.

2326 3202 2466 3271 Περὶ
2498 3200 2651 3258 ἁϐϐᾶ
2682 3198 3064 3266 Πιτυρίωνος.

1981 3310 2195 3380 Ἰδομεν
2217 3309 2275 3363 δὲ
2301 3306 2442 3362 κατά
2466 3307 2566 3377 τὴν
2590 3304 2866 3375 Θηϐαΐδα,
2895 3303 3023 3373 ὅρος
3053 3298 3257 3371 ὑψηλὸν
3283 3296 3500 3371 τῷςάπο-

1907 3394 2068 3465 ταμῷ
2110 3395 2487 3463 ἐπικείμενον,
2546 3390 2778 3459 φοϐερὸν
2821 3387 2964 3455 ἄγαν
3018 3388 3113 3440 καὶ
3142 3384 3493 3456 κρημνῶδες,

1909 3481 2003 3531 καὶ
2059 3478 2329 3548 μοναχοὺς
2405 3476 2522 3529 ἐκεῖ
2571 3473 2819 3544 βιοῦντας
2876 3473 2933 3524 ἐν
2983 3472 3114 3533 τοῖς
3165 3469 3489 3539 σπηλαίοις.

1912 3565 2101 3634 Πατὴρ
2136 3565 2194 3618 δὲ
2221 3558 2290 3633 ἦν
2320 3580 2403 3625 τις
2427 3562 2608 3616 αὐτῶν
2643 3558 2868 3627 ὀνόματι
2909 3555 3214 3625 Πιτυρίων,
3255 3550 3339 3616 εἷς
3381 3553 3501 3608 τῶν

1914 3649 2172 3720 μαθητῶν
2216 3648 2499 3702 Ἀντωνίου
2524 3646 2813 3714 γένομενος
2837 3658 2851 3673 ·
2887 3643 2980 3694 καὶ
3004 3639 3189 3709 τρίτος
3212 3640 3305 3693 τὸν
3328 3639 3503 3693 τόπον

1912 3735 2117 3786 ἐκεῖνον
2154 3731 2561 3800 διαδεξάμενος,
2590 3728 2647 3791 ὃς
2680 3724 2943 3787 πολλάκις
2990 3724 3087 3777 καὶ
3132 3723 3299 3786 ἀλλας
3334 3723 3503 3778 δυνά-

1916 3833 2038 3888 μεις
2072 3815 2357 3878 ἐπιτελῶν,
2382 3814 2484 3883 τὴν
2512 3811 2623 3864 τῶν
2651 3809 2982 3878 πνευμάτων
3004 3807 3227 3861 ἐλασίαν
3254 3807 3501 3879 ἐνεργῶς

1914 3902 2165 3953 ἐποιεῖτο.
2194 3898 2589 3966 Διαδεξάμενος
2619 3893 2729 3964 γάρ
2771 3892 3058 3946 ’Λντώνιον
3087 3893 3186 3945 καὶ
3234 3890 3327 3945 τὸν
3366 3889 3493 3946 τού-

1912 4002 2007 4039 του
2047 3982 2299 4054 μαθητὴν
2334 3981 2653 4052 Ἀμμωνᾶν,
2686 3976 2912 4041 εἰκότως
2945 3978 3035 4029 καὶ
3085 3978 3187 4045 τὴν
3234 3974 3495 4047 κληρονο-

1916 4068 2045 4139 μίαν
2074 4067 2183 4121 τῶν
2211 4065 2564 4138 χαρισμάτων
2594 4061 2911 4127 ὑπεδέξατο,
2938 4061 2996 4124 ὃς
3023 4059 3250 4123 πολλοὺς
3280 4060 3380 4130 μὲν
3400 4058 3497 4112 καὶ

1911 4153 2107 4215 ἄλλους
2134 4152 2271 4222 πρὸς
2312 4151 2461 4220 ἡμᾶς
2505 4148 2799 4219 ἐποιήσατο
2838 4146 3047 4213 λόγους.
3091 4145 3167 4199 Ού
3200 4145 3309 4215 μὴν
3353 4143 3499 4198 ἀλλὰ

1914 4239 2009 4291 καὶ
2049 4237 2177 4306 περὶ
2203 4236 2300 4305 τῆς
2332 4235 2439 4287 τῶν
2486 4232 2816 4302 πνευμάτων
2870 4228 3195 4299 διακρίσεως
3253 4226 3499 4299 ἰσχυρῶς,

1911 4321 2183 4387 διεδέξατο
2227 4321 2487 4389 δαίμονας
2540 4311 2681 4369 ε’ίναί
2736 4332 2893 4379 τινας
2943 4314 3069 4376 τοὺς
3119 4316 3232 4374 τοῖς
3260 4312 3497 4367 πάθεσιν

1914 4406 2368 4469 ἀκολουθοῦντας,
2392 4403 2484 4457 καὶ
2515 4404 2584 4455 τὰ
2618 4399 2763 4470 πάθη
2816 4398 2975 4470 ἡμῶν
3011 4396 3273 4459 πολλάκις
3311 4395 3405 4449 ἐπὶ
3430 4395 3493 4450 τὸ

218 4475 508 4579 MM:
550 4475 1803 4582 μελῳ-τείχει’ππδίςιλω’ὼῇέωιςιιηι
1830 4475 1884 4534 D
2118 4490 2556 4582 Δδαίιττρέῖτυγςσις.
2596 4482 2981 4582 mango»,
3026 4476 3070 4535 ὦ
3130 4480 3501 4582 ηέκνειηφησι

216 4592 430 4663 χιλίους
472 4592 739 4663 μοναχοὺς
764 4591 1203 4662 ἑνδοννέχουσαν.
1240 4591 1364 4665 Εἶχε
1421 4596 1477 4648 δὲ
1521 4596 1668 4649 ἔνδον
1714 4596 1808 4649 καί⁵

217 4676 462 4747 φρέατα,
505 4677 599 4728 καὶ
626 4676 1008 4747 παραδείσους,
1043 4678 1139 4730 καὶ
1184 4678 1285 4731 ὅσα
1322 4680 1470 4732 ἐστὶν
1510 4681 1806 4747 ἀναγκαῖα,

222 4760 462 4831 μηδενὸς
504 4762 617 4828 ἔξω
672 4765 801 4817 ποτὲ
863 4765 970 4818 τῶν
1027 4764 1276 4834 μοναχῶν
1325 4764 1600 4830 ἐξιόντων.
1648 4763 1810 4816 ’Δλλὰ

218 4845 604 4918 πρεσϐύτερος
631 4842 698 4917 ἦν
721 4849 749 4899 ὁ
779 4849 1045 4918 θυρωρὸς,
1095 4849 1297 4919 μηδένα
1345 4848 1645 4917 συγχωρῶν
1675 4848 1812 4912 ἐξιέ-

218 4948 339 4994 ναι,
376 4929 512 5000 μηδὲ
543 4932 769 4985 είσιέναι
803 4933 981 4997 ἄλλον,
1021 4932 1158 5003 πλὴν
1188 4933 1241 4986 εί
1272 4950 1372 4985 που
1422 4950 1509 4995 τις
1559 4932 1811 4985 ἐϐούλετο

217 5015 357 5085 ἄχρι
386 5014 644 5084 τελευτῆς
682 5018 801 5069 ἐκεῖ
827 5016 1166 5086 παραμένειν
1221 5016 1483 5086 μηδαμοῦ
1538 5016 1807 5088 προερχό-

222 5116 394 5169 μενος
422 5113 439 5129 ⁸
474 5099 533 5161 ὃς
560 5099 624 5169 δὴ
657 5101 750 5153 καὶ
778 5101 915 5171 πρὸς
940 5100 1032 5152 τὸν
1062 5099 1292 5152 πυλῶνα
1318 5102 1396 5162 είς
1429 5101 1622 5170 μικρὸν
1648 5118 1816 5154 κατα-

219 5182 435 5250 γώγιον
464 5183 593 5246 τοὺς
623 5184 945 5253 ἐρχομένους
977 5182 1202 5247 ἐξένιζε,
1244 5187 1339 5236 καὶ
1368 5183 1544 5247 διδοὺς
1565 5184 1815 5253 εὐλογίας

222 5266 380 5335 π’ρωτ
409 5268 469 5319 ἐν
513 5268 706 5341 είρήνῃ
749 5268 1095 5338 προέπεμπε.
1130 5267 1234 5319 Δύο
1261 5267 1318 5322 δέ
1358 5266 1419 5332 ἐξ
1467 5268 1645 5320 αὐτῶν
1676 5285 1816 5338 πρε⁶

226 5350 490 5421 δϐύτεροι
531 5351 691 5422 μόνον
736 5352 805 5404 τὰ
832 5352 968 5422 ἔργα
996 5351 1102 5404 τῶν
1153 5350 1419 5419 ἀδελφῶν
1488 5351 1817 5415 διοικοῦντες

222 5434 472 5501 ἐξίεσαν,
508 5437 604 5488 καὶ
654 5435 754 5497 τὰς
798 5436 1102 5503 ἀναγκαίας
1156 5436 1341 5497 αὐτοῖς
1377 5434 1566 5505 χρείας
1614 5435 1818 5488 ἀπεκό-

226 5518 676 5590 μιζονᾼῌΈλεγεν
704 5520 760 5572 δὲ
798 5521 929 5589 ἡμῖν
972 5520 1102 5590 ό-τῷ
1133 5519 1338 5572 πυλῶνι
1391 5520 1817 5590 προσκαρτερῶν

227 5585 631 5661 πρεσϐύτερος,
661 5585 937 5652 τοιούτους
974 5585 1113 5643 εἶναι
1142 5591 1267 5653 τοὺς
1317 5585 1474 5642 ἐνδον
1503 5585 1720 5658 ἁγίους,
1742 5590 1818 5653 ὼς

224 5672 497 5726 δύνασθαι
546 5675 757 5737 πάντας
807 5675 1009 5744 σημεῖα
1053 5673 1339 5739 ἐπιτελεῖν,
1380 5673 1476 5725 καὶ
1507 5673 1712 5744 μηδένα
1757 5672 1821 5739 ἐξ

227 5757 418 5814 αὐτῶν
461 5761 835 5830 προεμπεπίν
872 5760 953 5824 είς
997 5759 1150 5813 νόσον
1209 5757 1316 5829 πρὸ
1372 5756 1473 5827 τῆς
1520 5757 1815 5829 τελευτῆς·

1909 4577 2045 4649 πρὸς
2108 4576 2279 4645 ἡμᾶς,
2337 4572 2588 4643 βούλεται
2638 4570 2766 4631 τοὺς
2822 4566 3082 4649 δαίμονας
3142 4565 3500 4629 ἀπελαύνειν,

1912 4647 2175 4733 πρότερον
2214 4659 2285 4713 τὰ
2311 4657 2461 4729 πάθη
2490 4654 2755 4724 δουλώση.
2810 4647 2885 4705 Οῦ
2917 4651 3026 4721 γάρ
3059 4650 3125 4703 ἂν
3164 4650 3369 4733 πάθους
3406 4666 3496 4713 τις,

1914 4732 2292 4816 περιγένηται,
2333 4740 2523 4795 τούτου
2576 4739 2671 4790 καὶ
2716 4736 2807 4789 τὸν
2868 4735 3099 4804 δαίμονα
3152 4732 3495 4786 ἀπελαύνειδ

1912 4831 2008 4884 καὶ
2029 4831 2110 4884 δεῖ
2138 4829 2279 4882 κατά
2308 4825 2503 4896 μικρὸν
2539 4821 2682 4890 ὑμᾶς
2734 4818 3004 4871 δουλῶσαι
3058 4819 3125 4872 τά
3181 4819 3351 4888 πάθη,
3404 4816 3492 4869 ἵνα

1914 4915 2119 4970 τούτων
2146 4914 2272 4975 τοὺς
2328 4910 2591 4978 δαίμονας
2629 4904 2767 4957 ἀπελ
2782 4904 2975 4972 ἀσητε.
3010 4903 3242 4955 ’Ἑπεται
3279 4902 3497 4972 δαίμων

1912 5003 1982 5071 τῇ
2010 4993 2444 5068 γαστριμαργίᾳ.
2483 4990 2607 5044 Ἐάν
2645 4989 2736 5043 οῦν
2760 4986 2861 5054 τῆς
2888 4986 3328 5058 γαστριμαργίας
3356 5004 3498 5057 κρα-

1916 5087 2140 5154 τήσητε,
2165 5078 2498 5134 ἀπελαύνετε
2553 5074 2756 5146 ταύτης
2803 5075 2904 5128 τὸν
2958 5073 3213 5143 δαίμονα.
3266 5072 3491 5125 ’Ἡσθιεν

1916 5169 1973 5222 δὲ
2004 5168 2033 5220 ὁ
2055 5165 2303 5236 ἁνὴρτῆς
2331 5159 2624 5230 ἑϐδομάδος
2646 5159 2933 5229 δεύτερον,
2953 5157 3009 5211 ἐν
3037 5175 3097 5211 τε
3121 5159 3185 5228 τῇ
3215 5158 3496 5227 κυριακῇ,

1918 5252 2013 5307 καὶ
2042 5254 2108 5321 τῇ
2162 5250 2408 5318 πέμπτη,
2456 5244 2641 5312 ζωμὸν
2693 5243 2961 5310 ἀλεύρου,
3019 5242 3248 5312 μηδενὸς
3299 5241 3497 5310 ἑτέρου

1923 5336 2360 5409 μεταλαμϐάνειν
2410 5330 2728 5399 δυνάμενος,
2773 5328 2864 5382 διά
2910 5327 2972 5381 τὸ
3027 5325 3124 5399 τὴν
3176 5326 3290 5392 ἑξιν
3327 5324 3498 5380 αὑτοῦ

1921 5422 1981 5478 οῦ
1990 5440 2063 5476 τω
2090 5418 2482 5474 τετυπωκὲναι.

2509 5500 2761 5556 ΚΕΦΑΛ.
2789 5498 2909 5552 OE'.

2164 5586 2301 5654 Περὶ
2337 5583 2488 5642 ἀϐὄᾶ
2526 5584 2823 5655 Εὐλογίου
2856 5580 3292 5651 πρεσϐυτέρου.

1997 5673 2211 5742 Ἰδομεν
2233 5672 2296 5725 δέ
2336 5672 2431 5723 καὶ
2476 5669 2635 5725 ἄλλον
2666 5667 3056 5740 πρεσϐύτερον
3101 5666 3360 5735 Εὐλόγιον
3387 5662 3498 5716 ὀνό-

1928 5774 2077 5831 ματι,
2096 5756 2153 5821 ὃς
2184 5757 2240 5809 ἐν
2263 5753 2341 5822 τῷ
2367 5754 2697 5825 προσφέρειν
2713 5754 2789 5823 τῷ
2810 5752 2928 5821 Θεῷ
2945 5753 3011 5806 τὰ
3027 5748 3197 5822 δῶρα,
3230 5746 3501 5818 τοσαύτην
