4040 6524
256 300 383 357 “8|

1482 304 1795 360 HISTORIA
1844 306 2199 366 LAUSIACA.

3341 321 3479 379 “82

252 420 475 495 gratiam
500 417 837 489 cognitionis,
855 425 913 471 ut
954 416 1346 486 unuscujusque
1368 429 1430 469 ex
1476 415 1540 469 iis
1565 415 1652 485 qui
1674 431 1821 472 acce-
1850 426 1896 483 Λ
1998 422 2107 476 lloc
2157 432 2331 479 autem
2362 428 2675 482 miraculum
2705 425 2828 483 fecit
2872 430 3057 485 beatus
3079 430 3390 487 Posidonius
3432 432 3485 488 in

251 514 448 569 defiunt
469 510 741 565 monachis
754 517 981 563 mentem
996 522 1269 577 cognoscet
1283 518 1335 561 et
1357 505 1550 577 (Ra/72,
1574 506 1612 560 ι.
1632 522 1814 575 u,cap.

256 601 368 671 η).
398 598 449 654 Is
474 614 595 654 cum
627 614 770 666 sape
797 598 1014 652 vidisset
1034 598 1238 666 aliquos
1262 597 1549 649 monachos
1574 596 1637 648 ad
1674 612 1819 650 aram

252 710 583 759 accessuros,
616 707 709 747 eos
740 692 977 756 retinnit,
1008 692 1191 744 dicens
1242 707 1257 742 :
1309 690 1586 755 Quomodo
1614 689 1820 742 audetis

251 793 318 849 ad
334 802 527 849 sancta
555 789 813 844 accedere
842 795 1193 849 sacramenta,
1222 797 1342 837 cum
1390 782 1626 835 habeatis
1654 781 1820 834 malas

250 880 637 951 cogitationes?
666 877 730 930 Et
758 886 812 929 tu
841 874 1055 943 quidem
1081 872 1179 927 hac
1209 880 1366 926 nocte
1386 871 1567 924 animo
1597 870 1817 923 versasti

252 980 462 1042 turpem
514 965 874 1023 fornicationis
918 962 1321 1031 cogitationem;
1368 960 1502 1014 alius
1540 971 1715 1014 autem
1765 961 1819 1014 in

250 1065 432 1119 animo
452 1076 552 1116 suo
580 1056 861 1127 reputavit,
883 1054 1067 1108 dicens
1099 1052 1229 1107 nihil
1257 1051 1463 1107 referre
1484 1065 1551 1105 an
1574 1060 1820 1119 peccator

247 1169 318 1209 an
344 1151 520 1222 justus
548 1148 766 1204 accedat
794 1145 861 1199 ad
891 1144 984 1199 Dei
1028 1142 1287 1213 gratiam;
1339 1142 1472 1197 alius
1523 1150 1698 1195 autem
1753 1140 1820 1194 de

247 1244 391 1299 dono
419 1240 701 1302 dubitavit,
753 1236 941 1290 dicens
995 1250 1009 1286 :
1061 1233 1304 1301 Nunquid
1345 1247 1431 1286 me
1479 1230 1817 1285 accedentem

247 1329 641 1390 sanctiﬁcabitt
673 1329 861 1383 Parum
893 1340 1018 1395 ergo
1047 1324 1279 1379 secedite
1323 1337 1353 1375 a
1400 1322 1598 1375 sanctis
1649 1334 1821 1374 sacra-

248 1427 465 1494 mentis,
506 1434 561 1481 et
587 1440 652 1480 ex
681 1424 858 1476 animo
886 1422 1025 1492 agite
1054 1418 1445 1488 penitentiam,
1476 1425 1535 1470 ut
1579 1417 1648 1470 sit
1673 1414 1821 1469 vobis

244 1518 491 1575 remissio
540 1524 902 1585 peccatorum,
931 1520 985 1566 et
1022 1511 1139 1564 sitis
1164 1508 1309 1578 digni
1358 1508 1550 1562 Christi
1582 1522 1820 1562 comnm-

244 1611 431 1665 nione.
456 1606 566 1661 Nisi
596 1605 737 1660 enim
785 1604 1011 1672 primum
1043 1599 1424 1655 mundaveritis
1454 1599 1815 1671 cogitationes,

243 1714 354 1756 nou
375 1697 616 1767 poteritis
635 1696 699 1751 ad
721 1694 914 1751 Christi
936 1695 1158 1761 gratiam
1182 1692 1458 1748 accedere.

767 1784 989 1841 CAPUT
1031 1783 1262 1839 LXXVI.

553 1878 672 1933 Vita
702 1876 997 1945 Serapionis
1021 1874 1171 1947 (I24)
1194 1875 1491 1945 presbyteri.

323 1974 559 2031 Vidimus
584 1988 711 2027 vero
740 1972 901 2027 etiam
931 1986 983 2024 tn
1016 1969 1250 2039 partibus
1275 1969 1567 2023 Arsenoiue
1600 1967 1819 2038 presby-

240 2075 413 2122 terum
444 2064 749 2134 quemdam,
803 2063 1018 2117 nomine
1066 2061 1410 2130 Serapionem
1468 2060 1722 2130 (Rulf.,l.
1754 2076 1815 2126 tt,

238 2174 363 2230 cap.
396 2157 511 2227 18),
544 2156 756 2210 Patrem
808 2153 1091 2209 multorum
1151 2150 1616 2213 monasteriorum,
1649 2159 1701 2204 et
1729 2150 1815 2218 qui

240 2258 440 2318 praeest
492 2246 668 2301 multa:
724 2242 1062 2305 fraternitati,
1095 2250 1151 2295 ut
1198 2243 1285 2311 qui
1330 2240 1436 2295 sint
1464 2238 1643 2293 decies
1672 2239 1818 2295 mille

241 2353 490 2405 numero,
541 2350 891 2406 magnamque
922 2348 1014 2402 per
1040 2332 1231 2388 fratres
1258 2332 1563 2400 exsequitur
1606 2331 1817 2400 dispen-

241 2429 529 2493 sationem,
550 2444 671 2483 cum
694 2440 880 2480 omnes
903 2425 1081 2491 simul,
1113 2436 1349 2494 tempore
1384 2424 1598 2490 messis,
1630 2437 1816 2478 omnes

240 2535 374 2576 suos
396 2520 594 2574 fructus
621 2518 688 2573 ad
716 2517 891 2587 ipsum
922 2516 1162 2580 afferant,
1186 2530 1321 2586 quos
1354 2531 1447 2584 pro
1467 2515 1651 2570 messis
1677 2530 1818 2570 mer-

238 2612 380 2665 cede
402 2617 745 2677 acceperunt,
772 2607 1135 2677 unusquisque
1162 2606 1413 2661 frumenti
1448 2620 1653 2660 annuas
1677 2604 1816 2659 duo-

242 2700 423 2755 decim
447 2700 659 2754 arlabas
689 2697 864 2767 (125),
888 2697 976 2765 qui
1000 2704 1125 2750 sunt
1151 2696 1323 2751 veluti
1351 2695 1695 2765 quadraginta
1725 2694 1815 2763 qui

241 2786 386 2856 apud
416 2801 514 2841 nos
540 2784 791 2839 dicuntur
810 2784 1008 2849 modii;
1041 2794 1095 2839 et
1121 2797 1184 2838 ea
1213 2786 1277 2837 ad
1300 2783 1653 2838 ministerium
1684 2799 1815 2853 pau-

242 2891 434 2947 perum
469 2891 562 2945 per
589 2890 649 2932 se
669 2875 962 2944 dispensat,
993 2875 1126 2930 adeo
1150 2882 1210 2929 ut
1236 2874 1491 2943 deinceps
1527 2877 1577 2929 in
1606 2890 1666 2929 ea
1697 2890 1816 2945 qua

240 2978 331 3024 est
355 2968 695 3023 circumcirca
732 2967 945 3037 regione
977 2966 1149 3020 nullus
1176 2965 1245 3019 sit
1285 2981 1504 3035 pauper,
1532 2965 1627 3020 sed
1653 2967 1812 3022 etiam

242 3059 424 3114 mittat
441 3058 506 3112 ad
527 3072 621 3112 eos
650 3056 739 3127 qui
765 3063 892 3111 sunt
919 3055 1256 3110 Alexandrina
1279 3070 1561 3123 pauperes.
1594 3056 1696 3111 Sed
1721 3072 1816 3111 ne-

245 3165 356 3220 que
397 3146 637 3218 praedicti
683 3147 868 3203 Patres
920 3161 1012 3215 per
1042 3154 1204 3199 totam
1255 3145 1539 3215 [Egyptum
1587 3163 1814 3216 unquam
1844 3133 1888 3197 C

247 3241 598 3310 neglexerunt
615 3240 748 3292 hanc
770 3237 1285 3292 administrationem
1307 3237 1431 3303 ;sed
1452 3252 1518 3292 ex
1546 3237 1816 3293 laboribus

246 3327 622 3394 fraternitatis,
652 3327 856 3396 navigia
888 3326 1038 3394 plena
1069 3324 1337 3380 frumento
1396 3337 1449 3382 et
1488 3328 1819 3384 vestimentis

244 3421 571 3491 pauperibus
618 3421 875 3474 miserunt
922 3418 1321 3485 Alexandriam,
1374 3428 1650 3489 propterea
1676 3417 1817 3488 quod

245 3513 359 3568 rari
379 3521 556 3569 essent
585 3512 727 3583 apud
753 3512 898 3579 ipsos
923 3513 1011 3580 qui
1050 3527 1159 3581 egei
1174 3522 1285 3566 ent.

778 3602 1001 3659 CAPUT
1043 3601 1295 3657 LXXVII.

718 3692 836 3747 Vita
858 3695 1048 3747 abbatis
1070 3692 1355 3750 Posidonii.

326 3788 589 3846 Posidonii
620 3788 858 3843 Thebani
906 3789 1066 3841 multa
1096 3788 1309 3856 quidem
1334 3795 1477 3852 sunt,
1502 3802 1673 3855 eaque
1698 3802 1822 3840 nar-

246 3892 371 3937 ratu
412 3878 666 3947 difficilia,
699 3880 1140 3948 quemadmodum
1182 3887 1297 3930 erat
1355 3880 1522 3941 mitis,
1577 3886 1632 3931 et
1662 3879 1713 3930 in
1762 3891 1821 3932 se

245 3970 553 4028 exercendo
592 3970 902 4033 acerrimus,
953 3978 1007 4022 et
1034 3977 1227 4037 quanta
1279 3968 1435 4020 fuerit
1481 3967 1533 4020 in
1563 3982 1630 4021 eo
1668 3967 1821 4021 inno-

244 4065 450 4125 centia.
471 4062 660 4118 Nescio
685 4074 750 4113 an
774 4060 936 4114 ullum
962 4059 1118 4113 talem
1144 4057 1505 4111 convenerim.
1534 4056 1653 4111 Vixi
1679 4058 1820 4110 enim

244 4168 463 4209 cumeo
515 4167 656 4207 anno
682 4165 791 4204 uno
822 4149 875 4203 in
930 4148 1224 4214 Bethleem,
1281 4148 1493 4217 quando
1519 4147 1656 4201 sedit
1687 4148 1821 4201 ultra

252 4246 590 4303 Pmmeuium
624 4242 795 4315 (l26),
819 4250 874 4296 ct
901 4241 1090 4295 multas
1113 4238 1216 4292 vidi
1247 4238 1361 4308 ejus
1390 4239 1639 4303 virtutes;
1665 4248 1823 4305 atque

240 4340 400 4393 inter
444 4346 637 4391 caetera
688 4335 800 4403 ipse
831 4332 955 4386 mihi
988 4322 1211 4401 quodam
1240 4331 1324 4385 die
1355 4330 1590 4382 narravit
1617 4346 1629 4380 :
1687 4328 1820 4383 Cum

253 4429 574 4493 habitarem,
608 4427 797 4495 inquit,
829 4428 879 4478 in
911 4425 1027 4477 loco
1049 4421 1361 4491 Porphyrite
1392 4434 1533 4473 anno
1551 4435 1675 4483 uno,
1711 4428 1822 4472 toto

249 4533 403 4574 anno
430 4518 629 4572 nullum
661 4515 929 4569 hominem
953 4512 1197 4576 conveni,
1230 4526 1333 4563 non
1357 4510 1529 4563 audivi
1562 4510 1817 4563 sermoci-

254 4614 553 4678 nationem,
586 4625 690 4664 non
722 4623 911 4679 panem
940 4607 1165 4676 gustavi,
1200 4603 1299 4657 nisi
1331 4604 1373 4657 si
1402 4603 1615 4669 quando
1646 4605 1828 4671 paucis

254 4714 444 4757 uterer
470 4701 717 4771 dactylis,
749 4707 803 4753 et
830 4697 995 4752 sicubi
1028 4692 1534 4749 herbasinvenirem
1566 4701 1824 4762 agrestes.

250 4798 393 4863 Quo.
418 4794 630 4864 quidem
664 4802 902 4860 tempore
928 4803 1048 4843 cum
1094 4787 1195 4842 mei
1237 4800 1400 4856 panes
1426 4785 1709 4855 aliquando
1736 4787 1828 4839 de-

248 4890 539 4955 fecissent,
569 4900 814 4956 egressus
863 4886 1331 4951 sumespeluuca,
1376 4892 1434 4936 ut
1486 4883 1723 4936 venirem
1772 4882 1828 4936 in

250 4984 451 5037 orbem
483 4989 637 5035 terra:
665 4976 1026 5039 habitabilem,
1056 4983 1256 5029 etcum
1284 4983 1395 5028 toto
1439 4974 1527 5028 die
1553 4972 1824 5027 ambulas-

257 5088 411 5137 sem,
440 5072 525 5125 vis
552 5070 767 5125 aberam
801 5084 831 5123 a
857 5068 1104 5136 spelunca
1126 5065 1233 5119 duo
1248 5066 1513 5119 milliaria.
1538 5066 1666 5117 Cum
1700 5078 1828 5133 ergo

256 5163 791 5233 circumspexissem,
810 5160 967 5215 video
990 5159 1217 5228 equitem
1244 5158 1426 5212 militis
1456 5158 1688 5211 habitum
1721 5172 1828 5225 prze

255 5273 328 5314 se
353 5256 627 5320 ferentem,
657 5253 939 5307 habentem
984 5266 1036 5303 in
1063 5250 1235 5317 capite
1268 5249 1469 5317 galeam
1507 5247 1824 5311 tiariferam;

250 5358 319 5406 et
350 5361 469 5402 cum
498 5344 880 5413 conjectassem
927 5355 1049 5395 eum
1089 5352 1208 5392 esse
1264 5338 1506 5407 militem,
1565 5339 1829 5405 prolectus

250 5453 383 5496 sum
427 5451 590 5506 usque
617 5435 682 5488 ad
719 5434 1046 5503 speluncam,
1077 5437 1132 5484 et
1159 5428 1339 5483 inveni
1387 5427 1673 5481 canistrum
1707 5441 1828 5479 uva-

253 5546 387 5587 rotn
412 5537 468 5584 et
494 5528 687 5583 licitum
716 5540 883 5595 nuper
903 5524 1272 5591 decerptarum
1307 5535 1500 5589 :quem
1532 5535 1649 5574 cum
1679 5532 1820 5571 acce-

255 5622 491 5694 pissem,
522 5619 675 5673 hctus
706 5617 822 5672 veni
867 5614 933 5669 ad
978 5612 1308 5682 speluncam,
1362 5611 1570 5665 habens
1621 5609 1828 5665 duobus

253 5709 542 5772 mensibus
569 5711 716 5767 cibos
744 5708 861 5764 illos
891 5707 956 5761 ad
978 5720 1145 5761 meam
1178 5702 1543 5760 refectionem.

1853 1776 1901 1837 Β

1929 508 2221 566 Bethleem.
2246 512 2499 579 Quaedam
2528 516 2715 571 mulier
2735 518 2949 586 gravida
2972 518 3199 573 ha'b'ebat
3238 520 3481 588 spiritum

1924 596 2275 664 immundum,
2304 612 2359 656 et
2410 603 2462 658 in
2494 604 2609 673 ipso
2641 613 2881 676 tempore
2927 621 3033 676 quo
3063 616 3179 661 erat
3228 610 3481 677 paritura,

1923 686 2195 742 laborabat
2238 689 2291 744 in
2334 700 2510 760 partu,
2542 694 2707 762 ipsam
2756 704 3063 749 conterente
3106 695 3312 763 spiritu.
3342 696 3475 750 Cum

1921 791 2049 845 ergo
2076 793 2102 829 a
2126 779 2369 834 dmmone
2399 793 2677 838 vexaretur
2707 786 2916 851 mulier,
2945 784 3157 837 advenit
3184 783 3299 854 ejus
3325 784 3487 837 mari-

1923 876 2026 932 tus,
2051 879 2103 923 et
2154 872 2357 939 rogavit
2402 885 2643 928 sanctum
2686 875 2831 929 illum
2864 884 2921 928 ut
2949 874 3159 931 adesset
3193 892 3207 928 :
3236 885 3290 930 et
3335 875 3485 929 nobis

1923 958 2173 1026 ingressis
2226 964 2291 1016 ad
2333 966 2627 1032 orandum,
2688 982 2808 1022 cum
2866 971 3098 1023 stetisset
3143 980 3195 1023 et
3243 978 3486 1038 pret-atus

1923 1059 2085 1113 esset,
2120 1062 2240 1119 post
2263 1054 2550 1108 secundam
2574 1056 3023 1124 genuflesionem,
3044 1058 3197 1127 ejecit
3221 1058 3483 1127 spiritum.
3540 1088 3545 1099 ι

1923 1142 2158 1210 Surgens
2183 1152 2357 1198 autem
2387 1144 2518 1198 dixit
2546 1147 2700 1201 nobis
2753 1164 2766 1199 :
2823 1148 3007 1213 Orate,
3034 1149 3193 1202 modo
3216 1148 3359 1203 enim
3388 1162 3484 1201 ex-

1922 1231 2133 1298 pellitur
2156 1232 2459 1287 immundus
2487 1236 2727 1303 Spiritus.
2762 1236 2984 1305 Oportet
3024 1247 3200 1292 autein
3228 1253 3348 1293 esse
3378 1236 3479 1291 ali-

1920 1322 2059 1390 quod
2113 1323 2319 1388 signum
2368 1336 2423 1378 ut
2453 1324 2521 1380 de
2574 1342 2638 1380 eo
2667 1326 2854 1382 fiamus
2884 1327 3162 1384 certiores.
3196 1328 3487 1397 Egrediens

1920 1423 2095 1467 autem
2126 1415 2355 1483 daemon,
2388 1417 2549 1473 diruit
2569 1433 2599 1471 a
2622 1419 2967 1475 fundamento
2994 1431 3159 1475 totum
3212 1421 3347 1475 aula:
3392 1435 3484 1490 pa—

1921 1509 2130 1563 rietem.
2177 1507 2367 1565 Mulier
2416 1520 2592 1565 autem
2629 1514 2888 1567 sexennio
2919 1529 3025 1567 non
3080 1512 3251 1567 fuerat
3280 1514 3487 1574 locuta;

1921 1612 2197 1669 postquam
2224 1611 2399 1659 autem
2442 1616 2688 1673 egressus
2718 1614 2800 1660 est
2839 1603 3069 1672 daemon,
3098 1612 3152 1659 et
3180 1604 3403 1673 peperit,
3435 1612 3489 1657 et

1920 1693 2093 1747 locuta
2115 1704 2217 1749 est.

2452 1764 2675 1841 CAPUT
2706 1764 2988 1820 Lxxvm.

2396 1854 2469 1907 De
2493 1852 2801 1924 Hieronymo
2828 1854 2994 1925 (127).

1993 1943 2159 2015 Hujus
2183 1955 2354 2001 sancti
2377 1948 2500 1999 novi
2532 1946 2668 2000 hanc
2710 1960 2921 2015 quoque
2972 1945 3489 2015 prophetiatn;llie-

1918 2050 2175 2104 runymus
2198 2034 2341 2090 enim
2391 2034 2603 2104 quidam
2654 2037 2929 2104 presbyter
2958 2035 3233 2091 habitabat
3276 2038 3330 2089 iu
3382 2037 3485 2090 illis

1918 2125 2073 2192 locis,
2102 2127 2189 2195 qui
2237 2127 2291 2179 in
2340 2140 2589 2182 sermone
2623 2125 2864 2180 Romano
2915 2141 3101 2196 magna
3128 2136 3243 2181 erat
3288 2126 3484 2180 virtute

1921 2235 2161 2290 ornatus,
2190 2233 2244 2277 et
2274 2224 2533 2293 przcclaro
2576 2225 2817 2293 ingenio;
2848 2225 2944 2282 sed
2973 2232 3114 2280 tanta
3146 2227 3242 2280 fuit
3269 2226 3383 2294 ejus
3405 2226 3486 2279 in-

1922 2316 2083 2379 vidia.
2115 2325 2173 2371 ut
2199 2317 2265 2371 ab
2295 2332 2355 2371 ea
2380 2319 2694 2373 obrueretur
2712 2320 2882 2373 virtus
2904 2318 3179 2373 doctrinae.
3201 2317 3332 2372 Cum
3355 2332 3483 2387 ergo

1918 2407 2094 2462 multis
2115 2409 2303 2464 diebus
2333 2424 2450 2463 cum
2481 2423 2547 2463 eo
2576 2417 2819 2464 versatus
2856 2416 3002 2465 esset
3029 2418 3239 2463 sanctus
3268 2406 3485 2462 Posido-

1919 2501 2060 2567 nius,
2090 2499 2218 2554 dicit
2247 2500 2375 2554 mihi
2407 2500 2458 2554 in
2486 2514 2668 2555 aurem
2699 2517 2713 2556 τ

2441 2610 2667 2667 CAPUT
2698 2608 2935 2666 LXXIX.

2458 2722 2533 2776 De
2564 2722 2732 2776 Paula
2760 2722 2933 2792 (128).
3246 2778 3255 2785 ,

1991 2814 2222 2883 Ingentia
2251 2813 2463 2883 quidem
2488 2814 2670 2881 Paula,
2689 2828 2806 2883 qua:
2823 2814 2938 2884 ejus
2958 2828 3136 2868 curam
3157 2813 3311 2884 gerit,
3340 2825 3483 2881 prat-

1918 2906 2173 2960 morietur
2197 2905 2413 2960 liberata
2441 2905 2508 2959 ab
2529 2904 2643 2974 ejus
2666 2904 2883 2959 invidia.
2915 2904 2982 2958 Ut
3007 2913 3184 2958 autem
3214 2904 3444 2957 arbitror
3463 2942 3480 2967 ,

1917 3006 2131 3065 propter
2160 2995 2305 3051 hunc
2350 2997 2520 3050 virum
2572 3010 2677 3049 non
2738 2994 2991 3049 habitabit
3043 2998 3123 3048 vir
3167 3003 3381 3047 sanctus
3426 2993 3479 3047 in

1920 3086 2001 3141 his
2052 3086 2203 3152 locis,
2256 3085 2351 3140 sed
2401 3085 2517 3155 ejus
2569 3086 2818 3154 pervadet
2869 3084 3061 3139 invidia
3092 3085 3174 3141 vel
3206 3098 3372 3155 usque
3408 3084 3479 3138 ad

1920 3181 2191 3249 proprium
2244 3177 2481 3232 fratrem.
2527 3177 2736 3247 Resque
2766 3178 2831 3231 ita
2862 3177 3070 3231 accidit.

2468 3291 2689 3350 CAPUT
2728 3290 2918 3345 LXXX

2467 3404 2543 3457 De
2569 3405 2929 3474 Oxyperentio.

1994 3494 2200 3548 Etenim
2228 3493 2441 3549 beatum
2490 3495 2904 3564 Oxyperentium
2954 3494 3135 3549 ltaium
3158 3495 3203 3550 is
3238 3494 3361 3549 hinc
3387 3508 3480 3550 es-

1922 3587 2073 3655 pum'
2448 3654 2672 3709 CAPUT
2732 3654 2966 3711 LXXXI.

2556 3744 2726 3797 DeP

2556 3760 2634 3799 ue
2685 3760 2835 3800 t’etro

1979 3838 2045 3893 Et
2073 3837 2288 3893 Petrum
2316 3836 2477 3893 alium
2507 3836 2786 3905 quemdam
2814 3832 3141 3904 Egyptium.

2450 3945 2674 4000 CAPUT
2703 3945 2959 4000 LXXXII.

2523 4034 2600 4089 De
2625 4036 2881 4091 Simeone.

1986 4124 2053 4179 Et
2072 4124 2405 4191 Simeonem,
2420 4125 2562 4179 viros
2575 4125 2935 4188 admirabiles,
2947 4138 3081 4194 quos
3096 4137 3194 4192 ego
3215 4122 3485 4177 adnotavi.

1996 4216 2241 4271 Narravit
2269 4216 2397 4270 mihi
2450 4216 2538 4271 hic
2586 4215 2898 4269 Posidonius
2919 4215 3403 4270 continentissimus
3434 4224 3488 4271 et

1926 4309 2137 4362 virtutis
2184 4308 2714 4369 observantissimus,
2736 4306 2876 4376 quod
2924 4307 3267 4377 quadraginta
3291 4306 3484 4361 abhinc

1928 4401 2080 4454 annis
2123 4414 2311 4467 panem
2341 4415 2444 4452 non
2477 4406 2762 4468 gustasset,
2792 4411 2964 4466 neque
3009 4407 3241 4465 accepta:
3281 4396 3490 4467 injurias

1852 4513 1903 4572 D
1929 4495 1995 4547 sit
2021 4492 2323 4547 recordatus
2345 4506 2510 4561 usque
2536 4491 2600 4546 ad
2628 4492 2732 4546 diei
2756 4490 3052 4545 dimidium.

1998 4585 2123 4639 lianc
2148 4593 2273 4638 sunt
2290 4585 2584 4639 certamina
2608 4595 2660 4640 et
2683 4587 2829 4653 signa
2850 4583 3087 4651 praeclari
3102 4581 3293 4636 Christi
3318 4581 3490 4635 athle-

1924 4683 1992 4729 te
2016 4674 2307 4741 Posidonii,
2334 4691 2450 4744 quie
2479 4674 2598 4729 fecit
2626 4673 2954 4744 providentia
2980 4673 3097 4741 ejus
3114 4687 3232 4742 quae
3260 4680 3347 4726 est
3367 4687 3487 4726 om—

1924 4767 2069 4820 nium
2116 4767 2364 4819 virtutum
2411 4766 2664 4829 maxima;
2699 4772 2754 4819 et
2809 4764 2861 4818 in
2890 4765 2971 4818 bis
3002 4772 3083 4817 est
3112 4762 3335 4832 insignis
3364 4763 3483 4816 linis

1933 4853 2055 4909 vita:
2084 4853 2240 4924 hujus
2270 4855 2429 4909 beati.

2444 4963 2667 5018 CAPUT
2694 4962 2976 5017 LXXXIII.

2243 5054 2354 5107 Vita
2385 5053 2677 5123 Serapionis
2708 5052 2855 5122 (fit!)
2888 5052 3195 5107 Siudonittz.

2007 5143 2127 5198 Fuit
2154 5143 2288 5197 alius
2314 5141 2527 5212 quidam
2555 5143 2810 5211 Serapion
2839 5141 3142 5196 Sindonites
3180 5140 3321 5208 (nam
3360 5153 3470 5207 pra:

1936 5249 2017 5288 ter
2051 5235 2323 5289 sindonem
2366 5234 2495 5288 nihil
2545 5249 2771 5303 unquam
2804 5231 3099 5300 induebat),
3131 5232 3217 5300 qui
3256 5231 3496 5285 exercuit

1939 5342 2181 5396 magnam
2231 5327 2622 5396 possessionum
2678 5334 2731 5378 et
2779 5324 3082 5377 facultatum
3132 5323 3495 5376 vacuitatem:

1936 5434 2093 5487 quam
2122 5419 2189 5473 ob
2217 5433 2428 5474 causam
2463 5427 2515 5472 et
2547 5417 2887 5485 impa~sibilis
2911 5415 3216 5470 vocabatur.
3244 5414 3375 5467 Cum
3403 5426 3492 5467 es.

1937 5522 2018 5567 set
2061 5520 2234 5565 autem
2284 5510 2558 5579 imperitus
2603 5507 2918 5570 litterarum,
2960 5504 3268 5559 memoriter
3292 5500 3500 5556 dicebat

1935 5618 2121 5659 omnes
2150 5603 2469 5671 Scripturas.
2504 5601 2567 5655 Et
2586 5611 2755 5668 neque
2775 5596 2843 5652 ob
2875 5598 3261 5665 possessionum
3289 5600 3500 5663 egesta-

1936 5704 2044 5752 tem
2073 5703 2127 5751 et
2170 5693 2559 5764 Scripturarum
2608 5687 3003 5747 meditationem
3049 5684 3220 5756 potuit
3259 5683 3318 5739 in
3362 5682 3500 5739 cella
