4040 6558
699 342 838 401 1183

2159 349 2476 412 PALLADII

3692 379 3769 439 1181

698 474 1001 542 quiescere,
1051 491 1153 531 non
1182 477 1322 549 quod
1350 478 1649 535 traheretur
1693 493 1722 534 a
1767 488 1978 534 ‘errena
2018 479 2261 545 materia,
2293 470 2340 529 Α
2368 472 2435 526 de
2466 474 2856 529 feneratoribus
2881 483 2936 529 ut
2954 474 3033 531 eis
3051 474 3427 543 satisfacerent,
3445 480 3770 560 ipsumnam“;

697 564 794 617 sed
823 566 964 633 quod
990 571 1334 636 apostolicam
1363 574 1521 625 vitam
1546 573 1866 635 sectabatur,
1899 571 2087 624 orbem
2117 580 2272 625 term

698 653 891 709 obiens
938 660 1329 714 exactissimam
1361 662 1688 730 paupertatis
1733 661 1975 715 sirtutem
2025 660 2273 729 praescie-

700 746 871 812 rebot,
903 750 981 804 sie
1008 760 1063 804 ut
1091 752 1375 819 perfectam
1418 753 1895 821 impassibilitatem
1921 753 2005 807 hic
2033 754 2104 808 sit
2128 768 2275 807 asse-

699 847 874 893 cutus.
909 840 1072 896 Natus
1096 845 1238 896 enim
1262 853 1374 897 erat
1416 844 1512 899 hac
1542 855 1759 911 natura;
1792 855 1913 899 sunt
1940 836 2081 901 enim
2112 852 2273 898 natu-

696 942 901 991 rarum,
935 947 1039 984 non
1090 932 1504 987 substantiarum
1536 934 1851 990 differentia:
1888 935 2073 1005 (Caute
2118 935 2271 1007 lege).

706 1015 1000 1072 Narrabant
1052 1020 1227 1088 itaque
1260 1021 1475 1089 Patres,
1510 1024 1648 1093 quod
1680 1041 1799 1079 cum
1822 1026 2105 1093 quemdam
2133 1040 2275 1079 acce-

700 1108 865 1176 pisset
897 1113 1301 1168 exercitatorem
1332 1117 1421 1184 qui
1462 1132 1581 1169 cum
1611 1132 1675 1171 eo
1707 1117 1933 1181 luderet,
1980 1133 2035 1171 se
2061 1118 2111 1171 in
2143 1133 2272 1187 qua-

694 1202 818 1254 dam
847 1202 977 1256 urbe
997 1204 1283 1274 gentilibus
1303 1206 1538 1260 vendidit
1568 1208 1909 1263 histrionibus
1937 1209 2117 1277 viginti
2143 1208 2270 1262 soli-

699 1291 781 1345 dis
815 1290 985 1363 (150),
1019 1302 1072 1347 et
1110 1310 1231 1349 cum
1275 1296 1661 1352 recondidisset
1688 1299 1888 1352 solidos
1936 1300 2037 1353 sui;
2070 1298 2268 1369 sigillo,

693 1397 790 1435 eos
838 1383 975 1452 apud
1031 1398 1089 1438 se
1142 1387 1634 1442 servabat.Tamliu
1686 1402 1861 1444 autem
1904 1391 2193 1458 permansit
2218 1400 2271 1444 et

694 1475 880 1528 serviit
910 1477 1087 1531 mimis
1113 1479 1198 1545 qui
1242 1494 1363 1533 eum
1392 1492 1648 1545 emerant,
1676 1482 1845 1536 donec
1860 1498 1951 1537 eos
1975 1483 2097 1537 fecit
2121 1484 2272 1537 Chr?-

697 1563 923 1627 stianos,
973 1577 1025 1621 et
1054 1583 1149 1621 eus
1188 1570 1382 1623 avulsit
1414 1588 1439 1620 a
1482 1573 1688 1624 theatro
1721 1589 1733 1625 :
1768 1567 1958 1640 praeter
1996 1589 2185 1641 panem
2218 1582 2271 1627 et.

692 1669 882 1722 aquam
914 1657 1040 1710 nihil
1064 1673 1301 1719 sumens,
1324 1676 1495 1727 neque
1522 1677 1629 1729 prae
1661 1663 2004 1716 meditatione
2032 1662 2270 1731 S'riptu-

692 1757 869 1796 rarum
898 1759 991 1799 ore
1018 1746 1182 1800 silens
1211 1764 1227 1804 :
1261 1747 1417 1818 longo
1438 1763 1611 1803 autem
1629 1760 1866 1817 tempore
1890 1752 2093 1821 primus
2122 1766 2270 1805 com-

2378 564 2476 620 L’bi
2505 567 2660 619 sunt?
2686 567 2802 634 quis
2821 576 2903 620 est
2933 568 3019 637 qui
3046 566 3138 620 tibi
3160 566 3377 621 exhibet
3398 573 3775 647 molestiam“.

2372 660 2441 711 de
2466 657 2619 710 nobis
2644 673 2765 711 eum
2784 701 2797 717 .
2827 666 2883 711 ut
2906 657 2999 711 tibi
3029 658 3256 711 teramus
3283 661 3520 720 auxilium.
3542 668 3649 727 Tunc
3666 680 3717 731 eis
3732 684 3774 736 ti.

2372 746 2485 801 cit:
2516 746 2813 801 Molestiam
2861 747 2988 800 mihi
3034 746 3277 802 exhibuit
3316 752 3523 820 avaritia,
3561 770 3602 812 ei
3635 769 3778 833 sub,“

2374 835 2686 903 farnicatio;
2719 846 2771 917 et
2792 852 2819 890 a
2849 838 3055 892 duobus
3074 839 3289 907 quidem
3317 854 3424 895 sum
3451 844 3777 919 Ιίιιοηιις,ιιιιι.

2373 929 2442 980 tia
2466 914 2741 983 scilicetst
2769 928 3148 991 fornicatione;
3177 943 3352 995 neque
3369 938 3487 988 enim
3512 914 3655 997 aurum
3668 914 3779 1015 habe,

2372 1034 2547 1090 neque
2568 1021 2769 1088 aliquid
2806 1020 2945 1074 aliud
2981 1021 3257 1086 possideo;
3290 1038 3390 1079 non
3429 1026 3779 1109 fmordeliciisqua

2372 1120 2492 1164 sunt
2516 1110 2749 1165 nutrices
2779 1109 2934 1179 hujus
2965 1111 3137 1165 morbi
3168 1127 3181 1164 :
3210 1113 3445 1181 quocirca
3466 1118 3569 1173 nihil
3587 1125 3679 1179 milii
3692 1132 3769 1186 uti

2369 1202 2497 1257 bent.
2525 1204 2755 1270 amplius
2804 1204 3084 1258 molestiae.
3135 1207 3177 1258 Α
3220 1204 3341 1274 gula
3370 1217 3517 1263 autem
3549 1228 3627 1267 non
3650 1231 3779 1283 ροαυ.

2372 1294 2657 1357 recedere;
2678 1293 2786 1361 jam
2821 1294 2962 1347 enim
2990 1304 3214 1362 quatuor
3238 1293 3417 1348 diebus
3442 1298 3551 1352 nihil
3582 1308 3784 1369 comi,a

2371 1386 2499 1439 mihi
2534 1390 2699 1454 pergit
2724 1395 2911 1439 ven'er
2931 1386 3228 1439 molestiam
3253 1388 3502 1451 exhibere.
3520 1407 3783 1460 ιιιιειαιιωι.

2371 1486 2580 1531 suetant
2622 1476 2882 1541 debitum,
2916 1477 3035 1530 sine
3055 1491 3160 1544 quo
3191 1492 3295 1529 non
3329 1491 3515 1543 possum
3536 1484 3787 1545 Μεγαλη

2371 1567 2586 1629 quidam
2617 1566 2920 1637 philosophi
2953 1568 3204 1634 suspicati
3229 1581 3350 1620 eum
3372 1572 3616 1639 composita
3637 1580 3787 1643 quam

2372 1670 2424 1714 et
2453 1661 2571 1714 (irta
2602 1675 2846 1726 narrare,
2899 1659 3028 1712 dant
3070 1659 3121 1714 ei
3164 1659 3389 1713 solidum
3422 1677 3589 1731 :quetu
3611 1681 3788 1737 accepta

2374 1756 2551 1821 posuit
2573 1754 2624 1805 in
2661 1751 2867 1804 ofﬁcina
2893 1754 3129 1817 panaria,
3160 1761 3214 1805 et
3252 1763 3460 1818 accepto
3500 1770 3609 1823 pane
3629 1764 3787 1825 recessit;

698 1846 925 1901 punctns
951 1845 1033 1890 est
1062 1841 1274 1903 ruimus,
1307 1841 1499 1896 deinde
1553 1842 1734 1906 mima,
1784 1842 1978 1898 deinde
2020 1846 2263 1899 universa
2298 1829 2343 1886 Β
2372 1844 2552 1896 statim
2581 1842 2846 1908 protectus
2887 1855 2916 1891 a
2945 1840 3183 1906 civitate,
3211 1853 3264 1896 et
3292 1843 3343 1895 in
3364 1858 3469 1897 eam
3517 1861 3603 1899 non
3636 1864 3789 1905 reversus

690 1940 877 1981 eorqu
911 1926 1131 1984 familia.
1168 1932 1370 1986 Dictum
1403 1942 1486 1988 est
1530 1947 1706 1990 autem
1732 1937 1872 2005 quod
1899 1953 2003 2007 quo
2028 1948 2266 2006 tempore

689 2031 811 2070 eum
843 2016 1174 2087 ignorabant,
1208 2023 1419 2079 lavabat
1428 2026 1597 2093 pedes
1618 2028 1918 2082 amborum.
1950 2030 2117 2083 Ambo
2137 2046 2265 2101 ergo

694 2114 970 2182 baptizati,
1008 2131 1038 2168 a
1091 2117 1297 2173 theatro
1328 2132 1695 2189 recesserunt;
1747 2132 1803 2178 et
1835 2138 1954 2179 cum
2006 2126 2071 2179 ad
2104 2124 2263 2180 vitam

694 2202 968 2259 honestam
997 2217 1051 2261 et
1082 2208 1219 2275 piam
1253 2214 1658 2280 processissent,
1684 2214 1853 2268 virum
1882 2216 2036 2270 valde
2062 2232 2267 2272 revere-

690 2294 902 2351 bantur.
934 2298 994 2352 Ei
1045 2302 1218 2371 itaque
1241 2303 1419 2357 dicunt
1453 2321 1466 2357 :
1499 2306 1793 2373 Adesdum,
1828 2308 2011 2371 ‘iater.
2065 2326 2163 2365 nos
2211 2320 2263 2366 te

691 2384 1050 2454 liberabimus,
1072 2394 1283 2460 quando
1306 2395 1521 2463 quidem
1554 2397 1666 2465 ipse
1688 2414 1786 2451 nos
1811 2399 2043 2455 liberasti
2072 2416 2099 2453 a
2125 2402 2261 2468 turpi

691 2479 964 2532 servitute.
1000 2474 1133 2534 chit
1171 2498 1296 2551 ergo
1326 2486 1407 2538 eis
1435 2502 1448 2537 :
1480 2485 1915 2556 Quandoquidem
1944 2489 2084 2543 Deus
2115 2505 2263 2545 meus

688 2575 773 2619 est
796 2580 1065 2634 Operatus,
1097 2582 1151 2625 et
1185 2588 1279 2628 vos
1305 2578 1576 2644 cooperati
1604 2579 1752 2643 estis,
1774 2589 1827 2632 ct
1847 2583 1987 2634 salva
2016 2578 2155 2637 facta
2180 2590 2264 2637 est

684 2666 861 2713 vestra
891 2660 1087 2727 anima,
1120 2665 1269 2719 vobis
1299 2666 1469 2721 dicam
1498 2669 1809 2739 mysterium
1839 2683 2010 2727 astra.

758 2752 869 2823 Ego
898 2766 1087 2811 vestra
1109 2758 1299 2813 anima:
1331 2761 1583 2816 misertus
1612 2778 1729 2831 quae
1781 2766 1833 2818 in
1880 2767 2047 2819 multo
2086 2781 2259 2822 'rrore

687 2845 1019 2909 versabatur,
1035 2862 1153 2901 cum
1170 2864 1341 2904 essent
1359 2850 1494 2905 liber
1517 2852 1858 2919 exercitator,
1874 2870 2070 2923 genere
2093 2855 2261 2926 Egy-

682 2935 845 3003 ptius,
876 2953 936 2991 ea
965 2938 1031 2994 de
1051 2956 1210 2995 cauea
1238 2943 1498 3011 meipsum
1514 2946 1750 3013 vendidi,
1767 2956 1823 3002 ut
1846 2962 1940 3003 vos
1966 2963 2253 3004 servarem.

685 3026 944 3092 Quoniam
971 3040 1145 3085 autem
1178 3032 1277 3088 hoc
1306 3034 1429 3088 fecit
1459 3036 1620 3101 Deus,
1645 3046 1698 3091 et
1727 3053 1820 3105 per
1841 3053 2011 3092 meam
2043 3039 2258 3094 humili-

683 3127 846 3175 tatem
866 3122 1024 3176 -salva
1053 3128 1220 3179 evasit
1245 3129 1420 3181 anima
1470 3138 1666 3196 vestra,
1697 3131 1920 3199 accipite
1951 3148 2136 3187 aurum
2167 3149 2257 3188 ve-

2370 1933 2617 2001 amplius.
2633 1932 2780 1985 Tunc
2800 1940 3160 1997 cognoverunt
3176 1932 3463 2001 philosophi
3482 1949 3581 1988 eum
3592 1939 3790 1994 vereluiste

2370 2022 2566 2078 uirtute
2593 2024 2903 2091 praeditum;
2945 2032 3000 2078 et
3024 2038 3143 2077 cum
3188 2023 3370 2092 pistori
3393 2023 3624 2079 dedissent
3652 2032 3789 2096 pretium

2371 2113 2538 2182 penis,
2570 2122 2892 2181 acceperunt
2912 2114 3163 2169 solidum.

2437 2207 2570 2260 Cum
2589 2219 2765 2261 autem
2792 2208 3025 2261 venisset
3043 2208 3095 2260 in
3109 2208 3221 2259 loca
3246 2206 3605 2260 Lacedatmonis
3622 2207 3789 2274 proxim.

2368 2298 2567 2353 audivit
2592 2300 2871 2368 quemdam
2895 2314 2959 2352 ex
3024 2294 3214 2364 primis
3285 2293 3503 2350 Civitatis
3562 2311 3656 2350 esse
3695 2300 3791 2353 lini

2366 2394 2573 2445 citatum
2601 2391 2757 2444 simul
2786 2405 2905 2444 cum
2933 2399 3038 2444 tota
3068 2390 3249 2454 domo,
3282 2389 3463 2459 alioqui
3485 2389 3626 2444 virum
3655 2393 3787 2443 bona.

2369 2481 2463 2535 llic
2493 2481 2725 2549 optimus
2753 2480 3045 2533 monachus
3085 2479 3207 2533 huic
3238 2493 3416 2533 rursus
3433 2480 3631 2545 seipsum
3647 2480 3793 2534 τοιᾱὼ

2365 2576 2494 2627 sicut
2526 2572 2577 2625 in
2621 2571 2790 2639 primo
2819 2581 2960 2624 artu.
2995 2571 3059 2623 Et
3095 2585 3213 2624 cum
3244 2573 3377 2623 intra
3404 2573 3524 2625 duos
3540 2586 3669 2624 annos
3693 2572 3792 2639 ip.

2364 2664 2674 2717 abduxisset
2706 2664 2771 2716 ab
2797 2661 2990 2715 hteresi
3012 2671 3063 2715 et
3093 2663 3207 2729 ejus
3239 2676 3452 2715 uxorem
3479 2676 3582 2716 eum
3611 2673 3691 2716 tota
3710 2664 3797 2716 hli-

2365 2756 2457 2820 lia,
2489 2755 2707 2809 adduxit
2747 2756 2799 2808 in
2850 2754 3164 2808 Ecclesiam.
3194 2750 3345 2805 Tunc
3368 2767 3481 2806 eutu
3506 2762 3705 2813 amantes,
3734 2767 3793 2804 an

2363 2848 2591 2918 amplius
2621 2846 2891 2900 habebant
2929 2856 3177 2914 tanquam
3220 2859 3455 2907 servum,
3497 2844 3579 2898 sed
3616 2844 3797 2911 plusqu-

2363 2952 2674 3006 germanum
2724 2939 2939 2990 fratrem
2971 2946 3025 2991 et
3053 2945 3340 3004 patrem,et
3365 2950 3542 3006 magno
3574 2931 3797 2988 honomii-

2363 3030 2595 3093 ciebant,
2620 3040 2672 3083 et
2699 3045 2819 3083 cum
2851 3044 2917 3083 eo
2941 3028 3104 3083 Deum
3134 3028 3437 3083 laudabant.

2436 3122 2600 3175 Paulo
2629 3129 2750 3189 post
2781 3119 2869 3173 ubi
2899 3133 2991 3174 eos
3020 3120 3261 3187 pluribus
3292 3122 3575 3176 cohortatus
3598 3127 3722 3179 esset,
3742 3117 3799 3168 illi

684 3219 874 3278 strum,
901 3223 959 3267 ut
976 3215 1133 3269 etiam
1156 3217 1271 3271 aliis
1287 3234 1439 3286 opem
1464 3217 1650 3275 feram.
1678 3220 1752 3276 Illi
1778 3232 1953 3278 autem
1977 3238 2097 3279 cum
2121 3225 2254 3279 mul-

2361 3215 2561 3269 relictis
2600 3214 2892 3283 spiritualis
2924 3214 3007 3268 hic
3052 3214 3272 3267 adamas
3307 3213 3575 3276 Serapion,
3599 3225 3690 3263 cum
3714 3208 3798 3261 lictis

681 3310 794 3355 tum
825 3316 1099 3373 rogassent
1120 3316 1174 3360 et
1198 3307 1573 3377 aifirmassent,
1601 3311 1867 3367 dicendo:
1899 3314 1976 3369 Te
2002 3325 2252 3384 tanquam

683 3401 888 3463 patrem
929 3403 984 3450 et
1012 3397 1285 3453 dominum
1319 3399 1650 3469 habebimus,
1677 3403 1851 3457 solum
1886 3420 2041 3459 mane
2083 3407 2256 3460 nobis-

680 3499 837 3551 cum;
867 3503 972 3542 non
1002 3500 1286 3557 potuerunt
1316 3494 1363 3547 ei
1412 3497 1753 3562 persuadere.
1787 3498 1936 3553 Tunc
1959 3500 2144 3554 dicunt
2164 3500 2212 3555 ei
2237 3518 2251 3553 :

686 3574 763 3627 Da
815 3585 869 3629 tu
914 3592 1105 3633 aurum
1154 3584 1510 3651 pauperibus,
1558 3602 1678 3640 nam
1710 3588 1759 3642 id
1788 3589 1944 3643 nobis
1974 3591 2068 3644 fuit
2094 3605 2254 3646 causa

675 3667 886 3721 salutis.
919 3668 1007 3723 Ait
1033 3669 1140 3725 illis
1171 3689 1186 3727 :
1216 3673 1347 3729 Date
1390 3691 1482 3729 vos
1523 3677 1671 3744 illud,
1720 3680 1842 3747 quia
1877 3691 2111 3736 vestrum
2141 3694 2252 3749 est;

674 3773 781 3826 ego
815 3761 955 3814 enim
986 3762 1189 3818 alienas
1234 3768 1484 3832 pecunias
1515 3784 1617 3823 non
1646 3771 1715 3823 do
1737 3774 2076 3840 pauperibus.
2114 3774 2248 3828 Tum

675 3852 1112 3909 tliicohortantur
1127 3871 1270 3921 eum,
1285 3860 1553 3916 dicrntes:
1579 3862 1683 3919 Sed
1706 3865 1894 3920 saltem
1918 3876 2036 3935 post
2055 3882 2252 3924 annum

680 3954 779 3994 nos
801 3941 1018 3998 invisas.
1052 3945 1116 3999 Et
1142 3949 1219 4002 sic
1243 3952 1310 4003 ab
1340 3950 1402 4004 iis
1432 3952 1581 4006 abiit.

754 4030 801 4084 is
824 4031 1190 4101 frequentibus
1218 4040 1727 4109 peregrinationibus
1758 4045 1999 4113 pervenit
2025 4047 2075 4102 in
2099 4048 2250 4102 Gm-

678 4126 853 4192 ciam;
878 4140 932 4184 et
972 4144 1094 4185 cum
1138 4132 1309 4187 tribus
1339 4135 1527 4190 diebus
1558 4149 1793 4191 moratus
1819 4149 1963 4195 esset
2004 4141 2249 4209 Athenis,

675 4230 784 4273 non
811 4219 909 4273 fuit
930 4220 1021 4288 qui
1043 4221 1092 4276 ei
1124 4237 1312 4290 panem
1339 4223 1635 4293 prmberet;
1667 4243 1787 4281 nam
1809 4244 1979 4298 neque
2012 4246 2087 4284 tes
2116 4232 2254 4288 fere-

677 4313 791 4378 bat,
822 4326 995 4383 neque
1022 4331 1225 4383 peram,
1258 4334 1363 4371 non
1393 4320 1581 4387 pellem
1610 4322 1850 4388 ovillam,
1882 4339 1987 4378 non
2021 4325 2248 4395 virgam,

670 4404 807 4458 nihil
848 4405 1073 4472 horum,
1125 4408 1218 4462 sed
1267 4410 1379 4463 sola
1427 4410 1649 4465 sindone
1681 4412 1906 4468 amictus
1944 4423 2083 4493 erat.
2114 4415 2247 4470 Cum

671 4505 854 4550 autem
881 4498 1113 4552 venisset
1136 4509 1353 4568 quartus
1381 4501 1515 4565 dies,
1536 4502 1689 4557 valde
1712 4504 1926 4569 esuriit;
1946 4506 2076 4560 nihil
2106 4506 2248 4561 enim

662 4587 768 4641 illo
804 4597 1044 4653 tempore
1069 4599 1394 4659 gustaverat.
1429 4592 1532 4648 lies
1572 4605 1654 4648 est
1699 4597 1841 4650 enim
1872 4598 2052 4666 gravis
2083 4600 2248 4655 fames
2277 4578 2329 4638 θ

673 4679 1054 4745 involuntaria,
1093 4697 1211 4748 quae
1252 4682 1569 4751 adiutricem
1616 4684 2244 4744 habetincredulitatem.

673 4771 751 4824 Et.
764 4781 913 4825 stans
942 4787 1104 4840 super
1133 4774 1392 4827 tumulum
1436 4776 1686 4840 civitatis,
1714 4776 1766 4830 in
1798 4794 1904 4846 quo
1950 4795 2245 4849 congrega-

670 4861 869 4916 bantur
888 4863 976 4931 qui
1007 4874 1160 4917 erant
1190 4863 1242 4919 in
1271 4864 1525 4934 dignitate
1556 4868 1710 4935 (151)
1738 4869 2005 4924 constituti
2036 4872 2089 4925 in
2119 4873 2248 4928 civi-

671 4964 801 5020 tate,
833 4956 996 5022 cmpit
1022 4959 1366 5013 vehementer
1386 4967 1440 5013 et
1463 4974 1581 5013 cum
1616 4961 1827 5028 planctu
1861 4964 2160 5027 lamentari,
2193 4975 2247 5019 et

667 5046 905 5100 clamare
938 5062 953 5099 :
983 5046 1090 5101 Viri
1116 5048 1484 5113 Athenienses,
1512 5049 1645 5104 ferte
1665 5068 1843 5119 Opem.
1877 5055 1956 5108 Ad
1984 5070 2141 5124 quem
2161 5072 2243 5110 ac-

572 5173 576 5177 -
670 5148 949 5192 currentes
960 5154 1144 5194 omnes
1157 5140 1243 5210 qui
1265 5141 1476 5208 pallium
1491 5148 1766 5213 gestabant
1784 5159 1834 5201 et
1850 5148 2243 5219 byrrum(152‘,

666 5230 855 5284 dicunt
902 5232 951 5285 ei
1006 5247 1022 5286 :
1086 5231 1221 5299 Quid
1272 5234 1474 5299 habes,
1528 5236 1795 5291 undenam
1852 5255 1943 5305 es,
2006 5253 2060 5295 et
2114 5243 2242 5310 quid

670 5324 902 5388 pateris?
956 5326 1003 5377 is
1047 5340 1176 5379 vero
1218 5325 1347 5381 dicit
1394 5328 1524 5391 ipsis
1567 5346 1580 5381 :
1615 5330 1822 5386 Gem-re
1850 5333 2066 5403 quidem
2124 5350 2242 5389 sum

669 5415 974 5486 Egyptius,
1005 5416 1297 5471 monachus
1325 5417 1685 5485 profe-sione;
1708 5436 1770 5474 ex
1796 5437 1901 5490 quo
1936 5434 2111 5478 autem
2144 5427 2240 5479 ab-

640 5522 786 5562 sum
823 5526 850 5559 υ
899 5522 1021 5563 vera
1072 5524 1188 5563 mea
1219 5512 1410 5580 patria,
1443 5513 1603 5566 incidi
1639 5516 1688 5567 in
1715 5524 1823 5569 tres
1860 5515 2192 5575 feneratores
2222 5537 2235 5572 :

669 5609 728 5651 et
753 5600 862 5653 duo
880 5599 1093 5670 quidem
1124 5615 1155 5653 a
1181 5618 1266 5657 me
1286 5616 1625 5658 recesserunt
1654 5607 1900 5660 exsoluta
1927 5609 2005 5662 cis
2036 5611 2238 5675 debito,

670 5704 793 5743 cum
821 5707 926 5747 non
955 5692 1216 5749 haberent
1237 5693 1305 5749 de
1326 5709 1430 5762 quo
1459 5711 1546 5749 me
1572 5707 1912 5753 accerserent
1936 5716 1952 5765 ;
1983 5715 2120 5755 unus
2146 5718 2241 5755 au-

667 5794 776 5837 tem
811 5798 839 5837 a
868 5799 953 5839 me
997 5800 1101 5838 non
1142 5787 1386 5843 discedit.
1416 5787 1493 5843 illi
1525 5803 1653 5859 ergo
1677 5791 1917 5856 studiose
1937 5804 2235 5861 qumreutes

2361 3305 2477 3360 istis
2507 3307 2732 3374 pretium
2758 3321 2909 3359 suum
2941 3304 3310 3373 persolvisset,
3341 3304 3554 3371 seipsum
3591 3299 3749 3367 canjcdl
3768 3298 3796 3347 il

2361 3412 2549 3451 navem
2582 3404 2833 3465 tauquam
2866 3395 3092 3449 Romam
3123 3395 3510 3462 navigaturum.
3536 3391 3678 3446 Nunt:
3693 3396 3797 3440 tota

2359 3488 2709 3555 conjicientes
2744 3502 2863 3541 eum
2910 3487 2993 3539 vel
3023 3487 3273 3540 intulisse
3300 3494 3558 3552 sumptus,
3588 3483 3651 3535 vel
3673 3482 3801 3532 iam

2360 3579 2561 3633 habere
2585 3578 2724 3645 quod
2749 3577 3095 3643 expenderet,
3120 3576 3255 3630 nihil
3300 3575 3441 3629 aliud
3483 3570 3708 3641 percontati
3728 3579 3801 3620 ω

2359 3677 2713 3736 exceperunt,
2754 3670 2889 3722 alius
2938 3668 3101 3723 alium
3145 3667 3463 3723 exi~timaus
3507 3659 3803 3733 accepissede!

2359 3764 2627 3817 utensilia.
2674 3763 2806 3816 Cum
2832 3771 3009 3816 autem
3047 3762 3147 3829 ipsi
3173 3756 3798 3828 enavigassent,etabesswl

2357 3857 2660 3926 quingentis
2696 3855 2880 3909 stadiis
2915 3854 2983 3909 ab
3006 3854 3356 3917 Alexandria,
3384 3858 3629 3919 coeperunt
3650 3854 3801 3897 vectare!

2358 3948 2499 4001 vesci
2526 3947 2667 3999 circa
2697 3960 2943 3999 occasum
2971 3946 3119 4010 solis,
3150 3960 3271 3999 cum
3305 3956 3475 3998 nautze
3502 3942 3620 4008 prius
3633 3934 3797 3992 comedit

2356 4048 2497 4093 sent.
2532 4037 2790 4092 Viderunt
2816 4049 2991 4091 autem
3022 4052 3144 4090 eum
3171 4039 3345 4104 primo
3367 4034 3449 4088 die
3478 4049 3569 4087 non
3593 4028 3797 4085 cumulat;

2356 4140 2411 4185 ct
2441 4138 2760 4199 putaverunt
2790 4142 2999 4182 causam
3030 4142 3150 4182 esse
3174 4118 3799 4195 navigationem,siuiilitael

2357 4222 2614 4285 secundo.
2654 4232 2707 4274 ct
2730 4222 2906 4289 tertio,
2936 4228 2991 4274 et
3020 4228 3210 4285 quarto
3254 4219 3379 4281 die;
3402 4217 3572 4282 quinto
3600 4220 3725 4264 suta!
3752 4202 3804 4256 is

2360 4316 2545 4371 vident
2573 4315 2743 4384 ipsum
2775 4313 3049 4368 sedentem
3078 4315 3318 4381 quietum
3343 4351 3358 4374 ,
3391 4309 3509 4362 dum
3533 4318 3677 4360 omnes
3696 4310 3803 4353 eli"

2355 4408 2547 4463 derent
2570 4451 2584 4472 ,
2634 4417 2687 4461 et
2734 4408 2917 4461 dicunt
2943 4407 2991 4459 ei
3020 4422 3034 4456 :
3068 4404 3265 4471 Homo,
3308 4417 3405 4457 cur
3432 4417 3529 4455 non
3565 4385 3807 4449 comeditib

2359 4515 2488 4555 vero
2509 4499 2636 4553 dicit
2661 4502 2739 4553 eis
2768 4516 2780 4551 :
2811 4498 3068 4564 Quoniam
3098 4510 3200 4549 non
3229 4495 3407 4549 habeo
3427 4490 3554 4561 quod
3578 4480 3805 4541 edacem

2356 4609 2481 4661 ergo
2513 4590 2650 4645 inter
2677 4605 2737 4644 se
2766 4588 3138 4658 quaesivissent
3167 4587 3289 4654 quis
3318 4586 3438 4655 ejus
3461 4582 3809 4648 acoetussellw'

2354 4684 2471 4737 silia
2500 4682 2579 4737 ie!
2616 4681 2882 4749 impensas
2902 4719 2917 4743 ,
2943 4680 3207 4732 vidissent
3235 4688 3418 4730 autem
3463 4673 3686 4728 neminem
3716 4675 3807 4713 aca-

2356 4779 2498 4846 pisse
2526 4776 2720 4846 (neque
2742 4773 2884 4827 enim
2916 4771 3141 4825 habebat
3162 4771 3394 4838 aliquid)
3423 4770 3667 4834 coeperunt
3683 4766 3809 4853 cuum

2353 4868 2678 4922 contendere
2706 4883 2717 4917 :
2743 4864 3019 4931 Quomodo
3061 4862 3138 4917 sic
3187 4862 3465 4931 ingressus
3488 4872 3540 4910 es
3566 4858 3719 4915 alisque
3749 4858 3804 4896 ιδ’

2356 4958 2574 5027 pensis?
2601 4956 2869 5026 quomodo
2898 4954 3057 5008 dabis
3094 4952 3247 5006 nobis
3300 4948 3551 5005 naulum?
3570 4953 3741 5013 quonam
3757 4947 3811 4985 tv-

2358 5062 2462 5105 teni
2493 5050 2697 5104 aleris?
2726 5053 2771 5103 ls
2795 5065 2920 5101 vero
2949 5049 3027 5102 eis
3055 5047 3183 5101 dicit
3216 5063 3231 5099 :
3264 5047 3382 5115 Ego
3428 5043 3550 5098 nihil
3586 5037 3735 5091 haben:
3755 5040 3810 5077 ³ο-

2354 5143 2489 5197 ferte
2544 5158 2647 5206 me,
2698 5153 2746 5196 et
2780 5141 2992 5210 abjicite
3045 5142 3131 5194 ubi
3165 5141 3466 5195 invenistis.
3497 5135 3570 5189 Illi
3605 5120 3811 5182 vmch

2352 5236 2633 5293 irasceris?
2665 5253 2729 5288 ne
2755 5236 2797 5289 si
2829 5245 3042 5289 centum
3077 5234 3293 5303 quidem
3341 5244 3533 5285 aureos
3558 5222 3681 5278 nobis
3700 5217 3809 5267 ὼηι
3894 5272 3895 5301 ᾗ

2354 5330 2598 5384 lubenter
2626 5329 2726 5381 hoc
2761 5328 3090 5391 faceremus,
3123 5342 3240 5381 cum
3286 5324 3358 5381 sit
3386 5324 3535 5378 nobis
3563 5324 3713 5371 vean
3737 5305 3813 5359 δίε·
3894 5334 3895 5391 ξ

2353 5419 2661 5475 secundus:
2699 5433 2916 5486 scopum
2965 5434 3093 5485 ergo
3135 5431 3443 5487 urgeatnus,
3478 5409 3812 5479 perag'mﬂ‘i"

2350 5521 2474 5565 sunt
2506 5512 2660 5563 nobis
2704 5511 2991 5577 proposita.
3025 5510 3115 5563 Sic
3147 5511 3237 5562 fuit
3283 5508 3337 5561 in
3372 5506 3585 5566 navi,et
3607 5489 3811 5554 ωιιιιὶν·

2349 5611 2475 5657 runt
2503 5601 2725 5655 Romam
2757 5616 2945 5670 nsque.
2975 5599 3109 5655 Cum
3155 5611 3335 5653 autem
3388 5598 3600 5651 Romam
3638 5586 3811 5639 venisse-

2348 5692 2562 5748 curiose
2588 5693 2852 5760 indagavit
2875 5692 2991 5761 quis
3014 5701 3156 5748 esset
3180 5693 3228 5745 in
3261 5690 3484 5745 civitate
3511 5691 3699 5753 magnus
3715 5681 3809 5727 ⁸⁸⁸⁸

2348 5788 2538 5847 citator
2564 5795 2659 5851 aut
2685 5786 3040 5845 exercitatrix.
