4112 6504
256 333 395 399 1185

1486 334 1848 400 HISTORIA
1885 334 1975 392 LA
1985 335 2270 399 USIACA.

3402 330 3537 397 1186

251 452 527 525 άσκητὴν,
550 454 833 524 πέπρακεν
863 454 1054 508 ἑαυτὸν
1073 452 1130 508 ἐν
1153 470 1260 509 τινι
1286 453 1439 507 πόλει
1467 454 1678 523 μίμοις,
1709 449 1840 502 Ἔλ-
1873 449 1919 506 Δ
1946 450 2140 519 γυρίας
2169 452 2263 505 καὶ
2319 452 2595 522 πορνείας.
2655 452 2793 505 0012
2822 452 2931 523 γάρ
2973 449 3173 523 χρυσὸν
3225 448 3357 520 ἐχω,
3407 449 3531 504 0612

251 538 415 608 λησιν
441 533 618 601 οὖσιν,
647 536 820 590 εἰκοσι
845 539 1219 607 νομισμάτων.
1244 539 1356 592 Καὶ
1402 536 1843 608 σφραγισάμενος

249 622 324 674 τὰ
357 620 690 690 νομίσματα,
716 620 1014 689 ἐφύλαττεν
1044 623 1175 691 παρ’
1207 622 1405 692 ἐαυτῷ.
1448 621 1569 673 Ἐπί
1592 618 1844 672 τοσοῦτον

248 704 310 758 δὲ
344 705 702 777 παρέμεινεν,
740 703 934 775 μέχρις
994 698 1057 758 οῦ
1112 707 1206 757 καὶ
1236 706 1599 776 Χριστιανοὺς
1645 704 1844 767 αὐτοὺς

250 792 483 859 ποιήσῃ,
514 786 610 840 καὶ
634 786 729 839 τοῦ
760 786 990 859 θεάτρου
1012 788 1209 851 αὐτοὺς
1238 788 1547 861 ἀποστήσῃ,
1571 786 1842 856 παρεκτὸς

249 872 425 938 09106
448 869 543 923 καί
564 868 755 932 ὓδατος
777 870 1005 940 μηδενὸς
1023 871 1185 923 ἄλλου
1210 871 1525 943 λαμδάνων,
1552 869 1685 940 μηδὲ
1712 870 1843 937 ήσυ-

247 952 441 1021 χάζων
459 952 536 1021 τῷ
559 952 790 1021 στόματι
810 953 919 1006 ἀπὸ
952 954 1182 1023 μελέτης
1201 953 1362 1008 θείων
1385 954 1639 1025 Γραφῶν.
1655 951 1842 1013 Οὕτως

247 1037 307 1089 δὲ
335 1036 548 1099 τούτοις
572 1038 600 1089 0
631 1037 906 1107 μακάριος
934 1040 1281 1109 παραμείνας
1309 1040 1389 1109 τῷ
1415 1037 1611 1109 μακρῷ
1643 1036 1838 1107 χρόνῳ,

250 1123 473 1191 πρῶτον
494 1121 790 1185 κατένυξεν
820 1122 912 1175 106
937 1126 1124 1192 μῖμον,
1169 1117 1289 1175 εἰτα
1314 1122 1415 1191 τὴν
1461 1120 1692 1192 μιμάδα,
1722 1113 1841 1171 εἶτα

247 1204 345 1256 τὸν
399 1205 693 1273 σύμπαντα
745 1201 893 1257 οἰκον
941 1206 1144 1259 αὐτῶν.
1210 1205 1459 1273 Ἐλέγετο
1513 1205 1570 1257 δὲ
1632 1206 1689 1257 ἐν
1732 1204 1840 1270 ὅσῳ

243 1288 481 1356 ἠγνόουν
515 1288 678 1340 αὑτὸν
701 1288 1031 1358 ἀμφοτέρων
1055 1288 1267 1342 νίπτειν
1297 1290 1423 1353 τοὺς
1448 1289 1635 1351 πόδας.
1676 1288 1837 1341 Ἐκά-

242 1389 399 1439 τεροι
430 1367 524 1424 οῦν
560 1370 951 1441 βαπτισθέντες
998 1372 1321 1443 ἀπέστησαν
1368 1374 1462 1426 καί
1493 1372 1587 1425 τοῦ
1621 1371 1840 1439 θεατρι-

245 1454 366 1518 ζειν
390 1453 599 1518 λοιπὸν,
624 1454 720 1507 καὶ
740 1454 832 1505 ἐπί
860 1454 953 1507 τὸν
975 1456 1172 1525 σεμνὸν
1194 1456 1287 1509 καὶ
1307 1454 1528 1524 θεοφιλῆ
1553 1454 1839 1515 ἐλάσαντες

246 1535 365 1605 βίον
405 1537 609 1608 σφόδρα
638 1537 864 1608 ᾐδοῦντο
892 1537 984 1590 τὸν
1025 1538 1215 1609 ἀνδρα,
1261 1539 1358 1591 καὶ
1389 1539 1640 1605 λέγουσιν
1668 1536 1835 1605 αὐτῷ’

245 1618 442 1690 Δεῦρο,
462 1620 681 1688 ἀδελφέ,
715 1620 1158 1691 ἐλευθερώσομέν
1182 1639 1242 1673 σε
1270 1622 1479 1685 λοιπὸν,
1509 1622 1697 1691 ἐπειδὴ
1734 1620 1840 1673 ἀπὸ

243 1703 485 1772 αἰσχρᾶς
514 1704 662 1774 ἡμᾶς
688 1702 933 1765 δουλείας
964 1704 1125 1767 αὐτὸς
1162 1704 1564 1774 ⁴ἰγλευθέρωσας.
1593 1704 1726 1756 Τότε
1750 1703 1839 1756 λέ-

1946 530 2075 584 άλλο
2102 550 2154 586 τι
2180 536 2454 605 κέκτημαι
2479 551 2492 564 ·
2528 538 2589 589 ού
2618 535 2833 606 τρυφῆς
2893 533 3171 597 ἀπολαύω,
3207 532 3307 603 τῆς
3336 533 3530 602 τροφί-

1947 632 2050 685 μου
2086 617 2292 689 ταύτης
2317 619 2415 689 τῆς
2439 619 2596 672 νόσου
2617 636 2629 649 ’
2672 620 2753 672 διὸ
2785 618 2970 671 οὐκέτι
3006 635 3074 685 με
3121 616 3390 687 ὀχλοῦσιν.
3420 618 3528 670 Γα-

1945 703 2316 771 στριμαργίας
2346 704 2403 755 δὲ
2449 702 2829 771 ἀπαλλαγῆναι
2867 702 2930 754 ού
2962 700 3218 770 δύναμαι.
3245 700 3528 771 Τετάρτην

1945 784 2054 853 γὰρ
2080 785 2295 855 ἡμέραν
2326 786 2434 856 ἔχω
2470 788 2709 857 σήμερον
2736 786 2809 855 μὴ
2843 785 3057 855 φαγὼν,
3097 784 3191 838 καὶ
3221 784 3530 855 παραμένει

1946 883 2035 936 μοι
2065 867 2139 930 ὡς
2165 868 2437 939 αὐστηρὸς
2465 870 2749 938 δανειστὴς
2782 871 2815 935 ή
2850 867 3086 939 γαστὴρ,
3133 868 3398 937 ἄγχουσα,
3434 868 3531 921 καὶ

1942 948 2249 1003 ἀπαιτοῦσα
2292 951 2354 1003 10
2408 952 2638 1021 σύνηθες
2694 954 2871 1021 χρέος,
2903 954 3041 1022 ὅπερ
3086 951 3183 1004 ἐὰν
3210 950 3285 1021 μὴ
3316 951 3524 1016 ἀποδῶ,

1942 1030 2105 1099 ζῆσαι
2153 1034 2214 1086 ού
2270 1038 2545 1105 συγχωρεῖ
2592 1052 2704 1105 μοι.
2734 1036 2867 1089 Τότε
2912 1035 3057 1098 τινὲς
3083 1033 3193 1105 τῷν
3216 1034 3524 1101 φιλοσόφων

1942 1115 2199 1185 ἐνόμισαν
2219 1118 2425 1188 σκηνὴν
2442 1115 2583 1172 εἰναι
2602 1118 2663 1171 10
2684 1120 2937 1189 πρᾶγμα,
2951 1118 3097 1188 ὅμως
3115 1116 3353 1170 διδόασιν
3374 1117 3525 1187 αὑτῷ

1940 1198 2184 1269 νόμισμα
2212 1202 2291 1253 ἐν.
2336 1201 2393 1254 Ὀ
2422 1202 2480 1256 δὲ
2517 1201 2674 1255 τοῦτο
2713 1202 3004 1271 δεξάμενος
3032 1200 3228 1271 έθηκεν
3258 1202 3318 1254 ἐν
3365 1202 3525 1271 ἀρτο-

1941 1282 2179 1354 πωλείῳ,
2204 1282 2297 1337 καὶ
2326 1285 2505 1339 λαδὼν
2534 1286 2632 1341 ἕνα
2659 1286 2823 1359 ἄρτον
2854 1284 3203 1356 ἀνεχώρησεν
3236 1287 3526 1355 παραχρῆ-

1944 1383 2019 1435 μα
2052 1367 2277 1431 ὁδεύσας
2310 1369 2411 1439 τῆς
2451 1369 2678 1435 πόλεως,
2711 1372 2807 1424 καί
2857 1371 3055 1439 μηκέτι
3081 1370 3160 1432 εἰς
3187 1369 3353 1439 αὐτὴν
3390 1370 3523 1423 ὑπο-

1942 1452 2197 1522 στρέψας.
2229 1454 2361 1507 Τότε
2391 1454 2635 1521 έγνωσαν
2668 1456 2716 1508 οἰ
2746 1455 3024 1523 φιλόσοφοι
3050 1455 3131 1507 ὅτι
3183 1454 3396 1523 ἀληθῶς
3433 1455 3524 1507 ἐν-

1940 1534 2135 1606 άρετον
2162 1534 2275 1603 βίον
2292 1536 2556 1607 κέκτηται
2582 1540 2609 1589 0
2638 1539 2920 1608 ἄνθρωπος
2951 1532 3125 1599 0610;.
3144 1537 3254 1590 Καὶ
3284 1537 3525 1590 δεδωκό-

1938 1633 2029 1680 τες
2057 1620 2256 1671 ἐκεῖνοι
2280 1619 2373 1673 τοῦ
2404 1620 2573 1689 ἄρτου
2599 1621 2659 1674 10
2688 1620 2927 1690 τίμημα,
2957 1620 3148 1673 ἔλαϐον
3179 1618 3238 1671 τὸ
3256 1620 3521 1690 νόμισμα.

2022 1701 2223 1755 Ἐλθὼν
2254 1702 2349 1757 οὖν
2377 1706 2406 1757 0
2443 1706 2715 1775 μακάριος
2740 1705 2951 1757 ἐκεῖθεν
2985 1705 3064 1767 εἰς
3099 1706 3223 1767 τοὺς
3247 1706 3377 1775 περί
3415 1706 3527 1759 Λα-

241 1803 334 1854 γει
370 1788 556 1851 αὐτοῖς
584 1788 613 1840 0
640 1788 813 1857 μέγας
846 1788 1132 1856 Σεραπίων
1153 1805 1165 1818 ·
1222 1788 1442 1855 Ἐπειδὴ
1474 1788 1777 1857 ἐνήργησεν
1814 1788 1841 1839 0
1874 1800 1917 1855 Β
1945 1786 2238 1857 κεδαίμονα
2265 1788 2486 1851 τόπους,
2512 1788 2745 1858 ήκουσέν
2766 1804 2889 1841 τινα
2914 1787 3021 1840 τῶν
3043 1789 3276 1858 πρώτων
3299 1788 3397 1857 τῆς
3424 1787 3525 1841 πό-

241 1869 384 1933 Θεός
414 1888 540 1940 μου,
564 1871 657 1925 καὶ
678 1872 835 1939 ὑμεῖς
864 1888 998 1941 συνη
1010 1872 1273 1941 ργήσατε,
1293 1873 1388 1925 καὶ
1409 1868 1588 1940 ἐσώθη
1612 1870 1679 1922 δι’
1708 1868 1842 1938 ἐμοῦ

241 1958 277 2026 ή
304 1954 456 2026 ψυχὴ
484 1955 675 2024 ὑμῶν,
711 1954 897 2007 λοιπὸν
933 1956 1075 2007 εἴπω
1106 1956 1235 2024 ὑμῖν
1276 1954 1422 2008 ἅπαν
1451 1954 1514 2005 τὸ
1545 1955 1844 2024 μυστήριον

237 2038 342 2093 τόῦ
372 2039 650 2109 δράματος
674 2052 689 2067 '

329 2121 475 2190 Ἐγὼ
504 2123 967 2193 κατοικτειρήσας
996 2122 1094 2195 τὴν
1145 2121 1324 2193 ψυχὴν
1374 2120 1529 2190 ὑμῶν
1559 2122 1618 2173 ἐν
1665 2119 1836 2191 πολλῇ

241 2206 426 2277 πλάνῃ
457 2206 773 2274 διάγουσαν,
831 2206 1117 2278 ἐλεύθερος
1171 2206 1247 2259 ὢν
1284 2206 1550 2275 ἀσκητὴς,
1584 2204 1663 2275 τῷ
1694 2206 1841 2273 γένει

238 2288 567 2358 Αἰγύπτιος,
600 2290 763 2360 χάριν
793 2290 888 2343 τοῦ
924 2290 1165 2359 σωθῆναι
1188 2290 1355 2360 ὑμᾶς,
1390 2289 1649 2357 πέπρακα
1668 2289 1845 2357 ἐμαυ-

241 2374 361 2438 τὸν,
386 2374 476 2428 ἴνα
499 2375 657 2444 ὑμεῖς
685 2372 1089 2445 ἐλευθερωθῆτε
1109 2375 1217 2427 ἀπὺ
1243 2374 1492 2444 μεγάλων
1526 2373 1836 2443 ἁμαρτιῶν.

253 2456 482 2527 Ἐπειδὴ
510 2456 566 2508 δὲ
591 2455 752 2509 τοῦτο
780 2456 1083 2525 πεποίηκεν
1112 2458 1140 2509 0
1167 2456 1301 2520 Θεὸς
1332 2456 1421 2509 διὰ
1450 2456 1550 2524 τῆς
1577 2456 1715 2526 ἐμῆς
1746 2474 1840 2508 τα-

242 2538 582 2602 πεινώσεως,
609 2538 806 2608 χαίρω.
838 2538 1049 2593 Λάόετε
1083 2534 1176 2593 066
1203 2538 1356 2608 ὑμῶν
1385 2537 1448 2591 τὸ
1480 2538 1725 2609 χρυσίον,
1752 2538 1839 2591 ἵνα

240 2622 344 2676 καὶ
367 2621 551 2685 ἄλλοις
584 2621 838 2677 ἀπελθών
873 2620 1149 2692 βοηθήσω.
1178 2622 1242 2674 Οί
1273 2622 1331 2674 δὲ
1355 2622 1701 2692 παρεκάλουν
1742 2623 1840 2674 αὐ-

238 2707 358 2767 τὸν,
391 2705 656 2775 δεόμενοι,
693 2706 787 2757 καὶ
832 2702 1335 2774 διαδεδαιούμενοι,
1372 2704 1455 2757 ὅτι
1496 2704 1585 2766 Ὠς
1625 2703 1838 2773 πατέρα

241 2806 308 2843 σε
336 2789 535 2859 ἐξομεν
564 2787 660 2842 τοῦ
704 2786 915 2854 λοιποῦ,
966 2788 1059 2841 καὶ
1098 2787 1366 2858 δεσπότην
1397 2788 1506 2840 τῶν
1551 2787 1836 2857 ἡμετέρων

237 2873 457 2943 ψυχῶν,
504 2872 666 2943 μόνον
705 2874 888 2943 μεῖνον
920 2871 1039 2941 μεθ’
1068 2872 1247 2942 ήμῶν.
1280 2873 1395 2925 Οὐκ
1426 2871 1745 2941 ἰσχύσαντες
1779 2869 1836 2923 δὲ

237 2958 412 3012 αὐτὸν
465 2958 671 3020 πεῖσαι,
730 2956 983 3024 λέγουσιν
1028 2956 1212 3027 αὐτῷ’
1250 2956 1350 3019 Δὸς
1402 2973 1468 3008 συ
1517 2955 1579 3008 τὸ
1610 2954 1835 3025 χρυσίον

238 3042 506 3109 πτωχοῖς,
534 3040 661 3093 ἐπεὶ
692 3039 953 3111 ἀρραϐὼν
984 3041 1117 3111 ⁴ίιμῖν
1137 3039 1355 3107 ἐγένετο
1402 3039 1675 3109 σωτηρίας
1699 3049 1713 3066 ·
1746 3036 1834 3091 λέ-

237 3140 336 3209 γει
365 3122 754 3209 αὑτοῖςιὶότε
775 3122 937 3177 τοῦτο
970 3124 1130 3194 ὑμεῖς
1149 3139 1191 3209 Ἀ
1211 3123 1479 3209 ὑμέτερον
1523 3121 1829 3209 γάρ-ἐστιν·
1858 3149 1902 3209 c

236 3206 359 3273 ἐγὼ
391 3206 502 3277 γάρ
557 3205 819 3279 ἀλλότρια
849 3208 1110 3278 χρήματα
1141 3206 1202 3260 οὐ
1256 3206 1555 3277 χαρίζομαι
1580 3206 1829 3274 πένησιν.

253 3290 391 3342 Ἑπί
422 3287 636 3353 τούτοις
685 3290 1029 3361 παρεκάλουν
1060 3289 1243 3357 αὑτὸν,
1279 3290 1527 3359 λέγοντες
1547 3304 1562 3318 ⁸
1599 3286 1717 3342 Κᾶν
1744 3286 1832 3341 διὰ

237 3373 499 3428 ἐνιαυτοῦ
522 3375 671 3446 ἡμᾶς
698 3376 823 3447 09a.

314 3451 485 3521 Οὗτος
516 3460 547 3512 0
576 3460 723 3522 ὅσιος
745 3458 931 3524 δοῦλος
956 3460 1194 3531 Χριστου
1220 3462 1339 3523 ταῖς
1373 3462 1651 3529 συνεχέσιν
1694 3462 1828 3515 ἀπο.

232 3540 470 3611 δημίαις
494 3543 838 3615 κατήντησέν
870 3560 1002 3598 ποτε
1034 3547 1129 3598 καὶ
1168 3545 1249 3609 εἰς
1287 3548 1386 3617 τὴν
1431 3546 1683 3609 Ἐλλάδα,
1734 3544 1830 3599 καὶ

232 3625 535 3697 διατρίψας
585 3629 739 3699 τρεῖς
783 3629 997 3700 ἡμέρας
1049 3632 1106 3683 ἐν
1147 3630 1423 3701 Ἀθήναις,
1469 3631 1572 3683 οὐκ
1619 3628 1826 3701 ὴξιώθη

234 3711 399 3780 παρά
422 3707 563 3773 τινός
592 3712 782 3783 ἄρτου,
812 3712 934 3765 οὐδὲ
967 3712 1150 3782 κέρμα
1194 3713 1512 3778 ἐϐάσταζεν.
1551 3712 1687 3766 Ούδὲ
1718 3713 1827 3783 γάρ

233 3788 390 3862 εἶχεν
426 3796 456 3846 0
488 3794 641 3857 άδιος
680 3788 837 3859 οὗτος
880 3796 943 3848 οὐ
974 3796 1177 3867 πήραν,
1213 3798 1275 3850 ού
1310 3796 1587 3868 μηλωτὴν,
1637 3796 1697 3848 ού
1726 3796 1822 3866 ρά-

235 3878 387 3937 ϐδον,
416 3879 522 3931 οὐδ’
557 3880 696 3942 ὅλως
746 3896 799 3932 τι
827 3880 934 3933 τῶν
974 3880 1250 3945 τοιούτων,
1282 3881 1316 3950 ἢ
1350 3881 1513 3949 μόνον
1540 3880 1602 3933 10
1646 3879 1823 3932 σινδό-

235 3980 374 4026 νιον,
402 3962 431 4015 0
463 3963 873 4034 περιεδέδλητο.
927 3965 1207 4035 Τετάρτης
1244 3960 1337 4018 οὖν
1380 3964 1819 4035 ἐπιλαμϐανομέ-

235 4065 339 4116 νης
386 4046 560 4119 τούτῳ
610 4050 848 4119 ἡμέρας,
885 4049 1091 4119 σφόδρα
1137 4050 1447 4115 ἐπείνασεν,
1504 4050 1730 4121 μηδενὸς
1766 4052 1824 4103 ἐν

233 4133 467 4195 ταύταις
514 4132 868 4203 γευσάμενος.
909 4133 1067 4204 Δεινὴ
1092 4133 1199 4203 γάρ
1248 4135 1396 4188 ἐστιν
1422 4134 1673 4196 ἀκούσιος
1726 4152 1823 4204 νη-

238 4217 419 4281 στεία,
451 4216 739 4285 σύμμαχον
770 4216 966 4286 ἔχουσα
986 4219 1085 4286 τὴν
1110 4217 1389 4272 ἀπιστίαν.
1427 4219 1537 4270 Καὶ
1564 4219 1697 4281 στάς
1730 4219 1822 4271 ἐπί

234 4317 387 4362 τινος
408 4298 686 4369 γεωλόφου
712 4300 809 4369 τῆς
833 4300 1063 4364 πόλεως,
1092 4299 1219 4352 ἔνθα
1244 4302 1292 4353 οἰ
1318 4303 1376 4353 ἐν
1404 4301 1550 4355 τέλει
1576 4301 1686 4355 τῶν
1707 4302 1823 4354 ἐκεῖ

232 4379 379 4453 ἦσαν
409 4383 903 4453 σνναθροιζόμενοι,
930 4383 1131 4455 ήρξατο
1157 4384 1379 4453 κράζειν
1419 4384 1511 4436 καί
1551 4385 1818 4452 ἀποδύρε-

1947 1867 2081 1931 λεως
2141 1870 2441 1941 Μανιχαῖον
2490 1866 2743 1942 εἶναιτῷ
2798 1870 3049 1941 δόγματι,
3084 1870 3201 1939 ἅμα
3256 1872 3420 1925 παντί
3446 1870 3526 1941 τῷ

1944 1951 2077 2021 οῐκῳ
2101 1953 2290 2017 αὐτοῦ,
2318 1954 2571 2024 ἐνάρετον
2586 1954 2754 2025 ἄνδρα
2776 1954 2845 2007 τά
2869 1955 3024 2009 ἄλλα.
3044 1947 3215 2018 υῦτος
3244 1956 3272 2008 0
3298 1954 3522 2027 ἄριστος

1942 2034 2051 2087 τῶν
2080 2035 2328 2104 μοναχῶν
2353 2037 2529 2107 τούτῳ
2559 2038 2719 2091 πάλιν
2750 2038 3034 2108 πέπρακεν
3059 2039 3251 2092 ἐαυτὸν
3286 2040 3428 2093 κατὰ
3457 2039 3519 2092 10

1943 2118 2159 2187 πρῶτον
2188 2119 2394 2190 δρᾶμα,
2435 2124 2528 2173 καὶ
2555 2120 2704 2185 ἐντὸς
2738 2121 2831 2175 δύο
2853 2121 2989 2175 ἐτῶν
3018 2123 3331 2192 ἀποστήσας
3360 2123 3525 2177 αὑτὸν

1940 2202 2039 2272 τῆς
2068 2203 2354 2274 αἱρέσεως,
2413 2206 2507 2258 καὶ
2535 2204 2634 2275 τὴν
2660 2205 2848 2258 τούτου
2877 2205 3171 2275 ἐλευθέραν
3206 2207 3321 2275 ἅμα
3370 2206 3521 2278 πάσῃ

1940 2289 2004 2355 τῇ
2037 2286 2183 2358 οἰκίᾳ
2211 2286 2397 2350 αὐτοῦ,
2454 2289 2807 2359 προσήγαγεν
2846 2288 3070 2351 τούτους
3101 2293 3166 2359 τῇ
3200 2290 3521 2361 Ἐκκλησία.

1941 2370 2151 2432 υῖτινες
2204 2370 2393 2423 τοῦτον
2434 2371 2730 2441 ἠγάπησαν
2785 2372 2970 2425 οὐκέτι
3019 2372 3095 2435 ώς
3125 2373 3367 2441 οἰκέτην,
3402 2373 3519 2427 ἀλλ’

1941 2453 2081 2523 ὑπὲρ
2112 2454 2331 2524 γνήσιον
2370 2455 2597 2523 ἀδελφὸν
2631 2456 2725 2509 καὶ
2758 2455 2990 2525 πατέρα,
3020 2456 3234 2525 ἔχοντες
3262 2458 3425 2511 αὐτὸν
3462 2459 3523 2512 ἐν

1942 2537 2156 2609 μεγάλῃ
2186 2541 2343 2608 τιμῇ,
2376 2540 2470 2591 καὶ
2496 2539 2813 2605 δοξάζοντες
2844 2539 2961 2609 μετ’
2996 2540 3162 2594 αὐτοῦ
3193 2543 3283 2594 τὸν
3311 2542 3464 2597 Θεόν.

2008 2621 2141 2674 Μετ’
2169 2620 2349 2689 ὀλίγον
2376 2622 2539 2675 πάλιν
2567 2624 2758 2692 χρόνον
2781 2624 3172 2693 παρακαλέσας
3204 2624 3376 2678 πολλά
3399 2625 3521 2680 τούο

1938 2721 2084 2767 τους,
2117 2706 2211 2757 καὶ
2237 2706 2597 2775 ἀναχωρήσας
2631 2706 2660 2757 0
2692 2706 3063 2775 πνευματικὸς
3092 2707 3304 2777 ἀδάμας
3339 2709 3514 2779 Σερα-

1938 2787 2098 2855 πίων,
2135 2788 2325 2842 ἐὸαλεν
2354 2789 2543 2843 ἐαυτὸν
2584 2791 2663 2853 είς
2714 2791 2919 2856 πλοῖον,
2974 2791 3371 2862 ἀπεμπολήσας
3420 2794 3519 2848 καὶ

1936 2872 2147 2935 τούτοις
2179 2872 2379 2942 ὁμοίως
2403 2875 2515 2934 τοῖς
2548 2872 2834 2936 δεσπόταις
2858 2874 2921 2927 10
2953 2875 3190 2945 τίμημα,
3219 2877 3340 2947 μηδ’
3380 2876 3517 2941 ὅλως

1936 2973 1988 3009 τι
2046 2956 2522 3026 ἐπικομιζόμενος,
2578 2956 2654 3020 ώς
2712 2958 2943 3025 ὀφείλων
2995 2958 3088 3012 ἐπὶ
3134 2959 3233 3029 τὴν
3292 2960 3517 3031 Ῥώμην

1936 3038 2190 3093 πλεῦσαι.
2230 3042 2291 3092 Οἰ
2330 3038 2423 3093 066
2448 3039 2693 3093 ναυτικοὶ
2743 3039 2934 3093 τοῦτον
2993 3041 3193 3105 ἰδόντες
3252 3042 3515 3098 ὑπενόουν

1937 3120 2100 3172 αὑτὸν
2134 3120 2276 3189 ἔχειν
2296 3119 2562 3185 δαπάνας,
2587 3120 2683 3174 καὶ
2704 3120 2762 3173 ἐν
2789 3119 2865 3191 τῷ
2890 3121 3063 3191 πλοίῳ
3094 3124 3513 3193 εἰσενηνοχέναι,

1934 3204 1968 3276 ἢ
2001 3206 2093 3257 καὶ
2116 3206 2173 3257 ἐν
2204 3205 2391 3275 χρυσῷ
2423 3204 2721 3275 κεκτῆσθαι
2747 3206 2919 3260 πολλὰ
2944 3206 3279 3277 ἀναλώματα
3306 3208 3513 3265 τοῦτον.

1932 3289 2025 3340 Διὸ
2051 3288 2144 3340 καί
2194 3288 2543 3358 ἀπεριέργως
2571 3288 2733 3342 αὑτὸν
2779 3288 3128 3355 ὑπεδέξαντο,
3161 3290 3321 3355 ἄλλος
3355 3292 3516 3347 ἀλλον

1933 3372 2162 3442 νομίσας
2188 3373 2473 3445 εἰληφέναι
2509 3373 2675 3428 αὐτοῦ
2712 3374 2781 3427 τὰ
2810 3374 3003 3444 σκεύη.
3038 3374 3127 3428 Ἐν
3155 3375 3231 3446 τῷ
3254 3372 3347 3431 066
3377 3378 3516 3431 ἀπο-

1932 3456 2164 3510 πλεῦσαι
2196 3456 2415 3520 αὐτοὺς,
2443 3457 2537 3510 καὶ
2561 3458 2814 3526 γενέσθαι
2845 3459 2921 3520 ώς
2960 3458 3069 3513 ἀπὸ
3106 3460 3336 3514 σταδίων
3383 3478 3516 3515 πεν-

1931 3542 2200 3595 τακοσίων
2226 3540 2325 3610 τῆς
2367 3542 2797 3613 Ἀλεξανδρείας,
2834 3542 3021 3596 λοιπὸν
3047 3542 3279 3615 ἤρξαντο
3304 3547 3352 3598 οἰ
3392 3546 3515 3599 ἐπι-

1932 3623 2093 3678 ϐάται
2120 3625 2249 3694 περί
2275 3624 2483 3694 δυσμὰς
2511 3624 2662 3695 ήλίου
2699 3625 2899 3678 ἐσθίειν
2932 3625 3162 3689 ἕκαστος
3181 3666 3196 3690 ,
3248 3628 3357 3681 τῶν
3385 3646 3515 3683 ναυο

1929 3707 2096 3759 τικῶν
2124 3708 2540 3777 προφαγόντων.
2572 3708 2795 3768 ’ἰδόντες
2823 3708 2881 3761 δὲ
2909 3708 3073 3761 αὐτὸν
3099 3708 3181 3762 ὄτι
3202 3710 3302 3763 ούκ
3324 3710 3514 3782 ήσθιεν

1929 3790 2027 3861 τὴν
2081 3790 2307 3859 πρώτην
2340 3791 2574 3862 ἡμέραν,
2608 3793 3021 3863 προσεδόκησαν
3073 3793 3265 3863 ἀηδίαν
3291 3795 3411 3848 τινὰ
3447 3799 3513 3851 ἐκ

1928 3875 2022 3929 τοῦ
2065 3875 2227 3940 πλοὸς
2260 3876 2408 3946 αὑτῷ
2450 3876 2960 3947 προσγεγενῆσθαιο
3019 3877 3222 3947 ὁμοίως
3271 3880 3365 3933 καί
3412 3884 3512 3950 τὴν

1927 3959 2183 4029 δευτέραν
2206 3975 2220 3988 ⁸
2255 3961 2349 4013 καὶ
2371 3959 2531 4013 πάλιν
2568 3960 2667 4031 τὴν
2688 3962 2899 4030 τρίτην,
2922 3954 3041 4013 εἶτα
3072 3961 3167 4014 καὶ
3193 3961 3290 4032 τὴν
3316 3964 3510 4034 τετάρ-

1927 4059 2045 4111 την.
2080 4044 2123 4094 Τ
2127 4046 2158 4114 ᾖ
2189 4037 2282 4096 οῦν
2314 4042 2541 4112 πέμπτῃ
2577 4044 2760 4113 ήμέρα
2800 4045 3018 4107 πάντων
3061 4044 3351 4099 ἐσθιόντων
3385 4045 3508 4115 βλέ-

1928 4143 2090 4181 πουσι
2122 4126 2285 4180 πάλιν
2314 4126 2505 4180 τοῦτον
2544 4127 2909 4197 καθεζόμενον
2943 4130 3117 4200 ήσυχῆ
3139 4146 3153 4160 ’
3191 4132 3287 4184 καὶ
3318 4131 3508 4199 λέγου-

1928 4227 2013 4262 σιν
2043 4210 2193 4280 αὐτῷ
2216 4227 2226 4239 ·
2252 4210 2353 4264 Διά
2380 4213 2433 4263 τί
2452 4210 2553 4263 οὐκ
2570 4211 2793 4278 ἐσθίεις,
2812 4210 3066 4282 ἄνθρωπε
3088 4231 3103 4279 ;
3128 4213 3276 4280 λέγει
3298 4215 3505 4270 αὐτοῖ,·

1931 4294 2051 4346 Ὅτι
2076 4293 2176 4346 οὐκ
2204 4293 2335 4365 ἔχω.
2353 4294 2711 4358 ’Δκούσαντες
2733 4294 2789 4348 δὲ
2810 4295 2968 4348 τοῦτο
2989 4296 3038 4348 οἰ
3059 4298 3323 4363 ναυτικοὶ,
3350 4316 3508 4369 περι-

1924 4376 2245 4445 ειργάζοντο
2283 4377 2570 4449 ἀλλήλους,
2603 4378 2685 4442 τίς
2734 4379 2899 4432 αὑτοῦ
2935 4379 3043 4450 ἄρα
3083 4380 3277 4435 ἐλαϐεν
3316 4384 3374 4436 ἐν
3422 4382 3505 4452 τῷ

233 4466 366 4519 σθαι
395 4466 515 4519 λίαν
537 4467 676 4535 μετά
704 4468 900 4538 κρότου
924 4467 1144 4538 χειρῶν,
1178 4466 1371 4535 λέγων·
1402 4468 1625 4537 Ἄνδρες
1655 4468 1816 4536 Ἀοη-
1845 4485 1898 4545 D
1924 4459 2192 4545 πλοίῳςᾲ
2223 4461 2577 4531 ἀναλώματα.
2620 4462 2709 4526 Ὦς
2744 4461 2801 4517 δὲ
2830 4457 2986 4534 εὗρον
3031 4464 3114 4517 ὅτι
3157 4465 3332 4529 οὐδεὶς
3364 4464 3504 4536 (οὐδὲ

232 4553 399 4613 ναῖοι,
425 4549 693 4619 βοηθεῖτε.
727 4552 1128 4622 Συνδραμόντες
1158 4551 1215 4604 δὲ
1256 4552 1453 4615 πάντες
1479 4552 1571 4622 ὑφ’
1608 4552 1666 4605 ἒν
1695 4570 1815 4622 τρι-

230 4634 538 4704 ϐωνοφόροι
571 4652 629 4687 τε
682 4636 778 4689 καὶ
836 4635 1187 4707 βυρροφόροι,
1246 4636 1497 4704 λέγουσιν
1532 4635 1700 4706 αὐτῷ·
1750 4635 1815 4688 Τί

228 4719 404 4787 ἔχεις,
440 4716 733 4789 ἄνθρωπε;
792 4720 825 4789 ἢ
868 4719 1032 4773 πόθεν
1057 4715 1201 4791 εἷςῆ
1256 4720 1309 4774 τί
1360 4723 1623 4790 πάσχεις;
1653 4720 1815 4788 Λέγει

223 4802 447 4867 αὐτοῖς·
490 4802 633 4870 Ἐγὼ
668 4803 767 4873 μέν
801 4806 916 4875 είμι
948 4805 1026 4876 τῷ
1050 4807 1199 4872 γένει
1229 4807 1546 4876 Αἰγύπτιος,
1583 4808 1815 4879 μοναχὸς

224 4886 289 4939 δέ
320 4889 387 4956 τῇ
418 4885 686 4957 πολιτείᾳ.
728 4886 845 4956 Ἀφ’
874 4885 935 4943 οῦ
960 4888 1019 4941 δὲ
1049 4890 1150 4960 τῆς
1176 4894 1447 4963 σαρκικῆς
1475 4910 1579 4962 μου
1614 4892 1815 4963 πατρί-

224 4972 322 5033 δος
346 4970 617 5041 ἀπέστην,
642 4970 791 5043 τρισί
815 4972 1119 5037 δανεισταῖς
1149 4977 1457 5047 περιέπεσα
1475 4992 1489 5007 ο
1516 4977 1611 5031 καὶ
1635 4977 1684 5031 οἰ
1711 4977 1813 5047 μὲν

221 5056 323 5111 δύο
344 5054 481 5124 όμοῦ
506 5056 922 5127 ἀπηλλάγησαν,
957 5057 1335 5129 πληρωθέντος
1357 5060 1450 5115 τοῦ
1477 5063 1691 5133 χρέους,
1713 5061 1812 5115 ούκ

221 5140 446 5211 ἔχοντες
474 5139 503 5192 0
529 5139 867 5207 ἐγκάλεσωσί
890 5159 978 5212 με.
1008 5140 1065 5196 Ὀ
1087 5144 1142 5196 δὲ
1170 5144 1349 5213 τρίτος
1380 5162 1479 5214 μου
1508 5146 1608 5199 οὐκ
1631 5146 1808 5200 ἀπαλο

219 5224 504 5289 λὶττεται,
536 5224 630 5276 καὶ
655 5224 755 5277 οὐκ
784 5224 893 5294 ἔχω
924 5226 1046 5278 ὃθεν
1078 5226 1269 5279 τοῦτον
1304 5227 1805 5300 πληροφορήσαιμι.

217 5307 800 5376 Φιλοπράγμονοῦντες
848 5308 904 5362 δὲ
952 5311 1151 5362 ἐκεῖνοι
1199 5310 1326 5373 τοὺς
1377 5311 1680 5378 δανειστὰς,
1718 5315 1806 5368 ἵνα

218 5392 419 5454 αὐτοὺς
468 5391 978 5462 πληροφορήσωσιν,
1016 5392 1243 5461 ἠρώτων
1288 5395 1471 5459 αὐτὸν,
1522 5398 1805 5465 λέγοντες·

188 5474 335 5530 "II-o6
390 5475 498 5528 εἰσι
552 5477 647 5529 καὶ
705 5476 850 5539 τίνες
887 5477 936 5529 οἱ
985 5478 1315 5549 διοχλοῦντές
1346 5497 1441 5545 σε;
1475 5481 1645 5546 δεῖξον
1676 5484 1807 5553 ήμῖν

215 5557 448 5623 αὐτοὺς,
506 5558 594 5611 ἵνα
640 5575 723 5611 σοι
778 5557 1157 5632 βοηθήσωμεν.
1213 5563 1348 5616 Τότε
1399 5563 1546 5633 λέγει
1579 5565 1802 5630 αὐτοῖς’

217 5639 495 5711 ’Ὢχλησέν
527 5657 618 5712 μοι
648 5643 713 5695 ἐκ
742 5642 993 5713 νεότητος
1024 5644 1385 5717 φιλαργυρία,
1414 5649 1509 5701 καὶ
1546 5651 1800 5720 πορνεία,

217 5724 314 5778 καὶ
342 5726 792 5795 γαστριμαργίαο
828 5727 935 5781 τών
961 5726 1053 5781 οῦν
1095 5728 1189 5782 δύο
1221 5729 1566 5803 ἀπηλλάγην,
1610 5733 1801 5806 φιλαρ-

538 5841 807 5905 ΡΑτιὶοι..
853 5845 968 5907 GR.
1019 5848 1137 5909 XX
1153 5847 1315 5909 XIV.

1922 4543 2032 4613 γὰρ
2072 4540 2217 4613 εἶχέν
2251 4546 2325 4612 τι)
2360 4545 2595 4616 ἤρξαντο
2638 4546 2802 4599 αὑτοῦ
2829 4547 3191 4617 διαμάχεσθαι
3226 4548 3500 4615 λέγοντες,

1920 4628 1994 4679 Σὺ
2030 4627 2149 4691 πῶς
2188 4628 2435 4700 εἰσῆλθες
2474 4628 2659 4683 ἐνθάδε
2704 4628 2835 4682 ἄνευ
2871 4630 3277 4700 ἀναλωμάτων;
3305 4630 3497 4684 τοσοῦ-

1916 4730 2008 4766 τον
2029 4711 2085 4765 δὲ
2107 4710 2278 4765 πλοῦν
2310 4713 2474 4765 πόθεν
2499 4711 2642 4782 ἔχεις
2677 4713 3097 4784 οἰκονομηθῆναι
3118 4753 3133 4777 ,
3176 4714 3272 4767 καὶ
3323 4715 3501 4779 ἄλλως

1916 4798 2050 4867 ἡμῖν
2076 4797 2136 4852 τὸ
2167 4796 2364 4850 ναῦλον
2396 4796 2559 4850 πόθεν
2585 4796 2729 4865 ἔχεις
2748 4790 3080 4866 νπληρῶσαις
3126 4796 3183 4848 Ὀ
3204 4796 3261 4849 δέ
3290 4798 3500 4869 μακρό-

1917 4882 2090 4953 θυμος
2142 4882 2294 4951 λέγει
2320 4882 2534 4943 αὐτοῖς’
2594 4878 2735 4948 Ἐγὼ
2790 4882 3025 4949 πρᾶγμα
3069 4880 3169 4933 ούκ
3194 4881 3320 4949 ἐχω.
3364 4882 3496 4934 ’Λπ-

1917 4967 2177 5034 ενέγκατέ
2217 4982 2309 5037 με.
2338 4966 2433 5018 καὶ
2456 4964 2647 5037 ῥίψατε
2677 4965 2809 5019 ὅπου
2843 4981 2911 5033 με
2942 4962 3154 5033 269212.
3188 4967 3252 5019 Οἰ
3282 4965 3339 5018 δὲ
3371 4984 3499 5019 ναυ-

1912 5052 2057 5104 τικοί
2077 5049 2251 5120 τούτῳ
2278 5048 2497 5117 λέγουσι
2522 5065 2536 5079 ·
2576 5047 2754 5110 Χολᾶς
2778 5048 2831 5101 τί
2864 5064 3031 5113 ποτε;
3062 5047 3190 5102 0612
3219 5051 3267 5102 εἰ
3302 5050 3498 5104 ἐκατὲν

1913 5138 2098 5199 ἐδίδως
2153 5134 2405 5207 χρύσινα,
2452 5133 2612 5187 τοῦτο
2660 5131 2955 5199 ἐποιοῦμεν
3009 5132 3200 5204 ήδέως,
3228 5134 3497 5205 τοσαύτης

1912 5224 2050 5295 ⁴ἡμῖν
2097 5221 2184 5275 διά
2240 5218 2334 5273 τοῦ
2371 5218 2506 5271 Θεοῦ
2558 5216 2725 5285 οὔσης
2759 5217 3035 5279 εὐπλοῖας.
3077 5218 3365 5288 Ἐχώμεθα
3401 5218 3495 5272 οὖν

1909 5305 2006 5360 τοῦ
2046 5302 2274 5365 σκοποῦ,
2310 5302 2379 5355 τὰ
2412 5300 2749 5371 προκείμενα
2779 5302 2911 5372 ήμῖν
2944 5301 3283 5366 ἐξανύοντες.
3304 5301 3495 5366 Οῦτως

1908 5386 2003 5445 οὖν
2042 5386 2110 5461 ἦν
2138 5391 2196 5442 ἐν
2219 5387 2297 5459 τῷ
2331 5385 2500 5456 πλοίῳ
2538 5386 2866 5455 ἀμέριμνος,
2898 5387 2993 5439 καὶ
3040 5386 3087 5439 οἰ
3120 5388 3363 5441 ναυτικοὶ
3403 5388 3494 5441 20-

1912 5474 2153 5547 ρέθησαν
2213 5471 2318 5533 ἓως
2378 5468 2594 5538 Ῥώμης
2646 5468 2962 5539 τρέφοντες,
3008 5470 3276 5523 Εἰσελθὼν
3331 5470 3423 5524 οῦν
3463 5472 3493 5525 0

1907 5558 2152 5629 ἀθλητὴς
2205 5555 2300 5611 τοῦ
2338 5554 2577 5627 Χριστοῦ
2624 5555 2681 5607 ἐν
2731 5553 2920 5625 Ῥώμῃ
2984 5555 3403 5626 περιειργάζετο
3432 5556 3492 5609 ἐν

1907 5646 2070 5715 αὐτῇ,
2103 5642 2186 5705 τίς
2226 5640 2336 5712 ἄρα
2389 5641 2536 5692 ἐστίν
2566 5637 2788 5707 ἄριστος
2807 5637 2915 5693 τῶν
2946 5638 3205 5710 ἀσκητῶν
3234 5640 3406 5712 μέγας
3450 5637 3487 5710 ἢ

1906 5732 2001 5787 καὶ
2026 5729 2299 5800 ἀσκήτρια
2329 5728 2388 5781 ἐν
2418 5728 2482 5797 τῇ
2512 5726 2686 5780 πόλει.

3132 5840 3211 5903 38
