4112 6446
698 304 829 370 1187

1298 418 1552 473 ΚΕΦΑΛ.
1595 419 1717 470 ΠΝ.

1251 504 1393 572 Περὶ
1422 504 1735 572 Δομνίνου.

778 589 866 642 Ἐν
896 582 975 652 οἷς
1004 588 1249 657 Δομνίνῳ
1274 590 1383 639 τινὶ
1405 586 1638 657 γενναίῳ
1671 588 1729 638 ἐν
1751 587 1816 654 τῇ
1838 584 2068 653 ἀσκήσει
2104 580 2279 650 ἀνδρὶ,

696 672 913 743 μαθητῇ
968 670 1278 741 Ὠριγένους
1307 669 1622 739 περιέτυχε,
1640 668 1866 738 ,μεγάλῃ
1917 666 2150 736 ἀσκήσει
2178 681 2279 715 πε·-

694 754 985 825 πονημένῳ
1005 770 1019 784 ·
1054 754 1184 823 περὶ
1240 748 1302 807 οὗ
1334 754 1490 822 φήμη
1522 752 1767 821 διέτρεχε
1820 749 1994 802 πολλά
2023 746 2280 816 θαύματα

694 838 1078 906 πεποιηκέναι.
1116 829 1191 889 Οῦ
1222 837 1255 907 ἡ
1286 836 1442 906 κλίνη
1473 836 1567 889 καὶ
1600 835 1739 906 μετά
1773 834 1864 887 τὸν
1903 833 2130 887 θάνατον
2153 830 2279 883 τού.

693 940 786 976 του
820 921 1040 989 ἐλέγετο
1063 920 1253 984 νόσους
1286 921 1494 973 ίᾶσθαι.

1281 1017 1538 1072 ΚΕΦΑΛ.
1577 1017 1704 1071 IlE'.

983 1102 1125 1173 Περὶ
1158 1102 1270 1172 τῆς
1300 1102 1371 1155 ἐν
1407 1102 1599 1172 Ῥώμῃ
1633 1099 1959 1170 παρθένου.

762 1187 1079 1259 Περιτυχὼν
1106 1183 1199 1241 οὖν
1224 1187 1396 1259 αὐτῷ.
1428 1188 1523 1240 καὶ
1546 1184 1927 1256 οἰκοδομηθεὶς
1956 1184 2087 1253 παρ’
2112 1180 2277 1237 αὐτοῦ

694 1273 855 1343 (ἀνὴρ
886 1271 997 1341 γὰρ
1046 1266 1115 1342 ἦν
1154 1271 1571 1342 τετορνευμένος
1606 1270 1663 1322 ἐν
1691 1287 1748 1322 τε
1774 1268 1896 1339 ήθει
1929 1269 2022 1321 καὶ
2054 1266 2279 1335 γνώσει,

692 1356 787 1409 καὶ
813 1355 958 1425 λόγῳ
980 1355 1075 1409 καὶ¹
1111 1355 1230 1425 βίῳ)
1254 1355 1473 1425 ἐρωτῶν
1510 1371 1568 1407 τε
1603 1353 1795 1423 μαθεῖν
1823 1354 1954 1425 παρ’
1998 1351 2164 1405 αὑτοῦ
2196 1350 2279 1413 τίς

692 1441 800 1512 ἄρα
834 1441 918 1512 εἴη
946 1441 1062 1493 ἐκεῖ
1094 1439 1254 1502 ἄλλος
1283 1440 1530 1510 ἀσκητὴς
1562 1439 1595 1510 ἢ
1620 1438 1897 1507 ἀσκήτρια
1920 1479 1934 1503 ,
1975 1435 2117 1505 ἔγνω
2148 1434 2278 1504 παρ’

692 1522 857 1577 αὑτοῦ
883 1524 1011 1594 περὶ
1043 1520 1423 1593 ήσυχαζούσης
1450 1523 1594 1585 τινὸς
1618 1521 1916 1590 παρθένου,
1942 1521 2015 1584 ὡς
2038 1522 2123 1589 είη
2142 1518 2279 1589 αὑτὴ

691 1607 936 1659 εἰκοστὸν
952 1606 1201 1677 πέμπτον
1230 1606 1439 1674 ἄγουσα
1466 1606 1584 1668 ἔτος
1609 1603 2191 1674 ἐγκατακεκλεισμένη
2222 1604 2280 1655 ἐν

689 1689 856 1760 κέλλῇ
884 1689 1153 1760 μηδέποτε
1186 1688 1378 1759 μηδενὶ
1428 1689 1890 1759 συντυγχάνουσα.
1930 1688 2135 1741 Μαθὼν
2188 1685 2282 1738 οῦν

2182 300 2535 361 PALLADII
2774 274 2777 275 ί
3758 316 3849 381 113:

2314 410 2366 468 Α
2394 413 2550 465 ποιῶ·
2579 415 2658 476 εἰς
2688 414 2852 467 τοῦτο
2881 415 2987 484 γὰρ
3011 414 3071 468 :6
3103 414 3297 485 μέτρον
3315 417 3407 470 οὐκ
3437 412 3580 487 ἦλθον
3605 422 3765 494 ἀκμὴν,
3784 432 3847 482 εὖ.

2390 512 2558 565 χομαι
2588 496 2646 549 δὲ
2668 498 2865 551 ἐλθεῖν.
2904 498 3038 552 Τότε
3076 497 3226 567 λέγει
3252 498 3383 569 αὐτῇ
3417 502 3444 552 6
3479 500 3637 565 δοῦλος
3664 506 3736 559 τοῦ
3754 509 3846 564 Θεοῦ

2386 578 2673 650 Σεραπίων
2699 582 2727 633 6
2743 579 3133 650 ἀπροσπαθής·
3166 581 3337 634 Βλέπε
3361 580 3466 644 οῦν.
3491 584 3680 656 ἀδελφὴ,
3711 594 3849 659 μηκέτι

2390 662 2787 733 μεγαλοφρόνει
2812 664 2905 717 ἐπὶ
2929 667 3131 735 σεαυτῇ
3160 664 3235 728 ὡς
3256 666 3462 719 πάντων
3485 668 3603 721 οὖσα
3630 671 3849 743 ἀγιωτέρα,

2385 747 2483 799 καὶ
2520 747 2849 817 καυχωμένη
2896 749 2973 811 ὡς
3008 746 3088 818 τῷ
3127 750 3316 820 κόσμῳ
3349 749 3510 819 τούτῳ
3555 752 3849 810 ἀποθανοῦσα·

2384 828 2587 898 ἔμαθες
2608 830 2717 900 γὰρ
2746 831 2830 884 6::
2864 830 2983 901 ζῇς,
3020 832 3115 885 καὶ
3138 832 3320 902 ἀκμὴν
3353 832 3628 903 ἀνθρώποις
3645 838 3846 906 ἀρέσκεις,

2397 910 2539 981 Ἐγὼ
2569 913 2676 985 γάρ
2702 930 2796 968 σου
2819 914 3057 984 δύναμαι
3082 917 3395 986 νεκρότερος
3424 912 3567 981 εἶναι,
3600 919 3719 990 έργῳ
3741 923 3851 978 δυνά.

2388 1013 2546 1064 μενος
2574 997 2747 1061 δεῖξαι
2798 998 2881 1051 6::
2932 998 3009 1070 τῷ
3038 999 3228 1070 κόσμῳ
3256 999 3531 1065 ἀπέθανον,
3570 1006 3850 1073 ἀπροσπαθὼς

2384 1081 2521 1151 ἔχων
2553 1082 2624 1133 τὰ
2655 1081 2792 1151 πρὸς
2826 1081 3011 1136 αὐτόν.
3072 1082 3523 1153 Ἀνεπαισχύντως
3570 1087 3663 1156 γὰρ
3683 1087 3850 1157 δύναμαι

2385 1164 2482 1218 καὶ
2510 1164 2953 1228 ἀσκανδαλίστως
2975 1164 3135 1218 τοῦτο
3165 1166 3382 1235 ποιῆσαι
3409 1169 3533 1239 ὅπερ
3567 1170 3761 1235 ἐπέταξὰ
3780 1191 3850 1229 σοι.

2398 1250 2531 1303 ’Λπδ
2561 1249 2767 1304 τούτων
2799 1250 2909 1304 τῶν
2934 1250 3109 1319 λόγων
3138 1251 3430 1317 παιδεύσας
3462 1254 3612 1325 αὐτὴν
3646 1259 3693 1309 ἐν
3720 1274 3853 1311 ταπει-

2384 1333 2712 1406 νοφροσύνῃ,
2744 1336 2865 1389 τότε
2898 1335 3192 1391 κατέλιπεν
3226 1336 3422 1407 ταύτην
3444 1339 3649 1403 τελείαν,
3671 1343 3745 1394 καὶ
3763 1342 3853 1395 κλά-

2383 1435 2480 1481 σας
2512 1418 2680 1489 αὐτῆς
2708 1418 2770 1472 τὸ
2793 1420 3023 1490 φύσημα
3044 1421 3140 1474 τοῦ
3172 1420 3362 1489 τύφου,
3402 1420 3558 1485 οὕτως
3580 1423 3719 1491 αὐτῆς
3740 1425 3761 1476 6
3784 1442 3856 1493 μα·

2383 1504 2575 1573 κάριος
2626 1502 2995 1574 ἀνεχώρησεν.
3054 1499 3275 1566 Οὖτσςὸ
3311 1503 3416 1574 βίος
3460 1505 3752 1575 Σεραπίωνος
3791 1507 3854 1560 τοῦ

2383 1586 2627 1649 ἀπαθοῦς
2653 1588 2749 1641 καὶ
2777 1590 3081 1657 ἀκροτάτου
3120 1590 3441 1657 ἀκτήμονος.

2454 1670 2634 1723 Πολλά
2662 1672 2719 1724 δέ
2742 1672 2838 1725 καὶ
2865 1673 3097 1742 λαμπρά
3129 1671 3166 1726 ἀ
3191 1672 3484 1743 πεποίηκεν
3504 1671 3739 1741 θαυμάσια
3758 1674 3855 1745 πρᾶο

691 1756 865 1843 αὐτῆς
885 1756 922 1826 '6
946 1756 1197 1842 ἀοίδιμος.
1230 1756 1386 1836 οὗτος
1445 1772 1535 1826 τὸν
1568 1756 1740 1837 οἷκον,
1760 1772 2004 1842 ἀπῆλθεν
2026 1772 2161 1833 ἐκεῖ,
2188 1770 2279 1823 καὶ
2313 1770 2352 1825 Β
2381 1770 2567 1823 γματα
2663 1756 2919 1843 ὲνᾲρξῖος
2955 1756 3053 1810 τοῦ
3078 1756 3317 1843 δριστοδ
3362 1757 3600 1843 σοφιςῖὴς
3622 1758 3680 1843 τᾲ
3702 1759 3851 1811 συντεί·

689 1855 837 1925 λέγει
856 1858 920 1927 τῇ
944 1856 1361 1929 ὑπηρετουμένῃ
1388 1857 1525 1927 αὐτῇ
1555 1858 1737 1927 γραῖδι
1758 1873 1771 1887 ·
1794 1855 1957 1908 Εἰπὸν
1980 1858 2046 1926 τῇ
2072 1853 2280 1923 παρθέ-

690 1958 786 2010 νῳ.
827 1938 909 1992 ὃτι
934 1939 1203 2004 Μονάξων
1231 1956 1315 2003 τις
1342 1942 1653 2009 ἀναγκαίως
1680 1957 1761 1992 σοι
1794 1938 1939 1992 θέλει
1974 1940 2278 2007 συντυχεῖν.

690 2022 922 2075 Δεδώκει
960 2024 1016 2075 δὲ
1046 2022 1195 2093 αὑτῷ
1228 2023 1519 2094 ἀπόκρισιν
1573 2025 1606 2094 ἠ
1633 2022 1830 2094 γραῦς,
1861 2024 1941 2075 6::
1974 2023 2038 2076 ἐκ
2070 2021 2280 2075 πολλῶν

690 2107 826 2159 ἐτῶν
849 2106 1023 2160 οὐδενὶ
1052 2108 1474 2179 συντετύχηκεν.
1495 2107 1660 2175 Λέγει
1690 2107 1851 2176 αὐτῇ·
1890 2100 2058 2159 Εἶπον
2112 2105 2275 2174 αὐτῇ,

689 2192 773 2243 ὅτι
799 2191 884 2244 ἵνα
912 2208 991 2244 σοι
1019 2191 1267 2261 συντύχω
1290 2209 1302 2221 ·
1333 2193 1360 2244 6
1381 2192 1513 2255 Θεὸς
1560 2192 1669 2261 γάρ
1697 2207 1761 2261 με
1795 2189 2114 2243 ἀπέστειλεν
2142 2188 2282 2258 πρὸς

692 2273 773 2327 σέ.
808 2270 870 2325 Ἦ
902 2273 957 2326 δὲ
986 2274 1107 2327 οὐδὲ
1137 2275 1311 2338 οὕτως
1335 2275 1616 2345 ἠνέσχετο.
1662 2272 2016 2344 ιιαραμείνας
2044 2273 2101 2325 δὲ
2131 2274 2277 2343 τρεῖς

689 2356 901 2425 ἡμέρας
929 2359 993 2427 τῇ
1028 2358 1247 2427 εὐτονίᾳ
1278 2358 1503 2428 ὕστερον
1535 2359 1672 2427 αὐτῇ
1711 2358 2025 2425 συνέτυχεν,
2047 2353 2278 2408 καίίδὼν

689 2441 882 2512 αὐτὴν,
944 2442 1114 2511 λέγει·
1177 2443 1242 2494 Τί
1306 2440 1516 2512 καθέζῃ
1579 2440 1851 2508 ἐνταῦθα;
1898 2439 2278 2511 Ἀποκρίνεται

692 2526 842 2597 αὐτῷ
876 2528 1058 2598 ἐκείνη
1092 2528 1361 2595 λέγουσα·
1399 2527 1475 2580 06
1529 2526 1857 2597 καθέζομαι,
1909 2525 2045 2579 ἀλλὰ
2086 2525 2275 2578 ὀδεύω.

690 2612 855 2679 Λέγει
878 2616 1015 2684 αὐτῇ
1040 2615 1267 2676 ἐκεῖνος,
1293 2613 1402 2667 Ποῦ
1432 2611 1634 2673 ὁδεύεις
1662 2628 1675 2677 ;
1704 2612 1866 2679 Λέγει
1910 2610 2057 2680 αὐτῷ
2084 2610 2118 2681 ἡ
2144 2627 2281 2679 παρ-

692 2695 875 2761 θένος·
915 2698 1059 2767 Πρὸς
1090 2697 1180 2750 τὸν
1207 2697 1339 2751 Θεόν
1377 2714 1500 2769 μου,
1535 2697 1699 2764 Λέγει
1743 2698 1881 2765 αὐτῇ
1915 2696 1942 2747 6
1970 2693 2157 2755 δοῦλος
2182 2693 2276 2747 τοῦ

688 2782 859 2835 Θεοῦ·
913 2784 1041 2853 Ζῇς,
1095 2782 1129 2854 ἢ
1164 2782 1473 2849 ἀπέθανες;
1528 2782 1692 2849 Λέγει
1732 2780 1882 2849 αὐτῷ
1928 2780 2112 2850 ἐκείνη
2138 2796 2152 2809 ·
2182 2782 2278 2833 Πι-

691 2866 868 2918 στεύω
890 2866 969 2926 είς
1004 2865 1096 2918 τὸν
1120 2866 1252 2919 Θεόν
1278 2883 1379 2936 μου
1403 2868 1484 2919 6::
1504 2864 1777 2918 ἀπέθανον
1812 2863 1889 2933 τῷ
1912 2862 2124 2932 κόσμῳ.
2162 2862 2280 2916 Ζῶν

690 2948 799 3021 γάρ
828 2951 895 3020 τῇ
918 2950 1081 3018 σαρκὶ
1107 2949 1168 3002 οὐ
1204 2949 1279 3019 μὴ
1313 2948 1509 3020 όδεύσῃ
1534 2949 1669 3019 πρδς
1695 2946 1787 3000 τὸν
1814 2946 1969 2999 Θεόν.
2014 2945 2279 3007 Ἀκούσας

689 3031 748 3083 δὲ
772 3030 944 3083 ταῦτα
974 3032 1001 3082 6
1028 3034 1296 3103 μακάριος
1323 3033 1630 3104 Σεραπίων,
1662 3030 1810 3100 λέγει
1837 3031 1975 3100 αὐτῇ
1997 3045 2013 3060 ·
2045 3029 2276 3091 Οὐκοῦν,

2383 1854 2541 1891 νοντα
2588 1840 2669 1903 είς
2712 1840 3006 1906 ἀπάθειαν,
3072 1841 3232 1895 ἅτινα
3280 1840 3388 1894 ἀπὸ
3419 1841 3611 1895 πολλῶν
3646 1842 3766 1909 ὀλίγα
3788 1859 3853 1909 γι-

2383 1920 2695 1991 γράιραμεν,
2727 1922 2789 1976 :6
2829 1923 3071 1995 καθαρὸν
3097 1925 3192 1978 τοῦ
3236 1924 3351 1994 βίου
3375 1923 3552 1977 τούτου
3579 1925 3851 1994 δηλώσαντες.

2382 2001 2553 2069 Οὗτος
2603 2008 2631 2059 6
2684 2008 2953 2070 ἀθάνατος
3002 2008 3228 2075 τελευτᾷ
3256 2009 3403 2077 ἄγων
3444 2009 3534 2079 τῆς
3570 2007 3746 2079 ἡλικίας
3772 2010 3851 2072 έτος

2382 2088 2694 2158 ἑξηκοστὸν,
2726 2091 2783 2142 ἐν
2822 2091 2961 2162 αὐτῇ
2994 2095 3058 2163 τῇ
3092 2093 3284 2164 ἐρήμῳ
3307 2092 3510 2163 ταφείς.

2946 2191 3197 2245 ΚΕΦΑΛ.
3263 2193 3397 2257 oq'.

2914 2273 3055 2342 Περὶ
3089 2275 3406 2343 Εὐαγρίου.

2452 2356 2533 2409 Τά
2564 2356 2703 2410 κατά
2735 2354 3008 2428 Εὐάγριον
3042 2357 3134 2411 τὸν
3154 2358 3397 2428 ἀοίδιμον
3424 2358 3645 2412 διάκονον
3669 2358 3740 2411 τοῦ
3762 2361 3849 2428 Χριο

2382 2439 2540 2502 στοῦ,
2592 2440 2760 2511 ἄνδρα
2796 2441 3097 2511 βεϐιωκότα
3144 2442 3287 2495 κατά
3320 2443 3441 2505 τοὺς
3471 2442 3776 2506 ἀποστόλους,
3811 2444 3851 2495 οὗ

2379 2522 2588 2577 δίκαιον
2633 2525 2940 2595 ἡσυχάσαι,
2994 2525 3133 2579 ἀλλά
3170 2526 3346 2580 ταῦτα
3388 2530 3560 2597 γραφῇ
3606 2526 3851 2597 παραδοῦναι

2378 2610 2456 2672 είς
2498 2609 2786 2680 οἰκοδομὴν
2832 2608 2941 2662 τῶν
2992 2612 3446 2681 ἐντυγχανόντων,
3494 2612 3579 2664 καὶ
3628 2610 3753 2674 δόξαν
3786 2609 3852 2678 τῆς

2379 2690 2716 2760 ἀγαθότητος
2744 2690 2837 2745 τοῦ
2870 2692 3120 2763 Σωτῆρος
3147 2693 3327 2764 ήμῶν,
3352 2693 3547 2746 δίκαιον
3572 2694 3852 2764 ἡγησάμενος.

2379 2774 2586 2829 ἀνωθεν
2623 2775 2941 2845 ἐκτίθεμαι,
2988 2776 3107 2840 πῶς
3155 2793 3215 2829 τε
3264 2772 3426 2847 ἦλθεν
3472 2779 3557 2830 ἐπὶ
3600 2778 3677 2829 τὸν
3704 2777 3852 2845 μονήρη

2381 2858 2603 2924 σκοπὸν,
2637 2860 2731 2913 καὶ
2779 2861 2928 2922 ὅπως
2979 2860 3144 2924 ἀξίως
3189 2860 3289 2914 τοῦ
3337 2860 3708 2930 ἐπαγγέλματος
3745 2858 3855 2913 αὑτὸν

2378 2943 2690 3015 ἐξασκήσας
2718 2945 2946 3017 τελευτᾴ
2998 2946 3135 2998 ἐτῶν
3166 2948 3505 3016 πεντήκοντα
3545 2946 3788 3013 τεσσάρων,
3818 2944 3855 2995 ἐν

2377 3031 2445 3099 τῇ
2495 3030 2720 3099 ἐρήμῳ,
2772 3030 2915 3083 κατά
2967 3028 3028 3083 :6
3066 3029 3490 3100 γεγραμμένον·
3524 3027 3784 3086 Τελειωθεὶς
3818 3025 3855 3076 ἐν

692 3114 780 3167 ἵνα
814 3131 882 3185 με
914 3116 1340 3187 πληροφορήσῃς
1372 3117 1453 3169 6::
1486 3114 1757 3177 ἀπέθανες
1786 3114 1864 3186 τῷ
1887 3115 2099 3185 κόσμῳ,
2123 3113 2280 3185 ποίη·
2310 3116 2356 3178 C
2387 3113 2552 3183 ὀλίγῳ
2583 3115 2870 3186 ἐπλήρωσε
2898 3114 3124 3184 χρόνους
3165 3113 3431 3184 μακρούς.
3472 3111 3671 3182 Ἀρεστὴ
3699 3110 3780 3178 γὰρ
3796 3108 3855 3160 ὃν·

694 3214 784 3251 σον
812 3199 839 3251 ὃ
862 3198 972 3268 ἐγὼ
999 3201 1156 3255 ποιῶ.
1183 3201 1345 3268 Λέγει
1363 3200 1514 3271 αὑτῷ
1540 3200 1743 3271 ἐκείνη·
1763 3198 1975 3251 Δυνατά
2004 3215 2094 3268 μοι
2120 3198 2280 3267 μόνον

689 3274 964 3349 ἐπίταξον,
984 3285 1079 3337 καὶ
1109 3282 1266 3337 ποιῶ.
1286 3284 1643 3354 ’Λπεκρίνατο
1666 3283 1801 3353 αὐτῇ
1828 3284 2053 3344 ἐκεῖνος·
2084 3280 2281 3352 Νεκρῴ

689 3367 890 3421 δυνατά
914 3370 1031 3421 ἐστι
1067 3368 1247 3422 πάντα
1269 3367 1347 3439 τῷ
1372 3368 1511 3422 κατά
1537 3367 1619 3434 σὲ,
1649 3367 1920 3437 παρεκτὸς
1948 3366 2042 3419 τοῦ
2078 3367 2279 3436 ἀσεϐῆ-

692 3470 803 3507 σαι.
835 3449 966 3506 Εἷτα
994 3452 1142 3520 λέγει
1167 3452 1325 3523 αὐτῇ·
1359 3450 1604 3505 Κάτελθε
1628 3454 1721 3505 καὶ
1748 3451 1996 3521 πρόελθε.
2023 3451 2280 3520 ’Λπεκρί-

690 3554 819 3589 νατο
850 3535 997 3606 αὑτῷ
1026 3536 1233 3605 ἐκείνη·
1268 3536 1528 3588 Είκοστὸν
1564 3535 1812 3605 πέμπτον
1841 3534 1959 3597 ἐτος
1983 3534 2087 3604 ἔχω
2119 3534 2279 3603 μηδέ-

690 3638 819 3673 ποτε
843 3618 1202 3691 προελθοῦσα,
1227 3619 1319 3672 καί¹
1343 3619 1428 3671 ἵνα
1455 3618 1507 3671 τί
1528 3621 1765 3689 σήμερον
1800 3618 2080 3688 προέλθω;
2118 3618 2277 3685 Λέγει

690 3705 826 3775 αὐτῇ
857 3705 1061 3766 ἐκεῖνος
1083 3720 1096 3732 ·
1145 3704 1300 3765 Οὐαὶ,
1333 3704 1430 3755 οὐκ
1458 3699 1630 3767 εἶπες,
1668 3703 1748 3755 ὅτι
1790 3701 1931 3770 Ἐγὼ
1961 3702 2038 3771 τῷ
2092 3702 2279 3771 κόσμῳ

688 3789 864 3857 τούτῳ
884 3788 1189 3852 ἀπέθανον;
1216 3787 1375 3857 δῆλον
1414 3786 1631 3851 πάντως
1662 3788 1743 3840 ὅτι
1783 3788 1877 3841 καὶ
1900 3788 1982 3840 σοι
2016 3787 2043 3838 6
2074 3787 2277 3855 κόσμος

689 3872 789 3924 οὐκ
838 3871 1003 3923 ἔστιν.
1038 3871 1100 3922 El
1129 3870 1222 3924 οὖν
1250 3870 1407 3923 τοῦτό
1438 3873 1587 3923 ἐστιν
1608 3911 1623 3935 ,
1649 3870 1843 3941 νεκρδς
1870 3870 2085 3932 οὐδενὸς
2120 3871 2277 3921 ἐπαι-

692 3955 967 4008 σθάνεται.
999 3953 1208 4006 Ταυτόν
1243 3970 1325 4006 σοι
1349 3952 1440 4006 οῦν
1472 3956 1616 4007 ἐστιν
1639 3954 1733 4006 καὶ
1760 3953 2043 4022 προελθεῖν
2078 3952 2171 4004 καὶ
2201 3951 2274 4021 μὴ

690 4037 994 4109 προελθεῖν.
1039 4038 1345 4090 Ἀκούσασα
1383 4038 1440 4092 δὲ
1472 4036 1645 4091 ταῦτα
1680 4039 1713 4104 ἡ
1756 4037 2045 4107 παρθένος,
2076 4036 2275 4107 προῆλο

691 4122 803 4173 θεν·
839 4122 978 4191 μετὰ
1006 4120 1063 4173 δὲ
1093 4122 1149 4173 τὸ
1186 4122 1470 4192 προελθεῖν
1504 4122 1673 4190 αὐτὴν
1701 4121 1826 4186 ἔξω,
1853 4120 1947 4173 καὶ¹
1967 4118 2144 4172 ἐλθεῖν
2170 4119 2276 4183 ἕως

690 4194 987 4270 ἐκκλησίας
1039 4204 1208 4270 τινὸς,
1270 4202 1438 4257 ἐλθὼν
1461 4206 1488 4257 6
1514 4204 1784 4275 μακάριος
1821 4198 1977 4273 εὗρεν
2016 4202 2185 4273 αὐτὴν
2219 4205 2275 4255 ἐν

689 4290 755 4356 τῇ
805 4287 1088 4358 ἐκκλησία,
1137 4290 1229 4341 καὶ
1282 4288 1429 4356 λέγει
1482 4289 1619 4359 αὐτῇ
1648 4306 1661 4318 ·
1690 4287 1750 4339 El
1783 4287 1951 4349 ὅντως
1994 4286 2167 4348 θέλεις
2198 4301 2275 4337 τε·

690 4369 850 4434 λείως
881 4370 1293 4442 πληροφορῆσαί
1321 4388 1387 4441 με
1414 4372 1496 4425 6::
1518 4371 1807 4435 ἀπέθανες,
1838 4372 1933 4424 καὶ
1969 4370 2152 4422 οὐκέτι
2176 4368 2273 4439 ζῇς

2380 3217 2489 3263 τως
2517 3199 2740 3269 γέγονεν
2762 3201 2796 3270 ἡ
2826 3199 2971 3269 ψυχὴ
3007 3197 3170 3251 αὑτοῦ
3195 3198 3277 3268 τῷ
3309 3198 3508 3267 Κυρίῳ.
3542 3191 3683 3258 Οὗτος
3709 3193 3767 3262 τῷ
3789 3190 3855 3259 μὲν

2383 3287 2529 3353 γένει
2552 3284 2741 3353 γέγονε
2766 3282 3044 3346 Ποντικὸς,
3072 3282 3286 3345 πόλεως
3321 3282 3553 3352 Ἰϐήρων,
3574 3281 3668 3341 υίδς
3689 3274 3855 3347 πρεσϐυ-

2381 3370 2563 3438 τέρου,
2596 3367 2949 3437 ἀναγνώστης
2973 3366 3276 3436 προαχθεὶς
3309 3368 3454 3436 παρά
3474 3365 3560 3419 τοῦ
3586 3364 3714 3432 ἁγίου
3743 3361 3854 3412 Βασι-

2381 3452 2526 3504 λείου
2553 3451 2646 3505 τοῦ
2680 3452 2982 3504 ἐπισκόπου
3008 3450 3111 3519 τῆς
3146 3451 3471 3521 Ἐκκλησίας
3497 3446 3773 3517 Καισαρείας
3792 3443 3856 3508 τῆς

2381 3538 2519 3608 πρὸς
2557 3537 2618 3590 τδ
2652 3537 2890 3605 Ἀργεω.
2930 3535 3087 3591 Μετά
3118 3535 3176 3589 δὲ
3225 3535 3327 3605 τὴν
3370 3534 3605 3604 κοίμησιν
3640 3530 3712 3581 τοῦ
3748 3525 3855 3593 ἁγίου

2380 3622 2681 3675 ἐπισκόπου
2697 3621 2890 3674 Βασιλε
2902 3621 2980 3673 ίου
3002 3620 3293 3690 προσέχων
3310 3618 3471 3671 αὐτοῦ
3485 3620 3544 3687 τῇ
3557 3612 3854 3684 ἐπιτηδειότητι

2379 3707 2407 3759 6
2432 3704 2761 3774 σοφώτατος,
2786 3705 2881 3757 καὶ
2902 3703 3283 3767 ἀπαθέστατος
3307 3703 3400 3756 καὶ
3419 3703 3557 3773 πάσῃ
3577 3697 3745 3764 παιδείᾳ
3758 3694 3854 3759 λάμ·

2380 3808 2498 3844 πων
2516 3792 2543 3844 6
2564 3791 2721 3857 ἅγιος
2742 3788 3044 3860 Γρηγόριος
3066 3790 3095 3841 6
3112 3789 3402 3851 Νυσσαεὺς
3421 3788 3681 3844 ἐπίσκοπος
3694 3775 3854 3860 ἀδελᾷδς

2379 3876 2470 3928 τοῦ
2514 3876 2572 3926 ἐν
2608 3875 2742 3944 τιμῇ
2777 3858 2885 3925 τῶν
2914 3858 3234 3926 ἀποστόλων
3268 3871 3540 3924 Βασιλείου
3584 3867 3660 3920 τοῦ
3696 3858 3853 3944 ἐπισκό-

2381 3975 2507 4021 πουν
2545 3941 2949 4030 προκεῖρίζεται
2977 3956 3168 4010 τοῦτον
3217 3957 3484 4011 διάκονον.
3522 3950 3720 4005 Ἐκεῖθεν
3736 3941 3853 4030 ὲλθιὶιν

2379 4042 2407 4094 6
2440 4025 2599 4109 ἅγιος.
2616 4025 2914 4112 Γρηγόριος
2937 4043 2965 4093 6
2988 4041 3311 4105 ἐπίσκοπος,
3346 4042 3402 4093 ἐν
3427 4041 3491 4108 τῇ
3521 4034 3694 4107 μεγάλῃ
3715 4025 3850 4112 αδνέδφ

2378 4128 2444 4197 τῇ
2483 4126 2622 4179 κατά
2665 4125 3267 4186 Κωνσταντινούπολιν,
3322 4119 3684 4189 καταλιμπάνει
3715 4110 3850 4166 αὑτὸν.

2378 4209 2667 4279 Νεκταρίῳ
2700 4208 2776 4278 τῷ
2824 4210 3079 4280 μακαρίῳ
3123 4208 3433 4278 ἐπισκόπῳ.
3466 4198 3851 4280 διαλεκτικώτστῡξ

2380 4293 2509 4347 ὄντα
2538 4277 2679 4348 κατά
2716 4277 2906 4347 πασῶν
2941 4277 3060 4346 τῶν*
3094 4277 3394 4362 αἱρέσεων.
3423 4288 3595 4343 Ἤνθει
3624 4282 3727 4351 γοῦν
3747 4280 3788 4330 ἐν

2385 4378 2596 4451 μεγάλῃ
2628 4377 2801 4439 πόλει,
2831 4376 3009 4444 λόγοις
3033 4359 3443 4445 νεανιευόμενος
3479 4370 3604 4424 κατά
3640 4366 3776 4432 πάσης
3799 4359 3854 4411 οἱ·

690 4454 999 4524 ἀνθρώποις
1022 4458 1356 4527 ἀρέσκουσαο
1391 4456 1617 4526 ποίησον
1643 4455 1671 4508 δ
1706 4454 1816 4523 ἐγὼ
1836 4454 2071 4523 δύναμαι
2116 4454 2273 4522 ποιῆ*
2307 4465 2350 4521 D
2382 4464 2606 4533 ρέσεως.
2661 4462 2869 4533 Συνέϐη
2915 4456 3008 4514 οὖν
3033 4459 3229 4513 τοῦτον
3271 4457 3536 4530 ὑπερϐολῇ
3569 4452 3743 4520 τρόπων
3763 4458 3855 4512 χρη·

694 4556 805 4603 σαι,
829 4540 924 4592 καὶ
941 4540 1061 4592 τότε
1080 4540 1187 4609 πλη
1197 4540 1520 4611 ροφορήσεις
1546 4555 1613 4609 με
1636 4540 1716 4592 6::
1742 4538 1957 4608 ἀληθῶς
1979 4537 2059 4606 τῷ
2082 4536 2273 4608 κόσμῳ

691 4622 866 4695 τούτῳ
906 4623 1195 4687 ἀπέθανες.
1259 4626 1363 4676 Καὶ
1395 4625 1426 4695 ἡ
1478 4623 1745 4694 παρθένος
1774 4622 1980 4685 λοιπὸν,
2006 4622 2069 4673 Τί
2096 4620 2269 4684 θέλεις

690 4708 903 4778 ποιήσω
925 4721 940 4772 ;
962 4708 1124 4775 Λέγει
1163 4707 1300 4777 αὐτῇ
1330 4708 1569 4769 ἐκεῖνος·
1607 4705 1982 4775 Ἐκδυσαμένη
2009 4704 2183 4757 πάντα
2204 4701 2272 4756 τά

694 4790 887 4861 ἱμάτιά
913 4806 1028 4856 σου,
1051 4790 1129 4853 ὡς
1157 4789 1290 4859 ἐγὼ,
1321 4792 1413 4843 ἐπὶ
1439 4792 1549 4843 τῶν
1586 4790 1752 4859 ῶμων
1780 4806 1872 4841 σου
1911 4788 2021 4854 θὲς,
2046 4787 2143 4841 καὶ
2180 4804 2273 4839 πε-

693 4876 872 4945 ρίελθε
904 4877 1076 4947 μέσην
1106 4876 1203 4947 τὴν
1223 4876 1548 4947 πόλιν,ἐμοῦ
1569 4874 1867 4945 δυναμένου
1898 4875 2271 4943 ἀναισχύντως

690 4961 1099 5032 προλαμϐάνειν
1156 4978 1215 5013 σε
1244 4960 1322 5032 τῷ
1368 4964 1611 5033 σχήματι
1663 4960 1860 5029 τούτῳ.
1902 4960 2065 5028 Λέγει
2123 4960 2270 5028 αὐτῷ

688 5046 875 5117 ἐκείνη
893 5061 906 5075 ·
951 5045 1091 5099 Ἀλλ’
1112 5047 1224 5115 ἐγὼ
1242 5046 1307 5098 ἂν
1338 5046 1493 5099 τοῦτο
1514 5045 1746 5115 ποιήσω,
1779 5042 2117 5106 σκανδαλίζω
2140 5042 2270 5094 πολε

686 5134 814 5198 λοὺς
842 5132 935 5186 ἐπὶ
964 5134 1041 5205 τῷ
1067 5135 1302 5205 ἀσχὴμῳ
1335 5133 1427 5186 τοῦ
1458 5134 1781 5204 πράγματος
1805 5147 1818 5159 ·
1852 5132 1945 5184 καὶ
1968 5130 2151 5200 έχουσι
2183 5129 2267 5181 λέ-

686 5235 806 5287 γειν
825 5219 991 5284 τινὲς,
1008 5219 1091 5270 6::
1109 5217 1335 5286 Ἐξέστη
1354 5218 1447 5271 καὶ
1472 5216 1807 5289 δαιμονιῶσά
1829 5218 1997 5269 ἐστιν.
2011 5214 2270 5286 Ἀποκρί-

685 5318 839 5355 νεται
866 5303 894 5355 6
922 5302 1192 5371 μακάριος
1222 5302 1531 5371 Σεραπίων,
1551 5301 1644 5355 καὶ
1672 5302 1819 5370 λέγει
1847 5300 1983 5369 αὑτῇ
2005 5316 2020 5331 ·
2048 5298 2156 5352 Καί
2185 5315 2267 5351 σοι

684 5388 738 5441 τί
784 5387 940 5457 μέλει
986 5387 1079 5440 ἐὰν
1112 5385 1272 5439 τοῦτο
1307 5388 1571 5452 εῐπωσιν;
1627 5390 1690 5441 σὺ
1719 5386 1827 5457 γάρ
1858 5389 2063 5454 αὐτοῖς,
2086 5387 2160 5449 ὡς
2182 5386 2269 5439 λέ-

686 5487 828 5538 γεις,
863 5472 1155 5534 ἀπέθανες.
1179 5472 1378 5544 Νεκρῷ
1404 5474 1459 5528 δὲ
1484 5472 1736 5525 οὐδέποτε
1771 5472 1921 5543 μέλει
1946 5471 1999 5524 εἴ
2030 5489 2114 5535 τις
2140 5471 2266 5526 τοῦ-

686 5574 778 5610 τον
800 5558 1082 5629 λοιδορεῖῆ
1120 5560 1420 5631 καταγελᾷ·
1463 5559 1787 5630 ἀναίσθητος
1811 5561 1919 5631 γὰρ
1954 5561 2067 5623 τοῖς
2100 5561 2266 5614 πᾶσίν

688 5643 857 5695 ἐστιν.
880 5644 1013 5697 Τότε
1041 5644 1188 5714 λέγει
1225 5645 1373 5714 αὺτῷ
1405 5647 1439 5715 η
1494 5646 1761 5715 παρθένος
1812 5647 2018 5715 ἐκείνη·
2066 5646 2266 5715 Δέομαί

691 5741 808 5793 σου,
836 5728 888 5780 εί
916 5745 967 5781 τι
1015 5729 1141 5782 ἄλλο
1197 5728 1372 5793 θέλεις
1400 5731 1458 5783 ἐν
1508 5733 1574 5801 τῇ
1610 5731 1862 5802 ἀσκήσει,
1891 5732 2142 5786 κέλευσον
2168 5734 2265 5785 καὶ

2383 4546 2638 4615 στότητος
2667 4544 2974 4615 τιμώμενον
3008 4544 3161 4614 παρά
3202 4545 3385 4613 πάσης
3420 4540 3514 4608 τῆς
3553 4536 3723 4592 πόλεως

2382 4609 2622 4703 παγῆναι
2680 4609 2883 4700 εἰδώλῳ
2934 4609 3263 4697 γυναικικῆς
3317 4609 3612 4695 ἐπιθυμίας,
3642 4620 3703 4679 ὡς
3743 4609 3854 4702 αὑξδς

2379 4717 2511 4786 ἡμῖν
2569 4716 2807 4786 διηγεῖτο
2855 4713 3083 4783 ὕστερον
3132 4709 3513 4782 ἐλευθερωθεὶς
3566 4706 3619 4757 τὸ
3670 4709 3851 4786 (ἕρπνουν.

2392 4775 2724 4871 ’λντεράσθη
2776 4797 2832 4851 δέ
2874 4775 3065 4851 τούτου
3098 4794 3263 4847 πάλιν
3312 4775 3374 4847 :6
3420 4792 3652 4871 γύναιονέ
3680 4775 3853 4871 id?"

2376 4883 2534 4936 τοῦτο
2551 4858 2667 4935 ’τῶν
2705 4858 3063 4952 μεγιστάνων.
3108 4879 3167 4931 Ὀ
3190 4877 3247 4931 δὲ
3278 4858 3539 4947 Εὺάγριος
3567 4870 3649 4924 καὶ
3670 4868 3742 4919 τὸν
3762 4858 3853 4952 Θεὺγ

2379 4938 2734 5036 φοϐούμενος,
2775 4938 2870 5019 καὶ
2899 4965 2962 5018 τὸ
2993 4961 3190 5017 ἑαυτοῦ
3224 4938 3462 5022 συνειδδς
3490 4953 3771 5036 αίδούμεγιξς.
3790 4938 3854 4993 καὶ

2377 5030 2485 5121 πρὸ
2524 5030 2817 5121 όαθαλμῶν
2845 5051 2905 5103 :6
2947 5049 3145 5112 ὄνειδος
3182 5048 3282 5117 τῆς
3308 5039 3665 5114 ἀσχημοσύνης

2378 5137 2471 5188 καὶ
2510 5139 2571 5191 :6
2603 5140 2935 5208 χαιρέκακον
2984 5136 3093 5188 τῶν
3136 5133 3421 5203 αἱρέσεων,
3454 5124 3637 5197 ηὔξατο
3667 5116 3739 5169 τὸν

2380 5225 2658 5287 ἱκετεύσας
2688 5224 3082 5295 ἐμπώισθῆναι
3113 5218 3243 5288 παρ’
3270 5210 3559 5273 αὑτοῦ,τοῦ
3576 5194 3856 5298 προκειμέκῗ

2383 5310 2589 5362 σκώλου
2614 5290 2995 5379 τῆςνγυναικὸς
3022 5302 3374 5374 ἐπικειμένης
3397 5296 3537 5365 αὐτῷ
3566 5290 3857 5379 “FW”???

2376 5399 2441 5466 τῇ
2468 5366 2761 5466 ἐπιθυμιίαξ
2777 5394 2873 5446 καὶ
2901 5366 3182 5459 λυττώσης
3305 5366 3483 5445 πάθει,
3506 5378 3656 5466 θέλων
3669 5388 3717 5425 τε
3737 5366 3858 5466 dini?

2379 5458 2813 5550 ὑπαναχωρῆσαι
2856 5478 2956 5531 οὐκ
3009 5458 3214 5546 ἴσχυεν,
3255 5470 3470 5538 δεσμοῖς
3515 5464 3605 5534 τῆς
3635 5458 3857 5550 θεραπεῇ

2377 5564 2545 5632 αὐτῆς
2564 5541 2956 5633 κατεχόμενος.
2996 5541 3130 5614 Μετ’
3163 5560 3222 5611 οὒ
3252 5556 3385 5610 πολὺ
3416 5554 3472 5607 δὲ
3498 5550 3589 5619 τῆς

2375 5628 2539 5700 αὑτοῦ
2573 5628 2925 5717 προκοψάσης
2965 5647 3073 5715 ’τἐρὸ
3118 5644 3219 5710 τῆς
3248 5640 3339 5694 τοῦ
3381 5637 3680 5707 πράγματα

2376 5733 2581 5803 ἐπέστη
2620 5710 2782 5803 ἀὐτῷ
2834 5710 3099 5799 ἀγγελίκὴ
3142 5725 3370 5782 ὀπτασία
3401 5725 3457 5793 ἐν
3503 5718 3713 5789 σχήματι
3740 5710 3853 5767 (⁵9³⁸
