4040 6554
240 412 373 468 H89

734 534 957 590 CAPUT
997 528 1276 589 LXXXIV.

662 622 781 677 Vita
821 624 1016 678 abbatis
1055 618 1356 675 Domitianis

306 709 449 768 Inter
474 727 609 783 quos
637 713 824 768 incidit
856 715 908 768 in
944 715 1223 781 quemdam
1256 712 1601 766 Domnionem
1622 710 1798 764 fortis-

240 805 434 859 simum
454 812 615 872 atque
636 803 1168 867 abstinentissimum,
1192 802 1433 870 Origenis
1458 800 1795 867 discipulum,

237 908 394 961 quem
415 908 598 948 rumor
624 903 740 948 erat
770 894 933 947 multa
967 894 1217 947 miracula
1266 891 1494 946 edidisse
1513 930 1528 957 ,
1561 899 1614 945 et
1641 889 1794 959 cujus

240 982 406 1037 lectus
429 984 630 1038 curavit
650 993 877 1053 aegrotos
908 990 1026 1049 post
1047 992 1290 1036 mortem.

752 1071 976 1128 CAPUT
1016 1070 1272 1125 LXXXV.

754 1162 826 1216 De
850 1162 1060 1232 Virgine
1082 1162 1279 1215 silente.

307 1256 438 1311 Cum
470 1269 595 1325 ergo
634 1256 684 1309 in
715 1270 834 1309 eum
876 1254 1181 1318 incidisset,
1226 1263 1279 1306 et
1324 1269 1389 1308 ex
1417 1266 1481 1307 eo
1511 1251 1796 1307 utilitatem

239 1348 533 1416 accepisset
561 1346 697 1416 (erat
720 1346 862 1401 enim
892 1347 973 1399 vir
993 1354 1046 1400 et
1076 1346 1312 1400 moribus
1333 1355 1570 1414 ornatus,
1602 1354 1656 1401 et
1678 1362 1800 1400 eru-

238 1439 439 1494 ditione
475 1447 527 1492 et
553 1453 798 1492 sermone
826 1446 880 1491 et
912 1436 1063 1505 vita),
1093 1446 1146 1489 et
1170 1437 1236 1489 ab
1265 1450 1330 1490 eo
1350 1435 1623 1490 didicisset
1649 1437 1797 1504 quis-

239 1544 358 1582 nam
388 1529 698 1586 .essetillic
753 1528 884 1581 alius
920 1527 1240 1581 exercitator
1291 1536 1381 1579 aut
1424 1527 1794 1590 exercitatrix,

240 1620 488 1688 cognovit
516 1633 636 1673 esse
658 1619 939 1688 quamdam
972 1617 1229 1687 virginem
1262 1616 1531 1671 silentium
1556 1626 1795 1684 agentem

237 1716 293 1762 et
320 1709 700 1777 quiescentem,
725 1723 843 1776 qua:
860 1709 967 1777 jam
992 1707 1169 1777 viginti
1192 1708 1422 1776 quinque
1441 1708 1593 1760 annis
1618 1708 1671 1760 in
1691 1707 1800 1761 cel-

239 1799 288 1852 Ia
314 1808 426 1851 erat
456 1798 655 1851 inclusa
676 1838 689 1861 ,
722 1807 777 1850 et
804 1813 923 1851 cum
956 1800 1164 1853 nemine
1193 1814 1424 1868 unquam
1455 1800 1789 1868 colloqueba-

1464 418 1780 476 HISTORIA
1820 419 2158 477 LAUSIACA

1826 535 1876 590 Α
1903 531 2011 597 ipsa
2039 530 2261 585 ostendo
2289 546 2372 585 me
2425 546 2546 587 esse
2592 544 2857 590 mortuum
2888 535 3106 605 mundo,
3162 550 3283 593 nam
3333 543 3467 598 citra

3334 431 3468 494 H90

1902 620 2059 672 ullam
2090 621 2248 673 animi
2296 622 2743 689 perturbationem
2781 633 2833 679 et
2877 625 3134 694 pudorem
3161 626 3265 681 hoc
3301 628 3455 684 iacio.

1901 708 2049 764 Tunc
2069 725 2186 763 cum
2202 726 2316 765 eam
2346 712 2409 766 ad
2429 712 2779 771 humilitatem
2799 716 3133 780 instituisset,
3156 729 3209 772 et
3225 717 3341 787 ejus
3362 721 3465 775 tre-

1899 803 2458 875 gissetarrogantiam,
2491 810 2737 863 recessit.

1969 891 2102 945 Sunt
2128 904 2303 947 autem
2336 895 2502 949 multa
2529 912 2741 964 quoque
2770 898 2873 953 alia
2904 912 3094 967 magna
3136 908 3192 953 et
3239 897 3465 953 illustria

1901 981 2033 1035 facta
2064 982 2217 1035 istius
2246 981 2444 1037 Christi
2537 984 2776 1041 doctoris
2806 1027 2823 1052 ,
2924 985 3125 1043 virtute
3234 987 3466 1060 praditi,

1900 1085 2019 1140 quae
2066 1070 2334 1139 pertinent
2387 1072 2452 1127 ad
2500 1073 2969 1141 impatihilitatem,
3011 1091 3129 1145 qua
3174 1092 3240 1132 ex
3286 1079 3467 1133 multis

1901 1172 2065 1225 pauca
2093 1159 2287 1213 selecta
2333 1161 2772 1230 perscripsimus,
2826 1173 2879 1217 ut
2909 1179 2975 1218 ex
3006 1166 3071 1218 iis
3112 1167 3313 1236 puritas
3351 1168 3467 1239 ejus

1900 1251 2020 1304 vitae
2043 1252 2335 1320 pateﬁeret.
2361 1253 2410 1305 Is
2438 1254 2670 1309 decessit
2691 1272 2855 1325 agens
2883 1272 3076 1312 annum
3105 1261 3276 1315 aetatis
3307 1265 3467 1317 sexaé

1899 1342 2185 1411 gesimum,
2217 1345 2268 1398 in
2295 1344 2425 1399 locis
2455 1344 2679 1401 desertis
2710 1350 2950 1416 sepultus
2982 1361 3085 1409 est.

2410 1455 2635 1512 CAPUT
2672 1458 2952 1518 LXXXVI.

2166 1543 2240 1598 De
2265 1546 2285 1575 ³
2310 1543 2529 1615 Evagrio
2557 1547 2706 1616 (I55)
2733 1549 2914 1603 celebri
2949 1550 3183 1605 diacono.

1974 1632 2046 1687 De
2079 1634 2303 1705 Evagrio
2345 1635 2489 1690 cl.er
2515 1635 2710 1692 Christi
2740 1638 2981 1705 diacono,
3018 1643 3104 1705 qui
3134 1639 3257 1695 vixit
3300 1642 3464 1698 instar

1900 1727 2281 1793 apostolorum,
2334 1743 2436 1782 non
2478 1739 2558 1783 est
2588 1745 2794 1799 aequum
2830 1740 3034 1795 tacere;
3063 1733 3156 1787 sed
3187 1748 3246 1787 ea
3277 1735 3465 1789 litteris

1904 1818 2153 1871 mandare
2176 1819 2238 1872 ad
2272 1819 2674 1875 tedificatiouem
2700 1836 2880 1877 eorum
2905 1825 2991 1893 qui
3030 1834 3152 1878 sunt
3186 1825 3391 1885 lecturi.
3414 1832 3466 1881 et

240 1900 342 1989 If":
375 1890 505 1943 Cm"
538 1898 711 1989 ξυιθῐη
759 1888 875 1989 eiii?
914 1888 1130 1989 dollltlm
1178 1890 1451 1989 didicisset
1469 1931 1499 1987 ,-
1538 1889 1714 1989 venit.
1747 1904 1795 1947 ει
1831 1886 1877 1945 Β
1904 1907 1967 1960 ad
2009 1908 2257 1963 bonitatis
2299 1907 2598 1963 Servatoris
2639 1912 2803 1964 nostri
2847 1886 3064 1979 gloriam
3095 1928 3300 1989 aequum
3330 1914 3467 1974 aphi.

238 1980 368 2035 dicit
412 1980 604 2034 vetula:
632 1995 751 2049 quae
778 1980 827 2033 ei
857 1980 1177 2034 inserviebat
1203 1995 1217 2033 :
1250 1979 1345 2036 Dic
1372 1980 1560 2050 virgini
1599 1997 1684 2036 tne
1711 1998 1796 2037 ne—

236 2088 385 2127 cesse
416 2073 612 2127 habere
657 2087 773 2125 eam
808 2074 1114 2128 convenire.
1154 2074 1301 2126 Anus
1324 2087 1452 2127 vero
1484 2087 1795 2139 responsum

236 2161 464 2216 reddidit
510 2160 651 2214 illam
691 2176 755 2215 ex
787 2162 967 2215 multis
994 2161 1147 2214 annis
1176 2163 1442 2215 neminem
1465 2165 1796 2219 convenisse.

234 2253 369 2308 Tum
397 2253 472 2306 ait
503 2252 577 2307 illi
614 2270 626 2304 :
661 2252 753 2307 Dic
781 2251 829 2306 ei
865 2260 925 2305 ut
954 2252 1259 2305 conveniam
1289 2251 1454 2317 illam,
1478 2250 1619 2306 Deus
1656 2252 1796 2305 enim

241 2359 330 2399 me
360 2344 519 2400 misit.
553 2345 621 2397 At
650 2343 737 2396 illa
765 2358 832 2397 ne
858 2343 935 2396 sic
968 2342 1181 2410 quidem
1219 2342 1502 2409 acquievit.
1544 2341 1676 2397 Cum
1703 2358 1798 2397 au-

245 2447 351 2489 tem
393 2435 526 2489 duos
561 2434 644 2488 vel
694 2443 802 2487 tres
839 2433 957 2487 dies
1000 2432 1398 2496 intermisisset,
1447 2448 1566 2487 eam
1600 2449 1798 2489 conve-

234 2526 315 2580 nit
355 2535 556 2594 postea.
607 2524 670 2577 Et
707 2525 755 2578 ei
795 2523 967 2577 dixit:
999 2524 1123 2593 quid
1168 2524 1359 2579 Sedes?
1392 2525 1462 2578 Ea
1511 2539 1637 2582 vero
1673 2526 1801 2583 dicit

234 2617 372 2687 ipsi:
403 2617 518 2671 Non
568 2617 749 2679 sedeo,
793 2616 885 2669 sed
933 2615 1167 2673 ambulo.
1225 2615 1275 2674 Is
1325 2630 1451 2673 vero
1477 2616 1648 2674 dicit:
1682 2621 1799 2686 Quo

232 2707 508 2762 ambulas?
539 2706 627 2761 Illa
659 2723 785 2762 vera
816 2707 945 2761 dicit
977 2725 990 2760 :
1020 2708 1097 2761 Ad
1124 2709 1307 2762 Deum.
1349 2709 1396 2763 Is
1427 2719 1601 2763 autem
1630 2710 1797 2764 dicit:

232 2798 479 2866 Vivisne,
529 2812 594 2850 an
625 2812 684 2853 es
730 2799 978 2851 mortua?
1006 2799 1097 2852 Illa
1119 2814 1243 2853 vero
1260 2800 1306 2853 ei
1330 2798 1457 2853 dicit
1489 2817 1503 2852 :
1534 2800 1706 2854 Credo
1746 2802 1799 2854 itt

232 2891 398 2945 Deum
424 2907 507 2945 me
524 2906 643 2946 esse
664 2902 923 2945 mortuam
950 2891 1147 2945 mundo
1165 2909 1176 2943 :
1196 2891 1293 2957 Qui
1310 2893 1452 2946 enim
1477 2907 1635 2947 carne
1648 2893 1797 2960 vivit,

234 2997 339 3035 non
370 2989 542 3049 potest
563 2981 626 3036 ad
665 2981 829 3035 Deum
858 2982 1149 3036 ambulare.
1175 2982 1223 3036 Is
1263 2992 1438 3036 autem
1461 2983 1589 3036 dicit
1611 2984 1659 3037 ei
1685 2998 1700 3035 :
1731 2983 1801 3039 Ut

234 3089 322 3128 me
342 3088 467 3142 ergo
495 3074 775 3127 certiorem
818 3072 1007 3127 reddas
1039 3082 1092 3127 te
1132 3087 1251 3128 eSse
1279 3079 1540 3126 mortuam
1576 3073 1797 3140 mundo,

240 3164 327 3218 lac
354 3164 491 3230 quod
522 3162 675 3218 facio.
704 3164 777 3217 Ea
807 3162 882 3218 illi
914 3163 1041 3218 dicit
1068 3181 1081 3216 :
1114 3164 1318 3231 Impera
1364 3163 1491 3217 mihi
1533 3180 1652 3233 quae
1674 3179 1799 3234 pos—

234 3263 361 3307 sunt
386 3255 518 3318 fieri,
551 3263 604 3308 et
632 3254 842 3309 faciam.
865 3254 913 3309 Is
938 3265 1113 3309 autem
1128 3254 1258 3308 dicit
1284 3252 1329 3309 ci
1352 3272 1368 3312 :
1393 3253 1529 3309 Nihil
1549 3264 1630 3310 est
1659 3254 1796 3325 quod
1827 3246 1871 3309 C

237 3362 345 3399 non
372 3347 536 3412 possit
565 3356 828 3411 mortuus,
861 3346 1058 3416 absque
1089 3362 1152 3401 eo
1178 3347 1316 3416 quod
1351 3362 1452 3400 non
1483 3355 1654 3415 potest
1678 3361 1799 3402 esse

234 3439 450 3505 impius.
478 3438 627 3491 Tunc
659 3436 788 3493 dicit
815 3439 863 3493 ei
896 3456 908 3491 :
945 3439 1238 3506 Desrende,
1271 3450 1324 3494 et
1352 3441 1689 3510 progredere.
1728 3442 1796 3494 Ea

236 3544 372 3583 vero
396 3528 706 3594 respondit:
740 3528 854 3583 Jam
880 3529 1055 3598 agitur
1081 3528 1370 3599 vigesimus
1397 3531 1610 3599 quintus
1632 3545 1803 3586 annus

235 3635 301 3673 ex
326 3634 430 3687 quo
458 3633 561 3672 non
591 3633 703 3671 sum
736 3634 1032 3689 progressa,
1060 3631 1111 3673 et
1137 3635 1231 3673 cur
1250 3621 1594 3691 progrediar?
1621 3622 1679 3675 Ei
1706 3638 1802 3675 au-

239 3720 346 3763 tem
377 3708 504 3762 dicit
532 3724 548 3764 :
581 3707 733 3762 Vah!
759 3723 932 3762 nonne
979 3717 1033 3762 tu
1057 3708 1257 3777 dixisti,
1284 3717 1492 3763 mortua
1514 3724 1632 3764 sum
1682 3709 1800 3763 huic

238 3797 623 3853 mundo?unde
640 3806 691 3853 et
717 3798 1050 3865 manifestum
1068 3808 1149 3853 est
1175 3810 1225 3853 et
1250 3799 1505 3853 mundum
1538 3800 1630 3853 tibi
1660 3815 1799 3854 mor-

240 3900 389 3945 tuum
409 3904 548 3945 esse.
582 3890 640 3945 Si
672 3890 773 3944 hoc
814 3890 1027 3958 quidem
1079 3905 1263 3944 verum
1308 3899 1411 3953 est,
1459 3900 1513 3944 et
1563 3902 1802 3945 mortuus

241 3981 374 4035 nihil
404 3982 599 4044 sentit,
644 3980 891 4035 idemest
918 3980 1010 4034 tibi
1042 3980 1285 4049 progredi
1313 3990 1365 4034 et
1387 3994 1491 4033 non
1528 3980 1799 4049 progredi;

236 4086 371 4139 ergo
382 4069 727 4139 pregredere.
746 4068 835 4123 llla
854 4084 979 4123 vero
1000 4083 1273 4138 progressa
1286 4078 1388 4123 est.
1414 4069 1482 4123 Et
1523 4082 1800 4140 postquam

237 4179 521 4234 progressa
546 4163 643 4219 fuit
672 4179 837 4232 usque
864 4163 929 4217 ad
958 4162 1237 4232 quamdam
1268 4163 1570 4230 ecclesiam,
1598 4165 1645 4219 ei
1676 4164 1803 4219 dicit

242 4260 301 4312 in
333 4257 562 4311 ecclesia
588 4273 601 4308 :
629 4256 684 4309 Si
714 4257 795 4309 vis
827 4270 955 4324 ergo
992 4270 1074 4308 nte
1099 4254 1377 4308 certiorem
1418 4253 1640 4309 reddere
1663 4254 1799 4324 quod

235 4362 373 4402 vere
399 4337 471 4401 sis
500 4355 728 4409 mortua,
761 4354 815 4399 et
844 4360 948 4399 non
978 4341 1205 4413 amplius
1232 4342 1362 4398 vivis
1385 4344 1599 4413 placens
1628 4344 1802 4398 homi-

235 4438 433 4499 nibus,
464 4436 546 4490 I‘ac
567 4435 706 4505 quod
734 4433 888 4500 facio,
926 4441 980 4487 et
1018 4432 1182 4487 sciam
1215 4442 1265 4487 te
1292 4447 1409 4486 esse
1437 4442 1721 4487 mortuam.
1743 4432 1805 4487 Ei

237 4530 315 4582 ita
357 4542 425 4580 ue
453 4525 577 4579 dicit
605 4544 616 4579 :
644 4526 855 4579 Exuens
886 4524 1021 4577 sicut
1044 4538 1142 4592 ego
1164 4524 1339 4577 omnia
1372 4524 1706 4588 vestimenta,
1742 4540 1803 4578 ea

1904 2007 2091 2059 tratus,
2122 1998 2188 2050 ab
2212 1999 2319 2051 alto
2346 2013 2574 2066 expono,
2624 2008 2678 2055 et
2704 2000 3147 2073 quemadmodum
3173 2011 3375 2065 venerit
3399 2011 3464 2064 ad

1902 2085 2196 2138 institutum
2245 2087 2623 2159 monasticam,
2670 2106 2721 2149 et
2758 2097 3025 2165 quomodo
3061 2114 3180 2152 cum
3223 2114 3281 2154 se
3308 2100 3467 2167 digne

1901 2175 2253 2242 exercuisset,
2281 2182 2505 2236 moritur
2532 2184 2905 2253 quinquaginta
2929 2195 3153 2254 quatuor
3178 2203 3347 2242 annos
3376 2205 3467 2242 na.

1901 2272 2004 2325 tus,
2060 2262 2111 2314 in
2154 2268 2438 2324 Solitudine
2471 2286 2484 2322 :
2512 2271 2623 2339 qui,
2658 2280 2713 2325 ut
2759 2274 3015 2341 scriptum
3059 2285 3161 2340 est,
3215 2276 3271 2329 In
3319 2276 3467 2332 brevi

1899 2366 2315 2423 consummatus,
2342 2359 2575 2428 implevit
2599 2361 2752 2430 longa
2775 2371 3012 2430 tempora
3036 2363 3192 2435 (Sap.
3220 2368 3316 2434 tv).
3343 2366 3464 2423 Fuit

1900 2452 2040 2508 enim
2072 2470 2255 2510 revera
2279 2455 2394 2524 ejus
2423 2457 2594 2509 anima
2618 2466 2763 2526 grata
2796 2458 3034 2513 Domino.
3056 2456 3104 2512 Is
3125 2475 3319 2530 genere
3341 2460 3460 2528 qui-

1900 2541 2021 2595 dem
2041 2543 2133 2596 fuit
2155 2543 2403 2598 Ponticus
2425 2546 2652 2598 civitatis
2671 2547 2935 2600 Iherorum
2954 2547 3126 2619 (I54),
3151 2549 3288 2603 [ilius
3310 2565 3465 2618 pres-

1901 2631 2105 2701 byteri.
2153 2634 2318 2686 lector
2365 2642 2637 2702 promotus
2685 2650 2718 2689 a
2747 2644 2929 2690 sancto
2978 2637 3171 2690 Basilio
3220 2640 3466 2706 episcopo

1901 2724 2141 2775 ecclesia:
2181 2720 2439 2777 Caesareae
2465 2724 2529 2776 ad
2559 2725 2782 2791 Argeum
2812 2725 2981 2794 (155).
3034 2726 3157 2779 Post
3184 2726 3462 2783 decessum

1902 2823 2076 2866 autem
2103 2815 2270 2867 sancti
2304 2814 2479 2868 Basilii
2511 2815 2765 2882 episc0pi,
2799 2817 3075 2869 attendens
3114 2817 3228 2884 ejus
3266 2819 3458 2886 aptitu-

1901 2902 2098 2968 dinem,
2149 2905 2605 2972 sapientissimus,
2635 2915 2687 2958 et
2718 2920 2747 2958 a
2778 2906 3264 2974 perturbationibus
3303 2908 3464 2963 animi

1903 2992 2144 3058 alienus,
2188 3003 2243 3047 et
2274 2994 2416 3046 omni
2446 2994 2686 3047 doctrina
2724 2996 2899 3047 clarus
2935 2994 3222 3066 Gregorius
3261 2997 3465 3062 episco-

1904 3096 2002 3146 pus
2032 3079 2301 3149 Nyssenus
2330 3080 2503 3150 (I56),
2554 3081 2717 3134 frater
2744 3083 2975 3151 episcopi
3004 3083 3085 3137 cui
3116 3084 3268 3137 datur
3298 3084 3464 3140 honor

1907 3174 2042 3225 inter
2086 3172 2371 3241 apostolos,
2422 3188 2540 3225 eum
2571 3172 2779 3226 ordinat
2818 3173 3121 3228 diaconum.
3156 3176 3303 3230 Illinc
3348 3190 3465 3234 cum

1903 3265 2132 3316 venisset
2160 3274 2370 3316 sanctus
2395 3260 2679 3331 Gregorius
2700 3264 2983 3331 episcopus
3005 3265 3056 3316 in
3071 3279 3310 3334 magnam
3333 3279 3464 3337 syn-

1904 3352 2063 3406 odum
2129 3351 2788 3420 Constantinopolitanam,
2857 3354 3106 3423 relinquit
3142 3370 3263 3411 eum
3312 3356 3466 3412 beato

1905 3444 2147 3497 Nectario
2167 3443 2437 3510 episcopo,
2458 3458 2577 3497 cum
2604 3454 2744 3498 esset
2768 3444 3002 3499 omnium
3024 3445 3316 3501 disserendi
3340 3447 3467 3503 artis

1904 3534 2277 3603 peritissimus.
2312 3531 2514 3585 Floruit
2544 3548 2669 3601 ergo
2700 3531 2751 3586 in
2787 3549 2972 3602 magna
3000 3535 3239 3604 civitate,
3274 3535 3326 3589 in
3357 3537 3466 3589 dis.

1904 3622 2266 3691 putationibus
2309 3622 2612 3688 juveniliter
2661 3622 2933 3678 exsultans
2961 3625 3211 3680 adversus
3258 3641 3466 3681 onmem

1904 3713 2167 3766 haeresim.
2221 3711 2427 3765 Accidit
2447 3720 2619 3765 autem
2645 3722 2699 3765 ut
2730 3712 2774 3766 is
2796 3714 2883 3781 qui
2910 3723 3123 3782 propter
3146 3730 3349 3768 morum
3380 3715 3465 3768 in-

1905 3806 2108 3874 signem
2136 3802 2424 3857 bonitatem
2448 3803 2846 3858 honorabatura
2863 3813 2970 3858 tota
2984 3806 3212 3873 civitate,
3237 3807 3468 3876 conﬁge-

1905 3906 2053 3950 retur
2078 3911 2106 3947 a
2137 3893 2419 3948 simulacro
2447 3894 2720 3948 muliebris
2755 3895 3193 3962 concupiscentia:
3212 3937 3226 3959 .
3270 3906 3326 3950 ut
3354 3896 3468 3966 ipse

1906 3984 2058 4039 nobis
2108 3986 2347 4038 narravit
2375 3996 2578 4052 postea,
2618 3999 2739 4039 cum
2783 3996 2925 4040 esset
2952 4002 3101 4042 mens
3131 3987 3245 4055 ejus
3275 3988 3463 4042 libera.

1907 4076 2039 4129 Eum
2088 4087 2265 4129 autem
2292 4076 2521 4129 vicissim
2547 4077 2739 4130 amavit
2770 4076 3098 4134 muliercula.
3144 4078 3272 4131 Erat
3297 4092 3468 4136 autem

1905 4181 1965 4221 ea
2008 4180 2107 4218 una
2138 4181 2201 4219 ex
2224 4167 2429 4233 primis.
2472 4164 2726 4233 Evagrius
2752 4176 2927 4219 autem
2974 4176 3025 4220 et
3054 4166 3217 4220 Deum
3253 4166 3464 4230 timens,

1906 4263 1960 4309 et
1994 4271 2140 4309 suam
2166 4258 2363 4309 veritus
2383 4255 2783 4318 conscientiam,
2829 4264 2881 4309 et
2912 4255 3109 4309 habens
3139 4264 3260 4310 ante
3282 4257 3469 4312 oculos

1907 4346 2135 4400 dedecus
2186 4345 2546 4412 turpitudinis,
2598 4355 2650 4399 et
2688 4360 2841 4415 quam
2890 4345 3120 4400 hmreses
3168 4346 3235 4401 de
3281 4334 3468 4401 alienis

1909 4435 2060 4489 malis
2082 4436 2387 4503 concipiunt
2423 4434 2680 4499 Itetitiam,
2714 4436 2873 4490 Deum
2919 4438 3140 4505 supplex
3186 4439 3385 4506 rogavit
3413 4446 3471 4492 ut

1910 4526 1979 4579 ab
2022 4526 2138 4593 ipso
2178 4524 2527 4593 impediretur
2569 4539 2758 4592 scopus
2786 4541 2940 4589 quem
2980 4525 3079 4579 sibi
3127 4538 3470 4596 pmposuerat

236 4620 461 4687 impone
484 4619 741 4683 humeris,
776 4628 830 4671 et
860 4616 1025 4668 transi
1057 4615 1283 4669 inediam
1312 4616 1601 4679 civitatem,
1634 4631 1718 4670 me
1748 4617 1802 4670 in
1834 4607 1887 4665 D
1913 4614 2119 4676 mulier,
2144 4629 2261 4681 qua:
2290 4628 2411 4666 eum
2449 4614 2666 4682 urgebat
2692 4615 3016 4682 cupiditate.
3051 4625 3103 4669 et
3131 4619 3245 4684 ejus
3284 4619 3468 4672 insano

240 4711 350 4764 not:
370 4710 547 4762 habitu
576 4720 840 4776 praeeunte
872 4707 913 4759 ί.
933 4707 1024 4759 Illa
1044 4721 1169 4759 vero
1194 4706 1242 4759 ei
1272 4704 1440 4758 dicit:
1477 4704 1584 4759 Hac
1610 4721 1669 4760 re
1706 4708 1805 4758 mi-

236 4804 390 4857 nime
423 4800 641 4853 honesta
693 4798 887 4851 multos
929 4795 1213 4860 oﬂ'endam,
1250 4806 1301 4849 et
1348 4802 1594 4864 poterunt
1628 4794 1806 4849 dicere

238 4907 334 4946 me
364 4904 481 4945 esse
505 4898 695 4943 emota:
722 4885 909 4940 mentis
934 4897 985 4941 et
1006 4887 1409 4939 daemoniacam.
1444 4886 1490 4938 Is
1519 4895 1692 4939 autem
1723 4885 1806 4939 di-

234 4984 318 5037 cit
346 4981 397 5035 ei
430 4996 443 5032 :
473 4979 673 5049 thuid
694 4979 782 5031 tibi
805 4989 883 5031 est
912 4992 1074 5040 curae,
1095 4977 1138 5029 si
1167 4976 1399 5030 dixerint
1434 4986 1483 5030 te
1513 4991 1631 5030 esse
1659 4990 1807 5031 emo-

235 5085 314 5127 tae
345 5069 540 5124 mentis
562 5080 614 5123 et
644 5066 1059 5121 dmmoniacam?
1087 5075 1142 5119 tu
1174 5069 1314 5119 enim
1363 5081 1421 5120 es
1460 5067 1538 5119 eis
1570 5075 1803 5129 mortua;

234 5175 462 5219 mortuo
510 5176 639 5214 vero
670 5175 773 5211 non
818 5168 897 5211 est
928 5171 1076 5220 cura,
1116 5159 1157 5209 si
1183 5158 1299 5225 quis
1325 5157 1372 5210 ei
1406 5156 1489 5210 vel
1518 5156 1809 5209 detraxerit

233 5257 325 5309 vel
358 5267 478 5306 eum
509 5248 766 5312 irriserit;
794 5245 923 5300 nihil
952 5247 1093 5299 enim
1120 5254 1289 5313 potest
1318 5245 1808 5299 sentire.Tuncilla

234 5350 292 5403 ei
324 5346 491 5401 dicit:
522 5343 616 5397 Dic
646 5342 691 5396 si
733 5341 855 5409 quid
878 5340 1016 5392 aliud
1049 5340 1198 5400 velis,
1225 5354 1394 5406 neque
1419 5340 1558 5391 enim
1585 5338 1648 5389 ad
1676 5339 1815 5390 hunc

235 5449 418 5503 usque
438 5432 651 5487 modum
682 5446 773 5483 .me
807 5429 1013 5482 venisse
1044 5426 1262 5497 glorior.
1291 5428 1435 5480 Tunc
1465 5429 1512 5481 ei
1547 5425 1674 5481 dicit
1719 5428 1815 5481 Se-

238 5527 439 5596 rapion
466 5522 807 5593 impassibilis
841 5538 852 5572 :
890 5521 1025 5573 Ecce
1061 5532 1207 5586 ergo,
1233 5533 1296 5571 ne
1320 5517 1547 5586 amplius
1571 5526 1621 5571 te
1648 5520 1816 5584 jactes

239 5628 307 5674 ct
337 5616 432 5672 tibi
467 5615 698 5684 placeas,
723 5622 973 5679 tanquam
998 5609 1244 5664 omnibus
1271 5608 1432 5677 magis
1464 5608 1546 5676 pia
1578 5617 1631 5662 et
1660 5624 1815 5661 mtto-

236 5713 319 5765 do
348 5714 574 5763 mortua.
613 5707 721 5776 Ego
749 5706 890 5757 enim
929 5716 1043 5755 sum
1074 5710 1125 5756 te
1162 5701 1328 5769 magis
1371 5709 1642 5756 mortuus:
1676 5709 1730 5755 et
1758 5716 1816 5756 re

324 5825 339 5854 ⁸
374 5816 667 5874 Mirandum
699 5816 816 5881 hoc,
853 5828 955 5873 non
989 5809 1319 5875 imitandam,

1914 4703 2193 4757 tenebatur
2241 4701 2527 4756 desiderio.
2556 4702 2794 4770 Cumque
2819 4705 2978 4757 vellet
3005 4705 3070 4758 ab
3108 4718 3168 4757 ea
3200 4707 3471 4769 recedere,

1913 4808 2016 4847 non
2049 4801 2273 4860 poterat,
2306 4793 2463 4859 utqui
2490 4792 2608 4861 ejus
2638 4792 2876 4861 obsequii
2919 4793 3120 4846 blandis
3143 4794 3471 4848 detineretur

1913 4882 2153 4936 vinculis.
2180 4880 2328 4933 Haud
2363 4882 2527 4934 multo
2552 4892 2665 4947 post
2695 4891 2868 4934 autem
2900 4896 3030 4935 eam
3063 4898 3177 4949 qua
3204 4886 3473 4951 praecessit

1911 4974 2225 5035 orationem,
2267 4979 2547 5037 antequam
2576 4985 2682 5022 rem
2730 4979 2871 5023 esset
2921 4984 3195 5038 expertus,
3233 4972 3398 5027 astitit
3426 4972 3475 5027 ei

1912 5064 2047 5118 visio
2077 5061 2335 5131 angelica,
2366 5075 2473 5129 pra:
2514 5075 2573 5115 se
2610 5060 2783 5114 ferens
2813 5063 3042 5128 speciem
3075 5061 3297 5116 militum
3341 5078 3475 5132 prac-

1914 5152 2056 5216 tecti,
2090 5166 2207 5220 quae
2235 5165 2356 5204 eum
2385 5154 2540 5218 rapit,
2588 5158 2640 5204 et
2668 5151 2809 5203 ducit
2838 5162 3081 5219 tanquam
3115 5154 3165 5207 in
3190 5153 3469 5221 judicium,

1917 5252 1972 5297 et
1990 5245 2202 5309 conjicit
2224 5256 2345 5295 eum
2375 5241 2425 5293 in
2454 5256 2568 5293 eam
2598 5255 2712 5308 qua:
2737 5240 2929 5294 dicitur
2950 5242 3264 5305 custodiam,
3293 5243 3476 5297 collari

1921 5334 2096 5388 ferreo
2126 5332 2241 5401 ejus
2284 5332 2420 5385 collo
2462 5332 2671 5398 injecto,
2720 5340 2772 5383 et
2807 5340 2994 5385 catena
3044 5328 3214 5386 ferrea
3252 5332 3481 5402 alligatis

1921 5425 2182 5489 manibus,
2216 5424 2281 5477 iis
2313 5422 2560 5476 videlicet
2585 5424 2669 5490 qui
2695 5423 2756 5476 ad
2786 5423 2956 5492 ipsum
2989 5434 3258 5487 venerant,
3282 5426 3329 5477 ei
3352 5437 3478 5477 cau-

1921 5533 2034 5572 sam
2084 5517 2299 5569 minime
2320 5513 2635 5567 dicentibus.
2670 5512 2784 5581 Ipse
2828 5521 3003 5566 autem
3035 5512 3122 5582 qui
3151 5512 3480 5582 pangebatur

1923 5606 2270 5667 conscientia,
2301 5603 2637 5658 existimabat
2661 5619 2720 5657 se
2745 5618 2805 5656 ea
2834 5604 3009 5657 subire
3035 5602 3148 5672 ejus
3178 5603 3363 5673 gratia,
3393 5616 3481 5655 aro

1926 5702 2127 5755 bitrans
2159 5698 2401 5752 maritum
2434 5695 2671 5750 mulieris
2700 5695 2765 5749 de
2796 5694 2891 5749 hac
2934 5710 2992 5751 re
3028 5694 3258 5765 judicent
3286 5706 3479 5749 conte-

1993 5813 2012 5842 ³
2026 5807 2336 5878 .Origenista
2366 5805 2450 5861 hic
2478 5803 2593 5860 luit.
