4040 6562
583 385 715 439 H91

2050 375 2131 430 ΡΑ
2141 373 2367 431 LLADII

3708 358 3840 412 “99.

594 507 759 560 uisse.
793 502 964 558 Animi
1013 499 1191 568 itaque
1215 494 1499 552 admodum
1540 492 1730 547 anxius
1755 488 1991 545 constitit
2019 485 2162 542 Eva-
2191 487 2239 543 Α
2265 483 2397 539 Cum
2428 484 2605 556 itaque
2645 486 2865 543 vixisset
2897 486 3301 557 quatuordecim
3331 488 3489 543 annis
3528 488 3586 543 in
3633 488 3701 541 iis
3730 504 3845 555 qu

592 597 771 665 grius,
789 594 915 647 dum
942 591 1010 646 de
1030 590 1132 644 alia
1156 601 1311 643 causa
1334 592 1599 654 ageretur,
1629 590 1683 635 et
1708 580 1775 636 de
1801 580 1916 634 aliis
1946 585 2160 647 propter

597 688 699 740 tale
725 685 927 741 crimen
977 682 1262 736 haberetur
1299 678 1542 746 qutestio.
1576 675 1702 728 Post
1738 687 1987 740 magnum
2032 684 2161 738 ergo

599 775 746 829 illum
795 778 1072 825 metumet
1111 782 1373 822 summum
1428 763 1591 817 animi
1640 776 1910 831 angorem,
1942 760 2161 829 angelus

595 867 684 935 qui
711 866 778 921 ab
807 863 954 919 initio
985 860 1282 930 praebuerat
1308 858 1584 923 visionem,
1632 856 1701 908 ita
1735 853 2157 914 transformatur,

595 964 656 1010 ut
699 955 964 1008 videretur
1017 951 1204 1004 adesse
1249 962 1532 1018 germanus
1570 961 1624 1000 et
1676 946 1917 998 sincerus
1956 943 2161 995 amicus

601 1046 831 1118 Evagrii,
855 1043 1010 1099 valde
1052 1042 1470 1111 obstupefactus,
1515 1046 1570 1091 et
1600 1036 1806 1090 tristitia
1836 1034 2053 1089 aﬂ'ectus
2092 1031 2161 1086 oh

600 1146 797 1192 tantam
817 1133 1145 1188 vinculorum
1182 1130 1474 1195 infamiam,
1517 1136 1571 1181 et
1605 1127 1786 1180 dicens
1811 1126 1859 1178 ei
1885 1125 2061 1177 vincto
2083 1122 2153 1174 in-

600 1238 679 1278 ter
730 1230 941 1276 catenas
992 1220 1337 1289 quadraginta
1394 1233 1605 1272 reorum
1638 1215 1787 1270 :Cur
1845 1230 1966 1267 cum
2018 1222 2158 1267 tanta

601 1314 880 1385 ignominia
913 1313 1163 1366 detineris
1203 1325 1323 1364 cum
1356 1310 1482 1373 reis,
1517 1307 1731 1363 domine
1778 1306 2041 1360 diacone?
2072 1304 2157 1358 lll‘e

598 1406 646 1458 ei
676 1405 802 1459 dicit
829 1420 841 1457 :
876 1404 1076 1457 Revera
1109 1401 1320 1470 quidem
1349 1401 1553 1460 nescio;
1606 1396 1846 1465 suspicor
1874 1407 2047 1449 autem
2072 1395 2160 1460 N.,

599 1497 787 1562 quiest
811 1510 873 1548 ex
908 1494 1199 1562 praefectis,
1249 1507 1333 1547 me
1361 1490 1645 1552 detulisse,
1679 1496 1877 1542 motum
1906 1486 2164 1553 zelotypia

598 1587 729 1639 citra
758 1585 917 1639 ullam
950 1582 1207 1638 rationem
1232 1598 1246 1646 ;
1280 1591 1333 1635 et
1363 1595 1549 1635 vereor
1578 1594 1644 1633 ne
1672 1578 2009 1646 magistratus
2052 1575 2165 1628 fue-

600 1677 667 1729 rit
686 1676 752 1730 ab
777 1690 843 1730 eo
882 1682 1163 1740 corruptus
1194 1672 1437 1739 pecunia,
1472 1679 1526 1725 et
1568 1684 1653 1724 me
1696 1669 1928 1721 maximo
1966 1666 2166 1719 afliciat

596 1765 874 1834 supplicio.
908 1764 1039 1819 Dicit
1076 1763 1123 1818 ei
1160 1765 1204 1817 is
1232 1763 1319 1832 qui
1367 1761 1520 1815 amici
1563 1761 1783 1828 figuram
1812 1766 2162 1826 susceperat:

2262 574 2512 631 dicuntur
2537 575 2741 645 Celliis,
2772 578 3084 633 comedebat
3133 578 3348 648 quidem
3378 578 3536 648 panis
3566 579 3767 633 libram
3795 580 3841 632 in

2262 665 2383 731 die;
2440 667 2691 722 trimestri
2738 679 2916 723 autem
2946 678 3181 736 tempore
3222 670 3329 723 olei
3385 669 3711 735 sextarium,
3765 686 3844 723 v'r

2262 754 2350 823 qui
2392 756 2441 808 in
2482 757 2626 810 molli
2665 758 2891 813 delicata
2926 767 2983 813 et
3023 759 3159 811 lauta
3197 759 3305 811 vita
3345 760 3522 814 fuerat
3555 762 3841 814 educatus.

2265 845 2516 902 Faciebat
2538 858 2714 903 autem
2737 863 2950 904 centum
2979 849 3268 914 orationes,
3298 852 3541 906 scribens
3566 852 3845 905 annuatim

2266 939 2489 1004 pretium
2541 940 2712 993 solum
2766 954 2950 994 eorum
3007 955 3127 1008 qua:
3175 941 3524 1006 comedebat;
3570 943 3847 1011 eleganter

2265 1027 2407 1080 enim
2434 1029 2697 1081 scribebat
2742 1030 2974 1084 celerem
3014 1031 3401 1087 characterem.
3438 1031 3576 1086 Cum
3610 1047 3747 1103 ergo
3776 1034 3849 1086 in-

2267 1124 2343 1170 tra
2372 1118 2668 1185 quindecim
2700 1134 2961 1175 annorum
3000 1127 3229 1189 spatium
3275 1133 3504 1178 mentem
3552 1122 3847 1191 expiasset.

2264 1207 2455 1277 dignus
2484 1219 2567 1264 est
2594 1210 2802 1265 habitus
2828 1212 2969 1265 dono
3012 1213 3333 1280 cognitionis
3377 1224 3431 1268 et
3459 1215 3772 1283 sapientir,
3800 1226 3851 1268 et

2266 1300 2598 1356 discretionis
2640 1302 2941 1370 spirituum.
2986 1302 3033 1357 ls
3070 1306 3373 1373 composuit
3416 1314 3529 1360 tres
3564 1320 3762 1359 sacros
3793 1306 3853 1359 li-

2266 1390 2392 1445 bros
2422 1393 2831 1458 monachorum,
2877 1396 2966 1463 qui
3007 1395 3195 1450 dicitur
3216 1395 3604 1471 ‘Avnﬁp’r‘mza.
3637 1396 3743 1450 hoc
3774 1408 3854 1451 est

2267 1480 2714 1546 Contradictoria,
2764 1485 3109 1553 suppeditans
3162 1497 3305 1542 artes
3349 1490 3543 1556 quibus
3588 1486 3661 1541 sit
3704 1499 3853 1542 uten—

2266 1570 2393 1624 dum
2436 1571 2689 1626 adversus
2717 1573 3007 1631 daamones.
3046 1577 3105 1630 Ei
3133 1577 3418 1647 aliquando
3443 1594 3672 1647 gravem
3701 1581 3853 1633 exhi-

2267 1660 2381 1715 buit
2418 1662 2713 1718 molestiam
2754 1664 2963 1720 dromon
3002 1665 3393 1728 fornicationis,
3439 1677 3496 1721 ut
3534 1669 3659 1736 ipse
3700 1670 3855 1722 nobis

2269 1753 2530 1817 narravit;
2580 1764 2635 1808 et
2682 1763 2789 1809 tota
2840 1765 2994 1811 nocte
3023 1759 3171 1811 stetit
3220 1759 3271 1812 in
3324 1769 3485 1826 puteo
3535 1774 3666 1813 cum
3712 1770 3854 1814 esset

595 1857 653 1910 Si
677 1856 859 1910 audias
882 1856 1129 1920 amicum,
1171 1853 1263 1909 tibi
1286 1853 1542 1916 consulo;
1576 1866 1680 1905 non
1710 1849 1803 1904 tibi
1829 1849 2042 1917 expedit
2072 1848 2162 1902 de-
2192 1837 2239 1897 B
2268 1844 2462 1910 hiems,
2504 1846 2641 1900 adeo
2690 1856 2750 1901 ut
2784 1845 2899 1916 ejus
2936 1862 3125 1903 carnes
3163 1850 3285 1919 gelu
3328 1852 3851 1919 constringerentur.

596 1964 722 2019 gere
749 1949 799 2002 in
838 1947 935 2003 hac
974 1946 1207 2002 civitate.
1248 1945 1380 1999 Dicit
1405 1945 1453 1999 ei
1483 1944 1777 2011 Evagrius:
1813 1942 1867 1996 Si
1896 1942 2037 1997 Deus
2079 1956 2162 1995 me

595 2036 899 2093 liberaverit
918 2036 984 2090 ab
1014 2036 1111 2089 hac
1136 2034 1454 2099 calamitate,
1484 2044 1537 2087 et
1559 2048 1643 2088 me
1671 2034 1869 2086 videris
1900 2032 2161 2086 Constan-

597 2128 839 2195 tinopoli,
870 2127 1006 2180 scias
1033 2141 1117 2179 me
1141 2125 1262 2195 jure
1286 2124 1466 2178 subire
1488 2125 1587 2177 hoc
1606 2122 1943 2192 supplicium,
1971 2130 2024 2175 et
2045 2135 2164 2175 esse

594 2216 810 2288 dignum
836 2217 941 2272 alio
972 2216 1192 2285 majore.
1241 2215 1379 2269 Dicit
1423 2214 1471 2268 ei
1501 2213 1703 2268 amicus
1732 2231 1744 2265 :
1775 2212 1829 2265 Si
1865 2212 1933 2264 ita
1982 2210 2161 2273 habet,

596 2307 711 2361 fero
730 2306 794 2360 ad
814 2316 865 2361 te
890 2316 1128 2361 sanctum
1154 2304 1519 2375 evangelium;
1547 2304 1667 2372 jura
1695 2302 1823 2356 mihi
1854 2304 1903 2354 in
1932 2316 1995 2356 eo
2020 2301 2159 2370 quod

595 2400 815 2454 recedes
837 2399 903 2453 ab
932 2399 1032 2452 hac
1058 2400 1271 2454 civitate
1289 2439 1304 2462 ,
1336 2408 1391 2452 et
1412 2406 1515 2452 tua:
1558 2398 1750 2451 animae
1774 2410 1955 2451 curam
1979 2410 2159 2464 geres;

596 2498 651 2539 et
683 2497 732 2541 te
760 2487 813 2541 li!
834 2489 997 2542 erabo
1033 2487 1101 2542 ab
1136 2487 1233 2542 hac
1264 2489 1600 2542 necessitate.
1650 2484 1907 2555 Evagrius
1935 2496 2111 2540 autem
2144 2502 2158 2538 :

599 2576 745 2646 Rogo
776 2586 846 2642 te,
877 2576 1069 2647 inquit,
1097 2579 1288 2644 jurabo
1318 2587 1373 2631 ttt
1412 2577 1677 2641 volueris;
1710 2590 1795 2631 me
1824 2575 2161 2630 solummodo

601 2668 763 2722 libera
789 2669 854 2722 ab
878 2668 974 2721 hac
999 2669 1135 2722 nube
1165 2667 1463 2723 tenebrosa.
1489 2666 1703 2722 Interim
1732 2675 1906 2720 autem
1929 2665 1977 2719 ei
2008 2663 2162 2718 all‘ert

589 2768 829 2811 sanctum
852 2757 1206 2826 evangelium,
1228 2766 1279 2812 et
1308 2758 1467 2824 exigit
1485 2755 1873 2825 jusjurandum.
1899 2754 2160 2825 Evagrius

589 2854 763 2901 autem
790 2847 837 2901 ei
868 2848 1004 2912 jurat
1043 2862 1135 2915 per
1163 2846 1495 2915 evangelium
1526 2845 1704 2901 verbis
1731 2844 1809 2900 sic
1834 2844 2105 2912 conceptis
2141 2860 2155 2909 ;

590 2934 707 2991 Non
734 2936 961 2991 manebo
992 2937 1075 2990 hic
1117 2946 1308 3005 praeter
1336 2952 1498 2991 unum
1528 2935 1692 2999 diem,
1736 2934 1894 3005 idque
1927 2942 1985 2988 ut
2014 2950 2159 2989 meas

594 3032 775 3081 vestes
806 3026 856 3079 in
881 3039 1068 3081 navem
1097 3024 1396 3079 immittam.
1445 3023 1577 3079 Cum
1606 3035 1781 3080 autem
1815 3026 2161 3091 processisset

589 3113 973 3185 jusjurandum,
1019 3116 1083 3169 ad
1123 3130 1181 3169 se
1208 3116 1363 3170 rediit
1402 3116 1471 3170 ab
1511 3116 1705 3171 ecstasi
1753 3131 1872 3185 quae
1913 3116 1963 3171 ei
1998 3127 2155 3171 noctu

2266 1934 2564 2003 Aliquando
2605 1944 2783 1991 autem
2815 1952 3000 1992 rursus
3040 1939 3089 1992 ei
3118 1941 3414 2016 molestiam
3443 1941 3704 1995 exhibuit
3750 1941 3854 2009 spi-

2264 2025 2397 2079 ritus
2451 2025 2822 2094 blasphemirc;
2874 2036 2929 2082 et
2966 2029 3311 2100 quadraginta
3357 2032 3556 2086 diebus
3612 2049 3723 2086 non
3771 2041 3852 2089 est

2264 2120 2461 2168 tectum
2510 2116 2798 2185 ingressus,
2855 2127 2913 2172 ut
2958 2118 3073 2185 ipse
3114 2121 3267 2176 nobis
3312 2124 3577 2190 narravit,
3627 2125 3772 2179 adeo
3798 2136 3853 2178 et

2264 2217 2457 2273 corpus
2483 2209 2623 2275 ejus,
2661 2222 2765 2261 non
2795 2223 2952 2263 secus
2986 2224 3049 2264 ac
3089 2225 3283 2279 corpus
3318 2211 3558 2267 ferarum
3610 2217 3854 2267 animan-

2264 2293 2419 2360 tium,
2449 2295 2631 2350 ricinis
2656 2306 2883 2353 scateret
2913 2300 3085 2369 (157).
3120 2300 3181 2354 Ei
3208 2310 3317 2355 tres
3345 2314 3728 2371 apparuerunt
3752 2307 3856 2359 de

2266 2397 2454 2437 mones
2483 2383 2533 2437 in
2566 2386 2745 2462 hahi_tu
2789 2389 3135 2455 clericorum,
3179 2390 3247 2445 de
3276 2392 3379 2445 (ide
3414 2409 3542 2447 cum
3581 2410 3654 2448 eo
3686 2396 3857 2462 inqui-

2263 2482 2471 2536 rentes;
2504 2485 2559 2528 et
2590 2452 2724 2530 unu's
2748 2477 2960 2545 quidem
2991 2479 3201 2534 diccbat
3240 2497 3364 2537 eum
3395 2497 3521 2538 esse
3554 2486 3848 2550 Arianum.

2263 2564 2401 2620 alter
2453 2581 2580 2621 vero
2635 2568 3043 2637 Eunomianum,
3097 2573 3287 2628 tertius
3333 2586 3519 2630 autem
3572 2578 3856 2644 Apollina~

2264 2653 2482 2723 ristam,
2514 2666 2569 2712 et
2622 2672 2715 2713 eos
2756 2660 2941 2728 paucis
2989 2664 3262 2731 superavit
3300 2666 3497 2734 spiritu
3546 2669 3851 2737 sapientia.

2262 2743 2465 2800 Rursus
2511 2760 2633 2801 cum
2676 2750 2907 2818 quodam
2942 2750 3032 2805 die
3071 2753 3313 2819 periisset
3360 2755 3535 2811 clavis
3580 2760 3851 2825 ecclesia,

2262 2849 2380 2888 sera
2404 2850 2562 2891 cruce
2584 2839 2809 2907 signata,
2835 2855 2995 2894 manu
3021 2842 3238 2897 trudens
3267 2859 3385 2898 eam
3415 2848 3665 2914 aperuit,
3696 2846 3849 2901 Chri-

2262 2939 2347 2982 sto
2376 2930 2641 2985 lnvocato.
2693 2931 2739 2985 Is
2771 2947 2800 2986 a
2829 2933 3160 2989 dzemoitibus
3197 2937 3334 2993 adeo
3379 2937 3480 2991 fuit
3522 2938 3851 3008 ﬂagellatus,

2262 3027 2316 3073 et
2354 3018 2624 3076 variorum
2661 3022 2960 3080 daemonum
3005 3036 3203 3085 tantam
3253 3030 3384 3085 fecit
3423 3032 3851 3099 experientiam,

2262 3115 2322 3161 ut
2344 3108 2377 3161 ii
2408 3124 2514 3163 non
2544 3111 2756 3179 possint
2790 3112 2949 3169 facile
2975 3120 3297 3172 enumerari.
3332 3119 3436 3173 Uni
3459 3135 3532 3174 ex
3566 3120 3852 3191 discipulis

587 3214 859 3259 evenerat.
887 3204 1124 3273 Cumque
1168 3205 1504 3275 surrexisset,
1552 3206 1803 3276 cogitavit
1835 3223 1850 3261 :
1886 3207 1995 3260 Etsi
2030 3208 2155 3262 mihi
2180 3186 2230 3250 α
2261 3198 2393 3266 Silis.
2423 3215 2540 3270 quae
2572 3214 2686 3271 [’08l
2727 3203 2913 3260 decem
2953 3215 3008 3260 8|-
3047 3217 3168 3262 OclO
3197 3225 3366 3265 annos
3395 3221 3560 3267 erant
3592 3186 3849 3270 eventra

590 3295 884 3349 iuit-datum
907 3296 1279 3365 jusjurandum
1312 3296 1362 3350 in
1382 3298 1597 3364 ecstasi,
1624 3299 1797 3365 juravi
1823 3308 2016 3353 tamen.
2040 3303 2159 3353 (lm-

593 3387 749 3441 nibus
768 3402 895 3457 ergo
921 3402 1041 3456 quae
1065 3388 1290 3442 habebat
1324 3388 1376 3441 in
1417 3401 1551 3442 nave
1578 3386 1855 3457 conjectis,
1896 3390 2042 3442 venit
2072 3389 2156 3444 Jeo

589 3477 875 3545 rosolyma,
911 3487 964 3532 et
994 3478 1100 3532 illic
1129 3478 1438 3547 excipitura
1466 3479 1616 3534 beata
1643 3478 1863 3533 Melania
1896 3478 2157 3534 Romana.

589 3567 792 3623 Rursus
830 3584 951 3624 cum
989 3569 1228 3625 diabolus
1272 3570 1389 3640 ejus
1440 3586 1536 3626 cor
1580 3580 1828 3640 tanquam
1874 3571 2159 3626 Pharaonis

591 3664 908 3728 imlurasset,
936 3670 1118 3732 utpote
1162 3662 1513 3718 adolescentis
1544 3671 1597 3717 et
1632 3672 1789 3717 aetate
1816 3663 2153 3727 luxuriantis,

588 3767 710 3805 eum
733 3767 914 3807 rursus
941 3753 1159 3809 incessit
1182 3753 1459 3820 dubitatio,
1489 3760 1543 3807 et
1569 3752 1731 3807 animi
1762 3751 1860 3806 fuit
1886 3754 2155 3821 ancipitis,

588 3859 708 3897 cum
748 3852 924 3898 tamen
960 3844 1157 3900 nemini
1190 3845 1475 3916 quidquam
1514 3843 1760 3899 dixisset.
1797 3844 1914 3911 Quo
1961 3846 2154 3901 factum

588 3944 671 3991 est
698 3942 756 3987 ut
798 3941 853 3988 et
881 3943 1056 3989 vestes
1103 3949 1287 3989 rursus
1330 3944 1577 3997 mutaret,
1608 3945 1658 3989 et
1692 3933 1745 3989 in
1788 3934 2083 3990 dill‘erendo
2108 3938 2157 3992 ei

591 4037 865 4081 veternum
889 4025 1104 4081 aﬂ‘erret
1130 4041 1261 4080 vana
1283 4026 1450 4094 gloria
1480 4043 1495 4079 :
1523 4026 1615 4080 sed
1649 4026 1790 4080 Deus
1817 4027 1904 4095 qui
1939 4027 2161 4095 impedit

592 4119 829 4172 omnium
855 4129 1092 4172 nostrum
1123 4118 1415 4183 interitum,
1446 4117 1493 4170 ei
1519 4132 1701 4171 rursus
1726 4116 1903 4170 attulit
1927 4117 2155 4171 calami-

592 4218 779 4273 tatem,
802 4221 987 4262 rursus
1015 4209 1064 4260 in
1081 4205 1283 4262 febrem
1308 4206 1616 4277 conjiciens,
1644 4218 1698 4261 et
1726 4206 1919 4262 deinde
1947 4208 1999 4262 in
2031 4208 2158 4263 lon-

586 4311 710 4366 gum
735 4297 978 4352 morbum
1003 4336 1017 4359 ,
1046 4305 1283 4364 tempore
1323 4298 1564 4352 semestri
1594 4298 1709 4362 ejus
1734 4312 1951 4353 carnem
1982 4313 2160 4354 mace-

590 4401 737 4451 rans,
781 4402 900 4456 quae
937 4386 985 4439 ei
1022 4386 1275 4441 aﬂ'erehat
1312 4388 1742 4455 impedimentum
1789 4388 1854 4443 ad
1881 4390 2153 4454 virtutem,

592 4479 810 4534 medicis
839 4478 1223 4541 dubitantibus,
1275 4488 1330 4533 et
1375 4495 1479 4533 non
1512 4480 1904 4536 invenientibus
1936 4483 2150 4537 modum

2262 3289 2333 3351 ei,
2359 3290 2512 3358 dixit,
2555 3293 2732 3347 omnia
2760 3295 2807 3349 ei
2839 3296 3129 3364 praedicens
3171 3298 3221 3354 in
3257 3303 3464 3368 specie.
3500 3303 3735 3359 Dicebat
3760 3321 3846 3360 ae-

2264 3387 2369 3433 tem
2400 3380 2486 3436 hic
2511 3380 2700 3437 beatus
2724 3402 2737 3436 :
2765 3384 2841 3439 Ex
2870 3402 2975 3453 quo
2998 3389 3114 3442 veni
3145 3390 3196 3443 in
3220 3391 3600 3459 solitudinem,
3633 3412 3741 3451 non
3770 3409 3844 3452 te-

2262 3468 2353 3537 tigi
2377 3468 2653 3536 lactucam,
2688 3489 2793 3528 non
2824 3477 3084 3531 minutum
3112 3479 3250 3544 olus,
3284 3495 3391 3535 non
3420 3482 3631 3552 aliquid
3661 3486 3843 3551 viride,

2262 3572 2367 3613 non
2397 3559 2647 3630 fructum,
2679 3578 2782 3618 non
2802 3581 2978 3632 uvam,
3012 3582 3116 3622 non
3145 3568 3437 3638 lavacrum,
3471 3589 3582 3625 non
3605 3588 3845 3641 carnem,

2263 3666 2368 3705 non
2397 3668 2607 3720 panem,
2641 3670 2745 3710 non
2778 3657 2977 3723 vinum,
3014 3675 3184 3730 neque
3207 3664 3428 3717 omnino
3459 3666 3672 3733 aliquid
3702 3684 3766 3722 ex
3786 3670 3841 3724 iis

2260 3762 2379 3816 qua:
2433 3763 2525 3816 per
2573 3749 2746 3819 ignem
2802 3760 3093 3820 transeunt,
3146 3767 3339 3824 praeter
3393 3761 3653 3827 quaedam
3704 3762 3841 3816 olera

2260 3837 2445 3905 cruda,
2494 3850 2547 3894 et
2577 3841 2842 3895 modicum
2882 3857 3053 3912 aquae.
3099 3844 3286 3902 Postea
3323 3857 3512 3902 autem
3556 3863 3717 3904 sexto
3752 3855 3840 3905 de-

2260 3930 2400 3985 cimo
2428 3946 2569 3985 anno
2596 3931 2825 3987 instituti
2850 3934 2973 3988 vitae
3000 3948 3111 3989 suae
3138 3945 3271 3990 actae
3291 3936 3500 4007 absque
3527 3939 3840 3997 decoctioae

2261 4020 2417 4090 ignis,
2465 4036 2584 4075 cum
2614 4037 2767 4090 caro,
2811 4036 3028 4093 propter
3057 4026 3481 4084 imbecillitatem
3522 4035 3839 4100 corporiset

2261 4111 2543 4177 stomachi,
2588 4127 2722 4180 opus
2750 4115 2970 4170 haberet
2995 4124 3052 4170 ut
3079 4116 3273 4187 aliquid
3298 4130 3550 4175 sumeret
3578 4122 3723 4190 quod
3752 4138 3839 4190 per

2260 4203 2435 4270 ignem
2465 4203 2781 4269 transiisset,
2816 4221 3004 4274 panem
3036 4209 3248 4275 quidem
3274 4210 3469 4280 tetigit,
3508 4227 3837 4283 nequaquam

2258 4303 2434 4345 autem
2485 4294 2711 4360 sumpsit
2753 4306 2901 4349 cocta
2944 4297 3123 4363 olera;
3176 4302 3267 4353 sed
3310 4300 3392 4354 vel
3440 4305 3836 4369 ptisanam.vei

2262 4381 2524 4451 legumina
2555 4384 2689 4438 duos
2716 4399 2906 4439 annos.
2939 4388 2994 4442 In
3028 4388 3110 4443 his
3149 4403 3342 4459 corpus
3369 4396 3734 4447 consumebat
3758 4396 3838 4450 hic

2258 4469 2467 4539 beatus,
2505 4474 2774 4529 viviﬁcans
2828 4478 3060 4530 animam
3100 4489 3285 4534 sancto
3334 4480 3567 4549 Spiritu,
3616 4486 3675 4539 in
3721 4486 3842 4555 Epi-

587 4567 894 4622 curationis.
924 4567 1062 4621 Dicit
1086 4582 1211 4635 ergo
1240 4569 1287 4621 ei
1320 4568 1472 4623 beata
1500 4568 1813 4625 Melanium:
1841 4571 1956 4626 Non
1984 4573 2158 4640 placet
2185 4566 2240 4627 Ι)
2264 4561 2470 4631 Phaniis
2502 4565 2553 4619 ίῐι
2585 4566 2807 4621 CCCleSia
2838 4568 3258 4623 communicans-
3304 4570 3472 4626 Nobis
3513 4585 3701 4629 autem
3731 4592 3845 4630 nar-

587 4656 740 4722 mihi,
765 4656 860 4720 illi,
885 4658 1102 4710 morbus
1127 4666 1246 4711 tuus
1274 4657 1588 4723 diuturnus;
1613 4659 1699 4714 dic
1718 4675 1846 4731 ergo
1869 4663 1998 4717 mihi
2025 4680 2148 4733 qute

593 4751 757 4804 hahes
782 4749 832 4801 in
856 4750 1053 4813 animo,
1080 4762 1185 4802 non
1208 4756 1287 4801 est
1308 4748 1447 4801 enim
1474 4762 1633 4803 verus
1657 4749 1741 4805 hic
1764 4759 1884 4806 tuus
1913 4754 2151 4809 morbus.

586 4843 872 4896 (Ζωιίεεδιιε
898 4848 981 4893 est
1006 4854 1133 4908 ergo
1156 4838 1205 4892 ei
1227 4853 1338 4893 rem
1363 4853 1479 4908 quae
1500 4838 1598 4893 sibi
1622 4849 1873 4896 evenerat
1897 4843 2156 4897 Constan-

585 4932 826 5000 tinopuli.
908 4928 1045 4986 Dicit
1133 4931 1185 4989 ei
1284 4929 1441 4985 beata
1484 4943 1497 4980 :
1542 4929 1804 4986 Promitte
1845 4932 1972 4986 mihi
2024 4945 2157 4990 teste

586 5023 835 5089 Domino,
862 5032 912 5075 te
940 5022 1059 5073 vitae
1088 5022 1393 5075 monastictn
1418 5036 1635 5089 scopum
1662 5037 1782 5077 esse
1820 5034 2152 5094 secuturum,

583 5124 636 5166 et
657 5128 756 5182 ego
773 5113 896 5167 licet
918 5112 1210 5181 peccatrix,
1240 5112 1406 5165 orabo
1427 5111 1612 5180 Deum,
1641 5120 1697 5167 ut
1721 5111 1877 5168 detur
1907 5116 2000 5170 tibi
2026 5126 2158 5172 tem-

587 5217 683 5268 pus
711 5212 1064 5267 commeatus,
1108 5210 1164 5256 et
1191 5201 1312 5256 vita:
1335 5201 1613 5258 terminus.
1666 5202 1716 5258 Is
1751 5212 1927 5261 autem
1960 5216 2046 5262 est
2074 5225 2159 5263 as-

585 5307 796 5348 sensus.
844 5291 977 5346 Cum
1017 5305 1081 5346 ea
1125 5297 1303 5346 autem
1350 5301 1576 5357 orasset,
1628 5293 1764 5350 intra
1804 5310 2002 5363 paucos
2043 5299 2158 5353 dies

583 5380 889 5445 convaluit;
938 5394 1165 5448 cumque
1211 5380 1253 5433 is
1298 5382 1635 5446 surrexisset,
1674 5382 1743 5438 ab
1790 5385 1877 5440 illa
1921 5386 2033 5455 ipsa
2077 5397 2159 5443 est

584 5473 779 5529 amictu
810 5471 1105 5526 monastico
1134 5469 1368 5537 indutus,
1420 5482 1474 5526 et
1527 5488 1748 5542 peregre
1801 5477 2159 5544 proﬁciscitur

589 5566 642 5617 in
667 5572 898 5619 montem
939 5564 1142 5631 Nitriaz,
1185 5564 1276 5636 qui
1311 5574 1393 5620 est
1419 5565 1471 5619 in
1500 5565 1730 5638 Egypto
1763 5584 1777 5621 :
1814 5570 1865 5622 in
1890 5584 1996 5640 quo
2026 5588 2147 5629 cum

592 5652 882 5708 habitasset
925 5653 1183 5722 biennio,
1237 5654 1395 5710 tertio
1448 5655 1740 5725 ingreditur
1784 5659 2152 5719 solitudinem.

656 5742 680 5778 ⁸
700 5742 886 5800 Simile
913 5761 1093 5816 supra,
1124 5749 1175 5802 in
1208 5747 1410 5818 Pelag,
1442 5748 1605 5805 libell.
1635 5764 1670 5814 ι,
1704 5765 1849 5805 nam.
1885 5751 1939 5807 5.

2262 4655 2412 4707 rabat
2439 4654 2524 4710 hic
2546 4671 2834 4724 generosus
2857 4658 3051 4713 (.hristi
3081 4660 3277 4714 athleta
3299 4662 3441 4717 circa
3470 4673 3695 4734 tempus
3720 4684 3845 4723 mor

2263 4746 2373 4799 tis:
2416 4745 2531 4799 Jam
2576 4756 2701 4801 sunt
2749 4756 2856 4802 tres
2885 4749 3009 4802 anui
3051 4765 3113 4804 ex
3154 4766 3260 4819 quo
3305 4768 3409 4807 non
3449 4770 3574 4810 sum
3620 4760 3847 4826 amplius

2258 4843 2481 4889 vexatus
2508 4850 2538 4890 a
2569 4837 2857 4905 cupiditate
2884 4840 3083 4894 carnis.
3130 4840 3187 4896 Si
3219 4853 3398 4897 autem
3429 4857 3557 4914 post
3578 4848 3748 4903 vitam
3779 4852 3846 4903 ita

2260 4943 2328 4983 ex
2359 4929 2556 4984 virtute
2603 4941 2799 4997 actam,
2848 4941 2902 4987 et
2941 4933 3257 4989 immensum
3291 4937 3534 4994 laborem
3582 4944 3847 4997 exercita-

2262 5022 2441 5086 tionis,
2483 5037 2712 5091 eumque
2740 5025 2819 5079 vel
2851 5025 3081 5081 maxime
3111 5026 3481 5095 inﬂexibilem,
3511 5040 3566 5086 et
3611 5034 3847 5089 sobriam

2261 5123 2518 5181 perpetuo
2546 5117 2863 5182 orationem,
2897 5117 3037 5173 hunc
3079 5118 3434 5177 immortalem
3476 5126 3621 5179 adeo
3652 5128 3845 5181 invasit

2261 5205 2414 5261 bonis
2441 5206 2660 5262 iniustus
2684 5219 2736 5263 et
2768 5211 3023 5265 exitiosus
3049 5211 3257 5267 daemon
3281 5232 3294 5280 ;
3335 5216 3461 5286 qttid
3489 5219 3559 5274 ab
3583 5234 3840 5276 exsecra-

2260 5297 2353 5352 bili
2389 5300 2630 5356 dacmone
2664 5302 2770 5369 pati
2814 5313 3059 5370 putamus
3085 5321 3177 5359 eos
3203 5309 3291 5375 qui
3319 5321 3441 5363 sunt
3470 5313 3841 5380 Socordiores,

2262 5403 2481 5459 propter
2507 5407 2654 5446 suam
2697 5395 3103 5465 negligentiam?
3146 5398 3281 5454 Huic
3308 5410 3502 5455 sancto
3540 5404 3845 5472 signiﬁcata

2258 5491 2341 5536 est
2368 5482 2651 5552 aliquando
2683 5501 2827 5540 mors
2857 5489 3022 5555 patris
3048 5490 3165 5555 sui,
3199 5500 3253 5545 et
3284 5493 3419 5547 dicit
3447 5495 3498 5549 ei
3529 5498 3620 5564 qui
3651 5512 3848 5551 renun-

2259 5579 2408 5632 tiavit
2433 5595 2447 5632 :
2476 5579 2666 5635 Desine
2690 5580 3079 5650 blasphetnare,
3104 5600 3254 5639 meus
3281 5586 3426 5641 enim
3456 5587 3621 5644 Pater
3647 5600 3735 5645 at
3753 5591 3849 5645 in-

2256 5672 2496 5727 mortalis
2521 5673 2559 5730 '.
2594 5673 2756 5727 Deum
2788 5685 2965 5731 autem
2993 5676 3223 5735 dicebat.
3262 5679 3662 5751 ilucusqueest
3685 5697 3845 5738 exae-
