4112 6524
245 394 386 461 1193

1469 397 1837 458 HISTORIA
1874 396 2267 461 LAUSIACA.

3372 396 3512 463 1194

243 506 448 561 τιώτου
477 507 573 562 τοῦ
604 507 846 579 ἐπάρχου
868 522 881 536 ’
931 506 1026 561 καὶ
1072 507 1311 577 ἁρπάζει
1353 508 1537 572 αὐτὸν,
1574 508 1670 563 καὶ
1706 509 1829 578 ἄγει
1858 512 1907 569 Α
1931 507 2090 576 λόγον
2117 508 2210 561 ἐπὶ
2241 506 2446 579 Κυρίου
2470 507 2552 561 δτι
2586 506 2687 580 ἔχῃ
2721 504 2818 561 τοῦ
2852 503 3057 562 σκοποῦ
3077 505 3269 562 τούτου
3312 508 3392 573 είς
3419 510 3513 564 τὸν

234 590 313 655 ὡς
339 594 397 645 ἐν
426 591 786 662 δικαστηρίῳ,
822 591 915 644 καὶ
942 590 1125 662 βάλλει
1154 591 1317 646 αὐτὸν
1345 593 1428 656 είς
1455 592 1556 663 τήν
1589 592 1827 663 λεγομέ-

235 691 341 743 νην
368 674 703 727 κουστωδίαν
728 675 943 737 κλοιούς
965 673 1218 745 σιδηροῦς
1240 674 1366 728 κατ’
1384 674 1589 745 αὐχένα
1619 673 1820 745 βαλὼν,

236 758 337 811 καὶ
382 758 573 812 ἁλύσει
614 758 810 830 σιδηρᾷ
853 758 1275 829 καταδησάντων
1330 758 1429 823 τάς
1470 762 1678 830 χεῖρας,
1713 761 1821 814 τῶν

237 840 330 892 ἐπ’
363 841 531 895 αὐτὸν
573 841 731 912 δῆθεν
785 841 1071 907 ἐλθόντων,
1106 843 1206 914 τὴν
1241 843 1422 896 αἰτίαν
1452 841 1601 913 αὐτῷ
1641 842 1705 895 οὐ
1736 843 1825 896 λε-

237 922 453 990 γόντων
473 941 488 957 ο
522 924 687 989 αὐτὸς
708 924 767 978 δὲ
789 927 856 997 τῇ
893 926 1197 996 συνειδήσει
1220 925 1582 998 κεντούμενος
1610 926 1830 996 ἐνόμιζε

235 1006 417 1061 ταῦτα
464 1009 627 1078 χάριν
677 1008 779 1078 τῆς
825 1011 1157 1079 προφάσεως
1205 1010 1423 1079 ἐκείνης
1478 1010 1828 1079 ὑφίστασθαι,

236 1092 622 1164 προσδοκήσας
657 1092 751 1146 τὸν
804 1093 899 1147 τοῦ
943 1093 1167 1162 γυναίου
1208 1093 1380 1165 ἄνδρα
1418 1095 1833 1164 ἐντετυχηκέναι

238 1177 373 1247 περὶ
415 1177 515 1247 τῆς
551 1176 862 1240 ὑποθέσεως
902 1179 1107 1248 ταύτης
1152 1177 1231 1249 τῷ
1263 1177 1512 1249 δικαστῇ.
1555 1178 1642 1231 Ἐν
1669 1178 1727 1231 δέ
1754 1180 1831 1249 τῷ

237 1260 467 1315 ἑστάναι
504 1259 669 1314 αὐτὸν
708 1261 830 1315 λίαν
883 1262 1201 1331 ἀγωνιῶντα
1223 1302 1239 1327 ,
1273 1261 1441 1333 ἄλλης
1479 1262 1638 1333 δίκης
1670 1262 1831 1333 δῆθεν

236 1345 652 1416 πραττομένης,
676 1346 770 1398 καὶ
792 1345 1236 1416 βασανιζομένων
1258 1345 1463 1416 ἑτέρων
1492 1347 1586 1399 ἐπὶ
1605 1345 1831 1417 τοιούτῳ

234 1426 587 1498 ἐγκλήματι,
638 1429 833 1498 ἔμενεν
882 1431 911 1483 6
965 1429 1233 1499 Εὐάγριος
1284 1428 1491 1500 σφόδρα
1546 1428 1823 1496 ἀγωνιῶν.

237 1512 397 1566 Μετά
424 1511 502 1571 .δέ
532 1510 623 1565 τὸν
682 1512 852 1566 πολὺν
884 1512 1049 1581 φόϐον
1087 1513 1296 1567 ἐκεῖνον
1341 1514 1435 1566 καὶ
1458 1513 1556 1585 τὴν
1587 1513 1826 1583 ἄμετρον

235 1596 485 1664 ἀγωνίαν
517 1596 1060 1668 μετασχηματίζεται
1092 1598 1120 1651 6
1150 1595 1383 1666 ἄγγελος
1437 1598 1465 1651 6
1511 1598 1603 1651 τὸν
1662 1599 1829 1653 πολὺν

237 1676 392 1749 αὐτῷ
424 1677 589 1748 φόϐον
620 1682 679 1733 ἐν
720 1683 788 1752 τῇ
829 1680 1069 1752 ὀπτασίᾳ
1118 1681 1440 1752 παρασχὼν,
1490 1683 1570 1745 είς
1619 1699 1826 1754 παρου-

236 1762 366 1815 σίαν
416 1762 643 1832 γνησίου
692 1764 849 1833 φίλου
886 1765 1024 1834 πρὸς
1072 1764 1362 1835 ἐπίσκεψιν
1408 1766 1637 1835 ἥκοντος
1688 1768 1828 1839 πρὸς

1936 591 2145 662 μονήρη
2170 591 2312 661 βίον,
2344 591 2459 654 καὶ,
2494 591 2542 645 εἰ
2568 592 2663 646 καὶ
2691 590 3015 662 ἁμαρτωλός
3041 591 3182 661 ειμι.
3216 592 3513 661 προσεύξο-

1938 691 2036 745 μαι
2070 675 2211 745 πρδς
2237 675 2329 728 τὸν
2357 674 2562 747 Κύριον
2599 675 2689 728 ἵνα
2718 691 2801 728 σοι
2826 672 2954 745 δοθῇ
2986 674 3180 745 καιρὸς
3217 676 3506 744 κομιάτου,

1934 760 2031 814 καὶ
2060 759 2368 830 προθεσμία
2409 757 2575 829 ζωῆς.
2617 759 2677 812 Ὀ
2707 759 2761 811 δέ
2793 758 3065 813 συνέθετο.
3102 758 3423 830 Εὐξαμένης
3454 760 3511 814 δέ

1932 844 2123 914 αὐτῆς,
2154 844 2305 907 ἐντὸς
2330 843 2529 911 ὀλίγων
2556 843 2779 915 ἡμερῶν
2812 843 3053 911 ὑγίανεν.
3087 842 3199 896 Καὶ
3238 844 3512 908 ἀναστάς,

1933 928 2066 996 παρ’
2106 927 2279 995 αὐτῆς
2327 926 2544 995 ἐκείνης
2599 926 3013 996 μετημφιάδθη,
3070 926 3167 980 καὶ
3226 926 3511 997 ἐξέρχεται

1932 1010 2251 1081 ἐκδημήσας
2282 1011 2363 1072 είς
2394 1011 2455 1063 τὸ
2491 1009 2617 1079 ὅρος
2647 1010 2746 1079 τῆς
2779 1010 3008 1080 Νιτρίας
3045 1009 3109 1061 :6
3134 1010 3193 1062 ἐν
3225 1009 3508 1081 Λίγύπτῳ,

1934 1094 1993 1145 ἐν
2017 1087 2062 1160 ᾧ
2094 1092 2323 1163 οίκήσας
2346 1091 2600 1163 δεύτερον
2630 1091 2774 1156 έτος,
2814 1091 2892 1163 τῷ
2924 1091 3098 1163 τρίτῳ
3130 1092 3403 1147 εἰσϐάλλει
3429 1095 3512 1157 είς

1930 1177 2030 1249 τὴν
2056 1176 2283 1247 ἔρημον.
2316 1177 2496 1248 Ζήσας
2519 1173 2612 1229 οῦν
2637 1177 3011 1248 δεκατέσσαρα
3054 1178 3150 1248 ἐτη
3183 1179 3241 1231 ἐν
3266 1178 3379 1241 τοῖς
3422 1178 3512 1232 λε-

1932 1262 2186 1333 γομένοις
2219 1260 2472 1327 κελλίοις,
2505 1261 2661 1332 ’ήσθιε
2691 1261 2791 1331 μὲν
2819 1261 2987 1332 ἄρτου
3014 1261 3217 1332 λύτραν
3242 1263 3340 1333 τήν
3370 1265 3513 1334 ήμέ-
3587 1262 3616 1324 ί

1934 1364 2067 1418 ραν·
2119 1347 2178 1399 ἐν
2206 1344 2541 1417 τριμηνιαίῳ
2583 1344 2641 1398 δέ
2678 1346 2857 1415 χρόνῳ
2883 1345 3082 1415 ξέστην
3126 1346 3309 1400 ἐλαίου
3329 1364 3342 1378 ·
3371 1348 3511 1419 ἀνὴρ

1932 1429 2038 1483 ἀπὸ
2085 1428 2428 1499 ἀϐροδιαίτου
2471 1429 2564 1481 καὶ
2604 1427 2880 1499 τρυφηλοῦ
2926 1428 3044 1499 βίου
3083 1430 3177 1482 καὶ
3206 1430 3508 1501 ὑγροτάτου

1930 1514 2187 1585 ἠγμένος.
2229 1511 2434 1565 Ἐποίει
2460 1510 2517 1563 δέ
2545 1511 2709 1580 εὐχάς
2733 1511 2927 1564 ἐκατὶν
2947 1550 2961 1575 ,
2989 1512 3217 1581 γράφων
3236 1512 3329 1566 τοῦ
3355 1514 3511 1578 έτους

1928 1599 2029 1671 τήν
2069 1596 2236 1665 τιμὴν
2268 1595 2430 1665 μόνον
2476 1587 2552 1649 ὧν
2581 1594 2806 1671 ἤσθιεν·
2861 1595 3075 1665 εὐφυῶς
3106 1596 3215 1667 γάρ
3268 1597 3511 1669 ἔγραφεν

1928 1670 2022 1736 τδν
2055 1679 2354 1750 ὀξύρυγχον
2385 1680 2731 1749 χαρακτῆρα.
2763 1670 2944 1743 Ἐντὸς
2976 1677 3069 1732 οῦν
3118 1682 3509 1737 πεντεκαίδεκα

1929 1766 2066 1820 ἐτῶν
2109 1762 2457 1835 καθαρεύσας
2486 1763 2578 1814 τὸν
2622 1762 2769 1826 νοῦν,
2817 1764 3129 1834 κατηξιώθη
3166 1766 3510 1837 χαρίσματος

234 1847 534 1911 αὐτόν.¹¹ος
562 1849 658 1902 καὶ
686 1848 896 1918 σφόδρα
918 1848 1089 1920 δῆθεν
1110 1849 1410 1918 ἐκπλαγεὶς
1426 1850 1520 1902 καὶ
1542 1851 1832 1922 γενόμενος
1864 1858 1906 1914 Β
1934 1851 2189 1922 γνώσεως
2207 1851 2302 1904 καὶ
2325 1848 2515 1918 σοφίας
2540 1848 2632 1901 καὶ
2650 1847 2974 1918 διακρίσεως
3003 1850 3347 1920 πνευμάτων.
3374 1852 3506 1905 Συν-

232 1930 495 2002 κατηφὴς
508 1932 575 2003 τῇ
602 1930 842 2003 τοσαύτῃ
865 1932 1062 2003 ἀτιμίᾳ
1087 1931 1197 1985 τῶν
1226 1931 1444 2002 δεσμῶν
1475 1932 1573 1986 τοῦ
1595 1936 1819 2003 γνησίου

233 2013 421 2083 φίλου,
445 2013 593 2083 λέγει
616 2013 769 2085 αὐτῷ
788 2014 1065 2085 δεδεμένῳ
1102 2014 1309 2085 μεταξύ
1341 2018 1530 2087 σειρᾶς
1554 2018 1823 2087 τεσσαρά-

234 2114 409 2150 κοντα
450 2096 780 2151 καταδίκων·
818 2097 885 2151 Τί
930 2097 1104 2160 οῦτως
1142 2097 1355 2169 ἀτίμως
1393 2100 1533 2169 μετὰ
1578 2100 1688 2155 τῶν
1722 2119 1821 2154 κα-

230 2182 474 2235 ταδίκων
500 2181 729 2254 κατέχῃ,
766 2181 924 2253 κύριε
949 2182 1199 2247 διάκονε;
1228 2182 1391 2250 Λέγει
1416 2182 1568 2254 αὐτῷ
1591 2184 1819 2250 ἐκείνος

237 2265 402 2319 Κατά
444 2265 541 2336 μὲν
565 2266 827 2334 ἀλήθειαν
870 2266 973 2319 οὐκ
1016 2266 1354 2337 ἐπίσταμαιο
1404 2267 1629 2321 ὑπόνοια
1660 2269 1719 2323 δέ
1751 2288 1821 2341 με

234 2349 354 2419 ἔχει
390 2350 475 2403 ὅτι
506 2350 536 2403 6
563 2349 714 2403 δεῖνα
757 2350 786 2403 6
823 2349 933 2403 ἀπὸ
962 2352 1218 2424 ἐπάρχων
1267 2350 1487 2421 ἐνέτυχε
1518 2352 1638 2405 κατ’
1681 2353 1818 2423 ἐμοῦ

234 2432 422 2503 ἀλόγῳ
470 2431 778 2505 ζηλοτυπίᾳ
830 2432 1082 2504 πληγεὶς,
1129 2434 1224 2487 καὶ
1280 2433 1499 2488 δέδοικα
1539 2436 1751 2506 μήποτε
1792 2438 1821 2491 6

234 2518 425 2587 ἄρχων
479 2518 759 2588 χρήμασιν
805 2517 899 2571 ὐπ’
924 2515 1091 2570 αὐτοῦ
1128 2515 1421 2588 διαφθαρῇ,
1454 2519 1549 2571 καὶ
1580 2520 1822 2592 τιμωρίᾳ

220 2620 311 2671 ,με
341 2601 616 2676 περιδάλῃ
652 2602 907 2676 μεγίστῃ.
944 2601 1111 2670 Λέγει
1142 2601 1291 2673 αὐτῷ
1325 2605 1353 2656 6
1386 2602 1540 2671 φίλος
1568 2605 1646 2674 τῷ
1687 2607 1821 2677 σχή-

237 2703 408 2757 ματι*
452 2686 521 2743 EI
563 2686 782 2750 ἀκούεις
810 2686 905 2739 τοῦ
930 2686 1087 2755 φίλου
1128 2702 1245 2745 σου,
1279 2687 1671 2758 συμϐουλεύσω
1702 2705 1819 2742 σοι·

231 2771 297 2823 οὐ
330 2769 603 2841 συμφέρει
644 2786 727 2823 σοι
760 2771 818 2822 ἐν
856 2772 924 2840 τῇ
974 2769 1128 2822 πόλει
1168 2770 1344 2844 ταύτῃ
1376 2772 1605 2842 διάγειν.
1655 2773 1820 2843 Λέγει

233 2852 389 2923 αὐτῷ
415 2854 445 2906 6
486 2852 793 2924 Εὐάγριος·
837 2852 963 2905 Ἐάν
1006 2854 1035 2906 6
1066 2852 1200 2917 Θεός
1228 2872 1296 2925 με
1324 2855 1530 2927 ταύτης
1550 2857 1652 2928 τῆς
1682 2874 1822 2928 συμ-

240 2937 419 3006 φορᾶς
438 2934 747 3008 ἀπαλλάξῃ,
783 2937 878 2989 καὶ
903 2936 1020 3007 ίδῃς
1047 2953 1115 3007 με
1144 2938 1201 2991 ἐν
1228 2940 1820 3007 Κωνσταντινουπόλει,

233 3019 410 3084 γνῶθι
442 3019 527 3072 ὅτι
561 3018 801 3088 εὐλόγως
836 3019 1143 3090 ὑφίσταμαι
1168 3020 1375 3092 ταύτην
1403 3022 1502 3094 τὴν
1525 3024 1820 3094 τιμωρίαν,

234 3103 332 3156 καὶ
370 3104 571 3174 ἑτέρας
608 3103 854 3172 μείζονος
895 3102 1045 3167 ἄξιος
1075 3102 1171 3157 ῶν.
1200 3105 1365 3174 Λέγει
1396 3106 1547 3178 αὐτῷ
1572 3110 1601 3161 6
1630 3108 1783 3177 φίλος
1804 3125 1819 3139 ’

1922 1924 2105 1991 τάττει
2136 1934 2229 1989 οῦν
2256 1925 2410 1996 οὗτος
2433 1932 2561 2003 τρία
2588 1930 2765 2002 βιϐλία
2789 1969 2804 1992 ,
2824 1930 2987 2001 Ἱερά,
3015 1932 3282 2003 Μοναχίιν,
3299 1935 3510 2007 Ἀντιρο

1926 2019 2149 2091 ρητικὸν
2170 2016 2358 2095 ,ρῦτω
2385 2015 2727 2083 καλούμενα·
2762 2012 2862 2077 τὰς
2895 2015 3029 2084 πρὸς
3074 2017 3202 2079 τούς
3248 2016 3509 2086 δαίμονας

1923 2102 2261 2170 ὑποθέμενος
2290 2101 2505 2171 τέχνας.
2539 2099 2728 2169 Τούτῳ
2750 2097 2966 2169 ύιχλησέ
3012 2116 3143 2152 ποτε
3170 2101 3251 2164 είς
3281 2102 3449 2173 βάρος
3479 2108 3508 2159 6

1924 2186 2023 2255 τῆς
2057 2184 2315 2254 πορνείας
2352 2184 2584 2253 δαίμων,
2618 2184 2693 2246 ὡς
2736 2184 2898 2247 αὐτὸς
2948 2184 3083 2254 ήμῖν
3114 2184 3375 2254 διηγεῖτο,
3410 2191 3508 2241 καὶ

1921 2268 2011 2335 διά
2039 2269 2221 2340 πάσης
2252 2270 2445 2331 νυκτὸς
2474 2267 2678 2339 γυμνὸς
2708 2269 2838 2340 εστη
2864 2270 2922 2322 ἐν
2948 2267 3029 2339 τῷ
3054 2268 3269 2338 φρέατι,
3304 2274 3507 2343 χειμῶ-

1924 2372 2013 2418 νος
2044 2354 2215 2418 ὄντος,
2247 2353 2323 2415 ὼς
2361 2353 2607 2422 παγῆναι
2661 2352 2827 2406 αὐτοῦ
2860 2354 2960 2417 τάς
3005 2352 3239 2425 σάρκας.
3277 2356 3503 2412 Ἀλλοτε

1924 2435 2086 2491 πάλιν
2125 2435 2371 2507 ῶχλησεν
2424 2435 2577 2506 αὐτῷ
2629 2436 2847 2505 πνεῦμα
2900 2436 3285 2508 βλασφημίας,
3322 2445 3416 2495 καλ⁵
3447 2443 3506 2494 ἐν

1919 2520 2331 2592 τεσσαράκοντα
2360 2520 2597 2591 ἡμέραις
2623 2519 2728 2572 ὐπὸ
2762 2520 2965 2589 στέγην
3000 2521 3100 2574 οὐκ
3127 2523 3396 2593 εἰσῆλθεν,
3427 2526 3505 2588 ὡς

1922 2606 2095 2658 καὶτὸ
2114 2605 2273 2675 σῶμα
2303 2604 2494 2668 αὐτοῦ,
2520 2604 2772 2674 καθάπερ
2795 2605 2904 2657 τῶν
2929 2605 3139 2675 ἀγρίων
3169 2605 3345 2674 ζώων,
3370 2611 3503 2682 κρό-

1919 2704 2098 2752 τωνας
2140 2687 2430 2759 ἐκϐράσαι.
2481 2688 2668 2758 Τούτῳ
2718 2691 2867 2756 τρεῖς
2897 2689 3205 2760 ἐπέστησαν
3237 2693 3295 2744 ἐν
3320 2694 3504 2767 ήμέρᾳ

1921 2770 2206 2841 δαίμονες,
2237 2774 2297 2824 ἐν
2345 2771 2588 2842 σχήματι
2620 2772 2920 2841 κληρικῶν,
2957 2773 3086 2842 περὶ
3134 2774 3372 2839 πίστεως
3407 2795 3504 2830 συ-

1922 2856 2213 2926 ζητοῦντες
2242 2854 2422 2927 αὐτῷ·
2453 2857 2544 2909 καὶ
2571 2858 2600 2909 6
2626 2856 2723 2926 μέν
2754 2855 2941 2925 ἔλεγεν
2969 2858 3165 2912 ἑαυτὸν
3204 2860 3261 2911 ’Δ
3272 2861 3503 2930 ρειανδν,

1920 2943 1949 2995 ὀ
1976 2941 2031 2994 δέ
2064 2942 2418 3012 Εὐνομιανδν,
2452 2941 2481 2993 6
2510 2940 2566 2995 δέ
2609 2941 3111 3014 ’Λπολλιναριστήν.
3159 2944 3273 2997 Καὶ
3300 2945 3511 3000 τούτων

1922 3026 2268 3095 περιεγένετο
2298 3025 2385 3078 διά
2416 3026 2662 3097 βραχέων
2689 3029 2755 3097 τῇ
2790 3029 3134 3098 πνευματικῇ
3172 3029 3356 3101 σοφίᾳ.
3393 3032 3510 3085 Πά-

1921 3108 2005 3162 λιν
2052 3111 2181 3178 μιᾶς
2227 3108 2337 3162 τῶν
2392 3108 2614 3179 ἡμερῶν
2640 3108 2737 3178 τῆς
2785 3109 2994 3173 κλειδὸς
3021 3112 3366 3183 ἀπολομένης
3400 3116 3507 3185 τῆς

234 3188 299 3283 βξ
323 3185 661 3283 οῦτωςκέχει,
692 3187 844 3256 φέρω
873 3187 936 3283 τὸ
965 3187 1324 3283 ξύαγχέλιονσ
1354 3192 1451 3283 καὶ
1483 3190 1698 3262 ῶμοσόν
1730 3210 1821 3264 μοι
1851 3226 1894 3283 C
1939 3188 2289 3283 Ἐκκλησίας.
2319 3189 2709 3283 σφραγίσαςῌτὸ
2736 3189 3028 3283 πρόσωπον
3052 3190 3148 3283 τοῦ
3172 3192 3502 3265 ήλωταρίου,

232 3272 296 3323 ἐν
326 3268 482 3341 αὐτῷ
506 3270 591 3324 ὃτι
620 3271 928 3340 άναχωρεῖς
948 3270 1048 3339 τῆς
1070 3271 1281 3335 πόλεως
1302 3272 1526 3345 ταύτης,
1552 3275 1645 3329 καὶ
1664 3293 1826 3346 φρον-

233 3357 415 3420 τίζεις
444 3374 538 3410 σου
560 3357 663 3427 τῆς
688 3357 889 3428 ψυχῆς,
922 3358 1017 3410 καὶ
1037 3356 1371 3413 ἀπαλλάσσω
1396 3376 1456 3412 σε
1488 3358 1600 3428 ἐγὼ
1624 3360 1827 3433 ταύτης

232 3442 337 3512 τῆς
370 3441 638 3513 ἀνάγκης.
670 3442 729 3496 Ὀ
755 3441 812 3495 δέ
830 3442 1129 3512 Εὐάγριος’
1165 3441 1367 3512 Δέομαί
1385 3444 1725 3516 σου,δμνυμί
1747 3464 1828 3501 σοι

229 3527 311 3591 ὡς
342 3527 538 3593 θέλεις,
572 3528 734 3597 μόνον
762 3544 829 3597 με
856 3527 1165 3595 ἀπάλλαξον
1202 3526 1394 3581 τούτου
1426 3529 1521 3583 τοῦ
1547 3532 1827 3585 σκοτεινοῦ

232 3612 457 3679 νέφους.
485 3612 594 3663 Καὶ
622 3612 680 3663 ἐν
704 3610 917 3674 τούτοις
948 3610 1165 3681 κομίζει
1195 3610 1344 3681 αὐτῷ
1374 3612 1435 3665 :6
1465 3614 1824 3683 Εὐαγγέλιον,

234 3696 333 3747 καὶ
357 3694 587 3748 ἀπαιτεῖ
617 3695 708 3748 τὸν
734 3695 920 3765 ὅρκον.
961 3694 1019 3748 Ὀ
1045 3694 1101 3747 δὲ
1129 3694 1400 3765 Εὐάγριος
1422 3697 1648 3766 ὄμνυσιν
1676 3698 1827 3770 αὐτῷ

236 3780 385 3832 κατά
410 3778 504 3831 τοῦ
538 3778 874 3847 Εὐαγγελίου
895 3818 911 3844 ,
941 3778 1023 3832 ὅτι
1053 3779 1332 3851 Παρεκτός
1370 3780 1499 3849 μιᾶς
1525 3780 1740 3851 ἡμέρας
1762 3783 1824 3835 οὐ

238 3864 318 3933 μὴ
369 3864 542 3934 μείνω
572 3864 793 3929 ἐνθάδε,
830 3864 936 3924 ,καὶ
966 3862 1191 3934 ταύτης,
1222 3864 1311 3916 ἶνα
1347 3862 1537 3932 φθάσω
1564 3866 1825 3932 ἐμϐαλεῖν

238 3965 348 4017 μου
370 3950 439 4000 :6
470 3950 486 4000 ί
495 3947 664 4018 μάτια
690 3948 749 4001 ἑν
772 3946 852 4017 τῷ
879 3947 1071 4018 πλοίῳ.
1094 3948 1201 4000 Τοῦ
1224 3948 1390 4018 ὅρκου
1413 3944 1506 4001 οὖν
1530 3951 1823 4021 προχωρή-

237 4048 460 4095 σαντος,
489 4031 786 4100 ἐναγώνιος
814 4030 890 4084 ὢν
910 4031 1213 4101 ἐπανῆλθεν
1245 4032 1355 4085 61:6
1382 4032 1483 4102 τῆς
1514 4034 1826 4098 ἐκστάσεως

233 4116 341 4185 τῆς
372 4117 671 4187 γενομένης
699 4117 850 4187 αὐτῷ
882 4118 941 4169 ἐν
969 4120 1036 4187 τῇ
1071 4118 1246 4172 νυκτί.
1294 4118 1403 4170 Καὶ
1436 4118 1678 4182 ἀναστάς
1708 4120 1823 4172 ἑλο-

235 4201 455 4269 γίσατο,
482 4201 565 4254 ὅτι
616 4201 679 4255 Εί
716 4200 813 4253 καὶ
844 4200 1102 4253 ἐκστάσει
1140 4200 1364 4268 γέγονεν
1413 4200 1443 4252 6
1471 4201 1656 4270 ὅρκος,
1706 4203 1821 4255 ἀλλ’

234 4287 391 4355 ὅμως
428 4283 641 4355 ὤμοσα.
693 4284 881 4338 Βαλὼν
930 4279 1025 4338 οὖν
1054 4286 1231 4338 πάντα
1262 4285 1298 4339 6
1332 4280 1478 4356 εἶχεν
1504 4288 1584 4349 είς
1618 4286 1822 4351 πλοῖον,
1850 4315 1859 4323 -

234 4369 462 4439 ἔρχεται
490 4369 571 4433 είς
601 4369 973 4438 Ἰεροσόλυμα,
994 4369 1089 4421 καὶ
1106 4370 1223 4421 ἐκεῖ
1250 4368 1521 4433 δεξιοῦται
1547 4371 1697 4441 παρὰ
1725 4371 1825 4440 τῆς

238 4452 521 4523 μακαρίας
548 4453 806 4523 Μελάνης
829 4454 929 4523 τῆς
971 4453 1276 4524 Ῥωμαίας.
1306 4454 1480 4508 Πάλιν
1512 4454 1605 4506 τοῦ
1644 4454 1825 4509 διαϐό-

232 4539 331 4592 λου
365 4538 767 4610 σκληρύναντος
802 4538 966 4592 αὐτοῦ
1017 4538 1116 4609 τὴν
1149 4538 1403 4610 καρδίαν,
1442 4538 1695 4610 καθάπερ
1725 4540 1819 4594 τοῦ

232 4621 469 4692 Φαραὼ,
495 4622 573 4686 ὡς
601 4622 706 4694 νέῳ
735 4624 831 4675 καὶ
869 4622 1174 4693 σφριγῶντι
1220 4622 1319 4694 τὴν
1348 4623 1589 4694 ήλικίαν,
1625 4623 1818 4692 γέγονε

232 4708 404 4762 πάλιν
434 4707 733 4777 ἐνδυασμὸς
752 4748 766 4770 ,
796 4710 892 4760 καὶ
926 4706 1267 4777 ἐδυσψύχησε
1314 4707 1505 4777 μηδενὶ
1544 4707 1713 4777 μηδὲν
1744 4708 1822 4759 εί-

236 4789 429 4861 ρηκώς
448 4807 462 4820 ·
494 4791 716 4843 κάκεῖσε
740 4790 902 4844 πάλιν
929 4789 1277 4855 ἐξαλλάσσων
1297 4792 1412 4853 τοῖς
1442 4789 1698 4860 ἱματίοις.
1726 4789 1822 4843 καὶ

233 4879 297 4929 ἐν
336 4878 404 4945 τῇ
451 4874 717 4945 διαλέκτῳ
772 4875 1115 4945 καρούμενος
1170 4875 1277 4929 ὑπὸ
1332 4875 1431 4944 τῆς
1488 4873 1817 4938 κενοδοξίας.

246 4959 394 5012 ’Λλλ’
440 4961 469 5013 6
524 4959 855 5030 ἐμποδιστὴς
904 4961 1004 5029 τῆς
1061 4961 1279 5015 πάντων
1334 4960 1491 5029 ήμῶν
1544 4958 1819 5021 ἀπωλείας

233 5046 405 5111 Θεὸς,
430 5044 686 5099 ἐνέϐαλεν
714 5044 879 5098 αὐτὸν
912 5047 1008 5097 καὶ
1037 5044 1273 5097 ἐνταῦθα
1311 5047 1390 5105 εἰς
1428 5044 1622 5113 ἑτέραν
1658 5043 1819 5115 περί-

236 5148 459 5196 στάσιν,
493 5128 773 5184 ἐπιϐαλὼν
801 5128 952 5199 αὐτῷ
980 5129 1236 5198 πυρετὸν,
1268 5129 1525 5181 κάκεῖθεν
1554 5128 1636 5192 είς
1664 5128 1820 5181 νόσον

240 5214 468 5288 μακρὰν
497 5216 555 5269 ἐν
602 5212 944 5284 ἑξαμηνιαίῳ
976 5212 1156 5283 χρόνῳ
1202 5212 1531 5282 ταριχεύσας
1562 5211 1728 5265 αὐτοῦ
1759 5211 1821 5264 :6

240 5299 493 5369 σαρκίον,
541 5298 608 5352 δι’
663 5292 725 5352 οὗ
770 5296 1111 5361 ἐνεποδίζετο
1169 5295 1247 5357 είς
1298 5295 1521 5365 ἀρετήν.
1572 5294 1694 5349 Τῶν
1727 5290 1821 5348 οῦν

242 5381 449 5451 ίατρῶν
476 5380 850 5453 ἀπορούντων,
885 5379 980 5434 καὶ
1007 5379 1210 5448 τρόπον
1240 5377 1541 5445 θεραπείας
1565 5378 1639 5448 μὴ
1668 5379 1822 5449 εὑρι-

240 5465 509 5532 σκόντων,
557 5464 703 5534 λέγει
736 5466 772 5536 ή
827 5461 1075 5535 μακαρία
1120 5461 1416 5515 Μελάνιον·
1453 5462 1568 5515 Οὐκ
1595 5462 1822 5533 ἀρέσκει

247 5565 362 5619 μοι,
407 5550 512 5614 υίέ,
562 5551 598 5622 ὴ
631 5551 699 5621 σὴ
752 5545 1121 5620 μακρονοσίω
1157 5546 1277 5599 είπέ
1306 5542 1401 5599 οὖν
1432 5563 1521 5616 μοι
1556 5546 1625 5599 :6
1671 5548 1729 5599 ἐν
1753 5548 1819 5618 τῇ

242 5632 459 5703 διανοίᾳ
507 5650 623 5687 σου.
678 5634 793 5687 οὐκ
842 5633 958 5685 ἐστι
1007 5629 1115 5701 γάρ
1148 5628 1376 5701 ἀληθείᾳ
1409 5629 1547 5701 αῦτη
1580 5631 1613 5701 ή
1647 5629 1821 5692 νόσος.

261 5718 628 5790 Ὠμολόγησεν
657 5714 752 5774 οῦν
781 5717 921 5789 αὐτῇ
966 5716 1028 5769 :6
1057 5716 1204 5769 κατά
1250 5712 1825 5769 Κωνσταντινούπολιν

251 5802 403 5873 αὐτῷ
448 5804 679 5877 συμϐάν.
720 5803 882 5873 Λέγει
923 5798 1073 5872 αὐτῷ
1125 5801 1158 5870 ή
1220 5801 1542 5871 μακαρῖτις·
1601 5798 1701 5863 Δός
1735 5816 1825 5868 μοι

1928 3272 2034 3326 καὶ
2078 3275 2145 3343 τῇ
2210 3273 2355 3343 χειρὶ
2401 3272 2570 3335 ὦσας,
2628 3272 2862 3342 ήνοιξεν,
2910 3274 3376 3347 ἐπικαλεσάμενος
3416 3279 3509 3332 τδν

1927 3356 2183 3426 Χριστόν.
2232 3356 2483 3409 Τοσαῦτα
2512 3356 2865 3427 ἐμαστιγώθη
2894 3352 3049 3422 οὗτος
3074 3359 3180 3412 ὑπὸ
3211 3360 3507 3431 δαιμόνων,

1926 3441 2022 3494 καὶ
2064 3440 2318 3493 τοσοῦτον
2352 3440 2511 3493 ἔλαϐε
2560 3444 2757 3509 πεῖραν
2802 3440 3074 3511 δαιμόνων
3102 3444 3398 3512 ποικίλων,
3430 3446 3509 3507 ὡς

1930 3525 2005 3595 μὴ
2040 3524 2237 3595 ῥᾳδίως
2265 3523 2488 3586 τούτους
2520 3523 2916 3595 ἀριθμηθῆναι.
2949 3526 3064 3578 Ἑνὶ
3092 3526 3148 3578 δὲ
3178 3526 3289 3580 τῶν
3310 3529 3507 3581 ἑαυτοῦ

1928 3608 2187 3678 μαθητῶν
2212 3608 2281 3660 :6
2307 3608 2445 3678 μετά
2468 3608 2601 3661 δέκα
2625 3607 2770 3660 ὀκτὼ
2797 3608 2893 3679 ἐτη
2917 3610 3309 3679 συμϐησόμενα
3330 3612 3506 3682 τούτῳ

1928 3697 2155 3761 προεῖπε
2189 3692 2386 3754 πάντα,
2416 3692 2536 3745 κατ’
2562 3687 2702 3754 εἶδος
2730 3693 3115 3763 προφητεύσας
3146 3694 3317 3764 αὐτῷ.
3351 3695 3507 3748 Ἐλε-

1924 3792 2019 3844 γεν
2041 3776 2097 3829 δὲ
2130 3777 2158 3828 6
2195 3776 2465 3846 μακάριος
2501 3770 2679 3839 οὗτος,
2714 3776 2798 3829 6::
2831 3776 2949 3844 Ἀφ’
2983 3769 3045 3829 οῦ
3074 3776 3372 3830 κατέλαϐον
3400 3777 3502 3849 τήν

1924 3860 2150 3928 ἑρημον,
2186 3860 2246 3911 οὐ
2282 3859 2562 3930 θριδακίου
2592 3859 2841 3929 ἡψάμην,
2870 3859 2930 3913 οὐ
2961 3860 3386 3930 λεπτολαχάνου,
3439 3865 3513 3916 οὐκ

1925 3943 2134 4014 χλωροῦ
2161 3960 2328 4008 τινος,
2351 3943 2453 3995 οὐκ
2480 3941 2723 4013 ὀπώρας,
2745 3943 2807 3996 οὐ
2834 3943 3133 4012 σταφυλῆς,
3165 3947 3224 3997 οὐ
3250 3945 3503 4017 λουτροῦ,

1922 4031 1983 4082 οὐ
2010 4030 2210 4100 κρεῶν.
2236 4031 2336 4083 οὐκ
2360 4030 2547 4100 ἄρτου,
2581 4030 2681 4083 οὐκ
2720 4029 2886 4097 οῐνου,
2916 4030 3025 4083 οὐδ’
3057 4031 3193 4094 ὅλως
3217 4031 3364 4093 τινὸς
3392 4033 3504 4085 τῶν

1924 4114 2013 4168 διὰ
2043 4116 2211 4187 πυρὸς
2239 4115 2625 4184 διερχομένων,
2660 4112 2797 4182 πλὴν
2831 4115 3012 4185 ῥητῶν
3037 4115 3287 4185 λαχάνων
3310 4117 3512 4187 ὠμῶν,

1922 4201 2017 4253 καὶ
2039 4199 2314 4269 ἐμμέτρου
2342 4198 2555 4261 ὓδατος.
2581 4198 2674 4260 Είς
2700 4196 2929 4269 ὕστερον
2950 4197 3008 4250 δέ
3026 4198 3104 4269 τῷ
3132 4199 3515 4272 ἑκκαιδεκάτῳ

1924 4283 2035 4336 ἐτει
2061 4281 2162 4351 τῆς
2193 4281 2487 4346 πολιτείας,
2513 4282 2611 4351 τῆς
2637 4281 2765 4335 ἄνευ
2789 4282 2959 4352 πυρὸς
2988 4281 3287 4352 ἑψήματος,
3318 4282 3503 4337 λοιπὸν

1925 4364 2115 4437 χρείαν
2140 4364 2367 4433 ἐχούσης
2397 4362 2561 4417 αὐτοῦ
2592 4364 2691 4433 τῆς
2721 4366 2923 4436 σαρκὸς
2952 4365 3040 4421 διά
3068 4366 3165 4439 τὴν
3193 4368 3501 4435 ἀσθένειαν,

1927 4450 2019 4503 καὶ
2042 4449 2141 4519 τὴν
2164 4447 2258 4501 τοῦ
2285 4448 2552 4518 στομάχου
2579 4448 2915 4518 ἀνωμαλίαν,
2940 4450 3034 4504 τοῦ
3066 4452 3505 4523 μεταλαμϐάνειν

1925 4534 2011 4587 διὰ
2060 4531 2254 4603 πυρὸς,
2299 4530 2465 4601 ἄρτου
2522 4533 2621 4602 μὲν
2680 4533 2878 4604 ἥψατο,
2926 4534 3110 4587 οὐκέτι
3154 4536 3213 4589 δέ
3258 4536 3505 4606 λαχάνων

1851 4595 1896 4651 Ῑ)
1930 4595 2642 4688 μετελάμϐανεν-ἐφημένων
2664 4635 2678 4651 '
2704 4595 2825 4673 ἀλλ’
2910 4620 3176 4689 πτισάνης
3199 4622 3232 4691 ἦ
3261 4595 3506 4691 ὀσπρίων

1928 4702 2020 4754 ἐπὶ
2048 4699 2141 4753 δύο
2168 4700 2283 4769 ἐτη.
2332 4699 2421 4752 Ἐν
2453 4700 2663 4764 τούτοις
2708 4703 2937 4773 τελευτᾷ
2967 4703 3029 4755 :6
3069 4704 3228 4773 σῶμα
3258 4707 3286 4758 6
3322 4708 3503 4775 μακά-

1925 4802 2061 4857 ριος,
2112 4784 2210 4854 τὴν
2251 4783 2428 4853 ψυχὴν
2480 4786 2822 4854 ζωοποιήσας
2869 4784 2947 4854 τῷ
2995 4786 3137 4857 ἀγίῳ
3184 4788 3461 4858 Πνεύματι
3488 4807 3503 4821 ·

1922 4870 2257 4939 κοινωνήσας
2287 4870 2353 4938 τῇ
2386 4869 2548 4937 ἑορτῇ
2578 4866 2687 4920 τῶν
2730 4868 3067 4937 Ἐπιφανίων
3088 4872 3147 4923 ἐν
3175 4874 3241 4941 τῇ
3274 4872 3507 4941 Ἐκκλη-

1924 4956 2035 5025 σίᾳ.
2099 4953 2388 5020 ’Λφηγείτο
2450 4949 2543 5003 οῦν
2598 4953 2730 5021 ἡμῖν
2770 4951 2800 5003 6
2831 4955 3081 5019 γενναῖος
3132 4954 3228 5006 τοῦ
3264 4956 3505 5026 Χριστοῦ

1922 5036 2159 5107 ἀθλητὴς
2185 5037 2317 5106 περὶ
2338 5037 2427 5087 τὸν
2449 5034 2701 5097 θάνατον,
2725 5036 2807 5089 ὅτι
2833 5036 3030 5107 Τρίτον
3057 5036 3174 5101 ἔτος
3197 5038 3306 5109 έχω
3332 5039 3426 5107 ἀφ’
3442 5033 3505 5092 οὗ

1922 5121 2105 5175 οὐκέτι
2154 5118 2406 5189 ώχλήθην
2458 5118 2565 5171 ὑπὸ
2611 5118 2910 5189 ἐπιθυμίας
2949 5124 3238 5193 σαρκικῆς.
3274 5124 3335 5176 EE
3365 5125 3508 5193 μετά

1921 5206 2178 5260 τοσοῦτον
2208 5202 2413 5272 ἀρετῆς
2445 5202 2559 5273 βίον
2600 5205 2699 5257 καὶ
2727 5205 3013 5275 ᾰσκήσεως
3055 5207 3215 5262 πόνον
3245 5210 3503 5279 ἄμετρον,
3566 5262 3569 5267 η

1924 5291 2019 5345 καὶ
2061 5289 2230 5343 κόπον
2266 5288 2714 5357 ἀκαμπέστατον,
2764 5289 2858 5342 καὶ
2884 5291 3196 5362 προσευχὴν
3229 5294 3507 5363 νήφουσαν

1931 5374 2302 5438 ἀδιάλειπτον,
2344 5372 2440 5426 καὶ
2468 5372 2562 5424 ἐπὶ
2602 5371 2857 5426 τοσοῦτον
2889 5374 3246 5444 ὀλμισόκαλος
3280 5378 3373 5431 καὶ
3421 5376 3504 5429 δι-

1930 5458 2273 5529 εφθαρμένος
2303 5457 2515 5527 δαίμων
2544 5456 2721 5528 τούτῳ
2746 5458 2824 5528 τῷ
2845 5458 2978 5529 ὁσίῳ
3007 5459 3310 5524 ἐπέθετο,τί
3326 5460 3509 5514 τοίνυν

1931 5543 2163 5613 πάσχειν
2192 5544 2319 5604 τοὺς
2349 5540 2757 5612 ρᾳθυμοτέρους
2777 5541 3004 5612 οἰόμεθα
3024 5542 3129 5595 ὐπό
3143 5542 3237 5596 τοῦ
3259 5545 3506 5615 μυσαροῦ

1926 5624 2263 5696 δαίμονος,ή
2294 5625 2399 5678 ὑπὸ
2426 5625 2525 5694 τῆς
2565 5624 2759 5678 ἐαυτοῦ
2819 5625 3113 5694 ἀμελείας;
3148 5625 3393 5697 ἐμηνύθη
3426 5627 3507 5697 τῷ

1928 5710 2071 5781 ἁγίῳ
2101 5708 2278 5778 τούτῳ
2300 5708 2431 5761 ποτὲ
2463 5708 2740 5778 ήτελευτή
2773 5707 2866 5761 τοῦ
2895 5709 3087 5762 ἑαυτοῦ
3106 5710 3362 5781 πατέρος.
3396 5711 3509 5765 Καὶ

1927 5792 2180 5864 λέγειτῷ
2214 5792 2629 5863 ἀναγγείλαντι,
2661 5792 2874 5849 Παῦσαι
2902 5794 3273 5865 βλασφημῶν
3323 5796 3353 5849 ό
3393 5795 3510 5867 γὰρ
