4040 6584
272 311 405 369 H97

1481 288 1799 370 HISTORIA
1840 314 2191 371 LAUSIACA.

3374 325 3507 380 “98

270 433 531 487 tisstmum
560 439 612 488 et
646 429 1084 503 perfectissimum
1121 429 1241 483 vitae
1272 420 1573 483 institutum
1607 427 1830 499 insignis
1857 430 1907 487 Α
1939 426 2014 481 illi
2057 426 2162 480 vim
2211 424 2446 479 facerent
2496 432 2555 478 ut
2590 423 2697 478 illic
2738 418 3075 486 comederet,
3112 434 3217 475 non
3253 422 3425 492 potuit
3455 424 3506 479 in

269 520 493 586 Evagrii.

756 589 979 646 CAPUT
1038 586 1341 645 LXXXVII.

706 700 822 754 Vita
847 701 1038 754 abbatis
1068 699 1194 753 Pior
1228 698 1401 767 (1'58).

340 788 562 858 Quidam
590 789 712 846 Pior
733 794 949 847 nomine
983 790 1177 863 (Ra/72,
1213 793 1250 845 ι.
1286 806 1362 854 ιιι,
1396 807 1448 843 n.
1482 789 1584 855 ὄις
1617 789 1829 860 Pelag.,

269 883 428 938 fibsff.
472 898 542 949 iv,
587 900 641 937 η.
673 882 786 953 Si),
827 882 1109 954 Egyptius
1136 898 1357 953 genere,
1401 892 1558 938 (etate
1600 882 1831 952 juvenis,

266 990 387 1030 cum
418 976 615 1029 mundo
646 970 1023 1040 renuntiasset,
1064 975 1196 1031 exiit
1221 990 1252 1029 e
1281 974 1441 1029 domo
1471 984 1733 1044 paterna;
1779 986 1832 1031 et

269 1075 488 1135 propter
518 1066 777 1136 insignem
820 1080 1054 1122 amorem
1100 1066 1414 1137 spiritalem,
1464 1067 1576 1121 Deo
1606 1076 1691 1121 est
1712 1081 1834 1136 pro-

272 1158 445 1215 fessus
469 1172 529 1214 se
558 1158 759 1213 nullum
789 1174 858 1215 ex
882 1159 992 1214 suis
1011 1159 1249 1214 visurum
1278 1158 1525 1227 amplius.
1558 1159 1830 1228 Quinqua-

266 1251 410 1317 ginta
449 1261 582 1318 ergo
611 1256 731 1318 post
760 1249 933 1316 anuis,
966 1264 1123 1304 soror
1149 1249 1264 1319 ejus
1295 1264 1415 1319 quae
1452 1258 1830 1317 consenuerat,

267 1347 321 1390 et
349 1337 416 1391 ab
454 1336 634 1407 aliquo
664 1338 953 1393 resciverat
992 1337 1209 1392 fratrem
1238 1353 1388 1392 suum
1416 1337 1625 1405 vivere,
1654 1338 1830 1393 venie-

268 1427 358 1481 bat
382 1427 435 1480 in
466 1426 660 1482 mentis
691 1438 882 1482 emota;
911 1429 1238 1497 periculum,
1271 1429 1374 1483 nisi
1406 1429 1576 1498 ipsum
1605 1429 1829 1485 videret.

266 1516 397 1569 Cum
425 1526 602 1572 autem
634 1531 739 1572 non
775 1529 954 1585 posset
987 1520 1173 1574 venire
1215 1520 1265 1573 in
1303 1529 1507 1574 vastum
1540 1519 1832 1585 desertum,

266 1606 470 1672 r0gavit
512 1606 654 1662 illius
679 1608 781 1663 Ioci
812 1610 1119 1678 episcopum
1150 1619 1207 1665 ut
1235 1610 1492 1666 scriberet
1522 1611 1590 1665 ad
1617 1621 1834 1666 sanctos

268 1693 451 1749 Patres
475 1696 563 1764 qui
592 1705 747 1750 erant
772 1698 824 1751 iu
850 1697 1154 1765 solitudine,
1183 1707 1242 1752 ut
1270 1699 1439 1767 ipsum
1466 1699 1757 1766 mitterent,
1781 1708 1837 1754 et

1937 516 2168 569 animum
2196 514 2468 581 inducere,
2496 512 2680 568 dicens
2708 529 2722 565 :
2753 512 2975 580 Propter
3001 510 3140 579 quod
3172 511 3365 568 missus
3389 527 3508 568 sum

1937 605 2087 676 (141)
2118 605 2218 659 hoc
2259 603 2453 659 factum
2495 610 2594 657 est.
2618 601 2712 656 liae
2738 609 2864 655 sunt
2901 615 2989 656 res
3013 601 3353 656 admirabiles
3381 601 3511 656 Pior

1939 696 2208 764 praeclara:
2237 696 2499 749 columna:
2528 694 2859 757 tolerantiae;
2891 702 2943 746 ct
2984 693 3067 746 hic
3108 703 3190 747 est
3221 691 3341 747 finis
3369 693 3511 748 illius

1936 785 2180 850 virtutis,
2206 784 2294 853 qui
2335 799 2431 853 pro
2460 797 2640 837 amaro
2670 783 2812 837 fonte
2862 782 3053 835 fruimr
3100 789 3355 851 perpetuo
3386 782 3511 836 dul-

1935 875 2141 931 cedinis
2167 875 2364 930 fluento
2393 889 2511 929 cum
2545 887 2734 942 magno
2760 873 2982 941 spiritali
3014 871 3208 941 gaudio

2443 984 2668 1041 CAPUT
2701 982 2984 1039 LXXXIX.

2332 1072 2451 1126 Vita
2480 1072 2675 1125 abbatis
2704 1070 2912 1125 Chronii
2950 1068 3125 1139 (142).

2006 1163 2233 1230 Quidam
2270 1162 2360 1233 qui
2388 1163 2662 1218 dicebatur
2682 1163 2972 1224 Chronius,
3003 1178 3064 1215 ex
3110 1161 3229 1216 vico
3259 1158 3348 1228 qui
3373 1157 3507 1212 dioi-

1938 1263 2021 1306 tur
2050 1251 2270 1307 thnix
2294 1293 2309 1317 ,
2341 1267 2460 1308 cum
2489 1268 2518 1306 a
2549 1267 2646 1307 suo
2678 1254 2793 1306 vico
2824 1251 2916 1322 qui
2955 1262 3038 1304 est
3071 1264 3234 1319 prope
3262 1247 3504 1303 solitudi-

1936 1359 2079 1412 nem,
2098 1358 2311 1398 mensus
2332 1353 2476 1398 esset
2495 1343 2798 1412 quindecim
2819 1342 2985 1395 millia
3010 1356 3257 1408 passuuttt
3282 1340 3507 1393 dextero

1937 1434 2073 1505 pede
2120 1444 2547 1498 numeratorum,
2583 1431 2689 1487 illic
2728 1440 2970 1501 precatus
3007 1430 3138 1484 fodit
3176 1439 3425 1499 puteum;
3457 1440 3513 1484 et

1935 1540 2056 1580 cum
2109 1540 2298 1595 aquam
2346 1523 2631 1578 invenisset
2673 1524 2957 1592 optimam,
2991 1538 3108 1590 qua:
3150 1522 3199 1574 in
3241 1521 3507 1587 profundo

1935 1617 2119 1671 aberat
2153 1626 2361 1685 septem
2388 1617 2545 1687 ulnis,
2579 1614 2686 1669 illic
2714 1628 2925 1682 quoque
2956 1612 3054 1665 sibi
3080 1610 3361 1664 azdilicavit
3389 1627 3528 1679 par—-

1934 1723 2059 1762 vum
2092 1708 2455 1777 hospitiolum.
2498 1708 2564 1763 Et
2589 1722 2653 1761 ex
2696 1720 2799 1773 quo
2834 1705 2923 1757 die
2952 1704 3188 1770 seipsum
3234 1703 3528 1756 collocavit‘

262 1798 384 1839 eum
414 1786 634 1842 videret.
679 1788 809 1842 Cum
839 1803 970 1857 ergo
998 1789 1047 1843 ei
1074 1790 1156 1845 vis
1184 1803 1372 1859 magna
1403 1789 1703 1855 aii‘erretur,
1731 1790 1836 1845 Pa-

1943 1800 1993 1855 in
2024 1800 2370 1867 monasterio,
2408 1801 2574 1855 Deum
2620 1798 2825 1869 rogavit
2868 1813 2933 1851 ne
2961 1804 3313 1850 reverteretur
3352 1795 3404 1848 in
3437 1795 3515 1848 lo-

265 1877 434 1932 tribus
463 1878 739 1943 obediens,
765 1879 948 1935 statuit
978 1894 1086 1935 uno
1107 1881 1214 1935 alio
1242 1888 1540 1950 assumpto,
1573 1881 1751 1946 abire;
1785 1892 1839 1937 et

268 1969 586 2037 significavit
625 1969 803 2025 domui
836 1972 1040 2026 sororis
1073 1972 1287 2026 fratrem
1330 1985 1482 2025 suum
1520 1972 1643 2027 Pior
1677 1972 1839 2027 adve-

276 2061 410 2124 nire,
444 2069 499 2116 et
532 2058 663 2116 foris
689 2073 852 2117 stare.
893 2061 1025 2119 Cum
1056 2075 1232 2117 autem
1263 2064 1523 2119 sensisset
1558 2064 1838 2132 strepitum

270 2150 417 2217 ostii,
433 2158 490 2207 et
511 2152 650 2220 quod
671 2151 787 2221 ejus
811 2167 965 2208 soror
979 2152 1027 2208 ei
1048 2155 1249 2209 veniret
1269 2153 1502 2219 obviam,
1526 2153 1669 2220 Pior,
1694 2154 1840 2207 clau-

263 2239 342 2295 sis
370 2239 568 2303 oculis.
610 2241 856 2296 clamavit
884 2240 950 2296 ad
978 2242 1145 2312 ipsam
1169 2258 1184 2297 :
1208 2243 1252 2298 0
1281 2256 1435 2297 soror
1460 2243 1550 2307 N.,
1592 2258 1691 2312 ego
1717 2257 1835 2297 sum

267 2332 393 2386 Pior
426 2331 588 2388 frater
614 2342 759 2399 tuus,
786 2350 884 2405 ego
909 2348 1026 2390 sum
1052 2352 1067 2388 ε
1100 2349 1246 2399 ecce,
1285 2334 1438 2401 vide,
1466 2336 1645 2403 aspice
1666 2351 1835 2404 quan-

263 2434 375 2479 tum
400 2426 553 2480 velis.
587 2426 681 2479 Illa
717 2441 845 2496 ergo
878 2425 1014 2482 facta
1047 2430 1247 2481 certior
1288 2427 1452 2481 Deum
1492 2427 1833 2496 glorificavit,

259 2523 461 2571 etcum
496 2518 659 2571 multa
689 2516 942 2583 fecisset,
982 2532 1089 2572 non
1126 2518 1307 2586 potuit
1344 2518 1394 2572 ei
1426 2518 1745 2586 persuadere
1778 2527 1836 2573 ut

260 2603 476 2660 domum
510 2607 917 2676 ingrederetur:
967 2607 1064 2662 sed
1094 2610 1337 2662 oratione
1377 2608 1513 2662 facta
1545 2608 1596 2661 in
1630 2607 1837 2674 limine,

265 2710 517 2751 reversus
546 2706 629 2751 est
663 2697 716 2751 in
751 2697 1116 2762 solitudinem,
1168 2699 1436 2767 propriam
1481 2697 1701 2765 patriam
1733 2697 1839 2752 illic

260 2786 361 2841 sibi
391 2788 586 2843 virtute
624 2803 963 2856 comparans.
1003 2788 1114 2843 Hoc
1140 2788 1257 2857 ejus
1298 2786 1465 2843 fertur
1494 2788 1837 2855 miraculum,

260 2886 404 2948 quod
433 2896 551 2934 cum
588 2880 810 2936 fudisset
838 2882 891 2936 in
935 2881 1055 2936 Ioco
1084 2896 1240 2951 quem
1281 2880 1584 2946 aedificavit,
1638 2881 1840 2935 invenit

261 2987 453 3037 aquam
494 2974 905 3039 amarissimam,
944 2984 1000 3029 et
1036 2973 1211 3029 donec
1253 2974 1511 3040 decessit,
1559 2967 1839 3039 illic'per-

264 3063 482 3129 tnansit,
500 3071 782 3118 contentus
799 3062 1027 3117 inventis
1048 3062 1485 3118 amaritudinibus
1500 3076 1650 3131 aqum
1666 3060 1837 3131 (159),

266 3162 325 3207 ιιι
352 3153 602 3221 generosi
640 3152 800 3223 hujus
831 3154 1109 3208 tolerantia
1146 3154 1525 3208 innotesceret.
1568 3151 1714 3206 Multi
1744 3166 1838 3204 au-
1865 3141 1913 3205 C

264 3254 373 3300 tem
398 3246 643 3300 monachi
672 3254 794 3315 post
814 3246 929 3315 ejus
957 3257 1182 3301 mortem
1206 3260 1326 3299 cum
1371 3247 1424 3300 in
1452 3245 1585 3301 cella
1625 3260 1841 3298 manere

262 3335 692 3400 contendissent,
726 3350 833 3390 non
873 3344 1162 3405 potuerunt
1198 3351 1361 3391 unum
1404 3351 1602 3390 annum
1641 3334 1694 3389 id
1721 3335 1836 3389 eili-

262 3438 409 3480 cere.
443 3426 533 3479 Est
575 3425 719 3481 enim
746 3426 894 3481 locus
932 3426 1220 3493 terribilis,
1252 3436 1308 3482 et
1347 3426 1556 3481 alienus
1585 3427 1653 3479 ab
1694 3425 1839 3479 omni

266 3516 652 3571 consolatione.

764 3586 987 3642 CAPUT
1019 3586 1351 3643 LXXXVIII.

562 3696 679 3752 Vita
704 3698 900 3752 abbatis
922 3698 1118 3769 Μουκία
1143 3698 1320 3767 (140)
1350 3697 1547 3768 Libyci.

401 3811 610 3884 Moyses
743 3813 976 3886 Libycus
1094 3810 1191 3864 fuit
1255 3811 1334 3864 vir
1391 3810 1730 3877 mitissimus,
1794 3822 1846 3867 et

271 3898 498 3952 maxima
518 3899 781 3953 clnaritate
803 3899 1086 3968 praeditus:
1103 3899 1147 3953 is
1171 3900 1358 3969 dignus
1383 3900 1688 3955 esthabitus
1705 3901 1847 3955 dono

267 3992 624 4044 curationum.
675 3991 723 4045 is
750 3990 850 4045 hoc
881 3991 1118 4045 narravit
1142 4006 1157 4043 :
1181 3990 1237 4045 in
1266 3991 1627 4058 monasterio,
1647 3992 1844 4061 inquit,

267 4097 415 4136 eram
440 4082 593 4135 valde
617 4080 828 4150 juvenis
851 4120 865 4145 ,
897 4090 953 4135 et
978 4080 1242 4135 fodiebam
1273 4081 1561 4135 maximum
1595 4092 1807 4149 puteum
1830 4122 1842 4145 ,

269 4170 434 4225 latum
466 4171 650 4241 viginti
700 4171 862 4239 pedes
896 4189 907 4223 :
940 4170 993 4225 in
1018 4185 1084 4225 eo
1108 4185 1227 4224 cum
1257 4178 1365 4224 tres
1390 4170 1506 4225 dies
1532 4170 1848 4225 {odissemus

268 4262 371 4315 viri
401 4265 689 4332 octoginta,
720 4270 774 4316 et
802 4276 991 4315 venam
1019 4271 1355 4328 consuetam,
1386 4270 1442 4316 et
1469 4276 1590 4331 quas
1617 4262 1846 4330 aspicie-

271 4352 429 4406 batur
458 4353 855 4407 transiissemus
875 4353 1020 4407 circa
1048 4352 1317 4420 cubitum,
1347 4367 1537 4422 aquam
1565 4366 1671 4406 non
1701 4355 1849 4406 inve-

272 4445 471 4501 rtimus.
495 4445 687 4515 Magna
724 4458 853 4513 ergo
888 4442 1063 4498 affecti
1103 4443 1344 4498 molestia
1371 4484 1387 4509 ,
1417 4443 1848 4497 deliberabamns

273 4536 343 4592 de
369 4537 675 4593 desistendo
707 4537 775 4591 ab
818 4549 980 4602 Opere
1007 4552 1021 4601 ;
1052 4534 1287 4604 dumque
1324 4534 1392 4589 de
1417 4549 1483 4589 eo
1520 4533 1848 4588 deliberare-

276 4641 424 4691 mus,
454 4627 518 4681 ad
547 4641 645 4681 nos
686 4627 975 4680 adveniens
1012 4624 1137 4678 Pior
1174 4640 1240 4678 ex
1269 4632 1417 4677 vasta
1445 4623 1765 4687 solitudine,
1794 4622 1848 4679 in

274 4718 387 4786 ipsa
428 4728 578 4772 sexta
604 4715 731 4770 hora
761 4725 923 4769 astus
941 4754 957 4779 ,
986 4728 1107 4769 cum
1153 4723 1295 4769 esset
1325 4727 1486 4768 senex
1513 4713 1728 4767 indutus
1753 4728 1847 4767 sua

274 4808 416 4878 pelle
445 4807 603 4862 ovilla
626 4849 641 4872 ,
672 4816 725 4861 et
754 4820 874 4861 cum
906 4820 1002 4860 nos
1041 4807 1363 4867 salutasset,
1390 4804 1517 4858 dicit
1551 4803 1701 4858 nobis
1732 4813 1850 4871 post

275 4900 649 4955 salutationem
678 4914 692 4952 :
718 4898 854 4962 Quid
880 4898 1115 4952 animum
1147 4894 1437 4965 abjecistis,
1464 4894 1706 4949 homines
1736 4909 1850 4948 mo-

276 4992 411 5046 dicte
439 4988 598 5044 fidei?
640 4988 752 5043 vidi
776 4990 915 5042 cnim
944 5001 1042 5041 vos
1078 4987 1185 5055 jam
1215 4986 1282 5039 ab
1314 4984 1564 5039 hesterno
1586 4983 1673 5039 die
1702 4982 1831 5052 abje

276 5081 419 5136 cisse
464 5080 721 5134 animum.
764 5078 913 5145 Quod
957 5092 1077 5130 cum
1102 5076 1361 5139 dixisset,
1393 5076 1447 5129 in
1485 5075 1624 5143 putei
1650 5075 1846 5129 fossam

278 5172 456 5225 statim
487 5170 700 5225 demisit
730 5171 932 5232 scalas,
964 5177 1019 5221 et
1038 5181 1158 5221 cum
1186 5169 1264 5222 eis
1288 5168 1413 5221 facit
1440 5166 1764 5230 orationem;
1796 5173 1851 5219 et

278 5272 499 5329 accepto
536 5264 709 5327 ligone
730 5303 743 5324 ,
776 5269 830 5313 et
860 5260 1014 5313 tertio
1058 5260 1164 5312 ictu
1204 5259 1420 5312 incusso
1445 5298 1460 5321 ,
1503 5257 1639 5310 dixit
1667 5274 1677 5309 :
1710 5256 1851 5310 Deus

281 5366 586 5407 sanctorum
620 5351 1059 5418 patriarcharum,
1092 5366 1158 5404 ne
1192 5351 1397 5404 irritum
1427 5358 1482 5403 et
1510 5348 1751 5404 inutilem
1772 5347 1853 5402 fe-

279 5432 422 5497 ceris
464 5442 696 5496 laborem
747 5456 1019 5494 servorum
1063 5449 1273 5494 tuorum
1299 5481 1314 5506 ,
1357 5438 1453 5493 sed
1493 5441 1640 5493 mitte
1668 5440 1732 5492 ad
1759 5452 1851 5493 eos

283 5549 436 5588 IlSlllll
468 5548 640 5601 aquae.
678 5534 742 5587 Et
770 5535 946 5585 statim
976 5546 1109 5597 aqua
1153 5530 1281 5585 exiit
1307 5570 1321 5593 ,
1349 5540 1408 5582 ut
1445 5543 1542 5582 nos
1573 5543 1760 5582 omnes
1790 5542 1849 5580 ea

281 5638 703 5692 aspergeremur.
736 5622 800 5676 Et
828 5635 946 5675 cum
978 5635 1162 5673 rursus
1192 5627 1418 5683 orasset,
1452 5618 1600 5681 abiit,
1625 5618 1811 5672 dicens
1836 5633 1848 5667 :

284 5716 393 5771 Huc
421 5716 489 5771 de
515 5730 672 5771 causa
696 5715 888 5770 missus
913 5728 1052 5768 sum.
1078 5712 1137 5768 Et
1162 5722 1343 5781 aperta
1375 5718 1477 5765 est.
1513 5711 1641 5765 Cum
1675 5716 1850 5762 autem

1941 1907 2063 1947 cum
2085 1893 2172 1961 qui
2196 1892 2484 1947 habitatur.
2508 1891 2638 1945 Cum
2681 1891 2831 1960 pauci
2861 1900 3037 1942 autem
3064 1887 3190 1941 anni
3222 1886 3511 1955 praeteriis-

1939 1994 2079 2047 sent,
2102 1985 2290 2054 dignus
2337 1984 2434 2039 fuit
2480 1984 2690 2039 habitus
2735 1983 3104 2053 presbyteratu
3125 2024 3140 2048 ,
3170 1981 3382 2036 circiter
3410 1989 3511 2036 du-

1939 2086 2215 2130 centorum
2256 2074 2491 2129 virorum
2542 2076 2682 2128 circa
2715 2075 2887 2143 ipsum
2917 2083 3232 2143 congregata
3266 2072 3512 2126 fraterni—

1941 2176 2066 2220 tate.
2092 2166 2215 2219 Iimc
2243 2180 2371 2234 ergo
2396 2167 2567 2221 fertur
2588 2166 2702 2234 ejus
2719 2165 2883 2219 virtus
2906 2162 3298 2218 exercitationis
3316 2203 3330 2227 ,
3354 2160 3495 2229 quod

1938 2272 2059 2310 cum
2086 2258 2357 2326 sexaginta
2384 2256 2537 2310 annis
2559 2270 2667 2309 arat
2693 2254 2979 2309 assedisset
3000 2253 3225 2320 fungens
3254 2250 3503 2305 sacerdo-

1940 2347 2013 2400 tio
2032 2387 2047 2411 ,
2079 2362 2184 2400 non
2213 2360 2458 2415 egressus
2486 2355 2569 2401 est
2613 2362 2643 2399 e
2670 2345 2880 2399 deserto
2900 2385 2915 2410 ,
2962 2359 3065 2398 non
3098 2353 3245 2398 extra
3272 2341 3507 2397 laborent

1940 2452 2191 2492 manuum
2221 2437 2457 2493 comedit
2484 2452 2691 2506 panem.

2521 2544 2743 2602 CAPUT
2790 2544 2898 2601 XC.

2445 2637 2561 2691 Vita
2592 2637 2784 2691 abbatis
2815 2636 3016 2691 Jacobi.

2009 2730 2139 2785 Cum
2168 2744 2234 2785 eo
2261 2728 2519 2783 habitavit
2554 2730 2768 2798 quidam
2794 2728 2961 2785 Jacob
2983 2744 3015 2783 e
3050 2727 3240 2781 vicinis
3259 2767 3273 2792 ,
3305 2727 3391 2795 qui
3415 2740 3513 2781 co-

1940 2824 2283 2895 gnominatus
2322 2830 2406 2878 est
2427 2822 2693 2888 Claudus,
2722 2822 2801 2876 vir
2823 2835 3028 2876 summa
3051 2820 3349 2888 cognitione
3378 2835 3513 2889 prae—

1940 2915 2102 2970 ditus.
2133 2914 2296 2968 Erant
2312 2923 2488 2968 autem
2511 2914 2669 2967 ambo
2688 2914 2796 2966 noti
2830 2912 2982 2967 beato
3003 2905 3255 2966 Antonio.

2526 3026 2752 3083 CAPUT
2790 3024 2928 3079 XCI.

2166 3120 2283 3174 Vita
2317 3119 2509 3173 abbatis
2547 3116 2831 3186 Paphnutii
2862 3115 3086 3186 Cephala
3109 3114 3287 3184 (145).

2015 3211 2146 3265 Cum
2177 3225 2302 3278 ergo
2328 3209 2557 3279 quodam
2587 3208 2675 3263 die
2712 3208 3052 3263 convenisset
3075 3206 3236 3261 etiam
3272 3205 3518 3276 Paphnu-

1946 3300 2050 3354 tius
2084 3302 2164 3353 vir
2193 3300 2450 3354 mirabilis
2481 3299 2571 3369 qui
2601 3298 2877 3353 dicebatur
2904 3298 3155 3365 Cephala,
3188 3295 3276 3366 qui
3298 3298 3538 3365 quidettt

1948 3387 2129 3443 habuit
2171 3392 2367 3443 donum
2413 3389 2730 3456 cognitionis
2777 3388 3074 3442 divinarum
3115 3385 3515 3453 Scripturarum

1946 3481 2153 3536 Veteris
2181 3491 2235 3536 et
2256 3482 2385 3535 Novi
2415 3481 2763 3545 Testamenti,
2795 3494 2982 3535 omnes
3005 3493 3095 3534 eas
3118 3479 3475 3547 interpretans
3497 3519 3514 3545 ,

1949 3588 2065 3627 cum
2100 3590 2202 3627 non
2242 3574 2455 3642 legisset
2499 3573 2836 3641 Scripturas:
2869 3582 2982 3626 erat
3009 3580 3186 3625 autem
3215 3572 3349 3639 adeo
3400 3585 3520 3624 rno-

1949 3662 2154 3728 destus,
2189 3671 2245 3715 ut
2282 3662 2480 3716 celaret
2514 3664 2759 3715 virtutem
2790 3660 3176 3729 propheticam.
3208 3660 3279 3714 De
3304 3676 3411 3728 quo
3432 3661 3514 3714 di-

1948 3753 2109 3816 (‘itur,
2140 3753 2279 3821 quod
2328 3752 2594 3822 octoginta
2644 3752 2799 3804 anuis
2844 3766 2948 3805 non
2982 3751 3165 3805 habuit
3193 3750 3350 3804 simul
3382 3752 3515 3806 duas

1951 3845 2174 3895 tunicas.
2206 3841 2334 3896 Cum
2378 3857 2480 3895 una
2514 3841 2610 3896 hos
2640 3841 3075 3895 convenissemus
3101 3881 3117 3905 ,
3148 3855 3247 3910 ego
3284 3850 3336 3896 et
3376 3840 3523 3896 beati

1950 3933 2155 3988 diaconi
2180 3933 2435 4001 Evagrius
2449 3941 2501 3986 et
2515 3932 2739 3986 Albinus
2755 3972 2768 3995 ,
2787 3931 3156 4001 quaerebamus
3177 3932 3320 3985 scire
3334 3945 3524 3986 causas

1950 4021 2170 4079 fratrum
2200 4025 2289 4094 qui
2313 4023 2626 4079 decidebant
2642 4023 2721 4076 vel
2753 4023 3064 4077 labebantur
3091 4022 3376 4079 inhonesta
3390 4024 3520 4080 vita.

2539 4112 2763 4170 CAPUT
2796 4113 2948 4167 XCII.

2530 4204 2606 4259 De
2633 4205 2943 4259 Cheremone

2023 4298 2234 4353 Accidit
2261 4297 2407 4351 enim
2445 4294 2550 4350 illis
2580 4295 2771 4350 diebus
2794 4305 2852 4349 ut
2881 4294 3178 4349 Cherenton
3205 4295 3526 4350 exercitator

1950 4391 2144 4446 sedens
2171 4388 2494 4455 decederet,
2524 4395 2579 4442 et
2618 4386 2949 4441 inveniretur
2976 4395 3219 4442 mortuus
3246 4387 3442 4443 sedens
3473 4387 3527 4442 iu

1878 4509 1924 4567 ο
1953 4482 2204 4538 cathedra
2229 4519 2245 4545 ,
2277 4488 2534 4533 ettenens
2562 4491 2696 4546 opus
2725 4475 2777 4529 in
2806 4476 3061 4529 manibus.

2509 4567 2734 4624 CAPUT
2789 4567 2973 4623 XCIII.

2615 4659 2694 4715 De
2715 4660 2840 4715 alio.

2024 4755 2234 4811 Accidit.
2279 4754 2441 4809 etiam
2502 4760 2560 4807 ut
2602 4752 2736 4806 alios
2789 4751 2955 4806 frater
3007 4750 3211 4807 fodiens
3267 4757 3479 4817 puteum
3519 4787 3535 4811 ,

1954 4848 2271 4902 obrueretur
2292 4858 2322 4897 a
2352 4851 2533 4914 puteo.

2518 4929 2745 4987 CAPUT
2793 4928 2972 4982 XCIV.

2605 5022 2675 5076 De
2701 5022 2819 5075 alio.

2031 5119 2231 5174 Accidit
2258 5117 2419 5172 etiam
2452 5124 2511 5170 ut
2539 5115 2672 5169 alius
2702 5114 2932 5168 veniens
2961 5127 2987 5165 a
3024 5111 3182 5166 Sccte
3212 5155 3225 5180 ,
3254 5111 3342 5165 siti
3382 5124 3530 5181 aqua:

1958 5221 2273 5266 lllOl‘Cl‘ClUl‘.

2526 5292 2752 5351 CAPUT
2807 5293 2962 5349 XCV.

2352 5410 2428 5463 De
2470 5407 2733 5477 Stephano
2783 5405 2925 5474 lapso
2969 5403 3139 5475 (144).

2033 5527 2174 5581 inter
2222 5538 2355 5595 quos
2410 5518 2945 5577 commemoravimus
2972 5517 3129 5570 ctiam
3168 5513 3535 5581 Stephanum,

1962 5618 2051 5687 qui
2082 5618 2132 5670 in
2165 5627 2369 5684 turpem
2398 5615 2575 5683 lapsus
2614 5620 2695 5665 est
2724 5606 3182 5677 intemperantiam
3209 5645 3225 5671 ,
3257 5616 3309 5659 et
3337 5603 3535 5658 Eucar-

1968 5726 2141 5780 ptum,
2176 5720 2225 5764 et
2258 5710 2519 5762 Heronem
2549 5702 2976 5758 Alexandrinum
3041 5709 3097 5755 et
3125 5698 3402 5754 Valentem
3432 5696 3532 5753 Pa-
