4040 6592
650 326 785 381 1199

2112 334 2427 389 PALLADll
3704 356 3795 415 mo

660 460 945 551 laetitiam,
975 474 1030 551 ος
1055 464 1393 518 Ptolomaeum
1419 463 1720 534 .Egyptiutn
1749 464 1837 533 qui
1867 471 1980 517 eral.
2006 461 2056 514 in
2077 459 2209 514 Sce-
2240 464 2288 516 A
2319 465 2461 510 tuum
2488 455 2656 525 (Ρεαι.
2687 456 2808 525 49)?
2840 457 3034 551 Eorum
3063 458 3203 551 enim
3232 461 3420 551 anima:
3437 461 3520 529 qui
3546 464 3666 520 vitiis
3686 469 3788 527 labs.

656 558 707 604 te
728 550 769 603 ¹.
819 550 985 605 Simul
1036 568 1163 621 ergo
1209 554 1506 623 rogavimus
1559 568 1800 623 quamam
1843 561 2211 615 8886103053.

660 639 802 705 quod
839 642 927 708 qui
954 645 1030 695 sic
1055 645 1239 698 vivunt
1267 646 1316 697 in
1346 645 1649 711 solitudine,
1678 658 1741 699 ex
1779 645 1843 697 iis
1885 643 1972 696 alii
2001 642 2210 709 quidem

662 736 840 784 mente
860 731 1218 798 decipiuntur,
1261 735 1349 788 alii
1391 750 1516 789 vero
1556 744 1835 803 erumpunt
1868 733 1920 786 in
1956 734 2213 798 intempe-

659 821 904 873 rantiam.
934 819 1044 875 Hoc
1071 837 1198 890 ergo
1218 838 1526 891 responsum
1555 822 1707 877 nobis
1734 823 1991 877 dederunt
2019 832 2069 875 et
2092 836 2211 874 cum

657 907 763 962 illis
788 920 1003 964 sanctus
1028 912 1376 980 Paphnutius,
1407 913 1485 966 vir
1505 913 1733 966 maxima
1753 911 2054 980 cognitione
2076 924 2213 978 pra:-

653 999 797 1054 ditus
829 1019 841 1052 :
877 1001 1213 1068 Quaacunque
1241 1001 1372 1055 ﬁunt
1397 1043 1409 1066 ,
1444 1003 1494 1055 in
1524 1002 1628 1055 duo
1667 1001 1995 1067 dividuntur,
2028 1001 2078 1053 in
2118 999 2212 1054 Dei

654 1090 925 1160 placitum,
974 1099 1026 1144 et
1071 1090 1165 1146 Dei
1216 1093 1634 1160 permissionem.
1666 1093 1837 1159 Atque
1885 1105 2214 1160 quascunque

651 1181 863 1248 quidem
896 1179 1027 1233 ﬁunt
1049 1196 1113 1232 ex
1145 1181 1342 1234 virtute
1366 1182 1431 1234 ad
1465 1181 1552 1233 Dei
1580 1181 1799 1249 gloriam
1824 1221 1839 1245 ,
1868 1193 1931 1234 ea
1952 1179 2083 1232 fiunt
2114 1178 2213 1232 Dei

652 1270 847 1339 placito
881 1288 895 1321 :
929 1285 1046 1338 qua:
1084 1284 1210 1323 vero
1239 1269 1520 1334 damnosa,
1550 1269 1849 1340 periculosa
1869 1310 1883 1334 ,
1915 1278 1968 1323 et
1995 1284 2111 1337 quae
2134 1268 2213 1321 in-

651 1359 878 1412 t'ortunia
902 1371 953 1413 et
975 1374 1128 1414 casus
1151 1360 1456 1429 important,
1479 1375 1541 1414 ea
1567 1361 1696 1413 liunt
1724 1359 1813 1413 Dei
1844 1359 2208 1428 permissione.

652 1450 939 1505 l’ermissio
958 1460 1136 1505 autem
1167 1467 1228 1505 ex
1260 1463 1495 1519 egestate
1523 1453 1762 1517 rationis,
1792 1451 1870 1504 vel
1902 1451 2212 1506 inﬁdelitate

648 1552 832 1593 eorum
864 1540 951 1607 qui
981 1541 1323 1594 deseruntur.
1350 1540 1489 1593 Fieri
1522 1540 1665 1594 enim
1698 1554 1801 1593 non
1840 1549 2008 1606 potest
2046 1549 2099 1593 ut
2122 1541 2209 1606 qui

649 1628 735 1695 pie
754 1629 882 1683 vivit
901 1642 952 1683 et
975 1641 1117 1685 recte
1139 1631 1353 1700 cogitat,
1376 1629 1573 1684 incidat
1599 1630 1650 1683 in
1704 1629 2005 1698 ignominia:
2036 1631 2211 1698 lapsus

648 1720 728 1771 vel
770 1720 1077 1787 imposturae
1116 1721 1439 1775 daemonum.
1488 1718 1796 1789 Quicunque
1856 1735 1982 1790 ergo
2038 1736 2208 1789 pravo

2316 557 2469 610 rant,
2494 556 2618 600 sunt
2666 562 2852 601 revera
2898 548 3122 600 diversis
3155 547 3383 602 fontibus
3416 552 3669 610 assimiles.
3697 559 3787 618 Nam

2312 636 2402 704 qui
2432 635 2708 704 suntgulte
2727 644 2781 688 et
2810 636 2933 688 vino
2962 634 3124 688 dediti
3149 676 3164 698 ,
3191 635 3457 690 lutulentis
3483 638 3708 709 fontibus;
3730 654 3789 715 qui

2312 741 2439 779 vero
2481 735 2729 781 tenentur
2766 726 2987 778 avaritia
3021 735 3074 778 et
3104 725 3252 791 plura
3289 723 3507 781 habendi
3540 732 3788 799 cupiditate,

2313 813 2550 868 fontibus
2578 829 2737 867 ranas
2768 815 3111 874 habentibus;
3139 814 3302 867 invidi
3330 825 3521 884 autem,
3549 821 3625 885 qui
3651 820 3792 879 habent

2313 902 2664 970 aptitudinem
2687 904 3028 972 cognitionis,
3052 903 3279 957 fontibus
3295 914 3555 973 serpentes
3574 909 3790 981 alentibus,

2314 990 2364 1043 in
2392 991 2584 1059 quibus
2600 1006 2810 1061 semper
2832 992 3053 1047 ﬂuctuat
3073 992 3204 1046 ratio
3223 1008 3238 1058 ;
3264 1004 3529 1064 propterea
3548 1000 3666 1066 quod
3682 1016 3789 1057 nmo

2314 1084 2486 1136 haurit
2530 1097 2597 1137 ex
2643 1082 2809 1151 ipsis,
2842 1093 3057 1153 propter
3103 1098 3310 1139 morum
3362 1087 3697 1156 acerbitatem,
3734 1098 3789 1149 vel

2312 1183 2525 1241 propter
2568 1172 2878 1240 iujustarum
2923 1176 3189 1229 actionum
3220 1174 3457 1232 odorem.
3487 1178 3702 1244 Quocirca
3724 1186 3788 1237 tria

2312 1274 2459 1331 rogat
2486 1264 2645 1317 David
2675 1279 2703 1316 a
2738 1266 2847 1319 Deo
2868 1265 3070 1331 doceri,
3104 1267 3416 1332 bonitatem,
3438 1276 3488 1323 et
3512 1269 3789 1339 disciplinam,

2313 1361 2365 1403 et
2392 1352 2747 1421 cognitionem
2776 1351 2795 1421 (
2813 1352 2957 1407 Psal.
2990 1352 3208 1423 cxvut).
3242 1354 3373 1409 Nam
3414 1356 3598 1425 absque
3622 1360 3790 1418 bonitate

2311 1440 2541 1506 cognitio
2570 1448 2653 1493 est
2675 1439 2904 1503 inutilis;
2928 1428 2989 1495 ἐι
3015 1442 3060 1496 si
3097 1451 3371 1497 correctus
3398 1444 3595 1512 quidem
3629 1447 3791 1505 fueritis

2311 1526 2399 1593 qui
2444 1536 2525 1579 est
2573 1528 2875 1596 hujusmodi
2903 1569 2919 1595 ,
2970 1530 3207 1597 deposita
3258 1545 3416 1584 causa
3469 1532 3787 1601 derelictionis,

2312 1630 2503 1682 nempe
2531 1619 2853 1685 arrogantia,
2876 1626 2931 1670 et
2954 1620 3299 1684 assumpserit
3322 1620 3663 1689 humilitatem,
3683 1630 3789 1679 ειευὶ

2312 1710 2523 1761 modum
2552 1711 2883 1778 cognoverit,
2920 1724 3091 1778 neque
3118 1709 3375 1764 adversus
3410 1711 3681 1778 aliquemse
3700 1717 3786 1770 ele-

646 1821 808 1873 scopo
828 1822 889 1861 ac
916 1808 1159 1862 instituto
1180 1850 1194 1873 ,
1224 1824 1414 1876 nempe
1444 1818 1501 1862 ut
1525 1809 1822 1863 hominibus
1849 1809 2123 1877 placeant,
2155 1819 2208 1863 et
2239 1812 2241 1869 ζ

2190 1819 2208 1863 ι
2239 1810 2284 1870 Β
2312 1813 2454 1862 rens,
2482 1808 2537 1852 ct
2565 1799 2673 1852 Deo
2697 1814 2857 1868 agens
2879 1799 3095 1867 gratias,
3120 1799 3186 1853 ad
3214 1815 3337 1853 eum
3366 1814 3540 1854 rursus
3560 1808 3785 1869 revertitur,

645 1898 912 1963 arroganti
943 1898 1285 1965 cogitatione,
1307 1898 1553 1951 virtutem
1577 1898 1822 1951 videntur
1843 1898 2076 1966 aggredi,
2105 1898 2136 1950 ii
2158 1900 2212 1952 in

653 2002 812 2044 casus
857 1990 1129 2057 incidunt,
1175 1991 1284 2044 Deo
1364 2004 1459 2044 eos
1531 1988 1816 2043 deserente
1889 1989 1954 2042 ad
2022 2004 2209 2042 eorum

648 2082 958 2149 utilitatem;
1006 2092 1062 2136 ut
1098 2097 1217 2138 cum
1261 2097 1355 2150 per
1408 2082 1807 2136 derelictionem
1865 2082 2208 2135 mutationem

645 2171 936 2235 senserint,
980 2181 1073 2224 aut
1111 2171 1437 2239 propositum
1467 2209 1481 2234 ,
1512 2180 1602 2223 aut
1634 2170 1893 2223 actionem
1919 2170 2206 2239 corrigant.

646 2260 776 2314 Nam
826 2260 1107 2329 aliquando
1135 2259 1346 2329 quidem
1392 2270 1573 2328 peccat
1600 2258 1928 2327 propositum
1955 2302 1969 2321 ,
1999 2259 2210 2327 quando

648 2354 704 2404 lit
735 2351 875 2405 malo
912 2365 1098 2420 scopo;
1132 2360 1184 2402 ut
1223 2364 1364 2417 sepe
1420 2348 1612 2402 accidit
1639 2350 2071 2416 intemperantem
2094 2364 2207 2416 pra-

648 2458 714 2495 v0
756 2457 918 2511 scapo
975 2443 1150 2496 facere
1208 2440 1600 2510 eleemosynam
1672 2440 1724 2494 in
1784 2440 2209 2494 adolescentulas

645 2538 863 2598 propter
894 2538 1098 2598 turpem
1128 2528 1324 2582 linem:
1354 2536 1407 2582 et
1430 2529 1692 2582 actionem
1720 2543 1839 2583 esse
1865 2530 2052 2584 rationi
2082 2545 2211 2583 con-

643 2630 974 2685 sentaneam,
998 2628 1056 2673 ut
1071 2619 1347 2689 orphanaz,
1377 2627 1431 2673 et
1452 2635 1569 2688 qua:
1594 2629 1880 2674 exercetur
1909 2624 2206 2686 monachae,

641 2713 771 2766 dare
798 2712 1073 2767 auxilium.
1100 2710 1309 2765 Accidit
1333 2718 1511 2764 autem
1543 2719 1688 2765 recto
1710 2725 1920 2781 quoque
1946 2726 2111 2779 scopo
2133 2712 2206 2766 fa-

640 2817 764 2857 cere
808 2802 1202 2870 eleemosynam
1229 2841 1243 2863 ,
1274 2801 1329 2854 in
1378 2807 1606 2868 aegrotos
1650 2801 1729 2854 vel
1766 2815 1860 2855 eos
1896 2800 1985 2869 qui
2035 2800 2207 2856 eversi

638 2900 764 2945 sunt
789 2892 940 2945 bonis
960 2932 976 2957 ,
1009 2892 1092 2945 vel
1123 2905 1216 2944 eos
1244 2889 1333 2959 qui
1366 2902 1760 2944 consenuerunt
1788 2908 1801 2941 :
1831 2892 1922 2944 sed
1960 2905 2117 2959 parce
2154 2898 2208 2945 et

637 2994 758 3034 cum
784 2980 1232 3044 murmuratione;
1263 2990 1317 3034 et
1341 2995 1459 3033 esse
1485 2995 1704 3049 scopum
1730 2980 1941 3049 quidem
1970 2991 2169 3035 rectum
2186 3021 2204 3046 ,

635 3072 900 3126 actionem
924 3080 1103 3127 autem
1135 3085 1299 3138 scopo
1323 3070 1614 3140 indignam.
1637 3071 1861 3139 Oportet
1882 3070 2021 3125 enim
2045 3072 2205 3125 mise-

2313 1903 2431 1957 qua:
2487 1888 2787 1942 testimonio
2836 1886 3060 1942 fulcitur
3105 1889 3359 1958 cognitio.
3405 1890 3657 1946 Orationes
3688 1898 3785 1947 enim

2312 1976 2601 2045 spiritales,
2629 1992 2747 2045 qua:
2767 1993 2868 2031 non
2900 1977 3092 2032 habent
3111 1979 3270 2032 vitam
3295 1980 3557 2035 honestam
3576 1991 3622 2036 et
3645 1993 3788 2051 tempe-

2310 2076 2514 2120 rantem
2535 2066 2692 2119 simul
2716 2068 3057 2135 equitantem,
3082 2076 3204 2121 sunt
3239 2068 3401 2137 spica:
3431 2085 3543 2138 quae
3562 2087 3587 2124 a
3602 2084 3725 2127 vento
3741 2076 3789 2128 in-

2311 2165 2536 2222 tereunt,
2561 2171 2677 2225 qua:
2696 2156 2889 2210 habent
2912 2158 3123 2226 quidem
3142 2159 3409 2226 spicarum
3430 2158 3725 2230 ﬁguram,setl
3743 2167 3787 2216 ab

2309 2248 2388 2302 eis
2417 2258 2656 2317 ereptum
2686 2258 2768 2302 est
2802 2248 3135 2302 alimentum.
3164 2252 3353 2305 Omnis
3380 2267 3502 2321 ergo
3530 2252 3788 2322 lapsus,site

2311 2340 2404 2392 fiat
2426 2354 2521 2409 per
2546 2340 2802 2408 linguam,
2826 2338 2939 2393 sive
2970 2355 3063 2406 per
3088 2354 3328 2405 sensum,
3358 2343 3468 2396 sive
3492 2359 3575 2410 per
3596 2346 3785 2411 actiones,

2308 2430 2421 2484 sive
2443 2444 2537 2497 per
2558 2438 2722 2482 totum
2757 2443 2972 2497 corpus,
3005 2431 3395 2484 convenienter
3435 2433 3709 2499 proportioni
3731 2448 3787 2486 ar-

2308 2523 2582 2590 rogantiae,
2615 2522 2673 2574 lit
2715 2535 2808 2590 per
2837 2520 2930 2575 Dei
2957 2521 3367 2576 derelictionem
3404 2525 3642 2591 parcentis
3663 2526 3711 2577 iis
3726 2526 3786 2592 qui

2307 2612 2766 2682 derelinquuntur.
2813 2613 2868 2669 Si
2907 2613 3049 2667 enim
3074 2628 3193 2667 cum
3228 2616 3783 2683 intemperantia,eorum

2307 2718 2517 2771 quoque
2537 2704 2751 2757 bonitati
2780 2702 2974 2772 ingenii
2999 2703 3256 2758 Dominus
3284 2706 3461 2758 tulerit
3484 2708 3782 2771 testimonium,

2306 2794 2694 2862 suppeditando
2732 2794 3110 2864 eloquentiam,
3152 2795 3427 2851 daemones
3453 2797 3583 2865 ipsos
3606 2798 3707 2851 facit
3725 2812 3785 2851 ως

2308 2887 2510 2954 perbia,
2539 2902 2598 2941 se
2621 2888 2938 2942 extollentes
2965 2902 3084 2941 cum
3110 2888 3464 2942 immunditia.

2376 2977 2502 3031 Haec
2528 2993 2738 3047 quoque
2763 2979 3015 3033 dicebant
3046 2979 3200 3033 nobis
3230 2980 3285 3034 hi
3316 2982 3479 3034 sancti
3506 2982 3609 3044 viri,
3630 2992 3674 3036 et
3693 2985 3785 3051 opti-

2306 3068 2376 3121 mi
2407 3067 2592 3123 Patres
2621 3086 2635 3122 :
2658 3084 2778 3123 cum
2794 3068 3031 3123 videritis
3042 3070 3270 3138 aliquem
3296 3070 3399 3122 vita
3418 3070 3609 3138 quidem
3627 3086 3785 3138 perver-

637 3163 901 3218 ricordem
925 3162 1167 3217 misereri
1198 3163 1249 3215 in
1280 3162 1549 3216 hilaritate
1577 3170 1629 3215 et
1651 3161 1912 3230 largitate.
1940 3161 2049 3215 Hoc
2071 3176 2199 3230 quo-
2225 3162 2273 3225 ο
2304 3170 2443 3220 Sum,
2470 3158 2708 3212 oratione
2723 3167 2898 3211 autem
2920 3165 3099 3224 aptum
3126 3159 3190 3210 ad
3220 3160 3641 3226 persuadendum,
3660 3172 3785 3213 recor-

635 3266 738 3320 que
765 3250 977 3306 dicebat
1009 3266 1023 3303 :
1059 3252 1114 3304 In
1158 3250 1338 3304 multis
1384 3249 1578 3302 animis
1607 3260 1729 3303 sunt
1774 3250 1926 3305 dotes
1962 3253 2202 3320 quaedam

636 3341 917 3410 praecipua:
939 3380 955 3405 ,
988 3341 1041 3393 in
1068 3339 1187 3393 aliis
1214 3338 1427 3408 quidem
1473 3339 1680 3393 bonitas
1724 3340 1918 3408 ingenii
1946 3356 1961 3404 ;
1991 3339 2052 3393 in
2082 3339 2202 3393 aliis

634 3449 764 3487 vero
794 3431 1035 3501 aptitudo
1059 3430 1126 3484 ad
1166 3430 1634 3494 exercitationem;
1665 3430 1759 3484 sed
1784 3432 1996 3500 quando
2018 3448 2121 3485 non
2143 3432 2204 3487 lit

635 3533 854 3593 propter
882 3525 1053 3592 ipsum
1085 3522 1281 3577 bonum
1311 3530 1366 3575 et
1386 3535 1449 3575 ex
1478 3520 1657 3575 divino
1682 3535 1843 3589 scopo
1868 3560 1884 3585 ,
1917 3537 2087 3590 neque
2113 3536 2204 3575 ac-

630 3617 728 3683 tio,
759 3629 932 3684 neque
960 3614 1155 3683 ingenii
1186 3613 1414 3678 bonitas,
1439 3627 1611 3681 neque
1642 3611 1679 3666 ii
1707 3613 1794 3682 qui
1825 3613 1976 3666 dotes
2002 3613 2201 3666 habent

633 3708 947 3777 praecipuas,
977 3720 1081 3760 non
1111 3705 1365 3760 bonorum
1386 3705 1557 3758 datori
1588 3704 1699 3758 Deo
1731 3705 2080 3772 ascribentes,
2105 3708 2198 3761 sed

631 3797 918 3853 suolibero
942 3796 1187 3860 arbitrio,
1214 3795 1448 3865 ingenio,
1480 3801 1535 3849 et
1559 3794 1920 3859 sufﬁcientius;
1948 3795 2037 3864 qui
2068 3798 2199 3851 tales

630 3898 776 3952 sunt,
809 3882 980 3940 relicti
1011 3899 1040 3937 a
1082 3882 1411 3950 providentia
1436 3922 1453 3947 ,
1484 3881 1719 3937 incidunt
1750 3883 1801 3936 in
1827 3882 1962 3939 facta
1994 3886 2195 3953 turpia,

631 3987 814 4044 turpes
836 3975 1227 4045 perpessiones,
1252 3973 1551 4042 prohraque
1573 3981 1625 4027 et
1646 3973 1925 4027 dedecora.
1950 3973 2194 4030 Derelicti

629 4080 881 4135 ergo,per
892 4064 1258 4119 advenientem
1278 4064 1625 4118 humilitatem
1639 4073 1693 4119 et
1706 4066 1982 4135 pudorem,
1998 4068 2195 4121 sensim

630 4158 811 4209 nescio
836 4154 1101 4223 quomodo
1126 4153 1400 4222 expellunt
1428 4154 1804 4222 arrogantiam,
1830 4171 1986 4225 quam
2010 4172 2194 4212 susce-

630 4256 817 4314 perant
842 4259 909 4299 ex
936 4260 998 4299 ea
1027 4258 1146 4313 quas
1178 4242 1344 4296 virtus
1373 4243 1717 4310 reputabatur
1742 4261 1757 4309 ;
1786 4261 1889 4299 non
1921 4246 1973 4299 in
2005 4246 2194 4314 seipsis

627 4337 813 4392 confisi
835 4336 1086 4405 amplius,
1111 4335 1203 4389 sed
1230 4335 1360 4399 Deo,
1394 4335 1481 4399 qui
1510 4347 1698 4389 cuncta
1728 4337 1966 4406 largitur,
1995 4340 2193 4392 beneﬁ-

628 4429 766 4482 cium
791 4441 885 4480 sua
909 4426 1241 4480 confessione
1266 4425 1520 4479 tribuunt.
1544 4428 1641 4491 Qui
1672 4430 1813 4481 enim
1844 4440 1922 4482 est
1953 4428 2184 4494 inﬂatus,

2309 3249 2510 3303 detnini
2538 3249 2795 3303 daemonis
2823 3248 2910 3318 qui
2947 3248 2999 3301 in
3020 3263 3168 3302 sacra
3201 3248 3474 3317 Scriptura
3500 3264 3605 3303 cum
3629 3246 3781 3302 Christo

2312 3341 2565 3408 loquitur,
2583 3348 2638 3393 et
2655 3337 2941 3393 testimonii
2954 3337 3092 3407 quod
3121 3337 3251 3392 dicit
3274 3354 3289 3391 :
3315 3339 3534 3406 Serpens
3552 3346 3781 3391 autemcnt

2314 3431 2752 3501 prudentissimus
2792 3431 3026 3485 omnium
3076 3430 3367 3485 bestiarum
3402 3447 3513 3499 qua:
3533 3442 3779 3498 erantsuper

2305 3533 2501 3577 terram
2521 3521 2760 3593 (Gemit).
2782 3523 2879 3576 Cui
2896 3523 3170 3592 prudentia
3193 3526 3367 3591 potius
3393 3524 3775 3577 detrimentumat-

2302 3613 2576 3678 tulit,cum
2597 3615 2698 3667 alia
2724 3615 2890 3668 virtus
2920 3628 3023 3667 non
3052 3624 3415 3669 concurreret.
3456 3614 3645 3685 Oportet
3682 3614 3776 3668 enim

2300 3718 2421 3759 eum
2451 3704 2541 3773 qui
2562 3713 2644 3759 est
2673 3703 2840 3759 lidelis
2865 3712 2919 3758 et
2942 3704 3109 3759 bonus
3137 3719 3212 3763 ea,
3227 3706 3439 3775 quidem
3461 3708 3619 3759 animo
3637 3705 3775 3757 sentire

2299 3809 2417 3863 qua:
2441 3796 2531 3849 dat
2558 3796 2717 3859 Deus,
2736 3793 2881 3863 loqui
2913 3803 3091 3848 autem
3114 3811 3230 3863 quae
3275 3806 3457 3858 sentit,
3486 3796 3636 3850 facere
3654 3805 3772 3847 autem

2298 3900 2418 3953 qua:
2473 3884 2726 3953 loquitur.
2760 3885 2815 3937 Si
2845 3884 2985 3938 enim
3013 3900 3133 3939 cum
3167 3888 3389 3940 veritate
3428 3888 3668 3940 verborum
3698 3898 3765 3935 non

2297 3984 2582 4030 concurrat
2614 3976 2734 4028 vita:
2758 3976 3027 4042 cognatio,
3060 3978 3211 4043 panis
3239 3984 3326 4029 est
3352 3978 3468 4029 sine
3493 3975 3609 4037 sale,
3629 3984 3672 4027 ut
3687 3974 3771 4026 dicit

2297 4069 2397 4123 Job
2421 4066 2663 4138 (Job.vt);
2692 4067 2779 4136 qui
2797 4079 2879 4121 est
2902 4079 3079 4121 autem
3104 4069 3245 4131 talis,
3271 4069 3489 4121 minime
3510 4068 3771 4119 comedetur:

2295 4159 2433 4228 qnod
2461 4158 2505 4211 si
2523 4159 2683 4212 etiam
2711 4156 3277 4225 comedatnr,conjicit
3301 4172 3420 4219 eum
3440 4156 3523 4224 qui
3546 4154 3771 4210 comedit'ut

2295 4251 2485 4304 malam
2517 4248 2897 4303 habitudinem.
2922 4248 2977 4302 Si
2990 4249 3301 4302 comedetur
3326 4250 3485 4309 enim,
3504 4245 3770 4314 inquit,panis

2293 4344 2411 4395 sine
2436 4342 2567 4406 sale,
2587 4341 2700 4395 etsi
2730 4352 2810 4394 est
2842 4350 3025 4410 gustus
3055 4339 3105 4391 in
3137 4340 3316 4393 verbis
3347 4339 3597 4401 inanibus,
3625 4336 3701 4390 hoc
3720 4348 3771 4388 ett

2299 4450 2405 4488 non
2447 4433 2514 4487 ad
2556 4433 2836 4487 utilitatem
2862 4431 3046 4500 (“5),
3077 4431 3315 4498 impletis
3344 4431 3587 4483 bonorum
3615 4439 3771 4494 operum

627 4517 717 4585 qui
744 4518 811 4568 de
858 4515 1091 4568 bonitate
1122 4516 1333 4583 inquam
1382 4516 1579 4583 ingenti
1608 4515 1844 4577 effertur.
1870 4526 1923 4571 et
1962 4519 2069 4571 Deo
2088 4534 2191 4572 non
2222 4521 2272 4579 D
2301 4522 2624 4577 testimonio.
2676 4521 3086 4575 Derelictionum
3125 4536 3253 4588 ergo
3284 4522 3463 4588 pltnes
3495 4528 3601 4572 sunt
3618 4530 3770 4572 causa:

629 4590 846 4661 ascribit
867 4604 1153 4658 bonitatem
1188 4603 1411 4672 ingenii,
1444 4621 1614 4672 neque
1642 4620 1759 4658 eam
1788 4622 1904 4673 qua:
1943 4609 2040 4661 sibi
2071 4624 2195 4678 sup-

629 4701 894 4768 peditatur
939 4698 1314 4768 cognitionem,
1370 4699 1462 4752 sed
1528 4700 1609 4753 vel
1652 4715 1761 4753 sua:
1809 4703 2166 4757 exercitationi

628 4793 711 4847 vel
768 4801 1000 4857 naturae,
1039 4790 1253 4846 abducit
1297 4790 1363 4843 ab
1412 4805 1477 4845 eo
1534 4791 1672 4846 Deus
1727 4794 1972 4862 angelum
2021 4798 2194 4865 provi-

625 4883 855 4947 dentiae,
886 4882 1007 4935 huic
1046 4882 1232 4949 gratiae
1284 4881 1609 4949 prtefectum.
1651 4883 1765 4948 Quo
1794 4899 2002 4952 averso,
2035 4901 2191 4954 supe-

626 4983 772 5027 ratus
792 4988 821 5025 a
848 4973 1048 5026 viribus
1070 4972 1362 5027 adversarii
1392 4973 1435 5025 is
1460 4974 1546 5041 qui
1575 4973 1788 5028 effertur
1807 4975 1878 5029 ob
1902 4976 2189 5033 bonitatem

626 5063 825 5132 ingenii
851 5102 866 5125 ,
898 5062 1083 5116 incidit
1112 5062 1163 5115 in
1208 5062 1666 5130 intemperantiam
1698 5074 1915 5133 propter
1960 5068 2191 5122 insolen-

625 5160 773 5221 tiam,
801 5166 859 5210 ut
886 5155 1057 5209 ablata
1082 5163 1216 5208 teste
1241 5154 1612 5222 temperantia,
1638 5172 1739 5209 non
1766 5156 2044 5212 videantur
2073 5174 2189 5213 cre-

623 5249 805 5304 dibilia
836 5262 955 5315 quae
974 5246 1225 5299 dicuntur
1253 5246 1320 5299 ah
1347 5246 1499 5312 ipsis,
1528 5246 1847 5316 fugientibus
1872 5249 1972 5315 piis
2002 5250 2190 5303 doctri-

623 5355 747 5395 nam
778 5354 896 5408 qua:
919 5353 983 5391 ex
1027 5336 1117 5390 tali
1146 5351 1237 5389 ore
1282 5336 1554 5405 procedit,
1589 5346 1834 5407 tanquam
1866 5339 2062 5394 fontem
2096 5342 2186 5408 qui

620 5442 791 5487 scatet
838 5430 1188 5491 hirudinibus,
1222 5440 1279 5482 ut
1306 5429 1582 5496 impleatur
1618 5432 1759 5500 quod
1788 5433 2039 5501 scriptum
2061 5444 2182 5489 est:

627 5524 898 5578 i‘eccatori
926 5531 1102 5576 autem
1122 5522 1253 5575 dixit
1278 5522 1414 5575 Deus
1444 5538 1456 5572 :
1480 5520 1585 5575 Cur
1612 5531 1664 5575 tu
1694 5538 1912 5578 enarras
1933 5525 2188 5594 juStilica-

627 5615 800 5670 tiones
837 5628 984 5669 meas
1006 5655 1022 5682 ,
1055 5621 1110 5668 et
1136 5612 1362 5668 assumis
1402 5619 1772 5666 testamentum
1802 5629 1977 5670 meum
2009 5632 2102 5683 per
2128 5632 2190 5672 os

2301 4630 2402 4667 una
2433 4613 2647 4682 quidem
2679 4622 2763 4666 est
2792 4622 2852 4665 ut
2881 4614 3045 4664 virtus
3072 4612 3343 4665 oetultata
3372 4611 3718 4667 manilestetur,
3738 4614 3774 4656 Il

2297 4706 2463 4758 virtus
2491 4703 2625 4766 Job,
2656 4702 2766 4757 Deo
2814 4702 3178 4770 respondente
3225 4713 3281 4756 et
3308 4700 3517 4755 dicente
3551 4696 3651 4765 (106
3684 4693 3771 4762 tt):

2296 4798 2372 4851 Ne
2392 4796 2602 4864 rejicias
2620 4793 2878 4862 judicium
2909 4807 3105 4857 meum,
3141 4807 3316 4858 neque
3348 4802 3496 4860 putes
3517 4804 3590 4842 me
3611 4786 3684 4839 tibi
3708 4782 3772 4835 ali-

2299 4896 2378 4943 ter
2407 4888 2765 4955 respondisse,
2800 4886 2895 4940 sed
2948 4897 3002 4938 ut
3044 4885 3217 4953 justus
3263 4895 3553 4951 apparens;
3592 4893 3641 4934 es
3678 4876 3773 4929 enim

2297 4980 2426 5034 mihi
2452 4988 2610 5032 notus
2634 4979 2721 5045 qui
2767 4978 2887 5030 ncvi
2929 4975 3168 5039 occulta,
3212 4983 3268 5028 et
3298 4972 3545 5042 profunda
3571 4965 3774 5036 cogitatio-

2297 5087 2420 5126 num
2479 5072 2687 5124 intueor
2738 5070 3113 5123 humanarum.
3161 5067 3265 5123 Sed
3306 5068 3545 5136 quoniam
3584 5056 3775 5130 ignoratis

2294 5164 2362 5217 ab
2393 5162 2697 5215 hominibus
2725 5200 2741 5224 ,
2780 5159 3119 5227 suspicantur
3163 5158 3305 5211 enim
3350 5166 3682 5221 nonnunquam
3719 5160 3774 5197 me

2295 5271 2324 5307 a
2358 5265 2412 5309 te
2442 5253 2547 5308 coli
2573 5263 2791 5321 propter
2819 5251 3049 5313 divitias,
3077 5250 3197 5305 ideo
3221 5248 3322 5303 feci
3361 5256 3429 5301 ut
3456 5248 3505 5300 in
3544 5236 3772 5310 hujuswoli

2295 5358 2477 5399 casum
2509 5342 2795 5396 incideres.
2830 5341 3103 5395 Demessui
3123 5339 3359 5405 divitias,
3391 5348 3446 5391 ut
3470 5332 3701 5390 ostendam
3722 5326 3772 5379 eis

2295 5446 2439 5489 tuam
2490 5433 2783 5503 gratiarum
2835 5430 3093 5485 actionem
3147 5440 3203 5485 et
3264 5427 3646 5498 philosophiam.
3694 5417 3772 5473 Alit

2294 5536 2470 5582 autem
2504 5532 2721 5594 propter
2761 5521 3102 5577 avertendam
3149 5521 3469 5590 superbiam,
3498 5518 3619 5573 utin
3644 5510 3772 5567 Paulo.

2298 5619 2554 5673 Relictus.
2567 5624 2651 5670 est
2675 5613 2819 5668 enim
2846 5612 3039 5665 Paulus
3060 5611 3269 5665 casibus
3288 5653 3301 5677 ,
3330 5620 3386 5665 et
3410 5608 3705 5678 colaphorttn
3719 5600 3774 5652 il-

697 5732 716 5763 ¹
749 5730 827 5786 De
854 5732 1084 5798 llerone,
1115 5745 1290 5800 supra,
1317 5746 1433 5786 can.
1459 5729 1545 5783 32.
1596 5730 1671 5792 De
1698 5731 1934 5793 Valente,
1979 5749 2133 5805 stupra
2164 5778 2177 5799 ,
2219 5752 2338 5808 cap.
2360 5736 2446 5792 51.
2485 5736 2556 5788 De
2589 5729 2899 5797 Ptolomaeo,
2928 5742 3111 5798 supra,
3143 5741 3261 5797 cap.
3298 5726 3387 5780 35.
