4112 6546
346 343 484 411 1201

1572 353 1941 415 HISTORIA
1982 352 2374 421 LAUSIACA.

3473 368 3613 436 1202

337 464 595 520 εὐδοκίαν
617 463 775 559 Θεοῦ,
801 467 895 520 καὶ
927 467 1296 559 συγχώρησιν.
1328 470 1472 524 Ὅσα
1503 472 1683 524 τοίνυν
1715 472 1922 539 γίνεται
1953 474 1997 527 Δ
2028 472 2161 559 γαῖςΔ
2198 473 2365 559 ὄφεις
2378 479 2728 547 τρεφούσαις,
2774 476 2864 547 αἷς
2901 481 2988 535 ἀεὶ
3029 483 3338 555 ἐνλιμνάζει
3360 486 3391 538 6
3417 487 3609 559 λόγος,

338 550 465 605 κατ’
523 550 726 622 ἀρετὴν
773 554 855 614 εἰς
900 551 1061 616 δόξαν
1113 553 1207 606 τοῦ
1264 553 1437 620 Θεοῦ,
1486 555 1661 610 ταῦτα
1710 556 1921 624 γίνεται

339 636 562 708 εὐδοκία
590 634 727 690 Θεοῦ
749 654 763 669 ·
817 638 918 692 ὅσα
950 636 995 689 δ’
1031 633 1099 691 αὖ
1134 638 1298 691 πάλιν
1327 639 1595 710 ἐπιζήμια
1615 680 1631 706 ,
1661 640 1756 693 καὶ
1799 640 1922 693 ἐπι-

338 720 586 785 κίνδυνα,
617 722 711 775 καὶ
752 723 1135 794 περιστατικά,
1171 723 1343 777 ταῦτα
1379 724 1587 793 γίνεται
1617 725 1760 778 κατά
1790 742 1919 792 συγ-

338 807 587 878 χώρησιν
615 805 751 860 Θεοῦ
772 823 786 837 ·
832 810 865 876 ἠ
896 808 953 861 δέ
997 806 1341 879 συγχώρησις
1381 808 1440 874 ἐξ
1472 810 1690 879 ἀλογίας
1723 812 1756 881 ἢ
1791 814 1921 865 ἀπι-

304 895 310 899 ’
341 892 501 955 στίας
524 892 634 946 τῶν
664 894 1317 962 ἐγκαταλιμπανομένων.
1367 894 1653 947 ’Λδύνατον
1692 903 1799 967 γὰρ
1830 899 1922 952 τὸν

337 975 521 1043 ὀρθῶς
574 976 911 1046 φρονοῦντα,
949 979 1042 1031 καλ⁵
1089 977 1332 1041 εὐσεϐῶς
1380 976 1628 1047 βιοῦντα,
1683 982 1923 1048 ἐγκατα-

339 1059 671 1129 λειφθῆναι,
706 1061 801 1115 καὶ
832 1064 1150 1132 περιπεσεῖν
1197 1061 1501 1131 πταίσματι
1534 1062 1798 1134 αἰσχύνης
1821 1107 1837 1129 ,
1884 1068 1919 1137 ἢ

342 1145 524 1216 πλάνῃ
558 1144 851 1216 δαιμόνων.
883 1147 1037 1201 Ὅσοι
1077 1146 1258 1199 τοίνυν
1293 1144 1677 1217 διεφθαρμένῳ
1709 1148 1917 1219 σκοπῷ,

339 1230 374 1301 ἦ
422 1231 566 1299 νόσῳ
612 1228 1165 1301 ἀνθρωπαρεσκείας,
1205 1228 1298 1282 καὶ
1346 1229 1607 1301 αὐθαδείᾳ
1646 1232 1922 1304 λογισμῶν

343 1317 707 1388 μετέρχεσθαι
732 1317 949 1371 δοκοῦσι
969 1317 1071 1385 τὴν
1099 1317 1322 1386 ἀρετὴν,
1351 1308 1498 1368 οῦτοι
1526 1316 1619 1369 καὶ
1645 1318 1921 1388 σφάλματι

340 1404 805 1473 περιπίπτουσιν,
859 1400 953 1454 τοῦ
999 1399 1135 1454 Θεοῦ
1186 1400 1321 1471 πρὸς
1382 1400 1476 1453 τὸν
1517 1400 1738 1453 ἐκείνων
1784 1420 1918 1456 κατ-

337 1487 726 1557 εστραμμένον
758 1485 959 1539 σκοπὸν
996 1484 1569 1552 ἐγκαταλιμπάνοντος
1593 1486 1810 1553 αὐτοὺς,
1834 1489 1922 1543 ἴνα

336 1572 426 1625 διὰ
458 1571 558 1640 τῆς
608 1569 1052 1638 ἐγκαταλείψεως
1092 1567 1403 1635 αἰσθόμενοι
1440 1569 1539 1638 τὴν
1570 1570 1636 1621 ἐκ
1678 1570 1780 1638 τῆς
1827 1590 1922 1642 με-

333 1654 574 1722 ταϐολῆς
618 1654 925 1718 ἀλλοίωσιν,
962 1649 1364 1721 διορθὼσωνται
1394 1650 1427 1720 ἢ
1464 1652 1561 1720 τὴν
1588 1654 1849 1723 πρόθεσιν
1884 1657 1915 1728 ἢ

335 1740 437 1809 τὴν
471 1738 672 1807 πρᾶξιν
695 1753 709 1769 ·
747 1737 876 1790 ποτὲ
908 1737 1005 1806 μὲν
1034 1734 1143 1803 γὰρ
1174 1735 1205 1803 ὴ
1236 1732 1496 1804 πρόθεσις
1527 1736 1917 1806 ἐξαμαρτάνει,

2025 553 2278 638 καθάπερ
2342 558 2485 631 ὕδωρ
2539 561 2663 625 δζον
2715 564 2774 618 ἐν
2813 563 2998 637 λίμνῃ,
3033 566 3107 637 τῷ
3149 553 3356 638 μηδένα
3401 553 3610 626 ἐκεῖθεύ

2024 637 2199 722 ἡδέως
2224 641 2525 711 ἀρύεσθαι,
2551 644 2639 698 διά
2668 645 2770 717 τὴν
2802 650 3030 719 πικρίαν
3054 650 3148 703 τοῦ
3179 652 3363 722 ἤθους,
3398 655 3492 707 κᾶὶ
3523 656 3611 709 διὰ

2023 719 2122 791 τὴν
2154 722 2331 794 ὀσμὴν
2358 726 2468 780 τῶν
2496 729 2823 801 ἀκαθάρτων
2868 732 3144 803 πράξεων.
3190 719 3353 789 ’Ὅθεν
3380 740 3407 790 6
3448 739 3609 793 Δαϐὶδ

2024 808 2325 889 παρεκάλει
2354 811 2482 882 τρία
2515 813 2681 867 αίτῶν
2711 817 3028 887 χαρίσματα
3053 817 3206 889 παρὰ
3240 819 3336 872 τοῦ
3366 820 3502 876 Θεοῦ
3527 823 3608 876 δι-

2022 888 2316 960 δαχθῆναι,
2359 898 2744 967 χρηστότητα,
2791 900 2886 954 κα)⁵
2933 900 3216 967 παιδείαν,
3250 904 3344 956 καὶ
3381 904 3604 971 γνῶσιν.

2027 972 2189 1057 ξἈνευ
2213 976 2319 1048 γάρ
2342 980 2709 1052 χρηστότητος
2729 984 2930 1051 γνῶσις
2947 985 3217 1055 ἄχρηστος
3239 1005 3252 1017 ·
3281 988 3373 1041 καὶ
3396 988 3491 1040 ἐὰν
3511 990 3608 1057 μὲν

2021 1056 2381 1142 διορθῶσηται
2402 1065 2430 1115 6
2450 1065 2712 1130 τοιοῦτος,
2734 1066 2834 1137 τὴν
2856 1068 3037 1121 αἰτίαν
3053 1071 3151 1140 τῆς
3168 1073 3307 1139 ἐγκα
3317 1056 3609 1142 ταλείψεως

2021 1139 2382 1227 ἀποθέμαος,
2410 1148 2660 1201 τουτέστι
2683 1148 2775 1202 τὸν
2800 1149 2989 1221 τύφον,
3022 1139 3114 1205 καί
3144 1153 3391 1227 ἀναλάϐῃ
3416 1139 3608 1208 ταπει-

2022 1231 2400 1310 νοφροσύνην,
2440 1231 2536 1283 καὶ
2584 1233 2792 1303 ἐπιγνῷ
2845 1235 3038 1287 ἐαυτοῦ
3098 1238 3167 1289 τὰ
3220 1239 3428 1308 μέτρα,
3467 1241 3607 1310 μήτε

2022 1309 2167 1362 κατά
2197 1327 2342 1373 τινος
2369 1313 2751 1383 ἐπαιρόμενος,
2787 1316 2925 1371 ἀλλά
2960 1320 3056 1372 καὶ
3092 1319 3209 1387 Θεῷ
3238 1321 3603 1392 εὐχαριστῶν,

2023 1394 2386 1463 ἐπανέρχεται
2407 1396 2570 1449 πάλιν
2598 1399 2677 1460 είς
2698 1399 2862 1452 αὐτὸν
2886 1402 3240 1474 ἐμμάρτυρος
3263 1404 3486 1471 γνῶσις.
3507 1406 3606 1457 Λό-

2025 1494 2112 1545 γοι
2146 1479 2255 1547 γάρ
2288 1482 2650 1549 πνευματικοὶ
2697 1483 2812 1551 βίον
2843 1486 3041 1553 σεμνὸν
3089 1487 3184 1541 καὶ
3226 1490 3479 1557 σώφρονα
3529 1489 3606 1558 μὴ

2020 1562 2235 1633 ἔχοντες
2267 1563 2698 1629 συνιππάζοντα,
2727 1568 2956 1637 στάχυές
2982 1571 3119 1621 εἰσιν
3140 1572 3520 1642 ἀνεμόφθοροι.
3544 1576 3607 1627 τὸ

2023 1645 2125 1716 μὲν
2152 1647 2336 1717 σχῆμα
2364 1646 2616 1718 σταχύων
2646 1649 2886 1719 ἔχοντες,
2914 1652 2976 1705 τὸ
2994 1653 3048 1706 δέ
3082 1656 3347 1725 τρόφιμον
3374 1656 3475 1722 τῆς
3496 1659 3603 1726 Δη-

2025 1730 2241 1800 μήτρας
2275 1731 2704 1797 ὑποκλαπέντες.
2740 1734 2899 1789 Πᾶσα
2927 1736 3019 1788 οῦν
3046 1738 3284 1802 πτῶσις,
3317 1740 3426 1791 εῐτε
3457 1741 3490 1809 ή
3517 1740 3606 1792 διὰ

337 1825 471 1877 ποτέ
500 1824 558 1876 δέ
583 1825 616 1893 ἡ
647 1822 845 1893 πρᾶξις
870 1837 885 1851 ⁸
928 1821 1055 1873 ὅταν
1081 1820 1464 1890 διεφθαρμένῳ
1495 1822 1703 1891 σκοπῷ,
1729 1824 1761 1894 ἢ
1794 1827 1917 1881 καθ’
1950 1812 1994 1865 Β
2022 1813 2296 1883 γλώσσης,
2324 1816 2434 1868 εῖτε
2463 1818 2496 1886 ή
2526 1816 2594 1869 δι’
2623 1818 2891 1888 ὁράσεως,
2915 1820 2947 1888 ἢ
2981 1820 3170 1890 ἀκοῆς,
3203 1821 3235 1891 ῆ
3261 1823 3601 1893 ὀσφρήσεως,

334 1913 395 1965 δν
435 1912 516 1964 δεῖ
550 1912 750 1981 τρόπον
803 1908 877 1978 μὴ
906 1906 1167 1975 γένηται*
1211 1908 1348 1977 ὅπερ
1384 1908 1671 1977 συμϐαίνει
1718 1912 1919 1967 πολλά-

335 2014 446 2060 κις,
478 1996 571 2048 κα¹ι
611 1995 702 2047 τὸν
737 1993 1057 2057 ἀκόλαστον,
1105 1991 1486 2063 διεφθαρμένῳ
1514 1994 1701 2065 σκοπῷ
1743 1999 1919 2052 ποιεῖν

334 2082 437 2145 τὴν
484 2079 856 2149 ἐλεημοσύνην
908 2079 1000 2131 ἐπὶ
1034 2078 1306 2146 νεωτέρας
1349 2078 1438 2131 διά
1483 2081 1637 2142 τέλος
1671 2083 1916 2153 αἰσχρόν.

336 2161 548 2231 Ιίρᾶξιν
600 2160 654 2213 δέ
702 2158 958 2227 εὔλογον,
1016 2157 1075 2212 τὸ
1122 2158 1197 2220 ὼς
1243 2158 1453 2229 όρφανῇ
1505 2160 1597 2211 καὶ
1643 2162 1779 2233 μόνῃ
1823 2164 1919 2218 καὶ

335 2244 656 2315 ἀσκουμένῃ
708 2243 905 2297 διδόναι
958 2241 1300 2310 ἐπικουρίαν.
1364 2242 1659 2311 Συμϐαίνει
1718 2244 1776 2297 δέ
1823 2250 1918 2301 καὶ

336 2327 529 2397 σκοπῷ
570 2326 716 2397 όρθῷ
745 2328 917 2379 ποιεῖν
961 2326 1059 2394 μὲν
1085 2325 1456 2395 ἐλεημοσύνην
1495 2328 1574 2389 είς
1603 2327 1914 2395 νοσοῦντας,

331 2413 370 2484 ἢ
406 2411 815 2480 γεγηρακότας,
848 2409 882 2480 ἢ
916 2408 1341 2471 ἐκπεπτωκότας
1374 2408 1483 2461 ἀπὸ
1507 2409 1735 2463 πλούτου
1761 2429 1775 2441 ·
1802 2430 1917 2480 φει-

334 2495 521 2550 δωλαῖις
553 2494 607 2545 δὲ
630 2534 644 2553 ,
666 2493 773 2551 ,καὶ
831 2491 971 2561 μετά
998 2491 1339 2561 γογγυσμοῦ,
1373 2492 1468 2545 καὶ
1507 2488 1647 2545 εἶναι
1682 2494 1772 2547 τὸν
1818 2496 1917 2565 μὲν

337 2578 547 2633 σκοπὸν
574 2577 755 2646 ὀρθὸν,
786 2575 884 2645 τὴν
933 2574 990 2628 δὲ
1034 2574 1233 2644 πρᾶξιν
1283 2573 1378 2627 τοῦ
1411 2574 1615 2627 σκοποῦ
1668 2578 1914 2642 ἀναξίαν.

336 2665 432 2715 Δεῖ
462 2660 570 2729 γάρ
603 2660 694 2713 τὸν
744 2658 1016 2726 ἐλεήμονα
1061 2659 1118 2710 ἐν
1173 2658 1448 2727 ἱλαρότητι
1476 2658 1682 2725 ἐλεεῖν,
1724 2662 1819 2713 καὶ
1858 2664 1917 2717 ἐν

342 2746 586 2817 ἀφειδίᾳ.
618 2745 843 2811 Ἔλεγον
871 2743 927 2796 δέ
951 2743 1046 2795 καὶ
1070 2740 1229 2794 τοῦτο
1253 2742 1304 2794 οἰ
1331 2741 1500 2810 ἆγιοι,
1533 2744 1615 2796 ὄτι
1645 2744 1916 2816 Προτερή-

338 2832 490 2900 ματά
534 2832 672 2883 εἰσιν
710 2832 771 2883 ἐν
811 2827 1031 2889 πολλαῖς
1058 2827 1293 2896 ψυχαῖςο
1337 2828 1396 2880 ἐν
1419 2828 1540 2890 ταῖς
1564 2827 1685 2898 μὲν,
1718 2830 1917 2897 εὐφυΐα

332 2915 609 2979 διανοίας,
666 2915 726 2966 ἐν
776 2915 896 2977 ταῖς
948 2912 1005 2965 δὲ
1043 2910 1418 2981 ἐπιτηδειότης
1450 2912 1550 2981 τῆς
1604 2914 1912 2983 ἀσκήσεως.

345 2999 490 3059 Ἀλλ’
520 2999 649 3051 ὅταν
681 2997 755 3068 μὴ
787 2996 1013 3065 γένηται
1040 2994 1108 3047 δι’
1136 2993 1270 3046 αὐτὸ
1291 2995 1352 3046 τὸ
1380 2994 1568 3060 καλὸν,
1604 2996 1740 3066 μηδέ
1775 2998 1917 3051 κατά

331 3084 479 3136 θεῖον
509 3081 710 3135 σκοπὸν
734 3121 750 3146 ,
802 3080 944 3151 μήτε
985 3080 1049 3131 ἐκ
1076 3077 1171 3130 τοῦ
1221 3078 1640 3148 προτερήματος
1682 3081 1911 3150 πρᾶξις,

2025 1897 2058 1968 ἢ
2095 1898 2369 1967 πράξεως,
2418 1899 2529 1952 εἴτε
2567 1901 2601 1970 ἡ
2646 1900 2714 1953 δι’
2748 1902 2870 1955 ὅλου
2900 1902 2996 1954 τοῦ
3030 1904 3305 1974 σώματος,
3340 1905 3475 1974 πρὸς
3504 1905 3605 1974 τὴν

2020 1982 2312 2049 ἀναλογίαν
2333 1984 2433 2052 τῆς
2463 1983 2863 2054 ὑπερηφανίας,
2888 1985 2921 2055 ἢ
2950 1986 3051 2055 τῆς
3079 1988 3329 2056 οἰήσεως,
3365 1987 3483 2040 κατ’
3514 1989 3606 2054 ἐγ-

2021 2067 2343 2137 κατάλειψιν
2383 2068 2593 2137 γίνεται
2627 2070 2762 2123 Θεοῦ
2797 2070 3114 2141 φειδομένου
3140 2073 3246 2127 τῶν
3269 2074 3603 2142 ἐγκαταλιμ-

2022 2153 2363 2221 πανομένων.
2383 2153 2446 2206 El
2467 2152 2575 2224 γάρ
2597 2154 2735 2223 μετὰ
2757 2154 2857 2223 τῆς
2878 2155 3174 2218 ἀκολασίας
3196 2159 3290 2210 καὶ
3313 2159 3378 2228 τῇ
3406 2158 3605 2230 εὐφυΐᾳ

2020 2236 2200 2290 αὐτῶν
2233 2238 2560 2310 μαρτυρήσῃ
2596 2241 2663 2308 τῇ
2694 2239 2930 2309 χορηγίᾳ
2965 2240 3075 2292 τῶν
3102 2241 3275 2309 λόγων
3303 2242 3333 2294 6
3361 2242 3563 2313 Κύριος
3584 2284 3600 2307 ,

2019 2320 2280 2390 δαίμονας
2321 2322 2519 2384 αὐτοὺς
2567 2321 2634 2373 ἂν
2675 2322 3053 2392 ἀπεργάσαιτο
3087 2326 3482 2396 ἐπαιρομένους
3524 2325 3604 2398 τῷ

2018 2404 2173 2475 τύφῳ
2210 2405 2352 2474 μετὰ
2389 2405 2748 2475 ἀκαθαρσίας.

2092 2490 2201 2542 Καὶ
2225 2489 2397 2542 ταῦτα
2422 2490 2479 2542 δέ
2502 2489 2686 2558 ἔλεγον
2712 2492 2846 2559 ἡμῖν
2873 2492 2923 2543 οἰ
2946 2492 3083 2546 ὅσιοι
3111 2494 3303 2565 ἄνδρες
3335 2488 3478 2548 οῦτοι
3506 2495 3602 2548 καὶ

2022 2573 2235 2644 ἄριστοι
2262 2573 2370 2625 τῶν
2405 2574 2686 2644 Πατέρων·
2722 2574 2893 2627 Ὅταν
2922 2575 3091 2645 ἴδητε,
3130 2579 3299 2645 φασὶ,
3338 2578 3458 2630 τινὰ
3499 2578 3602 2647 βίῳ

2021 2656 2120 2727 μὲν
2156 2656 2409 2726 χαλεπὸν,
2442 2657 2622 2726 λόγοις
2663 2657 2720 2710 δὲ
2763 2657 3010 2721 πιθανὸν,
3053 2660 3465 2731 μνημονεύσατε
3502 2661 3597 2713 τοῦ

2017 2740 2268 2810 δαίμονος
2298 2739 2393 2792 τοῦ
2441 2743 2498 2792 ἐν
2532 2741 2610 2809 τῷ
2637 2740 2953 2813 Εὐαγγελίῳ
2986 2744 3066 2814 τῷ
3107 2744 3297 2815 Κυρίῳ
3332 2760 3598 2815 προσομιο

2017 2824 2257 2886 λοῦντος,
2304 2826 2398 2877 καὶ
2425 2825 2525 2894 τῆς
2559 2824 2827 2894 λεγούσης
2858 2827 2968 2879 τῶν
2999 2827 3230 2896 Γραφῶν
3259 2826 3562 2897 μαρτυρίας
3581 2843 3595 2857 ·

2029 2908 2087 2960 'U
2111 2907 2167 2960 δέ
2191 2907 2313 2975 δφις
2341 2904 2409 2978 ἦν
2432 2902 2842 2978 φρονιμΐυτατος
2870 2910 3086 2963 πάντων
3110 2910 3219 2964 τῶν
3253 2910 3458 2981 θηρίων
3488 2909 3599 2963 τῶν

2017 2994 2110 3045 ἐπὶ
2138 2992 2231 3061 τῆς
2262 2992 2367 3062 γῆς
2394 3008 2407 3022 ·
2437 2985 2481 3060 ᾧ
2502 2995 2536 3063 ή
2567 2993 2829 3064 φρόνησις
2860 2995 3062 3063 μᾶλλον
3088 2996 3168 3059 εἰς
3197 2995 3402 3066 βλάϐην
3426 2992 3600 3064 τούτῳ

2019 3076 2346 3145 γεγένηται,
2380 3076 2547 3146 ἄλλης
2579 3078 2779 3147 ἀρετῆς
2813 3079 2988 3149 τούτῳ
3037 3080 3111 3150 μὴ
3160 3077 3597 3148 συνδραμούσης.

334 3171 475 3237 μήτε
507 3168 541 3236 ἠ
587 3165 806 3235 εὐφυΐα,
837 3163 973 3235 μήτε
1015 3165 1063 3216 οἰ
1087 3162 1184 3231 τὴν
1212 3160 1466 3214 εὐκλείαν
1506 3161 1680 3231 λόγων
1712 3182 1913 3236 κεκτη-
1944 3159 1987 3217 C
2022 3163 2114 3213 Δεῖ
2140 3161 2247 3231 γάρ
2270 3160 2362 3213 τὸν
2384 3160 2574 3213 πιστὸν
2597 3163 2691 3213 καὶ
2720 3162 2925 3228 ἀγαθὸν
2948 3166 3165 3233 φρονεῖν
3197 3163 3298 3233 μὲν
3326 3164 3363 3216 ἃ.
3385 3164 3600 3216 δίδωσιν

336 3252 526 3320 μένοι,
562 3252 662 3303 οὐκ
704 3250 1071 3320 ἐπιγράφουσι
1116 3246 1216 3317 τὴν
1264 3246 1424 3316 χάριν
1470 3246 1548 3317 τῷ
1585 3248 1770 3319 δοτῆρι
1806 3248 1916 3302 τῶν

329 3335 560 3404 ἀγαθῶν
592 3334 731 3404 Θεῷ,
770 3333 905 3387 ἀλλά
942 3336 1009 3403 τῇ
1050 3331 1227 3403 οἰκείᾳ
1254 3333 1593 3402 προαιρέσει,
1621 3334 1716 3386 καὶ
1745 3334 1915 3388 εὐπα-

332 3421 476 3490 θείᾳ,
509 3418 607 3472 καὶ
635 3418 944 3485 ίκανότητιο
970 3415 1066 3469 καὶ
1089 3408 1234 3469 οῦτοι
1258 3416 1782 3485 ἐγκαταλειφθέντες
1810 3417 1915 3471 ὑπὸ

329 3506 433 3574 τῆς
488 3503 752 3573 Προνοίας
821 3502 1187 3571 ἐμπίπτουσιν
1245 3501 1325 3564 είς
1392 3501 1820 3572 αἰσχρουργίαν,
1879 3502 1913 3574 ἢ

331 3587 766 3659 αἰσχροπάθειαν
818 3586 913 3639 καὶ
955 3584 1243 3656 αἰσχύνην.
1310 3586 1780 3654 Καταλειφθέντες
1820 3585 1914 3640 οῦν

329 3674 424 3726 διὰ
461 3671 561 3741 τῆς
590 3668 982 3739 ἐπιγενομένης
1022 3669 1205 3733 αὐτοῖς
1236 3669 1641 3735 ταπεινώσεως,
1672 3670 1767 3724 καὶ
1795 3671 1916 3724 ἀτι-

335 3756 487 3825 μίας,
518 3754 704 3823 ἡρέμα
748 3771 867 3816 πως
893 3755 989 3807 καὶ
1021 3753 1164 3807 κατὰ
1192 3754 1389 3824 μικρὸν
1424 3755 1515 3807 τὸν
1543 3756 1635 3807 ἐπὶ
1658 3757 1721 3825 τῇ
1764 3772 1913 3825 νομι-

331 3841 545 3913 ζομένη
580 3840 748 3909 ἀρετῇ
789 3838 996 3891 ἐαυτῶν
1039 3837 1432 3907 ἁποτρίϐονται
1458 3838 1658 3906 τύφον,
1716 3840 1915 3910 μηκέτι

332 3926 423 3997 ἐφ’
453 3926 667 3989 ἐαυτοῖς
694 3923 1033 3987 πεποιθότες,
1066 3920 1204 3974 ἀλλά
1225 3920 1303 3991 τῷ
1326 3921 1444 3993 Θεῷ
1469 3922 1544 3993 τῷ
1571 3924 1915 3995 χαριζομένῳ

328 4011 407 4065 τά
447 4009 626 4063 πάντα
664 4005 1052 4078 ὁμολογοῦντες
1096 4005 1194 4073 τὴν
1239 4006 1422 4075 χάριν.
1464 4008 1682 4076 Ἐπειδὴ
1734 4009 1844 4079 γὰρ
1886 4010 1915 4061 6

333 4093 752 4165 πεφυσιωμένος
780 4092 872 4144 ἐπὶ
907 4090 1094 4160 εὐροίᾳ
1120 4089 1295 4156 λόγων
1323 4091 1705 4161 ἐπαιρόμενος,
1731 4092 1914 4145 οὐκέτι

334 4180 637 4249 ἐπιγράφει
660 4175 738 4246 τῷ
763 4173 884 4244 Θεῷ
909 4175 1007 4244 τὴν
1036 4174 1242 4242 δωρεὰν
1267 4174 1365 4243 τῆς
1392 4175 1636 4243 εὐφυΐας,
1669 4176 1790 4229 οὐδέ
1815 4178 1915 4245 τὴν

331 4263 599 4336 χορηγίαν
648 4263 750 4332 τῆς
772 4258 1049 4327 γνώσεως,
1084 4256 1247 4325 ἀλλά
1272 4261 1337 4329 τῇ
1369 4258 1562 4312 ἐαυτοῦ
1592 4260 1842 4330 ἀσκήσει,
1878 4262 1911 4331 ἢ

334 4348 521 4416 φύσει,
565 4345 767 4413 ἀφιστᾷ
794 4345 822 4394 6
854 4342 985 4403 Θεὸς
1014 4342 1104 4393 τὸν
1138 4340 1369 4408 ἄγγελον
1416 4344 1514 4411 τῆς
1544 4344 1798 4412 προνοίας
1822 4345 1915 4397 τὸν

333 4432 430 4484 ἐπὶ
466 4428 638 4499 ταύτῃ
685 4429 751 4498 τῇ
804 4426 987 4496 χάριτι
1035 4424 1408 4494 τεταγμένον·
1460 4419 1521 4478 οὑ
1578 4427 1915 4490 ἀποστάντος

2017 3248 2046 3298 6
2074 3245 2227 3307 Θεὸς,
2263 3244 2444 3298 λαλεῖν
2472 3244 2528 3297 δὲ
2559 3244 2595 3297 ἃ
2629 3248 2844 3314 φρονεῖ,
2882 3249 3057 3298 ποιεῖν
3100 3248 3157 3299 δέ
3189 3246 3225 3300 ἃ
3263 3246 3433 3301 λαλεῖ.
3473 3247 3601 3300 Ἐάν

2014 3329 2123 3398 γὰρ
2153 3328 2229 3399 μὴ
2256 3331 2322 3399 τῇ
2358 3328 2587 3400 ἀληθείᾳ
2615 3329 2724 3381 τῶν
2750 3330 2924 3397 λόγων
2942 3331 2977 3399 ἡ
3008 3330 3177 3402 ἀρετὴ
3200 3332 3296 3383 τοῦ
3325 3332 3441 3402 βίου
3471 3347 3601 3385 συν-

2014 3417 2207 3487 τρέχῃ,
2242 3416 2336 3469 καὶ
2369 3418 2402 3486 ἡ
2436 3417 2600 3486 λοιπὴ
2630 3417 2759 3478 τῶν,
2776 3417 3033 3488 χρηστῶν
3061 3420 3282 3489 τρόπων
3323 3420 3595 3488 εὐγένεια,

2014 3500 2177 3569 ἄρτος
2203 3501 2353 3553 ἐστὶν
2375 3500 2504 3555 ἄνευ
2521 3501 2667 3567 ἁλὸς,
2698 3503 2839 3554 κατὰ
2862 3502 2953 3554 τὸν
2980 3504 3249 3573 μακάριον
3282 3503 3422 3557 Ἰὼϐ.
3460 3503 3519 3556 ὐ
3542 3503 3600 3556 δὲ

2013 3583 2252 3646 τοιοῦτος
2279 3583 2620 3654 βρωθήσεται
2646 3584 2897 3654 οὐδαμῶς
2924 3602 2938 3615 ο
2964 3586 3023 3649 δς
3046 3587 3148 3640 κᾶν
3169 3586 3352 3658 βρωθῇ
3377 3589 3455 3650 εἰς
3472 3588 3600 3641 πολ-

2015 3668 2114 3738 λὴν
2148 3667 2404 3736 καχεξίαν
2439 3666 2701 3737 ἐμϐάλλει
2730 3667 2822 3720 τὸν
2857 3668 3127 3723 ἐσθίοντα.
3166 3671 3227 3722 El
3259 3669 3599 3742 βρωθήσεται

2015 3756 2145 3826 γὰρ,
2176 3752 2359 3823 φησὶν,
2384 3752 2549 3823 ἄρτος
2573 3752 2701 3806 ἄνευ
2735 3753 2860 3816 ἁλός
2882 3771 2897 3820 ;
2924 3755 2972 3806 εἰ
2994 3753 3049 3807 δέ
3070 3745 3175 3808 καὶ.
3196 3755 3310 3808 ἐστι
3332 3756 3513 3825 γεῦμα
3539 3757 3598 3807 ἐν

2017 3840 2227 3911 ῥήμασι
2252 3840 2447 3900 κενοῖς,
2475 3836 2619 3890 τοῦτ’
2637 3836 2783 3892 ἐστιν
2813 3842 2892 3903 είς
2913 3840 3179 3908 ὠφέλειαν
3206 3842 3280 3911 μὴ
3310 3841 3600 3911 πεπληρω-

2018 3925 2201 3998 μένοις
2239 3926 2305 3994 τῇ
2338 3922 2616 3994 μαρτυρίᾳ
2644 3921 2753 3975 τῶν
2784 3923 2962 3976 καλῶν
2992 3925 3189 3994 ἐργων.
3227 3925 3348 3978 Τῶν
3384 3922 3477 3979 οῦν
3503 3927 3599 3994 ἐγ-

2021 4008 2399 4074 καταλείψεων
2424 4005 2670 4077 διάφοροί
2701 4008 2838 4060 εἰσιν
2865 4009 2920 4061 αῖ
2950 4007 3138 4062 αἰτίαι.
3176 4009 3237 4062 Ἥ
3267 4010 3363 4079 μὲν
3389 4011 3599 4080 γάργί-

2012 4112 2165 4149 νεται
2198 4093 2286 4145 διὰ
2333 4092 2723 4162 κεκρυμμένην
2754 4092 2957 4163 ἀρετὴν
2977 4134 2992 4158 ,
3020 4093 3107 4145 ἵνα
3136 4094 3421 4165 φανερωθῇ
3451 4095 3524 4157 ὡς
3561 4096 3597 4164 ἡ

2015 4180 2111 4235 τοῦ
2150 4177 2390 4248 μεγάλου
2418 4178 2513 4247 τῆς
2546 4176 2825 4246 ὑπομονῆς
2869 4176 3104 4247 ἀθλητοῦ
3151 4178 3292 4244 Ἰὼϐ,
3332 4180 3426 4232 τοῦ
3459 4178 3596 4233 Θεοῦ

2016 4262 2452 4334 χρηματίζοντος
2468 4260 2663 4330 τούτῳ,
2690 4261 2784 4314 καὶ
2804 4260 3072 4329 λέγοντος·
3095 4263 3186 4333 Μὴ
3207 4263 3470 4316 ἀποποιοῦ
3495 4281 3598 4334 μου

2017 4349 2081 4401 τὸ
2112 4350 2287 4417 κρῖμα
2307 4361 2321 4375 ·
2355 4345 2488 4415 μηδέ
2520 4345 2608 4416 οἴῃ
2642 4362 2710 4415 με
2754 4344 2931 4406 ἄλλως
2963 4362 3046 4398 σοι
3088 4348 3597 4417 κεχρηματικέναι,

2018 4432 2134 4487 ἀλλ’
2158 4431 2245 4485 ἵνα
2271 4430 2552 4499 ἀναφανῇς
2573 4428 2801 4492 δίκαιος.
2838 4430 2895 4483 Ἐ
2904 4430 2993 4500 μοὶ
3022 4430 3121 4499 μὲν
3142 4433 3250 4501 γὰρ
3272 4432 3513 4501 γνωστὸς
3530 4428 3597 4501 ἧς

333 4510 865 4575 καταδυναστευθεὶς
916 4510 1021 4562 ὑπὸ
1063 4508 1155 4561 τοῦ
1207 4510 1585 4579 ἀντικειμένου
1623 4512 1650 4564 6
1694 4512 1915 4581 ἐπαιρό-
1948 4520 1989 4575 ι)
2020 4515 2268 4587 ἐξάρχῆς
2291 4514 2369 4585 τῷ
2388 4513 2724 4583 βλέποντιτά
2744 4514 2982 4583 κρυπτά,
3013 4516 3104 4567 καί
3130 4516 3324 4586 ὁρῶντι
3352 4517 3432 4579 εἰς
3458 4516 3595 4587 βάθη

340 4618 501 4673 μενος
542 4602 607 4671 τῇ
642 4598 860 4667 εὐφυΐᾳ,
892 4595 1212 4667 περιπίπτει
1263 4592 1546 4665 ἀκολασίᾳ,
1582 4596 1670 4648 ῑνα
1700 4594 1913 4662 κτηνώ-

336 4686 458 4755 δης,
489 4684 522 4756 ἢ
554 4685 587 4754 ἡ
623 4680 862 4750 κυνὼδης
900 4678 1166 4732 ἀκολασία
1204 4677 1434 4749 ἐξελάσῃ
1465 4679 1562 4748 τὴν
1588 4679 1913 4749 δαιμονιώδη

338 4768 627 4837 φυσίωσιν,
652 4766 787 4833 ὅπερ
817 4763 962 4814 ἐστίν
994 4761 1367 4833 ὑπερηφανία·
1403 4761 1487 4814 ἵνα
1513 4761 1608 4814 τοῦ
1640 4764 1916 4834 μάρτυρος

337 4852 437 4922 τῆς
475 4848 832 4920 σωφροσύνης
860 4846 1265 4917 ἀφαιρεθέντος,
1304 4847 1403 4899 οὑκ
1427 4847 1717 4911 ἀξιόπιστα
1754 4852 1917 4919 γένη-

334 4953 427 4989 ται
467 4935 537 4987 τὰ
561 4934 830 5002 λεγόμενα
860 4933 991 5002 παρ’
1022 4930 1202 4983 αὐτῶν
1226 4946 1240 4960 ⁸
1287 4930 1601 4998 φευγόντων
1625 4931 1735 4983 τῶν
1761 4933 1917 4986 εὐλα-

335 5019 451 5074 ϐὦν
502 5017 599 5088 τὴν
647 5017 711 5068 ἐκ
758 5014 853 5067 τοῦ
913 5013 1156 5066 τοιούτου
1202 5014 1473 5085 στόματος
1525 5016 1913 5084 διδασκαλίαν,

337 5104 590 5171 καθάπερ
617 5100 801 5168 πηγὴν
827 5097 1047 5168 βδέλλας
1075 5097 1302 5166 ἔχουσαν
1325 5114 1338 5129 ⁸
1371 5099 1446 5161 ὡς
1490 5100 1828 5170 πληροῦσθαι
1856 5101 1916 5154 τὸ

338 5186 725 5258 γεγραμμένον
757 5197 773 5211 ο
799 5181 886 5251 Τῷ
928 5181 984 5234 δὲ
1020 5180 1329 5252 ἀμαρτωλῷ
1363 5177 1515 5235 εἶπεν
1560 5187 1587 5237 6
1615 5183 1766 5248 Θεός’
1804 5186 1918 5241 Ἵνα

335 5272 391 5325 τί
419 5288 481 5324 συ
510 5270 735 5340 ἐκδιηγῇ
762 5268 828 5319 τά
852 5264 1197 5334 δικαιώματά
1223 5282 1347 5334 μου.
1377 5266 1471 5319 καὶ
1514 5267 1916 5336 ἀναλαμϐάνεις

336 5358 434 5429 τὴν
464 5355 728 5425 διαθήκην
763 5370 864 5422 μου
908 5351 997 5405 διὰ
1042 5350 1307 5418 στόματός
1353 5368 1481 5417 σου;
1535 5353 1775 5408 Ἑοίκασι
1807 5356 1917 5425 γὰρ

336 5440 554 5507 ἀληθῶς
586 5440 645 5495 αἱ
682 5438 791 5493 τῶν
841 5436 1107 5507 ἐμπαθῶν
1152 5433 1323 5503 ψυχαὶ
1361 5436 1636 5506 διαφόροις
1674 5442 1912 5510 πηγαῖς·

337 5528 396 5582 αἱ
432 5526 532 5595 μὲν
563 5524 971 5594 γαστρίμαργοι
996 5524 1089 5575 καὶ
1119 5519 1375 5589 οἰνόφιλοι
1409 5516 1612 5591 πηγαῖς
1643 5522 1916 5597 βορϐορώ-

335 5613 517 5671 δεσιν,
555 5610 613 5661 αἰ
658 5608 715 5661 δέ
767 5608 1091 5679 φιλάργυροι
1138 5607 1233 5658 καὶ⁸
1285 5604 1663 5660 πλεονεκτικαὶ
1711 5611 1915 5678 πηγαῖς

339 5693 645 5764 βιτράχους
671 5691 942 5762 ἐχούσαις.
969 5692 1035 5744 Αἰ
1057 5691 1111 5743 δὲ
1136 5690 1395 5760 βάσκανοι
1441 5691 1533 5743 καὶ
1552 5691 1913 5763 ὑπερήφανοι,

344 5776 756 5851 ἐπιτηδειότητα
784 5777 841 5832 δὲ
871 5776 1125 5847 γνώσεως
1167 5774 1386 5847 ἔχουσαι
1408 5814 1423 5842 ,
1458 5776 1640 5846 ὅμοιαί
1669 5779 1776 5831 εισι
1807 5796 1913 5851 πη-

2020 4599 2296 4670 λογισμῶν
2330 4598 2712 4669 ἀνθρωπίνων.
2773 4598 2987 4667 Ἐπειδὴ
3023 4598 3078 4650 δέ
3106 4599 3341 4668 ηγνόητό
3388 4617 3480 4651 σου
3510 4617 3597 4652 το-

2022 4686 2196 4739 σαῦτα
2247 4680 2650 4753 κατορθώματα
2682 4684 2794 4745 τοῖς
2835 4682 3173 4753 ἀνθρώποις,
3227 4684 3598 4737 ὑπονοούντων

2018 4770 2126 4823 τῶν
2161 4766 2508 4835 κακοσχόλων
2534 4765 2622 4818 διὰ
2651 4765 2743 4818 τὸν
2773 4764 3002 4817 πλοῦτόν
3037 4783 3095 4818 σε
3126 4765 3453 4836 θεραπεύειν
3473 4768 3595 4835 ἐμὲ,

2022 4851 2320 4920 ἐπαγαγὼν
2347 4851 2448 4918 τὴν
2482 4848 2751 4914 τοσαύτην
2787 4849 3127 4919 περίστασιν,
3165 4849 3466 4921 ἀπεθέρισα
3505 4850 3597 4905 τὸν

2020 4936 2286 4999 πλοῦτον,
2336 4935 2427 4985 ῖνα
2474 4932 2635 4997 δείξω
2676 4932 2859 4993 αὐτοῖς
2905 4931 3222 5001 εὐχάριστον
3257 4933 3593 5001 φιλοσοφίαν.

2025 5023 2184 5074 Ἐστι
2216 5020 2271 5072 δέ
2302 5017 2398 5069 καὶ
2428 5016 2628 5085 ἑτέρως
2661 5014 3153 5084 ἐγκαταλειφθῆναι
3181 5016 3247 5069 δι’
3280 5017 3596 5087 ἀποτροπὴν

2022 5101 2402 5175 ὑπερηφανίας
2425 5100 2520 5153 καὶ
2546 5097 2837 5168 ἀποφυγὴν
2855 5102 3084 5169 οἰήσεως
3113 5098 3145 5170 ἢ
3172 5100 3457 5164 ἀλαζονίας
3475 5116 3490 5129 ·
3521 5100 3593 5161 ὡς

2018 5190 2112 5242 ἐπὶ
2153 5184 2246 5240 τοῦ
2303 5183 2576 5254 μακαρίου
2627 5182 2927 5235 ἀποστόλου
2976 5183 3194 5235 Παύλου
3231 5183 3380 5237 ἐστιν
3433 5182 3584 5237 ἰδεῖν.

2033 5267 2462 5339 Ἐγκατελείφθη
2476 5267 2584 5337 γάρ
2607 5267 2698 5320 καὶ
2712 5266 2871 5329 αὐτὸς
2887 5283 2953 5318 πε
2964 5266 3274 5336 ριστάσεσιν
3291 5266 3593 5335 ἐναφεθεὶς,

2019 5356 2117 5410 καὶ
2143 5354 2520 5423 κολαφισμοῖς,
2550 5350 2646 5404 καὶ
2680 5348 2954 5417 διαφόροις
2991 5350 3290 5420 ἐλλείψεσιν
3328 5351 3595 5421 βαλλόμε-

2016 5458 2125 5503 νος.
2169 5438 2261 5491 Διὸ
2282 5446 2377 5491 καί⁵
2407 5436 2613 5504 ἔλεγεν·
2656 5435 2841 5503 Ἐδόθη
2871 5452 2960 5505 μοι
2984 5435 3181 5506 σκόλοψ
3207 5437 3273 5507 τῇ
3308 5435 3471 5504 σαρκὶ
3491 5436 3592 5504 ἀγ-

2016 5525 2171 5595 γελος
2193 5521 2391 5580 Σατᾶν.
2424 5520 2512 5573 ἵνα
2540 5536 2607 5590 με
2635 5519 2923 5592 κολαφίζῃ,
2952 5519 3036 5573 ἵνα
3063 5519 3139 5589 μὴ
3167 5518 3553 5590 ὑπεραίρωμαι
3574 5536 3591 5551 θ

2018 5611 2105 5663 ἵνα
2137 5610 2212 5679 μή
2246 5624 2375 5661 ποτε
2399 5606 2488 5660 διά
2517 5605 2626 5659 τῶν
2651 5603 2918 5657 τοσούτων
2948 5604 3263 5674 θαυμάτων,
3294 5605 3387 5658 καὶ
3414 5606 3447 5664 ἡ
3500 5604 3597 5659 άν-

2016 5711 2152 5757 εσις,
2184 5693 2277 5746 καὶ
2305 5694 2339 5762 ή
2368 5688 2717 5760 εὐθηνία,καὶ
2749 5689 2783 5758 ἡ
2816 5688 2952 5758 τιμὴ
2979 5687 3154 5758 τούτῳ
3182 5686 3592 5759 προσγενομένη

2017 5783 2099 5845 εἰς
2128 5778 2296 5850 τύφον
2333 5774 2495 5831 αὐτὸν
2530 5772 2778 5846 ἐμϐάλλῃ
2810 5771 3114 5827 διαϐολικδν
3146 5772 3251 5827 ὑπὸ
3279 5772 3377 5842 τῆς
3411 5770 3593 5834 ἀδείας
