4112 6520
540 307 672 374 1203

2005 320 2359 382 PALLADII

3685 327 3809 393 1201

535 423 910 511 χαυνωθέντα.τ
955 429 1384 511 ’βγκατελείφθη
1407 436 1505 491 καὶ
1537 437 1565 491 6
1598 436 1967 509 παραλυτικὸς
1990 478 2005 501 ,
2033 437 2123 491 διὰ
2152 442 2199 497 Α
2234 435 2317 507 τῷ
2344 436 2444 506 τῆς
2492 434 2793 506 ἐπιθυμίας
2838 434 3054 506 δαίμονι
3121 440 3441 510 περιπίπτει
3501 440 3577 511 τῷ
3630 443 3808 511 ἄγοντι

536 504 814 571 ἁμαρτίας
833 524 847 537 ·
875 501 919 575 ᾧ
936 504 1091 563 εἶπεν
1114 513 1141 564 6
1176 501 1385 581 Ἰησοῦς
1410 501 1823 583 Χριστός·’”Ῑδε,
1850 501 2009 586 ὑγιὴς
2034 517 2124 584 γέ·-

536 596 725 647 γονας,
761 586 961 655 μηκέτι
994 589 1297 657 ἁμάρτανε,
1326 591 1413 644 ἵνα
1443 593 1519 661 μὴ
1549 592 1728 663 χεῖρόν
1758 595 1810 646 τί
1845 612 1927 647 σοι
1958 596 2123 665 γένη-

537 678 646 715 ται.
694 665 1125 738 Ἐγκατελείφθη
1146 671 1239 723 οιαὶ
1269 674 1296 724 6
1336 671 1560 737 Ἰούδας,
1584 674 1929 744 προτιμήσας
1950 672 2124 744 ἀργύ-

542 758 657 813 ριον
687 745 782 799 τοῦ
816 746 911 815 τῆς
938 747 1083 817 ζωῆς
1108 749 1291 817 λόγου,
1321 752 1400 803 διὸ
1433 752 1525 804 καὶ
1576 752 1893 823 ἀπήγξατο·
1924 756 2124 821 ἐγκατ-

538 826 761 898 ελείφθη
799 829 892 882 καὶ
922 830 950 881 6
984 830 1188 897 Ἡσαῦ,
1224 831 1303 883 διὸ
1337 835 1430 885 καὶ
1462 834 1727 902 ἀκολασίᾳ
1759 835 2121 903 περιέπεσεν,

539 908 888 978 προτιμήσας
946 909 1151 980 κόπρον
1217 911 1452 982 ἐντέρων
1512 912 1768 980 εὐλογίας
1824 913 2122 983 πατρικῆς,

538 987 725 1040 Ταῦτα
755 983 849 1040 οῦν
880 988 1054 1041 πάντα
1096 990 1517 1059 συναισθόμενος
1561 990 1639 1061 τῷ
1673 992 1813 1062 ἁγίῳ
1846 992 2121 1061 Πνεύματι

536 1065 567 1119 6
586 1066 853 1135 μακάριος
880 1068 1177 1133 ἀπόστολος
1205 1070 1414 1134 Παῦλος
1429 1072 1613 1140 ἔλεγεν
1632 1072 1881 1143 περὶτῶν
1898 1073 2124 1145 τοιούτῳ

537 1147 722 1218 τρόπῳ
737 1147 1313 1220 ἐγκαταλελειμμένων
1324 1167 1339 1181 ·
1361 1148 1557 1214 Καθὼς
1572 1147 1665 1205 οὖν
1681 1152 1782 1205 οὐκ
1796 1152 2123 1223 ἐδοκίμασαν

537 1226 629 1279 τὸν
657 1226 789 1279 Θεὸν
839 1226 987 1295 ἐχειν
1021 1230 1078 1280 ἐν
1126 1228 1445 1297 ἐπιγνώσει,
1494 1232 1815 1302 παρέδωκεν
1856 1233 2057 1295 αὐτοὺς
2094 1234 2123 1285 6

537 1309 670 1373 Θεὸς
702 1310 782 1372 είς
802 1309 1062 1379 ἀδόκιμον
1086 1310 1209 1363 νοῦν
1239 1314 1414 1364 ποιεῖν
1435 1312 1504 1366 τά
1530 1315 1607 1383 μὴ
1629 1314 1960 1384 καθήκοντα.
1987 1315 2122 1386 Περὶ

540 1388 745 1456 ἐτέρων
773 1387 882 1443 τῶν
913 1388 1219 1443 δοκούντων
1248 1390 1448 1458 γνῶσιν
1489 1391 1634 1462 ἔχειν
1662 1392 1799 1445 Θεοῦ
1849 1392 1988 1461 μετὰ
2038 1394 2120 1446 δι-

536 1468 893 1539 εφθαρμένης
914 1467 1142 1539 γνώμης
1164 1471 1255 1523 καὶ
1272 1469 1429 1523 κενοῦ
1448 1477 1589 1544 φυσή
1599 1473 1958 1542 ματος,λὲγει·
1978 1475 2120 1528 Διότι

537 1546 866 1626 γνόντες-τὸν
885 1547 1039 1614 Θεὸν,
1067 1550 1163 1619 οὐχ
1186 1550 1261 1613 ὡς
1286 1551 1420 1604 Θεὸν
1440 1552 1771 1625 ἐδόξασαν,ῆ
1795 1554 2123 1626 εὐχαρίστη-

539 1642 661 1688 σαν,
695 1623 811 1677 ἀλλ’
842 1626 1265 1697 ἐματαιώθησαν
1294 1629 1354 1679 ἐν
1381 1632 1492 1689 τοῖς
1517 1623 1889 1699 διαλογισμοῖς
1915 1623 2117 1698 αὐτῶν,

538 1705 634 1760 καὶ
668 1703 956 1773 ἐσκοτίσθη
992 1706 1023 1775 ἠ
1059 1706 1316 1769 ἀσύνετος
1342 1707 1521 1761 αὐτῶν
1557 1709 1776 1779 καρδία.
1814 1710 2121 1780 Φάσκοντες

2230 514 2311 576 είς
2360 514 2683 577 ἀκολασίαν,
2716 512 2858 584 ῆτῷ
2916 513 3133 587 θυμικῷ
3165 518 3438 589 πνεύματι
3493 520 3809 591 περιπίπτει

2226 592 2303 663 τῷ
2331 593 2580 665 πονηρῷ,
2608 593 2731 646 ὅθεν
2787 595 2842 646 αἱ
2889 592 3077 662 ἄλογοι
3126 596 3403 651 τίκτονται
3458 598 3655 669 ὁρμαί.
3710 599 3809 651 Καὶ

2230 673 2331 744 τὴν
2359 673 2459 744 μὲν
2486 672 2784 727 ἀκόλαστον
2814 672 3111 743 ἐπιθυμίαν
3144 675 3329 744 ἔλεγεν
3351 673 3489 731 εἶναι
3540 678 3805 746 κτηνώὸη,

2224 753 2318 807 τὸν
2348 754 2407 807 δὲ
2457 751 2632 822 θυμὸν
2662 751 2878 821 κίνησιν
2926 752 3279 826 δαιμονιώδη.
3314 755 3479 825 Ἐμοῦ
3507 756 3563 809 δὲ
3602 756 3807 809 ἀντιλέ-

2226 851 2447 903 γοντος,
2479 833 2560 885 ὅτι
2594 832 2724 895 Πῶς
2763 832 2989 886 δύνατόν
3022 836 3169 887 ἐστιν
3206 832 3343 888 εἶναι
3378 836 3503 890 νοῦν
3534 836 3807 906 ἀνθρώπια

2233 931 2320 966 νον
2367 913 2731 975 ἀδιαλείπτως
2765 912 2905 982 μετά
2929 913 3090 976 Θεοῦ,
3118 914 3302 984 ἔλεγεν
3334 912 3509 981 οὗτος,
3542 917 3627 970 ὅτι
3662 917 3746 969 Ἐν
3767 909 3807 984 ᾧ

2225 992 2270 1046 δ’
2301 992 2367 1047 ἂν
2409 993 2642 1063 νοήματι
2690 989 2723 1061 ἢ
2774 990 3065 1061 πράγματι
3116 997 3373 1065 τυγχάνει
3408 997 3440 1065 ή
3477 995 3627 1066 ψυχὴ
3660 992 3805 1062 οὖσα,

2227 1073 2389 1143 μόνον
2423 1075 2481 1127 ἐν
2499 1070 2715 1126 εὐσεϐεῖ
2742 1070 2990 1141 λογισμῷ
3016 1072 3113 1126 καὶ
3128 1073 3280 1146 θείῳ,
3312 1075 3450 1145 μετά
3477 1075 3620 1128 Θεοῦ
3648 1078 3802 1130 ἐστιν.

2815 1150 3067 1206 κεψΑΑ.
3103 1151 3219 1219 gen

2741 1230 2880 1297 Περὶ
2930 1232 3295 1299 Καπίτωνος.

2295 1308 2500 1365 Τούτου
2529 1308 2624 1363 τοῦ
2653 1312 3038 1377 γενναιοτάτου
3060 1311 3295 1381 ἀθλητοῦ
3317 1312 3549 1383 πλησίον
3574 1314 3805 1383 κατῴκει

2224 1388 2492 1444 Καπίτων
2518 1404 2602 1450 τις
2645 1386 2755 1441 ἀπὸ
2803 1387 3018 1460 λῃστῶν
3044 1390 3285 1459 γεγονὼς
3308 1391 3545 1460 μοναχδς
3573 1391 3805 1461 δοκιμώ·

2220 1485 2404 1533 τατος.
2468 1463 2639 1530 Οὗτος
2687 1469 3030 1538 πεντήκοντα
3080 1469 3177 1539 ἐτη
3226 1470 3524 1540 πληρώσας
3587 1472 3648 1523 ὲν
3702 1474 3805 1534 τοῖς

2224 1546 2535 1617 σπηλαίοις,
2567 1545 2677 1600 ἀπὸ
2724 1547 3013 1616 τεσσάρων
3075 1548 3266 1618 μιλίων
3302 1548 3399 1618 τῆς
3439 1548 3651 1612 πόλεως
3693 1548 3805 1599 Ἀνο

2220 1627 2441 1689 τινόου,
2491 1627 2552 1678 οὑ
2604 1625 2872 1694 κατῆλθεν
2929 1625 3038 1678 ἀπὸ
3090 1626 3184 1680 τοῦ
3246 1627 3518 1698 σπηλαίου
3576 1627 3803 1693 ἑαυτοῦ,

2221 1704 2343 1757 οὐδὲ
2380 1704 2544 1774 μέχρι
2567 1702 2662 1756 τοῦ
2714 1703 2964 1773 ποταμοῦ
2987 1703 3083 1757 τοῦ
3118 1704 3341 1766 Νείλου.
3402 1707 3599 1774 λέγων,
3649 1711 3805 1776 μήπω

540 1782 681 1840 εἶναι
709 1786 884 1852 σοφοὶ,
905 1786 1325 1857 ἐμωράνθησαν·
1352 1787 1496 1858 οίτῴ
1514 1789 1616 1858 τῆς
1632 1790 1863 1859 οίήσεως
1884 1793 1976 1844 καὶ
1992 1796 2122 1847 ἀπο·
2152 1789 2194 1845 Β
2226 1782 2483 1836 δύνασθαι
2512 1781 2675 1835 αὐτὸν
2710 1783 3098 1859 συντυγχάνειν
3124 1787 3235 1848 τοῖς
3282 1784 3490 1856 ὄχλοις,
3518 1785 3598 1856 τῷ
3630 1786 3804 1857 ἀκμὴν

540 1866 687 1929 νοίας
714 1864 928 1934 δαίμονι
956 1868 1369 1936 προσραγέντες
1386 1884 1399 1898 ·
1425 1868 1505 1921 διὸ
1532 1869 1853 1938 παρέδωκεν
1875 1873 2069 1937 αὐτοὺς
2091 1876 2122 1928 6

539 1945 675 2023 Θεὸς
701 1946 792 2023 εἰς
808 1943 958 2012 πάθη
991 1944 1214 2023 ἀτιμίας
1232 1986 1247 2010 ,
1277 1946 1371 1999 τοῦ
1403 1948 1768 2023 ἀτιμάζεσθαι
1798 1951 1867 2004 τά
1893 1952 2121 2023 σώματα

539 2021 741 2076 αὐτῶν.
784 2022 946 2075 ’Ὥστε
990 2024 1057 2076 ἐκ
1102 2022 1293 2076 τούτου
1330 2022 1623 2093 γινώσκειν
1664 2028 1809 2097 ἡμᾶς
1853 2021 1991 2102 χρὴ,
2036 2032 2121 2087 ὃτι

538 2101 824 2173 ἀμήχανόν
853 2103 969 2154 ἐστι
1001 2105 1188 2155 πεσεῖν
1218 2121 1341 2157 τινα
1372 2105 1452 2167 είς
1484 2106 1803 2175 ἀκολασίαν,
1843 2112 1919 2181 μὴ
1950 2101 2120 2180 ἐγκα-

536 2182 895 2262 ταλειφθέντα
920 2181 1026 2235 ὑπὸ
1049 2184 1148 2253 τῆς
1176 2183 1271 2237 τοῦ
1293 2184 1428 2238 Θεοῦ
1450 2188 1709 2258 προνοίας
1734 2189 1838 2243 ὑπὸ
1861 2192 2121 2262 ἀμελείας

539 2262 643 2341 καί
670 2260 946 2341 ῥᾳθυμίας
978 2263 1184 2327 οἰκείας
1220 2265 1330 2319 τῶν
1363 2260 1996 2341 ἐγκαταλιμπανομένων
2025 2280 2120 2331 καὶ

536 2339 919 2412 διαδιδομένων
946 2342 1026 2405 είς
1056 2342 1116 2396 τὸ
1144 2341 1316 2397 ταῦτα
1352 2347 1672 2414 συμϐαίνειν
1703 2339 1905 2413 αὐτοῖς.

1124 2422 1375 2477 ΚΕΦΛΛ.
1416 2427 1546 2491 ιιςῖν.

1035 2500 1176 2568 Περὶ
1216 2504 1625 2571 Σολομῶντος.

618 2577 711 2631 Ἔν
758 2577 1030 2631 Ἀντινόου
1075 2579 1177 2648 τῆς
1214 2581 1481 2651 Θηϐαΐδος
1508 2583 1794 2655 διατρίψας
1833 2586 1943 2655 ἐγὼ
1994 2588 2121 2642 τέσ-

537 2672 679 2729 σαρα
713 2657 832 2729 ἐτη,
863 2658 921 2711 ἐν
952 2659 1192 2730 τοσούτῳ
1229 2661 1405 2731 χρόνῳ
1429 2662 1632 2730 γνῶσιν
1663 2664 1865 2735 εἴληφα
1902 2668 2122 2723 πάντων

532 2738 667 2821 τῶν-
708 2739 886 2821 ἐκεῖσε
916 2740 1353 2821 Δ,μοναιιτηρὶωῃ
1412 2741 1759 2806 Καθέζονται
1844 2746 1944 2816 μὲν
2007 2749 2115 2821 γάρ

532 2816 680 2886 ἀμφὶ
718 2819 818 2887 τὴν
860 2818 1015 2870 πόλιν
1074 2819 1268 2886 ἄνδρες
1325 2819 1401 2883 ὡς
1449 2820 1610 2890 χίλιοι
1666 2822 1952 2891 διακόσιοι,
1998 2816 2122 2893 ταῖς

531 2895 1098 2980 χερσὶν-ἀποζῶντες,
1127 2899 1406 2980 είςάκρον
1448 2900 1778 2970 ἀσκούμενοι
1827 2907 1893 2975 τῇ
1928 2905 2119 2980 ἀρετῇ.

547 2977 635 3028 Ἐν
663 2976 873 3040 τούτοις
905 2978 1012 3030 είσὶ
1052 2978 1148 3030 καὶ
1198 2979 1553 3049 ἀναχωρηταὶ
1588 2984 1645 3033 ἐν
1690 2985 1801 3045 τοῖς
1839 2976 2120 3055 σπηλαίοις

531 3056 640 3106 τῶν
656 3054 870 3125 πετρῶν
885 3056 1111 3119 ἑαυτοὺς
1128 3057 1600 3127 ἐγκαθείρξαντες.
1617 3060 1704 3113 Ἑν
1723 3055 1803 3125 οἷς
1821 3054 1945 3117 ἐστι
1963 3067 2120 3120 Σολοσ

536 3132 652 3214 μῴν
712 3149 798 3197 τις
819 3134 1202 3214 -ἀναχωρητὴς,
1217 3135 1354 3205 ἀνὴρ
1385 3138 1713 3206 πραΰτατος,
1739 3142 1833 3192 καὶ
1861 3143 2115 3214 σώφρων,
2147 3139 2191 3198 C

532 3212 778 3293 χάρισμα
804 3212 943 3293 ἔχων
968 3215 1263 3293 ὑπομονῆς·
1283 3215 1341 3278 ὃς
1369 3215 1557 3284 ἔλεγεν
1588 3218 1733 3288 ἔχειν
1756 3212 2119 3293 πεντηκοστὸν

534 3290 657 3375 ἔτος
681 3291 738 3343 ἐν
787 3291 869 3375 τῷ
900 3292 1502 3375 σπηλαίῳηέπαρκέσας
1528 3296 1707 3363 ἐαυτῷ
1731 3300 1795 3351 ἐκ
1816 3290 1922 3353 τῶν
1944 3302 2121 3375 ἔργων

530 3365 640 3421 τῶν
654 3367 872 3439 χειρῶν,
906 3372 1003 3424 καὶ
1024 3370 1281 3442 ἐκμαθὼν
1304 3374 1481 3425 πᾶσαν
1506 3375 1666 3443 ἀγίαν
1696 3376 1935 3449 Γραφήν.

1126 3450 1378 3505 ΚΕΦΑΛ.
1412 3452 1522 3518 ιιΖῑ

1084 3530 1225 3597 Περὶ
1262 3530 1585 3598 Δωροθέου.

604 3606 904 3690 Δωρόθεος,
931 3609 987 3663 ἐν
1006 3607 1150 3680 ἄλλῳ
1176 3610 1426 3682 σπηλαίῳ
1443 3611 1607 3665 οίκῶν
1627 3614 2015 3690 πρεσϐύτερος,
2036 3624 2118 3686 είς

534 3686 841 3765 ύπερϐολὴν
877 3690 1251 3758 ἀγαθώτατος,
1280 3692 1375 3745 καὶ
1406 3694 1567 3757 αὐτὸς
1588 3692 1757 3765 ζήσας
1784 3698 1874 3751 τὸν
1902 3686 2113 3754 *ἀνεπί-

530 3764 733 3850 ληπτον
751 3768 884 3850 βίον,
910 3772 1306 3843 πρεσϐυτερίου
1327 3764 1650 3843 ἠξιωμένος,
1681 3778 1773 3829 καὶ
1789 3778 2117 3850 λειτουργῶν

416 3906 432 3919 Ὁ
532 3848 646 3933 τοῖς
669 3848 922 3933 ἀδελφοῖς
960 3855 1070 3915 τοῖς
1091 3855 1149 3907 ὲν
1179 3856 1291 3916 τοῖς
1319 3854 1625 3925 σπηλαίοις.
1655 3857 1843 3929 Τούτῳ
1870 3848 2001 3914 ποτέ
2020 3848 2116 3933 τῷ

532 3928 891 4013 ἀφιλαργύρῳ
924 3932 1015 4013 τὸν
1036 3933 1237 4005 τρόπον
1263 3933 1504 4013 Μελανίη
1536 3938 1569 4007 ή
1604 3928 1843 4009 νεωτέρα
1888 3940 1988 4011 τῆς
2021 3928 2117 4013 μεξ

533 4007 705 4087 γάλης
732 4010 1003 4075 Μελανίας
1032 4013 1251 4083 ἐκγόνη,
1281 4015 1408 4084 περὶ
1433 4010 1497 4086 ἦς
1531 4007 1784 4087 ὕστερον
1815 4007 1973 4086 λέξω,
2009 4007 2115 4075 ἀπ-

528 4086 772 4140 έστειλεν
792 4092 1105 4161 νομίσματα
1128 4094 1482 4162 πεντακόσια,
1502 4098 1931 4165 παρακαλέσασα
1954 4102 2115 4155 αὑτὸν

528 4167 719 4252 ἐκεῖνα
746 4168 1067 4252 διακονῆσαι
1109 4174 1219 4236 τοῖς,
1256 4175 1435 4226 ἐκεῖσε
1479 4174 1747 4243 ἀδελφοῖς.
1792 4178 1850 4230 Ὁ
1894 4180 1948 4232 δὲ
1989 4184 2115 4252 τρία

530 4246 841 4317 νομίσματα
887 4250 1101 4315 λαϐὼν,
1141 4253 1504 4323 παρέπεμψεν
1572 4257 1640 4308 τά
1684 4256 1846 4311 λοιπά
1906 4246 2116 4316 Διοκλεῖ

530 4326 611 4408 σιτέρ
665 4329 1014 4408 ἀναχωρητῇ,
1066 4332 1221 4402 ἀνδρὶ
1277 4335 1733 4407 γνωστικωτάτῳ,
1779 4338 1952 4408 λέγων
1982 4381 1997 4407 ,
2031 4344 2114 4395 ὅτι

544 4405 859 4488 Σοφώτερός
916 4410 1017 4479 μού
1067 4413 1268 4464 ἐστινὸ
1314 4412 1541 4481 ἀδελφὸς
1592 4405 1990 4488 Διοκλῆς,⁷καὶγ
2016 4421 2110 4474 δύο

2231 1862 2623 1933 ἀντιπράττειν
2651 1858 2804 1931 αὐτῷ
2832 1860 2923 1913 τὸν
2949 1860 3291 1920 ὑπεναντίον.

2819 1938 3074 1995 ΚΕΦΛΛ.
3128 1941 3205 1995 Ρ’.

2434 2019 2576 2091 Περὶ
2613 2018 2723 2074 τοῦ
2769 2019 3099 2084 κενοδόξου
3143 2021 3555 2091 ἀναχοιρητοῦ.

2316 2099 2519 2170 Ἐγγὺς
2574 2098 2779 2154 τούτων
2814 2098 3140 2172 ἑωράκαμεν
3170 2102 3264 2155 καὶ
3288 2101 3477 2172 ἕτερον
3519 2102 3801 2174 ἀναχωρη-

2225 2178 2344 2251 τὴν,
2369 2181 2569 2252 ὁμοίως
2606 2181 2695 2233 καί⁵
2725 2178 2887 2233 αὐτὸν
2929 2177 3250 2234 ἐνοικοῦντα
3301 2180 3609 2252 σπηλαίοις.
3644 2177 3801 2245 Οὗτος

2219 2261 2419 2331 οῐστρῳ
2442 2258 2747 2322 κενοδοξίας
2777 2256 3181 2328 ἐμπαιζόμενος
3212 2260 3315 2313 ὑπὸ
3338 2261 3637 2331 ὀνειράτων
3672 2264 3796 2315 ἀντ-

2218 2338 2500 2402 ενέπαιζεν
2562 2338 2673 2401 τοῖς
2744 2338 2881 2409 πρὸς
2939 2337 3103 2391 αὑτὸν
3173 2340 3638 2410 παραγινομένοις
3716 2341 3802 2395 καὶ

2219 2415 2623 2487 ἀπατωμένοις.
2662 2416 2888 2487 ’Ἄφρων
2915 2415 3175 2485 γεγονὼς,
3207 2418 3349 2470 κατά
3390 2418 3452 2470 τὺ
3478 2419 3803 2489 γεγραμμέο

2222 2512 2333 2562 νον,
2360 2498 2477 2559 τοῖς
2527 2495 2799 2559 ἐνυπνίοις
2842 2495 3341 2567 ἀναπτερούμενος,
3385 2498 3629 2567 ἀνέμους
3686 2514 3804 2550 ποι-

2225 2576 2455 2647 μαίνων,
2480 2575 2575 2628 καὶ⁵
2611 2574 2825 2630 διώκων
2862 2575 3043 2640 σκιάς.
3088 2577 3198 2629 Καὶ
3240 2577 3339 2646 τὴν
3390 2578 3491 2645 μὲν
3548 2579 3694 2631 κατὰ
3746 2588 3802 2630 το

2225 2654 2385 2726 σῶμα
2418 2654 2778 2726 σωφροσύνην
2808 2654 3073 2726 ἐκέκτητο
3092 2672 3108 2688 ·
3135 2656 3232 2708 καὶ
3260 2654 3349 2707 διὰ
3380 2655 3442 2707 τὸ
3489 2656 3673 2727 γῆρας
3701 2659 3801 2709 λοι.

2224 2737 2324 2789 πδν
2356 2737 2451 2789 καὶ
2483 2735 2573 2789 διὰ
2603 2737 2696 2789 τὸν
2715 2736 2931 2808 χρόνον,
2950 2739 3092 2806 τάχα
3122 2736 3180 2791 δὲ
3217 2736 3311 2790 καί⁸
3339 2735 3428 2788 διὰ
3455 2736 3555 2806 τήν
3595 2739 3799 2791 κενοδοο

2231 2816 2371 2883 ξίαν,
2393 2814 2493 2886 τὴν
2512 2815 2569 2868 δὲ
2594 2815 2716 2868 κατ’
2732 2815 2935 2886 ἀρετὴν
2958 2818 3131 2884 φρένα
3158 2815 3463 2880 ἀπώλεσεν,
3486 2815 3576 2869 δια
3588 2820 3800 2887 ψθαρεὶς

2226 2898 2331 2950 ὑπὸ
2364 2897 2464 2968 τῆς
2512 2894 2827 2964 ἀκαθάρτου
2887 2894 3215 2959 κενοδοξίας,
3241 2897 3338 2948 καὶ
3384 2895 3683 2961 ἐξωκείλας
3738 2898 3801 2951 δι’

2234 2979 2405 3049 αὐτῆς
2431 2975 2529 3049 τῆς
2557 2974 2820 3043 ἐνθέσμου
2844 2972 3144 3035 πολιτείας.

2811 3053 3065 3107 ΚΕΦΔΛ.
3113 3054 3239 3108 PA'.

2796 3134 2937 3201 Περὶ
2977 3135 3242 3203 Ἐφραίμ.

2296 3212 2379 3268 Τά
2408 3211 2551 3266 κατά
2590 3211 2831 3283 Ἐφραίμ
2873 3211 2965 3266 τὸν
3024 3213 3269 3267 διάκονον
3314 3213 3415 3285 τῆς
3473 3213 3802 3286 Ἐδεσσηνῶν

2237 3293 2565 3365 Ἐκκλησίας
2598 3294 2817 3357 πάντως
2855 3293 3130 3364 ἀκήκοας.
3156 3294 3381 3364 Γέγονεν
3404 3293 3514 3366 γάρ
3544 3290 3700 3361 οὗτος
3725 3299 3801 3361 είς

2223 3375 2284 3427 τὸ
2312 3372 2752 3445 μνημονεύεσθαι
2772 3373 2919 3440 ἄξιος
2935 3372 3090 3445 παρὰ
3116 3373 3223 3427 τῶν
3260 3373 3420 3428 ὁσίων
3463 3375 3667 3429 δούλων
3711 3376 3801 3430 τοῦ

2221 3451 2486 3523 Χριστοῦ.
2509 3444 2678 3515 Οὗτος
2718 3451 2937 3519 ὁάξίως
2980 3444 3077 3521 τῆν
3125 3453 3219 3506 τοῦ
3282 3453 3438 3521 ἁγίου
3491 3456 3802 3525 Πνεύματος

2229 3531 2494 3595 ἐξανύσας
2516 3530 2613 3601 τὴν
2634 3530 2775 3595 ὁδὸν,
2811 3532 2905 3584 καὶ
2934 3532 3056 3603 μηδ’
3086 3532 3222 3595 ὅλως
3252 3533 3546 3602 ὲκτραπεὶς
3572 3536 3673 3605 τῆς
3721 3538 3795 3588 εὑ·

2228 3610 2379 3673 θείας
2410 3609 2554 3673 ὀδοῦ,
2596 3608 2909 3681 κατηξιώθη
2968 3611 3307 3681 χαρίσματος
3364 3612 3619 3680 γνώσεως
3649 3633 3801 3683 φυσι-

2228 3690 2351 3760 κῆς,
2374 3689 2441 3760 ἢν
2468 3689 2774 3758 διαδέχεται
2801 3690 3048 3759 θεολογία
3074 3692 3172 3744 καὶ
3206 3691 3407 3762 ἐσχάτη
3443 3696 3798 3766 μακαριότης.

2223 3770 2329 3823 Τὸν
2361 3771 2563 3839 ἥσυχον
2606 3768 2699 3823 οῦν
2736 3770 2823 3823 ἀεὶ
2853 3771 3163 3844 ἐξασκήσας
3208 3772 3321 3843 βίον
3352 3776 3433 3837 εἰς
3488 3776 3679 3845 ἀκρον,
3710 3780 3800 3830 καὶ

2220 3850 2350 3912 τοὺς
2380 3850 2900 3919 παρατυγχάνοντας
2928 3850 2997 3903 δι’
3050 3852 3215 3906 αὑτοῦ
3246 3853 3333 3906 ἀεὶ
3368 3854 3672 3923 οἰκοδομιῖιν
3710 3858 3799 3909 ἐπὶ

2224 3930 2384 3982 ίκανά
2409 3929 2525 3999 έτη,
2561 3932 2639 3990 είς
2676 3927 2901 4001 ὕστερον
2928 3932 3197 4002 προῆλθεν
3213 3934 3311 4002 τῆς
3333 3933 3530 4002 κέλλης
3551 3934 3611 3997 ἐξ
3628 3936 3799 3995 αἰτίας

2224 4008 2459 4062 τοιᾶσδε·
2487 4008 2661 4078 Λιμοῦ
2694 4008 3095 4073 καταλαϐόντος
3133 4012 3369 4081 μεγάλου
3410 4013 3510 4082 τὴν
3556 4014 3800 4085 Ἐδεσση-

2219 4091 2327 4141 νῶν
2359 4088 2535 4150 πόλιν,
2566 4090 2661 4141 καὶ
2688 4090 3145 4161 κατοικτειρήσας
3167 4093 3348 4144 πᾶσαν
3388 4090 3490 4161 τὴν
3519 4094 3800 4163 ἀγροικίαν

2227 4168 2691 4238 διαφθειρομένην
2744 4170 2773 4221 6
2820 4168 3003 4232 ἔνθεος
3051 4164 3243 4235 οὗτος,
3309 4170 3619 4241 προσῆλθεν
3690 4176 3799 4235 τοῖς

2217 4249 2401 4319 ἀδροῖς
2428 4252 2486 4301 ἐν
2514 4246 2640 4319 ὕλῃ,
2675 4247 2770 4301 καὶ
2813 4247 2961 4316 λέγει
3016 4249 3221 4312 αὐτοῖς·
3248 4249 3406 4312 Τίνος
3453 4251 3646 4304 ἐνεκεν
3692 4254 3795 4305 οὐκ

2227 4329 2427 4383 ἐλεεῖτε
2455 4328 2916 4399 διαφθειρομένην
2944 4328 3044 4398 τὴν
3080 4329 3429 4399 ἀνθρωπίνην
3453 4329 3640 4397 φύσιν,
3664 4330 3797 4384 ἀλλά

2221 4409 2312 4481 τὸν
2347 4407 2578 4463 πλοῦτον
2601 4408 2755 4479 ὑμῶν
2782 4410 2987 4477 σήπετε
3009 4409 3091 4472 είς
3119 4409 3441 4479 κατάκριμα
3461 4410 3574 4463 τῶν
3611 4412 3797 4481 ψυχῶν

530 4500 690 4571 yart}:
718 4487 857 4571 αύτά
879 4488 1131 4571 ἀϐλαϐῶς
1172 4491 1461 4563 διοικῆσαι,
1502 4487 1866 4565 ἐπιστάμενος
1909 4503 2109 4571 μᾶλλον
2139 4488 2191 4549 D
2218 4490 2370 4571 ῥμῶν
2401 4506 2417 4555 ἱ
2459 4488 2688 4571 Ἔῇκεῖνφι
2724 4488 3065 4571 σκληψάμενφξ
3116 4488 3276 4559 δῆθεν
3303 4488 3536 4571 ,εὔλογον
3580 4493 3795 4561 σκῆψινν

530 4563 669 4652 ἐμοῦ
698 4566 825 4652 τοὺς
853 4569 1093 4652 εύλόγως
1120 4572 1433 4641 ὀφείλοντας
1462 4563 1923 4649 ἐπικουρηθῆναιξ
1967 4582 2110 4652 Ἐγὼ

529 4647 641 4716 γάρ
660 4646 871 4712 τούτοις
891 4650 1062 4723 ἀρκοῦ
1071 4670 1188 4722 μαι.

1101 4732 1353 4787 ΚΕΦΑΔ.
1420 4734 1544 4800 ῌΡ.

1101 4812 1242 4879 Περὶ
1294 4811 1541 4882 Διοκλῆ.

604 4874 771 4969 Οὗτος
796 4886 851 4940 δέ
876 4888 905 4940 6
941 4874 1311 4969 Adzoxlﬁgvdnb
1352 4874 1744 4965 γραμματικῆς
1790 4898 1888 4967 μὲν
1918 4900 2109 4969 ἀχθεὶς

527 4962 596 5015 τὰ
623 4964 833 5049 πρῶτα,
862 4969 940 5049 είς
966 4967 1191 5049 ὕστερον
1218 4969 1277 5023 δέ
1315 4969 1439 5032 δοὺς
1471 4962 1661 5025 ἐαυτὸν
1687 4962 1766 5038 είς
1791 4962 2110 5049 ξριλοσοξρούί-

529 5057 688 5130 μενά,
720 5044 797 5114 τῷ
818 5047 996 5130 χρόνῳ
1024 5047 1124 5130 τῆς
1148 5050 1367 5130 χάριτος
1389 5050 1551 5130 αὑτὸν
1571 5044 1876 5126 ἐλκυσάσης
1906 5044 2107 5130 εἰς’τὴν

526 5120 777 5205 οὐράνιον
827 5124 1145 5205 φιλοσοφίαν
1175 5143 1189 5157 ο
1214 5127 1457 5182 εἰκοστὸν
1511 5131 1689 5185 τοίνυν
1749 5120 1934 5201 ὄγδοον
1968 5120 2104 5205 ἐτός

526 5200 674 5284 ἄγων
712 5202 815 5284 τῆς
845 5204 1085 5275 ἡλικίας,
1143 5206 1454 5273 ἀπετάξατο
1495 5210 1594 5280 μὲν
1636 5212 1745 5267 τῶν
1793 5200 2105 5284 ἐγκυκλίων

526 5280 934 5351 παιδευμάτων,
974 5285 1301 5350 συνετάξατο
1344 5286 1401 5339 δὲ
1435 5286 1545 5343 τῶν
1571 5293 1679 5356 τοῖς
1711 5280 1979 5364 οὐρανίοις
2009 5299 2104 5353 τοῦ

535 5360 773 5444 Χριστοῦ
836 5364 1140 5437 μαθήμασι.
1202 5368 1311 5421 Καὶ
1362 5368 1523 5435 αὐτὸς
1580 5372 1718 5444 ἔχων
1780 5360 2104 5443 τριακοστὸν

532 5442 793 5529 ’πέμπτονΔ
821 5445 940 5509 ἐτος
971 5448 1157 5529 ἐντοῖς
1191 5448 1494 5529 σπηλαίοις.
1532 5442 1698 5516 Οὗτος
1732 5442 1917 5524 ἔλεγεν
1947 5461 2100 5529 ήμῖν·

539 5520 745 5606 ξυλνοῦς
770 5525 1013 5589 ἀποστάς
1034 5528 1132 5596 τῆς
1170 5526 1264 5579 τοῦ
1296 5528 1429 5582 Θεοῦ
1463 5530 1693 5602 θεωρίας
1720 5520 1844 5588 κατ(
1872 5520 2100 5606 ἔννοιαν,

528 5598 558 5665 ἦ
590 5597 798 5670 δαίμων
826 5604 1055 5671 γίνεται,
1085 5606 1117 5673 ἢ
1143 5607 1337 5677 κτῆνος
1365 5624 1377 5638 ·
1401 5597 1643 5678 ήμῶνδὲ
1680 5597 2103 5682 φιλοπευστούνλ

525 5694 635 5765 των
682 5682 772 5765 τὸν
819 5684 1020 5754 τρόπον
1063 5684 1123 5738 ὃν
1158 5682 1331 5751 εἶπεν,
1380 5688 1567 5757 ἔλεγεν
1614 5692 1912 5757 οῦτως,ὃτι
1960 5700 2103 5765 Νοῦς

526 5758 817 5831 ἀνθρώπου
846 5763 980 5818 Θεοῦ
1009 5764 1241 5835 θεωρίας
1281 5771 1640 5841 ἀναχωρήσας
1669 5775 1729 5839 ἐξ
1773 5779 2017 5847 ἀνάγκης

2219 4569 2431 4637 λέγουσι
2462 4568 2540 4638 τῷ
2572 4569 2731 4638 ἁγίῳ,
2785 4568 2868 4621 ὅτι
2892 4569 3007 4621 υύκ
3033 4568 3228 4639 ἔχομεν
3261 4566 3367 4620 τίνι
3417 4570 3795 4641 πιστεύσωμεν

2219 4649 2354 4719 πρὸς
2383 4649 2445 4701 ’τὸ
2469 4649 2788 4719 διακονῆσαι
2815 4652 2928 4709 τοῖς
2953 4648 3311 4718 λιμώττουσιν
3334 4648 3551 4716 ἄρτους.
3588 4653 3794 4716 Πάντες

2218 4730 2326 4800 γάρ
2392 4728 2766 4798 καπηλεύουσι
2816 4728 2887 4780 τὰ
2935 4729 3259 4798 πράγματα.
3315 4727 3477 4793 Λέγει
3541 4729 3723 4793 αὐτοῖς
3767 4734 3795 4783 6

2215 4810 2469 4879 ἐνάρετος
2495 4804 2670 4871 οὗτος·
2704 4807 2787 4860 Τά
2829 4807 2961 4878 περὶ
3005 4806 3142 4877 ἐμοῦ
3180 4806 3296 4871 πῶς
3328 4807 3527 4876 ,ἔχετε;
3560 4809 3613 4859 τί
3667 4812 3794 4878 ὑμῖν

2214 4889 2357 4942 δοκῶ
2386 4887 2533 4956 ἐγώ;
2574 4886 2897 4956 ’Λνθρωπόν
2923 4904 2983 4941 σε
3011 4887 3235 4957 οἴδαμεν
3264 4886 3354 4940 τοῦ
3384 4886 3543 4939 Θεοῦ·
3582 4888 3712 4960 φίλη
3738 4891 3795 4945 δὲ

2215 4968 2443 5040 ἀλήθεια
2470 4985 2483 4999 ·
2515 4967 2757 5039 μεγάλην
2807 4966 3075 5037 ὑπόληψιν
3120 4963 3265 5036 εἶχεν
3308 4968 3457 5039 παρά
3507 4970 3676 5020 πᾶσιν
3729 4972 3790 5024 οὗ

2214 5047 2449 5117 ψευδῶς,
2493 5046 2610 5099 ἀλλ’
2658 5046 2898 5119 ἀληθῶς.
2928 5048 3091 5116 Λέγει
3123 5048 3304 5111 αὐτοῖς
3332 5050 3360 5100 6
3408 5046 3500 5100 τοῦ
3553 5048 3789 5119 Χριστοῦ

2211 5126 2397 5189 δοῦλος
2424 5141 2437 5155 ·
2476 5126 2540 5181 Et
2584 5126 2757 5191 οὕτως
2812 5128 2988 5181 οῐεσθε
3045 5127 3118 5180 τὰ
3153 5127 3273 5180 κατ’
3297 5126 3416 5196 ἐμὲ,
3458 5128 3585 5196 ἐμοὶ
3632 5130 3793 5197 ἐμπι-

2215 5206 2477 5262 στεύσατε
2538 5209 2637 5280 τὴν
2691 5208 2799 5262 τῶν
2850 5209 3233 5279 λιμωττόντων
3288 5206 3626 5275 ἐπιμέλειαν.
3693 5211 3794 5262 Λέ-

2212 5308 2400 5361 γουσιν
2446 5292 2595 5363 αὐτῷ
2644 5293 2695 5346 οί
2727 5293 2949 5364 σοϐαροί
2981 5288 3149 5348 Ἐἴθε
3195 5290 3488 5355 καταξιοῖς.
3536 5291 3793 5359 Ἀποκρί-

2212 5377 2568 5440 νεταιαύτοῖς
2634 5378 2873 5448 Ἐφραίμ
2921 5380 2949 5431 6
3012 5379 3267 5439 ἐκλεκτὸς
3320 5375 3413 5428 τοῦ
3461 5374 3622 5428 Θεοῦ·
3664 5376 3788 5429 Ίδου

2212 5456 2319 5509 ἀπὸ
2374 5458 2612 5528 σήμερον
2669 5458 2737 5511 δι’
2801 5458 2944 5527 ὑμᾶς
3004 5458 3295 5528 χειροτονῶ
3360 5456 3595 5526 ἐμαυτὸν
3644 5456 3787 5520 ξενο-

2212 5536 2364 5605 δόχον
2412 5540 2522 5589 τῶν
2571 5538 2879 5609 δεομένων·
2929 5540 3021 5590 καὶ
3062 5538 3243 5591 λαϐὼν
3277 5536 3405 5606 παρ’
3460 5537 3642 5589 αὐτῶν
3693 5538 3789 5605 ἀρ’

2210 5615 2397 5685 γύρια,
2450 5616 2544 5667 καὶ
2602 5615 2887 5685 διαφρίξας
2935 5619 3061 5680 τοὺς
3112 5618 3391 5687 ἐμϐόλους,
3436 5620 3532 5669 καὶ
3587 5616 3787 5683 στήσας

2212 5694 2397 5758 κλίνας
2449 5698 2525 5761 ὡς
2586 5700 2922 5769 τριακοσίας,
2976 5700 3291 5768 ἐνοσοκόμει
3344 5697 3782 5765 ἀσθενεστέρους,

2211 5777 2441 5846 ἐπήρκει
2493 5779 2547 5832 δὲ
2603 5782 2711 5842 τοῖς
2766 5778 3115 5848 λιμώττουσι.
3190 5779 3296 5832 Καὶ
3347 5780 3470 5840 τοὺς
3552 5778 3649 5847 μὲν
3695 5777 3782 5825 ὲκ-
