4040 6586
346 394 486 453 12υὸ

336 511 685 574 cusstonihus,

335 613 383 654 et
417 602 549 656 dixit
582 620 593 655 :
630 603 794 656 Datus
825 612 906 656 est
936 603 1064 656 mihi
1095 600 1340 656 stimulus
1379 600 1576 665 carnis,
1602 610 1658 653 ut
1686 616 1769 655 me
1802 616 1895 653 co-

337 693 406 758 lat
425 695 586 757 hizet,
622 707 689 748 ne
718 694 851 747 forte
880 693 1104 746 extollar
1132 690 1219 761 (11
1243 689 1363 744 Cor.
1385 690 1461 759 xl)
1485 706 1499 754 ;
1526 706 1591 744 ne
1619 691 1751 743 forte
1774 704 1892 742 cum

335 784 608 838 miraculis
627 783 777 854 quies
803 795 856 839 et
882 800 1058 839 rerum
1082 798 1361 838 successus
1390 794 1441 836 et
1464 785 1635 835 honor
1661 784 1709 836 ei
1741 798 1895 836 accc-

331 878 484 941 deus,
535 890 654 928 eum
704 875 757 928 in
805 873 1157 943 arrogantiam
1198 874 1437 939 injiceret
1474 873 1785 926 diabolicam
1814 887 1895 925 su-

333 962 514 1030 perbia
540 964 755 1018 elatum.
802 964 1038 1018 Relictus
1079 977 1286 1032 quoque
1316 971 1399 1015 est
1426 963 1746 1031 paralyticus
1774 978 1895 1029 pro-

334 1061 452 1119 pler
504 1064 795 1120 peccatum.
837 1053 933 1108 Cui
1001 1056 1135 1109 dixit
1180 1056 1428 1108 Dominus
1485 1070 1499 1107 :
1546 1052 1684 1107 Ecce
1732 1068 1895 1107 sanus

334 1142 504 1194 lactus
549 1159 628 1204 es,
659 1145 765 1197 noli
789 1146 1015 1213 amplius
1046 1160 1265 1211 peccare
1300 1143 1476 1211 (Joan.
1504 1144 1576 1213 v).
1605 1144 1894 1197 Derelictus

330 1250 538 1304 quoque
567 1245 647 1289 cst
667 1235 849 1300 Judas,
882 1239 968 1304 qui
1009 1237 1172 1305 pluris
1202 1236 1398 1290 fecerat
1438 1237 1713 1304 pecuniam
1736 1250 1892 1303 quam

328 1329 546 1381 verbum
570 1330 729 1392 vitae;
763 1330 1009 1394 quocirca
1044 1329 1134 1382 fuit
1167 1330 1325 1384 etiam
1350 1330 1639 1384 Sull’ocatus
1667 1328 1803 1398 (Act.
1830 1329 1890 1395 ι).

330 1413 620 1468 Derelictus
651 1434 860 1485 quoque
902 1428 986 1472 est
1025 1420 1162 1471 Esau
1185 1459 1200 1481 ,
1247 1430 1300 1471 et
1332 1419 1519 1472 incidit
1551 1421 1603 1471 in
1628 1418 1889 1486 intempe-

331 1510 579 1571 rantiam,
613 1517 668 1561 ut
711 1509 797 1576 qui
842 1518 1047 1564 stercus
1121 1508 1496 1563 intestinorum
1548 1508 1897 1576 praeposuerit

329 1595 684 1651 benedictioni
710 1608 941 1666 paternae
974 1597 1126 1667 (Gen.
1153 1597 1354 1667 xxvn);
1389 1599 1522 1651 adeo
1547 1604 1605 1650 ut
1631 1611 1751 1650 cum
1781 1596 1896 1651 haec

328 1689 505 1741 omnia
533 1688 789 1743 sensisset
817 1691 1003 1744 beatus
1033 1691 1301 1759 apostolus
1338 1689 1529 1743 Paulus
1553 1731 1569 1755 ,
1599 1687 1796 1743 dixerit
1828 1688 1895 1743 de

329 1776 641 1845 aliquibus:
678 1779 936 1845 Quoniam
981 1782 1123 1833 enim
1176 1794 1279 1832 non
1327 1779 1684 1848 probaverunt
1730 1778 1893 1832 Deum

1609 398 1924 456 HISTORIA
1965 398 2318 454 LAUSIACA.

764 521 819 566 οι
889 508 1114 566 diversis
1184 506 1417 578 iactatus
1486 507 1886 574 arniciionibus,
1917 510 1969 566 Α
1997 522 2113 561 cum
2136 525 2193 562 se
2218 523 2394 576 postea
2416 510 2649 564 dedisset
2680 511 3053 581 philosophia},
3078 514 3290 573 tandem
3316 517 3558 574 trahente

3420 416 3558 472 I206

1996 608 2123 652 eum‘
2146 602 2311 667 gratia
2334 601 2397 653 ad
2427 602 2694 654 cmlestem
2724 603 3135 671 philosophiam,
3163 614 3334 663 mtatis
3355 625 3550 665 annum

1995 703 2158 756 agens
2190 690 2495 757 vigesimum
2527 692 3362 762 octavum,renunliavitquidem
3391 694 3550 750 discio

1997 780 2153 847 plinis
2179 781 2502 846 liberalibus,
2537 797 2595 836 se
2623 783 2838 837 Christo
2872 800 2996 837 vero
3026 786 3339 853 conjunxit;
3374 799 3424 842 et
3451 791 3561 861 jam

1995 873 2321 941 trigesimum
2368 874 2605 941 quintum
2651 890 2845 928 annum
2876 878 2981 943 agit
3012 878 3061 930 in
3095 876 3363 945 spelunca.
3402 880 3448 930 Is
3476 880 3551 933 di-

1995 963 2149 1016 cebat
2193 965 2344 1017 nobis
2392 964 2533 1031 quod
2579 980 2730 1018 mens
2776 980 2895 1032 quae
2942 965 3257 1033 cogitatione
3286 963 3502 1021 recessit
3532 979 3560 1015 a

1998 1054 2090 1107 Dei
2115 1054 2599 1122 contemplatione,
2637 1054 2691 1107 tit
2723 1055 2804 1108 vel
2834 1056 3071 1121 daemon,
3104 1057 3188 1111 vel
3222 1058 3409 1109 bestia.
3454 1055 3559 1110 No.

1997 1144 2077 1197 bis
2104 1153 2276 1197 autem
2319 1145 2622 1212 rogantibus
2669 1161 2683 1197 :
2728 1144 2967 1210 Quonam
3014 1146 3216 1199 modo?
3262 1147 3338 1200 sic
3386 1144 3555 1198 dixit:

1996 1234 2144 1287 Mens
2171 1249 2289 1298 quae
2319 1234 2539 1287 recessit
2566 1250 2593 1285 a
2626 1234 2713 1287 Dei
2746 1237 3193 1303 contemplatione
3212 1276 3226 1299 ,
3260 1236 3557 1289 necessario

1997 1322 2148 1391 (I46)
2174 1324 2357 1377 incidit
2396 1324 2476 1377 vel
2511 1326 2559 1377 in
2589 1326 2882 1378 dannonetn
2928 1327 3261 1394 cupiditatis,
3289 1329 3374 1397 qui
3406 1330 3453 1380 iu
3485 1329 3558 1381 la.

1996 1413 2210 1467 sciviam
2238 1414 2479 1479 impellit,
2509 1415 2588 1467 vel
2622 1415 2671 1467 in
2696 1416 2937 1481 Spiritum
2965 1416 3053 1468 ἱππ»
3084 1419 3385 1485 malignum.
3419 1420 3560 1473 unde

1996 1504 2329 1559 irrationales
2354 1507 2619 1574 appetitus
2646 1506 2951 1574 gignuntur.
2988 1508 3053 1561 Et
3074 1508 3321 1561 Iascivam
3346 1510 3557 1577 quidem

1996 1596 2335 1663 cupiditatem
2367 1611 2486 1650 esse
2516 1596 2726 1652 dicebat
2767 1597 3050 1651 belluinam
3073 1639 3089 1665 ,
3119 1598 3249 1651 iram
3292 1614 3418 1651 vero
3446 1599 3559 1651 da:-

1996 1686 2286 1741 moniacam
2328 1687 2763 1743 commotionem.
2801 1685 2931 1740 Cum
2961 1701 3059 1755 ego
3088 1693 3263 1739 autem
3294 1689 3561 1740 contradi-

1998 1788 2171 1832 cerem
2202 1795 2213 1829 :
2246 1776 2522 1844 Quomodo
2553 1776 2664 1831 fieri
2697 1785 2871 1846 potest
2919 1786 2978 1829 ut
3022 1792 3171 1830 mens
3220 1776 3442 1828 humana
3493 1777 3563 1829 sit

331 1867 529 1920 habere
562 1868 613 1920 in
647 1868 972 1935 cognitione,
1010 1869 1121 1923 trad
1146 1870 1223 1923 dit
1259 1883 1352 1922 eos
1383 1870 1433 1922 in
1461 1869 1744 1937 reprobum
1769 1884 1892 1923 sen-
1919 1864 1967 1925 Β
1995 1881 2113 1921 cum
2145 1866 2255 1919 Deo
2281 1867 2397 1921 sine
2427 1866 2857 1921 intermissione?
2890 1866 3001 1932 ipse
3043 1865 3251 1920 dicebat
3279 1882 3293 1919 :
3325 1866 3474 1931 Quod
3505 1865 3557 1919 in

330 1970 471 2023 sum,
504 1966 560 2011 ut
583 1959 774 2012 faciant
795 1976 911 2028 qua:
933 1975 1039 2013 non
1062 1959 1570 2030 conveniunlUiom.
1597 1958 1659 2028 ι).
1688 1960 1758 2014 De
1779 1959 1894 2013 aliis

330 2058 508 2101 autem
538 2050 626 2118 qui
660 2049 973 2104 videbantur
1009 2050 1203 2105 habere
1249 2051 1339 2105 Dei
1370 2051 1724 2119 cognitionem
1772 2064 1929 2103 cum'

329 2152 509 2196 mente
564 2152 810 2213 corrupta
862 2153 915 2200 et
964 2144 1106 2198 inani
1164 2155 1396 2207 tumore,
1438 2142 1891 2209 dicitzQuoniam

328 2230 471 2283 enim
502 2245 620 2284 cum
648 2232 812 2286 Deum
844 2232 1252 2303 cognovissent,
1285 2247 1387 2285 non
1418 2240 1473 2285 ut
1504 2231 1663 2285 Deum
1690 2231 1894 2302 gloriﬁ-

326 2328 603 2383 caverunt,
636 2331 727 2373 aut
753 2323 952 2391 gratias
977 2330 1219 2390 egerunt,
1249 2320 1463 2375 tradidit
1506 2336 1601 2376 eos
1651 2321 1791 2374 Deus
1838 2320 1892 2375 in

329 2412 608 2477 passiones
648 2412 980 2483 ignominiae;
1025 2413 1159 2467 adeo
1191 2422 1247 2466 ut
1292 2427 1388 2467 nos
1425 2428 1489 2467 ex
1515 2430 1580 2468 eo
1609 2428 1895 2481 cognosca-

329 2516 446 2555 mus
477 2501 591 2554 tieri
618 2517 719 2555 n0n
758 2518 915 2571 posse
945 2514 1000 2556 ut
1025 2504 1178 2557 cadat
1206 2503 1400 2573 aliquis
1443 2504 1497 2557 in
1540 2505 1894 2571 intemperan-

328 2590 477 2654 tium,
504 2593 593 2660 qui
626 2607 729 2645 non
759 2593 919 2646 luerit
969 2593 1253 2648 derelictus
1298 2609 1326 2646 a
1378 2593 1468 2645 Dei
1516 2594 1842 2661 providentia
1875 2636 1892 2660 ,

326 2698 544 2756 propter
578 2689 947 2756 negligentiam
976 2696 1029 2742 et
1056 2685 1352 2742 socordiam
1376 2702 1558 2741 eoru.n
1606 2689 1693 2754 qui
1745 2688 1899 2742 dere-

328 2779 631 2848 Iinquuntur
651 2790 704 2834 et
725 2780 1046 2835 deseruntur
1071 2781 1135 2835 ad
1167 2780 1267 2835 hoc
1289 2788 1346 2833 ut
1373 2779 1485 2835 haec
1525 2782 1602 2836 eis
1626 2781 1895 2835 eveniant.

889 2873 1113 2928 CAPUT
1150 2871 1334 2927 XCVI.

754 2962 874 3018 Vita
917 2964 1111 3016 abbatis
1160 2965 1465 3017 Solomonis.

404 3051 457 3110 In
485 3056 699 3111 Antinoi
725 3056 941 3113 civitate
983 3059 1214 3127 regionis
1244 3057 1526 3113 Thebaidis
1555 3058 1898 3127 quadraginta

331 3168 501 3206 annos
527 3163 788 3222 versatus,
808 3169 873 3209 eo
898 3165 1135 3223 tempore
1159 3155 1336 3221 accepi
1360 3155 1518 3208 etiam
1545 3156 1897 3223 cognitionem

1998 1972 2312 2027 quacunque
2341 1958 2660 2027 cogitatione
2690 1960 2769 2011 vel
2802 1972 2858 2011 re
2890 1957 2971 2026 pia
2995 1966 3049 2011 et
3072 1956 3247 2012 divina
3274 1957 3428 2011 fuerit
3449 1956 3561 2011 ani-

1998 2064 2103 2113 ma,
2135 2063 2195 2101 ea
2224 2057 2307 2101 est
2332 2062 2449 2101 cum
2482 2047 2613 2102 Deo.

2562 2135 2784 2192 CAPUT
2816 2136 2999 2190 XCIX.

2452 2228 2571 2283 Vita
2601 2228 2801 2281 abbatis
2839 2227 3117 2297 Capitonis.

2068 2319 2241 2387 Prope
2265 2332 2385 2372 eum
2415 2318 2662 2372 manebat
2699 2317 2906 2385 quidam
2943 2317 3127 2385 Capito
3157 2315 3245 2383 qui
3284 2316 3457 2369 fuerat
3483 2314 3564 2369 la-

1999 2425 2101 2478 tro,
2131 2413 2218 2480 qui
2247 2427 2366 2467 cum
2396 2409 2773 2480 quinquaginta
2802 2423 2971 2462 annos
3020 2409 3291 2477 implesset
3338 2402 3389 2455 in
3446 2418 3563 2476 Spe-

1998 2506 2188 2570 lunc-is,
2220 2515 2444 2572 quatuor
2469 2503 2705 2555 millibus
2733 2502 2888 2569 longe
2916 2500 2981 2553 ab
3011 2502 3139 2554 urbe
3177 2500 3407 2559 Antinoi,
3455 2514 3559 2553 non

1998 2594 2124 2648 abiit
2147 2611 2176 2647 a
2213 2594 2464 2661 spelunca
2494 2608 2658 2662 usque
2683 2591 2747 2644 ad
2780 2592 2997 2645 ﬂuvium
3052 2591 3222 2643 Nilum
3249 2631 3261 2650 ,
3294 2589 3471 2642 dICt‘IIS
3500 2604 3558 2643 se

2001 2704 2103 2742 non
2132 2702 2286 2756 posse
2317 2688 2492 2740 turbas
2522 2686 2813 2741 convenire
2836 2727 2851 2752 ,
2880 2700 2944 2740 eo
2974 2684 3113 2755 quod
3141 2683 3436 2741 communis
3462 2681 3555 2736 ad-

2002 2781 2267 2837 versarius
2292 2779 2341 2832 ei
2363 2778 2534 2833 adhuc
2557 2778 2850 2832 resisteret.

2621 2866 2848 2923 CAPUT
2886 2866 2946 2922 C.

2292 2960 2409 3015 Vita
2450 2960 2769 3013 anachorette
2818 2959 2902 3028 qui
2947 2955 3271 3010 illudebatur.

2072 3052 2204 3107 Cum
2232 3051 2314 3105 his
2356 3050 2579 3104 vidimus
2609 3049 2765 3103 etiam
2796 3046 3017 3101 alterum
3046 3045 3435 3107 anachoretam,
3469 3048 3560 3115 qui

2005 3144 2119 3212 ipse
2144 3156 2352 3213 quoque
2381 3150 2495 3195 erat
2520 3139 2767 3193 similiter
2789 3137 2839 3191 in
2867 3142 3139 3205 spelunca.
3172 3135 3219 3189 Is
3267 3136 3319 3189 in
3364 3135 3565 3189 somnis

333 3245 565 3298 omnium
595 3260 711 3313 quae
757 3254 879 3298 sum
923 3244 1031 3298 illic
1077 3255 1540 3300 monasteriorum,
1586 3244 1716 3298 Nam
1762 3244 1901 3299 circa
1931 3228 1978 3289 C
2010 3235 2194 3289 illusus
2222 3240 2387 3287 (nstro
2414 3245 2564 3283 vanae
2581 3230 2782 3298 glorite,
2816 3227 3041 3281 vicissim
3073 3224 3324 3279 illudebat
3352 3237 3445 3278 eos
3473 3223 3566 3293 qui

332 3333 596 3386 civitatem
627 3333 813 3387 sedeo:
843 3333 943 3387 viri
974 3334 1184 3388 circiter
1215 3333 1294 3388 bis
1324 3335 1501 3401 mille,
1536 3335 1777 3389 manibus
1825 3336 1903 3389 vi-

334 3433 538 3489 ventes,
567 3435 620 3479 et
643 3440 701 3480 se
732 3440 939 3478 summe
986 3434 1317 3479 exercentes.
1349 3425 1405 3479 In
1452 3427 1533 3480 his
1580 3434 1699 3479 sunt
1743 3427 1900 3479 etiam

332 3519 671 3571 anachoretze
719 3518 806 3585 qui
837 3517 1044 3573 seibsos
1065 3516 1395 3571 incluserunt
1434 3517 1485 3569 in
1516 3517 1786 3584 Speluncis
1819 3532 1905 3569 ru-

333 3607 475 3674 pium
503 3623 514 3657 :
548 3606 685 3659 inter
712 3618 846 3674 quos
874 3592 956 3659 eSt
984 3605 1234 3659 Solomon
1263 3605 1341 3658 vir
1366 3604 1822 3658 mansuetissimus
1851 3612 1906 3658 et

334 3697 875 3762 temperantissimos,
906 3704 960 3749 et
985 3696 1075 3764 qui
1100 3696 1297 3749 donum
1328 3696 1488 3750 habet
1517 3697 1828 3750 tolerantiae.
1860 3697 1906 3750 Is

334 3786 710 3856 quinquaginta
774 3801 944 3841 annos
996 3785 1141 3857 degit
1176 3788 1227 3841 in
1268 3788 1548 3856 Spelunca,
1577 3786 1674 3841 sibi
1712 3789 1905 3841 victum

334 3881 682 3950 suppeditans
712 3896 877 3952 opere
910 3896 1184 3949 manuum,
1212 3890 1266 3937 et
1296 3880 1480 3936 didicit
1508 3889 1670 3935 totam
1702 3895 1909 3936 sacram

335 3973 691 4046 Scripturam.

899 4041 1124 4098 CAPUT
1161 4041 1367 4097 XCVII.

807 4133 920 4193 Vita
949 4137 1143 4190 abbatis
1182 4135 1448 4194 Durothei.

411 4229 530 4287 Fuit
549 4230 708 4286 etiam
734 4230 947 4301 quidam
974 4229 1271 4284 Doroth‘eus
1293 4229 1637 4299 presbyterio
1658 4230 1761 4284 alia
1792 4244 1911 4299 spe-

333 4323 498 4378 lunca
530 4322 809 4385 habitans,
841 4320 930 4390 qui
970 4321 1022 4374 in
1065 4334 1271 4374 summa
1301 4320 1534 4375 bonitate
1565 4323 1674 4390 ipse
1705 4335 1913 4390 quoque

334 4418 502 4475 vitam
517 4418 645 4472 vixit
663 4417 1007 4486 inculpatam,
1032 4417 1329 4485 dignusque
1350 4423 1433 4471 est
1459 4417 1668 4469 habitus
1693 4416 1914 4484 presby-

336 4521 538 4579 teratu,
567 4523 620 4567 et
651 4511 917 4566 ministrat
942 4510 1192 4565 fratribus
1221 4494 1309 4579 qui
1352 4519 1476 4564 sunt
1516 4509 1569 4562 in
1617 4508 1905 4576 speluncis.

339 4603 480 4658 Huic
526 4602 809 4673 aliquando
856 4600 1138 4657 Melanium
1182 4601 1391 4670 iunior,
1424 4613 1626 4668 magna:
1673 4598 1913 4653 Melania:

339 4696 541 4766 neptis,
571 4695 637 4751 de
663 4711 764 4765 qua
792 4696 963 4749 dicam
1008 4704 1221 4762 postea,
1248 4694 1393 4747 misit
1428 4693 1743 4762 quingentos
1782 4690 1913 4746 solio

343 4791 471 4853 dos,
500 4802 692 4856 rogans
723 4803 843 4841 eum
886 4796 943 4839 ut
984 4787 1308 4839 ministraret
1334 4784 1606 4838 fratribus.
1639 4783 1690 4835 Is
1734 4790 1912 4837 autem

341 4895 469 4935 cum
502 4888 612 4931 tres
637 4878 779 4931 solos
800 4876 1114 4946 accepisset,
1148 4876 1289 4929 misit
1318 4875 1551 4942 reliquos
1581 4872 1649 4926 ad
1680 4872 1915 4926 Dioclem

343 4973 764 5035 anachorelam,
794 4970 962 5022 virum
1009 4982 1215 5022 summa
1261 4968 1562 5035 cognitione
1610 4965 1915 5033 praeditum,

343 5062 575 5116 dicens:
614 5061 708 5114 Est
735 5076 820 5113 me
859 5057 1151 5128 sapientior
1197 5058 1357 5110 frater
1390 5056 1617 5122 Diocles,
1649 5065 1701 5109 et
1746 5062 1920 5124 potest

347 5166 445 5208 eos
475 5152 677 5221 integre
704 5160 758 5205 et
784 5151 1094 5204 innocenter
1120 5148 1460 5215 dispensare,
1493 5156 1550 5199 ut
1577 5148 1665 5215 qui
1694 5162 1777 5199 me
1804 5161 1915 5200 me-

348 5242 458 5295 lius
486 5241 619 5294 sciat
648 5254 741 5294 eos
769 5239 959 5307 quibus
997 5238 1067 5290 sit
1094 5237 1284 5290 merito
1318 5233 1591 5290 ferendum
1623 5234 1874 5289 auxilium
1904 5249 1916 5262 '

351 5346 481 5387 vtam
514 5329 570 5386 hi
597 5331 724 5386 mibi
753 5328 1044 5385 sufﬁciunt.

905 5436 1131 5494 CAPUT
1154 5436 1377 5493 XCVIII.

863 5551 975 5609 Vita
999 5552 1191 5606 abbatis
1222 5552 1429 5605 Dioclis.

437 5648 537 5709 llic
558 5647 769 5705 Diocles
784 5646 834 5700 in
856 5643 1197 5716 grammatica
1217 5642 1426 5712 quidem
1446 5643 1668 5713 primum
1682 5639 1921 5704 edoctus,

434 5774 449 5805 ‘
491 5777 605 5836 Vita
634 5783 748 5852 eius
775 5788 945 5837 exstat
974 5794 1131 5849 supra
1165 5778 1255 5834 lib.
1291 5794 1329 5833 I.

2005 3327 2430 3397 decipiebantur,
2461 3333 2644 3378 ventos
2674 3334 2896 3390 pascens
2919 3319 3090 3389 (M7),
3118 3325 3173 3371 et
3201 3316 3413 3370 umbras
3445 3329 3569 3384 per-

2006 3434 2231 3489 sequens
2257 3415 2444 3488 (Eccfi.
2479 3414 2683 3482 xxxiv).
2714 3413 2777 3466 Et
2802 3410 3030 3465 habebat
3054 3409 3266 3479 quidem
3296 3410 3347 3461 in
3370 3421 3562 3474 corpo-

2008 3529 2068 3567 re
2096 3509 2523 3579 temperantiam,
2556 3516 2609 3560 et
2638 3514 2852 3575 pr0pler
2880 3512 3209 3557 senectutem
3231 3540 3245 3563 ,
3273 3508 3325 3553 et
3356 3508 3571 3568 propter

2009 3616 2217 3672 tempus
2241 3642 2254 3662 ,
2280 3611 2333 3655 et
2358 3599 2498 3652 forte
2529 3599 2686 3651 etiam
2718 3603 2933 3662 pr0pter
2968 3606 3158 3646 vanam
3186 3590 3405 3658 gIOriam
3438 3605 3451 3640 :
3487 3603 3573 3641 va-
3606 3612 3607 3615 η

2010 3712 2091 3751 nae
2119 3705 2293 3748 autem
2324 3690 2506 3760 gloria:
2554 3686 2963 3754 intemperantia
2992 3689 3273 3749 corruptus
3322 3686 3435 3733 erat
3462 3676 3577 3746 ejus

2009 3787 2240 3850 animus,
2268 3791 2321 3838 et
2347 3796 2377 3835 a
2399 3778 2645 3848 religiosa
2666 3774 3073 3829 conversatione
3095 3770 3266 3825 fuerat
3288 3771 3571 3824 alienatus.

2608 3890 2833 3945 CAPUT
2885 3888 2967 3942 Cl.

2295 3987 2416 4043 Vita
2442 3984 2605 4040 sancti
2636 3981 2875 4053 Ephmm
2902 3977 3054 4048 (I48)
3077 3975 3295 4030 diaconi.

2083 4078 2293 4136 Audisti
2314 4076 2532 4131 omnino
2552 4075 2619 4128 de
2645 4072 2893 4140 Ephraem
2914 4069 3139 4123 diacono
3161 4063 3398 4120 ecclesia:
3418 4063 3580 4119 Edes-

2008 4189 2263 4232 senorum
2297 4173 2340 4229 ¹.
2374 4170 2498 4225 Fuit
2525 4167 2669 4224 enim
2699 4180 2836 4219 unus
2864 4162 3019 4218 exiis
3045 4161 3133 4229 qui
3179 4160 3321 4224 digni
3358 4167 3481 4212 sunt
3509 4158 3577 4212 de

2013 4266 2207 4336 quibus
2234 4264 2327 4316 tiat
2354 4260 2552 4315 mentio
2598 4272 2631 4311 a
2676 4254 2874 4311 sanctis
2918 4252 3111 4306 Christi
3152 4250 3342 4304 servis.
3385 4247 3433 4301 Is
3458 4262 3580 4303 cum

2012 4358 2229 4426 spiritus
2257 4355 2392 4407 viam
2420 4351 2579 4419 digne
2601 4345 2913 4417 peregisset,
2941 4352 2995 4398 et
3022 4358 3049 4394 a
3092 4349 3236 4396 recta
3267 4354 3371 4393 non
3419 4337 3583 4392 decli-

2014 4456 2215 4515 nasset,
2246 4446 2434 4514 dignus
2462 4450 2545 4496 est
2570 4439 2781 4493 habitus
2819 4437 2988 4505 gratia
3019 4432 3271 4487 naturalis
3319 4430 3584 4501 cognitio-

2015 4540 2119 4606 nis,
2147 4553 2303 4608 quam
2331 4531 2678 4602 consequitur
2710 4526 2969 4596 theologia
2993 4565 3009 4591 ,
3039 4533 3092 4578 et
3125 4531 3392 4591 postremo
3453 4519 3587 4577 bea-

2013 4633 2207 4690 titudo.
2308 4626 2444 4684 Cum
2500 4636 2629 4692 ergo
2672 4621 2833 4675 vitam
2881 4615 3207 4671 exercuisset
3246 4615 3500 4683 quietam,
3534 4620 3589 4666 et

2020 4719 2199 4775 multis
2218 4716 2331 4787 jam
2358 4714 2513 4769 annis
2540 4712 2831 4767 aediﬁcaret
2856 4721 2951 4762 eos
2992 4706 3082 4775 qui
3112 4704 3461 4765 ventilabam,
3496 4716 3592 4769 po-

2020 4820 2132 4867 stea
2162 4824 2195 4865 e
2221 4807 2355 4863 cella
2384 4817 2696 4874 progressus
2721 4809 2801 4853 est
2832 4797 2930 4851 hac
2951 4797 3018 4849 de
3041 4807 3217 4847 causa.
3245 4791 3377 4846 Cum
3404 4805 3591 4857 magna

2020 4900 2191 4956 fames
2240 4896 2527 4952 invasisset
2572 4892 2843 4945 civitatem
2892 4885 3308 4944 Edessenorum,
3338 4880 3587 4935 misertus

2019 4991 2254 5048 omnium
2281 4987 2368 5054 qui
2398 4983 2639 5054 peribant
2664 4978 2975 5049 agrestium,
3008 4972 3267 5043 processit
3288 4970 3353 5023 ad
3380 4984 3474 5024 eos
3501 4969 3592 5038 qui

2028 5091 2181 5138 erant
2207 5080 2397 5134 divites
2424 5077 2475 5129 in
2505 5072 2737 5133 civitate,
2768 5075 2823 5121 et
2845 5065 2974 5119 dicit
3000 5063 3077 5117 eis
3109 5079 3122 5115 :
3154 5062 3258 5114 Cur
3285 5075 3392 5113 non
3431 5058 3594 5111 mise-

2029 5172 2215 5230 remini
2244 5172 2490 5223 humanae
2520 5170 2724 5217 naturae
2746 5171 2864 5227 quae
2887 5153 3088 5217 interit,
3113 5151 3206 5205 sed
3236 5165 3363 5220 opes
3390 5158 3596 5202 vestras

2027 5267 2202 5323 sinitis
2271 5271 2577 5330 putrescere
2636 5253 2704 5307 ad
2752 5248 3249 5307 condemnationem
3298 5243 3598 5296 animarum

2032 5354 2362 5411 vestrarum?
2407 5352 2475 5405 Se
2516 5355 2691 5401 autem
2739 5344 2961 5396 honeste
2988 5343 3337 5398 excusantes,
3372 5334 3552 5389 dicunt
3588 5346 3601 5380 :

2033 5448 2144 5506 Non
2174 5445 2429 5500 habemus
2455 5437 2538 5491 cui
2568 5436 2850 5490 credamus
2882 5429 2945 5484 ad
2976 5428 3077 5483 hoc
3101 5438 3156 5481 ut
3185 5440 3370 5494 panem
3401 5422 3604 5475 submi-

2036 5544 2223 5596 nistret
2257 5529 2609 5590 esurientibus
2645 5545 2656 5578 :
2696 5537 2883 5579 omnes
2927 5521 3065 5576 enim
3111 5532 3198 5572 res
3235 5525 3602 5584 cauponantur

2034 5628 2207 5700 (H9).
2239 5626 2287 5680 Is
2320 5624 2446 5676 vero
2476 5620 2606 5672 dicit
2633 5616 2711 5670 eis
2745 5633 2757 5666 :
2792 5612 2924 5680 Quid
2947 5626 3045 5678 ego
3063 5609 3221 5700 vobis
3242 5605 3462 5662 videor?
3486 5611 3603 5700 erat

2035 5693 2210 5778 autem
2242 5715 2378 5783 apud
2403 5724 2590 5765 omnes
2620 5707 2669 5759 in
2701 5717 2889 5768 magna
2918 5697 3331 5764 existimatione,
3367 5710 3472 5750 non
3505 5693 3604 5749 Ial-

2040 5831 2124 5871 so.
2153 5807 2246 5866 sed
2277 5818 2482 5862 revera.
2512 5800 2573 5855 Ei
2604 5798 2779 5866 itaque
2806 5794 2985 5849 dicunt
3022 5811 3033 5846 :
3068 5790 3319 5845 N0vimus
3344 5798 3397 5842 te
3429 5784 3600 5843 homi-
