4040 6598
589 437 730 491 1207

2058 434 2376 494 PALLAllll

3671 446 3775 502 1308

592 575 714 613 nem
750 559 860 610 Det.
896 557 953 612 Si
980 571 1098 611 eam
1131 555 1198 609 de
1226 571 1310 610 me
1357 555 1662 623 opinionem
1708 552 2052 624 concepistis,
2084 555 2157 609 ait
2189 565 2232 616 Α
2267 551 2322 604 in
2354 564 2509 605 suum
2540 549 2873 620 martyrium,
2908 551 3045 620 quod
3079 555 3193 621 ipse
3220 553 3594 617 :edilicaratJu
3624 573 3708 627 qo
3725 566 3775 618 si.

589 649 784 703 Christi
829 662 1045 712 servus,
1078 646 1205 700 mihi
1254 647 1321 700 de
1367 655 1566 698 cmtero
1615 645 1838 699 credite.
1884 647 2038 710 Ecce,
2070 661 2155 699 me

590 747 808 814 propter
838 752 932 791 vos
957 737 1097 806 eligo
1125 736 1386 803 hospitum
1416 744 1775 800 exceptorem.
1799 734 2035 802 Cumque
2063 749 2155 800 pe-

588 833 799 884 cuniam
829 830 1122 896 accepisset
1147 866 1161 890 ,
1189 835 1240 879 et
1271 825 1445 878 infixis
1475 824 1626 876 vallis
1669 833 1875 891 septum
1904 831 2154 877 constru-

593 924 776 988 xisset,
807 929 862 976 et
889 921 1050 975 lectos
1077 918 1141 971 ad
1193 925 1457 971 trecentos
1486 916 1776 978 statuisset,
1810 914 2029 968 curabat
2060 927 2153 967 eos

582 1017 674 1082 qui
702 1014 1021 1067 inﬁrmiores
1044 1018 1218 1072 erant,
1248 1008 1619 1076 suppeditabat
1642 1008 1703 1060 iis
1729 1007 1816 1076 qui
1859 1007 1999 1060 fame
2028 1021 2156 1060 con-

587 1105 902 1160 ficiebantur
930 1119 944 1153 :
977 1115 1070 1155 eos
1112 1099 1325 1167 quidem
1358 1099 1444 1167 qui
1493 1098 1806 1151 deﬁciebant
1852 1098 2151 1165 sepeliens;

585 1209 768 1250 eorum
801 1207 926 1245 vero
951 1192 1040 1261 qui
1070 1206 1217 1258 spem
1248 1190 1364 1241 vita:
1411 1187 1673 1241 habebant
1699 1202 1878 1241 curam
1923 1201 2146 1255 gerens;

582 1295 635 1338 et
662 1294 718 1337 ut
741 1283 905 1337 semel
934 1282 1129 1347 dicam,
1165 1279 1446 1347 hospitium
1473 1287 1527 1331 et
1556 1277 1903 1332 ministerium
1934 1288 2151 1346 pr0pter

579 1372 772 1429 famem
795 1373 1031 1442 quotidie
1053 1370 1309 1424 exhibens
1334 1386 1395 1422 ex
1421 1369 1484 1422 iis
1514 1384 1631 1435 qua:
1654 1368 2146 1435 suppeditabantur.

588 1464 806 1531 Impleto
853 1478 979 1524 ergo
1030 1476 1201 1526 anno,
1242 1475 1362 1512 cum
1409 1459 1754 1511 successisset
1798 1457 2063 1519 fertilitas,
2095 1467 2151 1512 et

575 1558 756 1610 omnia
786 1564 929 1608 recte
956 1551 1340 1614 succederent,
1364 1564 1483 1602 cum
1507 1547 1634 1601 nihil
1664 1549 1882 1601 haberet
1922 1543 2150 1613 amplius

578 1644 718 1711 quod
747 1651 948 1712 ageret,
979 1641 1248 1710 ingressus
1285 1648 1365 1693 est
1391 1640 1441 1690 in
1471 1653 1620 1691 suam
1666 1637 1851 1691 cellam
1882 1654 1896 1701 ;
1937 1647 1988 1691 et
2031 1646 2148 1704 post

580 1747 817 1787 mensem
845 1741 928 1786 est
957 1739 1214 1798 mortuus,
1242 1745 1362 1782 cum
1398 1729 1535 1782 Deus
1566 1728 1614 1782 ei
1647 1727 1781 1782 hanc
1811 1729 2144 1781 occasionem

580 1825 894 1891 praebuisset
922 1822 1278 1889 adipiscenda:
1309 1835 1521 1873 corona:
1554 1821 1603 1872 in
1647 1820 1902 1873 extremis
1933 1819 2140 1872 diebus.

2260 651 2327 698 tae
2356 651 2478 696 sunt
2506 643 2742 710 reliquiae
2771 643 2991 698 JOannis
3024 645 3310 714 Baptistae;
3353 655 3411 701 et
3456 663 3568 702 cum
3614 663 3692 717 pro
3733 668 3778 708 c0

2255 744 2462 788 orasset
2485 749 2648 800 usque
2669 734 2734 786 ad
2764 733 2947 787 horam
2975 751 3169 789 nonam
3201 737 3266 791 ab
3296 739 3425 790 hora
3451 741 3775 800 tertia.sanum

2256 821 2483 874 reddidit
2512 822 2908 876 adolescentem
2935 827 3110 889 matri,
3141 836 3195 879 et
3223 827 3413 880 eodem
3436 826 3517 881 die
3536 846 3584 882 et
3612 838 3776 907 paraly.

2255 912 2354 964 sim
2386 912 2588 979 expulit
2627 922 2680 965 et
2712 913 3034 968 daemonem.
3073 915 3200 970 Erat
3229 927 3410 971 autem
3439 920 3554 974 talis
3572 938 3672 990 ejus
3711 943 3756 992 pa

2256 1001 2466 1069 ralysis,
2497 1012 2554 1055 ut
2575 1016 2773 1068 spuens
2805 1018 2935 1072 puer
2957 1013 3159 1075 tergum
3182 1020 3338 1059 suum
3364 1021 3658 1076 conspucret
3680 1031 3691 1076 ;
3717 1017 3768 1070 ita

2254 1101 2371 1148 erat
2397 1094 2658 1147 inversus.
2695 1094 2852 1148 Aliud
2884 1110 3091 1148 rursum
3120 1096 3221 1150 fuit
3247 1100 3365 1164 ejus
3414 1101 3629 1167 signum.
3655 1103 3770 1170 Qua.

2254 1183 2372 1236 dam
2401 1200 2534 1238 anus
2564 1201 2680 1252 quae
2701 1199 2830 1239 oves
2859 1188 3104 1252 pascebat
3126 1189 3174 1241 in
3210 1189 3340 1243 locis
3365 1189 3575 1246 Lazario
3593 1195 3769 1264 vicinis,

2253 1281 2309 1325 et
2333 1285 2488 1326 ovem
2519 1273 2801 1338 amiserat,
2834 1276 3060 1329 accessit
3086 1277 3150 1329 ad
3183 1291 3305 1331 eum
3337 1278 3505 1345 flens;
3550 1297 3684 1352 quam
3708 1303 3767 1343 se-

2252 1370 2406 1417 cutus
2434 1363 2563 1417 dicit
2587 1365 2636 1417 ei
2668 1382 2680 1417 :
2713 1365 2947 1420 Ostende
2979 1368 3104 1421 mihi
3133 1369 3309 1422 locum
3345 1371 3430 1423 ubi
3460 1375 3694 1429 amiseris.
3716 1380 3768 1434 Ea

2253 1468 2384 1508 vero
2413 1454 2557 1508 ducit
2584 1470 2707 1509 eum
2741 1456 2807 1509 ad
2841 1457 2955 1510 loca
3005 1473 3123 1526 quae
3167 1469 3293 1513 sunt
3339 1461 3480 1515 circa
3525 1463 3766 1523 Lazarium.

2251 1542 2411 1597 Stans
2450 1559 2578 1614 ergo
2608 1547 2809 1600 oravit.
2841 1545 2940 1610 Qui
2965 1547 3204 1602 sufl'urati
3238 1557 3419 1603 autem
3457 1564 3597 1607 erant
3634 1559 3766 1613 adole-

2250 1643 2484 1697 scentes,
2515 1634 2681 1702 ipsam
2714 1636 2863 1704 prius
2888 1637 3218 1695 occiderant.
3249 1639 3387 1694 Dum
3416 1656 3538 1712 ergo
3565 1645 3663 1713 ipse
3683 1664 3768 1703 ora-

2249 1734 2352 1786 ret,
2386 1725 2596 1778 nemine
2625 1726 2932 1792 confitente,
2962 1743 3123 1783 carne
3153 1731 3422 1784 occultata
3446 1734 3499 1788 in
3529 1737 3765 1802 vinea,ali-

2249 1813 2420 1866 cunde
2451 1814 2670 1869 veniens
2699 1829 2892 1870 corvus
2921 1818 3066 1872 stetit
3095 1834 3256 1888 supra
3281 1821 3502 1889 furtum,
3525 1837 3574 1879 et
3591 1825 3764 1885 frustum

581 1914 810 1982 Reliquit
835 1924 1010 1966 autem
1043 1912 1235 1978 scripta
1261 1925 1469 1977 quoque
1496 1910 1670 1966 Studia
1692 1893 1846 1979 digna
1880 1926 1999 1978 quae
2025 1925 2140 1962 ma-
2172 1931 2220 1991 Β
2247 1917 2312 1956 ex
2343 1903 2434 1957 illo
2462 1905 2658 1974 rapuit,
2676 1920 2738 1960 ac
2759 1921 2943 1961 rursus
2971 1910 3229 1964 evolavit.
3261 1913 3399 1966 Cum
3434 1914 3606 1970 beatus
3631 1930 3763 1974 autem

575 2021 731 2078 gnam
762 2005 858 2059 viri
885 2003 1134 2058 virtutem
1165 2011 1440 2054 testantur.

1182 2090 1405 2146 CAPUT
1431 2090 1536 2146 Cll.

1076 2183 1194 2237 Vita
1219 2183 1411 2235 abbatis
1430 2182 1648 2235 Iuliani.

649 2275 836 2331 Audivi
867 2290 894 2328 a
926 2275 1154 2345 quodam
1189 2275 1238 2327 in
1269 2274 1369 2326 illis
1415 2273 1651 2342 partibus
1679 2271 1843 2328 fuisse
1869 2273 2138 2327 Julianum

576 2368 743 2422 virum
766 2367 1010 2420 maxima!
1033 2365 1452 2432 exercitationis,
1480 2365 1566 2432 qui
1600 2379 1718 2417 cum
1747 2380 1960 2418 carnem
1990 2379 2139 2419 suam

574 2475 730 2528 supra
760 2459 973 2511 modum
1022 2455 1321 2519 afflixisset,
1351 2469 1470 2508 ossa
1502 2456 1670 2509 solum
1709 2465 1762 2508 et
1793 2456 1981 2524 pellem
2027 2456 2136 2508 cir-

572 2548 918 2603 cumferebat.
948 2546 998 2602 ls
1023 2547 1074 2599 in
1099 2547 1352 2600 extremis
1383 2545 1502 2599 finis
1532 2547 1613 2599 sui
1636 2545 1821 2600 diebus
1842 2545 2033 2615 dignus
2057 2553 2142 2601 est

577 2644 783 2697 'nahitus
811 2639 975 2708 gratia
1005 2640 1359 2694 curationum.

1157 2726 1383 2783 CAPUT
1419 2725 1549 2782 Clll.

1051 2818 1170 2871 Vita
1193 2819 1321 2871 beati
1355 2815 1659 2870 Innocentii.

640 2914 717 2969 De
743 2911 900 2968 beato
930 2913 1242 2967 Innocentio
1286 2911 1601 2980 presbytero
1639 2909 1829 2964 Oliveti
1850 2949 1865 2974 ,
1898 2922 1928 2962 a
1960 2908 2140 2963 multis

575 3006 789 3076 quidem
819 3015 872 3059 et
901 3006 1108 3074 magnis
1136 3004 1347 3057 audiisti
1402 3021 1415 3054 :
1465 3001 1631 3056 nihilo
1674 3002 1847 3055 secius
1889 3010 2064 3054 autrm
2109 3017 2140 3055 a

570 3097 724 3150 nobis
752 3110 960 3164 quoque
990 3093 1191 3159 audies,
1215 3093 1301 3162 qui
1331 3102 1438 3147 tres
1456 3107 1626 3145 annos
1651 3106 1768 3145 cum
1799 3107 1864 3146 eo
1889 3091 2138 3144 viximus.

569 3185 697 3242 Nam
738 3201 856 3256 quae
897 3201 1040 3254 sarpe
1066 3185 1183 3238 illos
1230 3185 1513 3246 latuerunt,
1549 3183 1702 3237 nobis
1747 3183 2136 3248 innatuerunt;

2243 1996 2743 2064 animadvertisset,
2800 2001 2930 2055 vidit
2977 2011 3261 2057 mactatam
3310 2006 3596 2065 victimam.
3623 2010 3675 2064 Et
3709 2012 3766 2067 sic

2241 2084 2465 2155 juvenes
2491 2086 2557 2140 ad
2590 2089 2751 2157 pedes
2797 2091 2914 2160 ejus
2963 2094 3274 2149 accidentes
3321 2099 3550 2153 confessi
3592 2112 3693 2155 sunt
3725 2121 3765 2157 se

2239 2176 2576 2243 occidisse,et
2591 2179 2790 2248 justum
2811 2185 3035 2246 pretium
3062 2185 3154 2238 fuit
3179 2186 3247 2240 ab
3269 2187 3348 2241 eis
3371 2200 3604 2245 exactum
3620 2202 3764 2261 ;atquc

2239 2268 2312 2323 ita
2343 2269 2581 2339 castigati
2610 2279 2766 2338 sunt,
2801 2282 2855 2326 ut
2883 2288 2951 2328 ne
2980 2273 3102 2342 quid
3136 2277 3243 2332 tale
3275 2278 3506 2347 amplius
3529 2282 3763 2339 auderent.

2842 2381 3065 2440 CAPUT
3095 2386 3231 2442 CIV.

2748 2471 2865 2525 Vita
2907 2475 3101 2528 abbatis
3140 2478 3334 2530 Adolii.

2311 2557 2512 2613 Rursus
2542 2561 2662 2612 novi
2694 2559 3042 2630 Jcrosolymis
3075 2567 3386 2633 quemdam,
3421 2571 3619 2626 nomine
3657 2573 3760 2628 Ado-

2242 2647 2389 2716 lium,
2415 2665 2612 2720 genere
2641 2651 2960 2706 Tarsensem
2991 2671 3004 2707 :
3040 2656 3126 2723 qui
3158 2672 3280 2711 cum
3328 2659 3560 2716 venisset
3595 2663 3762 2718 Jerusa-

2241 2741 2402 2811 lyma,
2436 2745 2709 2811 ingressus
2751 2755 2834 2800 est
2863 2747 2999 2799 viam
3047 2749 3267 2805 minime
3304 2753 3480 2806 tritam
3509 2755 3661 2824 (ibi),
3688 2774 3762 2813 non

2241 2847 2397 2897 quam
2427 2834 2576 2887 multi
2611 2836 2835 2904 ingressi
2884 2848 3045 2904 sunt,
3100 2841 3192 2894 sed
3232 2841 3437 2896 selecto
3465 2845 3555 2899 sibi
3581 2849 3758 2915 quodam

2242 2939 2381 2977 novo
2434 2924 2552 2978 vita:
2580 2925 2842 2982 instituto.
2884 2929 2955 2982 Se
2983 2930 3125 2990 enim
3160 2945 3326 2999 super
3363 2933 3612 2989 hominem
3647 2951 3760 2990 exer-

2240 3013 2381 3080 cuit;
2477 3023 2538 3068 ut
2610 3012 2777 3069 etiam
2818 3015 2949 3087 ,ipsi
3027 3020 3176 3088 pravi
3222 3021 3496 3078 daemones
3538 3027 3760 3082 horrentes

2241 3105 2356 3174 ejus
2393 3106 2754 3160 austeritatem
2774 3147 2790 3172 ,
2821 3122 2890 3163 ne
2918 3108 2984 3163 ad
3010 3124 3130 3164 eum
3150 3112 3367 3179 quidem
3389 3115 3624 3169 auderent
3644 3134 3758 3172 acce-

2240 3194 2388 3250 dere.
2419 3195 2641 3264 Propter
2666 3212 2926 3252 summam
2958 3207 3136 3254 autem
3184 3205 3607 3259 exercitationem
3633 3216 3676 3260 et
3698 3207 3756 3259 vi-

568 3293 740 3347 mque
769 3293 895 3332 vero
926 3292 1060 3331 unus
1087 3277 1170 3330 vel
1196 3277 1352 3339 alter,
1383 3277 1474 3328 sud
1509 3289 1681 3344 neque
1721 3275 1902 3329 decem
1947 3284 2137 3344 potue-
2167 3309 2212 3370 Ο
2242 3287 2443 3354 ﬁliam,
2475 3287 2810 3342 existimatus
2855 3297 2939 3344 est
2965 3305 3085 3345 esse
3110 3304 3406 3360 spectrum.
3440 3294 3493 3348 In
3522 3295 3753 3364 quadrage-

567 3378 693 3426 runt
721 3368 876 3436 hujus
905 3368 1003 3421 viri
1033 3381 1247 3419 narrare
1276 3365 1515 3418 virtutes.
1554 3365 1600 3417 ls
1629 3365 1724 3417 fuit
1749 3364 1904 3432 longe
1935 3365 2138 3429 simpli-

567 3462 832 3515 cissimus.
864 3459 993 3513 Cum
1022 3466 1197 3510 autem
1224 3457 1267 3509 is
1291 3456 1474 3510 fuisset
1497 3454 1715 3508 illustris
1740 3454 1791 3507 in
1818 3454 2013 3521 palatio
2040 3454 2137 3508 sub

567 3551 887 3617 imperatore
904 3548 1214 3602 Constantio
1233 3545 1381 3616 (150)
1405 3545 1457 3598 in
1484 3545 1755 3614 principiis
1768 3545 1884 3614 ejus
1907 3546 2134 3612 imperii,

566 3639 765 3695 mundo
794 3638 1144 3702 renuntiavit,
1179 3635 1446 3705 profectus
1471 3651 1500 3688 a
1532 3636 1872 3689 matrimonio
1904 3652 1916 3688 :
1950 3637 2002 3688 in
2033 3649 2137 3701 quo

566 3731 725 3786 etiam
755 3731 938 3784 habuit
976 3730 1160 3791 lilium,
1192 3727 1412 3780 Paulum
1460 3728 1694 3796 nomine,
1727 3728 1813 3795 qui
1859 3727 1997 3780 inter
2042 3726 2136 3781 do-

565 3825 813 3878 mesticos
841 3822 1100 3876 militabat
1127 3821 1301 3892 (151).
1335 3821 1381 3875 ls
1410 3835 1527 3875 cum
1570 3800 1842 3889 pec'casset
1870 3820 1923 3874 in
1973 3818 2133 3873 ﬁliam

567 3915 895 3985 presbyteri,
923 3915 1247 3981 imprecatus
1271 3921 1351 3966 est
1376 3915 1587 3981 proprio
1617 3912 1724 3966 ﬁlio
1757 3912 2091 3967 lnnocentius
2114 3952 2131 3978 ,

566 4007 728 4061 Deum
759 4020 970 4073 rogans,
1001 4013 1054 4057 et
1079 4003 1262 4057 dicens
1291 4021 1302 4054 :
1333 4004 1572 4070 Domine,
1597 4003 1661 4057 da
1691 4005 1737 4057 ei
1769 4004 2033 4073 spiritum,
2068 4018 2135 4058 ne

564 4095 788 4162 amplius
819 4095 1050 4148 inveniat
1078 4093 1192 4161 ejus
1230 4107 1354 4146 caro
1382 4104 1588 4160 tempus
1639 4095 1911 4163 peccandi,
1942 4094 2132 4151 melius

564 4186 852 4240 arbitratus
881 4200 1003 4240 eum
1032 4199 1266 4253 pugnare
1295 4201 1416 4239 cum
1446 4186 1690 4240 daemone
1719 4202 1873 4256 quam
1905 4203 2022 4241 cum
2054 4187 2136 4242 in-

565 4280 938 4347 temperantia.
979 4278 1129 4344 Quod
1177 4279 1336 4331 etiam
1386 4279 1578 4332 factum
1626 4288 1709 4332 est
1747 4297 1760 4332 :
1819 4296 1939 4334 nam
1996 4295 2135 4337 nunc

565 4384 776 4437 queque
804 4371 978 4423 adhuc
1023 4379 1104 4423 est
1150 4370 1201 4422 in
1244 4382 1422 4424 monte
1465 4371 1771 4435 Ulivarum,
1801 4371 1995 4425 ferrum
2044 4387 2135 4441 ge-

563 4474 732 4523 stans,
757 4469 812 4514 et
833 4461 1119 4530 castigatus
1145 4476 1173 4512 a
1201 4459 1419 4528 spiritu;
1452 4471 1504 4514 et
1542 4464 1678 4528 quod
1728 4463 1968 4516 mirabile
2017 4472 2132 4530 est,

566 4551 722 4619 hujus
753 4559 901 4617 pater
930 4551 1016 4618 qui
1057 4551 1193 4602 alios
1219 4559 1390 4614 sanat,
1419 4552 1570 4618 hujus
1603 4552 1849 4607 misertus
1894 4569 1998 4606 non
2029 4563 2131 4620 est,

563 4645 652 4712 qui
676 4651 821 4695 tanto
847 4648 1084 4708 tempore
1106 4654 1134 4691 a
1162 4641 1404 4693 daemone
1428 4649 1720 4708 torquetur.
1753 4643 1847 4695 llic
1874 4643 2133 4698 lnnocen—

566 4735 672 4789 tius
720 4735 854 4787 adeo
887 4731 983 4785 fuit
1021 4731 1323 4786 misericors
1375 4733 1633 4802 (fortasse
1680 4743 1853 4787 autem
1914 4737 2133 4790 videbor

561 4828 722 4881 etiam
753 4824 936 4892 nugari
964 4823 1086 4876 dum
1116 4838 1238 4878 vera
1264 4826 1468 4893 narro),
1491 4834 1545 4877 ut
1566 4840 1707 4894 saepe
1727 4826 2078 4883 sufl'uraretur
2101 4843 2131 4882 a

560 4913 842 4979 fratribus,
890 4924 944 4969 et
988 4914 1137 4968 daret
1185 4916 1484 4983 egentibus.
1531 4916 1651 4970 Fuit
1695 4925 1872 4971 autem
1921 4932 2131 4975 summe

560 5012 789 5079 simplex
818 5021 870 5064 et
900 5012 1177 5065 innocens.
1210 5010 1259 5064 Is
1288 5010 1476 5078 dignus
1501 5018 1584 5065 est
1628 5012 1839 5065 habitus
1868 5012 2008 5068 dono
2036 5014 2131 5067 ad-

559 5119 748 5160 versus
777 5104 1050 5158 daemones
1085 5119 1097 5155 :
1131 5112 1184 5156 et
1209 5102 1271 5156 ad
1296 5119 1415 5157 eum
1445 5101 1724 5170 aliquando
1744 5103 2003 5159 adductus
2046 5116 2127 5159 est

560 5197 714 5251 nobis
738 5195 1035 5249 videntibus
1064 5193 1376 5248 adolescens
1423 5207 1580 5262 quem
1610 5194 1874 5248 invaserat
1901 5197 2119 5264 spiritus

557 5298 610 5342 et
643 5284 921 5356 paralysis,
954 5293 1010 5336 ut
1051 5297 1148 5352 ego
1177 5296 1295 5337 cum
1340 5282 1586 5337 vidissem
1607 5323 1621 5348 ,
1655 5284 1911 5340 voluerim
1940 5294 2125 5354 aperte

560 5387 783 5430 tnatrem
811 5375 1084 5444 expellere
1109 5389 1230 5428 cum
1260 5374 1326 5429 iis
1353 5388 1381 5427 a
1419 5377 1609 5444 quibus
1648 5377 1816 5430 fuerat
1842 5378 2121 5443 adductus,

558 5470 846 5536 desperans
875 5483 994 5521 eum
1026 5482 1182 5536 posse
1206 5468 1400 5522 curari.
1441 5469 1648 5522 Accidit
1675 5477 1847 5523 autem
1879 5483 1933 5524 ut
1977 5472 2120 5528 inte-

558 5562 661 5612 rim
691 5560 908 5614 veniens
943 5573 1104 5614 senex
1148 5558 1285 5614 hanc
1331 5557 1535 5612 videret
1578 5568 1872 5626 astantem,
1919 5561 2122 5618 deflen-

564 5660 800 5720 tcmque,
825 5663 878 5705 et
903 5650 1186 5720 eiulantem
1216 5659 1428 5718 propter
1448 5649 1856 5705 inenarrabilent
1905 5654 2122 5708 calami-

567 5751 726 5795 tatem
748 5741 860 5796 filii.
884 5744 1222 5812 Lacrymatus
1241 5757 1368 5812 ergo
1393 5744 1679 5809 prmclarus
1704 5758 1868 5798 senex
1897 5755 1950 5800 et
1976 5763 2122 5801 com-

565 5838 736 5887 motus
764 5832 1084 5888 visceribus.
1115 5843 1331 5903 accepto
1356 5833 1696 5888 adolescente
1725 5832 1998 5905 ingressus
2036 5851 2116 5896 est

2241 3376 2373 3432 sima
2399 3381 2540 3433 enim
2570 3381 2885 3436 comedebat
2911 3393 3031 3451 post
3059 3385 3300 3454 quinque
3330 3387 3444 3441 dies
3462 3427 3477 3453 ,
3500 3395 3600 3442 ιοιο
3622 3403 3752 3443 autem

2241 3471 2344 3524 alio
2371 3480 2628 3540 tempore,
2656 3488 2764 3526 uno
2791 3473 2879 3528 die
2909 3475 3208 3543 ittterjecto.
3248 3478 3363 3533 Hoc
3388 3491 3552 3533 autem
3577 3482 3655 3534 fuit
3671 3483 3752 3548 ejus

2240 3563 2448 3617 virtutis
2478 3580 2723 3635 magnum
2765 3564 2989 3622 facinus.
3025 3571 3068 3621 A
3120 3585 3342 3639 vespera
3387 3588 3545 3642 usque
3580 3573 3634 3628 ad
3659 3575 3748 3628 illud

2240 3661 2448 3722 tempus
2494 3669 2600 3723 quo
2631 3659 3056 3728 congregabatur
3099 3659 3409 3716 fraternitas
3440 3666 3488 3716 in
3529 3666 3749 3728 oratoriis,

2239 3742 2290 3797 in
2317 3745 2554 3813 Oliveto,
2584 3747 2636 3800 in
2668 3747 2804 3802 colle
2831 3750 3224 3818 Assumptionis
3271 3759 3416 3809 unde
3447 3758 3654 3811 ascendit
3688 3758 3749 3812 lo-

2237 3848 2351 3902 sus,
2379 3845 2635 3906 perpetuo
2663 3839 2837 3892 stabat
2858 3842 3113 3908 psallens,
3138 3855 3188 3896 et
3215 3861 3400 3910 orans,
3428 3859 3476 3899 et
3497 3847 3747 3912 jejunabat;

2238 3937 2292 3983 et
2319 3930 2430 3983 sive
2471 3930 2706 3998 pluebat,
2736 3933 2847 3986 sive
2877 3935 3246 4002 grandinabat,
3283 3940 3526 3994 manebat
3555 3939 3744 3993 immobio

2240 4019 2325 4075 lis.
2382 4021 2604 4090 lmpleto
2651 4032 2826 4078 autem
2876 4036 3113 4095 tempore
3167 4042 3449 4094 consueto,
3498 4033 3744 4085 excitatorio

2243 4111 2436 4165 malleo
2463 4112 2705 4180 pulsabat
2747 4107 2912 4169 cellas
2943 4118 3178 4172 omnium
3199 4160 3215 4186 ,
3249 4135 3344 4174 eos
3375 4136 3666 4190 congregans
3699 4122 3744 4172 ad

2242 4205 2511 4269 oratoria,
2559 4212 2615 4259 et
2669 4209 2722 4259 in
2777 4222 3093 4279 unoquoque
3139 4214 3378 4266 oratorio
3433 4228 3527 4266 una
3561 4229 3658 4267 cum
3688 4214 3741 4265 eis

2250 4294 2478 4361 psallens
2518 4309 2676 4349 unam
2718 4309 2808 4352 aut
2835 4299 2968 4354 duas
2997 4301 3337 4370 antiphonas,
3360 4315 3414 4358 et
3448 4321 3542 4359 una
3571 4319 3666 4357 cum
3687 4305 3741 4359 eis

2247 4400 2442 4451 orans;
2469 4394 2523 4440 et
2545 4387 2626 4441 sic
2653 4387 2738 4443 die
2757 4394 3210 4462 appropinquante
3237 4397 3347 4450 ibat
3381 4399 3430 4450 in
3455 4398 3687 4457 cellulam,
3705 4407 3741 4448 et

2241 4491 2433 4532 revera
2457 4479 2707 4534 fratribus
2735 4497 2853 4538 cum
2877 4487 3210 4553 exuentibus,
3239 4500 3292 4542 et
3315 4501 3489 4544 vestes
3507 4489 3741 4556 exprimam

2238 4569 2380 4624 tibus
2407 4570 2628 4639 perinde
2654 4576 2801 4640 quasi
2831 4578 2951 4630 lotae
2972 4577 3193 4632 fuissent
3214 4581 3284 4633 ita
3310 4581 3630 4649 distillantes,
3650 4595 3736 4634 eum

2161 4679 2211 4738 ι)
2237 4662 2353 4718 aliis
2381 4665 2685 4720 induebant.
2719 4668 2922 4722 Etcum
2949 4670 3241 4739 quievisset
3286 4689 3451 4743 usque
3495 4676 3554 4728 ad
3599 4677 3736 4726 horam

2240 4757 2470 4820 tertiam,
2503 4757 2792 4823 psalmodia
2827 4761 3090 4816 excitatus
3113 4802 3127 4824 ,
3148 4774 3266 4818 erat
3294 4769 3340 4820 ei
3372 4769 3587 4822 intentus
3614 4782 3737 4835 usque

2235 4845 2300 4898 ad
2329 4861 2625 4913 vesperam.
2653 4847 2775 4902 llmc
2803 4860 2884 4903 est
2911 4864 3038 4920 ergo
3066 4855 3234 4910 virtus
3275 4858 3449 4910 Adolii
3491 4859 3733 4917 Tarsensis,

2233 4937 2320 5003 qui
2344 4946 2738 4992 consummatus
2764 4939 3137 5013 Jerosolymis.
3167 4957 3222 5002 et
3267 4949 3340 5002 ibi
3369 4959 3604 5004 aeternum
3627 4965 3735 5002 som-

2231 5041 2356 5080 num
2387 5029 2623 5094 dormiit,
2654 5039 2709 5084 et
2735 5033 2972 5098 sepultus
3001 5045 3103 5089 est.

2820 5123 3044 5179 CAPUT
3075 5125 3180 5182 CV.

2747 5212 2823 5266 De
2848 5216 3086 5270 Abramio
3112 5218 3282 5288 (153).

2302 5299 2425 5354 Fuit
2463 5301 2675 5369 quidam
2706 5302 3006 5372 Abramius,
3035 5322 3231 5376 genere
3260 5307 3548 5381 Egyptius,
3582 5311 3652 5378 qui
3675 5310 3731 5360 vi-

2231 5400 2335 5445 tam
2367 5394 2712 5460 asperrimam
2753 5405 2808 5449 et
2834 5396 3063 5452 maxime
3089 5412 3346 5468 agrestem
3377 5403 3478 5471 egit
3503 5404 3548 5456 in
3581 5403 3727 5455 solitu-

2229 5483 2371 5538 dine.
2397 5484 2444 5536 ls
2465 5484 2640 5540 animo
2659 5487 2922 5542 sauciatus
2947 5491 3013 5544 ab
3033 5493 3396 5560 intempestiva
3423 5497 3728 5564 persuasione,

2231 5575 2446 5629 veniens
2478 5576 2536 5629 in
2550 5577 2853 5643 ecclesiam,
2881 5583 3153 5636 contendit
3181 5599 3298 5641 cum
3326 5588 3642 5654 presbyteris,
3666 5585 3728 5637 di-

2221 5681 2347 5720 cens
2374 5683 2390 5720 :
2419 5666 2587 5721 Noctu
2616 5682 2645 5722 a
2665 5667 2879 5724 Christo
2907 5673 3179 5729 ordinatus
3204 5691 3316 5730 sum
3341 5679 3615 5748 presbyter,
3638 5690 3727 5732 sus-

2221 5758 2379 5824 cipite
2423 5772 2508 5812 me
2541 5766 2601 5811 ut
2639 5760 2994 5816 sacerdotem.
3052 5763 3234 5820 Patres
3275 5782 3392 5821 cum
3441 5769 3727 5821 tbduxissent

2222 5866 2338 5904 cum
2367 5866 2396 5904 a
2419 5851 2724 5915 solitudine,
2757 5860 2809 5908 et
2829 5852 2895 5908 ad
2919 5854 3080 5911 vitam
3103 5857 3440 5916 deduxissent
3458 5859 3723 5916 crassiorem
