4112 6578
357 330 499 398 1209

1588 349 1951 410 HISTORIA
1990 349 2380 411 LAUSMCA.

3484 348 3621 416 1210

351 442 734 529 λιμπάνοντας
786 446 1028 514 θάπτων,
1060 452 1186 516 τοὺς
1227 452 1283 506 δὲ
1340 453 1532 508 ἐλπίδα
1579 457 1727 529 ζωῆς
1786 458 1936 528 ἕχον·
1968 464 2012 520 Α
2040 458 2268 529 λείψανα
2324 457 2421 511 τοῦ
2478 457 2623 511 θείου
2686 458 2930 513 Ἰωάννου
2973 458 3068 513 τοῦ
3114 460 3441 516 Βαπτιστοῦ.
3508 466 3622 522 Καὶ

350 544 455 589 τας
484 526 790 597 διατρέφων
818 530 912 583 καὶ
938 532 1274 600 νοσοκομῶν,
1305 536 1401 586 καὶ
1425 526 1765 602 ἁπαξαπλῶς
1804 526 1939 590 πᾶσι

349 608 469 669 τοῖς
525 608 985 677 έπιχωριάζουσιν
1014 610 1161 679 αύτῷ
1194 611 1286 664 τοῦ
1318 612 1479 680 λιμοῦ
1519 614 1704 669 ἕνεκεν
1732 615 1940 682 ξενοδο-

353 683 511 751 χείαν
541 687 639 765 καὶῗ
664 685 968 758 ὑπηρεσίαν
996 693 1269 760 παρεῖχεν
1323 692 1447 745 καθ’
1474 694 1690 765 ἡμέραν
1710 697 1802 748 -ὲκ
1831 694 1939 748 τῶν

352 764 753 834 παρεχομένων
789 765 959 837 αὐτῷ.
1012 768 1408 839 Πληρωθέντος
1450 770 1509 824 δὲ
1535 771 1630 826 τοῦ
1664 773 1935 839 ἐνιαυτοῦ,

367 841 469 896 καὶ
511 843 900 917 διαδεξαμένης
932 847 1034 917 τῆς
1086 848 1345 920 εὐθηνίας
1390 851 1487 905 καὶ
1537 853 1756 907 πάντων
1800 855 1938 907 οίκοι

353 925 769 1004 πορευομένων.
849 929 879 981 δ
951 928 1194 999 ἀοίδιμος
1266 926 1423 993 οὗτος
1480 933 1676 1003 μηκέτι
1721 933 1859 1002 έχων
1908 933 1937 987 δ

354 1001 543 1075 πράξῃ
600 1001 759 1069 αὖθις
816 1005 1168 1079 ὑποστρέψας
1221 1013 1302 1075 είς
1355 1011 1453 1080 τὴν
1482 1001 1692 1065 -έαυτοῦ
1740 1001 1936 1065 κέλλαν

352 1082 521 1135 πάλιν
561 1084 829 1154 είσῆλθεν,
874 1088 969 1140 καὶ⁹
1013 1091 1273 1160 κοιμᾶται
1323 1091 1465 1162 μετά
1525 1093 1703 1162 μῆνα,
1739 1089 1937 1161 κληρο-

352 1164 602 1232 νομήσας
651 1163 754 1235 τὴν
827 1167 1101 1236 μακαρίαν
1152 1169 1260 1239 γῆν
1307 1171 1416 1224 τῶν
1489 1172 1749 1241 πραέων.
1800 1170 1937 1238 πρὸς

352 1243 468 1304 τοῖς
504 1242 689 1306 ἄλλοις
732 1243 898 1298 αὐτοῦ
959 1247 1371 1319 κατορθώμασι.
1433 1251 1544 1303 Καὶ
1598 1250 1801 1320 ταύτην
1837 1249 1935 1320 τὴν

350 1321 632 1376 διακονίαν
657 1326 1031 1395 παρασχόντος
1058 1328 1207 1400 αύτῷ
1228 1331 1322 1384 τοῦ
1346 1330 1481 1384 Θεοῦ
1521 1332 1603 1395 είς
1632 1330 1703 1384 τά
1734 1331 1937 1399 έσχατα

350 1402 496 1471 πρὸς
522 1401 781 1456 ὑπόθεσιν
822 1404 1219 1478 λαμπροτέρων
1255 1411 1537 1477 στεφάνων
1590 1410 1677 1463 διὰ
1720 1411 1936 1479 τρόπων

351 1481 662 1551 πραότητα.
692 1482 1102 1560 Καταλέλοιπεν
1136 1488 1193 1540 δὲ
1246 1489 1341 1542 καὶ
1373 1490 1729 1560 συντάγματα
1779 1482 1936 1553 οὗτος

348 1563 379 1614 ὁ
404 1560 803 1640 δοκιμώτατος,
832 1556 909 1617 ῶν
958 1563 1028 1617 τὰ
1059 1566 1285 1621 πλεῖστα
1332 1556 1569 1640 σπουδῆς
1589 1556 1759 1623 ’ἐστιν
1787 1568 1933 1636 ἀξια,

352 1639 559 1711 πολλὴν
589 1640 791 1712 ἀρετὴν
815 1642 895 1715 τῷ
925 1643 1080 1714 ἀνδρὶ
1118 1648 1523 1717 μαρτυροῦντα.

934 1724 1189 1780 ΚΕΦΑΛ.
1232 1727 1347 1784 PB’.
1450 1770 1469 1777 -

861 1802 1003 1873 Περὶ
1067 1803 1423 1862 Ἰουλιανοῦ.

438 1880 683 1952 Ἀκήκοα
741 1883 873 1951 περὶ
943 1884 1233 1938 Ἰουλιανοῦ
1277 1902 1424 1948 τινος
1458 1886 1519 1938 ὲν
1577 1887 1688 1949 τοῖς
1746 1885 1935 1956 μέρεσι

284 1970 293 1971 ’
353 1960 468 2014 τῶν
507 1962 872 2032 Ἐδεσσηνῶν,
928 1963 1121 2034 ἀνδρὸς
1176 1964 1623 2034 ἀσκητικωτάτου
1660 1978 1675 1993 ⁸
1703 1964 1761 2028 ὃς
1812 1965 1935 2018 καθ’

356 2040 672 2111 ὑπερϐολὴν
702 2040 899 2094 ἑαυτοῦ
944 2042 1254 2113 κατατήξας
1289 2043 1350 2096 τὸ
1381 2045 1605 2114 σαρκίον
1650 2043 1812 2097 ὀστέα
1843 2044 1937 2096 καὶ

352 2119 535 2190 δέρμα
565 2120 892 2191 περιέφερεν
927 2122 1108 2190 μόνον.
1145 2115 1317 2185 Οὗτος
1373 2124 1453 2186 είς
1485 2123 1553 2176 τά
1592 2123 1795 2192 ἔσχατα
1843 2127 1935 2180 τοῦ

348 2198 542 2263 τέλους
564 2197 880 2270 κατηξιώθη
897 2201 1062 2268 τιμῆς
1093 2198 1636 2273 ἓνεκενιχαρίσματος
1669 2201 1932 2273 ἰαμάτων.

922 2278 1177 2333 ΚΕΦΑΛ.
1233 2280 1354 2331 Pl".

716 2420 721 2422 τ
836 2357 976 2426 Περὶ
1030 2358 1453 2413 Ἰννοκεντίου.

425 2436 510 2490 Τά
542 2436 686 2491 κατά
720 2434 810 2492 τὸν
851 2438 1126 2510 μακάριον
1169 2437 1514 2496 Ἰννοκέντιον
1550 2438 1644 2492 τὸν
1696 2438 1937 2509 πρεσϐύ-

347 2533 517 2587 τερον
550 2517 643 2571 τοῦ
685 2517 976 2581 Ἐλαιῶνος
1003 2516 1155 2588 παρά
1179 2516 1390 2570 πολλῶν
1430 2518 1529 2588 μὲν
1560 2519 1651 2571 καὶ
1684 2518 1939 2587 μεγάλων

352 2597 606 2667 ἀκήκοας
633 2612 649 2628 ·
688 2597 841 2650 οὐδὲν
873 2597 932 2650 δὲ
980 2591 1165 2668 ἦττον,
1197 2598 1245 2649 εἰ
1285 2600 1381 2649 καὶ
1432 2599 1562 2669 παρ’
1619 2600 1776 2668 ήμῶν
1832 2599 1940 2653 τῶν

348 2678 632 2731 ταπεινῶν
676 2676 869 2747 μάθοις
915 2675 987 2730 τά
1020 2677 1152 2748 περὶ
1206 2678 1372 2730 αὐτοῦ
1422 2679 1534 2731 τῶν
1591 2672 1939 2751 συξησάντων

350 2757 508 2827 αὐτῷ
533 2757 726 2829 τριετῆ
756 2759 970 2829 χρόνον.
1006 2758 1074 2811 Ἀ
1112 2756 1220 2825 γὰρ
1252 2758 1493 2822 ἐκείνους
1517 2760 1777 2823 πολλάκις
1817 2764 1942 2818 ἕλα-

350 2839 449 2892 θεν
498 2837 608 2890 τῶν
658 2837 870 2907 ἀρετῶν
923 2836 1021 2890 τοῦ
1071 2837 1285 2909 άνδρος,
1345 2839 1476 2907 ἡμῖν
1531 2840 1938 2912 πεφανέρωται.

352 2918 433 2970 υύ
458 2917 570 2987 γάρ
588 2916 771 2987 ῥᾴδιον
800 2915 1041 2969 τοιούτου
1070 2916 1262 2987 ἀνδρὸς
1294 2916 1496 2986 ἀρετάς
1518 2917 1939 2987 ἐξεργάσασθαι,

349 2999 452 3052 ἕνα
487 2998 584 3050 καὶ
627 2996 901 3066 δεύτερον,
931 2994 1047 3048 ἀλλ’
1076 2994 1201 3048 οῦτε
1244 2996 1492 3051 δέκατον.
1538 2992 1709 3064 Οὗτος
1762 3001 1942 3057 τοίνυν

2051 539 2423 608 ἐπευξάμενος
2473 538 2621 608 αὐτῷ
2657 540 2765 593 ἀπὸ
2809 540 3002 610 τρίτης
3035 540 3185 610 ὥρας
3214 542 3408 612 μέχρις
3462 545 3621 599 ὲννά.

2040 634 2161 687 της.
2188 618 2313 687 ὑγιῆ
2340 618 2620 672 ἀπέδωκεν
2653 618 2746 671 τὸν
2772 618 3055 671 νεανίσκον
3102 622 3167 689 τῇ
3198 622 3362 674 αὑτοῦ
3400 626 3569 696 μητρί
3601 642 3619 660 .

2039 699 2135 752 καὶ
2182 698 2272 753 τὸν
2300 699 2530 779 δαίμονα
2591 698 2848 764 ἐξελάσας
2872 699 2967 754 ἀπ’
3002 701 3195 779 αὑτοῦ,
3228 703 3324 756 καὶ
3355 705 3455 776 τὴν
3481 708 3623 779 πάρ-

2039 793 2156 829 εσιν
2230 778 2542 849 ίασάμενος.
2601 780 2839 848 Τοιαύτη
2913 780 2971 833 δὲ
3029 777 3099 853 ἦν
3152 784 3185 851 ἠ
3247 782 3500 853 πάρεσις,

2038 855 2277 910 πτύοντα
2306 859 2399 911 τὸν
2432 857 2598 911 παῖδα
2648 859 2743 913 ἐπὶ
2797 858 2889 912 τὸν
2935 860 3105 914 νῶτον
3162 862 3357 915 ἑαυτοῦ
3407 863 3619 921 πτύειν.

2040 930 2229 1016 Οῃῦτως
2280 930 2353 1016 ᾖν
2396 936 2763 1008 ἐκστραφείς’
2797 938 2893 992 καὶ
2949 942 2977 993 ὁ
3040 939 3213 1004 οὕτως
3270 941 3501 1006 ἐλεεινὸς
3552 947 3621 1016 τῇ

2040 1013 2172 1094 εὐχῇ
2211 1014 2305 1067 τοῦ
2336 1016 2548 1070 δικαίου
2583 1019 2926 1089 παραχρῆμα
2953 1019 3099 1091 ίάθη.
3137 1021 3234 1083 Είς
3262 1023 3389 1086 τοὺς
3412 1024 3541 1094 περὶ
3561 1013 3622 1077 τῦ

2036 1092 2314 1164 Λαζάριον
2344 1098 2547 1158 τόπους
2577 1096 2817 1167 νέμουσα
2844 1099 3095 1169 πρόϐατα
3128 1099 3306 1169 γραῦς
3337 1092 3622 1156 ἀπώλεσεν

2035 1170 2116 1235 ἓν,
2151 1172 2435 1243 νεωτέρων
2475 1175 2583 1228 τῶν
2613 1177 2757 1229 κατὰ
2785 1177 2877 1229 τὸν
2902 1179 3067 1231 τόπον
3095 1177 3251 1232 τοῦτο
3279 1180 3617 1250 κλεψάντων.

2038 1251 2313 1306 Κλαίουσα
2348 1253 2442 1307 οῦν
2477 1256 2510 1325 ἡ
2561 1254 2735 1327 γραῦς
2783 1257 3091 1327 προσῆλθεν
3133 1257 3308 1330 τούτῳ
3340 1260 3418 1329 τῷ
3451 1261 3622 1329 ένθέῳ

2036 1330 2210 1408 ἀνδρί.
2249 1330 2309 1384 Ὀ
2331 1332 2388 1384 δὲ
2417 1333 2562 1402 λέγει
2591 1336 2754 1406 αὑτῇο
2784 1336 2969 1404 Δείξόν
3003 1355 3095 1408 μοι
3139 1341 3231 1392 τὸν
3275 1340 3441 1394 τόπον
3484 1340 3617 1394 ἔνθα

2035 1407 2193 1460 τοῦτο
2223 1408 2534 1476 ἀπώλεσας.
2580 1413 2875 1486 ’Δπιούσης
2903 1407 3208 1487 οῦναύτῆς
3255 1419 3349 1471 ἐπὶ
3406 1419 3468 1471 τὸ
3504 1421 3619 1472 Λα-

2037 1487 2248 1559 ζάριον,
2309 1491 2597 1561 ἠκολούθει
2636 1493 2666 1545 ό
2708 1493 2901 1564 μέγας.
2956 1497 3067 1549 Καὶ
3114 1496 3405 1564 γενόμενος
3476 1498 3621 1552 κατὰ

2036 1570 2130 1621 τὸν
2175 1570 2337 1623 τόπον
2369 1612 2384 1635 ,
2445 1572 2579 1636 στάς
2639 1572 3010 1643 προσηύξατο.
3068 1576 3133 1627 Οἱ
3189 1570 3282 1629 οῦν
3323 1575 3620 1644 κλέψαντες

2039 1647 2199 1701 τοῦτο
2261 1649 2559 1720 πρόϐατον,
2590 1650 2851 1719 ἔσφαξαν,
2885 1655 2981 1707 καὶ
3013 1653 3083 1708 τά
3129 1654 3269 1717 κρέα
3320 1657 3379 1708 ὲν
3413 1658 3479 1726 τῇ
3506 1658 3620 1724 ἀμ-

2039 1728 2187 1799 πέλῳ
2218 1729 2591 1801 κατέκρυψαν.
2636 1733 2726 1784 Ἐν
2752 1732 2828 1803 τῷ
2853 1728 2947 1786 οῦν
2974 1733 3065 1787 τὸν
3085 1735 3233 1787 ὅσιον
3248 1734 3416 1805 ἀνδρα
3450 1750 3618 1804 προσ-

1968 1807 2013 1863 Β
2042 1808 2299 1877 εύχεσθαι
2360 1810 2589 1879 μηδενὸς
2644 1810 2755 1864 τῶν
2817 1812 3007 1866 αίτίων
3053 1812 3481 1882 ὁμολογούντων,
3520 1813 3621 1887 τῆς

2037 1889 2262 1958 χάριτος
2288 1888 2640 1959 ἐνεργούσης,
2671 1891 2842 1961 κόραξ
2866 1892 3026 1945 ποθὲν
3049 1891 3240 1954 ἐλθὼν,
3271 1893 3369 1946 καὶ
3392 1892 3621 1955 ὲπιστάς

2042 1977 2112 2045 τῇ
2139 1974 2338 2045 κλοπῇ,
2364 1974 2544 2028 λαϐὼν
2576 1976 2835 2031 κοπάδιον
2856 1977 2952 2031 ἀπ’
2977 1977 3146 2031 αὐτοῦ
3183 1978 3344 2033 πάλιν
3374 1980 3617 2047 ἀπέπτη.

2039 2052 2443 2127 Προσεσχηκῲς
2485 2050 2580 2106 οὖν
2622 2054 2781 2107 τοῦτο
2830 2055 2859 2107 ὁ
2897 2056 3167 2125 μακάριος
3214 2052 3388 2120 οὗτος,
3422 2058 3621 2127 μικρὸν

2039 2130 2319 2201 προελθὼν
2345 2126 2504 2203 εὗρεν
2531 2133 2591 2185 τὸ
2624 2131 2802 2203 θῦμα,
2828 2134 2923 2186 καὶ
2947 2135 3074 2197 τοὺς
3104 2135 3409 2206 κλέψαντας
3438 2126 3619 2191 τοῦτο.

2012 2208 2152 2265 Εἶθ’
2182 2210 2357 2274 οῦτως
2399 2213 2802 2284 προσπεσόντες
2833 2214 2982 2284 αύτῷ
3029 2216 3079 2267 οί
3118 2215 3418 2284 κλέψαντες
3462 2215 3623 2270 τοῦτο

2038 2292 2316 2363 νεώτεροι,
2353 2294 2448 2346 καὶ
2473 2294 2574 2363 τὴν
2623 2293 2803 2348 αίτίαν
2830 2294 3289 2367 ὁμολογήσαντες,
3331 2295 3622 2367 ἀπῃτήθη-

2041 2388 2144 2426 σαν
2180 2374 2241 2426 τὸ
2278 2372 2428 2436 ἀξιον
2468 2372 2710 2443 τίμημα,
2740 2373 2835 2427 καὶ
2888 2374 3062 2438 οὕτως
3115 2374 3621 2447 ὲσωφρονίσθησαν,

2038 2451 2133 2505 τοῦ
2160 2452 2359 2524 μηκέτι
2382 2452 2451 2505 τὰ
2471 2455 2694 2507 τοιαῦτα
2716 2454 2940 2525 τολμᾷν.

2602 2531 2785 2584 ΚΕΦΑ
2804 2534 2869 2588 Λ.
2927 2533 3048 2586 PA'.

2598 2610 2738 2679 Περὶ
2775 2610 3070 2666 Ἀδολίου.

2118 2688 2336 2755 Ἐγνων
2381 2688 2543 2743 πάλιν
2589 2692 2712 2744 τινὰ
2746 2691 2827 2754 είς
2857 2692 2927 2744 τά
2965 2690 3339 2763 Ἰεροσόλυμα,
3391 2691 3621 2762 ὀνόματι

2056 2768 2313 2844 Ἀδόλιον,
2347 2773 2570 2844 Ταρσέα
2597 2771 2662 2844 τδ
2683 2770 2867 2844 γένος.
2891 2765 3062 2836 Οὗτος
3084 2774 3533 2844 παραγενόμενος
3563 2774 3623 2844 έν

2040 2852 2155 2907 τοῖς
2210 2841 2605 2914 Ἰεροσολύμοις
2650 2841 2771 2895 λίαν
2818 2842 2920 2913 τὴν
2954 2841 3216 2915 ἀτριπτον
3254 2841 3383 2913 τῆς
3423 2843 3624 2912 ἀρετῆς

2043 2918 2279 2974 ὥδευσεν
2307 2920 2456 2986 ὁδὸν,
2493 2920 2591 2990 οὑχ
2628 2920 2696 2991 ἢν
2718 2922 2882 2991 ήμεῖς
2939 2922 3021 2997 οίν
3045 2921 3233 2974 πολλολ⁵
3278 2919 3621 2989 ὠδεύσαμεν,

2044 2999 2182 3054 ἀλλά
2205 2998 2362 3069 ξένην
2386 2999 2507 3053 τινά
2555 3001 2653 3053 καὶ
2693 3002 2887 3072 καινὴν
2926 3000 3106 3071 ἑαυτῷ
3142 3000 3429 3070 ἀνατεμὼν
3482 3000 3625 3071 ὑπὲρ

351 3082 385 3135 ὁ
404 3078 627 3149 ἀριστος
656 3075 764 3129 τῶν
782 3074 1038 3144 ἀσκητῶν
1067 3074 1443 3139 ἀπλούστατος
1459 3072 1529 3147 ἦν
1558 3079 1683 3131 καθ’
1704 3078 1941 3151 ὑπερϐο-
1973 3140 2008 3151 Α
2046 3079 2331 3149 ἄνθρωπον
2364 3077 2644 3131 πολιτείαν
2674 3079 2916 3150 ήσκησεν
2951 3081 3010 3133 ὲν
3069 3080 3206 3149 αὑτῇ
3232 3094 3249 3111 ο
3274 3078 3351 3143 ὡς
3384 3080 3479 3133 καὶ
3526 3080 3626 3132 αύ-

350 3140 478 3229 λήν.
512 3155 807 3224 Γενόμενος
843 3140 953 3206 τῶν
979 3154 1239 3220 έπιδόξων
1273 3154 1382 3208 τῶν
1410 3158 1467 3209 ὲν
1484 3140 1561 3227 τῷ
1598 3140 1848 3229 παλατίῲ
1880 3162 1938 3215 ὲν
1966 3140 2011 3198 C
2045 3140 2175 3222 τοὺς
2202 3159 2329 3222 τοὺς
2369 3157 2631 3228 δαίμονας
2683 3140 2958 3229 πονηροὺς
3011 3140 3312 3229 φρίξαντας
3332 3140 3527 3212 ταὺτοῦ
3564 3159 3627 3211 τὺ

350 3243 477 3301 ταῖς
526 3239 722 3309 ἀρχαῖς
750 3234 1131 3289 Κωνσταντίου
1160 3235 1282 3309 κτοῦ
1312 3235 1595 3305 βασιλέως,
1628 3239 1937 3306 ἀπετάξατο

351 3318 679 3391 ὁρμώμενος
693 3316 800 3368 ἀπὸ
811 3314 992 3383 γάμου
1008 3332 1023 3346 ο
1048 3318 1106 3368 ὲν
1126 3308 1208 3379 οἷς
1223 3317 1319 3368 καὶ
1347 3312 1492 3386 εἶχεν
1524 3320 1616 3370 καὶ
1642 3319 1774 3383 υίὸν,
1791 3324 1940 3378 Παῦ-

352 3399 448 3452 λον
474 3394 1053 3465 όνόματι,δομέστικον
1080 3395 1526 3465 στρατευόμενον.
1542 3397 1742 3452 Τοῦτον
1754 3401 1939 3471 ἀμαρ-

354 3478 606 3547 στήσαντα
644 3473 783 3544 πρὸς
823 3472 1099 3543 θυγατέρα
1131 3474 1503 3545 πρεσϐυτέρου
1554 3477 1870 3547 ὲπαράσατο
1910 3482 1940 3537 ό

356 3562 515 3628 ἅγιος
566 3557 909 3619 ’ῐννοκέντιος
960 3555 1039 3624 τῷ
1094 3556 1209 3627 ίδίῳ
1252 3556 1353 3627 υίῷ
1405 3560 1795 3628 παρακαλέσας
1847 3565 1940 3621 τὸν

357 3640 517 3703 Θεὸν,
550 3638 646 3692 καὶ
673 3635 844 3690 είπὼν
875 3634 1044 3705 αὐτῷ,
1071 3636 1153 3689 ὅτι
1183 3635 1378 3707 Κύριε,
1404 3636 1494 3700 δὸς
1527 3640 1677 3710 αὐτῷ
1698 3632 1940 3697 τοιοῦτον

359 3719 614 3788 Πνεῦμα,
638 3717 726 3770 ’ίνα
765 3714 964 3785 μηκέτι
1006 3713 1159 3786 εῦροι
1203 3713 1395 3785 καιρὸν
1426 3715 1520 3769 τοῦ
1559 3718 1941 3791 ὲξαμαρτῆσαι

358 3798 443 3868 τῷ
492 3794 722 3867 σαρκίῳ.
755 3792 1011 3863 Ἀμεινόν
1069 3794 1238 3855 ἐστιν,
1264 3792 1454 3857 εἰπὼν,
1487 3794 1701 3867 δαίμονι
1754 3799 1943 3856 τοῦτον

361 3876 680 3954 πυκτεύειν,
714 3874 748 3946 ἢ
781 3873 1045 3954 ἀκολασίᾳ
1071 3872 1366 3954 δουλεύειν.
1399 3876 1463 3928 Ὀ
1492 3876 1554 3946 δὴ
1591 3879 1684 3931 καὶ
1713 3881 1942 3954 γεγένη-

360 3976 475 4022 ται,
504 3955 601 4017 ’³ος
628 3953 709 4007 έτι
738 3953 833 4007 καὶ
856 3952 952 4033 νῦν
976 3954 1122 4033 ἐστιν
1146 3954 1228 4033 είς
1252 3952 1376 4033 ὅρος
1397 3954 1506 4033 τῶν
1544 3955 1772 4013 Ἐλαιῶν
1790 3952 1941 4033 σιδη-

366 4034 638 4113 ροφορῶν,
672 4033 767 4085 καὶ
790 4031 1184 4101 παιδευόμενος
1204 4031 1309 4085 ὑπὸ
1340 4032 1434 4085 τοῦ
1473 4035 1802 4107 πνεύματος.
1832 4031 1942 4096 Καὶ

362 4110 427 4172 τὸ
453 4112 767 4183 θαυμαστὸν
816 4112 845 4164 ὁ
890 4110 1085 4165 τούτου
1146 4112 1339 4182 Πατὴρ
1406 4113 1626 4185 ἐτέρους
1688 4118 1939 4187 ἰώμενος,

364 4194 555 4250 τοῦτον
595 4191 696 4243 οὐκ
727 4188 926 4259 ἠλέησε
959 4188 1229 4267 Δτοσοῦτον
1281 4192 1475 4260 χρόνον
1531 4195 1942 4267 τιμωρούμενον

364 4274 470 4329 ὑπὸ
487 4270 581 4324 τοῦ
613 4268 889 4340 δαίμονος.
914 4261 1084 4330 Οῦτος
1124 4269 1153 4320 ὁ
1180 4268 1421 4340 ἀοίδιμος
1455 4261 1795 4338 Ἰννοκέντιος
1833 4271 1944 4338 οἷος

370 4357 471 4427 μὲν
496 4354 719 4421 γέγονεν
739 4348 1033 4429 -ὲλεήῳν,
1067 4345 1179 4413 οἷος
1224 4350 1282 4404 δὲ
1317 4352 1480 4406 πάλιν
1523 4356 1749 4423 ἁπλοῦς,
1777 4357 1945 4429 λῆρος

364 4433 679 4504 ὀφθήσομαι
706 4427 755 4481 τ’
796 4427 970 4499 ἀληθῆ
1017 4428 1145 4499 περὶ
1172 4429 1336 4483 αὐτοῦ
1386 4432 1762 4503 διηγούμενος·
1790 4427 1943 4501 οὖέος

2047 3237 2319 3309 αὐστηρὸν
2369 3237 2468 3307 τῆς
2520 3237 2750 3309 ἀρίστης
2793 3237 3067 3300 πολιτείας
3105 3238 3180 3308 μὴ
3236 3237 3441 3309 τολμᾷν
3475 3236 3627 3306 αύτῷ

2050 3316 2437 3391 προσεγγίσαι.
2502 3316 2583 3370 Δι’
2640 3316 2951 3387 ὑπερϐολὴν
2993 3316 3102 3387 γάρ
3149 3316 3476 3386 ἐγκρατείας
3530 3317 3626 3370 καὶ

2049 3398 2358 3468 ἀγρυπνίας
2403 3395 2698 3466 φάντασμα
2736 3392 2875 3449 εἶναι
2929 3396 3222 3466 ὑπενοήθη.
3263 3397 3352 3449 Ἐν
3388 3395 3486 3466 μὲν
3517 3396 3628 3465 γάρ

2052 3480 2202 3549 πάσῃ
2225 3480 2292 3547 τῇ
2322 3477 2733 3546 τεσσαρακοστῇ
2765 3475 2956 3547 ἢσθιεν
3004 3476 3091 3529 διά
3137 3477 3321 3539 πέντε,
3351 3473 3629 3529 καὶτοῦτο

2050 3560 2108 3611 ὲν
2152 3557 2336 3627 μέτρῳ
2354 3571 2368 3586 ·
2404 3554 2497 3607 τὸν
2530 3554 2588 3607 δὲ
2622 3555 2781 3608 ἄλλον
2803 3556 2996 3625 χρόνον
3021 3555 3207 3626 ἤσθιεν
3234 3557 3436 3627 τρίτον.
3466 3554 3540 3609 Τὸ
3569 3553 3628 3608 δὲ

2055 3636 2197 3705 μέγα
2244 3635 2340 3687 καὶ
2392 3632 2693 3703 παράδοξον
2722 3633 2884 3687 τοῦτο
2933 3629 3003 3705 ἦν
3055 3634 3222 3687 αὑτοῦ
3246 3636 3346 3704 τῆς
3384 3633 3627 3702 ἀρετῆς·

2051 3710 2207 3777 οὗτος
2234 3713 2571 3784 τρεφόμενος
2601 3711 2696 3779 ἀφ’
2728 3713 2969 3783 ἑσπέρας
3000 3712 3194 3783 μέχρις
3224 3715 3314 3767 ὅτε
3338 3715 3404 3784 τῇ
3430 3712 3625 3782 ὲωθινῇ

2052 3794 2172 3863 ῶρᾳ
2195 3793 2360 3847 πάλιν
2389 3792 2421 3860 ἡ
2456 3790 2756 3860 ἀδελφότης
2786 3791 2843 3844 ὲν
2865 3793 2979 3855 τοῖς
3000 3792 3311 3862 εύκτηρίοις
3340 3794 3626 3861 συνήγετο.

2053 3870 2221 3935 Οὗτος
2271 3872 2298 3923 ὁ
2346 3869 2583 3940 ἀθλητὴς
2623 3869 2794 3933 ἑστὼς
2825 3872 2883 3923 ἐν
2912 3871 2991 3940 τῷ
3028 3870 3243 3924 έλαιῶνι
3284 3872 3361 3934 είς
3390 3870 3483 3924 τὸν
3527 3870 3629 3940 τῆς

2054 3949 2381 4019 ἀναλήψεως
2419 3947 2627 4017 βουνὸν,
2650 3947 2773 4001 ὅθεν
2807 3948 3084 4019 ἀνελήφθη
3112 3948 3141 4001 ὁ
3178 3947 3408 4018 Ἰησοῦς,
3435 3942 3628 4010 ἑστὼς,

2055 4032 2151 4086 καὶ
2176 4029 2531 4099 ψάλλων,καὶ
2573 4027 3011 4099 προσευχόμενος
3047 4026 3295 4081 διετέλει.
3329 4027 3439 4079 Καὶ
3471 4023 3632 4078 τοῦτο

2054 4111 2228 4164 ἐποίει
2258 4111 2316 4163 ὲν
2340 4108 2504 4162 παντὶ
2529 4105 2726 4175 καιρῷ,
2745 4106 2853 4159 εἴτε
2885 4106 3087 4175 ένιφεν,
3115 4106 3223 4158 είτε
3247 4104 3493 4176 έϐρεχεν,
3519 4104 3629 4157 εἴτε

2055 4187 2367 4261 ὲπάχνιζεν,
2388 4186 2683 4248 ἀσάλευτος
2698 4185 2907 4255 ἔμενεν.
2932 4186 3040 4238 Καὶ
3063 4182 3357 4255 πληρώσας
3381 4184 3473 4236 τὸν
3500 4200 3629 4236 συν-

2056 4269 2162 4341 ήθη
2203 4269 2315 4321 τῶν
2352 4266 2529 4336 εὐχῶν
2565 4267 2788 4329 κανόνα,
2832 4266 2895 4318 τὸ
2935 4264 3238 4337 τηνικαῦτα
3265 4264 3345 4335 τῷ
3374 4263 3631 4328 ὲξυπνια-

2063 4345 2234 4417 στικῷ
2263 4350 2477 4416 σφυρίῳ
2501 4344 2599 4406 τάς
2632 4343 2850 4397 πάντων
2883 4342 3107 4411 ἔκρουεν
3128 4342 3346 4407 κέλλας,
3380 4342 3631 4409 συνάγων

2056 4426 2252 4491 αὐτοὺς
2304 4427 2386 4489 είς
2443 4426 2568 4487 τοὺς
2629 4424 2955 4493 εύκτηρίους
2994 4425 3173 4485 οίκους
3211 4422 3346 4492 πρὸς
3374 4420 3633 4491 ὀρθρινὴν

366 4499 631 4572 πολλάκις
681 4506 932 4561 κλέπτων
970 4507 1125 4579 παρά
1178 4507 1287 4560 τῶν
1324 4499 1594 4578 ἀδελφῶν,
1624 4515 1676 4566 εί
1700 4531 1753 4567 τι
1796 4499 1944 4587 αύτῷ
1982 4499 2024 4554 Ι)
2053 4507 2386 4587 δοξολογίαν,
2423 4505 2544 4587 καθέ
2581 4504 2821 4587 ἑκάστην
2865 4504 3061 4587 κέλλαν
3089 4502 3419 4587 συμψάλλων
3446 4502 3631 4587 αὑτοῖς

366 4596 651 4652 ἐνέπεσεν,
678 4587 848 4641 ἐδίδου
892 4589 1004 4651 τοῖς
1042 4588 1342 4659 δεομένοις.
1378 4591 1514 4643 Καθ’
1555 4592 1861 4665 ὑπερϐολὴν
1890 4596 1947 4650 δὲ

365 4669 607 4744 γεγονὼς
640 4668 883 4747 ἄκακος,
908 4668 1003 4747 καὶ
1026 4669 1117 4722 τὸν
1141 4668 1342 4740 τρόπον
1375 4668 1600 4747 ἁπλοῦς,
1632 4673 1946 4747 κατηξιώθη

366 4750 707 4825 χαρίσματος
756 4745 899 4827 κατά
935 4746 1226 4827 δαιμόνων.
1276 4747 1366 4801 Ἐν
1419 4746 1501 4814 οἷς
1558 4768 1691 4806 ποτε
1741 4745 1947 4827 ἠνέχθη

364 4822 515 4901 αὐτῷ
542 4827 827 4887 νεανίσκος
861 4822 1116 4894 ὁρώντων
1141 4826 1428 4899 ἡμετέρων
1453 4829 1558 4883 ὑπὸ
1578 4829 1673 4884 τοῦ
1698 4822 1949 4905 πνεύμαᾷ

364 4928 460 4975 τος
498 4906 729 4977 ληφθεὶς
792 4905 888 4958 καὶ
934 4906 1218 4976 παρέσεως
1254 4922 1271 4939 ο
1319 4908 1397 4970 ὡς
1453 4910 1554 4979 εμὲ
1614 4911 1950 4985 θεασάμενον

367 4991 632 5061 ἄντικρὺς
688 4986 1059 5056 ἀπευδοκῆσαι
1104 4987 1204 5058 τῆς
1258 4989 1424 5043 αὑτοῦ
1482 4991 1802 5063 θεραπείας,
1855 4996 1950 5049 καὶ

370 5070 602 5140 θελῆσαι
674 5064 867 5145 διῶξαι,
916 5064 1128 5145 ἐκεῖθεν
1171 5069 1304 5145 Δτὴν
1362 5070 1573 5142 μητέρα
1622 5072 1717 5125 τοῦ
1756 5072 1950 5145 samo-

367 5149 593 5210 νιῶντος
641 5144 740 5199 σὺν
783 5144 902 5206 τοῖς
952 5142 1116 5196 αὑτὸν
1164 5143 1498 5216 ὲνεγκοῦσιν.
1527 5151 1734 5222 Συνέϐη
1770 5142 1863 5205 οῦν
1889 5154 1949 5208 ἐν

368 5229 452 5299 τῷ
509 5223 715 5298 μεταξὺ
781 5222 1131 5294 θεωρούντων
1154 5225 1311 5296 ήμῶν
1365 5229 1426 5282 τὸ
1457 5230 1730 5302 ἀφόρητον
1759 5232 1947 5301 ἀλγος,

372 5306 554 5363 ἐλθεῖν
601 5304 695 5358 τὸν
749 5302 829 5373 τῷ
887 5302 1160 5383 πνεύματι
1216 5309 1624 5381 νεανιευόμενον
1675 5310 1945 5383 γέρονταο

368 5387 471 5441 καί⁹
514 5384 856 5453 θεασάμενον
907 5381 999 5434 τὸν
1048 5382 1445 5462 δαιμονιῶντα,
1496 5391 1593 5443 καὶ
1642 5381 1948 5462 περιεστῶ-

372 5484 475 5520 σαν
534 5465 634 5534 τὴν
688 5462 891 5542 τούτου
934 5461 1147 5533 μητέρα
1194 5465 1508 5534 κλαίουσαν,
1548 5469 1645 5523 καλ
1686 5461 1950 5542 ὀδυρομέ-

376 5564 478 5617 νην
496 5546 589 5600 ἐπὶ
627 5540 694 5614 τῇ
730 5539 1121 5622 ἀνεκδιηγήτῳ
1166 5548 1421 5618 συμφορᾷ
1454 5546 1548 5600 τοῦ
1589 5549 1709 5603 υἱοῦ
1755 5539 1949 5622 αὐτῆς.

376 5627 667 5699 Δακρύσας
696 5619 790 5677 οῦν
819 5622 848 5674 ὁ
901 5622 1228 5696 καλόγηρος,
1258 5628 1353 5681 καὶ
1403 5630 1824 5701 σπλαγχνισθεὶς
1862 5619 1951 5685 ἔπ’

370 5710 591 5776 αὐτοὺς,
621 5705 802 5760 λαϐὼν
848 5706 942 5761 τὸν
985 5710 1266 5764 νεανίσκον
1302 5709 1553 5781 είσῆλθεν
1598 5710 1680 5785 είς
1709 5712 1771 5766 τὸ
1816 5731 1955 5785 μαρ.

248 5792 255 5795 “
371 5788 553 5855 τύριον
585 5786 799 5854 ἑαυτοῦ,
833 5787 862 5840 δ
890 5786 1230 5861 ᾠκοδομήκει
1257 5789 1441 5857 αὐτὸς,
1494 5790 1553 5845 ὲν
1583 5784 1628 5863 ᾧ
1658 5784 1941 5847 κατέκειτο

2057 4586 2115 4639 ἓν
2144 4587 2176 4648 ἢ
2211 4586 2466 4655 δεύτερον
2516 4584 2837 4653 ἀντίφωνον,
2868 4584 2962 4637 καὶ
3017 4583 3408 4653 συνευχόμενος
3456 4579 3631 4643 οῦτως

2056 4666 2222 4738 ἀπῄει
2249 4666 2355 4736 πρὸ
2379 4665 2592 4738 ἡμέρας
2618 4667 2696 4727 είς
2724 4664 2783 4717 τὸ
2808 4664 3038 4718 κελλίον.
3073 4663 3162 4726 Ὠς
3180 4662 3235 4715 δὲ
3263 4663 3354 4715 ἐπὶ
3380 4661 3481 4731 τῆς
3502 4660 3632 4730 ἀλη-

2059 4746 2213 4810 θείας
2247 4745 2547 4816 ὲπίσταμαι
2578 4743 2741 4806 αὐτὸς
2771 4742 3029 4805 πολλάκις
3057 4741 3168 4795 τῶν
3193 4739 3439 4809 ἀδελφῶν
3467 4738 3632 4792 αὑτὸν

2056 4824 2404 4880 ἀποδυόντων
2432 4825 2489 4878 ὲν
2519 4821 2706 4892 καιρῷ
2756 4820 2948 4892 θέρους
2979 4819 3072 4873 καὶ
3096 4816 3499 4881 ἀποπιτζόντων
3523 4817 3633 4869 τῶν

2060 4906 2295 4978 ἱματίων
2350 4902 2515 4956 αὑτοῦ
2544 4901 2637 4954 τὸν
2674 4899 2895 4969 ίδρῶτα,
2934 4898 3011 4961 ὡς
3053 4896 3162 4951 ἀπὸ
3194 4894 3418 4978 λουτροῦ
3461 4894 3634 4978 οὕτως

2058 4971 2391 5052 ἀπέσταζον,
2431 4985 2569 5039 ἀλλα
2611 4982 2669 5035 δὲ
2713 4982 3163 5052 περιϐαλλόμενοι
3208 4979 3313 5041 ἓως
3359 4971 3420 5031 οὗ
3460 4977 3635 5030 ταῦτα

2058 5070 2342 5141 ὲψύχοντο.
2375 5067 2484 5119 Καὶ
2509 5065 2674 5136 μέχρι
2711 5063 2901 5133 τρίτης
2932 5060 3078 5133 ῶρας
3100 5058 3631 5141 διαναπαυσάμενος,

2055 5136 2200 5203 οῦτῶ
2235 5147 2397 5202 πάλιν
2424 5145 2523 5209 τάς
2555 5142 2751 5207 λοιπάς
2780 5141 2928 5214 ὥρας
2959 5141 3063 5205 ἕως
3086 5141 3325 5210 ἑσπέρας
3355 5140 3420 5209 τῇ
3447 5136 3633 5206 ψαλμ-

2058 5227 2194 5300 ῳδίᾳ
2226 5227 2321 5280 καὶ
2351 5228 2471 5288 ταῖς
2521 5225 2850 5294 προσευχαῖς
2887 5217 3370 5300 προσεῖχενηΑῦτη
3393 5216 3630 5300 τοίνυν-ἠ

2055 5295 2226 5376 ἀρετὴ
2248 5305 2347 5375 τῆς
2393 5304 2570 5375 ἄκρας
2617 5301 2893 5373 ὑπομονῆς
2911 5300 3143 5354 Ἀδολίου
3176 5298 3276 5367 τῆς
3296 5296 3502 5366 πέτρας
3526 5295 3634 5376 τῆς

2057 5372 2313 5457 στερεᾶς,
2345 5384 2404 5447 δς
2424 5372 2639 5452 ἐγένετο
2675 5381 2736 5435 τὸ
2765 5380 2921 5450 γένος
2949 5372 3634 5457 Ταρσεύς.Ἐντελειωθεὶς

2057 5464 2115 5518 δὲ
2147 5450 2309 5537 μέχρι
2336 5450 2522 5526 τέλους
2568 5463 2682 5526 τοῖς
2710 5461 2895 5523 ἄθλοις
2936 5450 3229 5530 καρτερίας
3274 5455 3370 5537 τὸν
3393 5450 3635 5537 Δαἰώνιον

2059 5534 2226 5601 ὑπνον
2243 5534 2503 5617 κοιμᾶται
2534 5544 2594 5596 έν
2623 5544 2735 5606 τοῖς
2774 5538 3193 5610 Ἰεροσολύμοις,
3220 5536 3315 5591 καὶ
3343 5534 3628 5589 θάπτεται.

2624 5630 2881 5684 ΚΕΦΑΛ.
2934 5624 3055 5681 PE'.

2573 5710 2713 5778 Περὶ
2753 5707 3117 5776 Ἀϐρααμίου.

2142 5790 2470 5865 ’Δϐραάμιός
2494 5806 2579 5856 τις
2615 5776 2839 5859 γέγονεν
2869 5783 3119 5858 μοναχδς⁸
3141 5780 3396 5854 ἀκριϐὴς,
3429 5777 3507 5851 τῷ
3527 5776 3624 5849 γέ-
