4112 6570
532 319 620 385 1Ξί
642 319 659 382 1
1997 329 2122 389 PAI

2223 332 2352 392 LDII
3667 341 3799 405 ῙΞῙΞ

534 451 619 524 νει
648 433 969 524 Χιγύπτιος,
987 434 1342 524 τραχύτατον
1367 437 1460 492 καὶ
1486 439 1788 507 ἁγιώτατον
1815 439 1926 510 βίον
1949 439 2120 511 ζήσας
2148 442 2196 498 Δ
2223 442 2460 516 ἀθλητὴς
2496 445 2596 516 τῆς
2623 446 2901 517 ὑπομονῆς
2923 446 3016 516 ἀφ’
3050 440 3110 501 οῦ
3145 448 3394 519 εἰσῆλθεν
3440 449 3524 513 εἰς
3568 451 3631 504 τὸ
3663 458 3798 524 σπῇ-

530 518 695 607 ἐνΔτῇ
726 518 943 607 ἐρήμῳ.
964 513 1171 607 ρῦτος
1200 521 1414 591 ἐπλήγη
1460 524 1560 594 τὴν
1614 524 1784 594 φρένα
1806 525 1910 577 ὑπὸ
1936 525 2110 594 ἄκρας
2215 513 2386 598 λαιον,
2416 513 2476 583 οὑ
2510 513 2777 599 κατῆλθέν
2812 513 2876 584 ἐκ
2901 513 2993 583 τοῦ
3025 531 3187 601 ὅρους
3217 513 3406 603 μέχρις
3446 536 3573 587 ὅτου
3601 513 3793 607 ἐτάφή.

534 603 771 673 οἰήσεως
799 620 813 633 ·
848 604 942 656 καὶ
960 603 1131 657 ἐλθὼν
1161 606 1218 657 ἐν
1250 608 1314 676 τῇ
1357 607 1645 679 ἐκκλησίᾳ,
1686 608 1970 677 διεμάχετο
2000 612 2112 673 τοῖς

536 688 959 757 πρεσϐυτέροις,
987 689 1184 757 λέγων,
1210 692 1290 743 δτι
1310 692 1422 744 Καὶ
1447 692 1557 758 ἐγὼ
1586 691 1953 764 πρεσϐύτερος
1974 694 2116 763 ἐχει-

538 772 839 843 ροτονήθην
874 773 1047 845 ταύτῃ
1103 778 1167 844 τῇ
1210 778 1365 829 νυκτὶ
1424 776 1528 828 ὐπὸ
1570 776 1663 829 τοῦ
1708 777 1967 846 Χριστοῦ,
2021 778 2114 830 καὶ

533 854 779 922 ὀφείλετε
823 854 1084 919 δέξασθαί
1133 875 1200 926 με
1247 858 1324 919 ὡς
1382 859 1757 929 πρεσϐύτερον
1815 859 2115 930 ἱερατεύειν

538 940 821 1008 μέλλοντα.
864 940 1068 994 Τοῦτον
1100 944 1148 995 οί
1210 944 1355 1010 ἆγιοι
1417 944 1660 1012 Πατέρες
1691 942 2116 1012 διαχωρίσαντες

535 1024 636 1092 τῆς
668 1026 764 1095 έρή
776 1043 899 1093 μου,
929 1026 1021 1078 καὶ
1040 1026 1130 1079 ἐπὶ
1156 1026 1246 1079 τὸν
1270 1025 1576 1097 παχύτερον
1603 1028 1693 1079 καὶ
1717 1027 2117 1097 διαφορώτερον

537 1109 842 1176 ἀγαγόντες
874 1108 1008 1179 βίον,
1060 1111 1516 1181 ἀπεθεράπευσαν
1565 1111 1664 1181 τῆς
1713 1110 2115 1181 ὑπερηφανίας,

538 1192 635 1245 καὶ
665 1195 743 1257 εἰς
774 1194 976 1257 γνῶσιν
1026 1195 1189 1248 αὐτὸν
1246 1197 1545 1264 ἀγαγόντες
1568 1199 1669 1265 τῆς
1696 1196 1903 1257 οἰκείας
1953 1195 2116 1248 ἀσθε-

537 1278 686 1340 νείας
713 1317 729 1342 ,
771 1278 983 1343 ἔδειξαν
1032 1280 1223 1333 τοῦτον
1256 1281 1559 1350 παιχθέντα
1592 1282 1697 1335 ὐπὸ
1730 1281 1824 1335 τοῦ
1862 1281 2117 1350 δαίμονος

537 1367 633 1435 τῆς
664 1366 1064 1438 ὑπερηφανίας,
1096 1370 1191 1422 καὶ
1221 1370 1341 1432 ταῖς
1380 1370 1565 1437 ἁγίαις
1592 1354 1770 1421 αὐτῶν
1811 1368 1998 1438 εὐχαῖς
2031 1368 2111 1430 εἰς

535 1449 634 1521 τὴν
656 1450 888 1522 ἀρχαίαν
918 1451 1036 1521 βίου
1063 1452 1264 1523 ἀρετὴν
1286 1453 1758 1523 ἀποκατέστησαν.

1102 1537 1352 1590 κΕψΑΑ.
1417 1536 1554 1603 PQ".

1064 1621 1205 1687 Περὶ
1256 1619 1587 1673 Ἐλπιδίου.

2215 616 2402 668 Ταῦτα
2434 615 2503 667 τὰ
2539 617 2764 685 οὐράνια
2798 616 3175 685 ἐγχειρήματα
3201 615 3295 668 τοῦ
3343 619 3668 685 στεφανίτου
3708 622 3797 676 καὶ

2217 700 2488 768 ἀηττήτου
2524 698 2825 752 παλαιστοῦ
2888 698 3160 752 Ἐλπιδίου
3214 698 3309 753 τοῦ
3350 700 3448 753 νῦν
3501 703 3563 755 ἐν
3614 720 3795 774 παρα-

2215 784 2375 853 δείσῳ
2404 782 2763 854 διαιτωμένου
2797 784 2931 852 μετά
2957 783 3066 836 τῶν
3095 783 3262 837 αὑτοῦ
3288 786 3511 856 ὁμοίων.

2795 866 3049 921 ΚΕΦΑΛ.
3085 868 3206 923 ΡΘ’.

2745 948 2886 1015 Περὶ
2932 952 2978 1002 Σ
2982 952 3169 1003 (crth
3170 970 3262 1007 ου.

2289 1034 2494 1088 Τούτου
2521 1031 2613 1086 τοῦ
2664 1031 2931 1087 ἀθανάτου
2990 1034 3262 1090 Ἐλπιδίου
3293 1039 3537 1109 μαθητὴς
3574 1042 3797 1109 γέγονεν

2219 1118 2482 1179 Σισίννιος
2511 1118 2759 1185 ὀνόματι,
2783 1116 2842 1182 ἐξ
2887 1119 3163 1188 οἰκετικῆς
3210 1120 3309 1189 μὲν
3346 1122 3670 1192 ὁρμώμενος
3708 1124 3797 1177 τύ.

2219 1218 2342 1271 χης,
2372 1198 2655 1270 ἐλεύθερος
2694 1199 2754 1253 δέ
2807 1199 2950 1253 κατὰ
2981 1198 3079 1272 τήν
3113 1202 3316 1266 πίστιν,
3352 1204 3428 1274 τῷ
3463 1206 3614 1272 γένει
3640 1208 3796 1259 Καπ-

2220 1284 2481 1355 παδόκης.
2511 1285 2603 1336 Δεῖ
2630 1281 2738 1354 γὰρ
2770 1284 2864 1337 καὶ
2891 1283 2960 1335 τὰ
2992 1283 3120 1354 γένη
3152 1286 3437 1356 σημαίνειν
3473 1290 3611 1359 πρὸς
3640 1290 3795 1355 δόξαν

2219 1368 2317 1423 τοῦ
2348 1367 2782 1435 ἐξευγενίζοντος
2804 1369 2951 1437 ἡμᾶς
2990 1369 3248 1440 Χριστοῦ,
3290 1372 3382 1424 καὶ
3413 1373 3496 1435 εἰς
3544 1374 3645 1443 τὴν
3696 1394 3795 1445 μα-

2218 1453 2419 1525 καρίαν
2453 1453 2550 1504 καὶ
2592 1450 2855 1520 ἀληθινήν
2893 1453 3199 1518 ἀπάγοντος
3225 1456 3372 1523 ήμᾶς
3413 1457 3698 1524 εὐγένειαν
3718 1460 3797 1520 εις

2217 1538 2317 1610 τὴν
2346 1536 2456 1588 τῶν
2508 1534 2751 1606 οὐρανῶν
2798 1534 3094 1603 βασιλείαν.
3129 1536 3400 1607 Χρονίσας
3432 1541 3613 1594 τοίνυν
3647 1544 3795 1612 παρά

2218 1621 2295 1691 τῷ
2330 1620 2585 1691 μακαρίῳ
2628 1619 2884 1688 Ἑλπιδίῳ
2930 1622 2959 1673 ὀ
3005 1620 3269 1691 διάπυρος
3298 1625 3536 1695 ἐραστὴς
3564 1628 3675 1679 τῶν
3697 1629 3795 1698 τῆς

611 1700 750 1755 Ἴδον
779 1701 839 1755 δέ
869 1703 963 1756 καὶ
990 1701 1176 1771 ἕτερον
1206 1702 1376 1772 ἄνδρα
1406 1701 1904 1772 ἀξιομνημόνευτον
1930 1704 1987 1754 ἐν
2007 1702 2119 1765 τοῖς
2220 1705 2507 1773 ἀσκήσεως
2571 1703 2782 1773 ἀρετῶν
2837 1702 3100 1765 Σισίννιος
3143 1705 3303 1759 ἕκτον
3332 1709 3365 1774 ἢ
3415 1710 3511 1761 καὶ
3569 1710 3794 1781 ἕϐδομον

536 1788 680 1839 κατὰ
715 1785 929 1860 Ἱεριχὼ
955 1788 1267 1858 σπηλαίοις,
1293 1786 1401 1841 τῶν
1426 1787 1550 1841 κατ’
1577 1787 1752 1858 ἀρχὰς
1776 1788 1886 1841 τῶν
1922 1789 2119 1856 Ἀμορ-
2152 1783 2196 1840 Β
2221 1786 2359 1853 ἔτος,
2402 1786 2498 1839 καὶ
2529 1784 2938 1855 ἐκμεμαθηκὼς
2966 1785 3061 1839 τοῦ
3095 1787 3288 1857 ἀνδρὸς
3309 1789 3408 1852 τὰς
3441 1791 3665 1860 ἀρετάς,
3701 1797 3794 1849 καὶ

539 1871 709 1939 ῥαίων
767 1872 1105 1939 γεγονότων,
1184 1870 1329 1939 ἅπερ
1380 1870 1798 1936 λελαξεύκεισαν
1855 1873 2118 1940 φυγόντες

535 1955 698 2026 ἡνίκα
731 1956 835 2008 ὑπὸ
872 1956 1048 2025 Ἰησοῦ
1091 1955 1184 2009 τοῦ
1218 1956 1376 2024 Ναυῆ
1428 1953 1836 2024 ἐξεπορθοῦντο,
1886 1956 2023 2025 πρὸς
2060 1955 2120 2006 τὸ

536 2039 873 2109 ἐγκρυϐῆναι
906 2041 963 2091 ἐν
1000 2039 1184 2101 αὐτοῖς
1218 2040 1298 2101 εἰς
1328 2039 1389 2091 τὸ
1426 2038 1553 2109 ὅρος
1594 2038 1689 2090 τοῦ
1723 2039 1910 2092 Λουκᾶ
1937 2080 1951 2104 ,
2000 2038 2121 2092 Ἐλα-

537 2122 712 2176 πίδιον
737 2121 995 2192 τούνομα,
1054 2122 1431 2192 Καππαδόκην
1476 2121 1554 2192 τῷ
1582 2122 1750 2190 γένει,
1784 2124 1861 2186 ιίς
1892 2122 2120 2194 ὕστερον

540 2206 935 2278 πρεσϐυτερίου
968 2208 1272 2277 ήξιωμένον
1304 2207 1395 2259 τοῦ
1425 2207 1787 2276 μοναστήριου
1817 2207 1993 2260 ἐκεῖσε
2027 2225 2121 2275 γε-

539 2289 764 2359 νόμενον
801 2291 907 2343 ὑπὸ
934 2291 1026 2343 τοῦ
1062 2290 1484 2359 χωρεπισκόπου
1531 2290 1795 2358 Τιμοθέου
1824 2290 1925 2358 τῆς
1962 2293 2122 2344 Καπ-

540 2374 825 2438 παδοκίας,
852 2376 1044 2446 ἀνδρὸς
1073 2376 1428 2430 ἱκανωτάτου.
1459 2366 1627 2438 Οὗτος
1661 2373 1830 2427 ἐλθὼν
1864 2374 2123 2446 παρῴκη-

547 2475 641 2511 σεν
667 2461 725 2511 ἐν
766 2460 849 2511 ἐνὶ
890 2459 1002 2512 τῶν
1051 2459 1355 2527 σπηλαίων,
1402 2458 1461 2522 ὃς
1495 2459 1768 2529 τοσαύτην
1797 2460 2123 2529 ἐγκράτειαν

544 2544 830 2613 ἀσκήσεως
912 2543 1242 2609 ἐνεδείξατο,
1301 2544 1377 2609 ὼς
1425 2544 1667 2613 καλύψαι
1715 2544 1842 2606 τοὺς
1895 2544 2122 2607 πάντας.

544 2630 728 2697 Ζήσας
759 2629 866 2698 γὰρ
902 2629 1076 2681 εἴκοσι
1108 2631 1199 2681 καὶ
1224 2628 1386 2682 πέντε
1408 2628 1525 2697 έτη,
1546 2629 1614 2681 τά
1644 2627 1887 2681 σάϐϐατα
1912 2628 2005 2680 καὶ
2026 2626 2124 2689 τάς

542 2710 830 2781 Κυριακὰς
863 2710 1240 2779 μετελάμϐανε
1292 2711 1474 2781 μόνον.
1502 2710 1613 2773 Τὰς
1640 2711 1696 2764 δὲ
1718 2709 1919 2773 νύκτας
1944 2712 2124 2774 πάσας

543 2795 717 2857 ἑστὼς
746 2795 973 2863 ἔψαλλε·
1008 2797 1262 2867 καθάπερ
1297 2795 1555 2864 βασιλεὺς
1600 2794 1709 2847 τῶν
1743 2794 2035 2865 μελισσῶν,
2066 2796 2123 2846 ἐν

546 2880 697 2949 μέσῳ
726 2880 824 2947 τῆς
855 2880 1217 2951 ἀδελφότητος
1259 2880 1512 2949 οἰκήσας,
1534 2879 1596 2931 τὸ
1639 2878 1764 2949 ὅρος
1793 2881 1967 2932 ἐκεῖνο
1996 2878 2126 2930 ἐπό-

539 2959 678 3021 λισε,
717 2965 809 3014 καὶ
837 2958 905 3032 ἦν
947 2962 1075 3015 ἰδεῖν
1117 2963 1235 3015 ἐκεῖ
1276 2962 1459 3015 λοιπὸν
1491 2962 1624 3032 παρ’
1667 2962 1883 3031 ἑκάστῳ
1935 2961 2124 3028 διαφό-

547 3062 669 3116 ρους
702 3044 803 3114 τῆς
833 3046 1120 3113 ἀσκήσεως
1144 3045 1442 3108 πολιτείας.
1473 3044 1674 3098 Τοῦτόν
1708 3060 1839 3097 ποτε
1875 3044 1965 3098 τὸν
2002 3043 2125 3097 Ἑλ-

544 3130 718 3184 πίδιον
753 3130 843 3182 τὸν
883 3130 1053 3193 ὄντως
1084 3133 1149 3201 τῇ
1185 3130 1361 3190 ἐλπίδι
1411 3130 1694 3201 χαίροντα,
1751 3131 1846 3182 καὶ
1898 3129 1989 3183 διὰ
2032 3130 2121 3181 τὸν
2148 3123 2191 3180 C

541 3213 777 3283 Χριστὸν
808 3216 875 3282 τῇ
914 3212 1090 3282 θλίψει
1127 3215 1489 3284 ὑπομένοντα,
1532 3213 1806 3283 ψάλλοντα
1840 3215 1897 3265 ἐν
1942 3214 2117 3279 νυκτὶ,

542 3297 965 3366 συμψαλλόντων
1017 3298 1177 3366 ἡμῶν
1226 3297 1397 3366 αὐτῷ,
1446 3298 1705 3368 σκορπίος
1736 3297 2004 3367 ἔπληξενο
2062 3298 2120 3360 ὃς

538 3383 791 3449 πατήσας
849 3381 1031 3443 αὑτὸν,
1092 3380 1211 3433 οὐδέ
1279 3381 1511 3451 μετέστη
1557 3381 1655 3451 τῆς
1690 3380 1784 3434 τοῦ
1843 3382 2121 3450 σχήματος

539 3464 804 3525 στάσεως,
836 3462 1089 3515 τοσοῦτον
1115 3465 1180 3533 τῇ
1216 3462 1466 3534 ὑπομονῇ
1521 3462 1800 3534 ἀλογήσας
1821 3465 1920 3533 τῆς
1976 3463 2119 3517 κατὰ

540 3547 630 3599 τὸν
683 3547 943 3616 σκορπίον
995 3546 1208 3617 ὀδύνης.
1259 3547 1407 3609 Μιᾶς
1441 3547 1499 3600 δὲ
1542 3546 1704 3600 πάλιν
1748 3546 1856 3600 τῶν
1897 3546 2121 3619 ἡμερῶν

542 3629 773 3698 ἀδελφοῦ
821 3648 966 3694 τινος
999 3630 1189 3701 κόμμα
1244 3631 1569 3700 κατέχοντος
1617 3631 1914 3701 κλήματος,
1964 3630 2121 3683 τοῦτο

540 3713 723 3769 λαϐὼν
750 3716 777 3766 ὀ
804 3714 1075 3785 μακάριος
1106 3716 1162 3767 ἐν
1209 3716 1287 3785 τῷ
1338 3712 1612 3783 καθῆσθαι
1648 3716 1798 3785 παρά
1826 3713 1923 3785 τὴν
1955 3713 2120 3783 ὅχθαν

540 3799 633 3852 τοῦ
658 3798 835 3869 ὅρους,
881 3799 1084 3868 ἔχωσεν
1117 3800 1192 3863 ὡς
1232 3799 1500 3866 φυτεύων,
1528 3797 1730 3870 καίπερ
1756 3801 1813 3851 ἐν
1841 3800 1901 3851 οὐ
1943 3798 2120 3869 καιρῷ

541 3881 675 3945 θείς.
729 3880 994 3935 Τοσοῦτον
1044 3882 1100 3935 δὲ
1158 3881 1371 3952 ηὐξήθη
1425 3883 1517 3934 καὶ
1566 3882 1791 3951 γέγονεν
1851 3882 2119 3955 ἄμπελος,

541 3965 681 4019 ὥστε
708 3965 1008 4030 σκεπάζειν
1050 3966 1229 4019 πᾶσαν
1258 3966 1357 4035 τὴν
1398 3965 1745 4035 Ἐκκλησίαν.

1114 4061 1364 4115 ΚΕΦΔΛ.
1430 4062 1551 4116 PZ'.

928 4145 1068 4211 Βίος
1103 4146 1388 4199 Αίγεσίου
1414 4146 1521 4200 τοῦ
1562 4144 1731 4201 ἀϐϐᾶ.

613 4228 802 4299 Τούτῳ
823 4227 901 4298 τῷ
927 4228 1066 4298 ἁγίῳ
1093 4228 1299 4300 ἀθλητῇ
1335 4229 1429 4282 τοῦ
1456 4230 1696 4300 Χριστοῦ
1726 4229 2119 4300 συνετελειώθη

542 4316 637 4368 καὶ
669 4316 699 4365 ὀ
729 4313 976 4382 ἀοίδιμος
1029 4310 1214 4374 δοῦλος
1267 4313 1361 4365 τοῦ
1385 4312 1522 4365 Θεοῦ
1563 4314 1834 4378 Λίνέσιος,
1872 4314 2014 4383 ἁνήρ
2038 4328 2123 4376 τις

544 4396 839 4465 ἀξιόλογος,
862 4396 956 4448 καὶ
978 4398 1045 4466 τῇ
1075 4396 1304 4465 ἀσκήσει
1334 4395 1657 4465 διαπρέψας.

1118 4480 1165 4530 Κ
1176 4479 1370 4530 ΕΦΑΛ.
1420 4478 1544 4531 ΡΗ’.

902 4564 1043 4630 Βίος
1086 4564 1426 4617 Εηῠσταθίου
1466 4564 1572 4618 τοῦ
1597 4564 1769 4621 ἁϐὄᾶ.

618 4648 725 4699 Καὶ
750 4646 1046 4709 Εὑστάθιος
1069 4645 1295 4714 ἀδελφὸς
1327 4645 1519 4699 τούτου
1557 4648 1839 4717 ὁμότιμος,
1869 4649 1965 4701 καὶ
1999 4648 2125 4710 τοὺς

549 4729 741 4794 ἄθλους
771 4731 869 4800 τῆς
904 4730 1047 4784 κατά
1092 4730 1329 4800 Χριστὸν
1362 4730 1641 4797 πολιτείας
1691 4733 1955 4797 ἐξανύσας
1988 4751 2126 4805 προ-

553 4816 759 4885 θύμως.

630 4900 753 4952 Ἐπὶ
794 4899 1048 4953 τοσοῦτον
1087 4900 1143 4952 δὲ
1197 4902 1226 4955 ὀ
1290 4902 1561 4972 μακάριος
1611 4903 1881 4965 Ἐλπίδιος
1926 4902 2126 4972 ἤλασεν

546 4981 834 5047 ἀπαθείας,
881 4985 1209 5053 ταριχεύσας
1244 4985 1304 5038 τὸ
1363 4986 1545 5057 σῶμα,
1582 4988 1656 5050 ὡς
1694 4987 1812 5040 ὅλον
1841 4987 2126 5054 διαφαίνε-

548 5066 670 5119 σθαι
717 5066 883 5119 αὐτοῦ
925 5067 1032 5120 τῶν
1079 5070 1281 5122 ὀστέων
1310 5070 1371 5123 τὸ
1401 5072 1619 5141 πῆγμα.
1669 5071 1899 5139 Φέρεται
1930 5070 1987 5123 δὲ
2029 5070 2125 5122 καὶ

548 5148 706 5202 τοῦτο
740 5151 797 5203 ἐν
848 5153 960 5215 τοῖς
1001 5152 1101 5221 τῆς
1148 5154 1348 5224 ἀρετῆς
1409 5153 1574 5207 αὐτοῦ
1608 5154 1938 5224 διηγήμασιν
1976 5153 2126 5223 παρά

549 5234 658 5287 τῶν
696 5234 999 5290 σπουδαίων
1036 5237 1200 5290 αὑτοῦ
1239 5238 1517 5308 μαθητῶν,
1558 5239 1639 5292 ὅτι
1682 5240 1739 5292 ἐν
1776 5237 1918 5301 ὅλοις
1951 5239 2125 5292 εἴκοσι

544 5320 707 5372 πέντε
737 5320 913 5372 ἔτεσιν
946 5321 1203 5373 οὐδέποτε
1227 5322 1321 5375 ἐπὶ
1355 5322 1507 5376 δύσιν
1538 5323 1781 5394 ἐστράφη
1809 5364 1823 5385 ,
1855 5323 2033 5377 καίτοι
2060 5340 2123 5390 γε

547 5403 640 5455 τοῦ
674 5404 943 5473 σπηλαίου
964 5405 1063 5472 τῆς
1102 5404 1271 5475 θύρας
1302 5405 1383 5467 εἰς
1425 5405 1486 5457 τὸ
1516 5406 1646 5476 ὕψος
1678 5405 1773 5459 τοῦ
1804 5405 1960 5477 ὅρους
2005 5408 2127 5459 ἐπι-

551 5488 833 5556 κειμένης,
865 5489 985 5541 οὐδὲ
1029 5490 1143 5556 μετ’
1178 5489 1446 5559 ἐξαωρίαν
1474 5491 1564 5543 τὸν
1598 5490 1747 5561 ἥλιον
1776 5491 1914 5559 ὑπὲρ
1950 5509 2123 5562 κεφα-

546 5568 645 5638 λῆς
675 5570 867 5624 τούτου
890 5574 1182 5641 γενόμενον
1215 5574 1321 5626 ίδεν
1346 5574 1475 5627 ποτὲ
1497 5576 1635 5627 κατὰ
1660 5575 1810 5627 δύσιν
1841 5575 2121 5639 κλίναντα,

554 5654 674 5705 οὑδέ
703 5656 830 5719 τούς
858 5660 998 5710 κατά
1026 5658 1235 5726 δυσμὰς
1286 5659 1673 5722 ἁνατέλλοντας
1708 5661 1945 5731 ἀστέρας
1995 5664 2125 5717 ποτὲ

548 5736 811 5791 ἐθεάσατο
838 5740 897 5793 ἐν
927 5743 1036 5804 τοῖς
1062 5743 1399 5796 εἰκοσιπέντε
1431 5743 1626 5797 ἔτεσιν.
1680 5745 1846 5807 Ουτος
1885 5746 1913 5797 ὀ
1950 5747 2124 5815 μέγας

2221 1870 2282 1924 τὸ
2310 1868 2575 1939 καρτερὸν
2599 1869 2706 1920 τῶν
2739 1869 2837 1937 τῆς
2878 1870 3163 1939 ἀσκήσεως
3198 1872 3398 1935 πόνων,
3454 1874 3536 1937 εἰς
3571 1873 3795 1945 ὕστερον

2221 1950 2375 2017 οὗτος
2428 1956 2674 2023 μνήματι
2722 1953 2914 2006 ἐαυτὸν
2940 1955 3311 2025 ἐγκαθεῖρξεν.
3356 1958 3478 2011 Ἐπὶ
3530 1961 3659 2029 τρία
3702 1962 3794 2032 ἐτη

2227 2041 2443 2103 σταθεὶς
2470 2040 2527 2091 ἐν
2566 2038 2643 2107 τῷ
2679 2038 2947 2109 μνήματι,
2979 2039 3036 2092 ἐν
3071 2042 3406 2110 προσευχαῖς
3441 2043 3689 2111 διετέλει,
3723 2046 3796 2115 μή

2224 2126 2463 2196 νύκτωρ,
2506 2122 2581 2194 μὴ
2619 2122 2738 2192 μεθ’
2782 2122 3017 2193 ἡμέραν,
3057 2124 3131 2193 μὴ
3187 2124 3437 2187 καθίσας,
3478 2126 3553 2196 μὴ
3594 2129 3798 2182 ἀναπε-

2226 2210 2355 2275 σὼν,
2398 2209 2471 2279 μὴ
2533 2207 2752 2277 βαδίσας
2791 2206 2915 2270 ἔξω.
2969 2202 3136 2270 Οὗτος
3170 2207 3485 2279 κατηξιώθη
3524 2212 3799 2280 χαρίσμα-

2224 2310 2315 2354 τος
2336 2291 2477 2345 κατά
2496 2291 2787 2358 δαιμόνων.
2830 2290 2969 2343 Νυνὶ
3007 2290 3063 2342 δὲ
3102 2291 3411 2343 ἐπανελθὼν
3434 2293 3527 2344 ἐπὶ
3564 2295 3665 2359 τὴν
3699 2313 3799 2347 πα-

2224 2375 2380 2445 τρίδα
2413 2372 2621 2444 ἠξιώθη
2644 2371 3063 2444 πρεσϐυτερίου,
3102 2373 3431 2443 συναγαγὼν
3462 2375 3799 2445 ἀδελφότητα

2224 2457 2433 2527 ἀνδρῶν
2464 2473 2523 2508 τε
2548 2456 2642 2509 καὶ
2667 2454 2962 2523 γυναικῶν,
2988 2458 3054 2526 τῇ
3091 2458 3364 2528 μαρτυρία
3382 2460 3484 2528 τῆς
3508 2459 3797 2525 ἀπαθείας,

2224 2542 2312 2595 διὰ
2345 2542 2443 2611 τῆς
2474 2539 2679 2611 σεμνῆς
2709 2538 3005 2603 πολιτείας,
3039 2541 3135 2593 καὶ
3172 2540 3234 2593 τὸ
3262 2541 3458 2595 ἑαυτοῦ
3493 2542 3664 2613 ἀρῥεν
3704 2549 3800 2615 τῆς

2225 2624 2521 2693 ἐπιθυμίας
2563 2622 2782 2686 ἐλάσας,
2840 2621 2936 2675 καὶ
2974 2621 3034 2675 τὸ
3072 2622 3180 2676 τῶν
3234 2624 3509 2691 γυναικῶν
3551 2625 3690 2694 θῆλυ
3734 2630 3799 2697 τῇ

2225 2706 2524 2777 ἐγκρατείᾳ
2576 2704 2852 2776 φιμώσας,
2882 2704 2959 2769 ὡς
3003 2704 3346 2775 πληροῦσθαι
3380 2707 3440 2760 τὸ
3478 2711 3799 2778 γεγραμμέ-

2224 2810 2313 2845 νον
2337 2809 2349 2820 '
2384 2794 2442 2844 ἐν
2489 2789 2718 2860 Χριστῷ
2756 2788 2932 2857 Ἰησοῦ
2979 2790 3078 2843 οὐκ
3109 2790 3257 2844 ἐστιν
3304 2791 3472 2862 ἄρσεν
3510 2794 3605 2846 καὶ
3645 2795 3796 2862 θῆλυ.

2228 2877 2414 2929 Ἔστιν
2446 2874 2503 2926 δέ
2540 2873 2635 2927 καὶ
2661 2870 2937 2941 φιλόξενος
2984 2874 3108 2926 καθ’
3141 2874 3469 2945 ὑπερϐολὴν,
3502 2878 3706 2948 καίπερ
3727 2877 3800 2931 ὢν

2224 2960 2515 3029 ἀκτήμων,
2542 2958 2622 3020 είς
2653 2957 2873 3027 ἔλεγχον
2902 2955 3010 3008 τῶν
3044 2957 3397 3027 ἀμεταδότων
3421 2960 3711 3014 πλουσίων.

2816 3038 3069 3094 ΚΕΦΔΛ.
3101 3040 3204 3095 PI'.

2770 3126 2911 3192 Περί
2942 3123 3245 3180 Γαδδανᾶ.

2296 3210 2511 3278 Ἐγνων
2559 3206 2670 3277 ἐγὼ
2722 3208 2959 3280 γέροντά
2990 3224 3115 3261 τινα
3161 3206 3518 3261 Παλαιστῖνον
3563 3208 3802 3262 Γαδδανᾶ

2220 3295 2481 3364 ὀνόματι·
2522 3292 2581 3357 δς
2625 3292 2715 3346 τὸν
2769 3294 2999 3360 ἀστεγον
3044 3292 3207 3361 ἔζησε
3238 3290 3352 3361 βίον
3378 3292 3469 3345 τὸν
3499 3294 3680 3347 πάντα
3704 3294 3800 3362 τῆς

2220 3380 2367 3448 ζωῆς
2383 3377 2547 3431 αὐτοῦ
2566 3382 2776 3448 χρόνον,
2791 3378 2871 3439 είς
2886 3378 3013 3440 τοὺς
3032 3378 3159 3448 περὶ
3176 3377 3267 3429 τὸν
3284 3376 3553 3447 Ἰορδάνην
3586 3379 3796 3441 τόπους.

2221 3461 2407 3531 Τούτῳ
2430 3462 2557 3516 ποτὲ
2580 3460 2657 3530 τῷ
2682 3461 2939 3530 μακαρίῳ
2956 3460 3194 3533 ἐρημίτῃ
3210 3460 3447 3514 Ἰουδαῖοι
3468 3462 3609 3515 κατά
3645 3461 3800 3531 ζῆλον

2222 3544 2539 3614 ἐπιθέμενοι
2569 3547 2626 3597 ἐν
2654 3547 2767 3607 τοῖς
2794 3546 2923 3615 περὶ
2955 3547 3054 3613 τὴν
3073 3544 3291 3615 Νεκράν
3309 3545 3798 3608 θάλασσαντόποις.

2222 3629 2374 3697 ξίφος
2402 3627 2789 3698 γυμνώσαντες
2812 3627 2933 3681 κατ’
2956 3628 3121 3682 αὐτοῦ
3147 3630 3381 3701 ἐπῆλθον
3398 3631 3564 3699 αὐτῷ.
3600 3632 3800 3699 Συνέϐη

2219 3712 2275 3764 δὲ
2290 3711 2475 3781 θαῦμα
2490 3711 2729 3765 τοιοῦτον
2746 3710 3017 3779 γενέσθαισ
3038 3711 3126 3764 Ἐν
3143 3711 3221 3783 τῷ
3230 3713 3291 3765 τὸ
3308 3713 3457 3781 ξίφος
3470 3716 3696 3784 ἐπᾶραι,
3713 3718 3802 3765 καὶ

2222 3794 2546 3865 βουληθῆναι
2562 3796 2763 3847 σπάσαι
2783 3797 2922 3847 κατὰ
2937 3793 3029 3847 τοῦ
3046 3796 3082 3847 Γ
3086 3795 3282 3849 αδδανᾶ
3296 3796 3384 3849 τὸν
3401 3797 3521 3849 δλεθ
3531 3815 3622 3863 ρον
3650 3838 3664 3861 ,
3701 3800 3799 3848 ἁπ-

2220 3879 2487 3951 ιξηράνθη
2512 3880 2545 3949 ή
2566 3878 2684 3949 χεὶρ
2706 3878 2798 3930 τοῦ
2822 3878 2882 3930 τὸ
2900 3877 3051 3947 ξίφος
3068 3879 3403 3949 κατέχοντοςο
3424 3882 3693 3934 καὶτοῦτο
3708 3882 3797 3934 ἀπ’

2223 3961 2389 4014 αὐτοῦ
2415 3962 2761 4032 ἀναισθήτως
2790 3961 3269 4032 κατέτεεσεν.Αὖτη
3299 3964 3333 4033 ή
3354 3963 3506 4034 παρά
3521 3963 3657 4017 Θεοῦ
3681 3965 3797 4034 βοή-

2222 4043 2339 4097 θεια
2370 4044 2657 4114 σύμμαχος
2679 4044 2902 4112 γέγονεν
2932 4045 3024 4098 τοῦ
3054 4047 3210 4114 ἁγίου
3245 4045 3508 4109 Γαδδανᾶ,
3546 4048 3639 4100 καὶ
3670 4048 3800 4116 αὕτη

2222 4128 2254 4197 ή
2289 4127 2461 4199 ἁρετὴ
2495 4126 2589 4179 τοῦ
2624 4129 2895 4199 μακαρίου
2923 4127 3113 4199 ἀνδρὸς
3148 4129 3251 4193 ἓως
3277 4129 3381 4194 ἐξω
3410 4129 3503 4183 τοῦ
3536 4130 3670 4200 βίου.

2790 4226 3040 4280 ΚΕΦΑΛ.
3091 4228 3242 4283 PIA'.

2824 4311 2965 4379 Περὶ
3006 4312 3199 4367 Ἠλία.

2312 4393 2496 4457 Ἠλίας
2526 4395 2688 4448 πάλιν
2719 4394 2945 4464 ὀνόματι
2989 4397 3240 4466 μονάζων
3285 4398 3717 4472 εὐδοκιμώτατος
3748 4401 3803 4451 ἐν

2158 4461 2201 4515 Ῐ)
2229 4481 2340 4540 τοῖς
2375 4478 2559 4541 αὐτοῖς
2584 4479 2770 4540 τόποις
2809 4481 2866 4532 ἐν
2910 4478 3164 4549 σπηλαίῳ
3188 4483 3448 4552 κατῴκει,
3472 4461 3803 4554 σεμνοτάτου

2232 4566 2325 4615 καὶ
2379 4564 2641 4633 ἐνθέσμου
2692 4562 2809 4631 βίου
2868 4564 3151 4635 ὑπάρχων,
3186 4568 3254 4635 τῇ
3285 4568 3580 4639 ἐγκρατείᾳ
3616 4572 3708 4620 καὶ
3740 4570 3803 4637 τῇ

2232 4648 2363 4716 εὐχῇ
2394 4650 2770 4715 προσανεῖχεν,
2798 4646 3134 4717 φιλοφρόνως
3150 4649 3358 4712 πάντας
3376 4650 3666 4721 ξενοδοχῶν
3683 4656 3805 4711 τοὺς

2234 4730 2725 4799 παραγινομένους.
2777 4731 2924 4792 Μιᾶς
2974 4728 3069 4783 οὖν
3122 4731 3232 4783 τῶν
3281 4735 3504 4803 ήμερῶν
3564 4734 3804 4802 ἀδελφῶν

2233 4814 2386 4883 αὑτῴ
2410 4813 2825 4883 ἐπεληλυθότων
2854 4814 3119 4869 πλειόνων
3167 4811 3255 4886 (ἦν
3304 4820 3413 4887 γὰρ
3460 4818 3697 4885 πάροδος
3739 4817 3804 4869 δι’

2234 4897 2423 4966 αὐτοῦ)
2458 4897 2685 4967 ἐλείφθη
2742 4899 2922 4968 ἄρτων
2951 4914 2964 4928 ⁸
3031 4902 3126 4952 καὶ
3183 4899 3543 4971 διομνύμενος
3592 4900 3803 4953 ἔπεισεν

2234 4982 2403 5051 ἡμᾶς,
2437 4982 2520 5034 ὅτι
2567 4980 2706 5050 Il'ap‘
2736 4982 2917 5049 ὀλίγον
2958 4982 3341 5054 ἐλιποθύμησα
3369 4987 3461 5037 ἐπὶ
3499 4988 3567 5055 τῇ
3615 4986 3803 5037 σπάνει

2231 5066 2341 5119 τῶν
2364 5066 2605 5136 τροφῶν.
2638 5065 2912 5119 Εἰσελθὼν
2936 5066 3028 5119 οῦν
3059 5069 3116 5121 ἐν
3148 5056 3226 5140 τῷ
3256 5069 3452 5139 κελλίῳ
3480 5070 3622 5123 πάνυ
3654 5070 3804 5140 περὶ·

2230 5149 2402 5212 λυπος
2427 5150 2487 5201 τὸ
2522 5149 2639 5211 πῶς
2676 5150 2754 5211 είς
2784 5150 2907 5211 τοὺς
2955 5154 3432 5222 παραγενομένους
3463 5154 3599 5222 πρός
3653 5171 3715 5223 με
3748 5153 3804 5205 τὸ

2231 5236 2330 5304 τῆς
2361 5236 2582 5305 ἀγάπης
2611 5235 2808 5303 μέτρον
2837 5234 3245 5306 ἀποπληρὼσω,
3266 5232 3423 5308 εὗρον
3444 5240 3589 5307 τρεῖς
3614 5239 3805 5308 ἄρτους

2235 5319 2504 5390 μεγάλους
2536 5320 2759 5388 νεαροὺς
2791 5320 3098 5388 κειμένους,
3129 5320 3221 5384 οὓς
3245 5321 3424 5375 λαϐὼν
3443 5322 3645 5391 χαίρων
3677 5341 3807 5392 ταρ-

2234 5407 2430 5476 έθηκα.
2460 5405 2573 5457 Καὶ
2629 5406 2908 5470 φαγόντων
2940 5407 3017 5465 εἰς
3046 5407 3207 5474 κόρον
3246 5409 3418 5460 εἴκοσι
3448 5405 3658 5477 ἀνδρῶν
3690 5410 3805 5458 ἐττε-

2236 5491 2517 5562 ρίσσευσεν
2547 5490 2575 5541 ὀ
2609 5487 2690 5551 εἷς
2716 5488 3083 5559 ἄρτος.Ἀρας
3105 5489 3197 5542 οὖν
3229 5490 3414 5544 τοῦτον
3437 5488 3547 5557 ἐγὼ
3572 5488 3801 5559 ἐχρησάε

2239 5594 2349 5648 μην
2384 5576 2477 5628 ἐπὶ
2500 5578 2714 5645 ἡμέρας
2744 5578 2916 5628 εἴκοσι
2941 5577 3122 5630 πέντε.
3143 5576 3285 5645 Αὐτη
3305 5577 3337 5644 ἠ
3359 5580 3516 5650 χάρις
3550 5576 3683 5645 μετά
3716 5570 3801 5624 τοῦ

2233 5661 2510 5731 φιλοξένου
2532 5661 2752 5728 γέγονεν
2771 5653 3012 5720 Ἠλία,οὐ
3032 5660 3085 5712 αἳ
3104 5661 3325 5731 ἀμοιϐαὶ
3342 5650 3449 5713 τῶν
3464 5660 3636 5711 πόνων
3656 5656 3797 5724 παρὰ

2232 5746 2306 5815 τῷ
2329 5744 2699 5815 φιλανθρώπῳ
2728 5747 2791 5798 Δε
2804 5744 2975 5817 σπότῃ
2988 5743 3437 5815 εύτρεπιξόμεναι
3450 5743 3479 5796 ὖ
3485 5744 3557 5796 11:2
3566 5756 3794 5817 ρχουσιν.
