4040 6536
283 365 419 421 1213

275 572 596 624 deducentes
627 581 745 619 eum
784 565 848 617 ad
871 560 1222 631 cognitionem
1268 570 1378 610 suze
1433 552 1831 615 imbecillitatis,

279 662 486 714 illusum
516 674 544 712 a
574 659 814 712 daemone
842 655 1124 722 superbiae,
1153 660 1201 706 et
1233 649 1430 703 sanctis
1463 650 1705 717 precibus
1729 647 1839 701 suis

279 752 331 805 in
362 748 638 818 pristinam
662 747 781 800 vita:
808 745 1142 799 sanctitatem
1173 741 1533 795 restituerunt.

873 853 1094 909 CAPUT
1122 851 1252 905 CVI.

773 969 886 1024 Vita
915 969 1104 1021 abbatis
1134 965 1347 1033 Elpidii.

354 1087 408 1140 In
440 1081 865 1138 Amorrhrcorum
911 1077 1178 1144 speluncis
1207 1089 1325 1144 quae
1371 1081 1497 1127 sunt
1525 1072 1576 1124 in
1608 1069 1842 1133 Jericho,

284 1189 415 1242 quas
443 1174 568 1225 olim
604 1175 1014 1223 construxerant
1043 1165 1300 1234 fugientes
1347 1162 1527 1216 .Iesum
1560 1160 1720 1223 Nave,
1757 1159 1846 1227 qui

284 1279 408 1317 tunc
455 1261 800 1331 populabatur
845 1259 1187 1326 alienigenas,
1235 1257 1286 1309 in
1337 1263 1515 1308 monte
1563 1254 1702 1305 Luca
1752 1249 1850 1303 fuit

282 1359 495 1424 quidam
539 1355 795 1422 Elpidius,
849 1352 1133 1422 Cappadox
1173 1365 1388 1419 genere,
1438 1359 1619 1416 postea
1671 1359 1848 1401 autem

284 1443 529 1514 dignatus
573 1445 942 1514 presbyteratu
976 1441 1286 1496 monasterii
1316 1439 1456 1508 quod
1493 1439 1602 1492 illic
1631 1448 1706 1491 est
1727 1477 1741 1499 ,
1774 1435 1850 1489 fa-

286 1548 404 1592 ctus
433 1553 462 1592 a
494 1537 770 1590 Timotheo
802 1533 1178 1600 chorepiscOpo
1203 1529 1568 1596 Cappadocia),
1600 1528 1716 1580 viro
1743 1527 1852 1579 suf-

289 1631 666 1684 ficientissimo.
716 1626 763 1681 Is
811 1622 1067 1677 habitavit
1113 1624 1163 1675 in
1212 1620 1436 1689 quadam
1482 1617 1752 1684 spelunca,
1793 1623 1851 1668 et

292 1731 490 1776 tantam
543 1721 594 1774 in
641 1718 1022 1772 exercitatione
1067 1713 1297 1768 ostendit
1349 1708 1750 1768 continentiam,
1797 1713 1855 1757 ut

1555 353 1872 410 HISTORIA
1915 351 2272 407 LAUSIACA.

277 490 325 534 et
357 476 521 544 magis
554 475 963 536 indifferentem,
1015 474 1266 523 curarunt
1318 479 1438 520 eum
1487 480 1514 515 a
1563 465 1830 530 superbia,
1865 463 1911 520 Α

3366 351 3501 404 1211

2525 458 2747 514 CAPUT
2783 457 2918 512 CIX.

2413 548 2532 602 Vita
2557 551 2748 603 abbatis
2778 550 3013 604 Sisinnii.

2015 640 2180 708 llujus
2203 639 2492 707 discipulus
2519 640 2778 696 Sisinuius
2802 640 3034 701 nomine,
3058 641 3143 709 qui
3171 642 3364 707 prodiit
3389 642 3507 711 qui-

1943 730 2061 785 dem
2083 747 2149 785 ex
2179 731 2364 784 servili
2389 732 2622 796 fortuna;
2650 731 2750 784 fide
2783 739 2957 786 autem
2983 730 3136 793 liber,
3155 747 3347 800 genere
3372 734 3507 800 Cap-

1944 823 2136 890 padox.
2181 822 2401 889 Oportet
2441 823 2581 876 enim
2627 837 2817 891 genera
2851 837 3061 891 quoque
3100 823 3398 890 significare
3443 823 3508 875 ad

1944 915 2162 982 gloriam
2193 913 2386 966 Christi
2417 915 2502 982 qui
2535 928 2629 966 nos
2655 914 2826 967 reddit
2854 914 3024 967 claros
3054 928 3270 982 genere,
3303 929 3506 981 nosque

1947 1003 2157 1057 deducit
2183 1005 2248 1057 ad
2284 1006 2488 1057 beatam
2517 1015 2570 1059 et
2610 1019 2788 1058 veram
2821 1006 3173 1070 nobilitatem,
3207 1022 3393 1073 nempe
3421 1022 3508 1061 re-

1947 1111 2105 1161 gnum
2129 1097 2405 1149 crelorum.
2437 1097 2532 1150 Hic
2561 1112 2679 1150 cum
2716 1099 2896 1152 luisset
2924 1101 3078 1165 longo
3106 1108 3345 1165 tempore
3368 1099 3507 1164 apud

1949 1185 2159 1238 beatum
2193 1186 2453 1252 Elpitlium
2484 1187 2619 1238 acris
2647 1187 2843 1239 athleta
2879 1189 3130 1240 virtutum
3167 1189 3506 1242 exercitatio-

1950 1275 2052 1336 nis,
2085 1287 2137 1326 ιιι
2169 1276 2258 1342 qui
2287 1289 2376 1326 sex
2402 1274 2486 1327 vel
2511 1284 2712 1341 septem
2744 1277 2897 1329 annis
2919 1276 3186 1331 didicisset
3214 1278 3309 1329 viri
3339 1278 3507 1330 virtu-

1951 1370 2050 1422 tes,
2074 1373 2128 1416 et
2159 1362 2514 1416 fortitudinem
2536 1363 2770 1416 laborum
2802 1365 2851 1416 in
2881 1366 3277 1425 exercitatione,
3301 1365 3343 1418 is
3369 1373 3510 1432 post-

1951 1469 2011 1506 ea
2049 1455 2278 1520 seipsum
2307 1454 2512 1506 inclusit
2539 1455 2882 1507 monimento.
2920 1455 2972 1508 In
3007 1471 3071 1509 eo
3109 1465 3284 1508 autem
3316 1459 3514 1511 consti-

1954 1551 2096 1597 tutus
2149 1548 2260 1597 tres
2329 1552 2538 1599 annos,
2614 1541 2983 1607 perseveravit
3035 1541 3088 1594 in
3154 1548 3510 1613 orationibus,

1955 1646 2056 1684 non
2087 1641 2266 1694 noctu,
2292 1649 2395 1683 non
2432 1633 2656 1686 interdiu
2679 1632 2889 1696 εεάθηε,
2917 1648 3020 1686 non
3043 1637 3378 1700 accumbens,
3410 1656 3512 1693 non

1956 1719 2094 1774 foras
2131 1721 2428 1788 egrediens.
2485 1725 2530 1776 Is
2570 1733 2840 1777 assecutus
2886 1735 2965 1778 est
3005 1727 3225 1794 gratiam
3261 1729 3517 1785 adversus

293 1828 478 1868 omnes
499 1812 826 1866 obscuraret.
860 1808 1001 1862 Vixit
1021 1807 1164 1861 enim
1195 1803 1374 1872 viginti
1405 1803 1636 1869 quinque
1660 1812 1846 1858 annos,
1881 1825 1928 1884 Β
1955 1812 2241 1865 άωωοηθε,
2275 1814 2424 1866 Nunc
2455 1824 2627 1867 autem
2671 1830 2916 1869 reversus
2954 1815 3008 1869 in
3044 1818 3287 1884 patriam,
3328 1821 3519 1890 dignus

293 1918 511 1957 vescens
553 1900 724 1954 solum
767 1895 1027 1952 Sabbatis.
1053 1902 1107 1949 et
1151 1892 1467 1953 Dominicis;
1500 1899 1645 1942 stans
1674 1900 1849 1938 autem

294 2007 432 2049 totas
457 2005 637 2047 noctes
665 1992 933 2045 cantabat.
965 1988 1132 2053 Quem
1164 1985 1300 2038 sicut
1325 1997 1449 2050 apes
1474 1994 1650 2047 regem
1676 1993 1852 2038 suum,

292 2089 366 2141 ita
406 2088 678 2139 innumera
711 2079 989 2134 multitudo
1031 2077 1246 2129 fratrum
1276 2082 1478 2133 secuta,
1514 2070 1662 2122 illum
1703 2082 1856 2120 mon-

294 2189 400 2232 tetn
443 2173 721 2228 ardilicavit
755 2188 768 2222 :
801 2169 1096 2234 licebatque
1147 2165 1250 2217 illic
1292 2163 1477 2216 videre
1505 2159 1640 2228 apud
1672 2171 1860 2210 unum-

298 2282 561 2339 quemque
601 2266 843 2319 diversos
884 2260 1070 2315 modos
1100 2261 1221 2310 vita:
1264 2250 1684 2309 exercitationis.
1715 2249 1860 2300 llunc

298 2363 582 2432 aliquando
626 2357 914 2427 Elpidium,
965 2361 1018 2406 et
1067 2365 1190 2405 vere
1220 2347 1505 2416 Elpidium,
1538 2345 1625 2412 qui
1676 2355 1861 2432 revera

300 2430 402 2522 spe
432 2451 710 2523 gaudebat,
752 2458 804 2502 et
846 2453 1062 2515 propter
1105 2440 1372 2495 Christum
1414 2433 1703 2490 sustinebat
1729 2430 1862 2523 affli-

305 2522 558 2606 ctionem,
590 2551 746 2596 noctu
771 2538 1082 2608 psallentem
1106 2533 1256 2587 nobis
1279 2545 1380 2584 una
1404 2543 1521 2581 cum
1551 2540 1613 2578 eo
1636 2522 1863 2591 psallen-

305 2642 464 2700 tibus,
497 2635 714 2704 pupugit
739 2629 978 2695 scorpius
1010 2643 1024 2678 :
1062 2639 1218 2694 quem
1259 2636 1377 2675 cum
1411 2621 1665 2672 calcasset
1694 2624 1862 2676 stans,

305 2747 410 2786 non
439 2702 657 2780 mutavit
689 2723 922 2775 habitum
953 2716 1189 2786 corporis
1222 2732 1236 2779 ;
1267 2722 1408 2765 tanta
1437 2708 1710 2763 tolerantia
1743 2702 1864 2756 nul-

307 2825 410 2882 [ειη
455 2820 602 2871 duxit
647 2815 904 2868 rationem
954 2811 1152 2863 doloris
1198 2821 1353 2874 quem
1387 2802 1574 2878 inussit
1603 2795 1862 2860 scorpius.

312 2920 475 2973 Porro
498 2921 675 2969 autent
705 2921 821 2964 cum
861 2902 1090 2978 quodam
1116 2899 1203 2957 die
1231 2895 1447 2972 quidam.
1475 2893 1637 2953 frater
1665 2902 1869 2948 teneret

311 3012 534 3064 frustum
566 3003 818 3060 sarmenti
853 2999 1026 3073 (154),
1054 2998 1103 3051 id
1152 2995 1354 3060 accepit
1389 3002 1600 3045 sanetus
1636 2989 1759 3042 dum
1788 3001 1871 3040 se-

310 3103 461 3156 deret
483 3103 532 3152 in
552 3095 786 3165 margine
808 3092 1024 3152 montis.
1048 3100 1098 3146 et
1122 3086 1306 3142 infudit
1329 3093 1575 3152 tanquam
1600 3081 1868 3149 plantans,

1955 1913 2036 1956 est
2065 1903 2272 1956 habitus
2306 1906 2700 1973 presbyteratu;
2732 1905 2798 1958 ab
2824 1919 2887 1958 eo
2930 1907 3147 1960 collecta
3191 1908 3516 1965 fraternitate

1962 1994 2202 2045 virorum
2231 2004 2283 2046 et
2313 1994 2613 2056 mulierum,
2645 1994 2767 2047 dato
2791 1995 3093 2048 testimonio
3120 1995 3518 2063 impatibilitatis

1961 2101 2053 2151 per
2084 2085 2361 2140 honestam
2393 2088 2514 2139 vita:
2542 2087 2944 2151 institutionem,
2971 2095 3023 2140 et
3047 2090 3273 2140 mascula
3301 2092 3518 2154 exnulsa

1957 2176 2374 2243 sliacupiditate,
2404 2184 2458 2228 et
2482 2175 2795 2228 feminarum
2827 2178 3047 2230 mollitie
3079 2179 3364 2232 constricta
3396 2194 3523 2233 con-

1961 2268 2213 2329 tinentia,
2261 2267 2396 2320 adeo
2439 2275 2493 2319 nt
2528 2266 2808 2334 impleatur
2845 2267 2986 2335 quod
3026 2266 3279 2334 scriptum
3309 2279 3430 2323 est:
3466 2272 3522 2324 In

1963 2356 2174 2410 Christo
2199 2356 2322 2410 Jesu
2348 2372 2450 2409 non
2474 2358 2837 2410 estmasculus
2859 2366 2913 2409 et
2933 2359 3154 2422 femina;
3187 2376 3289 2411 non
3311 2369 3392 2413 est
3414 2374 3525 2413 ser-

1964 2463 2081 2511 vus,
2108 2464 2203 2503 nec
2233 2449 2360 2501 liber
2390 2446 2584 2516 (Galat.
2612 2449 2712 2514 LI).
2741 2450 2829 2501 Est
2859 2458 3030 2504 autem
3063 2453 3220 2503 etiam
3251 2451 3524 2518 insigniter

1965 2535 2261 2604 hospitalis,
2293 2539 2392 2590 etsi
2437 2547 2612 2591 careat
2643 2540 3085 2605 possessionibus,
3121 2540 3172 2593 in
3203 2543 3521 2608 thuperium

1965 2624 2184 2680 divitum
2212 2626 2299 2695 qui
2331 2627 2544 2680 minime
2572 2628 2962 2694 impertiuntur.

2566 2714 2789 2771 CAPUT
2828 2716 2939 2772 CX.

2350 2805 2467 2860 Vita
2496 2807 2689 2859 abbatis
2714 2808 2961 2862 (iaddaua
2991 2809 3158 2879 (157).

2039 2894 2171 2954 bovi
2215 2911 2311 2969 ego
2355 2911 2536 2954 senem
2583 2898 2864 2968 quemdam
2920 2899 3255 2954 Palaestinam
3313 2917 3532 2972 genere,

1972 2992 2279 3047 Caddanam
2313 2993 2546 3056 nomine,
2593 2994 2682 3060 qui
2715 3001 2822 3046 toto
2850 2993 2969 3045 vita:
2999 3007 3107 3045 sum
3138 3001 3376 3060 tempore
3405 2997 3535 3047 vixit

1973 3087 2349 3153 absquetecto,
2377 3084 2506 3136 vixit
2528 3092 2702 3137 autem
2733 3086 2872 3138 circa
2893 3083 3198 3137 Jordanem.
3231 3083 3380 3137 Hunc
3411 3085 3533 3137 bea-

312 3193 409 3249 etsi
449 3206 552 3245 non
594 3194 737 3242 esset
791 3195 1032 3250 tempus;
1080 3193 1248 3246 usque
1283 3175 1414 3229 adeo
1464 3184 1636 3224 autem
1681 3169 1866 3227 crevit,

1975 3185 2083 3227 tum
2115 3174 2408 3236 eremitam,
2447 3189 2565 3226 cum
2588 3172 2755 3227 Judaei
2789 3174 2916 3226 moti
2945 3173 3300 3237 aemulatioiie,
3330 3172 3381 3225 in
3411 3172 3540 3226 locis

313 3296 368 3340 et
399 3295 502 3337 tam
541 3279 714 3349 ampla
759 3277 879 3330 vitis
919 3275 1105 3336 evasit,
1150 3277 1206 3324 ut
1253 3273 1452 3338 tegeret
1493 3274 1655 3318 totam
1706 3262 1874 3316 eccle—

314 3377 468 3430 slain.

902 3431 1129 3489 CAPUT
1167 3429 1319 3483 CVII.

851 3543 968 3598 Vita
1005 3543 1198 3595 abbatis
1228 3539 1455 3593 ZEnesii.

387 3662 518 3715 Cum
559 3660 658 3713 hoc
695 3665 879 3710 sancto
917 3655 1008 3708 Dei
1043 3654 1236 3706 athleta
1280 3666 1380 3704 una
1419 3651 1576 3703 etiam
1623 3648 1719 3700 fuit
1755 3661 1879 3700 con-

316 3762 610 3808 .summatus
662 3749 885 3818 inclytus
936 3746 1030 3801 Dei
1067 3758 1250 3800 servus
1289 3741 1576 3802 Enesius,
1635 3740 1714 3790 vir
1767 3753 1880 3789 ma-

319 3863 437 3916 gnae
463 3841 897 3906 existimationis,
938 3850 992 3893 et
1015 3841 1104 3906 qui
1147 3836 1242 3889 fuit
1280 3833 1501 3902 insignis
1531 3831 1583 3884 in
1623 3829 1883 3883 exercita-

319 3950 484 3993 "one'
881 3997 1104 4054 CAPUT
1141 3994 1316 4051 cvm.

682 4113 799 4167 Vita
837 4111 1031 4164 abbatis
1068 4108 1326 4163 Eustathii
1364 4103 1533 4175 (lt‘if‘).

398 4229 466 4282 Et
514 4226 626 4295 ejus
680 4223 840 4276 frater
898 4218 1206 4273 EtiStathius
1268 4216 1316 4270 ei
1375 4215 1576 4267 honore
1633 4207 1884 4278 :rqualis,

321 4329 674 4390 promptuque
709 4325 764 4369 et
801 4313 962 4366 alacri
1013 4311 1190 4363 animo
1235 4319 1498 4362 exercens
1555 4303 1679 4356 vita:
1715 4307 1888 4354 certa-

328 4412 491 4465 tnina.

1980 3279 2096 3331 qua:
2135 3273 2257 3317 sunt
2297 3265 2434 3317 circa
2467 3278 2615 3316 mare
2658 3263 2916 3314 Mortuum
2939 3261 3126 3325 adorti,
3154 3264 3342 3316 stricto
3367 3261 3542 3329 gladio

1979 3356 2321 3416 invasissent,
2363 3354 2555 3407 accidit
2597 3363 2653 3406 ut
2689 3353 2791 3406 tale
2839 3352 2985 3406 fieret
3023 3353 3352 3405 miraCulum.
3406 3351 3540 3404 Dum

1979 3463 2161 3500 ensem
2184 3447 2482 3510 extolleret,
2504 3457 2556 3498 et
2575 3446 2736 3499 vellet
2757 3444 3024 3498 Gaddame
3043 3442 3230 3497 afferre
3252 3443 3540 3505 interitum,

1980 3538 2242 3592 exsiccata
2271 3548 2353 3591 est
2381 3552 2568 3590 manus
2593 3535 2710 3604 ejus
2751 3534 2838 3602 qui
2869 3550 3051 3588 ensem
3102 3535 3350 3603 tenebat,
3398 3535 3546 3601 isque

1979 3629 2056 3683 illi
2085 3630 2152 3681 ita
2183 3628 2374 3682 cecidit
2417 3637 2473 3681 ut
2503 3642 2607 3680 non
2637 3627 2881 3680 sentiret.
2913 3625 3021 3679 Hoc
3067 3625 3318 3678 auxilium
3367 3639 3396 3674 a
3438 3625 3548 3678 Deo

1983 3721 2144 3774 latum
2168 3728 2248 3772 est
2270 3718 2424 3772 beato
2448 3717 2722 3781 Gaddana,
2756 3725 2809 3771 et
2840 3718 2952 3770 haec
2974 3719 3141 3770 victus
3168 3716 3307 3770 beati
3336 3716 3437 3770 viri
3460 3730 3550 3772 us-

1983 3827 2087 3882 que
2112 3812 2174 3866 ad
2201 3811 2358 3865 finem
2392 3813 2532 3864 vitm.

2571 3900 2794 3956 CAPUT
2833 3900 2970 3954 CXI.

2503 4015 2625 4068 Vita
2649 4015 2844 4068 abbatis
2878 4012 3025 4066 Elite.

2057 4129 2259 4184 Rursus
2287 4128 2498 4199 quidam
2544 4127 2682 4180 Elias
2713 4125 3004 4180 monachus
3034 4123 3458 4192 probatissimos,
3492 4122 3548 4178 in

1988 4220 2173 4274 iisdem
2198 4219 2325 4272 locis
2353 4219 2616 4271 habitabat
2647 4219 2694 4269 in
2726 4216 2976 4284 spelunca
3002 4231 3016 4279 ;
3041 4224 3093 4268 et
3119 4229 3237 4268 cum
3264 4221 3406 4268 esset
3432 4214 3554 4266 vitm

1990 4310 2377 4364 honestissima:
2402 4317 2456 4362 et
2503 4309 2552 4361 in
2584 4308 2767 4375 primis
2815 4306 3098 4376 religiosm,
3144 4305 3363 4358 vacabat
3391 4303 3560 4357 conti-

1995 4401 2188 4453 nentiae
2216 4408 2269 4453 et
2295 4398 2543 4462 orationi,
2572 4412 2756 4450 omnes
2793 4396 3133 4450 advenientes
3162 4395 3383 4463 benigne
3413 4395 3558 4449 exci-

404 4503 476 4553 Eo
502 4509 675 4552 autem
703 4494 963 4565 processit
999 4493 1185 4546 beatus
1227 4487 1463 4556 Elpidius
1493 4481 1888 4575 impatibilitate
1921 4517 1970 4575 υ
2000 4493 2168 4560 piens,
2200 4490 2436 4556 Quodam
2478 4505 2603 4560 ergo
2648 4489 2734 4542 die
2785 4504 2902 4541 cum
2933 4489 3232 4555 complures
3277 4489 3464 4540 {mil-es
3495 4485 3560 4539 ad

324 4607 520 4657 corpus
548 4600 843 4650 macerans,
870 4593 924 4636 ut
950 4591 1054 4636 tota
1082 4579 1198 4648 ejus
1223 4576 1373 4648 ([56)
1400 4574 1597 4628 ossium
1626 4581 1888 4626 structura

327 4682 608 4754 perspicue
635 4687 860 4748 pateret.
901 4674 1093 4730 Fertur
1121 4681 1294 4725 autem
1340 4670 1437 4723 hoc
1465 4681 1671 4736 quoque
1698 4664 1749 4717 in
1775 4663 1892 4729 ejus

329 4753 543 4827 virtutis
569 4768 958 4824 narrationibus
982 4781 1010 4819 a
1034 4763 1282 4819 studiosis
1304 4765 1418 4827 eius
1431 4756 1724 4826 discipulis,
1751 4753 1892 4824 quod

333 4865 462 4918 totis
491 4861 674 4931 viginti
697 4861 938 4938 quinun
957 4857 1112 4910 annis
1140 4869 1242 4908 non
1272 4854 1369 4906 fuit
1392 4862 1678 4906 conversus
1701 4848 1764 4900 ad
1793 4845 1894 4899 0c-

329 4953 637 5017 cidentem;
683 4950 783 5004 etsi
829 4951 1095 5017 Spelunca:
1146 4945 1339 4998 ostium
1387 4951 1527 4996 esset
1571 4941 1797 5008 positum
1841 4939 1892 4990 in

333 5047 529 5099 montis
566 5043 859 5097 cacumine.
903 5040 1083 5107 Neque
1124 5045 1243 5104 post
1283 5035 1463 5088 horam
1491 5040 1694 5085 sextam
1725 5029 1892 5082 solem

336 5139 429 5208 qui
461 5135 768 5188 imminebat
811 5131 990 5198 capiti,
1022 5127 1154 5180 vidit
1199 5140 1424 5193 unquam
1465 5122 1804 5175 inclinantem
1832 5119 1896 5170 ad

335 5229 707 5289 Occidentem;
753 5237 925 5291 neque
974 5220 1154 5274 stellas
1193 5232 1309 5284 quae
1341 5217 1391 5267 in
1428 5229 1617 5266 occasu
1654 5212 1898 5264 oriuntur

334 5327 468 5380 vidit
504 5323 681 5392 viginti
711 5320 882 5373 annis.
917 5317 1012 5370 Hic
1047 5326 1264 5382 magnus
1290 5309 1484 5363 athleta
1518 5305 1798 5374 patientite,
1833 5319 1897 5357 ex

335 5432 446 5487 quo
470 5419 735 5483 ingressus
757 5423 838 5465 est
863 5409 1189 5476 speluncam,
1214 5417 1316 5456 non
1339 5399 1613 5454 descendit
1635 5396 1702 5450 de
1725 5404 1904 5448 monte
1926 5437 1939 5447 .

339 5511 508 5561 donec
549 5504 648 5558 fuit
676 5501 931 5569 sepultus.
981 5499 1102 5551 llaec
1142 5503 1263 5547 sunt
1293 5492 1524 5546 caelestia
1554 5489 1784 5543 facinora
1812 5501 1904 5539 co-

339 5597 513 5652 ronati
544 5604 595 5648 et
623 5592 805 5647 invicti
835 5589 1046 5643 athletas
1068 5584 1279 5653 Elpidii,
1311 5582 1397 5651 qui
1429 5595 1565 5634 nunc
1586 5593 1703 5634 cum
1727 5577 1804 5632 sui
1837 5577 1905 5630 si-

341 5685 560 5740 milibus
583 5683 724 5750 degit
756 5686 807 5734 itt
841 5681 1102 5747 paradiso.

1997 4599 2115 4637 eum
2166 4583 2534 4646 accessissent,
2569 4590 2680 4635 erat
2709 4581 2849 4635 enim
2894 4581 3016 4633 illac
3045 4581 3122 4633 eis
3153 4580 3559 4646 transeundum,

1997 4675 2045 4729 ei
2085 4688 2248 4740 panes
2277 4672 2580 4727 defecerunt
2604 4689 2617 4736 ;
2640 4671 2932 4740 juransque
2966 4669 3118 4722 nobis
3161 4668 3459 4722 affirmabat
3485 4669 3563 4722 di-

1999 4779 2126 4818 cens
2159 4781 2170 4816 :
2216 4763 2596 4831 Propemodum
2649 4777 2764 4816 sum
2792 4759 3120 4814 exanimatus
3155 4759 3224 4811 ob
3263 4758 3364 4810 cibi
3401 4773 3566 4825 penu-

2000 4855 2156 4908 riam.
2215 4855 2484 4918 lngressus
2515 4868 2641 4921 ergo
2680 4852 2868 4905 cellam
2925 4864 3154 4904 mwrore
3192 4850 3349 4901 animi
3389 4851 3568 4903 confe-

2000 4954 2136 5004 ctus,
2170 4946 2308 5013 quod
2341 4947 2598 4998 nescirem
2642 4942 3082 5012 quemadmodttnt
3132 4942 3183 4994 in
3227 4957 3319 4994 eos
3348 4945 3434 5008 qui
3468 4943 3563 4992 atl-

2002 5044 2296 5100 ventarant,
2335 5036 2606 5102 implerem
2638 5049 2729 5101 pro
2765 5032 2963 5086 viribus
2989 5046 3289 5085 mensuram
3333 5033 3566 5084 charita-

2005 5128 2089 5191 tis,
2140 5126 2315 5179 inveni
2363 5133 2471 5178 tres
2508 5137 2745 5178 recentes
2795 5138 2957 5191 panes
3005 5120 3112 5176 illic
3157 5123 3386 5190 positos,
3435 5134 3570 5186 quos

2004 5218 2159 5271 laetus
2185 5216 2362 5283 accepi
2392 5225 2444 5269 et
2474 5217 2712 5283 apposui.
2757 5214 2890 5268 Cum
2919 5221 3092 5267 autem
3123 5213 3306 5279 viginti
3341 5213 3434 5263 viri
3471 5225 3563 5266 co-

2009 5307 2295 5360 medissent
2324 5306 2388 5358 ad
2419 5305 2737 5368 satietatem,
2771 5303 3033 5371 superfuit
3063 5319 3195 5356 unus
3226 5303 3397 5370 panis.
3434 5303 3566 5354 Eum

2005 5405 2180 5448 autem
2218 5409 2335 5448 cum
2365 5395 2717 5457 sustulissem,
2749 5407 2874 5447 usus
2896 5408 3010 5446 sum
3039 5409 3104 5447 eo
3129 5393 3310 5461 viginti
3340 5392 3573 5460 quinque

2005 5487 2209 5540 diebus.
2259 5485 2382 5538 Haec
2411 5484 2609 5537 domini
2652 5485 2816 5554 gratia
2859 5483 2996 5537 facta
3043 5493 3124 5536 est
3174 5498 3292 5536 cum
3324 5480 3569 5550 hospitali

2007 5576 2148 5636 Elia,
2202 5576 2353 5640 cujus
2405 5575 2643 5626 Iabormn
2697 5573 3157 5628 remunerationes
3201 5581 3394 5641 paratae
3451 5574 3573 5626 sunt

2008 5669 2140 5736 apud
2170 5665 2450 5733 benignum
2479 5666 2781 5718 Dominum.
