4040 6624
1107 476 1334 532 CAPUT
1369 475 1535 532 CXII.

1135 565 1208 617 De
1237 567 1498 620 Snbbatio.

604 659 830 724 Quidam
853 657 1120 712 saeculari»;
1144 658 1428 711 Sabbatius
1452 656 1685 720 nomine,
1705 653 2105 711 Jerichuntinus

533 765 753 819 genere,
801 764 920 802 cum
953 749 1170 802 haberet
1198 762 1440 811 uxorem,
1475 756 1688 814 propter
1716 746 1808 800 Dei
1861 747 2103 800 timorem

532 842 668 894 adeo
698 840 892 894 amavit
935 838 1243 902 monachos,
1277 845 1335 890 ut
1375 837 1490 904 ipse
1517 836 1688 890 obiret
1728 837 1893 890 cellas
1919 846 1970 890 et
1993 851 2108 888 om-

535 945 654 984 nem
681 930 1018 984 solitudinem
1047 929 1307 989 noctibus,
1341 935 1394 979 et
1426 927 1473 978 in
1503 940 1816 994 unoquoque
1840 937 2107 978 monaste-

535 1024 616 1076 rio
645 1021 774 1074 foris
805 1029 1025 1089 poneret
1053 1035 1214 1072 unum
1247 1018 1478 1071 modium
1523 1019 1876 1088 dactylorutn,
1907 1026 1960 1070 et
1991 1018 2103 1070 ole-

534 1126 648 1164 rum
678 1111 816 1176 quod
847 1111 977 1163 satis
1005 1117 1164 1170 esset,
1193 1115 1470 1173 propterea
1513 1106 1652 1174 quod
1685 1120 1818 1172 pane
1855 1120 1957 1157 non
1991 1119 2109 1157 ves-

535 1207 721 1253 cnntur
742 1198 828 1266 qui
860 1200 909 1249 in
937 1197 1168 1251 Jordane
1194 1205 1314 1248 sunt
1335 1197 1738 1248 exercitatores.
1769 1194 1897 1247 Huic
1927 1194 2107 1247 Mora-

533 1289 754 1344 cltorunt
787 1288 1057 1355 excepturi
1110 1285 1291 1354 (158),
1347 1295 1398 1338 et
1447 1284 1739 1338 commudze
1788 1300 1984 1338 mensae
2018 1299 2110 1352 pro

539 1379 935 1432 continentibus
984 1378 1254 1440 structori,
1309 1391 1427 1430 cum
1459 1376 1504 1428 is
1532 1378 1757 1443 quodam
1791 1374 1875 1428 die
1905 1374 2112 1428 tulisset

534 1470 733 1524 sanctis
783 1484 902 1536 qua:
934 1466 1305 1520 exercitationi
1351 1476 1501 1518 erant
1541 1465 1856 1529 necessaria,
1893 1463 2110 1533 maligni

539 1558 878 1611 aemulatione
908 1558 990 1611 leo
1021 1556 1273 1622 occurrit,
1317 1555 1532 1608 inimico
1557 1556 1936 1609 monachorum
1965 1556 2110 1608 exci-

542 1655 686 1702 tante
713 1649 994 1700 intmanem
1029 1644 1190 1699 feram
1213 1646 1468 1698 adversus
1499 1645 1797 1702 ministrum
1832 1646 2112 1698 monacho-

541 1752 678 1803 rum,
710 1737 953 1789 studente
974 1744 1028 1789 et
1059 1735 1177 1788 illos
1203 1736 1410 1802 privare
1433 1735 1741 1800 refectione,
1770 1745 1823 1789 et
1845 1737 1985 1788 hunc
2014 1750 2111 1789 suo

1999 326 2314 396 PALIADII

2130 475 2178 531 Α
2207 473 2292 539 qui
2316 470 2489 524 adhuc
2509 469 2560 523 itt
2591 468 2904 523 hodiernum
2935 469 3076 524 diem
3101 482 3130 522 a
3151 467 3358 522 calamo
3384 475 3436 521 et
3461 466 3649 521 charta
3675 483 3778 521 nou

3648 339 3783 395 1216

2206 563 2445 623 recessit,
2478 574 2597 613 cum
2649 561 2718 613 sit
2757 569 2912 612 natus
2953 575 3148 612 annum
3179 559 3587 628 octogesimum.
3644 557 3782 612 Dixit

2209 652 2296 706 hic
2328 654 2510 706 beatus
2538 669 2550 703 :
2589 652 2660 705 Ex
2701 667 2804 720 quo
2828 665 2944 705 sum
2976 652 3210 705 initiatus
3253 659 3308 704 et
3336 660 3684 719 regeneratus
3715 665 3778 702 ex

2207 746 2408 814 Spiritu
2444 758 2496 798 et
2525 760 2680 813 aqua,
2713 759 2880 813 usque
2923 743 2975 798 in
3019 744 3330 798 hodiernum
3357 744 3516 807 diem,
3543 743 3782 796 alienum

2210 851 2396 904 panem
2418 837 2582 905 gratis
2606 850 2708 889 non
2732 835 2958 899 comedi,
2983 835 3074 888 sed
3093 850 3210 888 eum
3241 834 3329 902 qui
3354 850 3416 887 ex
3448 835 3679 901 propriis
3710 835 3782 886 la-

2211 928 2428 982 boribus
2460 939 2672 994 paratur
2702 945 2713 979 :
2747 935 2801 981 et
2840 941 3016 981 coram
3051 928 3157 980 Deo
3187 927 3407 995 loquens
3437 926 3590 994 (162)
3635 926 3785 979 nobis

2213 1019 2570 1087 persuadebat
2617 1032 2676 1070 se
2727 1017 2984 1070 ducentos
3031 1018 3409 1085 quinquaginta
3461 1015 3668 1068 Solidos
3722 1030 3785 1066 ex

2211 1125 2372 1176 Opere
2404 1123 2652 1161 manuum
2682 1123 2898 1161 suarum
2927 1106 3137 1160 dedisse
3185 1107 3248 1159 iis
3277 1108 3363 1173 qui
3406 1116 3561 1158 erant
3615 1109 3787 1158 manci

2211 1215 2272 1253 ac
2291 1200 2478 1265 mtttili,
2514 1214 2683 1266 neque
2716 1199 2806 1252 ulli
2839 1213 3066 1268 unquam
3103 1200 3288 1252 fecisse
3320 1198 3591 1266 injuriam.
3621 1199 3669 1251 ls
3699 1215 3788 1266 pe-

2212 1289 2373 1342 deStri
2409 1290 2598 1342 itinere
2647 1290 2790 1342 venit
2833 1290 3052 1343 Romam
3095 1305 3260 1358 usque
3304 1292 3368 1342 ad
3420 1292 3684 1344 orandum
3739 1293 3790 1344 in

2220 1381 2477 1450 martyrio
2513 1391 2814 1434 sanctorum
2859 1381 3001 1435 Petri
3030 1390 3084 1434 et
3125 1381 3267 1435 Pattli
3300 1399 3312 1434 :
3346 1383 3584 1447 pervenit
3616 1391 3791 1436 autem

2214 1471 2372 1524 etiam
2405 1486 2571 1539 usque
2601 1472 2664 1523 ad
2699 1471 3097 1537 Alexandriam,
3128 1487 3248 1526 cum
3281 1473 3535 1539 vovisset,
3564 1476 3618 1526 in
3646 1489 3785 1526 mar-

2217 1566 2410 1632 tyrium
2456 1565 2740 1618 venerandi
2790 1565 3002 1617 athleta:
3035 1564 3217 1618 Marci.
3249 1566 3444 1634 Dignus
3475 1575 3680 1629 autem,
3714 1568 3790 1620 in-

2216 1656 2349 1721 quit,
2383 1670 2499 1707 sunt
2532 1655 2763 1718 habitus,
2807 1655 2895 1723 qtti
2939 1655 3043 1708 voti
3075 1657 3239 1725 gratia
3273 1656 3350 1710 bis
3383 1659 3616 1725 propriis
3645 1659 3792 1726 pedi-

2219 1742 2316 1796 bus
2347 1745 2583 1797 venirem
2630 1744 2960 1816 Jerosoiyma
2990 1745 3054 1799 ad
3085 1747 3389 1800 honoranda
3437 1749 3554 1802 lora
3589 1760 3789 1810 sancta,

539 1828 830 1896 proposito.
863 1827 1064 1878 Etcum
1089 1824 1193 1878 fera
1217 1840 1336 1877 eum
1362 1825 1853 1891 comprehendisset
1881 1844 1905 1875 a
1940 1827 2110 1892 lapide
2142 1837 2185 1894 Β
2213 1841 2266 1886 et
2312 1833 2423 1900 ipse
2461 1833 2587 1887 ttiihi
2641 1837 2970 1902 suppeditavi
3026 1837 3310 1902 impen~as.
3347 1837 3573 1891 Dicebat
3621 1848 3793 1892 autem

536 1921 692 1970 unius
739 1933 801 1968 ex
846 1916 1140 1978 monachis,
1172 1916 1281 1969 suis
1310 1916 1571 1985 unguibus
1598 1930 1716 1969 eum
1755 1918 2007 1984 protrusit
2061 1926 2113 1970 et

535 2010 744 2063 evertit.
797 2008 900 2063 Sed
937 2008 1025 2077 qui
1070 2008 1248 2061 docuit
1299 2011 1350 2060 in
1385 2011 1595 2063 Daniele
1627 2010 1806 2064 leones
1843 2011 2110 2080 jejunare,

541 2097 815 2163 prohibuit
844 2114 911 2152 ne
957 2112 1080 2150 eum
1119 2098 1207 2165 qui
1254 2099 1499 2151 servabat
1545 2113 1804 2167 prazcepta
1834 2103 2115 2154 devoraret

534 2187 638 2252 leo,
671 2189 768 2242 etsi
826 2187 980 2242 valde
1025 2191 1272 2243 esuriret.
1317 2192 1432 2256 Quo
1462 2191 1654 2244 factum
1683 2201 1764 2246 est
1794 2202 1852 2246 ut
1889 2203 2113 2262 accepto

536 2281 680 2334 senis
707 2279 857 2336 asino
885 2279 1194 2346 recederet;
1223 2281 1308 2348 qui
1339 2282 1479 2334 enim
1509 2281 1630 2336 huic
1671 2283 1833 2338 vitam
1878 2284 2113 2340 donave-

538 2379 640 2439 rat,
673 2370 796 2425 fera:
829 2386 1039 2440 quoque
1067 2371 1258 2424 famem
1284 2372 1509 2425 sedavit.

1111 2479 1338 2535 CAPUT
1367 2480 1546 2535 CXIII.

864 2569 941 2624 De
975 2568 1272 2624 Philoromo
1303 2571 1453 2642 (l59)
1483 2572 1791 2643 presbytero.

611 2658 1085 2730 Religiosissimum
1135 2664 1499 2732 presbyterum
1557 2665 1753 2734 Deique
1806 2666 2117 2722 amantissi-

544 2764 688 2802 mum
718 2750 1076 2805 Philoromum
1111 2754 1162 2806 in
1195 2751 1395 2807 Galatia
1421 2757 1792 2820 convenimus,
1824 2767 1878 2812 et
1909 2772 2028 2812 cum
2052 2773 2119 2813 eo

538 2839 699 2909 longo
720 2849 957 2908 tempore
985 2843 1178 2896 versati
1209 2859 1412 2908 sumus,
1443 2845 1530 2914 qui
1565 2846 1662 2900 fuit
1687 2849 1767 2902 vir
1788 2849 2116 2903 exercitatis-

537 2931 724 2982 sitntts.
789 2928 834 2983 ls
882 2941 1030 2985 ortus
1074 2934 1285 3000 quidem
1335 2942 1419 2987 est
1460 2949 1526 2988 ex
1572 2945 1740 2991 matre
1765 2952 1938 3004 serva,
1973 2950 2120 3007 patre

539 3030 668 3070 vero
713 3016 900 3072 libero.
960 3020 1181 3074 Tantam
1237 3031 1410 3076 autem
1463 3025 1719 3078 virtutum
1783 3027 2114 3083 nobilitatem

537 3108 772 3162 ostendit
796 3109 846 3163 in
879 3110 1002 3164 vita:
1027 3112 1344 3168 Christiana:
1370 3116 1714 3183 institutione,
1748 3130 1803 3172 ut
1827 3122 1985 3174 etiam
2014 3124 2113 3191 ipsi

2217 1927 2388 1990 nobis,
2423 1935 2481 1980 ut
2525 1927 2804 1981 utilitatem
2845 1943 2912 1981 ex
2953 1943 3018 1982 eo
3036 1945 3356 1998 caperemus
3389 1947 3402 1983 :
3432 1929 3548 1983 Non
3581 1932 3794 1984 memini

2217 2033 2302 2069 me
2323 2033 2552 2086 unquam
2584 2020 2762 2072 animo
2784 2033 2811 2071 a
2840 2019 2947 2072 Deo
2967 2035 3084 2073 meo
3115 2021 3422 2074 recessisse.
3459 2019 3631 2087 Hujus
3663 2022 3795 2073 beati

2217 2106 2507 2162 Pliiloromi
2538 2110 2661 2162 talia
2694 2118 2817 2161 sunt
2843 2111 3161 2175 certamina,
3192 2119 3246 2164 et
3286 2111 3338 2163 in
3372 2110 3455 2164 his
3481 2119 3566 2163 est
3598 2111 3794 2162 invicta

2215 2201 2462 2263 victoria,
2495 2207 2550 2253 et
2583 2201 2854 2253 beatorum
2883 2201 3120 2254 laborum
3167 2200 3217 2256 ei
3248 2202 3487 2255 redditur
3535 2200 3684 2264 ﬁnis,
3711 2215 3794 2254 eo-

2217 2303 2346 2342 rona
2377 2289 2560 2359 glorize
2595 2289 3071 2345 itnmarcescibilis.

2771 2404 2995 2458 CAPUT
3037 2404 3217 2458 CXIV.

2428 2491 2545 2546 Vita
2569 2494 2699 2546 beati
2724 2494 2984 2548 Seueriani
3005 2495 3152 2565 (l6'5)
3181 2505 3228 2548 et
3258 2499 3368 2566 ejus
3391 2500 3593 2551 uxoria.

2289 2584 2343 2638 lu
2375 2586 2579 2653 Ancyra
2614 2585 2856 2647 Galatiae,
2884 2587 2935 2639 iit
2967 2587 3082 2652 ipso
3113 2590 3226 2640 loco
3251 2589 3475 2657 contigit
3499 2590 3634 2643 mihi
3667 2592 3798 2645 allo.

2218 2675 2302 2741 qui
2333 2676 2615 2743 quemdam
2642 2676 2987 2729 Severianum
3009 2693 3074 2731 ex
3097 2680 3379 2732 comitibus
3406 2694 3510 2731 una
3535 2695 3662 2733 cum
3691 2682 3803 2749 eju.

2218 2766 2443 2833 conjuge
2470 2764 2787 2832 Bosphoria,
2821 2780 2918 2821 nec
2948 2782 3132 2820 eorum
3163 2782 3407 2836 magnam
3441 2769 3606 2822 habui
3639 2784 3801 2835 expe-

2219 2856 2486 2907 rientiam.
2521 2853 2557 2907 li
2589 2857 2800 2924 quidem
2832 2857 3004 2911 multa
3035 2872 3129 2924 spe
3175 2859 3309 2913 bona
3350 2859 3540 2926 repleti
3571 2871 3720 2924 sunt,
3752 2872 3802 2915 et

2219 2957 2346 2997 suos
2397 2946 2713 3000 frustrantur
2757 2947 2918 3011 filios,
2961 2962 3146 3002 revera
3194 2948 3246 3002 in
3281 2948 3454 3002 futura
3508 2951 3799 3004 intuentes.

2219 3036 2446 3091 Suorum
2487 3039 2628 3091 enim
2663 3038 2978 3106 prasdiorum
3009 3041 3208 3094 reditus
3237 3051 3564 3095 consumunt
3594 3042 3651 3096 in
3682 3057 3799 3113 ege-

2221 3143 2341 3192 nos,
2375 3129 2630 3183 habentes
2658 3140 2882 3198 quatuor
2913 3132 3067 3195 filios,
3120 3142 3174 3186 et
3208 3132 3339 3188 duas
3385 3133 3545 3201 tilias,
3597 3136 3801 3201 quibus

539 3199 630 3264 qui
664 3210 784 3298 sunt
810 3200 861 3252 in
904 3215 1101 3268 genere
1147 3203 1553 3298 insuperabiles,
1582 3207 1699 3276 ejus
1724 3211 1884 3263 vitam
1914 3189 2113 3280 angelis
2144 3189 2189 3250 (ἶ
2223 3189 2418 3273 nullam
2471 3189 2858 3288 possessionem
2906 3189 3065 3292 (ltiti
3100 3225 3383 3291 dederunt,
3436 3189 3801 3298 praeterquam

542 3289 799 3354 aequalem
829 3302 1222 3354 revererentur,
1255 3300 1308 3346 et
1336 3293 1602 3348 efficacem
1634 3295 1881 3352 virtutem
1909 3303 2112 3356 exerci-

544 3377 781 3432 tationis.
814 3377 865 3432 Is
896 3380 1094 3433 mundo
1118 3381 1435 3435 renuntiavit
1464 3384 1513 3436 in
1538 3385 1725 3439 diebus
1754 3386 1948 3442 Juliani
1971 3406 2117 3446 exse-

542 3470 728 3522 crandi
767 3471 1124 3539 imperatoris,
1150 3483 1203 3526 et
1235 3474 1398 3529 libere
1428 3491 1546 3530 cum
1587 3479 1686 3533 hoc
1727 3481 1887 3546 impio
1915 3495 1994 3537 est
2033 3484 2114 3537 lo-

543 3567 698 3613 entus
727 3576 1019 3630 generosus
1063 3561 1258 3619 Christi
1295 3567 1494 3622 athleta
1540 3569 1913 3638 Philorontus,
1957 3593 2114 3642 quem

540 3649 701 3718 jussit
751 3652 884 3716 radi,
930 3663 983 3706 et
1022 3669 1051 3706 a
1080 3657 1259 3724 pueris
1289 3657 1608 3713 validissime
1639 3665 1906 3718 verberati
1938 3666 2113 3735 (I60).

542 3742 590 3794 Is
622 3758 749 3797 vero
789 3760 900 3798 rem
930 3745 1136 3801 fortiter
1159 3757 1213 3802 et
1239 3749 1525 3806 toleranter
1547 3753 1682 3818 tulit,
1713 3764 1768 3808 et
1793 3757 1839 3809 ei
1863 3757 1970 3827 egit
1996 3775 2116 3828 gra-

544 3835 665 3897 tias,
713 3844 767 3888 ut
796 3836 905 3904 ipse
937 3839 1089 3894 nobis
1119 3844 1378 3895 narravit.
1413 3843 1564 3900 lluttc
1598 3848 1910 3915 praeclarum
1942 3853 2114 3909 virum

543 3927 595 3976 iit
626 3927 882 3994 principio
898 3930 1140 3984 adortum
1165 3943 1247 3987 est
1271 3933 1467 3988 bellum
1493 3937 1859 3996 fornicationis
1881 3953 1934 3997 et
1955 3947 2112 4016 gula}.

543 4029 600 4070 ut
622 4020 848 4088 dicebat,
877 4040 1034 4091 quem
1067 4027 1311 4080 morbum
1343 4032 1674 4098 tyrannidem
1694 4035 1842 4104 (161)
1872 4053 2120 4093 exercen-

543 4117 647 4162 tem
679 4113 750 4164 ita
779 4116 1069 4180 superavit,
1102 4131 1163 4171 ac
1193 4119 1236 4171 si
1265 4119 1581 4176 immensum
1615 4123 1918 4181 incendium
1951 4130 2114 4184 multa

541 4215 674 4268 aqua
707 4206 1069 4272 exstingueret
1104 4225 1115 4259 :
1148 4223 1355 4263 summa
1386 4226 1512 4265 cura
1543 4216 1889 4271 continentia:
1918 4218 2115 4276 ferrttm

543 4295 827 4361 gestando,
851 4307 906 4350 et
935 4313 993 4352 se
1013 4301 1400 4366 concludendo.
1422 4315 1475 4358 et
1504 4307 1822 4364 absunendo
1849 4326 1878 4366 a
1909 4314 2039 4368 cibis
2065 4325 2119 4370 et

548 4398 682 4449 pane
720 4386 946 4452 triticeo,
972 4401 1022 4441 et
1055 4399 1111 4442 ut
1143 4394 1309 4445 semel
1333 4395 1528 4462 dicam,
1559 4399 1625 4451 ab
1653 4402 1901 4456 omnibus
1929 4407 2112 4474 coctis,

542 4481 598 4526 et
626 4475 676 4527 in
703 4474 784 4527 his
809 4491 865 4528 se
897 4476 1105 4533 fortiter
1131 4484 1364 4550 gerendo
1392 4500 1453 4538 ac
1481 4488 1755 4545 tolerando
1785 4495 1940 4548 annis
1966 4505 2116 4549 octo-

2220 3310 2285 3364 iis
2308 3327 2424 3379 qua:
2455 3324 2764 3381 nupserant.
2803 3314 3062 3369 Dicebant
3106 3325 3282 3370 autem
3332 3319 3556 3386 reliquis
3585 3319 3701 3373 suis
3739 3322 3801 3373 fi-

2221 3401 2344 3454 liis:
2378 3403 2502 3456 Post
2561 3415 2797 3458 nostrum
2857 3406 3134 3460 decessum
3188 3409 3365 3461 omnia
3405 3419 3533 3462 sunt
3581 3419 3800 3476 vestra;

2225 3495 2458 3561 quandiu
2490 3508 2667 3551 autem
2699 3512 2879 3552 sumus
2906 3499 3240 3566 superstites.
3275 3515 3372 3554 nos
3404 3503 3804 3568 possessionum

2225 3596 2524 3640 nostrarum
2570 3589 2769 3642 fructus
2795 3589 3123 3659 colligemus,
3155 3605 3251 3644 eos
3289 3591 3682 3648 distribuentes
3716 3609 3804 3648 ee-

2219 3673 2416 3739 clesiis,
2447 3688 2502 3730 et
2544 3679 2900 3743 monasteriis,
2947 3689 3002 3733 et
3043 3681 3423 3743 xenodocltiis,
3457 3693 3515 3736 et
3557 3688 3803 3738 omnibus

2218 3765 2525 3834 egentibus,
2567 3782 2790 3835 quorum
2824 3783 3010 3835 preces
3035 3779 3090 3824 et
3118 3770 3267 3824 vobis
3307 3781 3360 3826 et
3392 3773 3551 3826 nobis
3581 3786 3639 3828 et
3688 3775 3804 3829 filiis

2221 3871 2317 3924 pro
2344 3856 2441 3910 hac
2472 3859 2790 3924 temporaria
2817 3869 2871 3913 et
2899 3859 3158 3914 laboriosa
3183 3863 3342 3915 vitam
3367 3873 3632 3916 aeternam
3661 3881 3800 3918 eom-

2220 3947 2480 4015 parabunt
2512 3947 2700 4019 (Ecclt'.
2745 3964 2853 4015 χιι,
2884 3948 2964 4020 6).
2999 3951 3052 4006 1η
3084 3953 3277 4020 quibus
3315 3953 3416 4008 hoc
3459 3970 3687 4024 quoque
3729 3969 3800 4010 est

2219 4051 2403 4091 eorum
2434 4038 2640 4091 virtutis
2671 4039 2919 4108 egregiae.
2954 4040 3084 4096 Cum
3115 4052 3258 4097 esset
3293 4060 3487 4114 magna
3533 4047 3728 4106 fames.
3755 4061 3800 4101 et

2219 4143 2338 4194 qua:
2365 4127 2600 4180 omnium
2643 4129 2915 4184 hominum
2948 4134 3264 4201 pervadebat
3290 4137 3526 4203 viscera,
3576 4137 3657 4190 illi
3689 4150 3800 4193 tum:

2220 4235 2312 4272 eas
2338 4233 2454 4287 qua:
2494 4232 2618 4274 tunc
2641 4230 2794 4274 erant
2831 4221 3064 4278 haereses
3094 4225 3443 4280 traduxerunt
3474 4227 3545 4281 ad
3601 4240 3795 4282 rectam

2221 4311 2544 4377 Opinionem.
2596 4310 2724 4364 Nam
2757 4326 2879 4366 cum
2927 4313 2980 4366 itt
3030 4315 3212 4369 multis
3241 4317 3454 4384 praediis
3484 4317 3682 4372 horrea
3714 4334 3798 4372 sua

2225 4401 2580 4467 aperuissent,
2609 4415 2671 4455 ea
2704 4403 3010 4469 praebebant
3034 4404 3085 4456 itt
3127 4406 3439 4460 alimentum
3474 4423 3798 4478 pauperum;

2221 4491 2355 4544 adeo
2393 4502 2448 4545 ut
2495 4506 2559 4544 ex
2592 4491 2691 4546 hac
2740 4493 3096 4561 inexplicabili
3137 4513 3323 4552 eorum
3367 4500 3706 4570 benignitate
3754 4505 3798 4556 iu

544 4564 738 4619 decim.
787 4566 886 4632 Qui
916 4584 1035 4620 cum
1078 4572 1127 4623 id
1158 4573 1360 4637 vicerit,
1393 4577 1560 4643 potuit
1594 4580 1845 4648 hymnum
1877 4586 2115 4640 victoriae
2146 4557 2197 4618 D
2226 4596 2383 4634 unam
2441 4591 2599 4636 rectae
2655 4581 2774 4636 ﬁdei
2830 4588 3235 4641 consonantiam
3300 4591 3662 4645 convenerint
3716 4594 3796 4662 qui

545 4671 761 4722 canere,
815 4662 893 4714 sic
938 4662 1121 4718 dicens
1152 4682 1165 4717 :
1203 4666 1461 4721 Exaltabo
1490 4681 1559 4736 te,
1592 4671 1835 4743 Domine,
1867 4681 2115 4746 quoniam

546 4748 825 4814 suscepisti
849 4765 954 4817 me,
989 4761 1042 4805 et
1072 4768 1174 4806 non
1202 4755 1476 4810 laatificasti
1508 4760 1750 4816 inimicos
1781 4781 1926 4820 meos
1955 4782 2114 4835 supra

546 4851 630 4890 tne
660 4836 829 4907 (Psal.
878 4845 1044 4910 xxix).
1101 4843 1195 4898 llic
1236 4860 1264 4897 a
1322 4849 1507 4914 spiritu
1553 4850 1913 4910 fornicationis
1973 4858 2117 4912 varie

546 4942 901 4997 oppugnatus,
933 4942 1296 5002 perseveravit
1323 4943 1666 5011 quadraginta
1705 4960 1876 5000 annos
1915 4948 1967 5002 in
2004 4965 2117 5004 mo-

545 5025 797 5076 itaSterio.
848 5024 898 5078 Is
945 5037 1120 5080 autem
1179 5034 1467 5100 narrabat,
1514 5037 1699 5091 dicens
1735 5055 1748 5091 :
1783 5040 2018 5110 Triginta
2060 5052 2114 5097 et

543 5111 677 5162 duos
693 5126 860 5164 annos
883 5116 1080 5168 nullum
1108 5118 1330 5173 fructum
1357 5122 1525 5190 tetigi.
1562 5125 1699 5182 Cum
1755 5139 1936 5185 autem
1963 5175 1978 5198 ,
2038 5136 2121 5190 in-

538 5201 687 5267 quit,
734 5203 985 5258 timiditas
1014 5223 1099 5261 me
1127 5223 1338 5264 summe
1370 5224 1749 5283 oppugnasset,
1783 5221 1917 5272 adeo
1948 5230 2001 5272 nt
2032 5224 2110 5276 vel

540 5293 770 5345 interdiu
798 5296 1253 5374 pertimescerem,
1279 5318 1366 5355 me
1389 5303 1577 5358 inclusi
1600 5321 1692 5359 sex
1724 5321 1892 5362 annos
1919 5310 1969 5362 in
1999 5326 2110 5364 mo~

543 5385 818 5449 nitnento;
853 5397 906 5440 et
934 5403 995 5442 ea
1025 5383 1230 5446 ratione
1251 5395 1392 5446 evasi
1421 5397 1685 5463 superior,
1716 5411 1781 5450 ex
1814 5399 2115 5465 impatihili-

545 5480 655 5526 tate
684 5474 878 5530 bellum
909 5494 1098 5546 gerens
1125 5497 1243 5534 cum
1267 5483 1479 5550 spiritu,
1505 5486 1592 5552 qui
1623 5486 1752 5540 mihi
1782 5487 1920 5543 hanc
1948 5491 2113 5559 impo-

541 5563 703 5616 nebat
723 5569 1053 5624 servitutem.
1091 5572 1256 5642 llujus
1282 5576 1378 5628 viri
1409 5577 1629 5645 insignis
1658 5593 1898 5647 magnam
1929 5598 2110 5639 curam

541 5653 758 5718 gerebat
794 5657 977 5713 beatus
1023 5662 1244 5719 Basilius
1289 5668 1602 5736 episcopus,
1636 5669 1724 5737 qui
1753 5671 2115 5730 delectabatur

541 5740 660 5808 ejus
688 5750 1014 5820 austeritate,
1062 5760 1379 5824 constantia,
1425 5771 1477 5815 et
1529 5762 1579 5814 itt
1625 5778 1785 5832 opere
1817 5763 2108 5833 diligentia.

2222 4682 2376 4727 erant
2431 4673 2698 4729 haareticas
2743 4675 3032 4744 opinionis,
3074 4680 3182 4735 Deo
3225 4684 3424 4752 gratias
3472 4697 3703 4754 agentes
3739 4692 3798 4741 ob

2221 4767 2514 4836 simplicem
2566 4785 2753 4824 eorum
2801 4772 2983 4839 fidem,
3041 4786 3094 4829 et
3142 4778 3452 4832 immensam
3497 4781 3799 4837 beneﬁcen-

2222 4858 2369 4911 tiam.
2401 4861 2516 4914 Alia
2538 4873 2716 4916 autem
2741 4865 3059 4918 exercitatio
3084 4881 3270 4922 eorum
3293 4877 3410 4923 erat
3429 4871 3770 4928 admirabilis

2223 4951 2388 5004 vestis
2436 4966 2623 5005 eorum
2671 4953 2882 5007 habitus
2921 4964 3039 5008 erat
3078 4959 3308 5012 maxime
3361 4963 3710 5018 venerandus
3749 4977 3798 5019 et

2221 5056 2439 5110 parcus;
2468 5053 2688 5113 eratque
2717 5045 2768 5097 in
2796 5046 2876 5099 eis
2920 5062 3107 5112 magna
3136 5060 3190 5102 et
3217 5065 3334 5117 qua:
3367 5049 3472 5105 dici
3510 5055 3698 5122 nequit
3719 5055 3790 5108 vi-

2219 5144 2335 5185 ctus
2357 5136 2614 5196 tenuitas;
2639 5141 2792 5188 erant
2821 5136 2973 5189 valde
2996 5139 3187 5191 modici
3209 5152 3478 5206 sumptus,
3510 5143 3792 5197 alimento-

2219 5238 2335 5276 rum
2381 5224 2680 5294 frugalitate
2722 5229 2957 5282 contenti
3006 5239 3254 5296 quantam
3300 5233 3404 5308 vita
3447 5238 3793 5302 requirebat,

2220 5316 2466 5381 pietatem
2502 5318 2551 5368 in
2584 5316 2746 5370 Deum
2777 5319 3072 5372 mirandum
3098 5323 3148 5373 in
3186 5323 3400 5376 modum
3435 5339 3790 5391 exercentes;

2220 5404 2271 5457 in
2299 5405 2439 5474 agris
2471 5405 2724 5473 degentes
2754 5407 2978 5475 plurimo
3010 5418 3270 5478 tempore,
3297 5427 3512 5481 semper
3536 5417 3794 5485 fugientes

2219 5496 2482 5562 civitates,
2515 5505 2569 5550 et
2589 5498 2716 5550 vitia
2739 5514 2854 5567 quae
2876 5516 2942 5552 ex
2965 5501 3043 5553 eis
3074 5503 3339 5566 Otiuntur,
3374 5520 3440 5558 ne
3468 5521 3538 5560 ex
3563 5509 3792 5574 jucunda

2221 5601 2340 5640 cum
2384 5589 2532 5641 turba
2563 5592 2971 5644 conversatione
3017 5594 3275 5647 tumultus
3322 5595 3510 5650 civiles
3555 5601 3792 5654 attrahe-

2221 5688 2359 5747 rent,
2397 5689 2451 5735 et
2492 5681 2798 5735 exciderent
2841 5697 2871 5735 a
2919 5682 3013 5737 Dei
3066 5687 3358 5755 proposito.
3414 5687 3644 5756 Propter
3684 5691 3794 5746 hat:

2221 5772 2396 5825 muttia
2416 5771 2604 5825 horum
2633 5772 2902 5828 beatorum
2928 5785 3088 5832 recta:
3117 5777 3235 5832 vita:
3251 5777 3519 5850 facinora,
3541 5781 3666 5837 hinc
3683 5784 3792 5850 iam
