4112 6556
190 322 193 325 “
305 356 449 430 12m

867 466 1121 521 ΚΕΦΔΛ.
1187 464 1336 517 PIB’.

838 555 977 624 Περὶ
1020 554 1369 609 Σαϐϐατίου.

378 648 681 713 Σαϐϐάτιος
730 646 954 716 ὀνόματι
996 642 1279 713 κοσμικὸς,
1309 642 1388 713 τῷ
1416 640 1564 711 γένει
1608 638 1892 709 Ἰεριχούν-

305 756 447 802 τιος,
478 740 715 806 γυναῖκα
737 734 897 804 ἔχων,
931 733 1018 787 διὰ
1040 733 1130 787 τὸν
1146 730 1242 786 τοῦ
1273 729 1410 785 Θεοῦ
1444 729 1609 800 φόϐον
1636 729 1891 783 τοσοῦτον

308 828 529 895 ἐγένετο
557 823 956 895 φιλομονάζων,
992 821 1068 887 ὡς
1114 820 1403 876 κυκλεύειν
1432 819 1620 872 τοῦτον
1652 818 1756 874 ἀνά
1793 817 1893 882 τὰς

308 915 529 980 κέλλας,
561 913 655 967 καὶ
684 915 782 983 τὴν
812 912 1017 982 ἔρημον
1047 912 1225 964 πᾶσαν
1282 912 1340 964 ἐν
1389 912 1512 973 ταῖς
1561 907 1733 974 νυξίν.
1781 907 1893 961 Καὶ

308 1003 436 1056 καθ’
502 1002 742 1071 ἑκάστην
781 1001 950 1072 μονὴν
990 999 1165 1070 λάθρα
1215 998 1321 1065 ἐξω
1367 997 1576 1051 τιθέναι
1624 995 1888 1065 φοινίκων

313 1090 499 1161 μόδιον
529 1090 648 1155 ἐνα,
702 1090 799 1142 καὶ
852 1088 1100 1158 λαχάνων
1129 1086 1189 1139 τὸ
1217 1085 1515 1157 αὐταρκες,
1572 1083 1663 1137 διὰ
1714 1082 1776 1136 τὸ
1816 1084 1893 1155 μὴ

306 1178 514 1230 ἐσθίειν
553 1178 716 1248 ἄρτον
769 1178 898 1240 τοὺς
950 1174 1197 1247 ἀσκητάς
1257 1174 1401 1233 κατά
1446 1174 1538 1227 τὸν
1596 1173 1888 1245 Ἰορδάνην.

309 1267 501 1334 Τούτῳ
533 1266 589 1320 δέ
623 1266 701 1336 τῷ
731 1264 957 1336 δεξιωτῇ
990 1264 1096 1317 τῶν
1138 1263 1410 1335 μοναχῶν,
1435 1264 1530 1318 καὶ
1565 1263 1890 1334 εὐτραπέζῳ

307 1355 421 1410 τῶν
448 1354 757 1425 ἐγκρατῶν,
800 1354 897 1425 μιᾷ
922 1352 1029 1406 τῶν
1062 1351 1287 1424 ἡμερῶν
1339 1351 1741 1422 ἀποκομίσαντι
1777 1353 1891 1417 τοῖς

305 1445 491 1512 ἁγίοις
520 1443 588 1496 τὰ
612 1442 712 1513 τῆς
745 1443 1031 1511 ἀσκήσεως
1056 1441 1357 1512 ἐπιτήδεια,
1394 1442 1544 1514 ζήλῳ
1593 1440 1689 1495 τοῦ
1718 1458 1891 1511 πονη-

306 1532 411 1604 ροῦ
432 1530 610 1601 τούτῳ
631 1531 767 1583 λέων
790 1530 1120 1601 ὑπήντησεν,
1147 1528 1239 1583 τοῦ
1275 1528 1472 1600 ἐχθροῦ
1499 1529 1610 1582 τῶν
1638 1529 1891 1601 μοναχῶν

308 1622 404 1676 τὸν
433 1622 707 1694 ἀνήμερον
735 1619 880 1691 θῆρα
913 1619 1055 1673 κατά
1075 1618 1169 1673 τοῦ
1201 1619 1451 1674 διακόνου
1477 1619 1653 1674 αὐτῶν
1683 1618 1891 1688 ἐξεγεί-

312 1728 529 1782 ραντος,
548 1701 824 1780 ’στερῆσαι
855 1707 1251 1771 σπουδάζοντος
1276 1707 1551 1771 κάκείνοις
1597 1707 1698 1777 τὴν
1750 1708 1887 1762 ἀνά-

310 1816 540 1865 παυσιν,
568 1798 664 1852 καὶ
693 1796 881 1851 τοῦτον
910 1797 1012 1866 τῆς
1040 1794 1375 1867 προθέσεως.
1412 1796 1523 1850 Καὶ
1565 1796 1891 1850 καταλαϐὼν

304 1890 478 1943 αὐτὸν
508 1890 537 1941 0
568 1888 670 1959 θὴρ
697 1887 806 1940 ἀπὸ
832 1887 1057 1958 σημείου
1083 1887 1201 1951 ἐνὸς
1226 1885 1336 1940 τῶν
1378 1886 1650 1957 μοναχῶν,
1684 1889 1752 1958 τῇ
1784 1886 1891 1957 ἰδία

302 1979 477 2047 δρακὶ
508 1971 650 2032 ὦσεν
688 1976 875 2039 αὐτὸν,
909 1975 1009 2030 καὶ
1060 1973 1453 2046 κατέστρεψεν.
1503 1974 1648 2028 Ἀλλ’
1708 1974 1738 2026 0
1792 1976 1888 2029 ἐπὶ

307 2066 407 2120 τοῦ
444 2065 642 2135 Δανιὴλ
696 2063 914 2131 διδάξας
958 2063 1245 2132 νηστεύειν
1303 2064 1431 2128 τούς
1477 2063 1727 2129 λέοντας,
1795 2066 1893 2119 καὶ

308 2156 504 2209 τοῦτον
536 2154 635 2223 τῆς
656 2152 749 2207 τοῦ
786 2151 1095 2219 φιλεντόλου
1129 2150 1312 2220 θοίνης
1342 2148 1617 2203 ἐκώλυσεν
1645 2150 1890 2220 σφοδρῶς

310 2243 590 2297 πεινῶντα
627 2239 718 2294 τὸν
744 2239 952 2293 λέοντα.
988 2237 1077 2305 Ἐξ
1107 2230 1181 2293 ὧν
1209 2239 1301 2291 τὸν
1351 2238 1472 2291 δνον
1516 2238 1612 2291 τοῦ
1636 2239 1894 2310 γέροντος

304 2330 494 2385 λαϐὼν
523 2327 890 2400 ἀνεχώρησεν.
930 2328 989 2381 '0
1021 2328 1129 2397 γὰρ
1162 2327 1334 2398 τούτῳ
1362 2326 1461 2398 τὴν
1484 2326 1630 2397 ζωήν
1664 2328 1907 2403 χαρισάπ

309 2436 497 2491 μενος,
540 2417 635 2471 καὶ
666 2416 758 2470 τοῦ
792 2415 954 2485 θηρὸς
991 2414 1089 2485 τὴν
1115 2416 1302 2468 πεῖναν
1322 2413 1777 2486 παρεμυθήσατο.

875 2504 1129 2558 ΚΕΦΑΛ.
1172 2503 1319 2558 PII".

805 2591 948 2661 Περὶ
1002 2590 1369 2660 Φιλορώμου.

382 2677 784 2749 Περιετύχομεν
838 2678 896 2729 ἐν
956 2674 1193 2745 Γαλατία
1260 2675 1359 2728 καὶ
1427 2676 1892 2747 συνεχρονίσαμεν

310 2768 515 2840 μακρῷ
537 2768 712 2838 χρόνῳ
744 2764 822 2835 τῷ
871 2763 1270 2834 θεοφιλεστάτῳ
1309 2764 1673 2837 πρεσϐυτέρῳ
1731 2766 1889 2819 Φιλο-

309 2857 509 2931 ρώμῳ,
554 2855 709 2926 ἀνδρὶ
757 2853 1189 2925 ἀσκητικωτάτῳ
1245 2854 1340 2907 καὶ
1396 2856 1886 2926 καρτερικωτάτῳ.

315 2950 419 3011 Ὃς
440 2947 669 3017 ὥρμητο
710 2944 809 3014 μὲν
839 2944 897 3010 ἐξ
930 2942 1192 3002 οίκέτιδος
1233 2942 1440 3013 μητρὸς
1495 2944 1782 3017 ἐλευθέρου
1833 2946 1891 3000 δὲ

308 3035 543 3107 πατρός.
601 3032 882 3101 Τοσαύτην
928 3032 985 3084 δὲ
1041 3030 1322 3099 εὐγένειαν
1366 3032 1623 3103 ἐνάρετον
1665 3036 1745 3099 είς
1786 3036 1890 3107 τὴν

1528 341 1891 406 HISTORIA
1924 336 2319 403 LAUSIACA.

1911 455 1957 513 Α
1996 448 2192 513 σίλειος
2226 448 2547 513 ἐπίσκοπος,
2580 445 2844 519 ἡδόμενος
2872 441 3037 501 αὐτοῦ
3062 446 3129 517 τῇ
3156 443 3451 517 αὐστηρία,
3482 445 3580 501 καὶ

3449 331 3581 402 1218

1992 538 2058 607 τῇ
2092 536 2407 607 στυφότητι,
2431 536 2524 590 καὶ
2557 533 2857 607 προσεχείᾳ
2883 533 2979 587 τοῦ
3035 532 3202 604 ἔργου
3222 549 3236 563 ⁸
3295 532 3355 596 ὃς
3408 533 3580 587 εἰσέτι

1993 624 2089 676 καὶ
2125 622 2221 676 νῦν
2251 617 2354 676 τοῦ
2375 620 2623 693 καλάμου
2650 622 2747 676 καὶ
2773 622 2872 692 τῆς
2903 621 3162 692 τετράδος
3211 620 3305 673 τοῦ
3342 620 3581 691 γράφειν

1991 708 2451 781 οὐκένεχώρησεν,
2502 710 2858 782 ὀγδοηκοστόν
2930 724 3032 762 που
3110 708 3260 777 ἄγων
3318 707 3436 770 ἔτος
3480 707 3580 774 τῆς

1994 794 2230 868 ήλικίας.
2262 790 2429 862 Οὗτος
2464 798 2666 870 ἔφησεν
2698 800 2726 852 0
2781 796 3072 869 μακάριος,
3104 797 3185 849 ὃτι
3216 796 3309 863 ἀφ’
3343 788 3405 847 οὐ
3439 796 3575 864 ἐμυ-

1996 885 2327 957 σταγωγήθη
2353 887 2451 940 καὶ
2474 885 2809 957 ἀνεγεννήθη
2825 885 2885 950 ἐξ
2904 885 3095 947 ὓδατος
3118 883 3214 937 καὶ
3237 881 3378 935 Πνεύ
3388 898 3578 949 ματος,

1996 974 2156 1044 μέχρι
2187 975 2287 1043 τῆς
2319 974 2559 1046 σήμερον
2588 977 2824 1046 ἡμέρας,
2861 974 3027 1044 ἄρτον
3051 972 3334 1043 ἀλλότριον
3368 968 3580 1039 δωρεὰν

1992 1060 2053 1112 οὐ
2078 1060 2356 1129 βέϐρωκεν
2386 1064 2537 1131 παρά
2566 1080 2697 1128 τινι,
2746 1062 2864 1116 ἀλλ’
2914 1063 2980 1114 ἐκ
3015 1061 3126 1113 τῶν
3172 1059 3319 1112 ἰδίων
3373 1058 3575 1121 πόνων,

1993 1146 2089 1200 καὶ
2121 1147 2212 1201 ἐπὶ
2236 1146 2372 1201 Θεοῦ
2397 1149 2544 1218 ἡμᾶς
2572 1148 2810 1216 ἔπεισεν,
2839 1150 2923 1202 ὅτι
2946 1146 3199 1201 διακόσια
3227 1147 3579 1215 πεντήκοντα

1991 1233 2312 1305 νομίσματα
2344 1236 2410 1288 ἐκ
2450 1235 2546 1289 τοῦ
2571 1236 2737 1307 ἐργου
2771 1237 2882 1289 τῶν
2908 1235 3111 1308 χειρῶν
3151 1234 3315 1288 αὐτοῦ
3341 1232 3583 1301 λελωϐη-

1996 1322 2179 1392 μένοις
2241 1321 2517 1390 δέδωκεν,
2571 1324 2839 1396 ἀδικήσας
2897 1324 3091 1378 οὐδένα
3142 1323 3423 1376 οὐδέποτε.
3483 1320 3583 1383 ⁸⁸ος

1993 1406 2133 1481 πεζῇ
2160 1412 2227 1481 τῇ
2256 1413 2457 1484 πορείᾳ
2482 1413 2578 1466 καὶ
2615 1414 2811 1484 μέχρις
2834 1412 3006 1484 αὐτῆς
3048 1411 3269 1482 Ῥώμης
3298 1409 3577 1480 ἀπῆλθεν,

1993 1496 2281 1567 εὐξόμενος
2334 1500 2416 1564 είς
2436 1499 2497 1553 τὸ
2536 1500 2842 1570 ἁγιώτατον
2894 1500 3195 1572 μαρτύριον
3246 1499 3356 1552 τῶν
3398 1498 3581 1569 μακά-

1996 1600 2106 1653 ρων
2137 1585 2231 1639 καὶ
2265 1585 2429 1657 ἱερῶν
2458 1588 2774 1642 ἀποστόλων
2803 1587 2897 1642 τοῦ
2941 1586 3182 1660 Χριστοῦ
3223 1587 3433 1657 Πέτρου
3486 1584 3582 1639 καὶ

1994 1671 2231 1727 Παύλου.
2263 1674 2509 1744 Ἔφθασε
2542 1675 2600 1729 δὲ
2634 1677 2727 1730 καὶ
2775 1676 2969 1748 μέχρις
3020 1673 3452 1745 ’Δλεξανδρείας,
3487 1673 3583 1727 εὐ-

1926 1777 1967 1834 Β
1998 1758 2224 1829 ξάμενος
2253 1762 2335 1824 εἰς
2363 1761 2424 1815 τὸ
2460 1762 2768 1834 μαρτύριον
2807 1764 2900 1817 τοῦ
2932 1762 3116 1833 τιμίου
3154 1761 3387 1832 ἀθλητοῦ
3420 1762 3582 1833 Μάρ-

1994 1865 2113 1907 κου.
2148 1849 2510 1922 Κατηξιώθην
2562 1853 2641 1917 δέ,
2666 1852 2792 1924 ἐφη.
2817 1854 2976 1923 χάριν
3001 1852 3188 1922 εὐχῆς,
3211 1852 3307 1905 καὶ
3328 1851 3584 1921 δεύτερον

1993 1937 2054 1989 ἐν
2093 1937 2489 2009 Ἰεροσολύμοις
2514 1942 2594 2004 είς
2634 1941 2803 2012 τιμὴν
2847 1940 2958 1994 τῶν
2991 1940 3164 2009 ἁγίων
3213 1940 3395 1993 τόπων
3430 1939 3584 2003 ἰδίοις

1993 2024 2247 2079 ἀπελθὼν
2273 2028 2454 2093 ποσὶν,
2483 2028 2578 2082 καὶ
2627 2028 2977 2100 ἀναλώμασιν
3017 2028 3199 2100 ἐαυτῷ
3221 2028 3580 2099 ;ἐπαρκέσας.

1999 2111 2225 2182 Ἔλεγεν
2245 2113 2302 2167 δὲ
2321 2116 2457 2185 ήμῖν
2480 2110 2635 2179 οὗτος
2664 2117 2825 2181 αὐτὸς
2870 2118 3031 2188 χάριν
3059 2115 3154 2169 τοῦ
3180 2116 3327 2186 ἡμᾶς
3359 2114 3582 2185 ὠφελη-

1995 2200 2174 2271 θῆναι,
2209 2202 2291 2256 ὅτι
2337 2200 2415 2258 Οὐ
2459 2204 2745 2275 μέμνημαί
2795 2221 2926 2259 ποτε
2967 2204 3211 2269 ἀποστὰς
3258 2203 3402 2258 κατά
3453 2201 3584 2257 νοῦν

1992 2289 2085 2344 τοῦ
2132 2286 2268 2344 Θεοῦ
2319 2308 2442 2363 μου.
2489 2293 2676 2349 Ταῦτα
2722 2294 2794 2349 τά
2819 2291 2956 2349 ἆθλα
2984 2295 3079 2349 τοῦ
3124 2294 3394 2366 μακαρίου
3426 2291 3585 2346 Φιλο-

1995 2378 2206 2449 ρώμου,
2239 2378 2336 2432 καὶ
2373 2382 2431 2435 ἐν
2461 2380 2673 2446 τούτοις
2700 2384 2734 2454 ή
2777 2383 3046 2454 ἀήττητος
3089 2383 3214 2452 νίκη
3236 2396 3252 2410 ⁸
3300 2382 3393 2435 καὶ
3431 2381 3583 2449 αὐτῷ

1992 2464 2312 2519 ἀποδέδοται
2360 2467 2466 2520 τῶν
2496 2470 2786 2540 μακαρίων
2828 2471 3008 2524 πόνων
3048 2469 3111 2524 τὸ
3146 2469 3341 2542 πέρας,
3374 2470 3403 2524 ό
3437 2469 3584 2540 ἀμα-

1893 2537 1898 2553 ’
2002 2552 2259 2623 ράντινος
2288 2553 2386 2623 τῆς
2410 2555 2569 2626 δόξης
2592 2537 2872 2626 στέφανος.

2576 2658 2829 2715 ΚΕΦΔΛ.
2859 2658 3005 2713 ΡΙΔ⁸.

2485 2765 2628 2835 Περὶ
2669 2766 3056 2835 Σευηριανοῦ.

2076 2853 2167 2907 Ἐν
2205 2853 2449 2927 Ἀγκύρᾳ
2472 2855 2574 2925 τῆς
2600 2854 2890 2922 Γαλατίας,
2924 2857 2981 2909 ἐν
3008 2856 3145 2929 αὐτῇ
3175 2858 3242 2929 τῇ
3274 2855 3450 2923 πόλει,
3480 2872 3581 2909 πε-

1996 2940 2242 3012 ριέτυχον
2273 2942 2593 3013 Σευηριανῷ
2621 2961 2729 2996 τινι
2772 2943 3144 3015 λαμπροτάτῳ
3172 2944 3284 2998 ἀπὸ
3322 2946 3581 3016 κομήτων

1992 3028 2109 3098 ἃμα
2143 3031 2211 3099 τῇ
2260 3028 2450 3083 τούτου
2501 3030 2764 3102 ἐλευθέρᾳ
2814 3031 3111 3104 Βοσπορίᾳ’
3142 3025 3217 3085 ὧν
3246 3033 3342 3086 καὶ
3366 3031 3573 3102 μικράν

308 3124 456 3179 κατά
488 3123 578 3177 τὸν
602 3121 837 3193 Χριστὸν
862 3114 1167 3184 ἐνεδείξατο
1212 3119 1513 3185 πολιτείαν,
1562 3120 1639 3185 ὡς
1672 3124 1767 3176 καὶ
1794 3124 1894 3178 αὐ·
1918 3144 1963 3203 ο
1996 3119 2191 3185 πεῖραν
2246 3115 2405 3189 ἔσχον
2430 3134 2444 3149 ’
2480 3119 2677 3182 οἵτινες
2721 3120 2814 3173 ἐπὶ
2854 3120 3111 3175 τοσοῦτον
3168 3120 3400 3175 ἐλπίδων
3440 3138 3580 3192 χρη-

303 3215 441 3276 τούς
470 3212 597 3274 τούς
629 3210 921 3278 ἀνικήτους
973 3210 1032 3261 ἐν
1062 3208 1208 3277 γένει
1258 3207 1522 3261 αἰδεῖσθαι
1570 3209 1737 3263 αὐτοῦ
1790 3211 1890 3283 τὴν

309 3299 633 3369 ίσάγγελλον
666 3297 833 3368 ζωήν,
883 3297 978 3350 καὶ
1032 3296 1132 3366 τήν
1171 3298 1270 3366 τῆς
1322 3296 1613 3367 ἀσκήσεως
1668 3298 1894 3369 ἐνεργὸν

304 3388 539 3459 ἀρετήν.
563 3376 732 3448 Οὗτος
755 3383 1064 3449 ἀπετάξατο
1092 3384 1151 3435 ἐν
1198 3384 1319 3446 ταῖς
1371 3383 1612 3455 ἡμέραις
1669 3386 1894 3441 Ἰουλια.

307 3477 410 3533 νοῦ
441 3475 537 3529 τοῦ
557 3472 877 3541 δυσωνύμου
930 3471 1217 3543 βασιλέως,
1270 3473 1365 3527 καὶ
1413 3472 1553 3543 μετὰ
1584 3476 1896 3546 παρρησίας

307 3564 562 3635 διελέχθη
592 3562 766 3632 τούτῳ
796 3563 872 3630 τῷ
898 3560 1149 3614 δυσσεϐεῖ
1172 3562 1200 3613 0
1236 3562 1484 3630 γενναῖος
1526 3560 1621 3614 τοῦ
1653 3563 1891 3632 Χριστοῦ

308 3652 558 3722 ἀθλητὴς
584 3652 612 3705 0
632 3650 980 3721 Φιλόρωμος’
1019 3647 1080 3701 ὃν
1111 3648 1437 3719 ξυρισθῆναι
1459 3649 1771 3715 ἐκέλευσεν,
1800 3652 1894 3706 καὶ

310 3741 425 3795 ὑπὸ
452 3738 753 3809 παιδαρίων
785 3733 1123 3790 ἐντονώτατα
1156 3736 1533 3802 κοσσισθῆναι.
1570 3740 1666 3801 Ὃς
1692 3740 1896 3810 ἐγκαρ-

309 3828 556 3898 τερήσας
581 3823 660 3895 τῷ
683 3825 991 3896 πράγματι,
1020 3824 1115 3876 καὶ
1136 3824 1366 3893 χάριτας
1408 3823 1558 3895 αὐτῷ
1605 3824 1893 3894 ὡμολόγη-

312 3932 437 3979 σεν,
469 3913 545 3977 ώς
573 3910 735 3975 αὐτὸς
790 3912 918 3981 ήμῖν
956 3909 1274 3982 διηγήσατο.
1326 3910 1512 3981 Τούτῳ
1551 3911 1777 3967 ἐπέθετο
1818 3913 1897 3984 τῷ

312 4002 554 4073 γενναίῳ
594 4002 653 4055 ἐν
683 3998 994 4070 προοιμίοις
1052 4000 1080 4051 0
1122 3999 1222 4069 τῆς
1249 3999 1507 4069 πορνείας
1539 4000 1774 4071 πόλεμος
1802 4003 1899 4057 καὶ

311 4092 419 4161 τῆς
474 4087 936 4159 γαστριμαργίας,
991 4085 1066 4149 ὡς
1099 4084 1406 4154 ἐλεγενοδς
1451 4088 1795 4159 τυραννῆσαν
1838 4089 1899 4143 τὸ

313 4179 492 4243 πάθος
528 4176 787 4247 ἐξήλασεν
806 4188 823 4205 ’
864 4174 1114 4245 καθάπερ
1141 4174 1424 4244 πυρκαϊάν
1449 4175 1688 4247 ἄμετρον
1741 4176 1899 4232 ὐδατι

313 4265 507 4337 λάϐρῳ
534 4262 879 4326 κατασϐέσας
913 4262 1088 4333 ἄκρας
1120 4262 1453 4331 ἐγκρατείας
1505 4264 1638 4335 ὅρῳ,
1680 4264 1898 4338 σιδηρο-

313 4354 485 4425 φορίᾳ
515 4370 594 4418 τε,
625 4350 722 4405 καὶ
761 4347 1094 4419 ἐγκλεισμῷ,
1125 4349 1220 4402 καὶ
1252 4349 1431 4421 ἀποχῇ
1468 4349 1775 4422 βρωμάτων
1801 4355 1898 4408 καὶ

315 4443 523 4497 σιτίνου
551 4442 742 4511 ἄρτου,
772 4436 869 4492 καὶ
902 4436 1235 4502 ἁπαξαπλῶς
1266 4440 1486 4491 πάντων
1533 4439 1644 4493 τῶν
1690 4440 1896 4512 ἑψομέ-

1998 3204 2138 3257 στῶν
2162 3205 2585 3278 ἐπληρώθησαν,
2615 3207 2688 3271 ώς
2728 3208 2822 3262 καὶ
2852 3209 2920 3262 τά
2972 3209 3138 3263 τέκνα
3177 3209 3357 3263 αὐτῶν
3401 3226 3582 3281 παρα-

1996 3292 2339 3361 λογίσασθαι,
2362 3293 2511 3365 ἐργῳ
2540 3294 2609 3348 τὰ
2662 3294 2927 3366 μέλλοντα
2963 3295 3275 3366 βλέποντες.
3308 3296 3420 3361 Τὰς
3470 3297 3581 3368 γάρ

2013 3384 2307 3455 προσόδους
2341 3383 2459 3437 τῶν
2492 3385 2709 3457 χωρίων
2734 3386 3120 3441 ἀναλίσκουσιν
3169 3389 3250 3451 είς
3299 3388 3425 3452 τούς
3466 3387 3582 3441 δεοο

2000 3472 2215 3541 μένους,
2237 3471 2453 3543 ἔχοντες
2482 3473 2755 3540 τέσσαρας
2787 3475 2937 3537 υἱοὺς
2971 3476 3064 3529 καὶ
3106 3476 3200 3529 δύο
3252 3476 3578 3546 θυγατέρας,

1996 3555 2080 3623 οἷς
2110 3558 2237 3613 οὐδὲ
2268 3560 2456 3630 κτῆμα
2478 3560 2740 3625 ἐδίδοσαν,
2767 3561 3040 3633 παρεκτὸς
3067 3564 3176 3615 τῶν
3202 3562 3579 3633 γαμηθεισῶν·

1998 3644 2250 3713 λέγοντες
2268 3648 2380 3711 τοῖς
2399 3645 2603 3711 λοιποῖς
2616 3648 2724 3701 τῶν
2739 3649 2966 3714 τέκνων,
2990 3650 3074 3702 ὅτι
3088 3649 3242 3704 Μετά
3262 3650 3361 3720 μὲν
3378 3653 3410 3721 ή
3421 3651 3584 3720 μετέ-

2002 3752 2102 3805 ραν
2140 3734 2441 3789 άποϐίωσιν
2486 3737 2663 3791 πάντα
2696 3738 2846 3791 ἐστὶν
2889 3738 3156 3810 ὑμέτερα,
3188 3740 3247 3792 ἐν
3277 3731 3319 3806 ᾧ
3341 3739 3398 3793 δέ
3425 3738 3583 3811 περί·
3628 3746 3635 3761 "

1999 3842 2189 3895 εσμεν,
2212 3827 2340 3889 τοὺς
2356 3828 2603 3898 καρποὺς
2621 3826 2730 3881 τῶν
2747 3829 3042 3898 κτημάτων
3061 3831 3220 3900 ήμεῖς
3242 3829 3585 3900 κομισόμεθα

1998 3913 2344 3985 διανέμοντες
2365 3914 2704 3984 ἐκκλησίαις,
2723 3916 2817 3970 καὶ
2835 3917 3243 3989 μοναστηρίοις,
3268 3918 3363 3971 καὶ
3380 3917 3587 3982 ξενοδο-

2004 4001 2193 4072 χείοις,
2220 4004 2315 4056 καὶ
2344 4004 2478 4058 πᾶσι
2505 4006 2619 4065 τοῖς
2640 4004 2936 4076 δεομένοις·
2968 3997 3043 4060 ὧν
3070 4006 3129 4060 αἱ
3156 4006 3315 4077 εὐχαὶ
3337 4007 3430 4061 καὶ
3453 4007 3586 4078 ὑμῖν

2001 4091 2096 4145 καὶ
2126 4091 2279 4161 ἡμῖν,
2308 4086 2355 4145 ὦ
2381 4090 2569 4156 τέκνα,
2592 4092 2691 4162 τὴν
2718 4092 2936 4147 αἰώνιον
2961 4093 3106 4165 ζωὴν
3134 4095 3256 4149 ἀντὶ
3284 4096 3384 4165 τῆς
3416 4113 3586 4167 προσ.

2002 4178 2194 4249 καίρου
2217 4179 2423 4250 ταύτης
2447 4181 2542 4233 καὶ
2564 4180 2826 4234 ἐπιπόνου
2851 4182 3167 4250 παρέξουσι.
3194 4183 3305 4236 Καὶ
3329 4183 3488 4237 τοῦτο
3528 4185 3587 4239 δέ

2002 4266 2187 4329 αὐτοῖς
2215 4265 2469 4336 ἐνάρετον
2501 4266 2743 4337 ὑπῆρξεν
2764 4283 2779 4297 ο
2810 4268 2970 4340 λιμοῦ
2995 4270 3291 4341 γενομένου
3320 4273 3583 4341 μεγάλου,

2003 4354 2098 4408 καὶ
2137 4353 2276 4408 κατά
2319 4353 2647 4425 σπλάγχνων
2680 4357 2987 4428 χωροῦντος
3013 4358 3233 4413 πάντων
3254 4359 3352 4414 ἀνθ
3363 4359 3583 4429 ρώπων,

2006 4442 2128 4495 τότε
2152 4442 2351 4495 ἐκεῖνοι
2385 4441 2481 4505 τὰς
2511 4443 2754 4514 αἱρέσεις
2786 4444 2884 4510 τάς
2916 4447 3095 4500 ἐκεῖσε
3143 4447 3225 4512 είς
3271 4446 3585 4518 ὀρθοδοξίαν

314 4547 427 4584 νων
455 4529 545 4582 διὰ
576 4504 770 4597 πυρὸς,
816 4524 1251 4595 διακαρτερήσας
1306 4527 1365 4578 ἐν
1398 4524 1612 4591 τούτοις
1641 4504 1745 4582 ἐπὶ.⁷
1767 4504 1899 4583 δέκα
1933 4504 1977 4559 D
2009 4530 2368 4600 μετήνεγκαν.
2413 4504 2501 4585 Ἑν
2533 4504 2748 4595 πολλοῖς
2777 4504 2887 4605 γάρ
2945 4535 3168 4607 χωρίοις
3204 4504 3339 4601 τοὺς
3369 4504 3578 4591 001060-

312 4618 414 4673 καὶ
474 4616 619 4670 ὀκτὼ
669 4615 863 4669 ἐτεσιν.
923 4612 1109 4675 Ὅστις
1168 4611 1339 4665 ταῦτα
1387 4613 1763 4686 ὐπερνικήσας
1831 4617 1901 4671 τά

312 4707 529 4761 ἄτακτα
560 4702 729 4773 πάθη,
759 4697 891 4776 ᾖσεν
920 4701 1012 4754 τὸν
1033 4700 1300 4754 ἐπινίκιον
1331 4699 1502 4771 ὐμνον
1548 4701 1627 4773 τῷ
1652 4704 1898 4777 Χριστῷο

325 4796 565 4866 ’Υψώσω
588 4811 669 4857 σε,
699 4792 893 4864 Κύριε,
934 4791 1016 4845 δτι
1045 4791 1317 4855 ὑπέλαϐές
1340 4809 1429 4860 με,
1456 4793 1551 4846 καὶ
1567 4794 1666 4847 οὐκ
1696 4793 1901 4867 εὐφρα-

313 4903 414 4949 νας
440 4885 565 4948 τούς
591 4882 821 4955 ἐχθρούς
859 4898 961 4950 μου
992 4882 1079 4932 ἐπ’
1113 4882 1234 4954 ἐμέ.
1268 4876 1435 4945 Οὗτος
1462 4882 1566 4936 ὐπὸ
1586 4884 1695 4937 τῶν
1730 4901 1899 4940 πνευ-

316 4974 509 5042 μάτων
540 4971 639 5042 τῆς
687 4970 955 5041 πονηρίας
999 4969 1270 5038 διαφόρως
1298 4969 1631 5041 πολεμηθεὶς
1664 4972 1897 5045 ἐνεκαρ-

312 5062 551 5133 τέρησεν
603 5061 660 5114 ἐν
731 5059 813 5111 ἐνὶ
874 5057 1223 5129 μοναστηρίῳ
1277 5059 1691 5130 τεσσαράκοντα
1772 5060 1894 5133 ἔτη.

272 5192 277 5195 .
330 5151 622 5219 Ἀφηγεῖτο
642 5148 700 5200 δέ
721 5142 895 5211 οὗτος,
926 5146 1009 5197 ὅτι
1060 5144 1183 5197 Ἐπὶ
1213 5146 1505 5215 τριάκοντα
1555 5148 1650 5202 καὶ
1681 5146 1774 5201 δύο
1799 5150 1894 5222 ἐτη

312 5238 575 5310 οὐδεμιᾶς
607 5236 828 5307 ὀπώρας
856 5234 1104 5305 ἡψάμην.
1128 5234 1340 5298 Δειλίας
1368 5234 1426 5288 δέ
1452 5236 1582 5289 ποτέ
1611 5240 1702 5308 με,
1738 5239 1896 5307 φησὶ,

315 5326 711 5396 πολεμησάσης
736 5326 817 5387 είς
847 5323 1038 5393 ἄκρον,
1075 5321 1151 5386 ώς
1190 5324 1283 5376 καὶ
1330 5322 1429 5393 τὴν
1464 5324 1678 5395 ἡμέραν
1726 5327 1897 5399 αὐτὴν

313 5412 549 5483 ἐκφοϐον
581 5410 846 5481 γίνεσθαι,
900 5411 1035 5481 πρὸς
1099 5409 1160 5462 τὸ
1214 5410 1417 5481 ταύτης
1489 5413 1893 5483 περιγενέσθαι,

319 5504 566 5574 μνήματι
604 5502 797 5555 ἐαυτὸν
821 5498 1104 5568 καθεῖρξεν
1137 5499 1231 5551 ἐπὶ
1283 5498 1378 5569 ἐτη
1411 5500 1489 5565 ἐξ.
1529 5503 1639 5555 Καὶ
1691 5501 1894 5573 ταύτης

317 5590 670 5660 περιεγένετο
687 5588 778 5641 τὸν
808 5588 866 5654 ἐξ
890 5586 1109 5655 ἐπαφῆς
1138 5586 1375 5657 πόλεμον
1407 5588 1721 5659 πολεμήσας
1755 5591 1895 5661 μετά

315 5677 410 5733 τοῦ
446 5676 754 5747 πνεύματος
805 5674 899 5729 τοῦ
942 5674 1038 5745 τὴν
1086 5673 1293 5729 δειλίαν
1341 5675 1517 5749 τούτῳ
1568 5678 1888 5749 ἐπάγοντος.

316 5768 520 5824 Τούτου
549 5769 642 5824 τοῦ
668 5767 911 5838 ἀοιδίμου
941 5767 1081 5819 πάνυ
1116 5767 1341 5837 ἐκήδετο
1384 5770 1413 5822 0
1472 5770 1741 5839 μακάριος
1791 5770 1891 5825 Βα-

565 5861 836 5920 ΡΑτιιοι..
876 5860 992 5921 Gn.
1054 5859 1337 5949 XXXIV:

2003 4617 2182 4681 λῶνας
2214 4617 2423 4672 ἐαυτῶν
2459 4619 2773 4686 ἀνοίξαντες
2798 4622 3122 4693 παρέθηκαν
3164 4626 3243 4687 είς
3286 4624 3585 4696 διατροφὴν

2000 4707 2114 4769 τοῖς
2146 4703 2435 4761 πεινῶσιν.
2471 4705 2562 4770 Ὠς
2589 4708 2653 4760 ἐκ
2676 4708 2775 4777 τῆς
2803 4709 3008 4761 τούτων
3031 4708 3240 4779 ἀφάτου
3277 4711 3583 4782 φιλανθρω-

2001 4792 2132 4856 πίας
2158 4793 2238 4856 είς
2270 4792 2398 4863 μίαν
2431 4794 2753 4865 συμφωνίαν
2781 4794 2884 4863 τῆς
2922 4795 3091 4868 ὀρθῆς
3128 4798 3366 4863 πίστεως
3393 4800 3582 4853 συνελ-

2004 4879 2120 4934 θεῖν
2148 4880 2248 4943 τάς
2273 4880 2535 4951 αἱρέσεις,
2576 4880 2899 4947 δοξάζοντας
2930 4882 3023 4935 τὸν
3052 4882 3184 4937 Θεὸν
3214 4884 3309 4938 ἐπὶ
3346 4888 3414 4956 τῇ
3453 4887 3580 4941 τού-

1999 4986 2106 5023 των
2132 4968 2276 5039 ἀπλῇ
2314 4968 2494 5021 πίστει
2531 4969 2624 5022 καὶ
2657 4969 2881 5040 ἀμέτρῳ
2937 4971 3177 5044 εὐποιία.
3217 4973 3283 5027 Ἦ
3327 4972 3387 5027 δέ
3440 4973 3576 5046 άλλη

1998 5056 2231 5127 ἄσκησις
2263 5054 2470 5109 τούτων
2500 5056 2802 5127 θαυμασία,
2830 5058 3017 5129 σχῆμα
3058 5060 3392 5132 σεμνότατον
3451 5061 3579 5116 καθ’

2000 5140 2325 5214 ὑπερϐολὴν,
2350 5141 2567 5213 λιτότης
2594 5144 2822 5215 ἐσθῆτος
2848 5147 2942 5200 καὶ
2966 5148 3213 5202 εὐτέλεια
3238 5148 3370 5221 παρ’
3392 5150 3580 5214 αὐτοῖς

2001 5231 2172 5302 πολλὴ
2205 5230 2302 5285 καὶ
2332 5230 2728 5303 ἀνέκφραστος.
2774 5233 3183 5303 Ὀλιγοδάπανοι
3208 5238 3414 5309 σφόδρα
3434 5237 3579 5292 λιτό-

1997 5336 2121 5390 τητι
2178 5322 2385 5392 τροφῆς
2435 5320 2819 5393 ἀποχρώμενοι
2859 5324 2985 5378 ὅσον
3039 5324 3102 5378 τὸ
3150 5324 3251 5397 ζῇν
3312 5328 3572 5382 ἀπαιτεῖ·

1997 5408 2355 5473 ἐξασκοῦντες
2384 5409 2483 5481 τὴν
2534 5412 2613 5474 είς
2660 5409 2794 5464 Θεὸν
2840 5415 3198 5486 σωφροσύνην
3241 5416 3570 5486 ὑπερφυῶς·

1996 5496 2057 5551 τὸ
2082 5497 2333 5551 πλεῖστον
2365 5497 2474 5551 τῶν
2502 5499 2710 5569 χρόνων
2738 5500 2796 5553 ἐν
2825 5501 3017 5572 ἀγροῖς
3044 5502 3412 5573 διαιτώμενοι,
3454 5504 3574 5575 ἥδι-

1998 5603 2099 5640 στα
2136 5585 2336 5655 μᾶλλον
2366 5588 2431 5657 τῇ
2487 5586 2689 5657 ἡσυχίᾳ
2741 5588 3240 5658 προσομιλοῦντες
3275 5589 3576 5661 φεύγοντες

1996 5678 2082 5730 ἀεὶ
2105 5678 2202 5738 τὰς
2233 5674 2414 5737 πόλεις
2442 5676 2537 5729 καὶ
2561 5675 2659 5738 τὰς
2687 5676 2751 5729 ἐκ
2778 5675 2984 5732 τούτων
2998 5678 3324 5750 τικτομένας
3350 5680 3571 5744 κακίας·

1999 5768 2207 5839 μήποτε
2228 5762 2306 5834 τῷ
2336 5764 2757 5837 συνασμενισμῷ
2783 5766 2891 5821 τῶν
2916 5764 3093 5838 ὄχλων
3115 5766 3363 5822 σπάσωσί
3381 5783 3433 5823 τι
3462 5768 3572 5823 τῶν

3148 5860 3226 5922 39
