4112 6512
614 351 750 417 1219

2052 336 2401 398 PALLADII

3740 339 3865 406 1320

612 463 856 534 θορύϐων
902 460 1011 515 τῶν
1063 456 1390 525 πολιτικῶν,
1426 455 1785 517 ἐκπίπτοντες
2007 448 2190 546 EVM?”
2222 449 2268 506 Α
2298 465 2582 534 Βησαρίων
2616 462 2857 535 ὀνόματι.
2883 458 3053 531 Οὗτος
3088 466 3363 522 κατελθὼν
3392 469 3472 525 εἰς
3503 467 3704 541 κώμην
3733 474 3863 556 στενὰ,

613 533 944 621 προθέσεως.
972 548 1069 603 Διά
1086 565 1168 602 τοι
1194 548 1370 601 ταῦτα
1387 546 1563 600 πάντα
1581 543 1647 597 τὰ
1666 539 2068 612 κατορθώματα
2093 533 2192 603 τῆς

611 641 870 711 ἐναρέτου
914 640 1194 704 πολιτείας
1232 638 1438 691 τούτων
1478 635 1586 689 τῶν
1618 633 1904 705 μακαρίων
1941 625 2191 683 ἐντεῦθεν

612 729 713 799 ήδη
744 728 1001 797 βλέπουσι
1023 729 1134 790 τοῖς
1154 728 1365 797 νοητοῖς
1398 724 1695 796 ὀφθαλμοῖς
1721 724 1788 777 τά
1811 716 2190 793 ήτοιμασμένα

612 816 793 879 αὑτοῖς
824 818 974 886 παρὰ
1005 816 1105 885 τῆς
1126 815 1281 885 δόξης
1310 814 1402 867 τοῦ
1437 812 1572 866 Θεοῦ
1593 812 1663 867 τὰ
1688 811 1884 868 αίώνια
1913 813 2114 880 ἀγαθά.

1168 921 1419 975 ΚΕΦΑΛ.
1459 918 1603 973 ΡΙΕ’.

910 1008 1048 1074 Περὶ
1074 1007 1180 1059 τοῦ
1204 1006 1537 1074 ἐλεήμονος
1578 1006 1873 1075 μοναχοῦ.

692 1094 924 1164 Ὁμοίως
958 1097 1018 1149 ἐν
1048 1095 1221 1167 ταύτῃ
1252 1098 1319 1166 τῇ
1350 1095 1499 1147 πόλει
1529 1094 1845 1164 εὑρήκαμεν
1866 1092 2182 1161 μονάζοντα,

609 1185 941 1253 χειροτονίαν
998 1184 1097 1253 μὲν
1158 1183 1558 1254 πρεσϐυτερίου
1633 1182 1709 1251 μὴ
1766 1180 2185 1250 καταδεξαμένῳ

607 1269 882 1334 δέξασθαι,
908 1272 1017 1323 ἀπὸ
1051 1271 1337 1340 στρατείας
1362 1270 1598 1339 ἠγμένον
1630 1266 1814 1335 ὀλίγου
1840 1267 2053 1337 χρόνου.
2090 1268 2185 1329 Ὃς

608 1357 853 1409 εἰκοστὸν
882 1357 1001 1420 έτος
1029 1358 1178 1425 ἀγων
1218 1359 1276 1411 ἐν
1311 1358 1543 1425 ἀσκήσει
1578 1355 1783 1425 ταύτην
1816 1352 1928 1424 εἶχε
1961 1354 2058 1425 τὴν
2084 1370 2183 1406 πο-

606 1442 845 1499 λιτείανο
873 1444 1181 1514 παραμένει
1216 1444 1315 1513 μὲν
1362 1443 1438 1513 τῷ
1487 1443 1771 1513 ἐπισκόπῳ
1823 1443 1922 1511 τῆς
1979 1441 2183 1505 πόλεως

606 1533 763 1603 ἀνδρὶ
795 1532 1102 1602 ἁγιωτάτῳ.
1135 1532 1400 1584 Τοσοῦτον
1429 1529 1485 1582 δέ
1515 1532 1631 1583 ἐστι
1675 1529 2057 1599 φιλάνθρωπος
2089 1529 2183 1583 καὶ

606 1620 879 1691 ἐλεήμων,
929 1620 1005 1683 ὡς
1038 1621 1131 1673 καὶ
1168 1620 1267 1682 τάς
1320 1618 1504 1682 πόλεις
1550 1618 1845 1689 περιιέναι,
1889 1619 1983 1670 καὶ
2013 1617 2187 1695 ἐλεεῖν

605 1709 733 1769 τοὺς
778 1706 1084 1775 δεομένους.
1123 1702 1290 1769 Οὗτος
1323 1706 1423 1759 οὑκ
1480 1706 1673 1776 ἀμελεῖ
1710 1706 1771 1759 οὑ
1815 1704 2087 1773 φυλακῆς,
2118 1705 2178 1757 οὑ

2301 553 2411 608 ῐδεν
2446 553 2651 624 γυμνὸν
2683 556 2895 626 πτωχὸν
2918 560 2977 611 ἐν
3018 560 3085 628 τῇ
3128 558 3301 630 ἀγορᾷ
3346 558 3676 628 τεθνηκότα.
3706 553 3867 628 Αὑτὸς

2293 642 2350 698 δέ
2384 643 2482 697 ἕνα
2509 643 2710 713 χιτῶνα
2741 646 2944 714 φορῶν,
2986 647 3129 700 κατά
3168 646 3267 719 τὴν
3306 648 3673 721 εὑαγγελικήν
3698 652 3867 721 παρά.

2291 732 2475 796 δοσιν,
2515 736 2609 787 καὶ
2660 737 2855 805 μικρὸν
2901 737 3200 808 μαφόριον’
3248 737 3401 791 ούδέν
3451 738 3562 809 γάρ
3612 740 3867 808 ἐκέκτητο

2292 821 2432 892 πλὴν
2469 822 2661 876 τούτου
2693 824 2786 877 τοῦ
2831 825 3128 893 ἀναγκαίου
3167 826 3575 897 σκεπάσματος.
3625 822 3787 897 Εἷχεν
3818 828 3865 881 δὲ

2291 911 2383 961 καὶ
2408 913 2606 981 μικρξν
2626 912 2963 979 Εὑαγγέλιον
2988 914 3091 985 ὑπὸ
3114 913 3211 984 τὴν
3235 914 3412 985 μάλην
3432 915 3540 981 ἀεὶ,
3557 917 3700 986 πρὸς
3724 917 3864 982 ἐλεγ-

2290 1014 2382 1067 χον
2431 998 2624 1053 ἐαυτοῦ
2670 999 2766 1053 τοῦ
2808 1000 3097 1065 διαπαντὸς
3126 1001 3422 1055 ὑπακούειν
3452 1004 3519 1074 τῇ
3557 1006 3858 1077 Δεσποτικῇ

2289 1089 2463 1156 φωνῇ,
2486 1087 2519 1157 ἢ
2540 1087 2739 1155 μᾶλλον
2761 1088 2908 1159 ἔργῳ
2936 1088 3353 1159 κατορθωθέντα
3377 1090 3469 1143 τὸν
3494 1091 3656 1159 λόγον
3676 1094 3862 1159 ἐπιφε-

2290 1170 2539 1241 ρόμενος.
2575 1172 2814 1246 Τοιαύτῃ
2840 1177 2949 1245 γάρ
2978 1176 3006 1228 6
3029 1176 3167 1248 ἀνὴρ
3202 1177 3484 1250 ὑπερϐολῇ
3514 1178 3637 1249 βίου
3662 1182 3863 1250 χρησάο

2292 1278 2471 1331 μενος,
2490 1263 2938 1333 ἀνεπαισχύντως
2959 1265 3034 1329 ὠς
3061 1267 3302 1335 ἐπίγειος
3327 1267 3561 1336 ἄγγελος
3583 1270 3685 1339 τὴν
3708 1272 3862 1323 ἐπον-

2289 1350 2474 1421 ράνιον
2500 1354 2558 1404 ἐν
2578 1352 2727 1423 νόμῳ
2753 1352 3003 1422 διήνυσεν
3023 1354 3268 1424 πορείαν.
3293 1348 3463 1419 Οὗτος
3482 1356 3578 1409 οῦν
3605 1358 3861 1426 ἑωρακὼς

2281 1440 2346 1493 τὸ
2374 1440 2643 1510 λείψανον,
2673 1442 2885 1508 εὐφυῶς
2917 1442 2976 1494 τὸ
3010 1442 3274 1514 μαφόριον
3302 1444 3857 1514 ἀποφορτωσάμενος,

2286 1527 2581 1581 ἐναπέθετο
2616 1528 2695 1598 τῷ
2723 1530 3026 1598 τεθνηκότι.
3058 1530 3167 1584 Kal
3209 1531 3369 1584 πάλιν
3408 1532 3588 1601 ὀλίγον
3619 1533 3860 1603 βαδίσας,

2284 1615 2524 1687 δεομένῳ
2556 1615 2749 1685 γυμνῷ
2779 1618 3108 1687 συνήντησεν
3130 1632 3143 1646 ·
3170 1618 3264 1671 καὶ
3292 1618 3705 1691 διακρινόμενος·
3735 1622 3859 1691 ἐστη

2286 1702 2412 1755 καθ’
2440 1703 2631 1756 ἐαυτὸν
2664 1702 3014 1774 λογιζόμενος
3038 1703 3208 1769 οὕτως
3228 1718 3241 1733 ⁶
3270 1707 3395 1770 Πῶς
3424 1706 3535 1775 ἐγὼ
3567 1708 3688 1777 μὲν,
3713 1710 3742 1762 ὀ
3767 1709 3863 1779 δῆ-

606 1795 979 1863 νοσοκομείου,
1036 1796 1098 1847 οὑ
1126 1795 1416 1864 πτωχείου,
1443 1795 1503 1847 ού
1525 1775 1808 1853 πλουσίου,
1838 1793 1898 1845 ού
1931 1775 2194 1863 πένητος,
2215 1786 2261 1843 Β
2291 1790 2380 1843 θεν
2412 1790 2823 1859 ἀποταξάμενος
2853 1790 2931 1862 τῷ
2964 1791 3173 1863 κόσμῳ,
3220 1794 3431 1862 ἱμάτιον
3462 1797 3808 1865 περίκειμαι,
3833 1799 3859 1850 6

605 1881 742 1936 ἀλλά
784 1884 950 1935 πᾶσιν
995 1884 1311 1952 ἐπικουρεί’
1367 1886 1478 1946 τοῖς
1530 1884 1628 1952 μὲν
1664 1879 1942 1943 πλουσίοις
1993 1880 2185 1948 λόγους

605 1969 1008 2039 εὐσπλαγχνίας
1035 1970 1290 2039 παρέχων
1326 1970 1419 2022 καὶ
1446 1970 1651 2032 ἐλέους,
1686 1968 1761 2031 ὠς
1816 1967 2187 2038 ἀσπλάγχνοις

606 2058 701 2110 καὶ
739 2058 1126 2128 ἀνελεήμοσιν·
1154 2059 1259 2111 τῶν
1298 2059 1354 2110 δὲ
1384 2057 1577 2111 ἐνδεῶν
1618 2057 1914 2127 φροντίζων
1954 2058 2185 2111 ἑκάστου

603 2147 675 2197 τὰ
704 2146 839 2216 πρὸς
884 2146 982 2210 τὰς
1033 2147 1260 2218 χρείας·
1313 2147 1438 2209 τοὺς
1484 2144 1824 2215 μαχομένους
1865 2145 2183 2216 εἰρηνεύων,

604 2232 720 2294 τοῖς
748 2234 977 2303 γυμνοῖς
1021 2233 1276 2303 χορηγῶν
1311 2232 1608 2302 ἐνδύματα,
1646 2233 1761 2295 τοῖς
1800 2230 2085 2285 ἀσθενοῦσι
2116 2228 2186 2284 τά

603 2318 927 2391 ἀλεξιτήρια
962 2320 1099 2390 πρὸς
1126 2319 1447 2390 θεράπειαν.
1475 2315 1577 2372 Οἴα
1603 2320 1659 2372 δὲ
1693 2319 1838 2389 φιλεῖ
1860 2317 2103 2387 γίνεσθαι
2125 2320 2183 2372 ἐν

604 2408 809 2473 πάσαις
838 2411 958 2472 ταῖς
981 2409 1168 2461 πόλεσι
1198 2412 1318 2472 ταῖς
1344 2409 1629 2479 μεγάλαις,
1659 2408 1773 2462 ἐστι
1808 2408 1904 2462 καὶ
1930 2411 1987 2461 ἐν
2020 2409 2179 2479 αὐτῇ.

616 2496 708 2550 Ἐν
745 2496 852 2568 γάρ
882 2500 947 2567 τῇ
985 2499 1133 2568 στοᾷμ
1148 2497 1247 2567 τῆς
1276 2497 1572 2566 ἐκκλησίας
1608 2496 1810 2567 πλῆθος
1856 2496 1965 2549 τῶν
1996 2496 2183 2549 λωϐῶν

603 2588 721 2641 ἐστι
775 2587 1191 2657 κατακείμενον,
1241 2588 1628 2658 ἐρανιζόμενον
1675 2586 1773 2657 τὴν
1824 2586 2031 2659 τροφὴν
2082 2586 2183 2655 τὴν

603 2676 902 2746 ἐφήμερον,
929 2675 1039 2729 τῶν
1086 2674 1184 2746 μὲν
1227 2677 1479 2745 ἀγάμων,
1512 2676 1620 2729 τῶν
1662 2675 1718 2728 δὲ
1760 2676 2179 2745 γεγαμηκότων.

602 2762 812 2833 Συνέϐη
863 2760 954 2817 οὗν
988 2765 1089 2835 μιᾷ
1121 2762 1232 2817 τῶν
1260 2762 1489 2835 ἡμερῶν
1532 2764 1590 2816 ἐν
1618 2762 1775 2816 νυκτὶ
1816 2761 2022 2815 τίκτειν
2065 2762 2182 2826 ἐνὸς

600 2849 809 2904 τούτων
843 2854 941 2921 τὴν
980 2856 1217 2922 γυναῖκα
1252 2855 1310 2906 ἐν
1358 2854 1426 2924 τῇ
1477 2853 1630 2923 στοᾷ,
1667 2852 1946 2906 καὶτοῦτο
1976 2853 2034 2903 ἐν
2064 2868 2178 2922 χει-

603 2939 766 3011 μῶνι.
801 2939 1023 3009 Βοώσης
1051 2935 1144 2994 οὑν
1174 2940 1365 3011 αὑτῆς,
1401 2941 1494 2993 καὶ
1522 2940 1889 3011 κεντουμένης
1926 2938 2028 2991 ὑπὸ
2080 2939 2183 3008 τῆς,

598 3028 877 3098 ἀφορήτου
911 3029 1125 3098 ἐκείνης
1166 3016 1378 3097 ὀδύνης,
1426 3028 1733 3098 ἐπήκουσεν
1775 3028 1875 3098 τῆς
1916 3025 2179 3097 ὀλολυγῆς

2287 1875 2343 1929 δὲ
2369 1876 2498 1946 ἐμὸς
2526 1877 2752 1945 ἀδελφὸς
2767 1877 2927 1947 ψύχει
2950 1880 3396 1950 καταπήγνυταις
3425 1882 3487 1934 Εἰ
3513 1884 3697 1935 τοίνυν
3719 1885 3861 1940 ἐάσω

2284 1962 2474 2016 τοῦτον
2555 1963 2922 2034 λιποψυχῆσαι
2944 2005 2959 2027 ,
3016 1966 3248 2020 θανάτου
3300 1970 3516 2033 πάντως
3563 1971 3740 2034 αἴτιος
3784 1972 3858 2042 τῷ

2284 2049 2511 2120 πλησίον
2536 2052 2860 2123 γενήσομαι.
2902 2053 2969 2106 Τί
3009 2052 3134 2120 οὖν;
3180 2056 3594 2126 ἀποδυσάμενος
3630 2061 3855 2131 μερίσω,

2281 2140 2373 2193 τὸν
2406 2140 2606 2211 χιτῶνα
2648 2142 2841 2211 κόψας,
2887 2144 2920 2215 ἢ
2961 2142 3019 2197 τδ
3069 2148 3178 2200 πᾶν
3226 2146 3304 2217 τῷ
3335 2147 3458 2199 κατ’
3507 2147 3694 2199 εἰκόνα
3726 2147 3856 2200 Θεοῦ

2282 2227 2472 2294 δὼσω;
2522 2228 2683 2283 Ἀλλά
2711 2230 2763 2282 τί
2788 2232 3053 2303 χρήσιμον
3082 2233 3206 2302 ἐμοί
3225 2251 3282 2287 τε
3306 2234 3545 2305 κάκείνῳ
3593 2233 3653 2287 τό
3681 2237 3858 2305 σχιζό-

2286 2332 2445 2385 μενον
2494 2318 2696 2389 μέρος;
2737 2320 2847 2373 Kal
2893 2321 3191 2391 διακριθεὶς
3232 2322 3368 2394 ἔφη·
3424 2325 3517 2395 Μή
3553 2322 3731 2395 βλάϐη
3780 2343 3856 2389 τις

2281 2406 2445 2476 ἡμῖν,
2474 2408 2524 2458 εἰ
2553 2407 2719 2460 πλέον
2753 2410 3066 2479 ποιήσωμεν
3098 2411 3196 2480 τῆς
3220 2412 3469 2481 ἐντολῆςς
3504 2412 3855 2483 Τοιγαροῦνό

2284 2497 2504 2562 γεναῖος
2532 2489 2688 2560 οὗτος
2720 2496 2983 2566 ἀθλήσας,
3017 2498 3312 2569 προθύμως
3344 2500 3498 2552 καλεῖ
3519 2499 3612 2553 τὸν
3643 2502 3855 2571 πτωχόν

2283 2582 2362 2645 είς
2400 2583 2492 2635 τὸν
2522 2585 2765 2651 πυλῶνα,
2821 2588 2914 2639 καὶ
2963 2586 3150 2640 τοῦτον
3186 2587 3532 2657 ἐνδεδυμένον
3553 2589 3852 2655 ἀπολύσας,

2283 2669 2414 2740 ἔστη
2443 2688 2512 2739 γυ
2520 2670 2670 2742 μνδς,
2693 2673 2886 2727 ἐαυτὸν
2903 2676 3021 2735 ταῖς
3040 2675 3200 2745 χερσὶ
3216 2688 3283 2726 πε
3292 2674 3587 2743 ρισκέπων,
3619 2675 3857 2739 ὀκλάσας

2281 2757 2379 2809 καὶ
2428 2759 2875 2830 ὑποκαθήμενος,
2936 2761 3097 2830 μόνον
3141 2760 3279 2831 ἔχων
3323 2761 3413 2814 τὸν
3475 2762 3856 2818 πλουσιοποιδν

2281 2844 2439 2913 λόγον
2463 2846 2567 2899 ὑπὸ
2584 2847 2682 2917 τὴν
2712 2847 2912 2919 μάλην.
2931 2848 3393 2919 Κατόξκονομίαν
3418 2848 3476 2903 δὲ
3499 2848 3692 2906 τούτου
3717 2867 3855 2922 παρ-

2265 2930 2455 3007 ςιόντος
2490 2935 2517 2986 ό
2547 2934 2640 2986 ἐπὶ
2691 2936 2788 3006 τῆς
2833 2936 3056 3007 εἰρήνης
3086 2937 3301 3005 ἐπέγνω
3340 2936 3431 2991 τὸν
3460 2937 3720 3008 γέροντα,
3761 2938 3856 2991 καὶ

2285 3025 2423 3093 πρὸς
2447 3024 2537 3076 τὸν
2572 3024 2826 3095 ἐχόμενον
2858 3026 3145 3096 σύμμαχον
3184 3024 3301 3079 εἷπε
3323 3040 3337 3056 ⁸
3384 3025 3556 3080 Βλέπε
3602 3028 3726 3080 ἐκεῖ
3757 3027 3854 3080 οὑκ

597 3115 628 3167 6
668 3115 935 3185 μακάριος
991 3108 1145 3176 οὗτος
1196 3115 1632 3186 προσευχόμενος
1682 3116 1741 3168 ἐν
1794 3118 1857 3185 τῇ
1890 3114 2176 3186 ἐκκλησίᾳ,
2206 3129 2249 3191 c
2286 3110 2431 3165 ἐστιν
2462 3114 2490 3165 ὀ
2532 3114 2712 3184 γέρων
2742 3111 2885 3167 ἀϐϐἆ
2926 3114 3253 3184 Βησαρίων;
3293 3114 3387 3168 τοῦ
3428 3115 3488 3169 δέ
3557 3116 3849 3185 φήσαντος,

597 3202 693 3254 καὶ
714 3202 1046 3271 καταλείψας
1072 3196 1171 3266 τ’ἀς
1191 3202 1445 3273 συνήθεις
1476 3200 1643 3255 αὑτοῦ
1669 3204 1996 3273 προσευχάς,
2030 3204 2178 3268 ἐξελο

600 3287 711 3342 θὼν
742 3288 914 3353 ἐπίδε,
942 3292 1034 3343 καὶ
1077 3289 1282 3360 μηδένα
1303 3288 1477 3360 εὑρὼν
1511 3288 1601 3343 τὸν
1630 3289 1804 3363 ταύτῃ
1833 3292 2188 3361 παραστησό-’

600 3391 765 3446 μενον
796 3378 853 3428 ἐν
878 3380 945 3448 τῇ
992 3378 1205 3449 ἀνάγκῃ
1254 3378 1459 3449 ἐκείνη,
1509 3379 1672 3443 αὐτὸς
1723 3380 1966 3451 ίατρίνης
2012 3381 2177 3435 τόπον

596 3460 858 3532 ἐπέσχεν,
892 3465 953 3516 ού
1001 3463 1395 3535 βδελυξάμενος
1427 3466 1489 3520 τὸ
1521 3467 1691 3537 μῦσος
1730 3468 1792 3520 τὸ
1832 3469 2177 3540 παρακολου-

598 3549 725 3603 θοῦν
778 3553 900 3615 ταῖς
947 3553 1259 3617 τικτούσαις
1311 3554 1419 3607 τῶν
1469 3555 1779 3623 γυναικῶν,
1820 3556 2179 3628 ἀναισθησίαν

594 3639 743 3709 αὖτῷ
774 3641 1148 3712 χαρισαμένης
1171 3644 1267 3714 τῆς
1292 3642 1600 3715 βαθυτάτης
1632 3646 1836 3716 ταύτης
1878 3644 2191 3721 ἐλεημοσύέ

594 3745 691 3798 νης
715 3728 815 3799 τῆς
865 3730 996 3801 παρ’
1031 3731 1197 3784 αὑτοῦ
1249 3734 1646 3805 γεγενημένης.
1696 3734 1899 3789 Τούτου
1930 3737 2029 3806 μὲν
2080 3730 2189 3792 τοῦ

595 3815 941 3886 φιλοχρίστου
969 3817 1028 3869 τὸ
1062 3813 1201 3882 εἶδος
1227 3821 1335 3874 τῶν
1363 3822 1618 3889 ἱματίων,
1650 3817 1725 3876 ὧν
1755 3824 2172 3897 περιϐέϐληται,

2280 3201 2427 3255 Ναί·
2464 3201 2711 3265 καταϐάς
2753 3204 2816 3254 ἐκ
2845 3203 2939 3255 τοῦ
2983 3201 3122 3266 ζώου
3164 3202 3391 3273 ταχέως,
3432 3202 3722 3273 ἠρώτησεν
3762 3202 3852 3256 τὸν

2279 3288 2454 3357 ἀγιον,
2475 3291 2557 3343 ὅτι
2584 3290 2677 3353 Τίς
2709 3308 2765 3343 σε
2784 3291 3064 3357 ἐξέδυσεν;
3107 3291 3164 3344 '0
3193 3292 3249 3343 δέ
3276 3294 3341 3362 τῇ
3373 3291 3525 3363 δεξιᾷ
3555 3308 3852 3362 προσενεγ-

2277 3378 2393 3432 κὼν
2423 3378 2485 3430 τὸ
2512 3377 2879 3447 Εὑαγγέλιον,
2915 3378 3107 3443 Τοῦτο,
3139 3380 3325 3449 φησὶν,
3345 3379 3594 3445 ἐξὲδυσέν
3628 3397 3717 3450 με.
3747 3381 3852 3432 Ila-

2284 3467 2542 3537 ραχρῆμα
2575 3467 2631 3520 δὲ
2678 3469 2741 3520 τὸ
2790 3467 2985 3521 ἐαυτοῦ
3017 3468 3229 3536 ἱμάτιον
3274 3470 3303 3521 ό
3349 3468 3443 3520 ἐπὶ
3482 3468 3584 3535 τῆς
3630 3468 3850 3538 εἰρήνης

2278 3554 2711 3624 ἀποδυσάμενος,
2734 3557 2825 3609 τὸν
2856 3556 3060 3609 τέλειον
3090 3554 3429 3626 στρατιώτην
3450 3556 3725 3612 ἐνέδυσεν.
3745 3555 3851 3609 Καὶ

2276 3642 2504 3706 ἀπαθῶς
2532 3644 2771 3714 φορέσας
2792 3644 2892 3714 τὴν
2913 3644 2988 3706 ὡς
3018 3644 3221 3714 μικρὰν
3240 3643 3443 3712 ἐσθῆτα
3471 3643 3581 3696 τῶν
3603 3642 3851 3712 μοναχῶν

2274 3730 2370 3783 τοῦ
2401 3732 2607 3801 κόσμου
2625 3731 2973 3803 ἀνεχώρησεν
2990 3732 3221 3803 ἀφανής,
3240 3731 3432 3785 τούτου
3450 3730 3547 3803 τὴν
3577 3731 3850 3785 πολιτείαν

2277 3819 2616 3891 ἑωρακότος,
2670 3819 2935 3874 ἐκκλίνων
2977 3821 3070 3873 τὸν
3119 3820 3360 3885 ἔπαινον,
3404 3821 3506 3890 τὴν
3564 3821 3715 3890 παρά
3756 3818 3845 3872 τοῦ

591 3906 693 3959 οὑκ
725 3905 872 3961 ἔστιν
906 3907 1055 3972 ἀξιον
1086 3908 1297 3963 ὀϐολοῦ.
1347 3909 1421 3963 Τὸ
1460 3911 1516 3964 δὲ
1549 3911 1748 3983 βρῶμα
1790 3913 1897 3967 τῶν
1943 3916 2180 3984 ἱματίων
2268 3908 2522 3978 ,κρυπτοῦ
2550 3908 2717 3980 τιμὴν
2750 3912 2777 3963 6
2819 3909 3195 3981 κρυπτόμενος
3228 3909 3535 3979 ἀναμένων.
3592 3910 3656 3962 ’0
3689 3908 3847 3971 αὑτός

591 3992 937 4064 ἀμφήριστον
956 4010 969 4024 ·
1001 3998 1212 4067 πυκτίῳ
1237 3997 1473 4066 ἐγκύψαι
1510 3999 1571 4051 οὑ
1605 4003 1898 4072 καρτερεῖ,
1926 4003 2029 4073 τῆς
2055 4006 2175 4073 φιλ-

591 4081 909 4152 ανθρωπίας
958 4083 1122 4136 αὑτὸν
1165 4085 1577 4158 ἀπελαυνούσης
1622 4091 1731 4143 τῶν
1797 4092 2168 4163 ἀναγνωσμά-

589 4186 718 4224 των.
756 4168 967 4222 Βιϐλίον
1004 4170 1098 4223 ἐάν
1132 4188 1218 4234 τις
1251 4173 1400 4245 αὑτῷ
1425 4180 1719 4248 χαρίσηται
1760 4179 1869 4233 τῶν
1900 4181 2169 4249 ἀδελφῶν,

588 4258 937 4329 παραχρῆμα
968 4258 1126 4313 τοῦτο
1153 4263 1477 4332 πιπράσκει,
1516 4268 1629 4329 τοῖς
1672 4267 2007 4338 ἐνδεομένοις
2031 4270 2087 4322 δὲ
2110 4271 2170 4323 τὸ

586 4344 801 4414 τίμημα
822 4345 1115 4416 διανέμων,
1139 4349 1407 4419 ἐπιλέγων
1425 4351 1580 4406 τοῦτο
1607 4355 1717 4417 τοῖς
1743 4357 2164 4427 ἐπισκήπτουσι,

2275 3991 2429 4059 οὗτος
2485 3998 2623 4065 μετά
2679 3996 2742 4049 τὸ
2781 3997 3207 4069 κατωρθωκέναι
3256 4001 3437 4051 πᾶσαν
3484 3996 3846 4067 εύαγγελικήν

2274 4086 2516 4157 ἐντολὴν,
2559 4086 2695 4157 μηδὲ
2727 4086 2867 4157 έχων
2886 4086 2982 4141 τοῦ
3012 4087 3221 4157 κόσμου
3236 4088 3426 4140 τούτου
3457 4086 3539 4139 ἔτι
3563 4087 3708 4139 κατὰ
3728 4087 3845 4139 διάο

2273 4191 2445 4241 νοιαν,
2472 4174 2609 4244 πρὸς
2631 4174 3014 4245 ἐντελεστέραν
3040 4175 3137 4245 τῆς
3160 4175 3310 4238 θείας
3334 4174 3665 4242 ἀποφάσεως
3682 4176 3847 4245 ἐργα-

2274 4262 2416 4327 σίαν,
2439 4265 2499 4316 ἐν
2529 4263 2750 4333 παρόδῳ
2784 4264 2997 4335 πτωχὸν
3033 4263 3314 4334 ἑωρακὼς,
3343 4264 3623 4334 δρομαίως
3649 4266 3727 4325 εἰς
3750 4263 3845 4331 τὴν

2260 4350 2479 4419 ,ἀγορὰν
2503 4350 2767 4421 ἀπῆλθεν,
2793 4350 2922 4405 ἔνθα
2955 4353 3083 4414 στάς
3105 4352 3306 4419 ὀλίγον,
3329 4352 3494 4420 τόμον
3514 4349 3843 4416 Εύαγγελεου

586 4433 762 4534 διαιτί
793 4436 980 4534 ταῦταῌ
1010 4437 1200 4500 πωλεῖ,
1237 4438 1321 4492 ὅτι
1355 4440 1525 4493 Πόθεν
1569 4441 1677 4514 ἐχω
1714 4460 1817 4515 μου
1854 4447 2041 4501 πεῖσαι
2076 4438 2166 4502 τὸν
2196 4486 2249 4534 υ
2273 4437 2672 4534 διαπῄέπρακεν.
2702 4439 3086 4534 λύεθ’-ὴμέρας
3107 4439 3197 4534 οὖν
3277 4440 3372 4493 σῦν
3402 4438 3553 4534 αὑτῷ
3571 4437 3843 4534 μαθητὴς,

585 4523 926 4590 διδάσκαλον,
954 4527 1037 4580 ὅτι
1068 4529 1167 4596 τὴν
1209 4531 1405 4601 τέχνην
1441 4531 1607 4585 αὑτοῦ
1656 4536 1958 4607 μεμάθηκα
2003 4539 2164 4609 ἀκρι-

588 4612 729 4678 ϐῶς,
774 4613 867 4667 ὲάν
894 4615 967 4685 μὴ
998 4616 1144 4687 αύτῷ
1173 4619 1366 4688 ἐκείνῳ
1400 4625 1841 4694 καταχρήσωμαι
1873 4629 1953 4690 είς
1982 4626 2042 4680 τὸ
2070 4629 2168 4701 τῆς

584 4702 781 4773 τέχνης
815 4704 1180 4776 κατόρθωμα;
1223 4707 1282 4761 Ὀ
1308 4709 1574 4774 ἀθάνατος
1602 4705 1754 4775 οὗτος
1779 4714 1835 4765 ἐν
1852 4714 2021 4788 ταύτῃ
2060 4702 2173 4770 παέ

591 4792 853 4860 ραμείνας
880 4796 945 4864 τῇ
978 4795 1174 4865 πράξει
1202 4797 1329 4868 ἄχρι
1358 4798 1456 4869 τῆς
1480 4800 1638 4873 δεῦρο
1663 4801 1913 4865 ἀειθαλὲς
1945 4805 2167 4877 μνήμης

585 4878 757 4949 ὄνομα
798 4882 947 4953 πάσῃ
980 4885 1045 4954 τῇ
1101 4886 1363 4958 περιοίκῳ
1408 4889 1592 4960 ἐκείνη
1638 4890 1952 4957 κατέλιπεν,
2005 4894 2168 4957 αὑτὸς

586 4969 685 5035 τὴν
716 4970 932 5021 αἰώνιον
955 4971 1131 5041 χαρὰν
1150 4974 1207 5024 ἐν
1236 4976 1300 5043 τῇ
1333 4974 1441 5027 τῶν
1470 4976 1716 5046 οὐρανῶν
1753 4977 2000 5051 βασιλεία
2027 4999 2166 5053 καρ-

586 5055 892 5124 πούμενος·
940 5059 1346 5128 ἀπολαμϐάνων
1386 5062 1496 5115 τῶν
1542 5066 1832 5137 μακαρίων
1888 5069 2069 5123 πόνων
2100 5071 2168 5124 τὰ

586 5141 716 5207 ἀξια
754 5143 1001 5199 ἔπαθλα·
1039 5148 1343 5213 πεινῶντας
1400 5151 1612 5221 θρέψας
1656 5154 1879 5221 ἐνθάδε,
1925 5158 2021 5212 καὶ
2065 5174 2167 5228 γυ-

590 5234 744 5303 μνοῖς
768 5234 1094 5303 περιϐόλαια
1146 5238 1517 5310 χαρισάμενος
1538 5282 1553 5306 ,
1581 5243 1698 5296 νυνὶ
1718 5245 1869 5315 παρά
1901 5246 1979 5317 τῷ
2010 5248 2167 5318 μισθ-

587 5320 828 5408 αποδότῃ
865 5323 973 5378 τῶν
1003 5326 1181 5381 καλῶν
1203 5328 1381 5399 ἔργων
1405 5332 1757 5406 παντοδαπῆς
1778 5336 1995 5408 τρυφῆς
2024 5338 2159 5393 ἀποο

591 5407 793 5467 λαύων.

1177 5526 1430 5584 ΚΕΦΑΛ.
1460 5531 1623 5599 Ριςο.

922 5636 1067 5701 Βίος
1098 5637 1205 5692 τοῦ
1234 5638 1385 5693 ἀϐὄᾱ
1416 5643 1821 5711 Βησαριωνος.

682 5741 929 5813 Ἐγένετό
960 5764 1046 5811 τις
1078 5748 1253 5821 γέρων
1289 5751 1550 5823 ἀκτήμων
1590 5755 1685 5810 καὶ
1713 5755 1981 5830 ἐλεήμων,
2023 5760 2167 5818 ἀϐϐἄ

2275 4527 2421 4580 ἀϐϐᾶ
2481 4527 2685 4592 Δουλᾶς
2738 4527 3032 4599 λεγόμενος
3058 4569 3074 4593 ,
3121 4527 3406 4598 ἠρώτησεν
3459 4526 3551 4578 τὸν
3592 4525 3843 4596 γέροντα,

2259 4616 2485 4683 ςλέγων,
2532 4617 2613 4669 ὅτι
2662 4615 2729 4669 Τί
2778 4617 3002 4686 γέγονεν
3044 4618 3105 4670 τὸ
3142 4616 3343 4688 μικρὸν
3385 4615 3611 4687 βιϐλίον,
3671 4614 3843 4677 ἀϐϐἅς

2262 4703 2413 4773 ,πρὸς
2446 4703 2504 4756 δν
2556 4703 2777 4775 ἡσύχως
2823 4708 2852 4758 ὀ
2894 4706 3073 4778 γέρων
3121 4705 3320 4775 σεμνὸν
3367 4704 3461 4758 καὶ
3490 4702 3843 4773 χαριέστατον

2278 4793 2429 4863 ῥῆμα
2473 4792 2595 4847 λίαν
2633 4793 2958 4863 ἐφθέγξατο,
3011 4795 3236 4864 φάσκων
3278 4794 3478 4858 οὕτως’
3530 4793 3622 4863 Μὴ
3652 4789 3841 4853 λυποῦ,

2274 4880 2505 4950 ἀδελφέ’
2538 4882 2626 4935 ἴνα
2654 4882 2763 4952 γὰρ
2801 4884 2917 4936 ἐκεῖ
2956 4883 3267 4955 παρρησίαν
3298 4881 3528 4953 ἔχωμεν,
3566 4880 3731 4933 αὑτὸν
3759 4877 3842 4931 τὸν

2273 4967 2431 5037 λόγον
2464 4970 2719 5041 ἐπώλησα
2740 4971 2829 5024 διά
2851 4970 2947 5041 τὴν
2972 4971 3220 5041 ὑπακοὴν
3248 4972 3340 5023 τὸν
3368 4971 3452 5024 ἀεὶ
3480 4969 3709 5035 λέγοντά
3732 4980 3838 5037 μοι·

2277 5057 2536 5129 Πώλησόν
2572 5075 2666 5111 σου
2704 5058 2773 5111 τά
2797 5058 3134 5129 ὑπάρχοντα,
3172 5060 3266 5111 καὶ
3294 5058 3383 5121 δὺς
3413 5059 3670 5125 πτωχοῖς.
3695 5054 3840 5107 Εἰσὶν

2277 5145 2337 5199 δέ
2366 5148 2461 5200 καὶ
2487 5146 2644 5202 ἄλλαι
2681 5147 2909 5219 πράξεις
2930 5147 3246 5217 πάμπολλαι
3276 5147 3524 5216 ἐνάρεται
3551 5145 3647 5196 τοῦ
3675 5142 3839 5214 μεγάα

2275 5235 2368 5289 λου
2392 5234 2583 5289 τούτου
2624 5236 2837 5306 Πατρός
2859 5251 2874 5266 ο
2928 5235 3047 5306 μεθ’
3079 5229 3140 5287 οῦ
3181 5235 3275 5288 καὶ
3322 5236 3481 5305 ήμείς
3516 5234 3680 5304 μέρος
3701 5232 3838 5302 ἐχειν

2257 5324 2731 5396 ’καταξιωθῶμεν,
2764 5324 2953 5397 χάριτι
2981 5323 3076 5377 τοῦ
3108 5322 3364 5396 Χριστοῦ.
3413 5323 3603 5395 Ἀμήν.

2836 5480 3094 5535 ΚΕΦΛΛ.
3146 5479 3292 5533 Ρ1Ζ’.

2817 5631 2955 5700 Περὶ
2988 5630 3293 5699 Μελάνης.

2360 5763 2684 5833 Ἀναγκαῖον
2728 5761 2785 5816 δέ
2824 5761 3119 5837 ἡγησάμην
3152 5763 3245 5817 καὶ
3283 5762 3557 5830 γυναικῶν
3587 5759 3833 5833 ἀνδρείων
