4040 6618
214 411 345 467 liii

1490 404 1807 462 tIIS'I‘ORIA
1852 403 2211 463 LAUSIACA.

3329 408 3471 471 I222

204 524 627 595 intelligenttbus
655 523 824 579 oculis
853 520 1119 593 aspiciunt
1144 528 1344 575 mterna
1373 518 1509 573 bona
1540 537 1662 590 quae
1693 535 1787 589 pa-
1815 523 1861 579 A
1891 530 2152 575 mentum.
2211 522 2449 577 Habebat
2495 529 2672 577 autem
2722 534 2936 592 semper
2981 536 3192 594 quoque
3244 539 3467 596 parvum

205 632 326 679 rata
348 629 473 676 sunt
500 633 532 673 a
559 618 653 673 Dei
674 618 860 686 gloria.

785 704 1009 761 CAPUT
1045 702 1204 759 CXV.

620 796 743 853 Vita
770 797 1061 852 Eleemom‘s
1084 796 1339 850 monachi.

287 892 533 947 Vidimus
574 892 626 945 in
658 890 758 945 bac
788 891 1003 946 civitate
1035 889 1377 954 monachum,
1429 889 1518 959 qui
1548 891 1787 944 ordinem

211 986 613 1055 presbyteratus
642 983 914 1047 suscipere
943 984 1225 1036 recusavit.
1261 981 1491 1037 Venerat
1527 990 1700 1036 autem
1722 982 1790 1037 ad

208 1080 320 1127 tale
371 1080 702 1143 propositum
749 1083 871 1142 post
908 1071 1150 1126 militiam
1197 1072 1373 1140 exigui
1426 1075 1698 1140 temporis.
1745 1073 1794 1127 Is

203 1166 527 1230 vigesimum
553 1180 749 1218 annum
771 1177 935 1231 agens
962 1162 1012 1215 in
1042 1162 1450 1222 exercitatione,
1478 1163 1578 1215 hoc
1605 1162 1791 1218 habuit

215 1260 343 1309 vita:
373 1256 666 1309 institutum
697 1262 755 1308 ttt
783 1263 1119 1322 permaneret
1143 1252 1283 1321 apud
1322 1251 1551 1307 civitatis
1580 1255 1792 1321 episco-

212 1360 343 1415 pum
373 1347 541 1399 virutn
572 1345 987 1399 sanctissimum.
1035 1345 1126 1397 Est
1155 1351 1332 1397 autem
1363 1342 1495 1399 adeo
1527 1343 1792 1413 benignus

217 1444 278 1489 et
304 1436 633 1497 misericors,
664 1443 721 1488 ut
744 1435 902 1487 etiam
935 1433 1094 1487 urbes
1120 1432 1434 1495 circumeat,
1464 1442 1519 1486 et
1547 1433 1796 1487 miserea-

221 1536 310 1579 tur
349 1540 532 1579 eorum
572 1525 659 1591 qui
692 1524 945 1592 indigent.
988 1521 1036 1577 Is
1064 1536 1168 1574 non
1218 1520 1431 1590 negligit
1476 1522 1792 1589 custodiam,

213 1632 329 1670 non
361 1615 752 1680 nosocominm,
789 1630 892 1668 non
928 1614 1224 1680 ptocbium,
1259 1628 1363 1667 non
1413 1614 1654 1677 divitem,
1688 1630 1794 1669 non

206 1721 536 1777 pauperem;
590 1705 683 1759 sed
729 1708 831 1759 lett
876 1719 1031 1772 opem
1083 1704 1334 1758 omnibus
1368 1705 1547 1772 :apud
1604 1706 1797 1761 dvites

209 1800 454 1868 quidem,
486 1808 542 1850 ut
567 1797 801 1851 immites
821 1805 876 1850 et
906 1794 1375 1857 immisericordes,
1406 1797 1565 1851 verba
1597 1796 1798 1852 faciens

1894 610 2243 679 Evangeliotn
2274 612 2376 667 sub
2395 611 2575 674 axilla,
2601 619 2695 666 aut
2722 610 2787 665 ad
2816 614 2895 665 sui
2922 610 3221 668 lacieudum
3252 616 3464 683 perieu-

1892 699 2025 765 lum,
2060 715 2184 754 num
2216 710 2475 770 perpetuo
2499 701 2617 756 voci
2649 700 2861 757 Domini
2886 700 3147 765 obediret,
3175 714 3264 758 aut
3293 707 3468 773 potius

1889 801 2109 861 gestans
2136 808 2440 849 sermonem
2465 810 2623 863 quem
2665 804 2780 849 erat
2819 809 2982 863 opere
3026 803 3302 850 executus.
3335 797 3466 851 Tam

1897 883 2199 939 admirabili
2233 884 2375 940 enim
2404 888 2510 940 vita
2542 901 2669 941 usus
2697 896 2781 943 est
2815 888 2899 941 hic
2926 889 3025 953 vir,
3056 897 3111 943 et
3144 890 3275 943 citra
3302 892 3466 944 ullnnt

1892 974 2147 1040 dedecus,
2173 985 2233 1031 ut
2255 978 2474 1046 perinde
2497 993 2559 1033 ac
2582 980 2848 1033 terrestris
2873 980 3092 1049 angelus
3125 981 3345 1035 caeleste
3370 982 3471 1035 iter

1896 1064 2133 1133 legitime
2166 1068 2447 1135 peregerit.
2482 1068 2575 1122 llic
2622 1083 2751 1136 ergo
2780 1082 2898 1122 cum
2933 1069 3153 1124 vidisset
3197 1070 3469 1139 reliquias,

1897 1172 1957 1211 se
1986 1158 2233 1227 protinus
2278 1175 2479 1215 exuens
2514 1164 2958 1230 superlmmerali,
3003 1179 3069 1218 eo
3116 1164 3287 1220 induit
3329 1180 3474 1219 mor-

1897 1255 2069 1301 tuum.
2125 1251 2187 1303 lit
2252 1266 2434 1304 rursus
2481 1266 2602 1305 cum
2664 1268 2851 1322 parum
2907 1256 3276 1321 processisset,
3328 1258 3471 1311 nudo

1894 1341 2075 1408 egenti
2108 1342 2366 1404 occurrit,
2403 1350 2457 1395 et
2503 1343 2652 1397 stetit
2684 1345 2820 1412 apud
2868 1360 2926 1399 se
2955 1346 3279 1414 disceptatts,
3312 1358 3367 1403 et
3395 1349 3473 1404 sic

1901 1430 2227 1485 ratiocinans
2253 1447 2266 1483 :
2290 1431 2571 1499 Quomodo
2619 1448 2719 1503 ego
2745 1435 2984 1503 quidem,
3014 1439 3105 1503 qui
3152 1440 3349 1492 mundo
3388 1455 3474 1495 re-

1898 1521 2158 1586 nuntiavi,
2209 1529 2360 1575 veste
2405 1521 2618 1587 induor,
2654 1524 2815 1578 frater
2862 1534 3037 1579 autem
3088 1542 3238 1582 meus
3290 1530 3473 1599 algore

1898 1611 2230 1665 concrescit?
2269 1612 2314 1665 si
2343 1627 2471 1682 cego
2512 1629 2609 1683 ego
2662 1629 2785 1669 eum
2832 1615 3007 1670 sivero
3034 1621 3348 1686 exanimari,
3380 1636 3476 1677 ero

1900 1707 2119 1759 omnino
2145 1721 2303 1760 causa
2344 1707 2534 1761 mortis
2565 1707 2824 1776 proximo.
2858 1708 2993 1776 Quid
3022 1725 3169 1781 ergo,
3202 1727 3475 1771 exuensue

1902 1797 2168 1862 scindam,
2192 1806 2243 1851 et
2271 1806 2472 1866 partem
2501 1798 2838 1865 distribuam,
2870 1814 2935 1853 an
2962 1810 3126 1855 totum
3154 1801 3289 1857 :labo
3312 1803 3364 1859 ei
3384 1804 3477 1874 qui

207 1891 286 1945 de
328 1889 713 1950 misericordia,
760 1886 1045 1953 unicuique
1088 1896 1265 1939 autem
1318 1900 1383 1940 ex
1444 1886 1802 1953 indigentibus
1832 1892 1879 1953 Β
1908 1900 1990 1943 est
2022 1889 2194 1943 factus
2244 1891 2308 1943 ad
2341 1889 2433 1943 Dei
2475 1890 2797 1959 imaginem?
2845 1891 2947 1946 Sed
2973 1891 3099 1960 quid
3146 1893 3274 1948 mihi
3306 1904 3361 1949 et
3400 1894 3480 1952 illi

211 1982 503 2050 providens
523 1995 642 2049 quae
676 1990 803 2033 sunt
833 1981 1157 2045 necessaria,
1201 1994 1296 2034 eos
1320 1980 1409 2048 qui
1441 1988 1677 2047 pugnant
1707 1992 1797 2046 pa-

207 2071 459 2138 cificans,
489 2068 643 2123 nudis
682 2069 1031 2137 suppeditans
1070 2069 1401 2134 indumenta,
1441 2070 1656 2138 argrotis
1684 2083 1800 2122 me-

209 2162 516 2217 dicamenta
545 2162 773 2215 alTerens
800 2161 866 2215 ad
897 2162 1249 2218 curationem.
1272 2160 1423 2225 Quod
1451 2174 1627 2215 auzem
1658 2159 1795 2213 solet

213 2257 336 2310 ﬁeri
376 2253 437 2308 'itt
485 2256 733 2308 omnibus
783 2253 987 2321 magnis
1025 2254 1345 2319 civitatibus,
1390 2253 1441 2306 itt
1482 2265 1545 2304 ea
1587 2264 1800 2320 quoque

213 2346 350 2399 ﬁunt
375 2361 391 2411 ;
422 2346 473 2397 in
498 2346 701 2412 porticu
726 2344 870 2398 enim
900 2342 1141 2399 ecclesiae
1166 2344 1309 2412 jacet
1339 2330 1620 2398 multitudo
1651 2356 1802 2394 man-

218 2453 413 2492 corum
460 2452 523 2491 ac
561 2437 890 2500 mutilorum,
918 2434 1283 2503 quotidianum
1330 2436 1526 2490 victum
1557 2433 1796 2488 emendi-

215 2529 492 2595 cautium;
524 2528 614 2597 qui
657 2528 847 2597 partim
893 2527 1106 2597 quidem
1147 2542 1340 2582 uxores
1378 2542 1485 2581 non
1512 2526 1800 2590 duxerunt,

216 2625 418 2691 partim
442 2635 570 2675 vero
595 2621 754 2674 etiam
810 2621 1095 2673 duxerunt.
1125 2619 1363 2686 Quodam
1395 2632 1523 2687 ergo
1549 2617 1635 2672 die
1662 2617 1806 2670 acci-

217 2715 308 2769 dit
339 2722 395 2767 ut
439 2715 595 2767 unius
625 2712 814 2766 horum
860 2726 992 2763 uxor
1024 2719 1235 2778 pareret
1282 2709 1334 2763 in
1387 2707 1613 2776 porticu,
1652 2716 1706 2761 et
1753 2707 1807 2761 in

220 2809 345 2873 ipsa
368 2806 579 2870 hieme;
604 2819 665 2859 ea
689 2818 817 2872 ergo
848 2806 1112 2856 clamante
1128 2815 1252 2859 cum
1283 2800 1351 2855 ab
1374 2800 1466 2853 illo
1491 2798 1809 2853 intolerabili

223 2901 417 2953 tlolore
466 2905 820 2967 pungeretur,
864 2894 1066 2948 audivit
1123 2893 1211 2947 hic
1266 2892 1456 2946 beatus
1512 2891 1806 2956 ululatum,

166 2996 169 3001 '
223 3005 393 3043 orans
423 2991 475 3042 itt
501 2987 766 3050 ecclesia;
791 2995 846 3039 et
874 2985 1076 3040 relictis
1098 2984 1201 3039 sibi
1236 2982 1509 3038 consuetis
1539 2983 1808 3050 precibus,

232 3095 487 3149 egressus
518 3078 784 3144 respexit;
825 3089 879 3131 et
922 3090 1041 3129 cum
1086 3075 1353 3129 nemiuem
1403 3071 1698 3126 invenisset
1723 3069 1815 3138 qui

234 3173 317 3224 illi
349 3171 561 3224 adesset
599 3169 650 3223 itt
684 3168 784 3221 bac
812 3167 1157 3229 netessitate,
1198 3167 1312 3233 ipse
1343 3164 1552 3218 Iunctus
1588 3171 1672 3216 est
1698 3164 1815 3215 vice

1901 1984 2003 2036 erit
2033 1983 2181 2036 utilis
2216 1997 2341 2051 pars
2370 1997 2490 2051 quas
2520 1982 2823 2037 scinditur?
2869 1982 2937 2038 Et
2968 2000 3089 2038 cum
3135 1985 3273 2055 apud
3316 2000 3376 2042 se
3404 1987 3478 2041 di-

1908 2084 2231 2143 sceptasset.
2260 2075 2429 2129 dixit:
2465 2075 2724 2128 Damnine
2754 2076 2949 2143 aliquid
2983 2077 3261 2143 patiemur,
3286 2077 3331 2132 si
3364 2079 3482 2145 plus

1908 2182 2065 2234 quam
2099 2168 2168 2219 sit
2193 2174 2516 2235 prmceptum
2549 2164 2841 2220 faciamus?
2873 2163 3171 2221 Genet-osus
3188 2166 3367 2236 itaque
3396 2166 3483 2224 bis

1902 2259 2099 2312 athleta
2136 2266 2383 2326 prompto
2411 2262 2467 2311 et
2512 2254 2676 2310 alacri
2708 2257 2885 2310 animo
2916 2268 3071 2311 vocat
3101 2272 3384 2325 pauperem
3428 2260 3485 2317 in

1903 2348 2257 2414 vestibulum;
2307 2357 2508 2403 etcum
2539 2362 2661 2403 eum
2703 2347 3002 2401 dimisisset
3048 2348 3313 2418 indutum,
3340 2350 3487 2405 stetit

1906 2442 2101 2505 nudus,
2129 2454 2190 2494 se
2219 2438 2468 2507 operiens
2492 2436 2759 2505 manibus,
2784 2452 2952 2507 genua
2984 2436 3206 2493 ﬂectens
3233 2447 3287 2494 et
3311 2440 3488 2495 subsi-

1906 2530 2078 2595 dens;
2110 2529 2284 2584 solutn
2337 2528 2541 2582 habens
2588 2527 2690 2581 sub
2737 2528 2898 2582 axilla
2932 2528 3149 2581 verbum
3181 2529 3320 2599 quod
3358 2528 3488 2586 facit

1907 2623 2115 2677 divites.
2151 2621 2275 2691 Ejus
2307 2628 2483 2676 autem
2515 2621 2737 2674 consilio
2766 2627 2821 2675 et
2849 2620 3181 2688 providentia
3213 2621 3484 2676 transiens

1910 2714 2123 2787 quidam
2178 2712 2455 2767 irenarcha
2497 2711 2676 2782 (166),
2721 2713 2935 2780 agnovit
2981 2724 3196 2779 senem;
3252 2720 3306 2765 et
3352 2711 3486 2766 dixit

1915 2809 2156 2874 proximo
2184 2820 2282 2859 suo
2311 2804 2458 2859 socio
2486 2819 2498 2856 :
2527 2804 2752 2871 Respice
2782 2803 2934 2867 illuc;
2967 2817 3072 2856 non
3104 2810 3186 2855 est
3212 2800 3298 2856 hic
3317 2816 3483 2857 senex

1913 2902 2077 2954 abbas
2106 2899 2381 2953 Bisarion?
2404 2896 2535 2953 Cum
2568 2898 2612 2950 is
2633 2906 2809 2951 autem
2838 2896 3062 2949 dixisset
3087 2912 3099 2947 :
3133 2895 3396 2958 Maxime;
3420 2894 3490 2950 de

1918 3005 2054 3059 equo
2100 2989 2434 3044 descendens
2478 2990 2681 3060 rogavit
2720 2996 2986 3049 sanctum,
3031 2986 3249 3041 dicens:
3282 2986 3409 3054 Quis
3439 2995 3493 3041 te

1917 3081 2098 3135 exuit?
2144 3080 2236 3134 Ille
2290 3093 2418 3135 vero
2470 3081 2694 3133 dextera
2747 3075 3072 3145 protendens
3122 3075 3493 3146 Evangelium,

1920 3172 2051 3237 lloc,
2080 3171 2266 3239 inquit,
2309 3184 2393 3224 me
2440 3169 2610 3223 exuit.
2643 3166 2831 3221 Statim
2878 3175 3056 3220 autem
3098 3179 3157 3219 se
3201 3180 3295 3219 sua
3344 3173 3494 3221 veste

229 3259 562 3321 ObSIell‘IciS,
596 3274 700 3312 non
729 3257 1023 3312 abhorrens
1060 3256 1330 3310 fastidium
1362 3255 1504 3324 quod
1529 3253 1813 3321 consequi-
1840 3259 1886 3320 C
1919 3278 2121 3318 exuens
2150 3260 2450 3324 irenarcha,
2488 3258 2777 3327 perfectum
2812 3258 3034 3312 militem
3065 3257 3254 3327 induit,
3282 3267 3336 3312 ει
3367 3270 3492 3325 pro-

233 3367 327 3409 tur
353 3353 603 3409 mulieres
629 3350 924 3420 parientes,
961 3350 1245 3404 mulierum
1276 3347 1739 3403 insenslbilitatem
1763 3343 1813 3399 ei

235 3454 497 3522 largiente
520 3449 623 3503 hac
641 3444 1054 3516 profundissima
1165 3438 1533 3510 eleemosyna.
1632 3435 1813 3508 Atque

235 3545 467 3597 vestium
495 3542 707 3611 quidem
737 3539 929 3608 quibus
956 3546 1037 3591 est
1071 3534 1289 3588 indutus
1327 3534 1557 3601 pretium
1598 3546 1705 3591 non
1734 3538 1817 3584 est

237 3639 403 3690 unius
433 3632 605 3695 oboli;
637 3629 790 3684 cibus
838 3642 1017 3682 autem
1065 3625 1338 3679 contendit
1368 3639 1489 3678 cum
1538 3622 1815 3677 vestibus:

238 3727 423 3780 Lbello
453 3737 638 3779 autem
682 3737 785 3776 non
814 3721 1049 3775 sustinet
1088 3718 1420 3781 incumbere,
1447 3732 1476 3768 a
1504 3715 1820 3770 lectionibus

240 3837 372 3873 cum
408 3819 705 3873 alwducettte
733 3814 1039 3871 clementia.
1079 3812 1134 3867 Si
1165 3812 1283 3878 quis
1311 3825 1375 3865 ex
1412 3808 1661 3863 fratribus
1684 3810 1730 3861 ei
1760 3808 1821 3860 li-

240 3912 404 3969 Isrutn
446 3910 747 3974 donaverit,
794 3923 917 3962 eum
976 3906 1153 3960 statim
1196 3903 1398 3967 vendit,
1448 3908 1503 3954 et
1553 3899 1825 3953 distribuit

241 4006 587 4073 pauperibus.
639 4002 707 4056 lis
733 4010 909 4055 autem
941 4000 1029 4067 qui
1074 3996 1518 4051 sciscitabantur:
1548 3992 1658 4046 Cur
1710 3992 1824 4044 haec

242 4094 471 4152 v'endis?
503 4094 713 4147 dicebat
737 4110 749 4145 :
774 4091 874 4158 Qui
906 4104 1125 4158 possum
1152 4102 1272 4140 meo
1304 4084 1625 4155 persuadere
1658 4081 1824 4149 magi-

237 4198 361 4240 stro
384 4201 468 4240 me
490 4186 604 4250 ejus
628 4195 801 4238 artem
848 4195 1098 4236 accurate
1137 4178 1410 4240 didicisse,
1457 4175 1558 4229 nisi
1589 4174 1682 4227 illo
1706 4172 1824 4241 ipso

240 4294 379 4333 usus
421 4278 568 4330 luero
611 4275 675 4329 ad
714 4284 884 4328 artem
927 4279 1076 4327 recte
1119 4265 1551 4325 exercettdam‘?
1584 4264 1679 4317 llic
1726 4265 1824 4315 im-

240 4369 497 4425 mortalis
526 4384 646 4423 cum
671 4368 723 4421 in
755 4367 853 4419 hac
881 4365 1089 4419 actione
1120 4362 1394 4428 hucusque
1422 4357 1819 4427 permansisset,

243 4471 509 4532 perpetuo
530 4461 831 4530 germinans
855 4457 1129 4512 memoria:
1147 4469 1340 4508 nomen
1373 4452 1585 4520 reliquit
1612 4451 1687 4504 illi
1705 4465 1827 4519 qua:

239 4565 335 4610 est
364 4555 704 4609 circumcirca
755 4550 978 4620 regioni.
1032 4550 1145 4617 Ipse
1176 4548 1358 4601 lruens
1401 4555 1605 4599 aeterno
1633 4542 1825 4613 gaudio

1920 3359 2060 3410 tinus
2088 3364 2299 3420 gestans
2328 3351 2488 3407 veluti
2516 3349 2797 3420 quamdam
2825 3363 3041 3419 parvam
3078 3356 3281 3403 vestem
3309 3361 3497 3403 mona-

1919 3445 2163 3505 chorum,
2196 3458 2224 3495 a
2256 3440 2454 3495 mundo
2483 3440 2654 3494 latens
2683 3440 2942 3503 recessit;
2971 3436 3245 3493 declinans
3283 3437 3495 3492 laudem

1920 3534 2038 3604 ejus
2066 3535 2153 3603 qui
2183 3548 2333 3587 suum
2367 3532 2584 3587 vidisset
2611 3531 2733 3585 vitae
2772 3530 3096 3592 institutum,
3126 3544 3248 3585 eum
3279 3529 3367 3598 qui
3412 3538 3497 3586 est

1922 3629 1988 3681 ab
2020 3627 2231 3680 occulto
2282 3625 2540 3679 honorem
2592 3623 2816 3678 celando
2862 3631 3202 3692 exspectans.
3242 3623 3338 3677 Hic
3382 3625 3496 3690 ipse

1925 3729 2201 3788 postquam
2228 3732 2386 3771 omne
2426 3727 2749 3784 praeceptum
2782 3714 3151 3786 evangelicum
3182 3725 3327 3769 recte
3355 3722 3497 3772 esset

1924 3815 2227 3873 exsecutus,
2258 3820 2376 3859 cum
2410 3805 2542 3858 nihil
2583 3805 2740 3874 hujus
2789 3805 2971 3858 tttundi
3001 3803 3228 3871 amplius
3274 3803 3497 3860 haberet

1924 3900 1975 3954 itt
2004 3900 2203 3963 animo,
2234 3896 2297 3949 ad
2325 3895 2625 3950 divinorum
2655 3896 2915 3949 dictorum
2946 3895 3311 3962 perfectiorem
3343 3910 3499 3952 exse-

1923 3991 2207 4050 cutiOuem,
2240 4002 2360 4041 cum
2391 3987 2443 4040 in
2472 3986 2698 4039 transitu
2731 3985 2948 4039 vidisset
2978 4000 3286 4053 pauperem,
3333 4000 3494 4043 cursu

1927 4084 1976 4135 in
2012 4080 2185 4134 forum
2217 4076 2495 4133 contendit
2522 4093 2537 4130 :
2562 4075 2651 4131 ubi
2699 4090 2819 4130 cum
2856 4076 3123 4144 paulisper
3149 4076 3499 4143 constttisset,

1924 4171 2165 4227 vendidit
2205 4168 2574 4236 Evangelium.
2610 4167 2800 4221 Paucis
2830 4166 2989 4235 igitur
3018 4174 3134 4234 post
3155 4167 3363 4233 diebus,
3409 4171 3499 4237 qui

1924 4284 2041 4322 cum
2072 4281 2136 4320 eo
2159 4273 2274 4319 erat
2297 4258 2501 4316 abbatis
2527 4244 2840 4328 discipulus,
2878 4259 3035 4311 Dulas
3068 4263 3304 4327 nomine,
3338 4274 3498 4329 roga-

1898 4359 1998 4411 vit
2036 4372 2238 4418 senem,
2272 4353 2492 4407 dicens:
2524 4351 2657 4418 Quid
2689 4365 2851 4416 parvo
2884 4350 3064 4403 libello
3093 4351 3289 4403 tactum
3324 4359 3429 4413 est,
3467 4367 3500 4401 o
3560 4398 3563 4399 ν

1925 4449 2098 4503 abba?
2126 4447 2221 4501 Cui
2246 4460 2407 4499 senex
2439 4442 2643 4511 placide
2667 4440 2883 4495 verbum
2910 4440 3183 4507 pulchrum
3211 4439 3500 4494 admodum
3574 4480 3593 4486 -

1926 4548 1980 4594 et
2007 4537 2161 4593 valde
2185 4538 2374 4590 scitum
2405 4542 2486 4587 est
2531 4535 2759 4596 locutus,
2813 4531 2889 4585 sic
2934 4531 3117 4583 dicens
3143 4547 3157 4584 :
3181 4530 3257 4585 Ne
3289 4532 3501 4585 tristitia

240 4646 304 4699 in
352 4660 514 4713 regno
562 4644 839 4708 emtorem,
886 4639 1152 4708 recipiens
1201 4637 1359 4706 digna
1386 4636 1603 4705 praemia
1652 4634 1823 4690 beatis
1854 4642 1901 4701 ι)
1928 4630 2195 4692 alﬁeiaris,
2225 4642 2258 4681 ο
2287 4627 2482 4691 frater;
2516 4640 2636 4677 nam
2673 4635 2730 4677 ut
2762 4624 2874 4677 illic
2905 4624 3195 4676 habeamus
3229 4622 3500 4688 ﬁduciam,

240 4739 526 4793 laboribus
554 4754 567 4789 :
592 4746 644 4789 et
663 4735 754 4805 qui
777 4735 1073 4789 esurientes
1100 4730 1186 4785 hic
1224 4731 1431 4795 nutriit,
1460 4739 1512 4784 et
1542 4730 1698 4783 nudis
1730 4730 1826 4783 de-

236 4830 328 4883 αιι
351 4828 687 4887 vestimenta,
718 4840 858 4879 nune
879 4824 1017 4895 apud
1047 4823 1308 4877 bonorum
1337 4834 1559 4891 operum
1584 4834 1825 4876 remune-

235 4935 480 4975 ratoretu
506 4918 699 4973 t‘t-uitur
721 4931 880 4972 omne
909 4930 1077 4981 genus
1107 4912 1334 4967 deliciis.

586 5006 589 5009 λ
806 5004 1031 5060 CAPUT
1070 5003 1253 5059 CXVI.

605 5100 727 5153 Vita
755 5099 947 5152 abbatis
976 5096 1258 5150 Bisart‘onis
1288 5096 1464 5163 (165).

320 5192 439 5247 Fuit
466 5193 678 5262 quidam
715 5206 898 5252 senex,
930 5189 1354 5258 possessionibus
1383 5202 1599 5251 carens,
1632 5198 1687 5242 et
1716 5185 1822 5239 mi-

237 5287 502 5348 sericors,
535 5284 751 5338 nomine
774 5283 1037 5336 llisarion.
1069 5280 1116 5334 Is
1145 5294 1265 5333 cum
1288 5277 1520 5332 venisset
1551 5277 1603 5330 in
1630 5291 1821 5344 quem-

237 5380 370 5430 datn
419 5378 616 5440 vicum,
665 5376 797 5428 vidit
838 5372 1139 5429 mendicum
1190 5370 1391 5424 nudum
1440 5370 1491 5423 in
1524 5373 1637 5422 l'oro
1677 5382 1823 5422 mor-

240 5478 421 5531 tuum,
464 5482 621 5521 unam
670 5468 887 5536 quidem
937 5471 1113 5525 terens
1167 5463 1398 5516 tunicam
1441 5462 1820 5515 convenienter

238 5557 569 5627 evangelica:
612 5555 913 5619 traditioni,
961 5564 1016 5608 et
1061 5567 1285 5623 parvum
1343 5552 1820 5620 superhumerale;

240 5649 382 5703 nihil
409 5650 551 5704 enim
584 5648 892 5720 possidebat
920 5657 1112 5716 praeter
1142 5645 1242 5701 huc
1278 5643 1637 5700 necessarium
1674 5653 1823 5713 tegu-

1934 4731 2151 4792 propter
2193 4716 2551 4773 obedientiam
2596 4713 2807 4769 vendidi
2840 4715 3008 4781 ipsum
3057 4726 3379 4775 sermonem,
3412 4713 3500 4782 qui

1931 4815 2060 4867 tttihi
2089 4825 2300 4878 semper
2326 4808 2575 4862 dicebat:
2607 4805 2788 4860 Vende
2817 4818 2933 4873 quae
2968 4807 3152 4871 habes,
3185 4813 3238 4857 et
3266 4804 3331 4857 da
3370 4819 3501 4874 pau-

1930 4908 2146 4977 peribus
2169 4904 2361 4975 (Marc.
2389 4915 2450 4965 x;
2482 4898 2635 4952 Lacte
2664 4899 2841 4967 xvttt).
2864 4897 2998 4950 Sunt
3019 4906 3191 4950 autem
3215 4897 3335 4951 alia:
3363 4912 3501 4966 quu-

1925 5014 2033 5070 que
2061 5012 2146 5052 res
2175 4995 2414 5065 plurima:
2434 5007 2501 5046 ex
2523 4991 2714 5044 virtute
2740 4997 2903 5059 gestae
2927 4988 3081 5056 hujus
3105 4990 3279 5058 magni
3305 4989 3500 5050 Patri.»

1929 5107 2050 5149 cum
2081 5104 2186 5159 quo
2217 5101 2313 5140 nos
2338 5098 2548 5155 quoque
2565 5082 2712 5153 digni
2734 5081 3024 5136 habeamur
3044 5076 3241 5136 habere
3270 5091 3498 5156 partem,

1929 5185 2096 5257 gratia
2124 5181 2346 5237 Christi.
2381 5183 2572 5235 Amen.

2476 5266 2703 5322 CAPUT
2741 5264 2946 5320 CXVII.

2331 5360 2445 5414 Vita
2472 5360 2629 5414 beata:
2665 5357 2908 5413 Melania
2932 5355 3104 5431 (I67).

2000 5457 2363 5515 Necessarium
2386 5463 2562 5509 autem
2593 5452 2913 5517 existimavi,
2949 5452 3180 5505 virilium
3210 5464 3422 5521 quoque
3441 5458 3499 5507 et

1932 5551 2277 5605 honestarum
2316 5544 2598 5599 mulierum
2629 5540 2937 5595 meminisse
2985 5541 3036 5594 in
3069 5540 3168 5594 hoc
3197 5540 3353 5607 libro,
3381 5540 3499 5610 qui.

1929 5640 2029 5696 bus
2062 5639 2201 5694 Deus
2242 5634 2466 5705 aequalia
2512 5630 2728 5687 donavit
2760 5630 2976 5701 prtemia
3008 5629 3137 5685 viris
3183 5630 3271 5701 qui
3300 5644 3365 5686 ex
3396 5632 3501 5686 vir-

324 5780 550 5838 ‘Sintile
575 5782 773 5840 dictum
822 5795 938 5852 cap.
990 5793 1141 5849 seq.;
1171 5786 1222 5836 et
1268 5792 1412 5849 sup..
1444 5775 1583 5849 apud
1615 5775 1831 5848 Pelag,
1879 5775 2023 5834 tibel.
2064 5788 2143 5843 νι,
2198 5781 2343 5825 num.
2395 5768 2467 5838 5;
2498 5764 2673 5837 Rom,
2724 5764 2761 5822 l.
2794 5776 2887 5833 ttt,
2939 5778 3085 5821 num.
3139 5761 3239 5833 70,
3288 5763 3500 5821 nouiltts

245 5850 569 5924 Serapionis.
