4040 6582
2058 390 2375 446 PALLADII
3724 379 3851 432 ίὲξι

580 532 696 581 tute
740 520 902 577 vitam
933 531 1112 588 egere,
1151 524 1205 570 et
1232 513 1366 583 ipsis
1413 510 1646 569 reddidit
1684 519 1939 566 coronam
1969 520 2154 561 eorum
2186 508 2232 563 A
2260 514 2345 561 est
2372 506 2426 559 in
2459 502 2781 569 Jerusalem,
2804 503 3008 558 habens
3036 499 3366 558 cotiventum
3400 500 3675 571 virginum
3706 515 3851 566 quia»

583 612 675 685 qui
705 612 805 682 ipsi
848 611 1176 679 placuerunt,
1210 620 1277 661 ne
1305 604 1491 658 molles
1520 610 1827 669 teneraeque
1864 596 2156 654 reddantur
2259 595 2537 667 quaginta.

583 682 706 772 qua:
750 710 877 755 sunt
903 696 1262 760 socordiores,
1292 703 1347 749 et
1374 698 1689 762 prmtextum
1719 694 1958 759 quaerant
1986 695 2037 742 et
2064 701 2156 740 ex-

2328 685 2459 740 Cum
2500 701 2602 756 qua
2641 685 2772 739 vixit
2816 686 2979 741 etiam
3022 684 3389 739 nobilissimus
3415 693 3470 738 et
3501 682 3753 737 moribus
3778 686 3847 739 si—

582 793 937 853 cusationem,
966 796 1214 855 tanquam
1242 798 1361 852 qua:
1388 782 1497 835 sint
1530 778 1909 834 imbecilliores
1934 776 2001 831 ad
2032 790 2155 829 cer-
2258 778 2513 832 millimus
2554 786 2607 831 et
2635 776 2963 829 fortissimus
2992 774 3237 828 Bullinus
3264 790 3329 827 ex
3356 774 3606 842 Aquileia
3636 774 3849 827 civitate

585 884 783 939 Limina
816 877 1047 937 virtutis,
1077 882 1129 927 et
1158 871 1221 926 ad
1247 871 1525 926 honestam
1556 870 1715 922 vitam
1743 866 2023 937 agendam.
2057 865 2155 918 At-
2257 870 2443 936 Italiae,
2472 869 2565 939 qui
2611 876 2797 937 postea
2841 867 3033 937 dignus
3069 876 3153 922 est
3192 866 3407 921 habitus
3449 866 3847 934 presbyterm,

583 990 687 1045 que
714 973 911 1029 multas
938 967 1151 1038 quidem
1180 965 1286 1019 vidi
1317 965 1431 1033 pias
1460 976 1523 1016 ac
1562 959 1859 1030 religiosas,
1902 966 1957 1011 et
1986 953 2155 1025 pluri—
2257 974 2364 1028 quo
2391 974 2498 1013 non
2528 966 2613 1013 est
2637 959 2889 1011 inventus
2934 960 3073 1012 inter
3112 956 3357 1010 homines
3387 970 3490 1010 nec
3520 955 3671 1008 docti
3714 970 3741 1007 r
3767 970 3849 1007 nec

584 1044 698 1124 mas
721 1065 932 1121 virtutis
960 1076 1087 1130 ergo
1112 1057 1336 1115 conveni
1359 1064 1414 1110 et
1443 1053 1672 1123 virgines
1688 1061 1740 1104 et
1762 1050 1949 1105 viduas
1974 1065 1989 1113 ;
2018 1048 2156 1101 inter
2258 1051 2458 1105 mitior.
2506 1048 2706 1117 Viginti
2746 1058 2924 1101 autem
2962 1056 3015 1101 et
3046 1057 3253 1115 septem
3305 1047 3461 1100 annis
3508 1044 3850 1112 excipiebant

583 1174 715 1231 quas
760 1166 874 1211 erat
900 1155 1061 1209 etiam
1119 1147 1421 1204 beatissima
1452 1144 1671 1199 Melania
1719 1136 2153 1211 Romana(l68),
2258 1158 2353 1200 eos
2378 1144 2467 1212 qui
2498 1142 2788 1196 veniebant
2815 1139 3147 1208 Jerosolyma
3180 1139 3290 1192 voti
3337 1153 3526 1202 causa,
3557 1147 3613 1190 et
3652 1136 3847 1203 episca-

587 1227 706 1321 que
735 1247 833 1302 fuit
861 1244 1074 1314 quidem
1108 1240 1214 1293 filia
1246 1236 1479 1292 Marcelli
1506 1232 1799 1289 consularis
1822 1228 1991 1301 (169),
2022 1241 2157 1321 uxor
2261 1251 2377 1305 pos,
2401 1245 2457 1289 et
2484 1234 2872 1295 monachos,et
2900 1231 3134 1299 virgines
3158 1238 3213 1283 et
3242 1230 3598 1282 matrimonio
3613 1227 3847 1321 junctus,

585 1316 859 1411 cujusdam
888 1334 986 1388 viri
1016 1331 1105 1402 qui
1134 1339 1250 1385 erat
1294 1328 1347 1382 in
1399 1339 1588 1394 magna
1625 1324 1959 1388 auctoritate,
2004 1317 2156 1411 cujus

2286 1334 2313 1378 τι
2335 1324 2573 1379 illustres
2603 1334 2655 1377 et
2690 1322 2909 1389 privata:
2953 1319 3291 1384 conditionis,
3325 1327 3380 1372 et
3415 1332 3615 1371 omnes
3642 1318 3737 1385 qui
3767 1316 3847 1370 ad-

584 1408 819 1486 nominis
847 1439 952 1481 DOII
998 1429 1143 1477 recte
1189 1416 1430 1473 memini.
1474 1414 1600 1468 [Ich
1627 1428 1747 1468 cum
1793 1419 1935 1465 esset
1976 1408 2152 1475 vidua,
2259 1417 2568 1480 Venulum.
2600 1415 2711 1469 suis
2744 1413 2992 1467 fovebant
3029 1412 3307 1480 expensis.
3336 1410 3613 1464 ιυγεηιιη
3642 1423 3849 1477 quoque

586 1536 752 1595 agens
802 1533 1000 1574 annum
1049 1514 1364 1583 vigesimum
1415 1506 1707 1562 secundum
1750 1502 1923 1573 (170),
1975 1500 2156 1595 divino
2260 1508 2492 1564 δοιιιεηη
2548 1502 2701 1575 (ηδ)
2748 1503 2891 1571 quod
2941 1502 3221 1556 ριυιεηηω
3260 1503 3613 1567 mnum“
3646 1505 3851 1556 arma

591 1593 774 1671 amore
799 1612 955 1681 digna
988 1608 1080 1663 fuit
1108 1604 1282 1660 habita
1310 1619 1324 1668 ;
1354 1609 1410 1656 et
1438 1598 1636 1654 nemini
1658 1597 1944 1666 quidquam
1973 1593 2156 1647 dicens
2259 1601 2765 1671 quadringentorum
2812 1595 3048 1649 virorum
3091 1598 3252 1648 vitam
3304 1596 3669 1648 monasticam
3702 1607 3851 1660 agea-

587 1705 991 1780 (probibebatur
1017 1700 1157 1753 enim
1208 1697 1272 1750 iis
1303 1692 1651 1761 temporibus.
1697 1688 1921 1780 Valente
1948 1697 2158 1742 tenente
2262 1692 2426 1757 tium;
2455 1698 2509 1745 et
2528 1702 2743 1780 omnem
2765 1686 3072 1780 haereticum
3100 1700 3167 1740 ex
3203 1683 3851 1780 Pneumatomacbis,buc

587 1776 898 1869 imperim)
934 1804 1055 1845 cum
1081 1793 1319 1840 curasset
1342 1782 1415 1836 ‘ut
1446 1781 1541 1835 lilii
1581 1780 1665 1835 sui
1691 1779 2051 1869 nominaretur
2074 1784 2158 1829 tu-

2286 1791 2345 1835 :st
2371 1796 2438 1837 ex
2468 1780 2534 1835 iis
2581 1780 2670 1847 qui
2710 1778 2913 1834 bellum
2943 1786 3138 1847 gerunt
3175 1776 3438 1832 adversus
3466 1785 3717 1829 sanctum
3746 1776 3850 1845 Spi-

592 402 729 457 ηὶὸ

584 1900 691 1958 tor,
722 1890 835 1958 ipsa
864 1883 1094 1952 acceptis
1122 1877 1234 1934 suis
1268 1872 1573 1937 mobilibus,

582 1985 799 2056 injectis
826 1996 944 2036 cum
976 1977 1176 2045 aliquot
1205 1966 1417 2024 famulis
1457 1975 1510 2019 et
1536 1962 1765 2024 ancillis,
1796 1974 1961 2056 cursu
1987 1957 2157 2056 havi-

583 2049 728 2150 gavit
755 2068 1131 2130 Alexandriam
1159 2072 1249 2129 ;et
1268 2076 1387 2116 cum
1417 2058 1525 2113 illic
1552 2069 1638 2111 res
1664 2067 1788 2107 suas
1807 2049 2159 2144 vendidisset,

589 2148 646 2223 et
694 2169 747 2222 in
789 2177 975 2218 aurum
1004 2159 1264 2213 minutum
1313 2148 1687 2211 convertisset,
1718 2148 1956 2213 ingressa
2003 2149 2084 2194 est
2114 2153 2166 2191 in

590 2267 830 2315 nontem
858 2252 1059 2313 Nitriae,
1093 2254 1305 2300 sanctos
1337 2241 1519 2294 Patres
1549 2234 1898 2298 conveniens,
1942 2229 2164 2297 Pambo,

591 2344 935 2402 ctArsisiutu
962 2334 1135 2409 (fit),
1182 2341 1237 2386 et
1281 2329 1630 2397 Serapionem
1662 2336 1933 2416 magnum,
1980 2328 2034 2373 et
2064 2317 2163 2416 Pa-

594 2435 874 2505 phnutium
918 2427 1228 2487 Scetiotem,
1265 2426 1319 2470 ct
1364 2418 1618 2471 lsidorum
1647 2412 2010 2468 confessorem
2056 2412 2169 2473 epi-

594 2538 814 2593 scOpum
849 2516 1191 2586 llertuipolis,
1242 2523 1298 2569 et
1352 2513 1697 2570 Dioscurum;
1730 2514 1799 2598 _et
1830 2507 2039 2598 versata
2088 2506 2170 2598 est

595 2587 735 2685 apud
761 2626 856 2667 eos
883 2608 1094 2663 circiter
1124 2620 1321 2660 annum
1346 2599 1646 2661 dimidium,
1693 2593 1883 2648 obiens
1926 2587 2169 2644 solitudi-

599 2720 745 2767 nem,
776 2711 831 2758 et
856 2700 1039 2754 videns
1066 2710 1254 2752 omnes
1281 2702 1517 2750 sanctos.
1539 2690 1670 2743 Post
1699 2687 1813 2740 haec
1842 2691 2018 2737 autem
2047 2694 2168 2733 cum

601 2792 907 2865 Augustalis
934 2787 1269 2843 Alexandriae
1298 2784 1586 2853 relegasset
1617 2777 1897 2840 lsidorum,
1926 2782 1980 2865 et
2010 2770 2173 2865 Pissi-

600 2863 791 2951 mium,
810 2894 863 2939 et
880 2879 1199 2949 Adelphium
1220 2876 1396 2947 (ιη),
1411 2884 1464 2929 et
1486 2871 1860 2941 Paphnutiuut,
1874 2875 1927 2922 et
1946 2863 2168 2930 Pantho,

604 2984 661 3031 et
686 2977 825 3029 inter
849 2987 941 3027 eos
989 2972 1150 3025 etiam
1180 2966 1517 3023 Ammonium
1551 2959 1820 3017 Parotium
1868 2972 1963 3014 seu
2012 2971 2171 3012 unam

608 3065 892 3121 habentem
909 3060 1219 3123 auriculam,
1247 3067 1300 3112 et
1328 3054 1607 3111 duodecim
1630 3051 1928 3122 episcopos,
1947 3056 2001 3103 et
2028 3061 2175 3117 pres-

608 3155 828 3225 byteros
867 3161 920 3207 et
948 3150 1210 3213 clericos,
1250 3156 1307 3202 et
1334 3145 1705 3209 anachoretas,
1739 3150 1797 3195 ut
1838 3148 2019 3196 essent
2059 3153 2175 3193 om-

1686 1876 1743 1923 et
1811 1863 1870 1917 in
1961 1874 2155 1918 navem
2186 1870 2234 1931 B
2263 1872 2444 1937 ritum,
2498 1885 2812 1941 persuasum
2859 1869 3276 1924 introduxerunt
3321 1871 3375 1923 in
3428 1869 3849 1931 Ecclesiam;et

2265 1964 2467 2019 clerum
2498 1962 2588 2033 qui
2618 1972 2736 2018 erat
2764 1963 2816 2017 in
2849 1977 2914 2017 eo
2940 1961 3079 2027 loco,
3112 1973 3164 2016 et
3195 1963 3350 2017 donis
3380 1974 3439 2018 et
3467 1964 3745 2016 alimentis
3772 1962 3849 2014 ho-

2267 2066 2542 2122 norantes,
2566 2055 2645 2111 sic
2670 2057 2833 2110 vitam
2863 2064 3261 2124 transegerunt,
3282 2058 3563 2109 neminem
3593 2053 3850 2108 oﬂ'endea—

2268 2155 2369 2213 tes,
2404 2147 2495 2202 sed
2542 2161 2755 2202 omnem
2790 2146 3175 2216 propemodum
3225 2148 3417 2201 orbem
3468 2156 3639 2201 terra
3682 2160 3851 2213 jum-

2274 2252 2377 2296 tes.

2340 2334 2515 2400 Atque
2559 2331 2627 2387 de
2677 2331 2978 2386 admirabili
3031 2330 3246 2399 quidem
3301 2339 3359 2386 et
3407 2336 3607 2385 sancta
3652 2329 3857 2385 muliere

2273 2424 2499 2478 Melania
2527 2423 2774 2490 superius
2803 2423 3019 2492 quidem
3052 2423 3264 2477 narravi
3288 2419 3624 2491 attingenda
3653 2420 3856 2483 leviter;

2274 2514 2444 2567 nihilo
2472 2514 2645 2568 secius
2677 2522 2856 2568 autem
2888 2512 3112 2581 reliqua,
3141 2513 3227 2567 vel
3257 2512 3438 2581 potius
3466 2526 3531 2566 ea
3568 2526 3693 2578 qu:
3723 2521 3857 2563 teneo

2272 2607 2525 2660 memoria
2549 2604 2616 2659 de
2637 2604 2753 2674 ejus
2778 2603 3087 2665 virtutibus.
3106 2604 3355 2657 adtexam
3378 2600 3663 2665 oratione,
3687 2614 3856 2667 nempe

2273 2695 2685 2749 iuenarrabilem
2716 2694 3135 2763 religiosissima:
3157 2693 3401 2747 mulieris
3424 2692 3855 2756 beneﬁcentia,

2275 2799 2370 2853 per
2406 2800 2563 2854 quam
2606 2799 2727 2839 cum
2776 2783 2991 2839 beatum
3038 2784 3460 2855 incorruptionis
3491 2784 3856 2838 indumentum

2274 2874 2388 2931 suis
2415 2873 2673 2929 texuisset
2719 2873 3020 2938 laboribus,
3049 2883 3103 2927 et
3128 2887 3250 2943 quae
3276 2888 3384 2928 non
3420 2880 3617 2942 potest
3646 2887 3857 2927 marces-

2275 2980 2400 3020 cere
2430 2964 2617 3034 gloriae
2642 2978 2922 3031 coronam,
2949 2964 3060 3018 suis
3090 2964 3353 3032 pecuniis,
3386 2966 3622 3033 proprio
3663 2979 3760 3018 suo
3783 2978 3859 3018 ca-

2274 3052 2371 3123 piti
2399 3052 2651 3108 fabricata
2699 3063 2846 3109 esset
2899 3063 2952 3108 et
2984 3051 3263 3119 induisset,
3296 3067 3420 3107 cum
3474 3054 3654 3107 multa
3687 3054 3855 3106 ﬁducia

2278 3144 2406 3199 hinc
2454 3146 2686 3200 excessit
2734 3147 2800 3199 ad
2852 3144 3156 3202 Dominum.
3204 3145 3286 3199 Ile
3332 3159 3472 3214 ergo
3523 3144 3856 3213 incipientem

607 3259 705 3300 nes
734 3255 957 3299 numero
982 3247 1197 3296 centum
1227 3238 1415 3308 viginti
1444 3251 1559 3302 sex,
1591 3234 1646 3289 in
1673 3234 2009 3289 Palaestinam
2032 3231 2175 3286 circa
2205 3238 2250 3300 C
2283 3251 2502 3291 narrare
2528 3236 2784 3306 praclara
2812 3235 2975 3306 hujus
3002 3238 3168 3291 beatae
3192 3236 3453 3301 facinora,
3476 3237 3524 3289 si
3549 3237 3685 3289 volo
3704 3236 3858 3290 dicere

608 3335 1020 3397 Diocaesaream,
1050 3330 1166 3400 ipsa
1213 3342 1305 3385 eos
1352 3337 1434 3384 est
1462 3334 1665 3390 secuta,
1697 3324 1774 3379 eis
1801 3338 1867 3379 ex
1914 3324 2025 3378 suis
2056 3338 2180 3393 pro-

611 3425 746 3495 priis
770 3423 1010 3495 pecuniis
1040 3420 1477 3484 subministrans,
1507 3417 1559 3472 in
1584 3417 1991 3472 necessitatibus
2037 3431 2184 3470 sum-

620 3525 803 3584 ptuum
833 3521 992 3581 atque
1016 3509 1263 3566 omnibus
1291 3507 1656 3577 suppeditans.
1691 3503 1821 3559 Cum
1851 3514 2027 3558 autem
2060 3517 2184 3572 pro-

612 3603 926 3660 hiberentur
953 3600 1203 3666 ministri,
1233 3607 1291 3654 ut
1319 3598 1607 3653 narrabant
1636 3596 2011 3666 (conveneram
2042 3596 2183 3650 enim

612 3706 856 3753 sanctum
908 3695 1230 3758 Pissimium,
1282 3691 1564 3756 lsidorum,
1609 3698 1663 3744 et
1710 3687 2088 3757 Paphuutium,
2133 3695 2189 3742 et

614 3787 1005 3857 Atnmonium),
1041 3786 1154 3840 hazc
1184 3784 1337 3839 fortis
1360 3784 1549 3838 mulier
1578 3782 1761 3837 induta
1806 3781 1987 3837 servili
2036 3796 2187 3836 cara-

613 3880 750 3935 calla
779 3880 955 3949 (I73),
985 3892 1206 3946 vespere
1231 3877 1312 3931 eis
1341 3876 1544 3931 ferebat
1568 3892 1685 3945 qua:
1711 3884 1864 3931 erant
1909 3874 1976 3930 ad
2027 3889 2180 3929 usum

616 3971 940 4028 necessaria.
992 3969 1125 4025 Cum
1177 3978 1355 4024 autem
1404 3970 1456 4023 id
1507 3968 1844 4039 cognovisset
1892 3969 2189 4024 consularis

612 4064 936 4130 Palmstinte,
982 4069 1037 4117 et
1063 4061 1222 4116 vellet
1254 4060 1428 4116 sinum
1484 4075 1639 4115 suum
1681 4060 1925 4130 implere,
1958 4061 2192 4131 speravit

616 4157 733 4210 fore
758 4163 814 4209 ut
842 4167 959 4209 eam
990 4160 1216 4208 terreret
1244 4149 1431 4223 (174);
1463 4165 1686 4219 eamque
1716 4159 1977 4205 retentam
2007 4150 2191 4222 conje-

616 4244 690 4298 cit
734 4244 788 4298 in
814 4256 1108 4307 carcerem,
1139 4242 1391 4312 ignorans
1418 4240 1535 4310 ejus
1574 4240 1892 4295 libertatem.
1924 4241 2050 4297 Htec
2094 4257 2189 4297 au-

615 4344 723 4387 tem
754 4333 1109 4405 signiﬁcatei,
1140 4332 1323 4386 dierns
1348 4348 1363 4385 :
1391 4330 1502 4401 Ego
1533 4331 1674 4385 illius
1712 4331 1925 4401 quidem
1950 4330 2026 4388 fui
2058 4333 2188 4400 filia,

619 4424 777 4493 hujus
802 4440 928 4481 vero
959 4440 1092 4479 uxor
1115 4424 1207 4493 qui
1236 4424 1289 4478 in
1313 4434 1452 4478 terra
1484 4423 1577 4478 fuit
1604 4440 1801 4495 genere
1827 4427 2021 4492 clarus,
2048 4439 2191 4483 nunc

617 4526 795 4572 autem
820 4533 936 4573 sum
964 4515 1161 4571 Christi
1190 4516 1402 4570 ancilla.
1432 4515 1615 4585 Neque
1641 4532 1815 4571 meum
1844 4518 1998 4573 vilem
2033 4520 2187 4575 habi-

2284 3343 2405 3399 qute
2433 3330 2564 3390 scio,
2598 3336 2807 3395 tempus
2839 3327 3107 3383 deﬁcient.
3160 3327 3425 3394 Quantam
3466 3328 3693 3398 quidem
3720 3345 3857 3396 opaci

2283 3420 2563 3473 materiam
2588 3434 2648 3473 ea
2670 3420 2998 3486 consumpsit
3029 3419 3082 3472 in
3109 3428 3351 3487 egentes,
3376 3421 3598 3475 caelesti
3629 3431 3858 3489 correpta

2284 3512 2573 3578 desiderio,
2603 3528 2705 3567 non
2750 3513 2981 3567 arbitror
3009 3513 3278 3568 ﬂammam
3312 3514 3490 3584 ignis,
3523 3517 3574 3570 si
3608 3518 3663 3569 in
3691 3518 3857 3585 copio-

2286 3620 2397 3659 sam
2431 3605 2676 3661 inciderit
2708 3606 2987 3661 materiam
3010 3646 3023 3669 ,
3058 3615 3259 3659 tantam
3288 3621 3452 3676 posse
3481 3623 3737 3662 exurere.
3768 3608 3857 3661 llos

2285 3712 2463 3758 autem
2494 3717 2598 3759 non
2627 3711 2711 3759 est
2756 3718 2931 3755 meum
2976 3701 3145 3755 solum
3179 3716 3430 3768 narrare,
3463 3704 3561 3757 sed
3595 3704 3759 3757 etiam
3782 3716 3856 3756 eo-

2288 3809 2405 3849 rum
2429 3794 2516 3863 qui
2550 3791 2821 3848 Persidem
2852 3802 2907 3847 et
2936 3792 3282 3857 Britanniam,
3316 3801 3371 3847 et
3401 3808 3606 3847 omnes
3638 3793 3854 3847 habitant

2290 3884 2509 3939 insulas.
2539 3883 2922 3939 Beneficiorum
2962 3884 3102 3937 enim
3130 3892 3183 3937 et
3211 3882 3562 3953 largitionum
3599 3883 3758 3951 hujus
3778 3886 3853 3936 im-

2291 3974 2532 4028 mortalis
2581 3973 2797 4028 feminae
2842 3987 2949 4028 non
3003 3973 3298 4039 Occidens,
3333 3988 3437 4027 non
3498 3974 3741 4037 Oriens,
3768 3988 3851 4026 non

2294 4067 2599 4135 Septentrio
2648 4065 2748 4119 fuit
2795 4080 3003 4132 expers,
3034 4080 3131 4119 nec
3156 4065 3420 4119 Meridies.
3456 4065 3710 4134 Triginta
3739 4067 3852 4120 enim

2292 4168 2347 4212 ct
2394 4168 2600 4226 septem
2647 4172 2817 4211 annos
2865 4156 3101 4224 hospites
3150 4156 3445 4225 excipiens,
3484 4157 3597 4209 illis
3648 4172 3712 4209 ea
3760 4172 3853 4224 qs:

2293 4256 2447 4305 erant
2496 4248 2612 4302 usui
2660 4248 2771 4302 suis
2815 4248 3040 4316 praebuit
3083 4247 3404 4316 sumptibus,
3435 4248 3854 4317 ecclesiisqueet

2295 4338 2633 4394 monasteriis
2681 4348 2733 4392 et
2782 4338 3023 4406 hospitiis
3068 4346 3123 4393 et
3156 4338 3497 4399 carceribus;
3532 4350 3588 4393 et
3622 4349 3683 4393 ut
3715 4340 3853 4395 semel

2293 4429 2487 4494 dicam,
2526 4429 2703 4483 nullus
2732 4444 2796 4482 ex
2827 4429 2891 4482 iis
2917 4428 3006 4497 qui
3035 4443 3153 4483 eam
3199 4429 3450 4484 convenit
3488 4446 3602 4483 non
3658 4442 3742 4486 est
3780 4433 3855 4483 ali-

2295 4537 2454 4590 quam
2488 4531 2689 4590 partem
2717 4521 2832 4591 ejus
2851 4537 3008 4589 opum
3035 4532 3373 4589 consecutus,
3400 4523 3856 4590 suppeditantibut

618 4619 729 4663 tmn
761 4608 1097 4678 deSpexeris,
1142 4622 1355 4676 possum
1399 4608 1539 4662 enim
1569 4624 1674 4673 me,
1718 4610 1761 4662 si
1803 4611 1982 4677 Velim,
2013 4613 2185 4666 extol-
2216 4595 2264 4656 Ι)
2292 4609 2339 4664 ei
2382 4609 2826 4680 consanguineis,
2878 4619 2931 4664 et
2976 4613 3091 4683 ipso
3138 4610 3287 4675 lilio,
3333 4622 3388 4666 et
3431 4616 3857 4678 procuratoribus

620 4704 764 4766 lere;
796 4716 898 4755 nec
929 4709 1077 4769 potes
1123 4712 1212 4753 me
1254 4706 1477 4763 terrere,
1532 4713 1704 4767 neque
1733 4714 1802 4754 ex
1854 4702 2014 4755 rebus
2052 4704 2186 4758 meis

612 4795 815 4865 aliquid
854 4797 1127 4862 accipere;
1157 4808 1224 4847 ne
1256 4805 1387 4862 ergo
1412 4791 1549 4845 forte
1591 4793 1843 4861 ignorans
1886 4794 1938 4849 in
1969 4794 2185 4863 aliquod

600 4888 819 4955 crimen
850 4885 1074 4948 incidas,
1106 4899 1349 4955 quamam
1377 4885 1477 4940 sim
1523 4886 1615 4941 tibi
1655 4886 1940 4942 declaravi.
1967 4888 2189 4957 Oportet

618 4978 760 5031 enim
800 4976 1059 5031 adversus
1099 4976 1346 5041 stolidos,
1379 4986 1625 5046 tanquam
1672 4992 1807 5032 cane
1850 4986 1906 5033 et
1933 4980 2186 5047 accipitre

618 5068 694 5123 uti
712 5069 875 5124 animi
907 5068 1156 5133 elatione,
1186 5076 1242 5123 et
1267 5068 1320 5122 iu
1351 5076 1589 5138 tempore
1616 5084 1803 5126 eorum
1841 5073 2105 5140 superbiae
2135 5076 2186 5128 in

616 5161 764 5227 ipsos
783 5160 1092 5215 immittere.
1118 5159 1266 5214 Tunc
1285 5170 1434 5215 certe
1460 5158 1620 5229 judex
1658 5176 1778 5216 cum
1810 5161 1924 5218 haec
1952 5167 2188 5232 accepis-

617 5259 724 5315 set,
751 5264 810 5306 se
838 5253 1130 5317 excusavit,
1155 5260 1210 5306 et
1235 5266 1353 5305 eam
1387 5250 1645 5316 adoravit,
1671 5252 1894 5322 etjussit
1916 5269 2035 5309 eam
2062 5256 2185 5309 abs-

617 5357 721 5412 que
750 5340 858 5398 ullo
886 5341 1266 5412 impedimento
1293 5357 1411 5397 cum
1439 5344 1637 5399 sanctis
1666 5345 1792 5399 viris
1822 5345 2043 5400 versari.

1146 5477 1372 5532 CAPUT
1417 5476 1647 5533 CXVIII.

969 5583 1081 5640 Vita
1125 5584 1313 5657 Ruﬁni
1358 5584 1504 5654 (175)
1535 5587 1830 5657 presbyteri.

686 5694 832 5764 limo,
873 5708 1151 5768 postquam
1194 5700 1248 5753 bi
1292 5697 1505 5754 fuerunt
1542 5702 1816 5767 revocati,
1858 5704 2182 5760 monasterio

618 5786 874 5841 arditlcato
916 5790 1260 5862 Jerosolymis
1280 5830 1294 5857 ,
1326 5791 1508 5863 viginti
1536 5803 1740 5862 septem
1773 5808 1939 5848 annos
1970 5805 2177 5851 versata

2292 4703 2573 4771 quotannis
2619 4706 2869 4771 pecunias
2913 4710 2968 4756 et
3017 4711 3265 4771 tauquam
3316 4705 3607 4758 luculenta:
3649 4706 3855 4760 lucerna

2291 4796 2466 4848 oleum
2522 4794 2962 4855 ministrantibus.
3010 4803 3067 4849 ut
3110 4794 3308 4864 fulgida
3354 4796 3561 4851 lumine
3606 4798 3857 4852 flammata

2290 4886 2586 4940 accendens
2599 4886 2954 4955 electnosynze
2977 4885 3258 4955 largitione
3273 4898 3500 4941 cunctos
3522 4889 3855 4943 illuminant.

2292 4977 2365 5032 Ea
2398 4986 2575 5030 autem
2604 4992 2724 5031 cum
2778 4977 2829 5030 in
2859 4975 3219 5046 hospitalitate
3245 4977 3381 5033 adeo
3413 4980 3856 5048 perseveraverit,

2298 5083 2365 5121 ne
2392 5069 2621 5136 palmum
2653 5068 2868 5136 quidem
2895 5079 3049 5121 terra:
3075 5069 3331 5137 possedit,
3359 5084 3461 5124 non
3490 5074 3766 5126 abstracta
3793 5082 3858 5125 ω

2296 5172 2327 5210 a
2356 5157 2642 5224 cupiditate
2672 5157 2763 5210 lilii
2787 5157 2855 5211 ab
2884 5172 3067 5212 amore
3094 5158 3420 5225 solitudinis,
3452 5176 3564 5215 non
3594 5177 3717 5216 eam
3738 5162 3857 5216 divi-

2293 5249 2418 5302 sita
2448 5248 2705 5303 cbaritate
2752 5250 2801 5302 in
2841 5247 3114 5302 Christum
3144 5251 3400 5319 unigeniti
3428 5252 3583 5320 (177)
3618 5253 3716 5306 lilii
3735 5252 3858 5307 desi-

2296 5338 2521 5393 derium.
2547 5338 2648 5393 Sed
2673 5339 2786 5407 ejus
2811 5339 3055 5407 precibus
3082 5340 3399 5396 adolescens
3426 5352 3481 5397 et
3509 5343 3576 5395 ad
3604 5359 3853 5398 summa:

2292 5431 2535 5499 pervenit
2581 5432 2898 5495 doctrinam,
2931 5430 3273 5501 moribusque
3319 5432 3416 5488 fuit
3463 5435 3853 5499 ornatissimas,

2285 5523 2535 5591 claroque
2569 5532 2624 5576 et
2661 5520 2856 5575 illustri
2900 5519 3001 5575 fuit
3049 5524 3390 5578 matrimonio
3438 5524 3783 5593 conjuncta,
3809 5537 3853 5580 ει

2286 5611 2583 5666 mundanas
2612 5620 2694 5666 est
2724 5611 2953 5667 honores
2981 5622 3331 5681 consecutus;
3360 5616 3455 5685 qui
3484 5618 3625 5670 duos
3654 5632 3853 5688 quoque

2284 5704 2469 5759 habuit
2502 5706 2636 5760 filios
2664 5703 2839 5776 (I78),
2870 5706 2958 5776 qui
3011 5715 3335 5765 testarentur
3355 5711 3563 5780 justum
3595 5712 3853 5766 matrimo-

2284 5811 2451 5852 mum.
