4112 6512
289 368 438 437 1295

288 568 386 637 αἶς
410 576 438 627 6
463 574 595 638 Θεὸς
622 573 693 627 τά
738 574 828 627 ἷσα
876 572 997 627 τῶν
1022 574 1081 627 ἐν
1114 574 1285 644 ἀρετῇ
1348 570 1694 641 βεϐιωκότων
1725 565 1875 635 αὐτῷ

289 662 563 730 στέφανον
592 662 955 726 ἀποδέδωκεν,
994 661 1136 732 ὑπὲρ
1176 659 1272 714 τοῦ
1323 659 1398 730 μὴ
1434 654 1876 729 καταμαλακίζε-

289 744 423 798 σθαι
446 743 545 807 τάς
577 744 977 817 ρᾳθυμοτέρας,
1010 745 1104 798 καὶ
1142 743 1517 815 ἀναχαιτίζειν
1544 743 1619 805 ώς
1649 739 1874 794 ἀσθενε-

288 829 495 899 στέρας
552 828 689 897 πρὸς
739 828 867 889 τούς
912 827 1109 891 ἄθλους
1161 829 1261 899 τῆς
1288 829 1493 899 ἀρετῆς
1536 824 1629 878 καί
1676 819 1874 892 σεμνοῦ

289 912 411 981 βίου
450 911 812 982 κατόρθωσιν.
853 911 1064 975 Πολλὰς
1097 911 1197 982 μὲν
1224 910 1446 982 ἑώρακα
1479 909 1586 961 τῶν
1614 905 1874 969 εὐσεϐῶν,

287 997 588 1060 πλείσταις
618 996 677 1048 δὲ
708 995 951 1058 ἀστείαις
975 996 1057 1056 είς
1087 996 1292 1066 ἀρετὴν
1324 991 1700 1063 συντετύχηκα
1735 1006 1877 1059 παρ-

289 1080 473 1142 θένοις
499 1095 561 1131 τε
585 1079 679 1131 καὶ
715 1080 935 1148 χήραις.
976 1079 1039 1130 Ἢ
1056 1075 1431 1149 τρισμακαρία
1447 1075 1666 1145 Μελάνη
1692 1070 1876 1140 Σπανὴ

287 1157 365 1231 ἦν
397 1162 462 1215 τὸ
499 1162 678 1229 γένος.
713 1162 894 1214 είτουν
934 1161 1202 1231 Ῥωμαία.
1235 1160 1497 1229 Θυγάτηρ
1529 1159 1626 1227 μὲν
1654 1156 1877 1225 γέγονεν

289 1244 681 1315 Μαρκελλίνου
717 1244 808 1297 τοῦ
839 1245 947 1299 άπὸ
1001 1245 1242 1310 ὑπάτων,
1290 1244 1483 1315 ἀνδρὸς
1507 1243 1565 1296 δέ
1591 1258 1737 1303 τινος
1772 1238 1879 1294 ἀπὸ

292 1328 627 1396 ἀξιωμάτων
656 1331 830 1400 γυνή’
861 1323 923 1384 οῦ
958 1330 1142 1392 καλῶς
1176 1329 1238 1382 τὸ
1262 1329 1433 1400 ὄνομα
1473 1328 1535 1382 οὐ
1571 1327 1877 1398 μέμνημαι.

291 1414 517 1483 Ταύτης
535 1432 603 1485 χη
614 1415 902 1485 ρευσάσης,
916 1413 1161 1467 εἰκοστὸν
1182 1412 1437 1482 δεύτερον
1456 1411 1699 1480 ἀγούσης
1727 1410 1846 1473 ἔτος
1862 1425 1876 1439 ·

292 1498 422 1567 ἥτις
503 1499 643 1567 μετά
696 1499 796 1568 τὴν
825 1484 1059 1551 ’ἐκείνου
1115 1497 1418 1550 ἀποϐίωσιν
1477 1496 1679 1566 ἔρωτος
1732 1494 1879 1548 θείου

293 1580 698 1644 καταξανθεῖσα
731 1581 810 1651 τῷ
844 1584 1046 1653 αἰωνίῳ
1076 1580 1316 1651 Νυμφίῳ
1342 1579 1588 1649 συνήφθη
1622 1580 1702 1642 είς
1728 1578 1882 1642 τέλος

293 1666 644 1733 ἀγαπήσασα
698 1666 925 1719 τοῦτονο
975 1667 1070 1720 καὶ
1108 1665 1297 1736 μηδενὶ⁸
1364 1664 1529 1735 μηδὲν
1593 1664 1879 1734 είρηκυῖα·

296 1747 574 1801 ἐκωλύετο
604 1750 713 1818 γὰρ
741 1751 798 1801 ἐν
831 1752 945 1811 τοῖς
998 1750 1231 1820 καιροῖς.
1262 1747 1566 1810 Οὐάλεντος
1597 1745 1691 1799 τοῦ
1731 1745 1884 1817 βασι-

1525 363 1891 430 HISTORIA
1939 360 2329 424 LAUSIACA.

286 486 390 541 καὶ
413 484 770 557 εὐσχημόνων
805 483 1175 557 μνημονεῦσαι
1224 484 1283 538 ὲν
1330 481 1409 554 τῷ
1449 481 1639 553 βιϐλίῳ
1679 479 1875 548 τούτῳ,
1905 487 1953 537 Δ

3420 344 3559 412 1933

2546 468 2798 525 ΚΕΦΑΛ.
2838 466 2995 521 HR.

2513 555 2651 623 Περί
2688 550 3027 621 Ῥουςρίνου.

2054 647 2204 717 Αὐτη
2263 643 2405 716 μετά
2432 640 2531 710 τὴν
2581 635 2882 705 ἀνάκλησιν
2938 632 3050 717 τῶν
3098 629 3297 717 ινθὲων
3348 630 3562 717 ἀνδρῶν

1987 714 2352 803 μοναστήριον
2402 725 2641 779 κτίσασα
2675 722 2732 774 ὲν
2778 714 3176 803 Ἱεροσολύμρις
3214 714 3390 769 εἴκοσι
3423 715 3565 803 ἑπτὰ

1984 800 2162 872 ἐτεσιν
2182 800 2461 888 ἐχρόνισεν
2482 812 2539 864 ὲν
2561 810 2628 881 τῇ
2676 800 3055 877 Ἰερουσαλὴμ,
3087 800 3285 872 ἔχουσα
3315 800 3564 857 συνοδίαν

1985 900 2275 971 παρθένων
2310 894 2671 965 πεντήκοντα.

2055 952 2134 1053 Ἦ
2166 978 2365 1050 συνέζη
2398 952 2495 1032 καλ
2526 976 2556 1028 6
2576 971 2964 1043 εὐγενέστατος
2993 968 3088 1023 καὶ
3121 952 3449 1041 μονότροῷος
3471 966 3568 1020 καὶ
3622 974 3625 977 ‘

1986 1052 2393 1137 στιϐαρώτατος
2447 1060 2728 1128 Ῥουφῖνος
2750 1096 2765 1121 ,
2806 1056 2836 1108 6
2865 1053 2974 1107 ἀπὸ
3023 1052 3256 1137 Ἰταλίας
3289 1052 3369 1117 ὲξί
3402 1052 3566 1137 ’ἐκυ-

1985 1133 2276 1219 ληῖαςτῆς
2301 1144 2511 1207 πόλεως
2531 1137 2929 1212 πρεσϐυτερίου
2953 1137 3034 1199 είς
3055 1136 3283 1207 ὕστερον
3293 1133 3571 1199 καταξιω-

1986 1218 2102 1297 θείς
2125 1247 2141 1263 ο
2171 1225 2232 1285 οὐ
2264 1225 2710 1299 γνωστικώτερον
2730 1224 2829 1277 καὶ
2852 1221 3258 1290 ἐπιεικέστερον
3289 1220 3347 1272 ἐν
3369 1218 3569 1289 ἀνδρά-

1988 1336 2076 1373 σιν
2124 1316 2225 1385 οὐχ
2271 1311 2570 1384 ηὑρίσκετο
2598 1328 2612 1341 ·
2652 1306 2985 1377 δεξιούμενοι
3025 1305 3325 1376 ἀμφότεροι
3359 1304 3423 1385 ἐν
3457 1304 3568 1365 τοῖς

1988 1404 2163 1459 εῖκοσι
2192 1384 2335 1453 ἐπτὰ
2379 1396 2557 1449 ἔτεσιν
2595 1394 2721 1456 τοὺς
2763 1386 3233 1461 ἐπιχωριάζοντας
3261 1388 3374 1449 τοῖς
3413 1384 3572 1456 Ἰερο-

1992 1486 2249 1558 σολύμοις
2280 1482 2445 1553 εὐχῆς
2482 1480 2663 1551 χάριν,
2707 1475 3041 1536 ἐπισκόπους
3072 1490 3133 1525 τε
3168 1470 3264 1558 καὶ
3296 1469 3571 1558 *μονάζοντ

1988 1590 2111 1638 τας,
2129 1553 2451 1641 *παρθένους
2473 1566 2570 1619 καὶ
2598 1562 2725 1625 τοὺς
2754 1561 2813 1613 ἐν
2838 1558 3145 1641 συζυγίαις,
3174 1553 3489 1641 ἀξιολόγους
3510 1570 3571 1606 τε

1990 1657 2086 1710 καὶ
2121 1639 2357 1716 ἰδιώτας,
2388 1649 2484 1703 καὶ
2521 1643 2859 1710 ἁπαξαπλῶς
2893 1639 3277 1711 ἐπιδεομένους
3308 1639 3409 1708 τῆς
3444 1654 3573 1690 συν-

1991 1739 2183 1810 τυχίας
2206 1735 2386 1792 αὐτῶν
2410 1731 2765 1803 καταλλήλως
2781 1725 3183 1789 ἁναπαύοντες,
3199 1723 3424 1787 οἰκείοις
3435 1723 3573 1810 ἀνα-

297 1830 439 1892 λέως
473 1805 648 1900 ἀρχὴν
677 1805 895 1901 ἔχοντες
931 1805 995 1885 ἐν
1022 1805 1106 1903 τῇ,
1133 1805 1407 1902 βασιλείᾳ,
1448 1805 1743 1900 ποιήσασα.
1768 1827 1884 1881 ἐπί·
1924 1835 1967 1891 Β
1993 1805 2242 1893 λώμασιν
2270 1813 2931 1903 οίκοδομοῦντεςμπάντας
2956 1810 3083 1903 τούς
3124 1805 3574 1903 παρατυγχάνον-

299 1931 510 1986 τροπον
564 1915 659 1967 τοῦ
704 1915 821 1969 υἱοῦ
874 1916 1047 1985 αὐτῆς
1107 1916 1512 1985 ὀνομασθῆναι,
1567 1915 1637 1968 τά
1694 1912 1892 1983 κινητά

301 1999 486 2053 πάντα
520 2000 724 2069 ἑαυτῆς
753 2000 1016 2067 λαϐοῦσα,
1063 2001 1159 2054 καὶ
1204 2003 1285 2065 είς
1318 2000 1500 2053 πλοῖον
1539 1996 1889 2068 ἐμϐαλομένη

305 2082 449 2152 μετᾶ
469 2082 721 2154 φανερῶν
750 2084 979 2137 παιδίων
1006 2084 1099 2138 καὶ
1125 2084 1303 2155 ῥητῶν
1326 2081 1627 2137 παιδισκῶν
1657 2081 1895 2152 δρομαία

302 2166 676 2219 κατέπλευσεν
736 2168 829 2220 ἐπὶ
884 2168 983 2239 τὴν
1029 2168 1460 2240 Ἀλεξάνδρειαν,
1520 2167 1630 2219 Καὶ
1685 2164 1893 2235 ταύτην

296 2250 719 2317 καταλαϐοῦσα,
752 2253 869 2305 ἐκεῖ
892 2252 1287 2322 διαπωλήσασα
1332 2252 1432 2315 τὰς
1476 2249 1627 2315 ῦλας,
1676 2250 1770 2302 καὶ
1815 2252 1894 2313 είς

304 2333 513 2403 χρυσὸν
543 2335 1095 2404 κατακερματίσασα,
1148 2333 1401 2405 εἰσῆλθεν
1430 2334 1511 2396 είς
1553 2333 1615 2385 τὸ
1643 2332 1768 2402 δρος
1797 2332 1896 2400 τῆς

305 2417 563 2486 Νιτρίας,
602 2419 716 2481 τοῖς
744 2418 921 2485 ἁγίοις
962 2419 1245 2488 Πατράσιν
1275 2416 1753 2488 περιτυγχάνουσα
1782 2418 1895 2477 τοῖς

306 2500 442 2569 περὶ
489 2500 583 2554 τὸν
627 2503 897 2571 μακάριον
952 2500 1185 2573 Παμϐὼ,
1226 2500 1321 2555 καὶΙ
1370 2501 1460 2553 τὸν
1505 2499 1600 2552 τοῦ
1656 2495 1895 2568 Χριστοῦ

308 2583 500 2638 δοῦλον
552 2585 858 2655 Ἀρσίσιον,
908 2588 1001 2640 καὶ
1049 2586 1140 2638 τὸν
1198 2585 1374 2654 μέγαν
1418 2584 1761 2655 Σεραπίωνα,
1803 2584 1899 2635 καὶ
1956 2595 1962 2603 '

308 2668 403 2722 τὸν
442 2669 599 2736 ἁγιον
640 2668 999 2737 Παφνούτιον,
1058 2670 1154 2721 καὶ
1186 2667 1277 2721 τὸν
1324 2667 1571 2738 ἀοίδιμον
1628 2666 1897 2737 Ἰσίδωρον

314 2751 403 2805 τὸν
450 2752 821 2823 ὁμολογητήν,
866 2753 1166 2807 ἐπίσκοπον
1187 2753 1244 2806 δὲ
1306 2749 1744 2823 Ἐρμουπόλεως,
1805 2747 1900 2803 καὶ⁸

307 2836 406 2888 τὸν
459 2834 829 2903 δοκιμώτατον
879 2835 1211 2905 Διόσκορονο
1273 2839 1367 2889 καὶ
1423 2835 1726 2906 χρονίσασα
1767 2831 1898 2903 παρ’

310 2921 496 2979 αὐτοῖς
527 2908 604 2980 ῶς
628 2919 800 2988 ἦμισυ
825 2918 1001 2982 ἔτους,
1034 2918 1376 2971 κυκλεύουσα
1405 2920 1508 2972 ἀνά
1538 2917 1637 2989 τὴν
1671 2916 1898 2987 ἔρημον,

311 3005 412 3058 καὶ
440 3006 577 3056 πᾶσι
612 3006 1054 3075 συντυγχάνουσα
1084 3007 1195 3068 τοῖς
1233 3006 1431 3074 ἁγίοις.
1458 3003 1611 3057 Μετὰ
1637 3003 1695 3056 δὲ
1728 3003 1901 3056 ταῦτα

311 3086 413 3145 τοῦ
447 3087 861 3155 Αὐγουσταλίου
882 3086 1232 3158 ἐξορίσαντος
1253 3090 1381 3153 τοὺς
1415 3088 1602 3157 ἁγίους
1625 3085 1897 3156 Πατέρας,

1992 1890 2113 1970 τας.
2146 1905 2404 1957 Ἤνωσαν
2448 1900 2505 1954 δέ
2536 1898 2631 1952 καὶ
2663 1897 2725 1950 τὸ
2777 1894 2981 1965 σχίσμα
3021 1892 3084 1945 τὸ
3121 1890 3264 1944 κατὰ
3306 1890 3573 1943 Παυλῖνον

1992 1990 2068 2052 ὡς
2092 1986 2302 2058 ἀνδρῶν
2319 1980 2693 2055 τετρακοσίων
2720 1977 3085 2051 μοναζόντων,
3110 1973 3205 2027 καὶ
3222 1973 3403 2029 πάντα
3421 1973 3575 2058 αίρερ

1994 2072 2146 2127 τικὺν
2194 2056 2663 2138 Πνευματομάχον
2722 2059 3124 2131 συμπείσαντες
3166 2058 3462 2128 εἰσήγαγον
3496 2056 3576 2119 εἰς

1994 2156 2093 2226 τὴν
2125 2153 2475 2223 Ἐκκλησίαν,
2524 2149 2793 2220 τιμῶντες
2842 2146 2934 2199 τὸν
2973 2145 3114 2198 κατὰ
3154 2143 3318 2226 τόπον
3350 2142 3574 2226 κλῆρον,

1995 2225 2189 2310 δώροις
2220 2254 2279 2300 τε
2320 2235 2415 2289 καὶ
2460 2234 2707 2306 τροφαῖς.
2749 2229 2863 2285 Καὶ
2889 2227 3063 2282 ταῦτα
3114 2225 3394 2289 ποιοῦντες
3434 2225 3578 2279 οὕτω

1995 2325 2089 2392 τὸν
2129 2323 2243 2393 βίον
2272 2323 2330 2374 ἐν
2378 2319 2633 2389 εὐσεϐείᾳ
2672 2314 2997 2379 διετέλεσαν,
3046 2312 3249 2382 μηδένα
3282 2313 3379 2382 μὲν
3412 2327 3579 2365 σκαν-

1998 2408 2341 2472 δαλίσαντες,
2388 2404 2574 2476 σχεδὸν
2626 2402 2681 2455 δὲ
2728 2402 2908 2463 πᾶσαν
2941 2398 3040 2470 τὴν
3078 2395 3407 2468 οἰκουμένην
3440 2394 3580 2465 ὠφε-

1996 2498 2063 2555 λή
2072 2510 2283 2555 σαντες.

2030 2498 2337 2648 ἠῆἒέῖιετής
2358 2573 2669 2647 θαυμασίας
2694 2572 2789 2626 καλ
2813 2568 2975 2639 ἁγίας
2986 2567 3262 2630 Μελανίας
3273 2562 3580 2648 ἀκῌροθιγῶς

2002 2663 2104 2733 μὲν
2140 2645 2252 2717 ἀνω
2289 2645 2642 2732 διηγησάμην
2672 2657 2802 2727 περὶ
2841 2654 3035 2724 αὐτῆς,
3074 2652 3225 2706 οὐδὲν
3252 2651 3307 2704 δὲ
3330 2645 3493 2721 ἦττον
3513 2646 3582 2733 τὰ

1999 2731 2185 2813 λοιπὰ,
2224 2746 2428 2817 μᾶλλον
2480 2742 2538 2797 δὲ
2582 2741 2618 2796 ἀ
2678 2738 3080 2810 καταλαμϐάνω
3127 2740 3193 2808 τῇ
3239 2737 3431 2806 μνήμῃ
3472 2731 3583 2817 τῶν

2000 2813 2462 2901 ταύτης-ἀρετῶν
2514 2826 2608 2879 καὶ
2649 2823 2743 2878 νῦν
2797 2822 3049 2891 ἐνυφανῶ
3093 2820 3169 2891 τῷ
3209 2817 3438 2883 ποικίλῳ
3487 2813 3582 2869 τοῦ

2001 2898 2171 2983 λόγου
2195 2898 2407 2983 χιτῶνι,
2432 2908 2786 2982 διηγούμενος
2814 2906 2913 2968 τὰς
2942 2904 3181 2983 άφάτους
3215 2903 3313 2973 τῆς
3345 2898 3587 2969 θεοφιλε-

2005 2982 2206 3068 στάτης
2249 2995 2452 3064 ταύτης
2485 2992 2752 3054 εὐποιίας.
2804 2992 2882 3043 Δι’
2930 2982 3006 3044 ῶν
3042 2988 3105 3043 τὸ
3162 2987 3432 3059 μακάριον
3487 2984 3586 3054 τῆς

2004 3078 2315 3151 ἀφθαρσίας
2355 3077 2560 3151 ἔνδυμα
2594 3074 2817 3138 οἰκείοις
2844 3073 3028 3137 πόνοις
3053 3074 3222 3143 ἑαυτῇ
3246 3069 3583 3138 ἐξυφάνασα.

326 3152 620 3242 Ἰσίδωρον,
641 3175 733 3227 καὶ
765 3152 1187 3245 Πισσίμίον,καὶ
1220 3152 1516 3243 Ἀδέλφιον,
1536 3173 1630 3225 καὶ
1647 3152 1901 3241 Παφνού-
1930 3169 1976 3233 C
2007 3167 2101 3222 καὶ
2126 3164 2216 3218 τὸν
2250 3162 2620 3245 ἀμαράντινον
2641 3159 2751 3245 -έὲἧς
2785 3157 2942 3245 δόξης
2975 3156 3240 3245 σῖέφαγον
3284 3156 3412 3245 τοῖς·
3434 3152 3588 3215 ἰδίοις

312 3275 452 3319 τιον.
479 3261 572 3311 καὶ
605 3258 838 3330 Παμϐὼ,
877 3259 969 3312 καὶ
1011 3259 1326 3329 ’Δμμώνιον
1348 3257 1443 3311 τὸν
1471 3254 1769 3326 παρώτιον,
1807 3257 1903 3317 καὶ

316 3343 541 3413 ἐτέρους
571 3344 743 3407 τινάς,
782 3345 908 3405 τοὺς
934 3344 1141 3406 πάντας
1189 3342 1398 3396 δώδεκα
1442 3340 1778 3404 ἐπισκόπους
1810 3341 1904 3394 καὶ

312 3428 748 3499 πρεσϐυτέρους,
800 3430 894 3482 καὶ
927 3427 1147 3492 λοιποὺς
1195 3425 1491 3498 κληρικούς
1533 3441 1593 3487 τε
1645 3424 1743 3486 καὶ
1770 3416 1905 3479 ἀνα·

315 3512 597 3581 χωρητάς,
651 3510 729 3575 ὡς
777 3511 1021 3580 γίνεσθαι
1066 3511 1158 3565 τὸν
1211 3509 1445 3580 ἀριθμὸν
1494 3508 1688 3563 ἑκατὸν
1732 3507 1906 3561 είκοσι

314 3594 403 3659 ἒξ,
438 3590 797 3658 τούςπάντας
835 3594 1064 3648 δεκαδύο
1110 3594 1446 3657 ἐπισκόπους
1475 3592 1573 3647 καὶ
1604 3591 1909 3664 πρεσϐυτέ-

319 3696 451 3751 ρους
484 3680 565 3742 είς
594 3679 694 3750 τὴν
725 3679 1119 3748 Παλαιστίνην,
1151 3677 1284 3750 περὶ
1307 3677 1407 3749 τήν
1447 3676 1865 3748 Διοκαισὰρειαν
1890 3691 1906 3705 ο

318 3766 381 3816 ἐν
399 3758 482 3826 οἷς
504 3763 597 3815 καὶ
620 3764 759 3834 αὐτὴ
791 3760 1122 3816 συνελθοῦσα
1152 3762 1185 3831 ή
1219 3764 1514 3831 μακαρῖτις
1534 3760 1598 3812 ὲκ
1620 3757 1730 3811 τῶν
1760 3759 1910 3833 ίδίων

320 3846 685 3917 ὑπαρχόντων
717 3846 1042 3899 διακονοῦσα
1074 3846 1279 3909 αὐτοῖς.
1302 3843 1682 3915 κωλυομένων
1718 3843 1775 3897 δὲ
1802 3843 1911 3897 τῶν

318 3930 789 4001 ὑπηρετουμένων
846 3932 1052 3996 αὐτοῖς,
1099 3929 1173 3994 ὡς
1256 3926 1541 3999 διηγοῦντο
1584 3927 1912 3998 (συνέτυχον

319 4014 436 4083 γάρ
469 4015 579 4083 ἐγὼ
625 4013 704 4085 τῷ
749 4016 891 4084 άγίῳ
940 4016 1230 4085 Πισσιμίῳ,
1280 4013 1374 4066 καὶ
1424 4011 1766 4084 Παφνουτίῳ,
1818 4010 1913 4066 καὶ

334 4098 614 4170 Ἰσιδώρῳ,
650 4103 743 4152 καὶ
784 4100 1099 4171 Ἀμμωνίῳ)
1135 4143 1150 4166 ,
1208 4096 1349 4168 αῦτη
1388 4098 1421 4168 ή
1461 4097 1684 4169 ἀνδρεία
1714 4096 1912 4150 παιδα-

322 4183 448 4253 ρίου
482 4182 817 4253 καρακάλιον
836 4182 1194 4254 λαμϐάνουσα
1219 4181 1343 4236 καθ’
1367 4181 1607 4251 ἑσπέραν
1629 4182 1915 4251 εἰσέφερεν

322 4268 513 4330 αὐτοῖς
541 4270 609 4320 τά
632 4267 771 4338 πρὸς
791 4268 889 4329 τὰς
911 4267 1120 4337 χρείας.
1162 4265 1451 4334 Ἐγνωκὼς
1481 4260 1574 4319 οῦν
1595 4266 1623 4318 6
1647 4264 1913 4331 ὑπατικὸς

320 4350 431 4418 τῆς
487 4351 876 4419 Παλαιστίνης,
914 4352 1147 4419 θελήσας
1199 4350 1296 4413 ἀπ’
1341 4349 1510 4420 αὐτῆς
1566 4349 1658 4401 τὸν
1714 4348 1914 4401 κόλπον

323 4435 640 4506 πληρῶσαι,
678 4437 775 4489 καὶ
804 4436 1206 4508 προσεδόκησεν
1239 4433 1442 4503 ταύτην
1473 4432 1753 4487 καπνίσαι.
1802 4432 1914 4484 Καὶ

2006 3251 2253 3323 χρήμασι
2270 3249 2338 3317 τῇ
2350 3245 2513 3316 τιμία
2533 3243 2703 3312 αὐτῆς
2716 3240 2927 3312 κεφαλῇ
2947 3240 3131 3323 καλῶς
3148 3236 3586 3323 ἐκχαλκεύσασα,

2006 3317 2110 3387 καί
2129 3317 2638 3403 μεταμφιασαμένη
2668 3324 2809 3397 μετά
2841 3322 3043 3394 πολλῆς
3083 3320 3422 3393 παρρησίας,
3450 3317 3589 3390 πρὸς

2005 3418 2097 3472 τὸν
2131 3415 2265 3469 Θεὸν
2296 3413 2670 3484 ἀπεδήμησεν.
2711 3408 3046 3479 Ἀρξάμενόν
3079 3424 3147 3478 με
3193 3406 3373 3459 τοίνυν
3399 3404 3590 3474 διηγή-

2010 3501 2211 3556 σασθαι
2243 3500 2315 3554 τὰ
2357 3497 2562 3567 ταύτης
2586 3495 2687 3561 τῆς
2720 3493 3001 3566 μακαρίας
3038 3489 3463 3561 κατορθώματα,
3493 3488 3591 3542 ἐὰν

2012 3587 2151 3640 θέλω
2180 3584 2325 3654 άπερ
2347 3581 2675 3649 ἐπίσταμαι,
2700 3577 2904 3645 λέγειν,
2928 3574 3194 3643 ἐπιλείψει
3212 3573 3349 3626 καὶὸ
3378 3572 3591 3643 χρόνος.

2011 3671 2187 3740 Ὅσην
2205 3666 2451 3739 μὲν,ὐλην
2467 3663 2609 3733 αῦτη
2633 3663 2711 3726 είς
2728 3660 3015 3732 δεομένους
3030 3658 3309 3729 ήνὰλωσεν
3326 3655 3593 3727 ληφθεῖσα

2010 3756 2090 3826 τῷ
2115 3752 2355 3823 οὐρανίῳ
2380 3751 2550 3821 ζήλῳ,
2584 3747 2685 3801 οὐκ
2718 3742 2874 3816 οἶμαι
2904 3745 3082 3816 πυρὸς
3109 3742 3283 3826 φλόγα
3318 3740 3594 3826 ἐμπεσοῦ-

2014 3824 2112 3892 σαν
2143 3839 2224 3900 είς
2263 3834 2526 3905 ἀφθονίαν
2568 3831 2701 3902 ῦλης
2740 3829 3011 3899 τοσαύτης
3048 3825 3341 3895 δυνηθῆναι
3372 3824 3595 3894 ἐμπρῆ-

2014 3941 2128 3980 σαι.
2167 3921 2340 3975 Τοῦτο
2366 3920 2426 3973 δέ
2461 3918 2563 3972 οὐκ
2589 3917 2724 3988 ἐμόν
2751 3916 2866 3969 ἐστι
2900 3910 3289 3984 διηγήσασθαι,
3324 3910 3461 3964 ἀλλὰ
3497 3910 3595 3963 καὶ

2012 4010 2123 4063 τῶν
2152 4007 2251 4078 τὴν
2277 4004 2536 4078 Περσίδα,
2561 4002 2656 4055 καὶ
2676 3998 3031 4072 Βρεττανίας,
3054 3996 3270 4060 καὶτὰς
3298 3995 3480 4069 πάσας
3498 3995 3599 4065 νή-

2016 4112 2145 4159 σους
2168 4091 2487 4148 οἰκούντων.
2506 4087 2628 4141 Τῶν
2649 4086 2759 4155 γὰρ
2783 4084 3039 4138 εὐποιιῶν
3058 4082 3153 4135 καὶ
3180 4081 3475 4135 ἐπιδόσεων
3497 4081 3598 4149 τῆς

2014 4178 2286 4235 ἀθανάτου
2319 4172 2547 4242 ταύτης,
2576 4169 2636 4224 οὐ
2667 4167 2850 4233 Λύσις,
2867 4166 2968 4227 οὐκ
3015 4162 3297 4231 Ἀνατολὴ,
3327 4164 3426 4218 οὐκ
3472 4165 3602 4232 "Ap-

2018 4281 2164 4327 κτος,
2180 4261 2305 4327 οὔτε
2327 4255 2664 4328 Μεσημϐρία
2685 4253 2979 4322 ἠστόχησε.
2999 4248 3338 4321 Τριακοστὸν
3367 4249 3476 4320 γὰρ
3504 4250 3600 4305 καὶ

2015 4348 2247 4417 ἕϐδομον
2280 4340 2638 4409 ξενιτεύσασα
2665 4337 2805 4400 ἔτος,
2850 4336 3002 4399 ίδίοις
3039 4332 3392 4405 ἀναλώμασιν
3423 4334 3600 4401 ἐπήρ-

2018 4450 2168 4499 κεσε,
2202 4432 2291 4484 καλ⁵
2325 4425 2667 4497 ἐκκλησίαις,
2706 4424 2802 4476 καὶ
2850 4420 3258 4492 μοναστηρίοις,
3286 4419 3380 4472 καὶ
3404 4417 3600 4484 ξένοις,

324 4502 620 4589 κατ’ἀσχὼν
652 4502 1107 4589 ἔϐαλενταύτην
1133 4521 1217 4581 εἷς
1267 4502 1535 4588 φυλάκὴν.
1579 4514 1789 4585 ἀγνοῶν
1818 4516 1914 4586 τὴν
1946 4515 1993 4573 D
2018 4518 2112 4573 καὶ
2163 4514 2434 4583 φυλακαῖς
2456 4527 2469 4540 ·
2524 4508 2623 4562 καὶ
2660 4504 3025 4589 ἁπαξαπλῶς,
3046 4502 3232 4589 οὐδεὶς
3260 4502 3371 4556 τῶν
3422 4517 3605 4589 παρα-

325 4602 644 4674 ἐλευθερίαν
706 4604 895 4672 αὐτῆς.
958 4602 1386 4675 Συγκλεισθεῑσα
1431 4602 1488 4654 δὲ
1536 4603 1570 4671 ὴ
1624 4599 1914 4670 θεοφιλὴς,

323 4688 480 4759 δηλοῖ
505 4688 582 4758 τῷ
614 4687 886 4758 ὑπατικῷ,
936 4687 1206 4755 λέγουσα’
1257 4685 1400 4755 Ἐγὼ
1437 4685 1599 4755 τοῦδε⁷
1630 4685 1727 4757 μὲν
1757 4687 1919 4753 γεγέ-

326 4792 505 4844 νημαι
539 4775 807 4847 θυγάτηρ,
842 4773 936 4827 τοῦ
975 4774 1032 4827 δὲ
1075 4775 1214 4844 γυνὴ
1251 4772 1346 4826 τοῦ
1396 4771 1640 4845 ἐπιδόξου
1691 4770 1913 4841 γένους⁸

325 4857 400 4911 τὰ
427 4859 487 4912 δὲ
515 4860 608 4913 νῦν
641 4862 759 4930 είμϊ
796 4858 958 4930 δούλη
992 4858 1262 4931 Χριστοῦ.
1294 4858 1406 4912 Καὶ
1456 4856 1532 4927 μὴ
1568 4857 1635 4928 τῇ
1672 4854 1919 4928 εὐτελείᾳ

326 4943 427 4997 τοῦ
471 4946 750 5015 σχήματός
786 4962 887 5017 μου
924 4944 1213 5017 προσέχων
1258 4942 1636 5015 καταπτύσῃς.
1673 4939 1919 5012 Δύναμαι

328 5030 463 5099 γάρ,
501 5030 596 5082 ἐὰν
638 5029 796 5095 θέλω,
840 5031 1084 5101 ἐμαυτὴν
1113 5030 1207 5083 καὶ
1231 5028 1444 5099 ὑψῶσαι
1485 5028 1581 5080 καὶ
1612 5024 1916 5096 ἐκδικῆσαι,

331 5116 431 5168 καὶ
460 5114 561 5167 οὐκ
586 5114 730 5185 ἔχεις
768 5131 834 5185 με
865 5117 921 5167 ἐν
954 5113 1132 5184 τούτῳ
1158 5112 1445 5179 καπνίσαι,
1478 5112 1602 5166 οὐδὲ
1628 5110 1738 5163 τῶν
1772 5108 1921 5180 ἐμῶν

330 5218 385 5255 τι
409 5199 617 5254 λαϐεῖν.
651 5202 813 5253 Ὥστε
843 5197 936 5255 οῦν
960 5201 1049 5253 ἵνα
1079 5201 1356 5270 ἀγνοήσας
1392 5200 1467 5269 μὴ
1499 5197 1700 5271 μέλλῃς
1724 5197 1924 5266 ἐγκλή-

337 5303 474 5359 μασι
525 5286 915 5357 περιπίπτειν,
970 5284 1217 5356 ἐδήλωσά
1273 5299 1375 5336 σοι.
1435 5286 1528 5335 Δεῖ
1563 5282 1708 5352 γὰρ,
1750 5284 1920 5353 φησὶ,

334 5370 480 5425 κατὰ
512 5371 623 5425 τῶν
661 5371 1007 5441 ἀναισθήτων
1052 5369 1308 5437 καθάπερ
1341 5369 1466 5422 κυνὶ
1518 5368 1551 5439 ἢ
1601 5369 1785 5438 ίέρακι
1844 5367 1923 5439 τῷ

334 5452 493 5523 τύφῳ
527 5456 851 5527 κεχρῆσθαι,
884 5456 981 5510 καὶ
1018 5456 1076 5508 ἐν
1115 5452 1293 5525 καιρῷ
1334 5452 1716 5522 ὑπερηφανίας
1746 5453 1923 5507 αὐτῶν

336 5540 564 5603 τούτους
615 5541 927 5609 ἐπαφιέναι.
964 5541 1098 5594 Τότε
1136 5537 1373 5599 ἀκούσας
1408 5536 1581 5592 ταῦτα
1608 5539 1637 5589 6
1665 5538 1927 5608 δικαστὴς

342 5627 423 5688 εἰς
453 5625 806 5695 συναίσθησιν
827 5624 1022 5691 ἐλθὼν,
1052 5624 1146 5679 καὶ
1166 5621 1569 5692 ἀπελογήσατο,
1598 5622 1696 5676 καὶ
1724 5622 1919 5695 ἐδεήθη

344 5712 544 5789 αὐτῆς,
567 5713 663 5764 καὶ
700 5711 987 5779 ἐκέλευσεν
1016 5707 1513 5784 αὐτὴνδάκωλύτως
1540 5707 1927 5780 συντυγχάνειν

341 5798 461 5860 τοῖς
487 5794 663 5865 ἁγίοις
692 5796 969 5868 ἀνδράσιν.

2018 4599 2404 4672 τυγχανόντων
2430 4595 2660 4666 ἄμοιρος
2691 4591 2865 4662 αὐτῆς
2889 4586 3236 4660 ἀνεχώρησεν
3257 4603 3277 4622 ο
3300 4585 3606 4672 χορηγούνέ-

2019 4670 2137 4742 των
2152 4670 2317 4753 αὐτῇ,
2344 4680 2453 4735 τῶν
2483 4680 2623 4751 πρὸς
2673 4679 2851 4747 γένος,
2879 4678 2981 4730 και
2999 4672 3165 4728 αὐτοῦ
3196 4672 3290 4726 τοῦ
3320 4670 3461 4732 υἱοῦ,
3508 4670 3606 4723 καὶ

2018 4769 2128 4824 τῶν
2155 4767 2326 4837 αὐτῆς
2356 4763 2666 4834 ἐπιτρόπων
2691 4762 2812 4815 κατ’
2840 4760 2958 4821 ἔτος
2987 4757 3057 4811 τὰ
3087 4757 3193 4828 χρή
3205 4772 3371 4825 ματα,
3414 4754 3605 4825 ῶσπερ

2021 4852 2204 4924 λύχνῳ
2232 4848 2444 4920 φαιδρῷ
2482 4845 2849 4918 χορηγοῦντες
2872 4843 2933 4897 τὸ
2967 4842 3144 4896 ἔλαιον
3164 4857 3178 4872 ·
3210 4841 3334 4910 ήτις
3364 4839 3607 4911 λαμπρῷ

2021 4940 2103 5012 τῷ
2160 4936 2301 5007 φωτὶ
2352 4935 2452 5005 τῆς
2484 4930 2861 5012 ἐλεημοσύνης
2908 4926 3007 4999 τὴν
3063 4927 3241 5012 φλόγα
3292 4926 3609 5012 ἀνάπτουσα

2025 5010 2191 5095 ίλαρᾷ
2226 5023 2294 5093 τῇ
2326 5020 2472 5073 δόσει
2515 5016 2725 5079 πάντας
2757 5011 3047 5082 ἐφώτισεν.
3093 5011 3216 5070 Ἐπὶ
3248 5010 3502 5064 τοσοῦτον
3550 5011 3608 5063 δὲ

2024 5112 2092 5180 τῇ
2122 5104 2363 5176 ξενιτείᾳ.
2383 5101 2865 5174 ἐγκαρτερήσασα,
2888 5098 3009 5151 οὐδὲ
3026 5096 3311 5168 σπιθαμήν
3336 5096 3609 5180 ἐκτήσατο

2025 5176 2128 5264 γῆς
2145 5206 2159 5221 ⁵
2186 5192 2287 5247 οὐκ
2320 5186 2622 5256 ἐξελκύσθη
2653 5184 2748 5239 τοῦ
2783 5183 2949 5237 πόθου
2977 5184 3076 5253 τῆς
3110 5180 3345 5253 ἐρημίας
3373 5179 3478 5234 ὑπὸ
3513 5176 3609 5248 τῆς

2026 5276 2122 5330 τοῦ
2162 5274 2281 5327 υἱοῦ
2319 5271 2615 5341 ἐπιθυμίας
2643 5286 2659 5302 σ
2689 5269 2789 5323 οὐκ
2821 5268 3083 5339 ἐμέρισεν
3123 5266 3295 5333 αὐτὴν
3344 5265 3443 5334 τῆς
3473 5264 3611 5331 πρὸς

2028 5360 2266 5434 Χριστὸν
2291 5357 2515 5429 ἀγάπης
2534 5356 2562 5407 6
2590 5353 2683 5419 τοῦ
2713 5352 3036 5429 μονογενοῦς
3062 5351 3194 5406 Υίοῦ
3224 5349 3392 5421 αὐτῆς
3423 5348 3609 5411 πόθος.

2043 5445 2207 5503 Ἀλλά
2258 5447 2379 5507 ταῖς
2415 5443 2746 5513 προσευχαῖς
2780 5441 2901 5502 ταῖς
2951 5437 3127 5501 ὁσίαις
3178 5435 3383 5507 ταύτης
3434 5437 3532 5506 κα).
3584 5437 3613 5489 6

2030 5533 2294 5601 νεώτερος
2319 5532 2398 5593 είς
2437 5529 2603 5597 ἄκρον
2626 5525 2874 5585 παιδείας
2900 5524 3122 5597 ήλασεν,
3155 5524 3251 5576 καὶ
3284 5523 3365 5584 είς
3395 5522 3612 5592 τρόπων

2030 5615 2397 5692 χρηστότητα.
2443 5611 2719 5680 Ἐφθασεν
2748 5609 2805 5662 δὲ
2840 5610 2933 5663 καὶ
2968 5610 3047 5672 είς
3090 5608 3268 5679 γάμον
3323 5602 3466 5672 κατὰ
3519 5606 3612 5692 τόν

2032 5689 2239 5774 κόσμον
2288 5698 2478 5753 τοῦτον
2514 5697 2778 5763 ἐπίδοξον,
2833 5695 2929 5749 καὶ
2970 5694 3119 5758 ἐντὸς
3170 5695 3280 5746 τῶν
3332 5689 3616 5762 κοσμικῶν

2036 5786 2365 5860 ἀξιωμάτων
2398 5782 2632 5851 ἐγένετο.
2661 5782 2862 5852 Ἕσχεν
2890 5780 2947 5834 δὲ
2986 5780 3080 5834 καὶ
3113 5778 3319 5835 τέκνων
3352 5776 3541 5833 δυάδα.
