4112 6570
530 368 670 440 122!

1970 366 2318 427 PALLADI]

3669 320 3807 429 m8

602 478 759 537 Μετά
790 476 1021 541 πολλοὺς
1046 470 1141 531 οῦν
1177 474 1305 541 τοὺς
1341 475 1567 548 χρόνους
1595 473 1881 530 ἀκούσασα
1913 472 2057 541 αῦτη
2083 473 2117 542 ἡ
2147 476 2191 528 Α
2222 488 2405 526 τευτον
2444 472 2792 544 καταλεῖψαι,
2835 473 3072 543 γραῒδων
3124 473 3268 544 τάχα
3299 474 3513 530 πολλῶν
3559 480 3806 530 συνετῶν

534 563 840 639 σεμνοτάτη
876 563 1005 633 περὶ
1032 562 1132 632 τῆς
1167 561 1560 624 καταστάσεως
1593 562 1692 631 τῆς
1741 558 1996 630 ἐκγόνης,
2029 559 2112 612 ὃτι

532 649 760 719 ιγημεν,
794 646 888 699 καὶ
914 644 1221 716 προῄρηται
1251 643 1650 709 ἀποτάξασθαι,
1694 641 1993 711 φοϐηθεῖσα
2033 640 2109 711 μή

531 748 664 785 ποτε
698 728 1078 800 περιρῤαγῶσι
1108 725 1595 796 κακοδιδασκαλίᾳ,
1625 724 1658 797 ἢ
1687 725 1917 793 αἱρέσει,
1953 724 2112 795 ἥκα-

532 814 759 883 κοζωῖᾳ,
806 812 1071 883 ἐξήκοντα
1115 811 1253 864 ἐτῶν
1315 809 1616 880 πρεσϐύτις
1669 806 1803 863 οὖσα
1857 807 2112 862 ἐνέϐαλεν

531 897 732 967 ἑαυτὴν
759 898 838 956 είς
863 894 1049 946 πλοῖον
1075 910 1088 924 ο
1109 894 1204 946 καὶ
1229 892 1337 946 άπὸ
1361 892 1461 963 τῆς
1490 892 1818 963 Καισαρέων
1840 891 2114 948 ἀποπλεύ-

531 998 676 1036 σασα
706 981 774 1034 δι’
799 980 972 1034 εῐκοσι
999 979 1223 1048 ἡμερῶν
1248 978 1585 1049 παρεγένετο
1622 980 1703 1039 εἰς
1746 977 1986 1048 Ῥώμην,
2018 979 2115 1031 καὶ

530 1069 645 1129 ’.τοῖς
684 1066 801 1119 ἐκεῖ
832 1061 1192 1133 συντυχοῦσα,
1226 1061 1318 1115 τὸν
1353 1063 1453 1132 μὲν
1494 1060 1912 1133 μακαριώτατον
1945 1062 2115 1134 ἄνδρα

533 1152 628 1204 καὶ
677 1149 1132 1217 ἀξιολογώτατον,
1176 1147 1562 1217 λαμπρότατον
1605 1145 1957 1218 Ἀπρονιανὸν
1984 1146 2115 1199 Ἕλ-

532 1232 671 1302 ληνα
718 1232 848 1285 ὅντα
886 1231 1271 1301 κατηχήσασα,
1300 1228 1626 1301 Χριστιανὸν
1670 1229 1960 1300 ἐποίησενο
1993 1230 2117 1283 πεί·

535 1331 678 1371 σασα
714 1315 878 1369 αὑτὸν
925 1314 1020 1367 καὶ
1066 1312 1497 1384 ἐγκρατεύεσθαι
1545 1312 1685 1383 μετά
1730 1314 1829 1384 τῆς
1857 1314 2115 1382 γυναικὸς

535 1399 757 1462 ἐαυτοῦ,
808 1396 1095 1466 ἀδελφιδῆς
1130 1397 1189 1450 δὲ
1220 1398 1423 1467 ταύτης
1469 1399 1566 1467 τῆς
1602 1397 1880 1469 μακαρίας
1914 1397 2113 1455 καλου-

539 1483 707 1553 μένης
741 1480 994 1544 Ἀϐίττας
1018 1498 1031 1512 ·
1062 1480 1364 1553 στηρίξασα
1393 1481 1449 1534 δὲ
1470 1482 1564 1534 καὶ
1583 1481 1681 1551 τὴν
1716 1481 1852 1534 ίδίαν
1882 1482 2116 1553 ἐκγόνην

536 1565 815 1621 Μελανίαν
846 1565 944 1636 τὴν
972 1566 1241 1636 νεωτέραν
1264 1565 1361 1617 σὺν
1384 1563 1459 1635 τῷ
1481 1565 1651 1635 αὐτῆς
1671 1563 1827 1632 ἀνδρὶ
1856 1564 2115 1636 Πινιανῷ.

538 1650 868 1720 Κατήχησεν
901 1649 959 1702 δέ
998 1649 1092 1702 καὶ
1125 1648 1373 1700 Ἀλϐίναν
1396 1648 1494 1708 τὴν
1525 1647 1725 1718 έαυτῆς
1756 1648 1998 1718 νύμφην,
2022 1665 2118 1715 γυ-

537 1734 701 1785 ναῖκα
722 1732 779 1785 δὲ
809 1730 903 1785 τοῦ
928 1731 1044 1785 υἱοῦ
1070 1731 1239 1802 αὐτῆς
1259 1746 1273 1761 ”
1292 1731 1388 1786 καὶ
1409 1733 1881 1802 παρασκευάσασα
1909 1735 2117 1796 πάντας

2218 555 2313 607 καὶ
2367 555 2674 609 σπουδαίων
2714 556 2922 628 ταύτην
2970 556 3106 611 πολὺ
3158 557 3360 629 μᾶλλον
3410 558 3804 630 διαφέρουσαν.

2217 637 2328 708 Τὴν
2355 638 2484 691 νέαν
2515 639 2696 693 τοίνυν
2722 641 2790 709 τῇ
2823 639 3029 711 ἡλικίᾳ,
3077 640 3378 713 πρεσϐύτιν
3408 642 3465 695 δὲ
3509 645 3576 714 τῇ
3610 642 3805 713 γνώμῃ

2213 720 2315 791 τῆς
2355 721 2634 785 εὐσεϐείας
2653 738 2668 755 ·
2693 722 2899 791 ταύτην
2930 723 3031 795 μὲν
3066 724 3160 797 βίᾳ
3189 726 3239 778 οἱ
3266 729 3633 794 γεννήσαντες
3666 729 3803 796 ἠγα-

2215 828 2314 880 γον
2343 812 2480 885 πρὸς
2530 814 2733 883 γάμον,
2780 812 3072 881 ζεύξαντες
3120 815 3288 884 αὐτὴν
3333 814 3412 885 τῷ
3464 814 3677 885 πρώτῳ
3709 816 3807 885 τῆς

2226 896 2471 968 Ῥώμης.
2504 897 2667 960 Ἦτις
2697 898 2786 950 ἀεὶ
2811 900 2923 962 τοῖς
2949 899 3256 969 διηγήμασι
3290 898 3389 967 τῆς
3424 900 3631 967 ἑαυτῆς
3660 898 3807 968 μάμο

2219 997 2328 1050 μης
2358 980 2659 1050 νυττομένη
2713 981 2807 1033 ἐπὶ
2853 980 3094 1035 τοιοῦτον
3146 981 3479 1053 έκεντρώθη,
3539 983 3617 1045 ὡς
3671 982 3805 1051 μηδὲ

2214 1062 2509 1134 δυνηθῆναι
2561 1063 3078 1135 ἐξυπηρετήσασθαι
3129 1065 3205 1135 τῷ
3238 1067 3422 1135 γάμῳ.
3478 1066 3801 1134 Γενομένων

2216 1147 2324 1218 γὰρ
2353 1147 2492 1218 αύτῇ
2532 1146 2627 1201 δύο
2661 1148 2893 1202 παιδίων
2923 1150 3193 1221 ἀρρένων,
3226 1150 3321 1202 καὶ
3348 1150 3458 1201 τῶν
3486 1150 3583 1202 δύο
3619 1149 3805 1202 τελευ-

2214 1230 2521 1299 τησάντων,
2562 1233 2642 1294 είς
2659 1230 2915 1284 τοσοῦτον
2946 1234 3101 1303 μῖσος
3122 1230 3217 1285 τοῦ
3252 1233 3433 1301 γάμου
3466 1233 3703 1301 ἧλασεν,
3730 1232 3803 1292 ὡς

2217 1315 2390 1366 είπεῖν
2423 1312 2500 1384 τῷ
2538 1314 2739 1382 ἑαυτῆς
2792 1315 2948 1384 ἀνδρὶ
2988 1314 3247 1383 Πινιανῷ,
3276 1314 3355 1381 τῷ
3404 1314 3505 1384 υἱῷ
3558 1316 3801 1384 Σευήρου

2216 1396 2311 1449 τοῦ
2343 1397 2452 1450 ἀπὸ
2493 1396 2774 1466 ἐπάρχων,
2814 1398 2898 1450 ὅτι
2948 1397 3014 1449 Et
3052 1398 3151 1466 μέν
3176 1400 3437 1468 αἱρήσαις
3480 1396 3805 1465 συνοικῆσαί

2221 1496 2312 1551 μοι
2334 1480 2473 1534 κατά
2501 1480 2591 1533 τὸν
2611 1481 2710 1551 τῆς
2734 1480 3093 1552 σωφροσύνης
3118 1482 3295 1550 λόγον,
3326 1483 3419 1535 καὶ
3445 1482 3723 1552 δεσπότην
3746 1501 3806 1536 σε

2217 1559 2357 1627 οἴδα,
2396 1563 2490 1616 καὶ
2530 1564 2719 1634 κύριον
2752 1567 2852 1636 τῆς
2896 1565 3035 1635 έμῆς
3072 1564 3217 1634 ζωῆς
3259 1565 3582 1636 ὁμολογήσω
3628 1584 3727 1619 σε’
3758 1570 3809 1621 ει

2217 1645 2274 1699 δὲ
2306 1645 2470 1716 βάρος
2508 1663 2590 1699 σοι
2619 1646 2780 1700 τοῦτο
2806 1647 2881 1710 ὠς
2913 1648 3165 1718 νεωτέρῳ
3194 1649 3465 1717 φαίνεται,
3488 1652 3669 1703 πάντα
3703 1667 3807 1719 μου

2219 1729 2352 1783 λάϐε
2377 1730 2444 1783 τὰ
2476 1730 2803 1801 πράγματα,
2837 1731 2932 1785 καὶ
2973 1731 3133 1800 μόνον
3170 1732 3231 1783 τὸ
3257 1732 3416 1800 σῶμά
3451 1750 3555 1802 μου
3589 1733 3807 1786 ἐλευθέ-

537 1813 762 1876 τούτους
806 1813 1147 1883 διαπωλῆσαι
1198 1813 1268 1866 τά
1330 1813 1684 1884 ὑπάρχοντα,
1738 1815 1837 1884 τῆς
1902 1814 2119 1885 Ῥώμης
2149 1827 2192 1882 Β
2223 1830 2418 1884 ρωσον,
2447 1814 2535 1867 ἵνα
2564 1814 2971 1886 πληροφορήσω
3010 1831 3110 1885 μου
3139 1814 3281 1867 κατά
3315 1814 3449 1867 Θεὸν
3480 1816 3805 1885 ἐπιθυμίαν,

538 1896 831 1968 ἐξήγαγεν,
853 1897 950 1951 καὶ
979 1898 1073 1950 ἐπὶ
1098 1896 1189 1967 τὸν
1216 1896 1413 1966 σεμνὸν
1436 1896 1531 1950 καὶ
1551 1896 1895 1965 γαληνιῶντα
1921 1896 2117 1965 λιμένα

535 1980 631 2034 τοῦ
664 1981 783 2051 βίου
811 1981 1040 2051 ἢγαγεν.
1066 1981 1176 2033 Καὶ
1204 1981 1381 2045 οὕτως
1407 1981 1545 2053 πρὸς
1570 1980 1781 2043 πάντας
1810 1982 1936 2044 τοὺς
1964 1984 2020 2034 ἐν
2052 1984 2115 2053 τῇ

550 2064 744 2138 Ῥώμῃ
794 2065 1191 2137 συγκλητικοὺς
1222 2065 1683 2136 ἐθηριομάχησεν,
1718 2066 1813 2119 καὶ
1847 2066 1982 2137 πρὸς
2020 2068 2118 2130 τὰς

488 2168 491 2169 ⁷
538 2148 747 2203 τούτων
778 2146 1095 2216 ἐλευθέρας,
1125 2146 1439 2202 κωλυόντων
1475 2150 1611 2219 αὐτῇ
1646 2150 1738 2201 ἐπὶ
1769 2151 1834 2218 τῇ
1867 2150 2117 2219 ἀποταγῇ

537 2230 646 2285 τῶν
678 2229 885 2287 λοιπῶν
900 2230 1138 2283 οἰκείων.
1181 2230 1247 2283 Ἥ
1272 2230 1330 2283 δὲ
1350 2230 1446 2283 τοῦ
1478 2230 1718 2302 Χριστοῦ
1742 2231 1902 2300 δούλη
1935 2231 2121 2300 ἔλεγεν

538 2315 759 2377 αὐτοῖς’
792 2313 1010 2379 Παιδία,
1054 2313 1164 2384 πρὸ
1204 2314 1575 2385 τετρακοσίων
1622 2315 1759 2368 ἐτῶν
1800 2316 2015 2385 ἐγράφη
2037 2316 2120 2367 ὅτι

540 2398 745 2469 ἐσχάτη
776 2397 893 2468 ὥρα
921 2397 1071 2450 ἐστίν
1097 2413 1110 2427 ·
1134 2396 1185 2449 τί
1217 2392 1309 2450 οὖν
1331 2398 1763 2468 ἐμφιλοχωρεῖτε
1788 2402 1855 2469 τῇ
1891 2398 2121 2469 ματαιό-

538 2499 665 2553 τητι
712 2480 807 2534 τοῦ
858 2480 998 2551 βίου,
1043 2480 1117 2551 μή
1155 2496 1288 2533 ποτε
1341 2481 1621 2545 φθάσωσιν
1673 2482 1731 2534 αἱ
1787 2482 1992 2552 ἡμέραι
2027 2481 2120 2535 τοῦ

555 2565 946 2637 Ἀντιχρίστου,
979 2565 1074 2617 καὶ
1103 2563 1180 2635 μὴ
1204 2563 1468 2635 δυνηθῆτε
1495 2564 1805 2618 ἀπολαῦσαι
1840 2565 1994 2635 ὑμῶν
2027 2563 2120 2617 τοῦ

541 2649 775 2703 πλούτου
808 2650 905 2704 καὶ
928 2647 1038 2701 τῶν
1064 2649 1407 2719 προγονικῶν
1430 2649 1585 2718 ὑμῶν
1616 2649 1977 2720 πραγμάτων.
2010 2650 2124 2706 Καὶ

540 2735 630 2790 διὰ
667 2732 874 2789 τούτων
896 2731 1004 2785 τῶν
1031 2732 1206 2801 λόγων
1237 2732 1449 2795 πάντας
1472 2732 1890 2803 ἐλευθερώσασα
1912 2734 2123 2805 ἤγαγεν

540 2820 635 2873 ἐπὶ
669 2816 759 2870 τὸν
778 2816 991 2888 μονήρη
1017 2815 1153 2885 βίον.
1171 2815 1281 2869 Καὶ
1301 2815 1392 2868 τὸν
1420 2811 1733 2869 Ποπλικόλα
1754 2817 1810 2870 δὲ
1838 2816 1953 2869 υἱὸν
1987 2835 2119 2870 κατ-

541 2906 797 2974 ηχήσασα
863 2902 955 2956 τὸν
998 2900 1286 2972 νεώτερον,
1325 2901 1535 2971 ἡγαγεν
1586 2900 1680 2953 ἐπὶ
1717 2900 1816 2971 τὴν
1849 2901 2120 2967 Σικελίαν,

543 2988 610 3040 τά
651 2986 850 3055 ἐαυτῆς
896 2983 1299 3053 ὑπολειφθέντα
1347 2985 1526 3038 πάντα
1560 2983 1989 3055 διαπωλήσασα·
2029 2987 2123 3039 καὶ

542 3070 642 3135 τὰς
672 3071 839 3141 τιμὰς
868 3068 1254 3140 ὑποδεξαμένη
1277 3065 1441 3140 ἦλθεν
1474 3067 1636 3122 πάλιν
1660 3068 1755 3122 ἐπὶ
1791 3071 1860 3122 τά
1901 3069 2126 3143 Ἰεροσό-

2219 1896 2556 1967 κληρονόμος
2588 1897 2856 1967 γενομένη
2897 1897 2998 1967 τῆς
3056 1897 3211 1951 κατά’
3262 1898 3394 1950 Θεὸν
3449 1900 3652 1969 ἀρετῆς
3705 1900 3806 1968 τῆς

2218 1978 2362 2049 ἐμῆς
2405 1980 2664 2049 μάμμης,
2697 1975 2767 2052 ἧς
2793 1981 2887 2032 καὶ
2911 1979 2970 2032 τὸ
2997 1979 3166 2049 ὄνομα
3191 1980 3318 2050 ἔχω.
3341 1982 3404 2033 Εἰ
3421 1983 3535 2052 γάρ
3554 1981 3805 2035 ἐϐούλετο

2219 2062 2368 2132 ἡμᾶς
2391 2064 2420 2115 ό
2448 2063 2579 2125 Θεὸς
2602 2064 2658 2114 ἐν
2685 2062 2763 2133 τῷ
2794 2062 2985 2133 κόσμῳ
3016 2062 3191 2132 τούτῳ
3216 2063 3449 2132 διάγειν,
3481 2067 3579 2117 καὶ
3614 2065 3724 2119 τῶν
3746 2064 3803 2133 ἐξ

2219 2145 2384 2200 αὑτοῦ
2416 2145 2735 2211 ἀπολαύειν,
2776 2146 2876 2199 ούκ
2906 2145 2972 2198 άν
3010 2163 3111 2215 μου
3149 2145 3343 2199 ἔλαϐεν
3397 2148 3555 2218 ἄωρα
3602 2150 3669 2200 τά
3716 2165 3805 2200 τεο

2219 2229 2420 2299 χθέντα
2453 2229 2665 2283 παιδία.
2710 2229 2833 2281 Ἐπὶ
2869 2230 3038 2282 πολὺν
3071 2229 3129 2281 δὲ
3161 2231 3350 2300 χρόνον
3376 2231 3803 2302 ζυγομαχησάν-

2219 2330 2330 2370 των
2366 2311 2544 2367 αὐτῶν
2578 2314 2657 2376 είς
2694 2311 2922 2381 ὕστερον
2969 2315 2997 2366 ὁ
3034 2313 3166 2377 Θεὸς
3216 2318 3679 2386 κατοικτειρήσας
3718 2316 3806 2369 τὸν

2222 2395 2363 2461 νέον,
2397 2396 2658 2466 ἐνέθηκεν
2694 2397 2788 2450 καὶ
2819 2397 2995 2464 τούτῳ
3024 2397 3184 2467 ζῆλον
3207 2399 3536 2463 θεοσεϐείας,
3570 2400 3647 2463 ὡς
3677 2404 3807 2453 ἀπο-

2220 2480 2490 2545 τάξασθαι
2522 2482 2672 2551 πάσῃ
2706 2484 2771 2553 τῇ
2802 2481 2903 2554 ὕλῃ
2943 2481 3038 2537 τοῦ
3070 2482 3307 2553 κόσμου,
3340 2484 3416 2547 ώς
3448 2485 3806 2555 πληρωθῆναι

2222 2564 2284 2617 τὸ
2304 2564 2694 2633 γεγραμμένον
2718 2564 2813 2618 τοῦ
2844 2564 3172 2618 Ἀποστόλου
3198 2568 3363 2637 ῥητόν
3388 2586 3400 2599 ι
3424 2568 3492 2621 Τί
3512 2567 3803 2637 γὰροέδας,

2224 2648 2406 2719 γύναι,
2439 2650 2489 2702 εί
2516 2648 2607 2703 τὸν
2636 2648 2805 2717 ἄνδρα
2834 2648 3070 2715 σώσεις;
3106 2652 3139 2722 ἢ
3174 2652 3227 2704 τί
3249 2647 3418 2716 οἶδας,
3446 2654 3601 2724 ἄνερ,
3635 2656 3686 2707 εί
3713 2654 3805 2725 τὴν

2223 2735 2462 2802 γυναῖκα
2490 2731 2686 2797 σώσεις
2711 2749 2725 2796 ;
2758 2734 3056 2804 Γημαμένη
3085 2734 3177 2789 οῦν
3198 2737 3503 2805 δεκατριῶν
3533 2738 3694 2801 ἐτῶν,
3719 2750 3808 2792 καὶ

2228 2814 2518 2885 συζήσασα
2551 2815 2631 2886 τῷ
2656 2817 2811 2888 ἀνδρὶ
2845 2818 2984 2871 ἑπτά
3009 2819 3129 2889 ἐτη,
3169 2818 3247 2889 τῷ
3279 2820 3509 2889 είκοστῷ
3536 2821 3650 2874 ἔτει
3705 2825 3809 2876 άπ-

2224 2898 2466 2975 ετάξατο.
2478 2900 2585 2954 Καὶ
2598 2901 2815 2972 πρῶτον
2830 2902 2928 2972 μὲν
2947 2904 3121 2959 πάντα
3138 2905 3308 2974 αὐτῆς
3321 2906 3385 2958 τὰ
3400 2909 3603 2977 σηρικὰ
3615 2910 3647 2979 ἡ
3657 2909 3812 2976 μιφόο

2229 2984 2683 3055 ριακκαλύμματα
2713 2988 2826 3049 τοῖς
2854 2986 3265 3060 θυσιαστηρίοις
3286 2989 3619 3061 ἐδωρήσατο.
3644 2992 3813 3046 Τοῦτο

2228 3067 2613 3139 δὲζπεποίηκεν
2647 3070 2743 3123 καὶ
2778 3071 2811 3139 ή
2835 3071 3255 3144 σεϐασμιωτάτη
3300 3074 3732 3143 Ὀλυμπιάς-,Τὰ
3754 3077 3810 3132 δὲ

543 3154 711 3225 λυμα,
750 3154 845 3207 καὶ
872 3153 1204 3223 διανείμασα
1232 3152 1330 3216 τὰς
1364 3153 1493 3216 ὔλας
1530 3153 1682 3217 ἐντὸς
1712 3155 2127 3225 τεσσαράκοντα
2155 3175 2200 3236 c
2231 3152 2396 3207 λοιπά
2414 3155 2617 3225 σηρικὰ
2640 3153 2914 3226 ἐνδύματα
2940 3157 3537 3231 συγκόψασα,διάφορα
3557 3162 3809 3232 ἐποίησεν

545 3240 767 3312 ἡμερῶν
802 3237 1074 3309 ἐκοιμήθη
1124 3240 1181 3291 ἐν
1215 3240 1375 3308 γήρει
1407 3238 1558 3309 καλῷ
1603 3240 1697 3292 καὶ
1740 3241 1898 3310 τιμία
1938 3242 2129 3317 μνήμῃ

546 3326 642 3379 καὶ
673 3322 954 3395 βαθυτάτῃ
994 3321 1270 3392 πραΰτητι
1303 3322 1532 3391 κομῶσα
1561 3326 1680 3387 ταῖς
1707 3322 2136 3395 ἐλεημοσύναις,

474 3469 487 3480 ε
545 3408 642 3465 καὶ
671 3409 747 3480 τῷ
779 3406 979 3477 καρπῷ
1008 3407 1117 3460 τῶν
1143 3407 1363 3474 ἀγαθῶν
1395 3407 1573 3478 ἔργων
1597 3407 1892 3482 βριθομένη
1911 3427 1925 3441 °
1956 3428 2129 3466 κατα-

546 3490 782 3562 λείψασα
829 3490 926 3545 καὶ
958 3492 1327 3562 μοναστήριον
1386 3493 1446 3545 ἐν
1490 3490 1909 3564 Ἱεροσολύμοις,
1938 3496 2032 3549 καὶ
2061 3495 2130 3553 τὰ

546 3575 643 3648 τῆς
672 3576 846 3647 μονῆς
872 3576 1228 3645 ἀναλώματα.

631 3681 721 3744 Ὦς
747 3681 804 3735 δέ
838 3682 1038 3744 πάντες
1054 3675 1201 3735 οῦτοι
1225 3682 1273 3733 οί
1302 3678 1407 3734 ὑπὸ
1448 3679 1548 3750 τῆς
1580 3683 1854 3753 μακαρίας
1875 3682 2131 3755 Μελάνης

548 3766 955 3837 κατηχηθέντες
1000 3769 1099 3836 τῆς
1141 3764 1363 3835 Ῥώμης
1400 3764 1781 3837 ἀνεχώρησαν,
1811 3767 2012 3822 θύελλά
2044 3785 2127 3831 τις

552 3849 948 3923 βαρϐαρικὴ,ή
998 3852 1093 3903 καὶ
1138 3852 1198 3904 ἐν
1247 3850 1613 3921 προφητείαις
1659 3852 1828 3906 πάλαι
1877 3853 2129 3923 κειμένη,

549 3936 755 4007 ἐπέστη
793 3939 858 4008 τῇ
916 3936 1126 4008 Ῥώμῃ,
1163 3938 1259 3990 καὶ
1302 3936 1404 3990 οὐκ
1449 3936 1634 3990 εἴασεν
1703 3937 1826 3992 οὐδὲ
1874 3938 2003 4002 τοὺς
2040 3936 2129 3993 ἐπ’

549 4023 728 4094 ἀγορᾷ
758 4022 1082 4093 ἀνδριάντας
1112 4021 1370 4091 χαλκοῦς,
1401 4022 1559 4079 ἀλλὰ,
1582 4022 1762 4079 πάντα
1806 4024 2131 4096 πορθήσασα

553 4106 864 4178 βαρϐαρικῇ
902 4106 1151 4177 ἀπονοίᾳ,
1194 4106 1511 4177 παρέδωκεν
1557 4108 1825 4185 ἀπωλείᾳ,
1874 4109 1951 4175 ώς
1977 4110 2132 4179 γενέ-

553 4190 676 4245 σθαι
707 4191 808 4259 τὴν
853 4189 1095 4260 Ῥώμην,
1139 4190 1238 4260 τὴν
1275 4192 1332 4244 ὲν
1371 4191 1564 4262 χιλίοις
1612 4193 1909 4257 διακοσίοις
1953 4196 2130 4249 ἐτεσιν

544 4274 1033 4345 φιλοκαληθεῖσαν,
1060 4274 1203 4327 κατά
1260 4274 1357 4343 τὴν
1391 4278 1493 4344 τῆς
1534 4277 1803 4348 Σιϐύλλης
1830 4280 2013 4349 ῥῆσιν,
2042 4278 2131 4349 po.

556 4376 684 4437 μην.
725 4359 859 4413 Τότε
896 4361 945 4411 οί
969 4357 1372 4428 κατηχηθέντες
1401 4358 1619 4431 ἔχαιρον
1655 4362 1731 4431 μὴ
1762 4380 2128 4434 συμπαραπε-

554 4444 737 4506 σόντες
792 4445 905 4507 τοῖς
956 4442 1349 4512 ἀνηκεστάτοις
1397 4447 1589 4507 κακοῖς
1637 4446 1736 4515 τῆς
1782 4448 2127 4518 πορθήσεως,

551 4527 870 4593 δοξάζοντες
915 4528 1007 4580 τδν
1060 4526 1193 4580 Θεὸν
1224 4527 1315 4580 ἐπὶ
1348 4530 1413 4597 τῇ
1447 4528 1645 4600 ἀρίστῃ
1700 4532 1968 4603 μεταϐολῇ
2018 4534 2127 4586 τῶν
2158 4520 2209 4580 D

554 4611 920 4683 πραγμάτων,
946 4609 1036 4664 καὶ
1073 4612 1141 4682 τῇ
1191 4609 1480 4681 παραδόξῳ
1530 4612 1709 4668 αὐτῶν
1741 4617 2006 4687 σωτηρίᾳ,
2040 4617 2132 4670 τὸν

552 4695 739 4759 αὐτοῖς
764 4696 950 4767 ἔργοις
973 4696 1239 4749 πείσαντα
1264 4694 1391 4757 τοὺς
1413 4695 1697 4759 ἀπίστους,
1719 4700 1929 4754 ὅτιτῶν
1953 4702 2131 4755 ἄλλων

552 4780 774 4835 πάντων
820 4780 1375 4852 αἰχμαλωτισθέντων
1400 4776 1546 4834 οῦτοι
1591 4782 1744 4852 μόνοι
1792 4784 2130 4854 διεσώθησαν

550 4865 602 4918 οἱ
652 4860 791 4918 οἴκοι
828 4863 1189 4933 ὁλοκαύτωμα
1227 4865 1511 4937 γενόμενοι
1557 4865 1636 4936 τῷ
1681 4867 1871 4939 Κυρίῳ
1922 4870 2129 4940 σπουδῇ

551 4948 805 5019 Μελάνης
836 4949 937 5019 τῆς
963 4948 1208 5018 ἀοιδίμου
1248 4949 1342 5002 καὶ
1385 4949 1679 5012 ἀθανάτου,
1721 4950 1830 5003 τῶν
1857 4954 2131 5008 ἐναντιου-

554 5034 734 5101 μένων
803 5032 1050 5104 σωτηρίᾳ
1104 5032 1362 5104 ἀπρακτα
1424 5033 1828 5104 μετανοούντων
1891 5038 1989 5107 6ψέ
2037 5041 2131 5095 τοῦ

552 5134 641 5174 και
652 5134 769 5189 ρου.

1122 5235 1377 5291 ΚΕΦΑΛ.
1410 5238 1559 5293 ΡΙΕΥ.

869 5418 1010 5488 Περὶ
1053 5418 1331 5486 Μελαίνης
1372 5418 1483 5489 τῆς
1518 5425 1830 5491 νεωτέρας.

636 5534 856 5603 Ἐπειδὴ
899 5534 988 5588 δέε
1012 5535 1440 5606 προῦπεσχόμην
1462 5537 1721 5610 ἀνωτέρω
1763 5541 2132 5613 διηγήσασθαι

554 5618 683 5687 περὶ
714 5618 807 5671 τοῦ
841 5618 1055 5672 παιδίου
1088 5618 1367 5689 Μελάνης,
1400 5623 1698 5689 ἀναγκαῖον
1726 5624 1786 5679 τὸ
1810 5629 1972 5699 χρέος
1993 5630 2130 5683 ἀπο-

553 5701 738 5781 δοῦναί
770 5720 838 5774 με
873 5704 989 5759 νῦν.
1021 5704 1096 5771 Ού
1122 5706 1231 5776 γὰρ
1255 5705 1464 5760 δίκαιον
1498 5708 1856 5776 ὑπεριδόντας
1886 5715 2035 5781 ἡμᾶς
2069 5717 2129 5769 τὸ

553 5780 756 5861 ταύτης
784 5782 1046 5865 νεώτερον
1082 5786 1139 5839 ἐν
1171 5784 1654 5866 σαρκὶητοσαύτην
1677 5789 1878 5863 ἀρετὴν
1909 5780 2128 5865 ἀστηλί-

2233 3236 2662 3305 ἐκκλησιαστικά
2694 3237 2920 3293 ἔπιπλα.
2951 3241 3055 3294 Τὸν
3085 3242 3142 3294 δέ
3173 3243 3417 3313 ἄργυρον
3443 3245 3658 3299 καὶτὸν
3685 3265 3809 3316 χρυ·

2233 3319 2325 3373 σὸν
2361 3320 2776 3390 ὲμπιστεύσασα
2810 3322 3008 3394 Παύλῳ
3046 3326 3153 3378 τινὶ
3175 3328 3558 3398 πρεσϐυτέρῳ,
3594 3332 3813 3401 μοναχῷ

2232 3403 2618 3474 Δαλματησίῳ,
2654 3403 2743 3457 διά
2790 3404 3068 3476 θαλάσσης
3096 3407 3419 3461 ἀπέστειλεν
3454 3412 3514 3463 ὲν
3547 3415 3617 3483 τῇ
3662 3415 3810 3467 Ἀνα-

2229 3486 2385 3557 τολῇ,
2413 3486 2696 3557 Αἰγύπτῳ,
2734 3488 2827 3542 καὶ
2854 3490 3082 3560 Θηϐαίδι
3107 3493 3421 3564 νομίσματα
3454 3495 3649 3567 μύριω
3699 3502 3810 3552 Ἂν-

2231 3571 2441 3642 τιοχείᾳ
2474 3572 2567 3625 καὶ
2622 3574 2734 3636 τοῖς
2789 3573 3015 3646 μέρεσιν
3063 3576 3231 3647 αὐτῆς
3268 3579 3577 3649 νομίσματα
3618 3584 3808 3653 μύρια·

2229 3655 2571 3727 Παλαιστίνῃ
2599 3657 2916 3727 νομίσματα
2939 3659 3108 3730 μύρια
3140 3665 3576 3733 πεντακισχίλια*
3608 3672 3731 3732 ταῖς
3753 3671 3809 3721 ἐν

2231 3741 2352 3801 ταῖς
2392 3739 2579 3809 νήσοις
2608 3739 2961 3811 ἐκκλησίαις,
3014 3744 3110 3798 καὶ
3156 3749 3269 3808 τοῖς
3297 3748 3354 3800 ὲν
3398 3752 3520 3812 ταῖς
3552 3750 3804 3823 ἐξορίαις,

2231 3823 2546 3894 νομίσματα
2582 3823 2777 3895 μύρια·
2810 3829 2933 3891 ταῖς
2964 3829 3105 3882 κατά
3142 3832 3242 3899 τὴν
3271 3832 3436 3885 Λύσιν
3466 3835 3803 3904 ἐκκλησίαις,

2233 3907 2328 3962 καὶ
2373 3909 2780 3978 μοναστηρίοις,
2826 3911 2918 3964 καὶ
2966 3910 3335 3983 ξενοδοχείοις,
3387 3918 3481 3970 καὶ
3537 3921 3673 3971 πᾶσι
3701 3922 3805 3983 τοῖς

2232 3992 2544 4062 δεομένοις,
2578 3992 2646 4046 δι’
2691 3994 2894 4064 ἑαυτῆς
2941 4000 3300 4069 χορηγήσασα
3348 4002 3443 4053 καὶ
3500 4003 3806 4073 χορηγοῦσα

2230 4076 2439 4130 τούτων
2468 4077 2908 4148 τετραπλασίονα
2928 4095 2942 4109 ·
2974 4080 3049 4143 ὡς
3079 4083 3170 4134 ἐπὶ
3203 4082 3335 4135 Θεοῦ
3367 4084 3727 4157 ἐξαρπάσασα
3747 4090 3810 4140 ὲκ

2232 4156 2326 4212 τοῦ
2368 4159 2635 4228 στόματος
2664 4161 2760 4214 τοῦ
2786 4160 2999 4226 λέοντος
3053 4164 3339 4235 Ἀλαρίχου
3382 4171 3449 4238 τῇ
3487 4170 3689 4240 ἑαυτῆς
3718 4173 3807 4225 πίο

2234 4258 2371 4295 στει.
2434 4242 2838 4314 Ἠλευθέρωσεν
2876 4245 2933 4298 δὲ
2977 4246 3047 4299 τά
3097 4246 3426 4319 βουληθέντα
3477 4253 3805 4322 ἀνδράποδα,

2232 4324 2348 4407 ἀλλ’
2382 4326 2658 4397 ᾑρήσαντο
2691 4329 2893 4397 μᾶλλον
2925 4329 3211 4384 δουλεῦσαι
3258 4332 3337 4401 τῷ
3372 4335 3587 4405 ἀδελφῷ
3618 4339 3805 4407 αὐτῆς,

2230 4398 2276 4474 ᾧ
2328 4407 2749 4480 παρεχώρησεν.
2807 4412 2948 4465 Ἀλλ’
2996 4414 3029 4483 ή
3079 4415 3188 4467 ἀπὸ
3238 4398 3403 4486 τριῶν
3436 4398 3808 4487 νομισμάτων,

2233 4493 2413 4548 πάντα
2440 4494 2507 4546 τὰ
2542 4495 2798 4563 κτήματα
2834 4495 2903 4549 τὰ
2933 4497 2990 4548 ἐν
3024 4501 3143 4561 ταῖς
3192 4500 3477 4564 Σπανίαις,
3515 4504 3609 4556 καὶ
3652 4504 3811 4558 Ἀκυ-

2233 4577 2411 4647 τανίᾳ,
2434 4575 2528 4629 καὶ
2558 4577 2984 4652 Ταρακωνησίᾳ,
3015 4581 3108 4633 καὶ
3129 4582 3382 4646 Γαλλίαις
3394 4585 3805 4657 διαπωλήσασα,

2233 4659 2300 4712 τά
2330 4661 2387 4742 ἐν
2428 4657 2667 4742 Σικελίᾳ,
2705 4660 2797 4712 καὶ
2838 4662 3164 4735 Καμπανίᾳ,
3201 4668 3297 4720 καὶ
3342 4669 3597 4741 Ἀφρικῇ,
3641 4673 3805 4742 ἑαυτῇ

2235 4740 2624 4795 καταλέλοιπεν
2646 4744 2725 4804 είς
2751 4744 3017 4814 χορηγίαν
3042 4751 3443 4821 μοναστηρίων,
3470 4756 3563 4805 καὶ
3596 4740 3809 4809 πάντων

2233 4825 2343 4879 τῶν
2372 4824 2671 4895 δεομένων.
2700 4826 2848 4896 Αὕτη
2873 4829 2905 4896 ή
2934 4828 3095 4897 σοφία
3122 4834 3219 4900 τῆς
3247 4831 3688 4903 θεοφιλεστάτης,
3720 4842 3809 4893 καὶ

2235 4908 2600 4980 πρεσϐυτικὸν
2634 4909 2758 4963 νοῦν
2791 4909 2971 4964 ἔνθεον
2995 4913 3372 4989 ἀνειληφυίας,
3402 4920 3648 4990 περὶτῆς
3681 4922 3810 4986 ῦλης

2231 4990 2325 5045 τοῦ
2360 4990 2585 5063 φορτίου
2613 4992 2720 5049 τῶν
2748 4994 3071 5065 χρημάτων,
3097 4998 3369 5069 Μελανίης
3395 5002 3492 5072 τῆς
3516 5004 3664 5069 νέας.

2314 5111 2380 5164 Ἡ
2408 5110 2466 5165 δὲ
2511 5110 2746 5180 ἄσκησις
2779 5113 2950 5185 αὐτῆς
2982 5114 3098 5168 ἐστὶ
3143 5118 3402 5189 τοιαύτη’
3443 5123 3645 5176 ἐσθίειν
3681 5126 3810 5193 μίαν

2239 5193 2413 5265 παράί
2426 5194 2558 5265 μίαν
2598 5212 2613 5226 ·
2650 5198 2708 5248 ἐν
2741 5196 2797 5251 δὲ
2838 5201 2958 5261 ταῖς
2992 5200 3186 5269 ἀρχαῖς
3228 5203 3321 5254 καὶ
3357 5204 3494 5274 ὑπὲρ
3535 5208 3697 5259 πέντε
3731 5211 3810 5270 είς

2233 5274 2546 5345 ἐφημερίαν
2573 5276 2774 5347 ἑαυτὴν
2804 5279 3013 5343 τάξασα
3039 5280 3146 5332 τῶν
3179 5281 3378 5352 ἑαυτῆς
3427 5284 3703 5352 δουλίδων,
3739 5289 3806 5353 ἀς

2234 5358 2639 5429 συνασκητρίας
2659 5361 2972 5431 είργάσατο.

2306 5550 2416 5633 Καὶ
2462 5548 2605 5619 αῦτη
2654 5550 2709 5605 δὲ
2740 5553 2970 5618 πολλοὺς
3006 5557 3112 5612 τῶν
3146 5560 3345 5630 ἑαυτῆς
3384 5566 3680 5633 συγγενῶν,
3732 5570 3811 5633 εἰς

2235 5631 2407 5722 ζῆλον,
2422 5634 2570 5722 θεῖον
2590 5634 2889 5722 Αδδηγοῦσα,
2934 5638 3207 5697 θεοσεϐεῖν
3238 5644 3367 5709 ἴσως
3398 5631 3596 5709 αὐτούς
3623 5631 3811 5722 ἐποίηελ

2235 5734 2348 5809 σενὶ
2379 5712 2551 5809 Οῦ-τος
2575 5719 2607 5809 ό
2782 5721 2885 5809 τῆς
2913 5722 3037 5789 νέας
3064 5726 3335 5800 Μελανίης
3361 5730 3448 5785 διὰ
3478 5731 3571 5787 τοῦ
3602 5712 3807 5809 Κυρίού

2234 5799 2389 5871 ἡμῶν
2430 5801 2604 5873 Ἰησοῦ
2645 5804 2915 5879 Χριστοῦ.Δ
3295 5799 3299 5800 ν
3540 5828 3545 5833 ν
