4040 6562
276 413 415 470 1⁴ΞΞ9

1570 417 1891 475 ιιιδτυιιικ
1931 417 2289 478 ιςιυειΑιςΑ.

3404 429 3540 487 1250

352 530 529 588 Ilultis
558 532 739 602 itaque
761 541 878 602 post
902 531 1057 588 annis
1110 543 1231 584 cum
1325 529 1389 583 de
1480 532 1658 601 neptis
1713 539 1855 584 statu
1883 528 1938 589 Α
1962 527 2182 585 invitam
2215 541 2433 601 nuptum
2473 532 2694 603 dedere,
2731 551 2850 593 eam
2874 539 3159 612 jungentes
3197 547 3537 606 matrimonio

280 623 537 689 audisset,
568 638 689 678 eam
741 633 798 679 et
845 625 1089 693 nupsisse
1116 664 1131 689 ,
1163 632 1218 676 et
1260 621 1395 675 velle
1437 623 1631 675 sarculo
1658 638 1854 677 rennn~

279 715 447 779 tiare;
476 718 643 769 verita
674 729 741 770 ne
770 715 906 769 forte
951 715 1004 769 in
1050 715 1284 784 aliquam
1316 714 1510 767 malam
1543 715 1857 784 abriperen-

280 814 366 858 tur
390 805 703 864 doctrinam.
734 807 816 860 vel
845 805 1119 870 hmresim,
1152 805 1239 861 vel
1281 805 1473 858 malam
1505 805 1692 871 vitam,
1723 820 1857 861 anus

277 896 545 965 sexaginta
594 911 764 951 annos
808 904 927 949 nata
973 910 1161 949 navem
1209 894 1488 960 ascendit,
1520 905 1574 949 et
1612 895 1854 949 Caesarea

277 988 533 1057 navigans
562 989 745 1057 viginti
786 988 994 1041 dierum
1025 987 1199 1051 Spatio
1239 985 1464 1041 Romam
1490 987 1654 1041 venit.
1686 990 1856 1055 Atque

278 1082 387 1136 illic
414 1082 627 1149 quidem
657 1096 776 1135 cum
804 1089 979 1145 esset,
1005 1080 1374 1134 beatissimum
1404 1080 1578 1133 virum
1609 1080 1858 1133 maximas

274 1173 681 1227 existimationis
730 1172 1085 1226 clarissimum
1136 1172 1499 1239 Apronianum
1545 1169 1733 1241 (179),
1767 1172 1859 1240 qui

275 1274 392 1318 erat
414 1265 646 1332 gentilis,
668 1265 937 1320 catechesi
962 1263 1215 1326 instituit,
1240 1271 1297 1316 et
1316 1261 1679 1317 Christianum
1707 1262 1854 1329 fecit,

276 1357 645 1422 persuasitque
670 1365 727 1409 ut
752 1356 1050 1409 contineret
1071 1354 1236 1408 etiam
1260 1369 1379 1408 cum
1409 1369 1505 1409 sua
1530 1370 1719 1421 uxore,
1744 1354 1860 1423 ejus

274 1461 450 1504 autem
483 1452 681 1504 sororis
710 1450 836 1509 lilia.
869 1448 1027 1504 Avita
1058 1447 1293 1503 nomine.
1325 1447 1460 1502 Cum
1492 1457 1671 1502 autem
1703 1462 1855 1501 suam

274 1555 487 1608 quoque
516 1550 729 1607 neptem
758 1540 1132 1594 conﬁrmasset
1161 1540 1440 1594 Melanium
1468 1554 1572 1593 una
1595 1555 1712 1595 cum
1738 1539 1857 1610 ejus

274 1636 467 1689 marito
497 1636 715 1690 Piniano
746 1635 920 1705 (180),
956 1644 1011 1691 et
1045 1635 1315 1691 catechesi
1347 1635 1670 1691 instituisset
1699 1635 1851 1690 Albi-

274 1741 397 1779 nam
444 1741 636 1780 nurum
671 1741 820 1780 suam
841 1771 856 1796 ,
883 1742 1103 1781 uxorem
1136 1736 1313 1781 autem
1344 1727 1425 1783 sui
1458 1728 1551 1782 lilii
1592 1728 1764 1799 (181),
1797 1737 1853 1784 et

274 1818 629 1887 persuasi~set
676 1818 759 1872 his
807 1818 1054 1873 omnibus
1107 1818 1340 1873 vendere
1387 1833 1507 1888 quae
1559 1818 1847 1885 habebant,

1959 616 2074 675 viro
2117 624 2264 677 urbis
2293 625 2475 679 Romae
2521 627 2791 696 primario.
2821 631 2967 704 llaec
3014 648 3225 704 semper
3269 641 3536 697 stimulata

1957 714 2090 769 avita
2117 729 2231 770 sum
2255 718 2670 786 narrationibus,
2700 701 2901 776 tantum
2931 722 3024 777 fuit
3054 701 3310 795 sauciata,
3334 739 3393 784 ut
3421 746 3536 785 ma-

1961 805 2211 863 trimonio
2251 823 2355 863 non
2406 821 2589 879 posset
2635 813 2911 870 inservire.
2964 817 3095 871 Cum
3137 830 3317 877 autem
3348 825 3396 879 ei
3426 827 3539 883 nati

1962 906 2146 952 essent
2184 898 2291 953 duo
2332 902 2423 956 lilii
2468 904 2722 970 masculi,
2752 905 2894 975 iique
2922 906 3296 981 decessissent,
3334 924 3530 973 tantum

1958 1001 2077 1041 eam
2114 991 2276 1055 cmpit
2305 993 2484 1045 odium
2520 994 2865 1062 matrimonii,
2899 1006 2956 1051 ut
2999 999 3197 1056 dixerit
3225 1009 3417 1061 marito
3440 986 3553 1065 suc.

1963 1078 2181 1134 Piniano
2203 1080 2350 1152 (£84)
2375 1082 2483 1137 filio
2502 1084 2687 1141 Severi
2712 1088 2886 1156 (185),
2906 1092 2993 1159 qui
3017 1104 3130 1145 erat
3151 1108 3216 1149 ex
3236 1098 3498 1162 praefectis
3522 1117 3536 1153 :

1962 1169 2013 1223 Si
2045 1172 2274 1225 volucris
2300 1175 2513 1244 quidem
2545 1194 2750 1232 mecum
2792 1182 3098 1239 cohabitare
3128 1195 3185 1239 ut
3212 1189 3346 1240 ratis
3371 1190 3538 1245 dictat

1964 1263 2346 1329 temperantia},
2377 1274 2430 1319 et
2474 1275 2525 1321 te
2569 1268 2842 1324 dominum
2889 1288 3141 1341 agnosco,
3182 1284 3238 1329 et
3286 1279 3540 1345 profiteor

1962 1368 2136 1408 meam
2162 1356 2323 1411 vitam
2347 1372 2465 1411 esse
2496 1358 2545 1412 in
2571 1369 2653 1412 tua
2683 1371 2974 1431 potestate;
3001 1368 3082 1420 sin
3108 1378 3284 1424 autem
3312 1370 3410 1425 hoc
3440 1373 3538 1426 tibi

1961 1460 2121 1514 grave
2168 1447 2376 1502 videtur
2422 1458 2602 1518 utpote
2641 1450 2849 1520 juveni,
2883 1470 2968 1511 res
3014 1472 3201 1515 omnes
3248 1476 3393 1517 meas
3440 1464 3533 1519 tibi

1961 1538 2117 1603 habe,
2149 1550 2199 1593 et
2230 1542 2399 1594 solum
2432 1541 2551 1596 sine
2576 1559 2659 1598 me
2688 1559 2908 1612 corpore
2936 1561 3055 1602 esse
3085 1549 3330 1618 liberam,
3357 1562 3413 1607 ut
3442 1569 3532 1607 sa-

1958 1628 2216 1683 tisfaciam
2243 1644 2364 1685 meo
2394 1632 2533 1700 quod
2559 1641 2641 1686 est
2664 1649 2724 1687 ex
2755 1635 2860 1688 Deo
2885 1636 3171 1703 desiderio,
3200 1640 3338 1695 facta
3361 1642 3532 1699 haeres

1952 1719 2071 1790 ejus
2098 1737 2213 1791 qua:
2243 1732 2323 1778 est
2350 1739 2420 1778 ex
2454 1725 2563 1780 Deo
2609 1729 2818 1782 virtutis
2845 1744 2977 1784 meae
3007 1732 3162 1798 avim,
3190 1734 3343 1803 cujus
3374 1730 3530 1793 etiam

1958 1828 2152 1869 nomen
2188 1829 2335 1883 gero.
2382 1816 2435 1872 Si
2466 1819 2607 1872 enim
2650 1822 2812 1875 vellet
2840 1836 2934 1875 nos
2965 1822 3100 1878 Deus
3128 1825 3323 1896 degere
3346 1829 3401 1882 in
3434 1829 3534 1883 hoc

274 1909 444 1964 Roma
488 1925 581 1964 eos
624 1909 841 1973 eduxit,
874 1919 928 1963 et
974 1909 1037 1962 ad
1089 1908 1374 1963 honestum
1420 1923 1481 1964 ac
1511 1908 1853 1979 tranquillum
1885 1879 1932 1940 Β
1960 1908 2180 1973 mundo,
2211 1920 2266 1963 et
2295 1909 2396 1964 frui
2428 1912 2583 1964 rebus
2612 1914 2909 1978 mundanis,
2930 1931 3032 1971 non
3057 1917 3108 1970 fil
3133 1879 3350 1974 osqmihi
3381 1933 3531 1978 natus

272 2000 396 2053 vitae
441 2008 650 2067 portum
702 1999 944 2053 deduxit.
1004 2000 1066 2052 Et
1115 1998 1192 2054 sic
1233 1999 1556 2067 depugnavit
1598 1999 1856 2056 adversus

273 2091 502 2158 bestias,
536 2107 727 2160 nempe
774 2106 867 2146 eos
916 2095 1004 2161 qui
1053 2101 1208 2147 erant
1248 2093 1449 2147 ordinis
1495 2092 1774 2161 senatorii,
1801 2100 1858 2148 et

269 2197 459 2239 eorum
488 2199 711 2250 uxores;
743 2184 1093 2254 prohibentes
1138 2199 1257 2239 eam
1299 2183 1605 2238 renuntiare
1633 2185 1854 2251 reliquis

272 2277 389 2331 suis
419 2276 642 2331 :edibus.
675 2277 872 2331 Christi
903 2287 1081 2331 autem
1110 2275 1299 2330 ancilla
1330 2276 1408 2331 eis
1438 2275 1647 2331 dicebat
1672 2276 1850 2341 :‘Filii,

272 2367 554 2436 plusquam
583 2368 987 2437 quadringentis
1017 2366 1212 2421 abhinc
1242 2368 1398 2421 annis
1448 2368 1703 2436 scriptum
1732 2376 1851 2422 est:

270 2460 471 2515 Ultima
505 2460 631 2515 hora
682 2468 765 2514 est
792 2458 844 2530 (Ι
873 2458 1031 2512 Joan.
1067 2456 1152 2526 ιι).
1184 2458 1321 2525 Quid
1354 2473 1480 2527 ergo
1524 2459 1767 2514 lubentes
1794 2475 1856 2515 ac

265 2552 517 2607 volentes
548 2547 905 2606 immoramini
943 2552 993 2605 in
1041 2553 1275 2606 vanitate
1305 2551 1466 2607 vitm?
1496 2566 1562 2605 ne
1600 2551 1736 2607 forte
1765 2567 1855 2606 ve-

267 2649 421 2702 niant
466 2648 581 2702 dies
630 2646 967 2715 Antichristi,
999 2656 1052 2701 et
1091 2663 1196 2702 non
1245 2647 1459 2716 possitis
1504 2644 1608 2710 frui
1661 2650 1855 2704 vestris

267 2739 483 2806 Opibus,
512 2749 565 2794 et
593 2740 752 2795 rebus
794 2741 1056 2807 majorum
1091 2741 1432 2795 vestrorum?
1461 2739 1705 2810 Cumque
1734 2758 1854 2797 om-

268 2847 371 2887 nes
396 2833 477 2886 his
506 2832 684 2887 verbis
712 2832 995 2887 liberasset
1020 2832 1193 2902 (182),
1219 2833 1282 2888 ad
1313 2834 1663 2888 monasticam
1692 2838 1852 2889 vitam

268 2925 529 2988 traduxit,
548 2932 601 2978 et
617 2924 779 2979 lilium
800 2926 1064 2993 juniorem
1089 2926 1412 2981 Publicolam
1438 2942 1558 2982 cum
1582 2928 1854 2984 instruxis-

268 3028 379 3080 aet,
406 3017 556 3070 duxit
600 3017 651 3071 in
697 3016 964 3085 Siciliam;
998 3034 1225 3088 cumque
1275 3021 1476 3088 reliqua
1528 3022 1706 3076 omnia
1759 3038 1852 3081 Sua

269 3109 623 3176 vendidisset,
647 3120 701 3164 et
722 3112 950 3178 pretium
977 3112 1297 3180 accepisset,
1326 3112 1473 3166 duxit
1498 3111 1852 3183 Jerosnlyma;

272 3211 477 3255 etcum
528 3202 805 3256 facultates
845 3202 1136 3267 divisisset,
1173 3203 1309 3257 intra
1359 3203 1706 3273 quadraginta
1736 3204 1852 3258 dies

270 3290 494 3347 dormiit
536 3292 587 3346 in
626 3292 764 3347 bona
794 3302 1070 3347 senectute
1099 3302 1154 3349 et
1181 3309 1390 3348 summa
1423 3295 1849 3360 mansuetudine,

270 3390 336 3436 et
362 3381 660 3436 veneranda
704 3384 962 3436 memoria
1011 3383 1373 3452 eleemosynis
1403 3382 1731 3448 redundans,
1769 3399 1854 3439 re—

272 3470 408 3529 licto
457 3473 619 3527 etiam
673 3474 1003 3529 monasterio
1051 3473 1400 3545 Jerosolymis
1450 3484 1505 3530 et
1549 3476 1853 3546 sumptibus

272 3566 610 3621 monasterii.

350 3659 632 3726 Postquam
684 3670 861 3715 autem
912 3659 964 3712 hi
1011 3675 1199 3715 omnes
1248 3660 1415 3714 Roma
1467 3660 1855 3715 abscessissent

273 3751 370 3818 qui
403 3750 666 3806 catechesi
700 3751 925 3805 instituti
966 3750 1173 3805 fuerant
1205 3765 1233 3803 a
1264 3751 1418 3805 beata
1450 3750 1694 3814 Melania,
1725 3749 1851 3804 har-

273 3841 457 3895 baiica
506 3841 747 3909 quaedam
805 3841 1071 3910 procella,
1103 3856 1222 3910 quae
1270 3841 1429 3895 etiam
1479 3840 1532 3893 in
1585 3839 1856 3909 prophetis

272 3931 386 4001 jam
408 3934 532 3986 olim
560 3934 727 3998 posita
756 3931 945 3996 fuerat,
975 3932 1023 3983 in
1052 3931 1269 3984 Romam
1294 3931 1467 3993 irruit,
1491 3939 1544 3984 ct
1564 3946 1659 3984 nec
1681 3946 1857 3986 teneas

272 4024 487 4092 quidem
521 4036 720 4077 statuas
752 4024 963 4092 reliquit
993 4023 1045 4075 in
1078 4022 1214 4086 foro,
1246 4022 1338 4075 sed
1370 4023 1546 4075 omnia
1581 4022 1858 4077 barbarica

268 4113 537 4181 diripiens
583 4113 887 4173 insidentia,
932 4112 1198 4177 corrupit;
1247 4112 1380 4164 adeo
1421 4119 1478 4163 ιιι
1526 4111 1692 4165 Roma
1743 4126 1859 4179 quae

273 4204 428 4259 mille
447 4211 503 4260 et
521 4204 762 4268 ducentis
783 4203 936 4255 annis
966 4201 1322 4270 pulcherrima
1352 4200 1525 4256 fuerat
1549 4211 1599 4255 et
1621 4200 1861 4271 frequen-

274 4296 501 4358 tissima,
534 4296 855 4359 dirueretur,
888 4295 1142 4362 lieretque
1187 4293 1417 4359 deserta,
1462 4301 1516 4346 et
1557 4302 1613 4346 ut
1656 4296 1732 4348 ait
1776 4294 1861 4350 Si-

272 4390 454 4460 bylla,
497 4392 664 4464 ῥύμη,
698 4391 798 4442 hoc
841 4397 924 4442 est
968 4388 1147 4451 vicus,
1182 4402 1286 4440 non
1340 4385 1529 4440 Roma.
1580 4387 1729 4441 Tunc
1772 4385 1861 4455 qui

274 4481 548 4536 catcchesi
583 4480 795 4535 fuerant
840 4478 1096 4546 instituti,
1124 4486 1177 4533 et
1219 4479 1266 4532 ei
1311 4479 1526 4532 minimc
1572 4480 1857 4545 adversati,

275 4571 449 4625 Deum
482 4571 835 4625 iaudaverunt
868 4569 956 4637 qui
990 4585 1164 4623 rerum
1191 4569 1481 4624 mutatione
1507 4571 1862 4637 persuasisset

274 4662 585 4728 incredulis,
613 4664 751 4732 quod
780 4662 898 4717 aliis
926 4663 1172 4716 omnibus
1198 4662 1427 4717 redactis
1450 4662 1501 4717 in
1523 4663 1856 4730 servitutem,

273 4769 360 4808 ea!
390 4756 514 4808 solae
542 4755 702 4809 salvae
732 4753 926 4808 fuerint
956 4753 1168 4807 familite
1189 4794 1203 4817 ,
1235 4769 1351 4821 quae
1380 4752 1604 4808 Domino
1647 4753 1863 4809 fuerunt

276 4846 593 4899 holocausta
619 4889 633 4911 ,
665 4845 843 4899 studio
875 4846 1042 4899 beatae
1085 4844 1360 4909 Melaniae;
1391 4858 1511 4897 cum
1549 4843 1728 4899 caeteri
1772 4844 1858 4913 qui

278 4954 469 4993 eorum
501 4939 655 4992 saluti
680 4937 1117 5004 adversabantur,
1142 4951 1327 4991 eorum
1349 4935 1518 4995 inutili
1546 4935 1859 5006 poenitentia

276 5033 671 5086 detitiercntur.

843 5120 1066 5176 CAPUT
1105 5118 1290 5175 CXIX.

678 5212 792 5265 Vita
824 5228 992 5283 parva:
1024 5210 1263 5265 Melania:
1294 5210 1466 5283 (185).

355 5304 613 5374 Quoniam
646 5321 821 5360 autem
846 5306 1131 5360 relaturum
1158 5319 1242 5358 me
1263 5306 1329 5357 de
1353 5304 1455 5357 ﬁlia
1476 5302 1711 5357 Melanim
1736 5317 1858 5371 spo-

276 5400 469 5467 pondi,
488 5398 842 5452 necessarium
871 5406 953 5452 est
977 5405 1032 5450 ut
1060 5410 1201 5450 nunc
1222 5396 1455 5449 debitum
1482 5397 1717 5450 reddam.
1744 5395 1858 5449 Non

277 5489 424 5543 enim
454 5490 650 5557 justum
683 5500 738 5543 ut
761 5487 986 5558 iunioris
1016 5487 1293 5557 qnoquein
1319 5501 1481 5541 carne
1510 5487 1749 5541 Melania:
1781 5486 1858 5539 vi-

278 5592 391 5637 tam
440 5578 825 5649 deSpiciamus,
851 5589 904 5635 et
935 5580 1107 5649 neptis
1154 5593 1357 5648 magna:
1387 5577 1628 5633 Melania:
1658 5585 1855 5631 tantam

276 5672 532 5728 virtutem
567 5673 774 5726 tacitam
807 5679 1207 5741 praetereamus,
1231 5684 1347 5737 quae
1379 5668 1533 5738 longe
1565 5668 1698 5723 forte
1725 5683 1859 5734 prte-

278 5770 391 5818 Stat
420 5763 765 5833 prudentibus
794 5772 847 5818 et
876 5762 1130 5819 studiosis
1152 5761 1363 5816 vetulis.
1384 5761 1527 5816 lianc
1555 5777 1681 5831 ergo
1704 5769 1858 5814 aetate

276 5852 552 5929 juvenem,
587 5855 795 5924 pietatis
823 5864 997 5910 autem
1029 5853 1288 5909 sententia
1320 5853 1580 5919 Vetulam,
1615 5864 1813 5921 (arenti
1834 5866 1859 5906 ς

1954 2002 2249 2068 accepisset
2274 2001 2605 2058 immaturos.
2634 2005 2762 2063 Cum
2791 2014 2968 2061 autem
3002 2008 3156 2078 longo
3185 2019 3424 2079 tempore
3448 2014 3528 2067 in-

1957 2100 2039 2146 ter
2061 2105 2119 2147 se
2139 2093 2547 2159 contenderent,
2576 2095 2713 2150 Deus
2742 2107 2923 2162 postea
2946 2096 3192 2153 misertus
3219 2102 3535 2157 adolescen-

1956 2183 2045 2248 tis,
2074 2184 2123 2238 ei
2153 2200 2360 2254 quoque
2387 2186 2559 2240 zelum
2590 2187 2811 2241 immisit
2840 2190 3131 2260 religionis,
3164 2199 3224 2245 ut
3250 2193 3364 2261 ipse
3393 2209 3531 2262 quo-

1956 2289 2061 2343 que
2091 2276 2274 2330 mundi
2322 2279 2589 2333 universae
2634 2281 2965 2336 renuntiaret
3006 2293 3231 2337 terrente
3273 2286 3533 2352 materiae,

1955 2365 2091 2419 adeo
2122 2376 2176 2421 ut
2205 2366 2483 2436 impletum
2516 2368 2675 2424 fuerit
2721 2372 2859 2439 quod
2890 2372 3148 2441 scriptum
3182 2384 3264 2429 est
3292 2375 3360 2429 ab
3387 2376 3531 2444 Apo-

1955 2458 2294 2526 stolonuid
2340 2460 2481 2516 enim
2533 2462 2680 2528 scis,
2714 2462 2920 2531 mulier,
2968 2480 3033 2519 an
3074 2466 3244 2521 virum
3294 2468 3537 2525 servabis

1956 2549 2007 2619 (1
2039 2548 2158 2604 Cor.
2191 2553 2325 2619 vn)?
2347 2552 2477 2607 Cum
2508 2568 2638 2624 ergo
2660 2555 2928 2625 nupsisset
2951 2559 3067 2614 viro
3094 2559 3343 2615 tredecim
3367 2576 3534 2619 annm

1959 2652 2102 2710 nata,
2136 2652 2340 2711 septem
2389 2659 2517 2699 vero
2548 2660 2665 2700 cum
2714 2662 2780 2700 eo
2829 2647 3082 2714 vixisset,
3118 2651 3373 2718 vigesimo
3420 2669 3531 2710 suae

1956 2730 2127 2785 astatis
2165 2747 2305 2786 anno
2352 2734 2548 2788 mundo
2594 2736 2891 2802 renuntiat;
2940 2748 2993 2793 et
3041 2740 3265 2808 primum
3317 2726 3530 2810 quidem

1956 2822 2133 2875 omnia
2181 2836 2275 2875 sua
2318 2824 2486 2878 serica
2532 2827 2991 2895 superhumeralia
3037 2828 3190 2899 (186)
3228 2841 3535 2901 tegumenta

1956 2912 2101 2969 dedit
2146 2913 2401 2970 altaribus
2429 2918 2591 2985 (quod
2620 2927 2674 2973 et
2701 2920 3007 2975 veneranda
3044 2922 3168 2977 fecit
3210 2922 3532 2997 Olympias),

1957 3005 2161 3069 reliqua
2211 3016 2385 3061 autem
2429 3009 2597 3063 serica
2647 3009 2954 3066 indumenta
2984 3028 3104 3067 cum
3154 3015 3527 3085 conscidisset,

1956 3097 2222 3153 diversam
2267 3100 2650 3168 supellectilem
2682 3102 2808 3158 fecit
2847 3105 3287 3160 ecclesiasticam.
3330 3110 3533 3179 Argen-

1962 3198 2072 3243 tum
2102 3199 2277 3245 autem
2306 3199 2363 3245 et
2394 3207 2582 3247 aurum
2628 3208 2748 3248 cum
2793 3195 3112 3251 credidisset
3137 3197 3345 3253 cuidam
3373 3198 3536 3254 Paulo

1882 3259 1929 3324 ο
1960 3280 2267 3352 presbytero
2310 3281 2463 3354 (187)
2511 3286 2775 3339 monacho
2821 3285 3111 3350 Dalmatae,
3143 3288 3195 3341 id
3245 3303 3338 3355 per
3384 3304 3533 3345 mare

1957 3372 2098 3425 misit
2119 3372 2180 3425 ad
2203 3373 2506 3440 Orientem;
2533 3386 2690 3443 atque
2709 3375 2939 3446 Egypto
2962 3378 3172 3446 quidem
3197 3386 3250 3433 et
3266 3378 3530 3434 Thebaidi

1956 3467 2133 3522 decies
2174 3470 2321 3524 mille
2367 3470 2591 3533 solidos,
2630 3471 2922 3525 Antiochia:
2964 3481 3138 3526 autem
3186 3481 3238 3526 et
3266 3472 3379 3541 ejus
3411 3489 3529 3543 quae

1955 3557 2093 3611 circa
2126 3558 2293 3627 ipsam
2344 3568 2469 3614 sunt
2509 3560 2818 3632 regionibus
2866 3561 3067 3616 solidos
3120 3562 3297 3617 decies
3344 3562 3527 3628 mille;

1959 3649 2255 3706 Palmstinae
2286 3653 2486 3707 solidos
2515 3652 2820 3722 quindecies
2852 3653 2995 3707 mille
3021 3653 3310 3708 distribuit.
3349 3655 3533 3710 Eccle-

1958 3743 2053 3798 siis
2084 3754 2257 3798 autem
2290 3760 2407 3814 quae
2435 3756 2557 3799 sunt
2584 3744 2636 3799 in
2667 3744 2971 3810 Occidente,
3002 3754 3056 3799 et
3094 3745 3452 3812 monasteriis,
3483 3756 3536 3802 et

1959 3833 2333 3900 xenodochiis,
2365 3845 2417 3888 et
2438 3835 2684 3889 omnibus
2712 3834 2989 3903 egentibus
3021 3850 3117 3904 per
3146 3838 3377 3904 seipsam
3406 3851 3532 3905 sup-

1961 3926 2242 3997 peditavit,
2274 3935 2328 3983 et
2354 3928 2653 3998 suppeditat
2680 3927 2767 4005 (his
2797 3929 3090 3997 quadruplo
3115 3929 3283 3998 plum,
3310 3938 3366 3982 ut
3396 3930 3534 3984 Deus

1962 4018 2108 4071 novit
2147 4034 2213 4073 ex
2243 4033 2337 4074 ore
2382 4019 2552 4074 leonis
2582 4019 2733 4090 (188)
2770 4018 2961 4073 Alarici
3009 4020 3244 4088 eripiens
3292 4020 3394 4074 lide
3442 4036 3535 4074 sua

1961 4108 2045 4181 (ΙΙ
2095 4108 2318 4165 Timoth.
2345 4126 2415 4174 tv,
2452 4110 2561 4179 17).
2613 4106 2877 4166 Liberavit
2920 4122 3096 4165 autem
3145 4126 3418 4163 servorum
3449 4112 3537 4179 qui

1965 4201 2243 4255 voluerunt
2284 4212 2406 4258 octo
2453 4202 2652 4267 millia;
2687 4202 2873 4271 reliqui
2922 4204 3061 4256 enim
3109 4201 3411 4267 noluerunt,
3441 4208 3533 4257 sint

1962 4292 2262 4347 maluerunt
2292 4308 2508 4348 manere
2528 4309 2649 4347 cum
2683 4293 2842 4349 fratre
2873 4293 3021 4365 (189)
3053 4292 3186 4363 ejus.
3220 4294 3418 4350 Omnes
3442 4312 3535 4348 au-

1962 4393 2068 4438 tem
2110 4386 2475 4453 possessiones
2502 4390 2633 4453 quas
2660 4385 2843 4440 habuit
2880 4387 2932 4439 in
2967 4384 3253 4454 Hispaniis,
3283 4385 3336 4439 in
3372 4386 3532 4455 Aqui-

1964 4477 2127 4541 tania,
2145 4478 2197 4532 in
2217 4478 2601 4533 Tarraconensi
2627 4487 2678 4532 et
2701 4479 2906 4541 Galliis,
2921 4486 2976 4531 et
2997 4478 3049 4532 in
3072 4478 3191 4534 aliis
3212 4476 3534 4542 civitatibus,

1963 4582 2084 4624 cum
2106 4567 2451 4637 vendidisset,
2478 4582 2571 4623 eas
2620 4568 2687 4624 ad
2754 4578 2866 4626 tres
2926 4584 3102 4640 usque
3164 4569 3369 4625 solidos
3422 4568 3535 4622 dia—

1969 4659 2181 4725 tribuit;
2208 4676 2327 4730 qua:
2351 4669 2529 4714 autem
2564 4658 2792 4714 habebat
2822 4660 2875 4712 in
2909 4659 3111 4724 Sicilia,
3142 4657 3452 4727 Campania,
3486 4667 3541 4713 et

1967 4749 2169 4819 Africa,
2190 4752 2287 4807 sibi
2313 4753 2540 4822 reliquit,
2560 4762 2616 4806 ut
2637 4752 2973 4820 suppeditare
2996 4762 3172 4821 posset
3198 4750 3537 4805 monasteriis

1965 4851 2019 4898 et
2046 4844 2247 4913 egenis.
2281 4844 2402 4898 Haac
2429 4853 2510 4898 est
2549 4843 2808 4912 sapientia
2851 4842 2902 4896 in
2952 4841 3134 4910 primis
3178 4841 3460 4910 religiosae,
3482 4848 3540 4895 et

1965 4949 2083 5003 quae
2109 4942 2342 4988 mentem
2367 4933 2589 4987 senilem
2613 4940 2919 5001 susceperat
2939 4932 3005 4987 de
3031 4930 3272 5002 pecunia:
3293 4930 3536 4995 materia,

1968 5026 2209 5083 Melaniae
2234 5024 2477 5094 junioris.

2039 5140 2162 5195 Haec
2181 5147 2354 5192 autem
2384 5144 2499 5191 erat
2524 5149 2640 5204 ejus
2661 5133 2970 5189 exercitatio
2998 5150 3013 5189 :
3046 5133 3170 5189 Post
3197 5134 3339 5189 diem
3370 5150 3532 5190 unum

1968 5231 2315 5294 comedebat;
2350 5230 2401 5283 in
2434 5227 2693 5296 principio
2723 5236 2896 5281 autem
2941 5235 3059 5293 post
3095 5226 3348 5297 quinque,
3396 5230 3541 5283 vario

1966 5323 2175 5378 ancillis
2194 5324 2305 5376 suis
2331 5320 2601 5384 serviens;
2632 5332 2765 5387 quas
2789 5320 2946 5372 etiam
2974 5332 3155 5373 secum
3179 5333 3279 5372 una
3310 5318 3535 5373 reddidit

1966 5413 2380 5471 exercitatrices.
2407 5411 2524 5467 Jam
2554 5424 2679 5465 vero
2717 5410 2825 5478 ipsa
2855 5424 3064 5478 quoque
3104 5411 3299 5464 multos
3325 5426 3388 5464 ex
3418 5409 3528 5462 sui-.-

1967 5505 2205 5575 cognatis
2230 5504 2430 5558 ducens
2459 5502 2526 5557 ad
2565 5501 2734 5557 zelum
2762 5502 3021 5563 divinum,
3057 5498 3265 5556 lecitut
3297 5500 3540 5561 similiter

1967 5606 2124 5667 atque
2154 5595 2264 5664 ipsa
2294 5593 2538 5664 religiose
2563 5593 2728 5648 Deum
2768 5593 3024 5648 colerent.
3051 5591 3174 5647 llaec
3198 5600 3282 5648 est
3310 5592 3415 5646 vita
3442 5591 3527 5661 5n-

1970 5691 2118 5745 venis
2145 5688 2385 5746 Melaniae
2415 5702 2507 5760 per
2548 5686 2831 5749 Dominum
2875 5695 3113 5745 nostrum
3150 5683 3333 5745 Jesum
3378 5681 3537 5743 Chri-

1965 5794 2123 5843 stunt.
