4040 6532
583 387 713 444 1251

1164 505 1390 562 CAPUT
1433 506 1594 561 CXX.

1152 597 1222 655 De
1248 598 1431 653 Albina
1453 599 1622 671 (l90).

666 685 1087 743 Habebatautem
1104 700 1286 743 secum
1300 702 1508 759 quoque
1523 698 1743 744 matrem
1759 688 2027 756 Albinam,
2042 703 2161 758 qua

519 752 527 767 ’
593 780 837 835 similiter
865 786 1172 846 exercetur,
1218 788 1272 835 et
1305 780 1551 835 similiter
1595 794 1777 836 rursus
1812 781 2161 836 seorsim‘di-

591 871 793 939 spergit
820 883 944 924 suas
972 871 1242 937 pecunias.
1277 870 1526 926 llabitant
1553 871 1729 941 itaque
1776 872 1828 927 in
1855 873 2019 940 agris,
2063 871 2162 926 ali-

588 959 801 1024 quando
841 958 1051 1027 quidem
1097 958 1312 1023 Siciliae,
1358 961 1641 1029 aliquando
1682 976 1812 1017 vero
1857 960 2161 1030 Campania:

587 1065 708 1103 cum
737 1049 993 1125 eunuchis
1026 1051 1350 1119 quindecim,
1389 1064 1439 1107 et
1463 1053 1753 1123 virginibus
1788 1062 1844 1109 et
1871 1053 2095 1112 ancillis.

1147 1162 1372 1219 CAPUT
1414 1163 1599 1219 CXXI.

1109 1254 1188 1309 De
1217 1255 1437 1308 Piniano
1467 1254 1637 1327 (191).

656 1343 911 1400 Similiter
952 1351 1127 1399 autem
1176 1344 1426 1400 Pinianus
1478 1360 1690 1416 quoque
1736 1346 1851 1414 ejus
1889 1348 2152 1415 quondam

584 1436 835 1501 maritus,
866 1451 1006 1491 nunc
1036 1446 1209 1490 autem
1260 1436 1314 1489 in
1357 1450 1517 1505 opere
1554 1437 1765 1491 virtutis
1793 1437 2003 1505 adjutor
2029 1452 2156 1490 una-

587 1528 768 1594 nimis,
796 1528 886 1598 qui
916 1536 1192 1583 exercetur
1220 1543 1339 1582 cum
1378 1528 1588 1597 triginta
1630 1529 1922 1594 monachis,
1952 1538 2006 1583 et
2035 1529 2158 1598 legit

581 1620 790 1674 divinas
822 1620 1151 1686 Scripturas,
1184 1620 1443 1689 bortoque
1469 1621 1690 1675 colendo
1729 1630 1805 1675 est
1835 1623 2067 1676 intentus
2104 1631 2157 1677 et

581 1709 1066 1782 congressionibus.
1095 1711 1211 1766 Non
1253 1725 1416 1779 parvo
1441 1720 1615 1766 autem
1640 1722 1745 1766 nos
1790 1712 1991 1768 honore
2028 1714 2156 1769 alie-

585 1809 775 1854 ccrunt
794 1815 914 1855 cum
937 1800 1159 1855 Romam
1182 1802 1511 1855 venissemus
1534 1812 1748 1871 propter
1763 1803 1971 1857 beatum
1993 1803 2154 1858 Joan-

580 1906 701 1945 nem
733 1891 1037 1959 episcopum
1083 1905 1180 1945 nos
1225 1893 1545 1957 reficientes,
1577 1902 1630 1948 et
1678 1894 2148 1948 abundantissimis
2180 1890 2228 1950 B

578 1980 782 2036 viaticis
809 1980 1151 2047 excipientes,
1178 1992 1511 2038 accersentes
1546 1992 1800 2038 aeternam
1843 1986 2003 2038 vitam
2041 1986 2151 2039 Do-

579 2068 708 2125 mini
738 2069 904 2125 nostri
927 2069 1050 2125 Jesu
1073 2069 1289 2138 Christi,
1312 2082 1365 2126 et
1392 2074 1605 2141 optimae
1628 2075 1749 2128 vitae
1780 2074 2145 2130 institutionis.

1118 2180 1345 2235 CAPUT
1393 2180 1602 2237 CXXII.

1024 2268 1102 2323 De
1144 2268 1477 2325 Pammachio
1504 2272 1675 2344 (I92).

636 2354 840 2412 ‘llorum
872 2369 1127 2428 cognatus
1150 2359 1247 2414 fuit
1279 2360 1360 2414 vir
1379 2376 1447 2415 ex
1472 2363 1898 2431 proconsulibus,
1934 2368 2148 2424 nomine

573 2444 1092 2518 I’ammachius;qui
1131 2464 1249 2504 cum
1298 2451 1495 2506 mundo
1541 2453 1928 2521 renuntiasset,
1981 2457 2144 2509 vitam

565 2539 674 2604 egit
701 2539 980 2607 optimam;
1014 2547 1068 2594 et
1112 2554 1235 2594 suas
1281 2556 1411 2608 opes
1456 2543 1643 2610 partim
1676 2545 1828 2598 vivus
1858 2546 2140 2617 dispersit,

570 2628 761 2698 partim
790 2638 965 2686 autem
993 2629 1228 2685 moriens
1256 2631 1467 2703 reliquit
1496 2635 1834 2704 pauperibus.

1093 2738 1319 2797 CAPUT
1365 2742 1597 2799 CXXIII.

1081 2831 1159 2886 De
1199 2832 1431 2888 Macario
1454 2834 1628 2906 (195).

635 2917 895 2986 Similiter
922 2920 1081 2975 etiam
1130 2922 1342 2993 quidam
1393 2924 1608 2981 nomine
1647 2925 1905 2989 Macarius
1948 2944 2010 2988 ex
2062 2932 2141 2987 vi-

557 3006 703 3065 Caria
728 3007 902 3081 (194}

1092 3099 1319 3158 CAPUT
1360 3103 1592 3161 CXXIV.

1036 3190 1115 3246 De
1158 3193 1452 3249 Constantio
1490 3197 1511 3268 (
1521 3199 1536 3248 ι
1552 3199 1665 3270 95).

632 3276 972 3339 Constantius
1014 3296 1225 3354 quoque
1255 3301 1497 3343 assessor
1534 3290 1908 3360 prmfectorum
1941 3295 2101 3351 Italia:
2121 3338 2136 3361 ,

565 3367 794 3436 insignes
836 3370 936 3437 viri
991 3381 1045 3427 et
1097 3374 1473 3445 eruditissimi,
1522 3382 1610 3450 qui
1665 3397 2023 3452 pervenerunt
2071 3389 2136 3443 ad

560 3472 822 3513 summum
853 3459 1063 3528 pietatis
1092 3473 1144 3527 et
1175 3465 1482 3537 religionis;
1520 3486 1651 3541 quos
1679 3475 1930 3531 existimo
1965 3479 2138 3535 adhuc

561 3563 698 3603 nunc
719 3564 928 3620 quoque
949 3565 1067 3608 esse
1091 3554 1144 3610 in
1170 3570 1349 3623 carne,
1376 3570 1631 3629 optimam
1653 3563 1991 3631 instituenda;
2014 3571 2137 3625 vitae

562 3639 815 3695 rationem
842 3653 1175 3717 exercentes,
1201 3646 1518 3722 beatamque
1545 3653 1706 3711 vitam
1738 3666 1792 3714 et
1817 3660 1946 3717 nulli
1974 3663 2137 3717 exitio

559 3730 838 3787 obnoxiam
868 3743 1263 3806 exspectantes.

1109 3851 1332 3913 CAPUT
1378 3858 1587 3916 CXXV.

964 3941 1039 3996 De
1064 3942 1229 4000 Paula
1257 3947 1407 4020 (I96)
1440 3952 1695 4012 Romana.

629 4027 769 4083 Inter
792 4043 929 4099 quos
952 4033 1046 4087 fuit
1064 4036 1222 4091 etiam
1250 4037 1411 4096 Paula
1442 4042 1675 4101 Romana
1706 4058 1874 4105 mater
1899 4050 2127 4118 Toxotii,

556 4133 689 4174 uxor
712 4121 800 4188 N.,
832 4125 897 4179 ad
938 4127 1231 4196 Spiritalem
1261 4133 1384 4188 vitae
1414 4136 1796 4196 institutionem
1826 4158 2128 4201 accommo-

554 4211 849 4275 «latissima.
877 4213 974 4271 Cui
1008 4218 1385 4290 impedimento
1413 4225 1513 4282 fuit
1536 4229 1888 4303 Hieronymus
1913 4236 2125 4303 quidam

553 4302 793 4358 Dalmata
826 4306 884 4372 ¹;
930 4324 1051 4364 nam
1092 4327 1211 4368 cum
1260 4326 1441 4386 posset
1486 4302 1747 4390 sliperare
1784 4302 2016 4393 multas,
2059 4344 2127 4386 ne

552 4394 723 4449 dicam
745 4409 987 4467 cunctas,
1025 4411 1082 4456 ut
1124 4419 1242 4474 qua:
1280 4408 1345 4462 ad
1376 4413 1537 4465 vitam
1580 4427 1648 4468 ex
1698 4418 1891 4472 virtute
1936 4433 2126 4488 geren-

550 4484 669 4538 dam
702 4494 843 4541 esset
880 4491 1081 4558 optimo
1108 4496 1318 4564 ingenio
1357 4501 1596 4567 praedita.
1625 4519 1742 4560 eam
1787 4522 1881 4562 sua
1927 4484 2121 4566 invidia

538 4574 792 4645 impedit,
822 4578 995 4649 ipsam
1025 4583 1239 4639 trahens
1266 4587 1332 4642 ad
1358 4604 1574 4660 scopum
1607 4597 1897 4673 proprium.

1093 4692 1321 4755 CAPUT
1349 4698 1577 4777 cxxvr.

1131 4807 1210 4864 De
1245 4810 1542 4870 Eustochio.

617 4908 781 4978 Cujus
811 4912 913 4967 lilia
963 4931 1103 4971 nunc
1150 4934 1361 4992 quoque
1408 4940 1691 4985 exercetur
1719 4931 1770 4988 in
1813 4933 2120 5003 Bethleem,

549 4999 760 5056 nomine
790 5003 1157 5076 Eustochium,
1186 5027 1344 5081 quam
1376 5030 1474 5085 ego
1504 5034 1608 5074 non
1638 5028 1884 5080 conveni.
1920 5028 2121 5084 Dicitur

545 5098 721 5144 autem
752 5106 871 5149 esse
899 5099 1215 5160 castissima.
1255 5104 1457 5163 habens
1498 5123 1817 5171 conventum
1858 5119 2116 5190 quinqua-

547 5181 689 5252 ginta
718 5183 997 5255 virginum.

1054 5277 1281 5338 CAPUT
1326 5286 1581 5345 CXXVII.

1134 5371 1210 5428 De
1238 5375 1486 5434 Venena.

617 5453 800 5513 Inveni
828 5468 1004 5514 autem
1037 5462 1329 5523 Veneream
1354 5472 1641 5531 Ballomeci
1670 5480 1882 5535 comitis
1915 5481 2075 5537 ﬁliam
2098 5523 2114 5548 ,

544 5561 662 5613 quae
681 5564 814 5604 onus
841 5552 1032 5607 cameli
1058 5565 1203 5612 recte
1222 5559 1491 5630 dispersit,
1518 5574 1573 5620 et
1601 5566 1819 5625 liberata
1842 5579 1924 5625 est
1943 5585 1972 5625 a
1998 5573 2115 5627 vul-

546 5639 759 5694 naribus
785 5656 904 5710 qua:
930 5643 1173 5703 oriuntur
1194 5664 1260 5705 ex
1286 5656 1526 5712 materia.

629 5770 647 5804 ι
663 5763 928 5825 Palladius
939 5772 1290 5836 calumniatur
1305 5786 1692 5846 sanctissimum
1711 5790 2107 5864 Hieronymum.

2044 386 2360 443 PALLADII

2196 521 2249 580 Δ

3329 442 3343 456 ,
3708 394 3838 449 1231

2788 506 3011 565 CAPUT
3049 507 3333 567 CXXVIII.

2780 597 2857 652 De
2884 599 3148 655 Theodoro
3169 602 3347 671 (I97).

2337 685 2401 739 Et
2433 684 2639 740 beatam
2661 686 2993 745 Theodoram
3020 692 3213 746 tribuni
3244 692 3435 757 ﬁliam,
3460 709 3586 763 quae
3629 694 3701 749 ad
3742 705 3839 750 tan-

2262 781 2372 829 tam
2406 778 2666 844 processit
2703 787 2991 847 egestatem
3024 785 3445 851 possessionum,
3483 795 3544 841 nt
3573 786 3692 856 ipsa
3722 787 3844 844 cleo»

2264 878 2537 936 mosynam
2567 866 2833 937 accipiens
2855 870 2924 922 sit
2952 881 3180 926 mortua.

2785 961 3010 1017 CAPUT
3058 964 3293 1020 CXXIX.

2824 1050 2904 1105 De
2933 1052 3057 1107 Uria
3079 1053 3250 1123 (I98).

2331 1134 2389 1190 In
2419 1139 2742 1195 monasterio
2774 1140 3012 1212 Hesycba
3046 1156 3259 1213 propter
3287 1161 3456 1213 mare,
3490 1150 3618 1204 novi
3650 1152 3816 1207 mulio

2259 1241 2371 1282 rem
2393 1230 2607 1285 nomine
2629 1231 2831 1299 Usiam,
2851 1234 3004 1302 longe
3027 1236 3082 1289 in
3111 1239 3360 1294 omnibus
3381 1239 3839 1297 honestissimam.

2793 1323 3019 1381 CAPUT
3063 1327 3277 1383 CXXX.

2880 1414 2959 1470 De
2999 1418 3205 1474 Adolia.

2329 1499 2394 1552 Et
2415 1497 2532 1568 ejus
2575 1514 2813 1557 sororem
2856 1504 3121 1573 Adoliam,
3160 1524 3278 1577 quae
3307 1509 3420 1578 ipsa
3460 1528 3685 1581 quoque
3715 1516 3843 1569 vixit

2257 1592 2309 1645 in
2336 1592 2549 1656 virtute,
2577 1602 2630 1648 et
2658 1610 2763 1649 non
2798 1610 2893 1662 pro
2917 1597 3035 1666 ejus
3060 1600 3273 1669 quidem
3304 1603 3595 1673 dignitate,
3624 1608 3721 1662 sed
3751 1625 3843 1678 pro

2254 1695 2467 1737 suarum
2492 1684 2678 1739 virium
2708 1685 2955 1742 facultate
2976 1689 3107 1743 vixit
3134 1692 3184 1745 in
3212 1694 3329 1748 zelo
3353 1694 3471 1750 Dei.

2800 1779 3026 1835 CAPUT
3080 1780 3277 1841 XXXI.

2835 1871 2913 1925 De
2941 1872 3252 1930 Basianilla.

2323 1955 2455 2013 Novi
2493 1967 2671 2015 autem
2719 1960 2880 2016 etiam
2928 1963 3263 2023 Basianillam
3296 1970 3557 2025 Candiani
3607 1976 3838 2041 magistri

2252 2047 2475 2102 militum
2511 2048 2694 2117 ﬁliam,
2716 2066 2836 2120 quae
2860 2054 2972 2121 ipsa
3004 2054 3091 2122 pio
3112 2065 3168 2111 et
3188 2058 3353 2113 alacri
3378 2060 3570 2115 animo
3594 2063 3836 2120 virtutem

2251 2139 2526 2205 exercuit,
2575 2149 2630 2195 et
2680 2141 2733 2194 in
2780 2140 3099 2202 hodiernum
3142 2162 3309 2215 usque
3352 2150 3501 2205 diem
3548 2156 3839 2212 certamina

2249 2230 2443 2284 acriter
2466 2232 2795 2301 exsequitur.

2766 2323 2994 2383 CAPUT
3043 2328 3298 2385 CXXXII.

2858 2415 2934 2470 De
2962 2415 3210 2474 Photina.

2320 2500 2387 2555 Et
2424 2500 2701 2558 Photinam
2742 2506 2996 2577 virginem
3044 2525 3253 2567 summe
3300 2511 3634 2583 honestam,
3684 2518 3837 2575 ﬁliam

2246 2591 2537 2650 Theoctisti
2562 2598 2854 2668 presbyteri
2880 2600 2928 2653 in
2961 2600 3245 2660 Laodicea.

2753 2685 2977 2744 CAPUT
3024 2686 3310 2749 CXXXIII.

2876 2778 2951 2833 De
2996 2782 3185 2838 Asella.

2320 2864 2436 2920 Vidi
2466 2875 2642 2922 autem
2675 2868 2857 2924 Roma:
2888 2888 3099 2942 quoque
3139 2877 3373 2932 Asellam
3410 2882 3707 2937 honestam
3749 2884 3837 2941 Dei

2244 2958 2521 3027 virginem,
2552 2975 2670 3030 quae
2700 2962 2921 3019 honeste
2946 2970 3222 3021 consenuit
3246 2970 3297 3023 in
3330 2975 3698 3041 monasterio,
3728 2993 3832 3031 mu-

2244 3046 2340 3102 lier
2365 3048 2520 3120 longe
2549 3051 2848 3118 mitissima,
2880 3064 2934 3109 et
2961 3070 3079 3125 qua:
3110 3059 3373 3114 retinebat
3423 3078 3760 3126 conventus.
3784 3068 3829 3123 in

2242 3138 2430 3203 quibus
2458 3138 2566 3194 vidi
2603 3150 2656 3196 et
2686 3142 2830 3197 viros
2860 3152 2913 3199 et
2952 3146 3203 3203 mulieres
3251 3150 3540 3209 catechesi
3592 3170 3827 3213 recente:

2166 3260 2213 3322 ο
2244 3231 2530 3291 institutos.

2755 3327 2985 3387 CAPUT
3030 3331 3305 3389 CXXXIV.

2794 3417 2873 3474 De
2903 3421 3049 3480 Avita
3076 3422 3250 3495 (199).

2309 3503 2425 3559 Vidi
2452 3506 2611 3561 etiam
2638 3507 2849 3565 beatam
2895 3513 3105 3567 Avitam
3151 3514 3260 3571 Deo
3287 3516 3513 3588 dignam
3562 3535 3690 3578 cum
3720 3524 3828 3596 ejus

2235 3593 2430 3647 marito
2451 3592 2782 3664 Aproniano,
2861 3612 2918 3659 et
2988 3618 3180 3662 eorum
3253 3610 3362 3665 lilia
3453 3592 3826 3682 Ευιιοωὶτξῆυ

2237 3684 2489 3739 omnibus
2511 3686 2619 3741 Deo
2650 3688 2785 3743 bene
2811 3688 3102 3760 placentes,
3126 3705 3181 3749 ut
3200 3708 3383 3767 aperte
3406 3700 3575 3761 facile
3605 3708 3824 3763 traducti

2233 3773 2430 3829 fuerint
2458 3789 2487 3827 a
2519 3774 2776 3833 dissoluta
2803 3788 2857 3835 et
2880 3781 3177 3850 voluptaria
3215 3787 3322 3841 vita
3349 3790 3420 3845 ad
3455 3792 3747 3851 honestam
3770 3810 3818 3854 et

2231 3863 2593 3919 continentem
2621 3866 2745 3921 vita:
2782 3866 3166 3929 institutionem
3189 3916 3204 3939 ,
3235 3877 3287 3932 in
3317 3878 3404 3932 his
3434 3897 3665 3953 quoque
3689 3888 3819 3957 digni

2231 3950 2396 4007 habiti
2423 3962 2481 4008 ut
2507 3954 2561 4008 in
2592 3954 2805 4013 Christo
2828 3958 3145 4032 dormirent,
3171 3966 3239 4020 ab
3268 3972 3415 4025 omni
3448 3950 3678 4042 quidem
3703 3950 3817 4045 pec-

2229 4054 2349 4101 cato
2371 4046 2543 4114 liberi,
2566 4048 2797 4118 perfecte
2820 4053 2872 4107 in
2891 4052 3114 4112 honesto
3134 4062 3432 4119 certamine
3450 4068 3817 4137 decertantes,

2229 4134 2285 4191 in
2314 4135 2455 4192 bona
2483 4138 2738 4195 memoria
2764 4141 2924 4197 vitam
2947 4159 3099 4201 suam
3130 4148 3519 4222 relinquentes.

2757 4242 2983 4301 CAPUT
3023 4248 3278 4306 CXXXV.

2750 4332 2828 4388 De
2855 4334 2914 4389 Μ
2916 4352 3051 4407 agna
3092 4340 3263 4411 (200).

2298 4417 2357 4473 In
2385 4419 2598 4479 civitate
2625 4421 2837 4496 Ancyra
2866 4438 2992 4484 sunt
3030 4434 3208 4489 multa:
3238 4439 3456 4507 quidem
3502 4444 3631 4499 alia:
3657 4447 3814 4518 virgio

2225 4522 2343 4573 nes,
2373 4524 2566 4581 nempe
2591 4514 2657 4568 ad
2703 4515 2887 4573 decem
2917 4520 3097 4588 millia,
3142 4525 3249 4581 duo
3291 4539 3475 4586 autem
3508 4536 3598 4590 vel
3642 4514 3807 4606 plura,

2153 4623 2206 4683 Ι)
2229 4612 2347 4667 quae
2376 4612 2712 4671 exercentur,
2741 4616 2795 4661 et
2825 4609 2877 4663 in
2904 4612 3049 4666 omni
3078 4614 3291 4672 virtutis
3331 4624 3672 4682 institutione
3717 4631 3811 4684 mi.

2230 4691 2384 4760 litant
2412 4710 2428 4758 ;
2462 4709 2753 4766 omnesque
2784 4707 3143 4770 temperantia:
3170 4709 3372 4778 legibus
3402 4716 3570 4773 clara
3601 4733 3655 4774 et
3687 4724 3810 4776 insi-

2226 4799 2354 4853 gnes
2384 4785 2616 4852 feminae,
2644 4798 2697 4849 et
2725 4792 2960 4848 divinum
2993 4809 3259 4856 certamen
3286 4806 3465 4861 studio
3495 4825 3803 4881 exsequere-

2227 4882 2326 4931 tes.
2359 4873 2499 4937 Inter
2520 4890 2652 4945 quas
2683 4880 3032 4950 principatum
3077 4887 3280 4944 obtinet
3305 4891 3359 4946 in
3385 4897 3591 4963 pietate
3620 4873 3803 4971 ﬂ-agna

2226 4961 2596 5020 honestissima
2652 4966 2847 5023 femina
2896 4981 2947 5026 et
2999 4961 3569 5053 probissimapquam
3628 4961 3807 5045 nescio

2222 5055 2348 5123 quid
2372 5055 2470 5109 sim
2505 5058 2895 5130 nominaturus,
2917 5064 3244 5136 virginemne
3264 5087 3329 5126 an
3358 5076 3601 5134 viduam.
3626 5084 3672 5136 A
3700 5101 3807 5137 Ina-

2221 5152 2303 5196 tre
2361 5146 2500 5199 enim
2558 5149 2607 5201 vi
2666 5150 2781 5207 viro
2833 5153 3153 5224 conjunc1a,
3208 5175 3330 5217 eum
3396 5176 3580 5223 tamen
3646 5179 3804 5227 variis

2222 5233 2469 5298 inescans
2494 5236 2856 5306 dilationibus,
2878 5254 2932 5297 et
2958 5249 3196 5315 corporis
3226 5254 3443 5308 morbos
3466 5272 3800 5325 praetexens.

2219 5336 2247 5374 a
2280 5326 2634 5395 corruptionis
2665 5330 2792 5385 vitio
2820 5330 3025 5404 integra
3063 5348 3114 5393 et
3142 5340 3338 5397 intacta
3378 5355 3717 5418 permansit,
3748 5364 3804 5408 at

2221 5414 2403 5471 dicunt
2424 5421 2541 5489 ejus
2563 5424 2865 5479 necessarii.
2890 5427 3127 5498 Cumque
3150 5435 3309 5500 paulo
3328 5449 3452 5504 post
3480 5414 3799 5501 decessisset

2218 5504 2334 5574 ejus
2364 5509 2603 5576 maritus,
2645 5515 2879 5568 omnium
2918 5516 3075 5573 simul
3106 5522 3241 5583 facta
3272 5538 3355 5582 est
3382 5528 3560 5587 haeres
3604 5538 3759 5590 unica
3782 5580 3801 5601 ,

2218 5606 2271 5650 et
2302 5600 2676 5668 temporalibus
2714 5602 2964 5674 deinceps
2991 5624 3329 5672 commutant;
3374 5631 3604 5691 aeterna,
3635 5600 3799 5682 totam

2218 5688 2448 5759 seipsam
2482 5690 2589 5748 Deo
2618 5691 2826 5763 obtulit,
2858 5712 3064 5757 summe
3088 5716 3273 5762 curam
3302 5722 3496 5778 gerens
3526 5688 3650 5773 vita:
3677 5733 3799 5787 qua
