4112 6564
351 374 498 442 1233

872 457 880 464 ’
923 494 1178 550 ΚΕΦΑΛ.
1236 495 1368 549 PK'.

907 579 1044 645 Περὶ
1089 578 1386 644 Ἀλϐίνας.

422 659 584 731 Ἔχει
629 659 688 714 δέ
735 659 856 730 μεθ’
904 661 1109 732 ἑαυτῆς
1153 663 1247 714 καὶ¹
1296 663 1397 731 τὴν
1435 663 1649 733 μητέρα
1691 661 1938 716 Ἀλδίναν

342 745 702 815 ἀσκουμένην
737 744 938 813 ὁμοίως
982 746 1075 798 καὶ
1105 744 1605 816 διασκορπίζουσαν
1638 747 1758 798 κατ’
1800 746 1938 798 ἰδίαν

345 830 514 883 πάλιν
531 829 602 882 τὰ
625 828 732 880 ίδια
751 830 1029 898 χρήματα.
1059 828 1213 880 Είσὶν
1236 825 1331 882 οὖν
1354 827 1602 881 οἰκοῦσαι
1637 831 1695 880 ἐν
1720 830 1931 899 ἀγροῖς·

1588 382 1949 442 HISTORIA
2001 383 2392 448 LAUSIACA.

1968 499 2017 553 Δ

3490 400 3628 465 12η

2584 510 2834 567 ΚΕΦΑΛ.
2886 515 3062 571 ΡΚΘ³.

2603 619 2740 686 Περὶ
2801 622 3050 687 Οὐσίας.

2123 714 2212 769 Ἐν
2241 715 2317 787 τῷ
2365 722 2718 792 μοναστηρίῳ
2758 724 2854 778 τοῦ
2895 725 3106 795 Ἡσυχᾶ
3151 725 3305 796 παρά
3351 725 3624 780 θάλασσαν

2038 797 2211 867 ἔγνων
2270 799 2474 857 Οὐσίαν
2535 805 2781 876 ὀνόματι,
2860 810 2930 863 τά
2984 809 3081 866 ὅλα
3135 811 3230 864 καὶ
3286 812 3625 882 σεμνοτάτην

344 915 480 966 ποτέ
506 916 564 967 ἐν
595 915 705 974 τοῖς
728 912 999 976 Σικελίας,
1031 912 1161 965 ποτὲ
1191 915 1249 965 ἐν
1271 915 1384 976 τοῖς
1405 913 1761 982 Καμπανίας,
1797 912 1935 982 μετά
2038 900 2296 953 γυναικα.

343 995 626 1066 εὐνούχων
657 994 981 1058 δεκαπέντε,
1019 995 1115 1047 καὶ
1145 994 1454 1066 παρθένων,
1491 995 1586 1049 καὶ
1612 995 1888 1048 δουλίδων.

914 1100 1166 1153 ΚΕΦΑΛ.
1203 1098 1384 1154 PKA'.

899 1184 1039 1253 Περὶ
1079 1183 1388 1239 Πινιανοῦ.

429 1268 664 1340 Ὁμοίως
687 1268 782 1322 καὶ
809 1271 837 1321 ὀ
867 1269 1120 1331 Πινιανδς
1142 1271 1169 1322 ὁ
1190 1271 1312 1321 τότε
1336 1269 1479 1341 ἀνὴρ
1503 1268 1699 1340 αὐτῆς,
1730 1270 1826 1324 νῦν
1851 1271 1930 1338 δὲ,

343 1353 593 1423 ἐδελφοὶ,
628 1353 717 1406 διά
763 1351 855 1405 τὸν
885 1353 1122 1422 Χριστὸν
1150 1357 1248 1422 τῆς
1272 1354 1473 1423 ἀρετῆς
1501 1355 1766 1425 συνεργὸς
1798 1353 1933 1421 ὁμό-

343 1455 522 1508 φρων,
565 1437 1005 1505 συνασκούμενος
1055 1436 1193 1505 μετά
1235 1437 1580 1505 μοναζόντων
1613 1438 1934 1508 τριάκοντα,

343 1522 441 1574 καὶ
465 1519 856 1588 ἀναγινώσκων
887 1519 987 1581 τὰς
1011 1519 1163 1581 θείας
1190 1519 1434 1589 Γραφάς.
1467 1520 1580 1573 Καὶ
1603 1539 1669 1574 πε
1680 1522 1734 1592 pl
1759 1522 1936 1587 κῆπον

348 1605 823 1675 μετεωριζόμενος
868 1603 962 1656 καὶ
1006 1602 1319 1672 συντυχίας.
1354 1604 1429 1657 Οὐ
1479 1605 1693 1676 μικρῶς
1736 1605 1793 1658 δέ
1842 1604 1936 1657 καὶ

345 1689 496 1757 ἡμᾶς
516 1688 770 1748 πλείονας
795 1686 955 1749 ὄντας
984 1685 1252 1756 ἐτίμησαν
1273 1687 1612 1751 ἀπελθόντας
1630 1689 1690 1741 ἐν
1723 1687 1932 1761 Ῥώμῃ,

345 1770 436 1823 διά
463 1771 556 1822 τὸν
593 1769 862 1840 μακάριον
903 1769 1162 1838 Ἰωάννην
1219 1769 1312 1822 τὸν
1353 1771 1674 1836 ἐπίσκοπον,
1707 1771 1803 1824 καὶ
1841 1772 1934 1824 ἀν-

2611 973 2862 1029 ΚΕΦΛΛ.
2909 977 3036 1033 PA'.

2604 1058 2742 1125 Περὶ
2789 1057 2992 1114 Ἀδολί
2995 1079 3089 1128 ας.

2111 1135 2224 1189 Καὶ
2276 1140 2377 1208 τὴν
2417 1139 2623 1209 ταύτης
2672 1143 2906 1214 ἀδελφὴν
2964 1144 3229 1209 Ἀδολίαν,
3282 1145 3378 1198 καὶ
3423 1145 3628 1217 ταύτην

2050 1215 2382 1286 βεδιωκυῖαν
2412 1224 2470 1276 ἐν
2503 1224 2694 1295 ἀρετῇ.
2730 1226 2830 1280 οὐκ
2892 1227 3056 1292 ἀξίως
3103 1228 3204 1298 μὲν
3247 1229 3477 1298 ταύτης,
3524 1215 3623 1283 ἐπ-

2037 1300 2203 1367 αξίως
2233 1304 2288 1356 δὲ
2319 1304 2420 1375 τῆς
2441 1304 2723 1377 δυνάμεως
2753 1311 2959 1380 ἑαυτῆς
3007 1311 3253 1383 ζήσασαν
3287 1312 3432 1384 ζήλῳ
3463 1313 3621 1368 Θεοῦ.

2573 1411 2833 1466 ΚΕΦΑΛ.
2887 1414 3058 1467 PAA'.

2518 1495 2657 1561 Περὶ
2688 1496 3124 1563 Βασιαγίλλας.

2110 1575 2322 1641 Ἐγνων
2348 1575 2458 1644 ἐγὼ
2491 1577 2587 1632 καὶ
2636 1579 3016 1642 Βασιανίλλαν,
3051 1579 3152 1649 τὴν
3193 1577 3496 1634 Κανδιανοῦ
3527 1579 3622 1632 τοῦ

2038 1659 2433 1728 στρατηλάτου,
2478 1660 2775 1732 προθύμως
2820 1663 2915 1716 καὶ
2979 1663 3225 1727 εὐλαϐῶς
3271 1664 3371 1735 τὴν
3423 1663 3624 1734 ἀρετὴν

2037 1740 2446 1812 ἐξασκήσασαν,
2471 1745 2569 1797 καὶ
2598 1746 2866 1817 ἐχομένην
2889 1747 3058 1800 είσέτι
3088 1748 3184 1801 καὶ
3217 1747 3313 1802 νῦν
3338 1747 3447 1802 τῶν
3477 1745 3625 1816 ἀγώ-

348 1827 605 1904 ἔπαυσαν
627 1827 774 1920 ἡμᾶς
804 1850 900 1904 καὶ
946 1827 1282 1918 ξενοδόχείῳ,
1311 1852 1406 1906 καὶ
1433 1827 1673 1919 ἐφοδίοις
1709 1851 1931 1920 summa-
1965 1835 2007 1892 Β
2035 1844 2144 1880 νων
2185 1827 2456 1899 σφοδρῶςο

347 1936 592 2000 στάτοις,
639 1933 777 2004 μετά
815 1934 1018 2003 πολλῆς
1057 1935 1232 2005 χαρᾶς
1265 1935 1639 2006 καρπούμενοι
1678 1935 1777 2004 τὴν
1807 1935 1937 1989 αἰώ-

344 2036 462 2074 νιον
493 2019 641 2090 ζωὴν
668 2021 782 2083 τοῖς
816 2017 1175 2090 θεοδωρήτοις
1212 2021 1397 2093 ἔργοις
1441 2021 1539 2090 τῆς
1570 2020 1802 2091 ἀρίστης
1840 2037 1936 2072 πο-

345 2101 573 2166 λιτείας.

906 2188 1160 2244 ΚΕΦΑΑ.
1193 2189 1373 2244 PKB'.

860 2285 1000 2352 Περὶ
1043 2286 1420 2354 Παμμαχίου.

419 2367 640 2420 Τούτων
677 2367 947 2436 συγγενὴς
979 2368 1209 2438 ὀνόματι
1253 2366 1596 2438 Παμμάχιος
1644 2365 1755 2420 ἀπὸ
1800 2365 1932 2421 ἀνθ-

345 2451 573 2508 υπάτων
591 2452 794 2522 ὁμοίως
811 2451 1226 2521 ἀποταξάμενος
1249 2451 1410 2522 ἔζησε
1427 2451 1519 2504 τὸν
1544 2453 1765 2522 ἄριστον
1797 2450 1932 2521 βίον,

344 2538 532 2590 πάντα
550 2537 640 2589 τὸν
656 2535 886 2588 πλοῦτον
910 2536 1102 2601 αὐτοῦ,
1130 2535 1221 2588 τὸν
1249 2536 1348 2606 μὲν
1372 2535 1480 2599 ζῶν
1513 2535 1932 2605 διασκορπίσας,

344 2620 438 2671 τὸν
475 2620 531 2671 δὲ
555 2618 828 2671 τελευτῶν
864 2621 981 2682 τοῖς
1018 2621 1257 2689 πτωχοῖς
1292 2617 1648 2689 καταλείψας,
1679 2617 1814 2690 πρὸς
1842 2617 1934 2671 τὸν

344 2702 557 2774 Κύριον
592 2703 969 2774 ἀπεδήμησεν.

911 2786 1162 2839 ΚΕΦΑΛ.
1192 2783 1366 2840 ΡΚΓ’.

879 2868 1019 2936 Περὶ
1054 2870 1388 2938 Μακαρίου.

430 2951 665 3024 Ὁμοίως
700 2953 794 3006 καὶ
823 2952 1112 3023 Μακάριός
1141 2971 1222 3016 τις
1254 2953 1479 3023 ὀνόματι
1511 2950 1621 3005 ἀπὸ
1650 2950 1932 3022 Βικαρίας.

881 3058 1136 3111 ΚΕΦΑΛ.
1191 3060 1364 3112 ΡΚΔ’.

803 3141 941 3211 Περὶ
996 3142 1480 3197 Κωνσταντὶνου.

421 3227 534 3281 Καὶ
567 3226 1000 3290 Κωνσταντίνος,
1054 3225 1424 3294 συγκάθεδρος
1477 3223 1767 3293 γενόμενος
1823 3223 1932 3276 τῶν

347 3311 494 3366 κατά
533 3309 764 3362 Ἰταλίαν
789 3309 1068 3379 ἐπάρχων,
1099 3309 1291 3380 ἄνδρες
1320 3308 1581 3378 ἐπίσημοι
1602 3308 1696 3361 καὶ
1719 3306 1931 3375 ἐλλογι-

350 3393 619 3466 μώτατοι,
655 3393 750 3447 καὶ
781 3393 860 3456 είς
909 3395 1076 3463 ἀκρον
1128 3392 1403 3461 φιλοθεῖας
1451 3391 1773 3456 ἐλάσαντες·
1839 3391 1934 3454 οὒς

347 3480 432 3531 ἐτι
460 3478 668 3548 νομίζω
699 3477 794 3530 καὶ
824 3477 921 3530 νῦν
963 3478 1021 3529 ἐν
1056 3477 1223 3546 σαρκὶ
1259 3477 1548 3546 ὑπάρχειν,
1593 3475 1685 3529 τὸν
1715 3477 1934 3546 ἄριστον

347 3565 449 3633 τῆς
494 3561 769 3624 πολιτείας
801 3561 1003 3631 θεσμὸν
1049 3561 1441 3629 ἐξασκοῦντας,
1497 3559 1596 3632 τὴν
1655 3562 1936 3632 μακαρίαν

348 3644 448 3698 καὶ
486 3642 762 3714 ἀκήρατον
791 3640 937 3711 ζωὴν
965 3641 1358 3711 ἀναμένοντας.

915 3745 1170 3800 ΚΕΦΑΛ.
1207 3745 1385 3800 PKE’.

927 3829 1070 3898 Περὶ
1101 3832 1369 3896 [lati/Inc.

437 3913 528 3968 Ἐν
561 3906 650 3977 αἶς
685 3912 780 3966 καὶ
809 3912 999 3987 Παύλῃ
1017 3915 1081 3985 τῇ
1122 3913 1373 3985 Ῥωμαία
1394 3913 1460 3984 τῇ
1483 3911 1652 3984 μητρὶ
1682 3909 1933 3976 Τοξοτίου

352 3999 597 4067 γυναικὶ,
630 3999 711 4062 εἰς
739 3998 838 4067 τὴν
861 3997 1247 4068 πνευματικὴν
1278 3996 1558 4050 πολιτείαν
1589 3996 1934 4066 ἀστειοτάτῃ.

355 4076 464 4144 Ἧς
492 4082 749 4152 ἐμπόδιον
772 4080 997 4150 γέγονεν
1021 4079 1343 4151 Ἱερώνυμός
1373 4097 1456 4143 τις
1476 4078 1585 4132 ἀπὸ
1599 4077 1934 4148 Δαλματίας.

353 4167 674 4234 Δυναμένην
709 4164 818 4234 γὰρ
856 4164 1028 4234 αὐτὴν
1069 4163 1418 4234 ὑπερπτῆναι
1457 4163 1690 4227 πολλῶν,
1738 4162 1824 4215 ἵνα
1863 4161 1938 4234 μὴ

356 4252 498 4304 εἴπω
522 4250 734 4314 πασῶν,
769 4248 1117 4317 εὐφυεστάτη
1147 4245 1304 4313 οὖσα,
1332 4249 1413 4310 είς
1433 4246 1532 4317 τὴν
1557 4246 1814 4316 ἐνάρετον
1843 4262 1940 4298 πο-

354 4333 584 4396 λὶτείαν,
621 4332 1072 4401 προσενεπόδισεν
1093 4334 1158 4402 τῇ
1191 4329 1387 4384 ἑαυτοῦ
1412 4329 1680 4401 βασκανίᾳ
1709 4329 1942 4394 ἑλκύσας

355 4418 529 4488 αὐτὴν
552 4417 688 4487 πρὸς
719 4416 810 4470 τὸν
852 4415 986 4469 ἴδιον
1011 4415 1176 4469 αὐτοῦ
1219 4415 1442 4470 σκοπόν.

925 4522 1181 4574 ΚΕΦΑΛ.
1233 4522 1427 4588 Ρκςν.

882 4603 1026 4672 Περὶ
1053 4606 1414 4672 Εὐστοχίας.

427 4683 537 4749 *Ης
570 4689 819 4758 θυγάτηρ
853 4689 1022 4752 ἐστὶν,
1061 4687 1155 4740 καὶ
1204 4686 1299 4741 νῦν
1327 4691 1599 4755 ἀσκεῖται,
1649 4689 1942 4762 Εὐστόχιον

356 4775 582 4843 ὀνόματι
618 4775 675 4826 ἐν
700 4773 968 4842 Βηθλεέμ.
1003 4765 1112 4838 Ἧς
1136 4773 1248 4842 ἐγὼ
1292 4775 1350 4826 ἐν
1389 4776 1650 4846 συντυχίᾳ
1692 4777 1793 4829 οὐκ
1821 4778 1943 4843 ἐγε-

357 4859 560 4926 γόνειν.
617 4857 851 4926 Λέγεται
903 4857 960 4910 δέ
1022 4858 1230 4930 σφόδρα
1281 4854 1423 4911 εἶναι
1495 4858 1942 4930 σωφρονεστάτη,

359 4943 605 5001 συνοδίαν
630 4943 826 5013 ἔχουσα
857 4943 1196 5012 πεντήκοντα
1231 4945 1539 5013 παρθένων.

921 5028 1172 5082 ΚΕΦΛΛ.
1206 5027 1376 5082 ΡΚΖ’.

913 5110 1057 5179 Περὶ
1084 5114 1388 5179 Βενερίας.

433 5195 648 5262 Ἐγνων
672 5195 730 5248 δέ
768 5196 864 5248 καὶ
899 5195 1160 5266 Βενερίαν
1193 5197 1292 5264 τὴν
1341 5196 1677 5251 Καλλοδίκου
1712 5197 1807 5252 τοῦ
1854 5198 1945 5251 κό-

364 5293 534 5349 μητος
551 5279 732 5342 καλῶς
745 5281 1219 5352 διασκορπίσασαν
1235 5281 1295 5332 τὺ
1314 5281 1412 5352 τῆς
1431 5283 1679 5353 καμήλου
1701 5283 1941 5353 φορτίον,

361 5363 456 5417 καὶ
483 5363 891 5433 ἀπαλλαγεῖσαν
919 5365 1030 5418 τῶν
1054 5367 1119 5418 ἐκ
1143 5364 1242 5434 τῆς
1279 5364 1409 5434 ὑλης
1437 5369 1792 5438 τραυμάτων.

915 5455 1170 5507 ΚΕΦΑΛ.
1209 5452 1390 5508 ΡΚΗ’.

884 5539 1022 5607 Περὶ
1070 5537 1393 5606 Θεοδὼρας.

433 5622 546 5677 Καὶ
578 5623 674 5694 τὴν
708 5624 990 5694 μακαρίαν
1023 5623 1306 5695 Θεοδώραν
1356 5623 1457 5694 τὴν
1494 5621 1590 5678 τοῦ
1634 5625 1943 5698 τριϐούνου,

362 5710 462 5778 τὴν
500 5707 593 5761 ἐπὶ
623 5708 880 5762 τοσοῦτον
911 5710 1301 5779 ἀκτημοσύνης
1354 5708 1648 5777 ἐλάσασαν,
1680 5711 1752 5778 ὡς
1785 5715 1941 5788 ἐλεη-

367 5790 604 5874 μοσύνην
631 5790 835 5862 ταύτην
861 5792 1134 5848 λαϐοῦσαν
1163 5794 1304 5849 οὑτω
1335 5794 1673 5866 τελευτῆσαι.

2583 1913 2843 1969 ΚΕΦΑΛ.
2906 1913 3080 1970 ΡΛΒ’.

2563 1997 2706 2065 Περὶ
2744 1998 3065 2067 Φωτεινῆς.

2108 2078 2225 2132 Καὶ
2275 2078 2552 2150 Φωτεινὴν
2604 2081 2877 2152 παρθένον
2913 2082 3255 2153 σεμνοτάτην
3314 2085 3393 2147 είς
3430 2083 3622 2155 ἀκρον,

2039 2160 2316 2232 θυγατέρα
2360 2161 2418 2215 δὲ
2447 2163 2773 2220 Θεοκτίστου
2809 2165 2905 2220 τοῦ
2949 2166 3324 2238 πρεσϐυτέρου
3355 2167 3448 2220 τοῦ
3483 2168 3623 2222 κατά

2038 2245 2386 2302 Λαοδίκειαν.

2607 2332 2863 2387 ΚΕΦΑΛ.
2900 2335 3070 2388 ΡΛΓ¹.

2572 2417 2713 2484 Περὶ
2754 2419 2812 2472 Ἀ
2820 2418 3076 2484 σέλλας.

2111 2497 2250 2551 Ἰδον
2284 2498 2342 2552 δέ
2372 2499 2468 2551 καὶ
2525 2500 2583 2553 ἐν
2640 2499 2828 2572 Ῥώμῃ
2874 2502 2970 2571 τὴν
3018 2501 3191 2572 καλὴν
3226 2502 3485 2556 Ἀσέλλαν
3523 2502 3625 2573 τὴν

2037 2582 2308 2651 παρθένον
2336 2582 2576 2652 Χριστοῦ
2614 2583 2798 2646 καλῶς
2843 2588 3225 2653 γεγηρακυῖαν
3265 2588 3322 2639 ἐν
3351 2586 3428 2654 τῷ
3459 2603 3624 2656 μονα-

2039 2666 2268 2737 στηρίῳ,
2303 2667 2510 2734 σφόδρα
2545 2666 2870 2737 πραῦτάτην
2903 2670 3136 2735 γυναῖκα
3165 2668 3261 2721 καὶ
3286 2668 3624 2739 ἀνεχομένην

2040 2749 2308 2812 συνοδίας.
2352 2750 2441 2801 Ἐν
2473 2743 2554 2813 οἷς
2587 2750 2906 2821 ἐθεασάμην
2935 2750 3136 2819 ἄνδρας
3156 2769 3216 2804 τε
3244 2752 3338 2804 καὶ
3358 2755 3623 2820 γυναῖκας

2037 2833 2492 2904 νεοκατηχήτους.

2576 2919 2828 2973 ΚΕΦᾹΛ.
2872 2921 3038 2974 ΡΛΔ¹.

2579 3002 2722 3071 Περὶ
2774 3002 3054 3071 Ἀϐίττας.

2121 3094 2470 3170 Ἐθεασάμην
2524 3099 2620 3153 καὶ
2660 3098 2758 3170 τὴν
2797 3101 3076 3171 μακαρίαν
3117 3101 3370 3156 Ἀὅίτταν
3404 3099 3502 3172 τὴν
3527 3099 3622 3155 τοῦ

1958 3173 2002 3238 C
2036 3181 2174 3235 Θεοῦ
2207 3181 2384 3248 ἀξίαν,
2439 3184 2536 3236 σὺν
2557 3183 2636 3254 τῷ
2681 3183 2890 3255 ταύτης
2930 3184 3087 3256 ἀνδρὶ
3140 3183 3496 3256 Ἀπρινιανῷ,
3529 3185 3624 3238 καὶ

2039 3268 2105 3336 τῇ
2135 3265 2343 3319 τούτων
2363 3265 2600 3337 θυγατρὶ
2625 3267 2890 3339 Εὐνομίῃ,
2920 3270 2978 3320 ἐν
2999 3270 3167 3322 πᾶσιν
3186 3269 3622 3340 εὑαρεστοῦντας

2037 3348 2115 3419 τῷ
2145 3348 2262 3420 Θεῷ
2284 3365 2297 3378 ·
2335 3350 2412 3413 ὡς
2451 3349 2713 3420 ἄντικρυς
2751 3352 3116 3420 μετατεθῆναι
3147 3353 3345 3424 ῥαδίως
3391 3352 3499 3406 ἀπὸ
3524 3351 3620 3406 τοῦ

2038 3433 2325 3502 ἀνειμένου
2368 3435 2462 3489 καὶ
2496 3435 2775 3505 τρυφηλοῦ
2815 3435 2930 3506 βίου
2975 3437 3068 3489 ἐπὶ
3089 3435 3187 3507 τὴν
3228 3437 3485 3508 ἐνάρετον
3528 3436 3623 3490 καὶ

2038 3519 2285 3588 ἐγκρατῆ
2335 3519 2613 3572 πολιτείαν
2641 3537 2654 3551 ·
2705 3519 3142 3584 καταξιωθέντες
3187 3521 3245 3573 ἐν
3289 3520 3501 3583 τούτοις
3530 3520 3624 3573 καὶ

2037 3602 2138 3671 τῆς
2164 3603 2222 3653 ὲν
2256 3601 2481 3671 Χριστῷ
2516 3603 2862 3672 κοιμήσεως·
2905 3602 3367 3672 ἐλευθερωθέντες
3395 3604 3493 3673 μὲν
3515 3603 3623 3655 πά-

2040 3701 2141 3753 σης
2171 3684 2450 3754 ἁμαρτίας
2493 3686 2716 3749 τελείως
2735 3702 2751 3718 ·
2781 3685 2933 3749 ἐντὸς
2963 3687 3020 3740 δέ
3050 3687 3146 3740 καὶ
3171 3685 3428 3754 γνώσεως
3465 3687 3623 3754 γενό-

2043 3784 2192 3837 μενοι
2210 3769 2269 3820 ἐν
2287 3769 2393 3840 μνή
2404 3783 2478 3840 μῃ
2497 3769 2678 3840 ἀγαθῇ
2696 3768 2788 3821 τὸν
2805 3769 2920 3839 βίον
2938 3768 3149 3822 ἑαυτῶν
3167 3770 3615 3841 καταλείψαντες.

2602 3872 2858 3927 ΚΕΦΑΛ.
2909 3873 3081 3929 ΡΛΕ⁸.

2635 3968 2775 4038 Περὶ
2805 3969 3039 4039 Μάγνα.

2123 4051 2213 4105 Ἐν
2241 4051 2410 4121 ταύτῃ
2476 4053 2544 4124 τῇ
2574 4052 2725 4105 πόλει
2769 4052 3014 4125 Ἀγκύρᾳ
3043 4052 3237 4107 πολλαὶ
3269 4054 3367 4125 μέν
3393 4053 3499 4106 είσι
3528 4054 3625 4108 καὶ

2041 4135 2198 4191 ἄλλαι
2229 4134 2485 4206 παρθένοι
2504 4137 2578 4200 ὡς
2616 4136 2850 4206 χιλιάδες
2871 4137 2961 4190 δύο
2987 4137 3019 4207 ἢ
3053 4137 3246 4204 πλείω,
3283 4137 3625 4208 ἀσκούμενοι

2043 4218 2141 4289 τὴν
2176 4218 2362 4271 ἔνθεον
2395 4218 2673 4272 πολιτείαν
2723 4221 2824 4291 τῆς
2873 4221 3114 4292 ἀρετῆς,
3149 4223 3622 4294 ἐγκρατευόμεναι

2043 4305 2139 4358 καὶ
2172 4303 2342 4374 πολλῇ
2395 4305 2867 4377 ταπεινοφροσύνῃ
2902 4307 3091 4376 τρόπῳ
3132 4306 3311 4375 ἠπίων
3350 4307 3614 4371 συζῶσαι.

2043 4389 2165 4443 Εἰσὶ
2196 4388 2253 4441 δέ
2294 4390 2390 4442 καὶ
2442 4389 2706 4460 ἐπίσημοι
2738 4393 2997 4459 γυναῖκες
3049 4391 3474 4462 διαπρέπουσαι,
3525 4394 3622 4446 καὶ

2048 4472 2137 4526 τὸν
2168 4471 2310 4525 θεῖον
2338 4471 2527 4540 ἀγῶνα
2567 4473 2704 4542 μετά
2755 4474 2958 4543 πολλῆς
2992 4475 3231 4546 σπουδῆς
3274 4476 3622 4543 ἐξανύουσαι.

2065 4556 2157 4610 Ἐν
2206 4553 2295 4619 αἶς
2342 4557 2633 4627 ἐπικρατεῖ
2685 4559 2807 4611 κατ’
2841 4558 3127 4613 εὐσέϐειαν
3178 4560 3398 4628 Μάγνα,
3436 4578 3629 4632 σεμνο-

2053 4640 2191 4710 τάτη
2213 4640 2350 4710 γυνὴ
2370 4641 2466 4695 καὶ
2488 4641 2859 4712 δοκιμωτάτη.
2886 4643 2990 4698 Ἢν
3019 4644 3118 4698 οὐκ
3139 4639 3255 4698 οῖδα
3271 4646 3324 4697 τί
3350 4647 3627 4716 ὀνομάσω,

2043 4723 2151 4796 ἄρα
2183 4723 2473 4796 παρθένον,
2509 4724 2542 4795 ἢ
2586 4727 2783 4798 χήραν.
2827 4728 2928 4798 Βία
2957 4729 3067 4799 γὰρ
3101 4727 3434 4797 συναφθεῖσα
3468 4731 3625 4801 ἀνδρὶ

2044 4808 2198 4887 παρὰ
2225 4809 2325 4878 τῆς
2358 4809 2590 4887 μητρὸς,
2623 4811 2773 4881 ὅμως
2805 4811 3106 4866 δελεάσασα
3133 4811 3323 4864 τοῦτον
3350 4813 3627 4884 διαφόροις

2045 4883 2428 4964 ὑπερθέσεσιν,
2481 4897 2837 4966 σκηπτομένη
2886 4895 3079 4958 νόσους
3137 4897 3479 4966 σωματικὰς,
3518 4883 3627 4950 τοῦ

2047 4977 2253 5046 μύσους
2283 4977 2560 5045 ἄψαυστος
2586 4979 2683 5030 καὶ
2712 4977 2959 5048 ἀμύητος
2992 4978 3226 5048 ἔμεινεν,
3255 4979 3329 5043 ῶς
3370 4998 3536 5049 φασιν
3569 4983 3618 5034 οί

2043 5059 2247 5131 ταύτης
2294 5061 2483 5114 οίκεῖοι
2508 5078 2521 5091 ·
2567 5064 2627 5115 ἐν
2663 5057 2746 5126 οἷς
2779 5063 2898 5133 μετ’
2939 5061 3269 5132 ὀλιγώτατον
3311 5064 3502 5136 χρόνον
3535 5082 3624 5117 τε-

2046 5145 2414 5215 λευτήσαντος
2434 5147 2529 5200 τοῦ
2559 5146 2772 5215 ἀνδρὸς,
2815 5147 3033 5201 πάντων
3063 5147 3200 5218 ὁμοῦ
3229 5149 3463 5218 μονοκλη
3475 5149 3627 5218 ρονόο

2053 5244 2152 5298 μος
2211 5228 2480 5298 γενομένη
2525 5231 2620 5282 καὶ
2646 5231 2736 5284 διὰ
2776 5230 2887 5284 τῶν
2932 5231 3288 5302 προσκαίρων
3335 5232 3404 5284 τὰ
3435 5231 3629 5284 αἰώνια

2049 5311 2418 5382 ἀλλαξαμένη,
2473 5313 2661 5368 λοιπὸν
2711 5314 2841 5385 ὃλην
2890 5315 3089 5385 ἑαυτὴν
3134 5311 3496 5387 προσενήνοχε
3552 5318 3631 5388 τῷ

2047 5393 2187 5464 Θεῷ,
2220 5398 2302 5459 είς
2347 5397 2522 5470 ἄκρον
2554 5398 2888 5470 φροντίσασα
2916 5400 3016 5470 τῆς
3050 5402 3135 5453 ἀεὶ
3159 5400 3433 5470 μενούσης
3458 5401 3628 5471 ζωῆς,

2047 5479 2425 5551 προϊσταμένη
2476 5483 2692 5553 σεμνῶς
2742 5483 2852 5536 τῶν
2907 5483 3053 5537 ίδίων
3104 5483 3367 5538 οἰκετῶν·
3421 5485 3632 5552 ζήσασα

2045 5563 2634 5635 ἀσκητικώτατονιβίον
2664 5566 2760 5620 καὶ
2783 5567 3140 5639 σωφροσύνης
3157 5568 3426 5638 γέμοντα·
3453 5569 3633 5624 τοιαύ-

2045 5663 2146 5716 την
2175 5646 2373 5717 έχουσα
2404 5648 2606 5720 ἀκριϐῆ
2649 5651 2960 5720 συντυχίαν,
3017 5653 3092 5712 ὠς
3144 5651 3413 5706 αίδεῖσθαι
3462 5654 3633 5721 αὐτῆς

2046 5730 2144 5799 τὴν
2159 5730 2419 5799 ἀντοψίαν
2440 5732 2535 5785 καὶ
2557 5733 2682 5796 τοὺς
2705 5735 2764 5788 ὲν
2798 5734 2958 5805 ἐξοχῇ
2981 5729 3338 5802 ἐπισκόπους,
3354 5738 3629 5809 ὑπερϐολῇ

2049 5814 2358 5880 εὐλαϐείας.
2393 5815 2539 5887 Αὕτη
2566 5819 2667 5889 τὴν
2703 5818 2802 5890 μὲν
2830 5818 3033 5891 πολλὴν
3075 5821 3170 5876 καὶ
3198 5821 3470 5893 περισσὴν
3502 5819 3638 5890 ὕλην
