4112 6510
541 338 681 408 1235

2006 340 2361 404 PALLADII

3691 349 3769 412 12'
3790 347 3827 409 ϐ

537 464 618 533 τῷ
653 464 754 533 τῆς
801 461 1191 533 ἀκτημοσύνης
1251 463 1387 536 πυρὶ
1444 462 1866 535 κατηνάλωσεν’
1920 460 2022 527 τὰς
2070 462 2128 517 δὲ
2157 446 2265 527 Δῇ
2300 454 2677 526 συντετύχηκα
2716 460 2785 530 τῇ
2812 457 2978 534 δούλῃ
3006 458 3100 514 τοῦ
3137 458 3275 514 Θεοῦ
3302 459 3528 530 ὀνόματι
3576 460 3822 533 ’Δματα-

539 547 984 618 περισσευσάσας
1015 547 1204 618 χρείας
1230 548 1529 613 κατέταξεν
1555 550 1634 611 είς
1656 546 1931 601 διακονίαν
1964 565 2127 618 μονα-

541 630 810 701 στηρίοις,
828 633 1087 701 πτωχοῖς,
1109 631 1476 703 ξενοδοχείοις,
1498 632 1595 686 καὶ
1631 632 2002 700 Ἐκκλησίαις,
2029 632 2128 684 πέ-

540 731 686 784 νησι,
730 712 1089 777 διοδεύουσιν,
1137 716 1499 780 ἐπισκόποις,
1553 717 1834 787 ὀρφανοῖς,
1888 716 2123 787 χήραις’

539 799 635 852 καὶ
659 799 793 851 πᾶσι
822 800 933 861 τοῖς
980 796 1276 868 χρῄζουσιν
1310 800 1631 869 ἐπικουρίας
1666 798 1981 871 χορηγοῦσα
2024 800 2127 852 ούκ

539 880 777 939 ἐπαύετο
809 874 1013 952 ἱλαρῶς
1060 884 1408 952 ἐργαζομένη
1444 884 1541 953 τὴν
1573 883 1856 936 εὐσέϐειαν
1883 883 2022 936 κατά
2065 881 2126 936 τὸ

537 962 785 1033 λεληθὸς,
819 966 915 1017 καὶ
937 964 1008 1017 δι’
1041 966 1243 1033 ἑαυτῆς
1271 968 1365 1019 καὶ
1384 966 1472 1019 διὰ
1498 966 1726 1019 οἰκετῶν
1750 967 2089 1020 πιστοτάτων
2107 981 2122 1001 ο

542 1050 619 1123 μὴ
642 1050 1139 1121 ἀπολιμπανομένη
1165 1051 1265 1120 τῆς
1289 1050 1620 1120 Ἐκκλησίας
1650 1050 1888 1121 μάλιστα
1918 1052 1975 1103 έν
2004 1052 2126 1114 ταῖς

538 1134 688 1200 νυξίν
712 1150 726 1163 ·
760 1135 820 1187 ἐν
850 1135 1016 1189 πᾶσιν
1040 1132 1447 1205 ἐξεργαζομένη
1473 1138 1572 1206 τῆς
1592 1135 1880 1205 ἀσκήσεως
1900 1134 2122 1206 ἀρετὴν,

538 1218 628 1270 ἐπ’
659 1216 835 1272 ἐλπίδι
856 1218 955 1289 τῆς
987 1218 1209 1273 αίωνίου
1245 1217 1412 1286 ζωῆς.

1091 1303 1343 1357 ΚΕΦΑΛ.
1389 1302 1578 1370 ΡΛεῖι.

538 1387 679 1458 Περὶ
716 1387 1020 1458 παρθένου
1054 1386 1163 1457 τῆς
1194 1388 1650 1459 ὑποδεξαμένης
1680 1388 1788 1443 τὸν
1829 1386 2125 1459 μακάριον

1153 1458 1519 1513 Ἆθανάσιον.

610 1542 891 1615 Παρθένον
918 1537 1036 1595 οῖδα
1066 1541 1163 1613 τὴν
1193 1546 1251 1595 ἐν
1292 1541 1695 1613 Ἀλεξανδρείᾳ,
1726 1541 1794 1613 ἢν
1818 1540 2123 1612 κατείληφα

538 1626 615 1691 ὡς
649 1626 786 1680 ἐτῶν
810 1626 1183 1696 ἐϐδομήκοντα
1202 1642 1216 1658 ο
1242 1625 1415 1696 ταύτῃ
1444 1628 1472 1678 6
1511 1626 1710 1696 κλῆρος
1757 1626 1903 1687 ἄπας
1951 1641 2124 1694 προσ-

538 1709 841 1780 εμαρτύρει
862 1748 876 1772 ,
908 1710 990 1762 ὅτι
1016 1709 1111 1763 νέα
1154 1709 1288 1765 οὖσα
1326 1712 1391 1780 τῇ
1423 1709 1634 1780 ἡλικίᾳ,
1667 1708 1744 1771 ὡς
1778 1709 1915 1761 ἐτῶν
1948 1706 2122 1761 εἴκοσι

540 1793 746 1865 σφόδρα
766 1793 1075 1878 ὡραιοτάτη
1105 1794 1446 1864 ὑπάρχουσα,
1476 1791 1685 1878 φευκτὴ
1706 1788 1773 1863 ἦν
1797 1794 1914 1878 τοῖς
1940 1791 2126 1878 ἐναρέσ
2157 1822 2197 1878 Β

535 1894 672 1946 τοις,
704 1877 793 1931 διά
818 1877 879 1931 τὸ
906 1877 1133 1941 κάλλος,
1163 1878 1250 1929 ἵνα
1289 1878 1364 1947 μή
1406 1893 1526 1929 τινα
1573 1875 1762 1946 μῶμον
1792 1874 1865 1946 δῷ
1902 1876 1961 1940 ἐξ
1990 1875 2123 1927 ύπο-

536 1961 704 2024 νοίας.
738 1961 862 2015 Ὀτι
904 1957 998 2015 οὖν
1033 1959 1228 2031 συνέϐη
1258 1962 1386 2024 τοὺς
1432 1961 1742 2029 Ἀρειανοὺς
1777 1960 2121 2013 συσκευάσα-

538 2043 662 2098 σθαι
684 2045 777 2098 τὸν
802 2045 1074 2115 μακάριον
1105 2043 1446 2107 Ἀθανάσιον,
1481 2044 1573 2097 τὸν
1610 2043 1913 2096 ἐπίσκοπον
1944 2042 2123 2106 Ἀλεξ-

537 2128 809 2199 ανδρείας,
841 2127 910 2181 δι’
949 2126 1211 2181 Εύσεϐίου
1234 2126 1328 2181 τοῦ
1370 2128 1512 2181 κατά
1539 2127 1629 2181 τὸν
1662 2126 1854 2197 καιρὸν
1884 2142 2122 2197 πραιπο·

539 2212 686 2265 σίτου
713 2213 805 2265 ἐπὶ
827 2212 1213 2272 Κωνσταντίου
1245 2210 1339 2266 τοῦ
1366 2211 1654 2282 βασιλέως,
1674 2210 1908 2279 ἀθέμιτα
1930 2210 2120 2263 τούτου

536 2295 973 2366 κατηγοροῦντες
1030 2295 1451 2365 ἐσυκοφάντουν.
1491 2293 1713 2363 Φεύγων
1742 2292 1837 2347 οὖν
1874 2295 1903 2347 6
1939 2293 2121 2364 μακά-

538 2396 655 2451 ριος
682 2379 746 2432 τὸ
774 2378 925 2450 παρά
961 2379 1362 2449 διεφθαρμένου
1394 2378 1680 2448 κριτηρίου
1711 2377 1990 2447 κριθῆναι,
2020 2376 2124 2435 οὐκ

536 2463 842 2535 ἐθάρρησεν
870 2463 1068 2525 οὐδενὶ,
1087 2463 1149 2515 ού
1176 2464 1451 2533 συγγενεῖ,
1477 2463 1537 2514 οὐ
1569 2459 1728 2531 φίλῳ,
1758 2460 1818 2512 οὐ
1847 2459 2119 2532 κληρικῷ,

535 2548 636 2619 035x
674 2547 821 2618 ἀλλῳ
862 2548 971 2601 τινὶ
1015 2547 1124 2600 τῶν
1170 2547 1454 2617 συνήθων·
1484 2545 1600 2599 ἀλλ’
1639 2543 1988 2597 είσελθόντων
2012 2544 2121 2598 τῶν

536 2630 856 2702 ἐπαρχικῶν
886 2629 1149 2698 αἰφνίδιον
1178 2632 1257 2692 είς
1281 2629 1342 2683 τὸ
1364 2630 1733 2692 ἐπισκοπεῖον,
1765 2628 1860 2682 καὶ
1890 2627 2119 2697 ζητούν-

535 2730 645 2767 των
686 2713 871 2779 αὐτὸν,
908 2713 1089 2767 λαϐὼν
1136 2713 1330 2766 ἑαυτοῦ
1359 2711 1422 2765 τὸ
1452 2712 1749 2782 στιχάριον,
1792 2710 1889 2765 καὶ
1916 2711 1977 2765 τὸ
2004 2711 2121 2783 βιρ-

538 2798 674 2868 ρίον,
721 2798 780 2849 ἐν
835 2797 1109 2868 μεσοτάτῃ
1138 2797 1332 2861 νυκτὶ,
1375 2795 1511 2867 πρὸς
1552 2794 1761 2864 ταύτην
1812 2797 2121 2863 κατέφυγεν

534 2881 635 2949 τὴν
681 2882 972 2948 παρθένον.
1035 2881 1097 2932 Ἡ
1139 2877 1196 2931 δέ
1241 2876 1546 2943 ξενισθεῖσα
1587 2878 1683 2931 ἐπὶ
1722 2878 1799 2948 τῷ
1832 2879 2120 2948 πράγματι

533 2963 855 3035 διεπτοήθη.
890 2964 1053 3032 Λέγει
1083 2962 1176 3018 οὖν
1200 2963 1336 3033 αὑτῇ
1368 2965 1395 3017 6
1422 2963 1739 3025 ἐπίσκοπος,
1772 2962 1854 3014 ὅτι
1902 2960 2120 3034 Ἐπειδὴ

535 3046 809 3118 ζητοῦμαι
834 3048 987 3119 παρά
1016 3046 1124 3099 τῶν
1168 3046 1466 3116 Ἀρειανῶν
1487 3044 1720 3114 ἀθέμιτα
1747 3044 2120 3113 συκοφαντούο

538 3149 700 3203 μενος
920 3132 1127 3222 αὐτῶν·
1151 3130 1251 3222 Δἵνα
1289 3132 1363 3200 μὴ
1392 3126 1487 3222 οῦν
1513 3128 1895 3222 ἄλογον
1921 3129 2119 3184 ἀπενέ-
2144 3162 2189 3222 c

534 3235 758 3288 γκωμαι
787 3217 967 3283 δόξαν.
997 3218 1093 3272 καὶ
1114 3218 1195 3277 εἰς
1218 3216 1496 3285 ἁμαρτίαν
1522 3214 1746 3284 ἐμϐάλω
1770 3216 1899 3278 τοὺς
1945 3231 2118 3285 τιμω-

537 3302 807 3377 ρήσασθαί
838 3319 904 3369 με
941 3300 1541 3370 βουλομένους,τούτου
1578 3301 1737 3371 χάριν
1775 3299 2122 3370 ἐνεθυμήθην

535 3389 751 3455 φυγεῖν.
794 3384 1170 3453 ’Δπεκάλυψεν
1194 3383 1287 3438 οῦν
1316 3401 1405 3452 μοι
1433 3386 1462 3437 6
1483 3384 1615 3448 Θεὸς
1636 3383 1810 3455 ταύτῃ
1830 3387 1898 3455 τῇ
1929 3384 2118 3448 νυκτὶ,

534 3470 619 3535 δτι
662 3470 801 3541 Παρ⁸
843 3468 1022 3522 οὐδενὶ
1057 3469 1231 3537 ἑτέρῳ
1263 3467 1488 3520 δύνασαι
1523 3466 1781 3538 σωθῆναι,
1810 3470 1858 3520 εί
1890 3467 1965 3539 μὴ
1989 3467 2122 3536 παρ’

536 3554 743 3627 ἐκείνη.
777 3552 911 3605 Ἀπὸ
933 3551 1134 3620 πολλῆς
1163 3551 1255 3605 οῦν
1281 3552 1456 3621 χαράς
1484 3552 1666 3621 ἐκείνη
1707 3550 1915 3622 ῥίψασα
1942 3552 2121 3607 πάντα

535 3636 817 3707 λογισμὸν,
848 3636 946 3709 ὅλη
979 3638 1273 3706 γεγένηται
1294 3636 1388 3689 τοῦ
1422 3638 1657 3707 Κυρίουο
1694 3639 1789 3691 καὶ
1823 3636 2121 3710 προθύμως

537 3724 885 3793 κατέκρυψεν
921 3723 1012 3775 τὸν
1055 3720 1361 3789 ἁγιώτατον
1411 3722 1711 3776 ἐπίσκοπον
1758 3722 1848 3777 ἐπὶ
1889 3722 1984 3792 ἐτη
2027 3722 2117 3787 ἐξ,

541 3808 705 3882 μεχρι
722 3808 820 3878 τῆς
847 3808 989 3877 ζωῆς
1014 3806 1396 3869 Κωνσταντίου
1419 3807 1514 3859 τοῦ
1537 3806 1801 3877 βασιλέως
1822 3824 1837 3838 ο
1862 3807 2000 3878 αὕτη
2026 3808 2121 3861 καὶ

537 3891 935 3963 περινίπτουσα
962 3891 1087 3953 τοὺς
1110 3890 1279 3953 πόδας
1300 3889 1486 3952 αὐτοῦ,
1511 3891 1604 3943 καὶ
1634 3891 1702 3945 τὰ
1728 3890 2122 3962 περιττώματα

536 3973 880 4035 διακονοῦσα,
905 3974 997 4027 καὶ
1021 3973 1119 4036 τὰς
1146 3974 1311 4036 ἄλλας
1336 3973 1485 4045 αύτῷ
1513 3974 1699 4044 χρείας
1718 3974 1897 4037 πάσας
1918 3977 2121 4028 οἰκονο-

540 4059 861 4143 μοῦσα,κα“ι
897 4057 1079 4143 βιϐλία
1106 4058 1424 4143 κιχρωμένη
1458 4059 1560 4143 καὶ
1591 4060 1907 4143 παρέχουσα
1932 4059 2115 4143 αύτῷᾼ·

539 4140 635 4208 καὶ
672 4142 847 4206 οὐδεὶς
884 4141 1187 4214 ἀνθρώπων
1227 4142 1355 4210 όλης
1396 4140 1803 4211 Ἀλεξανδρείας
1832 4143 1976 4211 ἔγνω
2014 4140 2118 4198 ποῦ

536 4228 712 4296 διάγει
741 4229 768 4280 6
816 4226 1086 4297 μακάριος
1134 4225 1452 4288 Ἀθανάσιος
1488 4228 1516 4279 6
1551 4227 1870 4286 ἐπίσκοπος.
1915 4227 2003 4291 Ὠς
2027 4220 2120 4281 οὖν

534 4310 779 4382 ἠγγέλθη
825 4313 853 4363 6
891 4309 1119 4371 θάνατος
1151 4310 1528 4363 Κωνσταντίου
1562 4309 1655 4363 τοῦ
1694 4309 1980 4380 βασιλέως,
2026 4311 2122 4364 καὶ

536 4390 698 4463 ἦλθεν
728 4392 891 4446 αὑτοῦ
924 4395 1003 4455 είς
1028 4391 1127 4455 τάς
1153 4391 1344 4457 ἀκοὰς,
1384 4393 1599 4461 σεμνῶς
1626 4395 1719 4446 καὶ
1754 4394 1998 4462 κοσμίως
2029 4395 2118 4447 ἐν-

536 4478 839 4573 δυσάμενος
858 4474 1101 4573 πάλινέν
1131 4478 1197 4573 τῇ
1231 4475 1624 4573 νυκτῖίήύρέθη
1646 4477 1796 4573 ἐνιτῇ
1825 4476 2113 4573 ἐκκλησία.
2144 4507 2197 4567 D

538 4562 649 4616 Καὶ
689 4560 885 4624 ἰδόντες
928 4560 1090 4614 αὐτὸν
1121 4561 1321 4623 πάντες
1358 4560 1655 4632 ἐξέστησαν
1698 4561 1775 4626 ὠς
1811 4564 1874 4617 ἐκ
1906 4562 2119 4633 νεκρῶν

537 4634 717 4709 ζῶντα
756 4645 945 4699 τοῦτον
982 4645 1366 4714 ἀπειληφότες,
1413 4645 1529 4716 ἅμα
1564 4647 1653 4699 καὶ
1677 4646 2032 4714 ἐγκαλοῦντες
2070 4649 2119 4702 οἱ

537 4728 684 4797 φίλοι
733 4730 833 4800 τὴν
882 4728 1169 4800 ἀνεύρετον
1211 4729 1402 4783 τούτου
1448 4730 1740 4785 κατάδυσιν
1777 4733 1848 4802 τῇ
1896 4731 2121 4786 ἐκείνων

537 4814 752 4885 ἀγνοίᾳ.
786 4815 1132 4883 ’Δπελογεῖτο
1154 4811 1247 4869 οῦν
1270 4816 1297 4867 6
1320 4816 1589 4885 μακάριος
1608 4818 1721 4879 τοῖς
1743 4817 1990 4886 γνησίοις
2014 4818 2117 4871 αύ-

536 4898 631 4951 τοῦ
653 4898 822 4968 φίλοις
851 4900 946 4952 καὶ
976 4899 1280 4969 συνήθεσιν,
1306 4900 1387 4953 ὅτι
1405 4901 1607 4954 Τούτου
1635 4902 1794 4971 χάριν
1817 4900 1951 4972 πρὸς
1975 4902 2121 4971 ὑμᾶς

538 4982 597 5034 ού
631 4982 959 5051 κατέφυγον,
1003 4982 1089 5035 ἵνα
1121 4981 1350 5051 εύορκον
1398 4983 1527 5053 ύμῖν
1566 4984 1817 5053 ὑπάρχῃ,
1849 4983 2025 5045 άλλως
2062 4982 2121 5048 δέ

540 5067 633 5121 καὶ
646 5066 734 5120 διὰ
747 5066 845 5135 τὴν
863 5065 1109 5136 ἔρευναν.
1134 5068 1458 5136 Κατέφυγον
1478 5067 1535 5120 δέ
1561 5067 1697 5137 πρὸς
1719 5068 1955 5138 ἐκείνην,
1983 5066 2121 5137 πρὸς

538 5151 607 5221 ἢν
642 5150 879 5221 ὑποψίαν
918 5151 1095 5214 οὐδεὶς
1137 5152 1362 5206 ἐδύνατο
1398 5152 1564 5224 ἔχειν,
1605 5152 1681 5215 ὡς
1726 5150 1862 5222 πρὸς
1913 5152 2121 5222 ὡραίαν

539 5236 633 5293 καί
660 5233 958 5304 νεωτέραν·
992 5234 1086 5290 δύο
1115 5238 1595 5308 μνηστευσάμενος
1619 5236 1688 5290 τὰ
1715 5236 1874 5297 καλὰ.
1901 5238 1994 5291 καὶ
2021 5238 2121 5309 τὴν

540 5316 814 5387 σωτηρίαν
839 5318 1074 5386 ἐκείνης.
1111 5320 1383 5391 Ὠφέλησα
1402 5321 1509 5392 γὰρ
1533 5321 1727 5393 αὐτὴν,
1748 5320 1844 5374 καὶ
1864 5320 1961 5391 τὴν
1983 5319 2122 5393 ἐμὴν

539 5399 697 5467 δόξαν
726 5401 820 5458 καὶ
852 5402 1173 5473 ἀσφάλειαν.
1434 5411 1440 5417 ⁷

1096 5494 1349 5548 ΚΕΦΑΛ.
1391 5492 1557 5547 ΡΛΖ’.

1030 5588 1174 5660 Περὶ
1218 5589 1633 5659 Ἀματαλιδος.

627 5690 716 5744 Ἐν
735 5689 908 5763 ταύτῃ
936 5694 1004 5763 τῇ
1031 5691 1185 5745 πόλει
1221 5689 1490 5745 Ἀντινόου
1519 5690 1855 5759 μοναστήριά
1886 5694 2001 5746 ἐστι
2027 5708 2123 5760 γυο

545 5773 751 5831 ναικῶν
774 5774 984 5831 δώδεκα
1024 5774 1406 5847 κατορθουσιῖω
1432 5775 1708 5831 πολιτείαν
1741 5776 1991 5847 ἀρίστην.
2036 5778 2123 5832 Ἐν

2176 536 2179 541 ’
2228 539 2353 604 λίδι,
2377 541 2560 610 γραῖδι
2590 542 2918 611 ὀγδοήκοντα
2948 543 3042 615 ἔτη
3069 544 3268 617 ἐχούσῃ
3288 548 3347 600 έν
3363 549 3429 617 τῇ
3453 546 3717 614 ἀσκήσει,
3750 547 3824 609 ὡς

2227 624 2320 677 καὶ
2345 626 2483 696 αὑτὴ
2510 628 2604 680 καὶ
2633 628 2687 680 αί
2720 628 3036 696 γειτνιῶσαι
3082 630 3219 701 αὐτῇ
3266 630 3575 699 διηγοῦντο,
3695 647 3820 682 συν-

2226 708 2404 780 ᾠκουν
2433 711 2701 780 ἐξήκοντα
2730 713 2971 776 νεάνιδες
3002 714 3264 786 παρθένοι
3286 714 3378 767 τὸν
3405 716 3506 786 τῆς
3528 716 3821 784 ἀσκήσεως

2226 794 2487 864 καθαρῶς
2521 796 2849 863 ὲξανύουσαι
2884 798 3086 869 δρόμον
3122 803 3190 870 τῇ
3219 799 3428 869 ταύτης
3456 799 3560 869 τῆς
3580 800 3818 867 καλογήο

2227 894 2323 950 ρου
2354 878 2696 951 διδασκαλίᾳ.
2748 882 2963 945 Αἵτινες
2986 882 3240 936 τοσοῦτον
3266 884 3437 954 αὐτὴν
3458 884 3695 953 ἠγάπων
3718 885 3823 935 πᾶ-

2228 980 2345 1025 σαι,
2379 962 2454 1026 ὡς
2490 963 2623 1033 μηδὲ
2658 965 2843 1018 κλεῖδα
2890 969 3186 1032 ἐφεστάναι
3236 971 3293 1022 ἐν
3337 968 3416 1036 τῷ
3461 966 3821 1037 μοναστηρίῳ

2226 1047 2421 1118 ἐκείνῳ
2444 1048 2518 1108 ὡς
2548 1050 2605 1102 ἐν
2632 1051 2745 1112 τοῖς
2771 1049 2973 1113 ἄλλοις·
2996 1051 3132 1105 ἀλλὰ
3162 1052 3485 1123 κρατεῖσθαι
3502 1052 3688 1113 πάσας
3715 1051 3821 1104 ὑπὸ

2223 1131 2321 1201 τῆς
2368 1133 2609 1203 ἀμέτρου
2650 1134 2858 1205 ταύτης
2892 1136 3113 1204 ἀγάπης
3139 1178 3153 1198 ,
3186 1136 3281 1190 καὶ
3312 1138 3411 1205 τῆς
3452 1136 3637 1189 ἐνθέου
3667 1135 3818 1188 διδιι⁴

2226 1215 2489 1282 σκαλίας,
2537 1219 2617 1280 είς
2668 1218 2981 1289 ἀφθαρσίαν
3029 1218 3668 1291 μετασχηματιζόμεναι.
3726 1219 3818 1281 Εἰς

2226 1300 2479 1353 τοσοῦτον
2501 1300 2557 1355 δὲ
2582 1302 2780 1371 ἥλασεν
2809 1302 3075 1366 ἀπαθείας
3117 1305 3149 1373 ἠ
3186 1304 3385 1373 γραῦς,
3416 1303 3491 1365 ὡς
3518 1302 3817 1357 εἰσελθόντι

2229 1400 2319 1453 μοι
2359 1384 2456 1438 καὶ
2486 1384 2807 1440 καθεσθέντι
2839 1386 3069 1441 ἐλθοῦσα
3102 1388 3545 1456 συγκαθεσθῆναι
3581 1406 3696 1457 μοι,
3722 1390 3817 1443 καὶ

2223 1468 2323 1532 τὰς
2344 1471 2533 1541 χεῖρας
2556 1469 2729 1539 αὐτῆς
2754 1471 3025 1524 ἐπιθεῖναι
3050 1473 3161 1535 τοῖς
3185 1469 3359 1542 ὤμοις
3383 1488 3511 1543 μου,
3535 1471 3815 1543 ὑπερϐολῇ

2226 1553 2542 1625 παρρησίας
2564 1553 2663 1624 τῆς
2684 1553 2765 1616 είς
2787 1554 3042 1623 Χριστόν.

2755 1672 2981 1726 ΚΕΦΑΛ
2993 1714 3006 1727 .
3049 1673 3137 1727 ΡΛ
3146 1673 3229 1730 ﬂ'.

2666 1798 2807 1867 Περὶ
2845 1798 3004 1867 Ταὼρ
3031 1799 3357 1867 παρθένου.

2308 1932 2399 1987 Ἐν
2446 1932 2622 2003 τούτῳ
2666 1932 2745 2004 τῷ
2801 1934 3153 2007 μοναστηρίῳ
3205 1935 3477 2006 παρθένος
3529 1937 3810 2010 μαθήτρια

2222 2017 2452 2089 ταύτης,
2481 2017 2646 2087 Ταὼρ
2676 2018 2921 2087 ὀνόματι,
2960 2018 3161 2088 ἔχουσα
3191 2021 3488 2091 τριάκοντα
3518 2019 3615 2090 ἐτη
3643 2024 3701 2075 ἐν
3732 2022 3809 2093 τῷ

2227 2104 2599 2174 μοναστηρίῳ.
2642 2102 2877 2173 Ἱμάτιον
2908 2104 3114 2170 καινὸν,
3155 2102 3189 2175 ἢ
3236 2104 3569 2175 ῶμοφόριον,
3605 2104 3639 2175 ἢ
3678 2104 3809 2157 ὑπόο

2223 2185 2373 2255 δημα
2433 2186 2689 2240 οὐδέποτε
2727 2184 2914 2239 λαϐεῖν
2964 2187 3248 2255 ⁴ἠθέλησεν,
3292 2188 3549 2257 λέγουσα,
3598 2188 3682 2241 ὅτι
3734 2189 3809 2240 υύ

2223 2270 2412 2341 χρείαν
2460 2269 2587 2340 ἔχω,
2647 2270 2734 2325 ῐνα
2762 2269 2838 2342 μὴ
2871 2270 2965 2323 καὶ
3010 2270 3296 2341 προελθεῖν
3334 2271 3691 2341 ἀναγκασθῶ.
3741 2272 3808 2326 Δί

2228 2354 2326 2425 μὲν
2345 2355 2452 2426 γὰρ
2478 2354 2635 2409 ἀλλαι
2663 2356 2835 2409 πᾶσαι
2872 2354 3014 2408 κατά
3039 2354 3331 2425 Κυριακὴν
3361 2356 3729 2426 προέρχονται
3752 2357 3809 2409 ἐν

2222 2440 2286 2508 τῇ
2314 2436 2578 2510 ἐκκλησίᾳ
2608 2439 2765 2509 χάριν
2795 2437 2895 2508 τῆς
2917 2438 3238 2502 κοινωνίαςο
3269 2439 3454 2510 ἐκείνη
3481 2438 3538 2492 δέ
3569 2440 3803 2511 ρακοδυο

2221 2520 2392 2575 τοῦσα
2440 2521 2800 2585 ἀδιαλείπτως
2840 2526 2897 2575 ἐν
2926 2523 2993 2593 τῇ
3031 2525 3165 2594 μονῇ
3196 2524 3253 2577 ἐν
3283 2522 3361 2593 τῷ
3394 2523 3543 2594 ἔργῳ
3570 2524 3804 2589 καθεζοο

2226 2605 2381 2675 μένη.
2408 2603 2565 2659 υῦτω
2589 2604 2647 2659 δὲ
2669 2605 3044 2674 εὐφυεστάτην
3062 2602 3209 2676 εἶχεν
3244 2607 3344 2677 τὴν
3364 2606 3509 2676 ᾶᾷιν,
3537 2606 3614 2670 ὡς
3640 2609 3805 2676 ἐγγὺς

2222 2688 2466 2759 γίνεσθαι
2487 2690 2581 2742 καὶ
2608 2689 2701 2743 τὸν
2723 2689 2863 2745 πάνυ
2892 2690 3119 2761 στερρὸν
3148 2691 3462 2749 ἀπατᾶσθαι
3490 2690 3569 2761 τῷ
3599 2691 3805 2759 ταύτης

2223 2774 2431 2839 κάλλει,
2477 2775 2525 2827 εί
2571 2773 2646 2844 μὴ
2680 2773 2917 2843 φρουρὸν
2948 2771 3095 2843 εῖχεν
3130 2773 3539 2845 ὑπερϐάλλοντα
3564 2775 3666 2845 τὴν
3701 2793 3806 2829 σω

2224 2858 2517 2928 φροσύνην,
2547 2858 2627 2920 είς
2658 2856 2789 2911 αίδὼ
2813 2857 2907 2910 καὶ
2947 2857 3112 2926 φόϐον
3141 2857 3351 2927 ἄγουσα
3380 2861 3447 2929 τῇ
3477 2858 3804 2929 κοσμιότητι

2223 2940 2317 2996 τοῦ
2352 2941 2516 3014 ἤθους
2545 2942 2639 2996 καὶ
2658 2940 2747 2996 τὸν
2764 2941 2845 3004 είς
2868 2941 3006 3010 ἀγαν
3033 2941 3332 2995 ἀκόλαστον
3350 2942 3657 3013 ὀφθαλμόν.

2795 3097 3049 3153 ΚΕΦΔΛ.
3091 3098 3259 3155 PAB'.

2400 3222 2540 3297 Περὶ
2571 3222 2874 3293 παρθένου
2900 3226 3088 3294 τινὸς,
3123 3225 3226 3282 καὶ
3258 3226 3629 3285 Κολλούθου.

2297 3362 2465 3434 "mn
2508 3380 2594 3426 τις
2625 3358 2694 3416 αὖ
2731 3364 2798 3433 τῇ
2831 3360 3063 3433 ἀληθείᾳ
3100 3361 3369 3434 παρθένος
3388 3363 3468 3433 τῷ
3501 3362 3602 3433 τῆς
3632 3363 3807 3435 ἀσκή-

2223 3463 2361 3509 σεως
2404 3445 2550 3517 ἔργῳ
2581 3445 2864 3516 νηφόντως
2896 3446 3243 3523 προσέχουσα
3263 3485 3278 3507 ,
3327 3446 3450 3517 ἐμοὶ
3472 3442 3803 3515 γειτνιῶσαι

2220 3523 2289 3600 ἦς
2318 3528 2415 3600 τὴν
2436 3529 2557 3598 ὄψιν
2573 3530 2669 3600 μὲν
2697 3529 2795 3599 οὐχ
2830 3527 3071 3599 ἑώρακα.
3106 3524 3351 3598 Προῆλθε
3386 3529 3492 3598 γὰρ
3522 3528 3687 3599 αῦτη,
3720 3526 3806 3593 ’ὡς

2223 3613 2409 3681 ἔλεγον
2458 3614 2506 3665 οἱ
2537 3613 2756 3678 ειδότες,
2792 3612 3047 3665 οὐδέποτε
3077 3612 3170 3681 ἀφ’
3199 3606 3262 3667 οῦ
3303 3614 3634 3676 ἀπετάξατο,
3666 3613 3805 3683 πλη-

2226 3698 2449 3769 ρώσασα
2479 3696 2743 3767 ἐξήκοντα
2775 3696 2869 3766 ἐτη
2908 3698 2967 3750 ἐν
2993 3699 3057 3766 τῇ
3091 3698 3323 3767 ἀσκήσει
3359 3696 3499 3765 μετά
3537 3698 3637 3763 τῆς
3670 3697 3805 3759 ἰδίας

2226 3780 2453 3851 μητρός.
2480 3782 2574 3843 Είς
2599 3779 2826 3851 ὕστερον
2854 3780 2910 3834 δὲ
2941 3778 3245 3850 μελλούσης
3261 3780 3431 3850 αὐτῆς
3455 3781 3803 3851 μεταϐαίνειν

2220 3864 2313 3917 τὸν
2344 3862 2456 3933 βίον
2487 3862 2624 3934 πρὸς
2647 3863 2746 3934 τὴν
2773 3863 2918 3933 ζωὴν
2956 3863 3055 3934 τὴν
3089 3863 3387 3934 ἀκήρατον,
3416 3866 3707 3935 παραστὰς
3735 3869 3797 3933 τῇ

2221 3948 2445 4018 ἀνδρείᾳ
2472 3948 2500 4000 6
2524 3946 2661 4001 κατὰ
2691 3948 2782 4000 τὸν
2812 3948 2975 4003 τόπον
2997 3950 3205 4002 ἐκεῖνον
3230 3949 3381 4017 ἅγιος
3416 3950 3627 4019 μάρτυς
3674 3949 3799 4003 K61-

2220 4030 2442 4095 λουθος,
2471 4030 2619 4099 λέγει
2666 4032 2805 4102 αὑτῇ
2826 4050 2841 4065 ·
2888 4033 3138 4101 Σήμερον
3183 4032 3397 4102 μέλλεις
3431 4033 3638 4085 ὁδεύειν
3668 4034 3799 4103 πρὸς

2218 4116 2312 4169 τὸν
2361 4116 2639 4186 Δεσπότην
2676 4132 2805 4179 σου,
2840 4116 2933 4169 καὶ
2957 4117 3092 4187 ὁρᾷν
3134 4118 3380 4179 ἅπαντας
3422 4119 3550 4181 τοὺς
3590 4118 3795 4185 ἀγίους.

2234 4198 2493 4253 Ἐλθοῦσα
2508 4194 2600 4252 οῦν
2617 4199 2910 4270 ἀρίστησον
2930 4200 3052 4269 μεθ’
3069 4202 3102 4269 ἡ
3110 4200 3228 4270 μῶν
3259 4204 3317 4255 ἐν
3336 4202 3411 4271 τῷ
3429 4202 3796 4273 μοναστηρίῳ.

2236 4284 2540 4337 Ἀναστᾶσα
2571 4279 2664 4337 οὖν
2697 4282 2895 4354 ὄρθρου
2926 4285 2959 4354 ἡ
3000 4283 3269 4353 μακαρία,
3318 4287 3413 4340 καί⁵
3438 4286 3795 4356 ἐνδυσαμένη,

2221 4368 2314 4420 καὶ
2343 4366 2579 4420 λαϐοῦσα
2602 4367 2787 4438 ἄρτον,
2813 4368 2908 4422 καὶ
2927 4368 3135 4433 ἐλαίας,
3154 4369 3247 4425 καὶ
3267 4368 3637 4438 λεπτολάχανα
3660 4372 3718 4422 ἐν
3734 4374 3796 4441 τῇ

2223 4449 2418 4503 ἐαυτοῦ
2450 4467 2556 4504 σπυ
2602 4451 2691 4512 ίδι,
2727 4451 3013 4519 ἐξελθοῦσα
3039 4453 3279 4524 ἀπῆλθεν
3309 4454 3386 4513 είς
3413 4452 3472 4504 τὸ
3501 4453 3677 4522 μαρτύ
3722 4472 3798 4507 ιον

2223 4523 2255 4575 ἡ
2285 4521 2519 4574 τοσαῦτα
2548 4468 2641 4575 {em
2681 4520 2754 4575 μὴ
2790 4522 3148 4575 προελθοῦσα.
3197 4524 3308 4575 Καὶ
3356 4472 3795 4575 ποοσευέαμῖντι-

2223 4523 2255 4591 η
2285 4521 2519 4574 τοσαῦτα
2548 4520 2642 4591 ἐτη
2680 4520 2755 4592 μὴ
2790 4520 3149 4593 προελθοῦσα.
3197 4524 3308 4577 Καὶ
3356 4520 3795 4593 προσευξαμένη,

2222 4604 2315 4658 καὶ
2342 4603 2687 4665 καθεσθεῖσα,
2714 4608 2904 4676 καιρὸν
2928 4606 3232 4676 ἐπιτήδειον
3258 4606 3391 4677 πρὸς
3413 4606 3474 4657 τὸ
3497 4608 3797 4674 γεύσασθαι

2221 4687 2479 4759 ἐπετήρει
2504 4686 2593 4740 διὰ
2629 4688 2809 4758 πάσης
2848 4688 3081 4759 ἡμέρας.
3110 4689 3566 4760 Παραγενομένης
3605 4690 3663 4743 δὲ
3701 4692 3796 4760 τῆς

2221 4771 2483 4842 ἐννάτης,
2529 4771 2623 4824 καὶ
2664 4774 2765 4845 τῆς
2803 4771 2898 4825 τοῦ
2942 4773 3139 4844 φαγεῖν
3171 4772 3320 4843 ὥρας
3362 4773 3648 4842 ἐνστάσης.
3696 4791 3799 4844 μη-

2220 4855 2369 4918 δενὸς
2430 4855 2577 4908 ἔνδον
2639 4856 3015 4928 ὑπάρχοντος,
3078 4856 3357 4911 τεθεικυῖα
3412 4858 3480 4910 τά
3531 4857 3797 4929 βρώματα

2220 4939 2611 5009 προσκαλεῖται
2646 4939 2735 4994 τὸν
2767 4942 3039 5011 μάρτυρα,
3064 4941 3327 5010 λέγουσα·
3360 4942 3665 5014 Εύλόγησόν
3696 4960 3797 5012 μου

2220 5024 2290 5077 τά
2318 5022 2605 5094 βρώματα,
2631 5024 2753 5093 ἅγιε
2769 5025 3066 5091 Κὸλλουθε,
3086 5026 3179 5079 καὶ
3210 5025 3684 5081 συνοὸευσάτωσάν
3710 5044 3799 5094 μοι

2221 5108 2277 5161 αί
2304 5107 2590 5178 πρεσϐεῖαί
2620 5124 2733 5162 σου.
2766 5110 2876 5163 Καὶ
2902 5108 3230 5164 καθεσθεῖσα
3253 5110 3474 5180 ἔφαγεν.
3507 5111 3616 5162 Καὶ
3637 5110 3800 5167 πάλιν

2222 5190 2641 5262 προσευξαμένη
2681 5186 2843 5261 ἦλθεν
2888 5195 3017 5258 περὶ
3053 5192 3203 5265 ἡλίου
3236 5193 3447 5263 δυσμάς
3488 5194 3565 5255 είς
3594 5193 3685 5245 τὸν
3724 5190 3799 5245 οῖ-

2225 5289 2352 5329 κον*
2388 5274 2482 5328 καὶ
2504 5274 2685 5328 δίδωσι
2715 5278 2780 5347 τῇ
2819 5276 3021 5348 ἑαυτῆς
3063 5278 3232 5348 μητρί⁵
3273 5277 3613 5348 σύγγραμμα
3652 5277 3797 5345 Κλή-

2229 5374 2417 5429 μεντος
2466 5357 2563 5411 τοῦ
2601 5359 2977 5428 Στρωματέως
3021 5362 3100 5424 είς
3147 5363 3239 5413 τὸν
3269 5364 3552 5430 προφήτην
3598 5358 3797 5427 ’Διιὼῇ

2226 5441 2319 5495 καὶ
2352 5441 2500 5510 λέγει
2540 5441 2699 5513 αὐτῇ·
2734 5442 2833 5505 Δὸς
2878 5442 3040 5495 τοῦτο
3077 5443 3155 5514 τῷ
3183 5444 3464 5513 ἐπισκόπῳ
3496 5440 3573 5513 τῷ
3610 5441 3800 5513 ἐξωρι-

2227 5530 2409 5603 σμένῳ
2430 5572 2444 5596 ,
2478 5530 2572 5584 καὶ
2603 5531 2724 5584 είπέ
2756 5532 2924 5603 αὐτῷ’
2954 5527 3122 5597 Εῦξαι
3154 5534 3281 5605 περὶ
3309 5532 3473 5602 ἐμοῦο
3498 5532 3665 5585 ὁδεύω
3697 5531 3799 5600 γάρ

2225 5616 2359 5685 πρὸς
2390 5615 2479 5668 τὸν
2515 5614 2719 5687 Κύριόν
2771 5634 2895 5687 μου.
2939 5618 3047 5671 Καὶ
3086 5617 3435 5684 ἐτελεύτησεν
3477 5617 3535 5671 ὲν
3568 5616 3703 5685 αὐτῇ
3737 5617 3797 5683 τῇ

2224 5698 2400 5761 νυκτὶ,
2428 5696 2502 5768 μὴ
2524 5698 2822 5767 πυρέξασα.
2852 5699 2927 5770 μὴ
2960 5700 3442 5771 κεφαλαλγήσασα,
3467 5700 3582 5751 ἀλλ’
3606 5696 3801 5765 ἑαυτὴν

2227 5782 2620 5851 ἐνταφιάσασα,
2661 5785 2739 5847 είς
2768 5787 2954 5854 χεῖρας
2984 5783 3119 5839 θεοῦ
3155 5784 3215 5837 τὸ
3250 5783 3463 5853 πνεῦμα
3512 5781 3792 5852 παρέθετο.
