4040 6554
563 370 703 430 1259
2031 387 2126 443 ΡΑΙ

2232 388 2340 445 lDll
3689 392 3825 447 ιξεο

1145 507 1368 566 CAPUT
1406 506 1561 565 CXL.
2164 512 2218 568 Α
2242 506 2411 575 scapi,
2438 509 2641 579 rogavit
2661 510 2842 565 dicens
2876 526 2888 563 :
2920 509 2976 565 Si
3006 510 3107 566 hoc
3133 512 3225 567 tibi
3252 511 3426 566 visum
3452 519 3558 577 est,
3591 511 3817 567 domine

679 601 750 655 De
773 600 963 671 virgine
988 616 1100 668 qua:
1139 600 1288 669 lapsa
1318 610 1421 664 est,
1465 609 1511 654 et
1541 599 1638 669 egit
1659 599 2025 669 paenitentiam.

640 690 892 754 Quaedam
938 690 1083 758 virgo
1122 691 1465 744 exercitatrix
1518 704 1740 743 manens
1776 704 1899 744 cum
1931 686 2135 743 duabus

567 781 684 834 aliis
717 779 1028 846 virginibus,
1059 793 1119 833 se
1148 780 1388 834 exercuit
1415 794 1602 833 novem
1635 780 1716 833 vel
1743 778 1928 832 decem
1952 777 2131 832 annis.

574 880 607 925 Α
637 873 864 942 qundam
891 882 1069 926 autem
1091 882 1309 925 cantore
1334 870 1563 927 inescata
1588 886 1707 925 cum
1735 885 1801 924 eo
1821 868 2004 924 habuit
2023 878 2130 927 stu-

572 968 651 1033 pri
700 965 1171 1027 consuetudinem;
1215 974 1417 1018 etcum
1462 972 1613 1016 utero
1651 962 2006 1030 concepisset,
2039 975 2136 1028 pe-

573 1058 726 1125 perit.
760 1056 891 1110 Cum
919 1068 1094 1109 autem
1138 1054 1191 1109 in
1221 1068 1486 1108 summum
1522 1053 1704 1108 odium
1740 1055 1980 1121 prorupit
2020 1052 2136 1121 ejus

571 1149 659 1215 qui
711 1146 877 1213 ipsam
924 1148 1230 1213 deceperat,
1282 1143 1334 1197 in
1384 1143 1645 1211 profundo
1692 1151 2004 1208 compuncta
2055 1149 2138 1195 est

568 1240 777 1303 animo.
819 1248 872 1292 et
897 1238 961 1291 ad
993 1252 1108 1291 eam
1158 1237 1397 1304 pervenit
1428 1251 1732 1292 mensuram
1764 1234 2133 1304 _pmnitenlie,

570 1337 628 1383 ut
657 1331 707 1382 in
736 1344 797 1383 ea
822 1343 1166 1396 perseverans
1208 1342 1267 1381 se
1318 1327 1454 1381 fame
1503 1327 1661 1381 vellet
1711 1324 1976 1389 occidere,
2022 1324 2126 1378 hoc

570 1437 694 1477 cum
726 1421 971 1491 lacrymis
1008 1435 1192 1484 orans,
1238 1420 1510 1487 Deumque
1561 1432 1770 1487 rogans,
1818 1427 1872 1471 et
1913 1417 2135 1475 dicens:

574 1514 715 1567 Deus
754 1527 963 1581 magne,
1016 1512 1103 1580 qui
1142 1514 1377 1566 omnium
1409 1522 1648 1565 nostrum
1678 1520 1894 1579 peccata
1938 1522 2135 1577 portas,

568 1612 626 1658 et
651 1606 965 1658 immensum
995 1611 1156 1656 totius
1186 1602 1367 1659 mundi
1397 1601 1579 1656 vitium
1606 1619 1621 1666 ;
1652 1601 1740 1669 qui
1766 1615 1868 1654 non
1892 1601 1974 1655 vis
1997 1615 2139 1654 mor-

576 1701 683 1748 tem
712 1704 1048 1762 peccatorum
1067 1734 1081 1759 ,
1132 1700 1188 1746 et
1213 1706 1396 1746 eorum
1424 1691 1515 1759 qui
1549 1692 1797 1746 labuntur
1824 1691 2098 1746 interitum
2118 1730 2135 1757 ,

579 1783 674 1838 sed
707 1783 979 1839 misereris
1008 1783 1271 1836 universa:
1300 1792 1587 1844 creaturae;
1620 1792 1696 1835 est
1727 1783 1868 1834 enim
1895 1782 2139 1836 voluntas

2236 598 2507 667 episcOpe,
2540 609 2594 652 ut
2622 601 2867 669 quoniam
2899 600 3031 666 dixi,
3075 600 3186 664 Nar,
3220 601 3400 668 lapsus
3428 616 3571 669 sum,
3605 604 3715 655 sim
3747 604 3815 656 de

2235 689 2399 758 gradu
2429 689 2788 746 ecclesiastico
2816 692 3067 760 dejectus,
3101 707 3152 747 et
3178 710 3283 749 non
3328 695 3429 749 sim
3460 695 3664 761 dignus
3695 711 3816 749 esse

2235 779 2461 835 clericus
2517 792 2619 836 tua:
2675 783 2997 849 sanctitatis,
3069 785 3197 852 jube
3269 796 3325 840 ut
3384 787 3515 840 mihi
3567 786 3639 840 ab
3718 790 3817 841 hoc

2239 878 2479 939 tempore
2532 886 2592 925 ea
2642 871 2798 926 detur
2842 874 2893 927 in
2951 889 3203 940 uxorem;
3262 891 3435 945 neque
3511 878 3665 931 enlrn
3719 892 3817 945 ego

2237 975 2354 1014 smn
2436 961 2688 1029 deinceps
2759 963 3018 1029 clericus,
3078 979 3249 1033 neque
3305 966 3394 1019 illa
3446 968 3623 1033 virgo.
3685 967 3816 1021 Cum

2239 1049 2353 1104 haec
2401 1052 2654 1107 audiisset
2684 1054 2963 1122 episcopus
3000 1062 3053 1110 et
3097 1058 3398 1125 presbyter,
3442 1074 3563 1113 eam
3590 1061 3817 1113 tradidit

2239 1152 2386 1208 pater
2433 1144 2550 1211 ejus
2592 1143 2794 1207 lectori,
2827 1159 3045 1214 sperans
3089 1145 3203 1201 fore
3238 1160 3292 1201 ut
3316 1148 3537 1217 juvenis
3568 1150 3720 1204 bene
3743 1166 3819 1204 es.

2237 1242 2323 1287 set
2365 1232 2417 1286 in
2467 1248 2582 1287 eam
2630 1233 2866 1303 aﬂ'ectus,
2912 1246 2966 1289 et
3012 1237 3207 1307 alioqui
3251 1239 3478 1295 credens
3511 1256 3619 1294 non
3657 1254 3815 1309 mssa

2238 1337 2359 1378 eum
2386 1324 2617 1379 abstrahi
2644 1339 2673 1378 a
2708 1327 3110 1381 consuetudine.
3142 1326 3273 1382 Cum
3298 1345 3415 1383 eam
3447 1342 3634 1384 autem
3690 1331 3792 1383 ade

2240 1414 2445 1471 lescens
2488 1417 2778 1484 accepisset
2818 1418 2868 1471 in
2916 1432 3102 1473 manus
3143 1421 3210 1473 ab
3254 1422 3547 1489 episcopo,
3596 1432 3656 1476 et
3704 1424 3817 1491 ejus

2241 1516 2409 1574 patre,
2439 1522 2659 1575 eamque
2685 1519 2825 1562 esset
2852 1509 3177 1573 consolatus,
3206 1510 3434 1565 abduxit
3462 1520 3519 1565 et
3564 1512 3814 1578 deposuit

2240 1596 2294 1651 in
2320 1596 2646 1657 monasterio
2690 1598 2996 1664 mulierum,
3031 1614 3222 1668 rogans
3249 1616 3365 1654 eam
3397 1617 3523 1671 quae
3557 1603 3672 1655 illic
3701 1615 3817 1659 erat

2239 1688 2410 1759 prima
2436 1690 2675 1743 ministra
2690 1687 3037 1745 fraternitatis
3056 1702 3109 1746 ut
3124 1706 3240 1747 eam
3265 1693 3371 1749 illic
3400 1696 3711 1749 tolerarent
3733 1712 3812 1750 us

2240 1795 2343 1849 que
2360 1781 2423 1834 ad
2447 1790 2650 1849 partum
2663 1781 2799 1850 ejus.
2829 1781 2917 1835 Illa
2932 1797 3059 1839 vero
3072 1784 3254 1840 relicta
3278 1786 3329 1839 in
3351 1787 3719 1850 monasterio,
3744 1788 3809 1842 le-

572 1883 658 1927 tua
690 1882 748 1927 ut
769 1886 956 1926 omnes
976 1882 1254 1925 serventur
1297 1869 1509 1941 (Ezech.
1554 1886 1718 1926 xum
1736 1871 1781 1940 ).
1812 1870 1869 1925 Si
1896 1886 2024 1940 ergo
2052 1884 2140 1925 me
2171 1869 2215 1927 Β
2240 1881 2355 1926 ctor
2372 1871 2556 1927 abiens
2573 1872 3094 1941 seipsuminelusitin
3113 1874 3243 1931 cella
3260 1876 3504 1939 sordida,
3536 1878 3669 1932 vita
3682 1892 3800 1930 sum

569 1978 803 2032 quoque,
856 1978 973 2032 qua:
1003 1977 1181 2031 pereo,
1215 1961 1292 2015 vis
1340 1976 1457 2015 esse
1484 1961 1685 2014 salvam
1706 2001 1721 2025 ,
1753 1962 1807 2014 in
1856 1961 1956 2015 hoc
2006 1961 2135 2014 mihi

567 2062 709 2107 tuam
736 2054 955 2107 ostende
985 2052 1271 2105 bonitatem
1294 2092 1308 2116 ,
1340 2061 1393 2104 et
1418 2066 1556 2105 nunc
1587 2059 1672 2105 tua
1702 2052 1769 2105 ad
1815 2066 1901 2107 me
1932 2067 2124 2120 perve-

572 2144 717 2199 niant
745 2142 1003 2196 mirabilia
1031 2158 1045 2207 ;
1079 2149 1133 2195 et
1170 2142 1300 2211 jube
1330 2141 1451 2195 hinc
1489 2141 1678 2196 abduci
1704 2152 1758 2196 et
1780 2143 1955 2210 colligi
1980 2141 2131 2213 (204)

567 2234 796 2288 fructum
826 2249 959 2287 mea.-
991 2234 1300 2301 iniquitatis,
1352 2233 1439 2302 qui
1469 2241 1757 2300 conceptus
1777 2244 1859 2288 est
1890 2235 1942 2288 in
1971 2234 2135 2288 lasci-

574 2326 655 2377 via
679 2365 692 2388 ,
725 2332 779 2378 et
819 2326 1026 2392 genitus
1077 2324 1130 2375 in
1164 2334 1405 2391 peccato;
1439 2324 1689 2389 nam,nisi
1726 2326 1825 2377 hoc
1879 2327 1984 2389 liat,
2037 2338 2136 2393 ego

571 2417 670 2471 hac
698 2415 764 2470 de
792 2431 950 2470 causa
979 2414 1061 2470 vel
1082 2431 1166 2469 me
1198 2417 1385 2484 laqueo
1413 2415 1717 2481 sulfocabo,
1750 2416 1832 2470 vel
1880 2418 2133 2485 meipsam

569 2508 621 2562 in
654 2521 885 2574 praeceps
911 2504 1175 2574 dejiciam.
1209 2506 1339 2561 Cum
1383 2508 1458 2560 sic
1491 2518 1691 2573 oraret,
1732 2508 1826 2561 fuit
1852 2505 2132 2573 exnudita;

571 2619 692 2655 Iam
745 2604 833 2670 qui
891 2614 1044 2655 natus
1111 2601 1283 2654 fuerat
1341 2600 1555 2670 infans,
1623 2615 1726 2653 non
1794 2600 1960 2653 multo
2018 2609 2134 2668 post

571 2694 821 2746 decessit.
882 2693 961 2746 Ab
1011 2692 1100 2746 illo
1149 2706 1274 2760 ergo
1322 2691 1408 2744 die
1453 2706 1556 2744 non
1607 2691 1837 2758 amplius
1887 2692 2137 2744 convenit

566 2800 685 2837 eum
710 2783 796 2852 qui
823 2786 987 2853 ipsam
1013 2784 1288 2851 redegerat
1310 2786 1359 2835 in
1380 2782 1712 2846 servitutem;
1748 2782 1840 2836 sed
1884 2797 1940 2835 se
1970 2791 2133 2835 totam

568 2876 848 2945 insigniter
875 2874 1074 2928 dedens
1102 2874 1466 2940 continentiae,
1497 2876 1707 2943 a-grotis
1734 2874 2041 2941 mancisque
2070 2887 2136 2927 ac

571 2966 827 3021 mutilatis
857 2967 1091 3020 serviens
1115 2967 1327 3036 triginta
1358 2980 1525 3019 annos
1545 3013 1559 3034 ,
1593 2966 1661 3019 ita
1697 2965 1858 3020 Deum
1885 2967 2131 3033 placavit,

571 3057 963 3127 propitiumque
994 3058 1248 3121 reddidit,
1280 3067 1340 3112 ut
1371 3059 1583 3112 cuidam
1640 3064 1828 3111 sancto
1859 3056 2136 3127 presbyte-

569 3163 630 3202 ro
657 3149 1002 3215 revelaretur,
1036 3147 1177 3200 illam
1216 3147 1323 3201 Deo
1356 3148 1521 3218 magis
1574 3147 1833 3213 placuisse
1876 3147 1929 3200 in
1962 3147 2130 3215 paeni-

2248 1975 2388 2014 tnam
2420 1962 2711 2029 suscipiens
2737 1963 3093 2031 asperitatem,
3124 1964 3191 2023 ad
3220 1965 3493 2021 Christum
3547 1966 3814 2021 accedens

2236 2054 2289 2108 in
2330 2055 2490 2109 corde
2515 2056 2745 2109 contrito
2767 2071 2885 2109 cum
2914 2057 3094 2113 multis
3140 2057 3386 2127 lacrymis
3414 2068 3469 2116 et
3498 2060 3810 2126 gemitibus,

2236 2144 2421 2199 dicens
2446 2161 2460 2198 :
2483 2145 2585 2208 Tu,
2621 2145 2859 2209 Domine,
2912 2162 3056 2200 meas
3085 2147 3321 2203 actiones
3360 2150 3529 2215 nosti,
3566 2150 3661 2219 qui
3706 2154 3811 2205 scis

2237 2235 2434 2299 omnia,
2482 2249 2641 2302 quem
2673 2233 2802 2288 nihil
2850 2235 2999 2300 latet,
3033 2253 3201 2307 neque
3232 2247 3317 2293 est
3346 2241 3485 2293 ullus
3518 2240 3682 2294 locus
3721 2256 3812 2294 oc-

2235 2324 2408 2379 cultus
2439 2324 2490 2377 in
2531 2337 2635 2392 quo
2683 2325 2800 2392 quis
2848 2340 2906 2378 se
2950 2326 3237 2382 abscondat
3263 2344 3293 2382 a
3325 2340 3414 2383 tua
3460 2345 3589 2398 quae
3630 2332 3813 2387 omnia

2235 2415 2423 2485 aspicit
2466 2424 2756 2485 poteState,
2806 2417 2891 2485 qui
2924 2418 3073 2472 vides
3102 2420 3278 2471 omnia
3313 2420 3628 2488 priusquam
3661 2420 3791 2474 fiant

2236 2506 2317 2562 Tu
2363 2509 2506 2561 solus
2561 2507 2708 2561 vides
2764 2507 3021 2576 profunda
3067 2511 3471 2578 cogitationum,
3526 2519 3587 2564 et
3630 2512 3807 2564 omnis

2238 2598 2430 2652 mentis
2456 2598 2737 2663 conceptio
2762 2613 2790 2651 a
2831 2607 2879 2652 te
2904 2599 3157 2664 cernitur,
3189 2603 3409 2670 perinde
3437 2615 3500 2655 ac
3532 2600 3581 2655 si
3609 2602 3806 2668 aspici-

2238 2697 2322 2743 tur
2348 2688 2532 2743 oeulis.
2573 2687 2651 2741 'l‘u
2682 2703 2800 2742 cum
2845 2690 3190 2758 cogitatorum
3239 2694 3315 2745 sis
3357 2706 3483 2744 acer
3528 2696 3807 2749 examina-

2238 2785 2342 2843 tor,
2358 2778 2816 2846 perlectejudicas.
2852 2776 2930 2833 Tu
2959 2781 3046 2846 qui
3068 2780 3156 2834 eis
3178 2779 3593 2849 quiafliciuntur
3614 2780 3805 2850 injuria

2236 2867 2341 2923 fers
2403 2868 2694 2934 auxilium,
2758 2868 2848 2938 qui
2911 2868 3024 2923 falli
3088 2884 3193 2924 non
3267 2881 3455 2937 potes,
3514 2871 3652 2925 dum
3719 2886 3807 2926 eos

2235 2957 2505 3022 vindicas,
2586 2959 2675 3025 qui
2742 2968 3061 3029 appetuntur
3140 2961 3459 3025 calumniis;
3518 2962 3611 3016 cui
3682 2963 3807 3015 nihil

2236 3048 2407 3117 placet
2444 3048 2731 3118 injustum,
2780 3064 2938 3105 omne
2982 3060 3157 3107 autem
3207 3060 3540 3105 momentum
3596 3060 3807 3106 statera

2234 3140 2451 3209 iustitiae
2478 3152 2560 3197 est
2585 3158 2614 3197 a
2638 3153 2687 3198 te
2712 3158 2943 3214 semper;
2972 3154 3107 3199 astat
3126 3146 3267 3200 enim
3301 3146 3390 3200 tibi
3428 3158 3699 3214 perpetuo
3722 3148 3803 3199 lux

570 3238 732 3291 tentia
754 3252 909 3306 quam
937 3239 988 3291 in
1018 3240 1332 3305 virginitate.
1368 3238 1489 3293 llaec
1510 3248 1686 3293 autem
1711 3239 1909 3305 scribo,
1942 3255 2008 3293 ne
2035 3254 2127 3294 eos
2156 3228 2203 3292 C
2230 3230 2296 3285 ad
2317 3246 2470 3294 (ιιιαηι
2497 3248 2601 3287 non
2637 3242 2778 3303 patet
2804 3236 2998 3301 adium,
3031 3244 3083 3288 et
3109 3251 3266 3290 omne
3287 3250 3425 3304 opus
3458 3237 3699 3291 baminis
3728 3248 3803 3290 est

568 3346 654 3395 qui
703 3332 863 3383 multa
914 3339 1166 3396 peccant,
1216 3342 1270 3384 et
1312 3346 1375 3385 ex
1410 3332 1587 3384 animo
1615 3346 1678 3385 ac
1720 3333 1926 3386 sincere
1970 3342 2130 3401 agunt

569 3422 954 3491 paenitentiam,
998 3431 1435 3477 contemnamus:
1464 3423 1601 3476 sicut
1645 3423 1761 3477 haec
1793 3422 1964 3487 beata,
2012 3438 2130 3492 qua:

568 3527 662 3565 eor
688 3524 842 3565 suum
885 3512 1163 3576 contrivit,
1197 3524 1250 3565 et
1278 3512 1329 3565 in
1362 3512 1659 3567 humilitate
1687 3512 1850 3566 vitam
1880 3527 2028 3566 suam
2058 3512 2128 3566 li-

567 3600 819 3671 qﬁefecit,
851 3615 957 3655 non
983 3603 1230 3670 despecta
1261 3602 1364 3656 fuit
1390 3617 1419 3655 a
1448 3601 1669 3658 Domino
1697 3617 1881 3658 eorum
1906 3605 1996 3673 qui
2024 3604 2128 3658 du-

568 3704 757 3747 cuntur
782 3693 1110 3761 pmuitentia.

1125 3806 1350 3863 CAPUT
1385 3805 1563 3862 CXLI.

566 3898 643 3953 De
672 3899 781 3967 ﬁlia
823 3899 1251 3969 presbyter-iiquae
1291 3901 1521 3952 lectorem
1550 3898 1869 3954 calumniam
1908 3907 2047 3967 erat,
2078 3906 2125 3953 et

1092 3968 1362 4030 Eustathio
1395 3970 1601 4023 lectore.

637 4057 923 4128 Cujusdam
960 4059 1251 4129 presbyteri
1286 4058 1395 4112 filia
1424 4060 1571 4128 virgo
1600 4060 1649 4115 in
1679 4058 1920 4114 Caesarea
1950 4055 2122 4111 Palat-

567 4151 719 4204 stina:
766 4151 932 4219 lapsa,
982 4152 1050 4206 ab
1097 4166 1162 4204 eo
1212 4149 1299 4219 qui
1342 4149 1391 4204 ei
1442 4149 1626 4204 vitium
1672 4150 1919 4205 attulerat
1969 4148 2123 4203 docta

570 4242 761 4307 fuerat,
813 4254 866 4295 ut
907 4241 1186 4311 quemdam
1216 4242 1444 4296 civitatis
1491 4240 1741 4295 lectorem
1775 4241 2126 4294 calumniare-

568 4346 671 4402 tur,
705 4345 759 4388 et
787 4335 925 4404 quod
954 4343 1202 4402 corrupta
1226 4345 1387 4400 esset,
1434 4334 1488 4388 in
1514 4350 1632 4389 eum
1662 4335 1868 4403 culpam
1913 4333 2125 4388 confer-

564 4435 666 4481 ret.
698 4426 933 4493 Cumque
959 4424 1120 4483 ferret
1146 4435 1383 4483 ventrem
1402 4467 1414 4489 ,
1448 4440 1475 4478 a
1500 4434 1648 4494 patre
1674 4440 1771 4481 suo
1799 4426 2120 4492 examinata,

566 4514 857 4568 nominavit
893 4513 1168 4569 lectorem.
1210 4515 1319 4569 lloc
1361 4532 1479 4569 cum
1513 4515 1769 4569 audiisset
1812 4517 2087 4586 presbyter

2233 3340 2413 3379 coram
2462 3333 2533 3380 te.
2564 3324 2657 3380 Est
2682 3341 2809 3395 ergo
2851 3327 2923 3382 tui
2960 3327 3087 3397 justi
3117 3339 3169 3382 et
3194 3329 3553 3384 immutabilis
3592 3328 3805 3397 judirii.

2229 3415 2318 3485 jus
2362 3432 2571 3486 quoque
2619 3433 2795 3472 meum
2845 3422 3207 3487 pronuntiare.
3262 3420 3578 3475 Ellicaciter
3629 3431 3804 3472 autem

2232 3518 2421 3564 orante
2446 3510 2804 3576 adolescente,
2835 3520 2889 3564 et
2918 3512 2969 3564 in
3006 3509 3212 3580 jejunio
3240 3512 3530 3581 diligenter
3561 3527 3808 3580 perseve-

2231 3608 2429 3666 rante,
2510 3602 2646 3656 intra
2719 3603 2881 3657 breve
2958 3612 3164 3671 tempus
3242 3604 3535 3658 adfuerunt
3592 3606 3809 3659 dolores

2230 3694 2347 3762 ejus
2430 3702 2629 3760 partus.
2711 3692 2949 3759 Cumque
3024 3694 3328 3749 advenisset
3395 3695 3557 3759 hora,
3640 3695 3803 3750 adfuit

2228 3782 2388 3837 etiam
2428 3781 2629 3852 justum
2654 3782 2747 3837 Dei
2769 3782 3045 3851 judicium,
3078 3784 3306 3839 aﬂerens
3334 3788 3719 3841 vehementem
3747 3798 3797 3843 et

2230 3871 2619 3928 intolerabilem
2666 3873 2901 3928 dolorem
2954 3875 3001 3929 ei
3044 3891 3161 3943 quas
3209 3874 3379 3930 fuerat
3428 3878 3793 3931 calumniata:

2230 3963 2515 4032 gemituum
2561 3965 2817 4018 immensa
2872 3965 3187 4031 multitudo,
3233 3965 3447 4020 labores
3482 3976 3675 4035 partus
3721 3968 3795 4019 ia-

2227 4053 2571 4117 euarrahiles,
2602 4053 2792 4109 inferni
2818 4055 3194 4123 suppliciorum
3226 4058 3461 4111 visiones
3488 4058 3793 4121 terribiles,

2228 4145 2366 4201 hanc
2393 4146 2642 4201 miseram
2673 4145 2879 4201 fortiter
2921 4148 3247 4215 obsidentes,
3279 4160 3333 4204 et
3364 4149 3549 4203 infans
3583 4161 3790 4215 propter

2230 4237 2643 4305 magnitudinem
2666 4252 2771 4291 non
2801 4237 3038 4305 prodibat
3066 4253 3132 4292 ex
3167 4252 3338 4292 utero.
3370 4239 3649 4293 Praeteriit
3687 4240 3790 4292 dies

2227 4327 2428 4396 primus
2445 4333 2498 4380 et
2517 4326 2801 4389 secundus,
2827 4336 2880 4381 et
2901 4326 3113 4382 dolores
3132 4338 3284 4383 erant
3306 4329 3789 4393 intolerabiliores;

2226 4418 2531 4472 adventavit
2573 4417 2759 4472 tertius
2792 4426 2846 4471 et
2872 4430 3120 4487 quartus,
3153 4428 3209 4473 et
3248 4431 3467 4473 secutus
3513 4432 3605 4473 est
3646 4420 3792 4473 dolor

2225 4511 2404 4564 multis
2434 4510 2685 4578 partubus
2714 4511 2955 4579 gravior;
2987 4512 3201 4580 quintus
3229 4521 3282 4566 et
3308 4522 3497 4565 sextus
3541 4521 3602 4565 et
3630 4513 3791 4579 septe»

564 4603 908 4659 conturbatus
938 4605 1117 4658 retulit
1136 4605 1201 4658 ad
1230 4604 1554 4673 episcopum.
1591 4605 1700 4659 Hoc
1725 4620 1842 4659 cum
1869 4605 2122 4659 audiisset
2151 4592 2205 4653 D
2230 4618 2345 4656 mus
2388 4603 2721 4668 tenebrosus,
2773 4611 2826 4657 et
2852 4602 3034 4657 infelix
3061 4604 3250 4658 mulier
3277 4618 3343 4658 ex
3386 4605 3564 4659 multo
3612 4605 3792 4658 dolore

564 4697 867 4763 episcopus,
881 4698 1188 4750 convocavit
1202 4695 1486 4750 concilium
1505 4694 1858 4760 sacerdotum,
1889 4694 2117 4764 fecitque

565 4787 743 4841 vocari
771 4788 1019 4841 lectorem
1037 4827 1052 4851 ,
1083 4790 1252 4855 deque
1277 4801 1341 4841 eo
1371 4785 1557 4843 habuit
1582 4786 1931 4853 quaestionem
1957 4828 1972 4853 ,
2000 4800 2115 4840 rem

566 4880 893 4933 examinans.
935 4877 1167 4947 Rogatus
1205 4888 1381 4932 autem
1420 4878 1486 4932 ab
1532 4878 1811 4947 episcopo,
1870 4892 1980 4932 rem
2012 4892 2119 4931 non

564 4971 822 5026 fatebatur
845 4970 1031 5035 lector;
1049 4985 1167 5023 nam
1185 4969 1324 5038 quod
1346 4970 1541 5027 factum
1563 4969 1631 5023 ab
1654 4970 1770 5038 ipso
1791 4984 1896 5024 non
1920 4968 2113 5034 fuerat,

564 5060 829 5128 quomodo
858 5058 961 5113 dici
996 5059 1232 5126 poterat?
1258 5057 1418 5125 [Egre
1446 5074 1573 5127 ergo
1600 5056 1776 5113 ferens
1803 5059 2082 5126 episcopus
2100 5098 2114 5123 ,

561 5149 874 5219 gravissima
920 5162 1048 5202 voce
1093 5149 1144 5203 ei
1182 5147 1569 5202 dicebatzNon
1617 5147 1867 5202 fateberis
1916 5149 2117 5218 lapsum

565 5246 733 5301 twn),
765 5247 970 5306 etages
993 5236 1376 5305 ptenitentiam,
1393 5251 1425 5290 ο
1448 5236 1627 5291 infelix
1648 5247 1705 5290 et
1724 5238 1875 5304 plene
1894 5238 2120 5291 immun-

561 5327 728 5381 «ιηὴῖ
757 5325 1046 5394 Respondit
1086 5326 1291 5380 lector:
1329 5325 1474 5395 Rogo
1504 5334 1583 5389 te;
1615 5326 1724 5379 dixi
1766 5326 1819 5380 id
1863 5327 2001 5395 quod
2032 5342 2118 5382 res

561 5424 667 5480 est,
699 5418 831 5469 hanc
870 5430 981 5469 rem
1021 5416 1086 5470 ad
1132 5432 1215 5469 me
1258 5415 1387 5470 nihil
1434 5416 1715 5484 pertinere.
1765 5417 1928 5471 Plane
1974 5418 2113 5471 enim

560 5506 711 5573 culpa
738 5520 925 5570 careo,
974 5512 1032 5558 ut
1064 5506 1148 5573 qui
1197 5504 1263 5560 de
1289 5521 1348 5559 ea
1376 5521 1443 5560 ne
1471 5506 1809 5573 cogitaverim
1857 5507 2070 5573 quidem
2099 5523 2113 5572 ;

562 5596 1004 5649 sinautemvultis
1042 5591 1236 5650 audire
1292 5594 1349 5650 id
1402 5594 1550 5666 quod
1605 5609 1719 5647 non
1769 5601 1873 5663 est,
1909 5596 2111 5649 dicam:

562 5683 704 5739 Feci.
734 5684 843 5739 lloc
868 5685 1113 5753 cumipse
1138 5685 1379 5748 dixisset,
1413 5683 1657 5751 deposuit
1679 5698 1798 5737 eum
1827 5684 2112 5751 episc0pus

562 5776 633 5832 ali
656 5766 835 5831 cilicio
872 5776 1104 5832 lectoris.
1145 5775 1268 5832 Post
1307 5775 1409 5832 hoc
1437 5775 1684 5833 accidens
1712 5776 1776 5831 ad
1808 5777 1971 5847 pedes
1999 5776 2112 5845 rpi-

2227 4694 2537 4749 versabatur
2585 4694 2637 4748 in
2668 4694 2869 4749 inferis.
2919 4695 2976 4749 In
3019 4696 3264 4749 omnibus
3290 4696 3373 4749 his
3412 4696 3615 4751 diebus
3646 4713 3790 4751 mam

2227 4785 2295 4839 sit
2323 4799 2492 4854 neque
2518 4784 2736 4839 omnino
2761 4786 2933 4840 cibum
2959 4799 3194 4850 sumens,
3224 4801 3324 4841 nec
3349 4788 3621 4841 tantillum
3652 4804 3789 4841 sum

2226 4888 2353 4928 num
2394 4872 2607 4938 videns;
2659 4866 2754 4927 s'ed
2784 4873 3007 4927 luctibus
3054 4882 3109 4929 et
3154 4876 3486 4941 gravissimis
3530 4878 3779 4931 dolorum

2227 4962 2503 5017 tumentis
2525 4962 2945 5031 succedentibus,
2993 4976 3110 5032 post
3139 4965 3251 5020 haec
3270 4966 3469 5029 omnia,
3504 4970 3708 5019 vitiata
3734 4976 3785 5021 et

2225 5054 2373 5109 falsae
2401 5055 2735 5110 accusatricis
2783 5071 2879 5110 cor
2907 5056 3210 5121 inﬂexibile,
3259 5060 3397 5112 victa
3426 5074 3454 5110 a
3492 5060 3587 5111 Dei
3636 5072 3785 5126 pote-

2222 5154 2381 5209 state,
2425 5162 2543 5215 quae
2567 5161 2669 5200 non
2716 5146 2854 5201 cadit
2881 5148 2981 5201 sub
3003 5160 3293 5215 aspectum,
3346 5150 3783 5205 intolerabilibus

2224 5235 2495 5289 doloribus
2524 5236 2725 5290 addidit
2768 5238 2926 5290 etiam
2954 5239 3361 5302 confessionem,
3396 5240 3611 5307 lugubri
3660 5256 3787 5294 voce

2224 5332 2526 5386 exclamans
2550 5346 2564 5381 :
2591 5329 2684 5382 Hei
2712 5330 2839 5382 mihi
2870 5330 3091 5383 irrisera!
3124 5332 3275 5383 venio
3305 5330 3358 5383 in
3387 5331 3688 5398 periculum
3717 5346 3785 5385 ne

2224 5434 2457 5488 peream,
2503 5428 2560 5473 ut
2602 5434 2722 5487 qua:
2750 5420 2802 5471 in
2847 5418 2953 5472 duo
2995 5418 3129 5472 mala
3174 5419 3473 5481 inciderim,
3505 5434 3701 5486 netnpe
3736 5424 3781 5476 iu

2222 5510 2537 5563 calumniam
2583 5519 2637 5563 et
2685 5510 3101 5574 fornicationem,
3150 5517 3206 5561 et
3248 5510 3441 5563 amissa
3474 5509 3783 5578 virginitate

2220 5614 2335 5652 sum
2363 5600 2545 5653 tradita
2571 5599 2909 5663 detractioni;
2934 5609 2987 5651 et
3026 5612 3144 5651 cum
3174 5599 3299 5651 mihi
3346 5600 3418 5652 sit
3442 5600 3509 5653 ah
3557 5601 3672 5652 alio
3701 5602 3779 5651 at.

2218 5689 2380 5742 latum
2424 5688 2632 5751 vitiutn,
2662 5688 2903 5742 accusavi
2946 5688 3215 5741 lectorem.
3264 5689 3395 5740 Cum
3445 5689 3560 5743 lucc
3604 5700 3779 5741 autem

2218 5776 2514 5834 audiissent
2542 5778 2770 5846 virgines
2798 5777 3124 5839 monasterii.
3159 5778 3300 5831 Patri
3330 5779 3453 5846 ejus
3485 5781 3664 5834 omnia
3696 5793 3779 5835 re-
