4112 6560
556 381 703 445 1963

2002 370 2355 435 PALLADII

3688 360 3822 428 ῙΞίιί

560 494 744 564 ὀγδόη,
789 493 884 547 καὶ
928 488 1155 560 πάλινὴ
1197 488 1414 560 ἐννάτη,
1470 482 1758 559 βαθυτάτῳ
1808 482 1987 552 σκότῳ
2031 482 2140 535 τῶν
2168 485 2215 544 Α
2242 485 2337 538 καὶ
2374 484 2504 549 τούς
2552 484 2894 553 συκοφάντας
2942 479 3307 551 φανερούσης,
3352 478 3450 533 καὶ
3493 474 3611 542 τοῖς
3649 478 3823 549 ταύτῃ

560 583 813 652 ἀλήκτων
853 579 1102 650 στρόφων
1145 577 1352 646 ταύτην
1394 574 1740 646 ἀμαυρῶσαι.
1780 572 1869 635 Ὦς
1910 569 2003 624 οὐν
2035 570 2137 622 οὐκ

560 668 809 739 ἔφερενὴ
843 667 1056 720 συνοδία
1086 669 1184 728 τὰς
1216 665 1457 736 μεγάλας
1492 662 1698 731 ταύτης
1725 658 1992 731 οἰμωγὰς,
2016 656 2139 726 δρο-

567 760 720 826 μαῖαι
771 755 1103 809 ἀπελθοῦσαι
1153 754 1545 823 ἀναγγέλλουσι
1590 751 1667 821 τῷ
1697 750 2005 817 ἐπισκόπῳ,
2057 746 2139 798 ὅτι

562 844 708 897 ἔστιν
733 844 924 912 ἐννάτη
947 844 1184 913 σήμερον
1208 842 1388 912 ἡμέρα
1411 841 1491 894 ὃτι
1517 844 1550 911 ὴ
1568 840 1716 893 δεῖνα
1738 836 2139 906 ἐξομολογεῖται

562 934 643 986 ὅτι
662 933 828 986 Τοῦδε
849 933 945 985 τοῦ
965 932 1312 999 ἀναγνώστου
1332 928 1697 998 κατεστάθην,
1721 926 1816 981 καὶ
1832 924 2140 992 ἀποκυῆσαι

563 1023 663 1074 οὐκ
698 1023 894 1093 ἰσχύων
931 1019 1343 1088 ἐσυκοφάντησα
1372 1019 1480 1088 γάρ
1509 1016 1713 1071 τοῦτον.
1761 1015 1819 1068 Ὀ
1844 1013 1897 1067 δέ
1919 1011 2151 1096 ἐπίσκο-⁹

565 1128 663 1173 πος
692 1110 929 1170 ἀκούσας
955 1109 1107 1181 παρὰ
1137 1110 1238 1161 τῶν
1266 1110 1553 1178 παρθένων
1581 1107 1758 1160 πάντα
1787 1104 1853 1157 τά
1886 1101 2142 1174 ῥηθέντα,

566 1200 772 1265 πέμπει
820 1198 954 1269 πρὸς
998 1198 1086 1252 τὸν
1119 1198 1479 1265 ἀναγνώστην
1508 1193 1602 1247 δύο
1633 1192 1937 1255 διακόνους,
1966 1186 2144 1259 δηλῶν

566 1286 715 1354 αὐτῷ
753 1288 928 1340 πάντα
950 1330 963 1349 ,
1000 1287 1095 1340 καὶ
1134 1286 1222 1339 ἵνα
1256 1284 1479 1353 εὐξηται
1508 1284 1713 1344 ἐκεῖνος
1749 1276 2013 1349 ρυσθῆναι
2045 1274 2146 1344 τῆς

564 1376 807 1445 ἀνάγκης
848 1374 943 1443 τὴν
978 1374 1325 1443 ταλαίπωρον
1369 1374 1623 1440 γυναῖκα.
1673 1369 1731 1423 Ὀ
1790 1366 1847 1419 δὲ
1899 1365 2146 1433 γενναῖος

562 1461 715 1525 οὗτος
742 1464 1026 1526 νεανίσκος
1050 1463 1171 1516 οὐδέ
1199 1462 1489 1532 ἀπόκρισιν
1510 1459 1691 1520 αὐτοῖς
1724 1454 1975 1519 δέδωκεν,
2009 1450 2146 1522 μηδέ

564 1553 660 1623 τὴν
696 1552 866 1621 θύραν
896 1548 1143 1616 ἀνοίξας·
1175 1549 1289 1603 ἀλλ’
1328 1549 1419 1617 ἀφ’
1446 1542 1514 1619 ἧς
1542 1546 1754 1618 ἡμέρας
1790 1546 1870 1606 είς
1898 1542 1995 1613 τὴν
2021 1541 2145 1595 κέλ-

564 1643 663 1695 ).αν
703 1641 975 1711 εἰσῆλθεν,
1023 1641 1113 1694 τὸν
1160 1641 1360 1709 συνήθη
1396 1637 1596 1691 κανόνα
1629 1636 1727 1706 τῆς
1756 1631 2015 1703 νηστείας
2053 1631 2146 1683 ἐκ·

567 1729 810 1800 πληρῶν,
839 1729 937 1783 καὶ
970 1731 1088 1791 ταῖς
1110 1729 1357 1795 δεήσεσιν
1383 1724 1639 1779 ἱκετεύων
1661 1724 1752 1776 τὸν
1782 1720 1933 1775 Θεὸν.
1958 1720 2145 1773 Κατα-

566 1820 841 1887 καμφθεὶς
860 1818 917 1871 δέ
937 1820 965 1871 6
986 1817 1170 1887 πατὴρ
1196 1816 1332 1887 πρὸς
1354 1809 1535 1867 οἶκτον
1557 1810 1659 1881 τῆς
1677 1808 1827 1900 ,ιδίας
1854 1803 2143 1900 θυ-γατρὺς,
2177 1843 2222 1900 Β

566 1907 736 1961 ἐλθὼν
771 1906 912 1978 πρὸς
940 1905 1033 1960 τὸν
1069 1904 1364 1958 ἐπίσκοπον
1400 1901 1593 1970 ἐδεήθη
1627 1896 1793 1952 αὐτοῦ
1826 1895 2033 1966 σφόδρα
2061 1894 2150 1947 εὐ-

567 1997 669 2063 χὴν
695 1995 899 2065 ταύτης
925 1992 1177 2062 γενέσθαι
1206 1994 1265 2044 ἐν
1286 1994 1351 2060 τῇ
1396 1986 1721 2059 Ἐκκλησίῳ
1745 1985 1840 2039 καὶ
1860 1982 2151 2053 γινομένης

568 2080 675 2134 ὐπὸ
701 2081 920 2133 πάντων
952 2079 1261 2150 προσευχῆς
1288 2077 1426 2146 πρὸς
1458 2076 1548 2128 τὸν
1578 2072 1881 2144 Δεσπότην,
1914 2071 2026 2125 οὐδ’
2054 2067 2149 2123 οὐ·

564 2168 732 2236 τωςή
759 2166 916 2219 ἀθλία
940 2166 1040 2233 τῆς
1065 2164 1311 2231 ἀνάγκης
1340 2161 1641 2233 ἐλυτρώθη.
1662 2161 1727 2214 Δί
1752 2160 1857 2231 γὰρ
1882 2158 2038 2230 εὐχαὶ
2055 2156 2149 2211 τοῦ

570 2252 1070 2323 συκοφαντηθέντος
1108 2250 1451 2304 δυσωποῦσαν.
1479 2249 1571 2302 τὸν
1600 2247 1902 2314 Δεσπότην,
1932 2244 2152 2299 ἀπετεί-

567 2357 727 2411 χισαν
752 2342 851 2404 τὰς
885 2339 1092 2393 τούτων
1147 2339 1222 2411 μὴ
1267 2335 1694 2408 παραδεχθῆναι.
1746 2332 1962 2387 Τούτων
2008 2332 2151 2385 οὐτω

568 2427 1149 2497 γεγονότωνζάναστάς
1198 2428 1225 2479 6
1270 2426 1574 2485 ἐπίσκοπος
1620 2420 1892 2494 ἐπορεύθη
1937 2420 2017 2484 είς
2050 2420 2151 2490 τὴν

568 2516 766 2570 κέλλαν
806 2519 864 2571 ἐν
963 2512 1030 2587 ἦν
1065 2517 1094 2569 ὀ
1136 2513 1522 2584 ἀναγνώστης’
1556 2511 1652 2566 καὶ⁵
1689 2509 2023 2580 κρούσαντος
2051 2509 2150 2579 τὴν

569 2604 742 2675 θύραν
772 2604 872 2657 οὐκ
902 2603 1093 2676 ἤθελεν
1128 2603 1355 2667 ἀνοῖξαι.
1398 2602 1519 2654 Ἐπὶ
1550 2599 1684 2653 πολὺ
1710 2599 1766 2651 δέ
1804 2597 1899 2652 τοῦ
1929 2596 2153 2650 ἐπισκό-

571 2711 672 2747 που
700 2692 803 2757 ἔξω
831 2692 1198 2764 παρεστῶτος,
1225 2690 1478 2745 κάκείνου
1505 2687 1652 2741 ἐνδον
1678 2686 1854 2749 δντος,
1883 2685 2096 2739 κελεύει
2122 2684 2152 2738 6

570 2782 869 2845 ἐπίσκοπος
895 2780 992 2852 τὴν
1023 2777 1193 2852 θύραν
1217 2778 1542 2850 ἐπαρθῆναι.
1577 2777 1686 2830 Καὶ
1712 2775 2042 2838 εἰσελθόντες
2065 2767 2153 2828 εῦ-

572 2887 665 2942 ρον
704 2870 796 2923 τδν
840 2870 1125 2923 νεανίσκον
1163 2870 1232 2939 τῇ
1280 2868 1560 2938 προσευχῇ
1610 2861 2150 2936 προσκαρτεροῦντα,

571 2960 663 3012 ἐπὶ
698 2958 793 3013 τοῦ
833 2958 1061 3027 ἐδάφους
1110 2954 1534 3026 ἐφαπλωμένον·
1584 2953 1679 3007 καὶ
1721 2952 1856 3006 πολύ
1896 2968 2152 3022 παρακαο

567 3045 731 3111 λέσας
762 3046 951 3099 τοῦτον
974 3044 1219 3117 ἤγειρεν,
1255 3042 1453 3111 λέγων·
1474 3040 1696 3109 Ἀδελφέ
1719 3038 1985 3093 Εὐστάθιε
2016 3039 2150 3093 ἀνα-

568 3135 809 3202 γνὼστα,
840 3132 1253 3204 φανερωθείσης
1281 3134 1381 3202 τῆς
1410 3128 1796 3198 συκοφαντίας,
1842 3125 1977 3180 Θεοῦ
2007 3128 2154 3180 οἰκο-

579 3184 1081 3204 .τηη-νιινντη
1196 3184 1250 3203 ν..
1336 3184 1378 3202 ..
1556 3184 1569 3198 .
1751 3184 1795 3195 η

567 3224 753 3295 νομίᾳ,
784 3221 896 3276 τῶν
924 3221 1033 3274 σῶν
1059 3219 1234 3291 εὐχῶν
1258 3216 1745 3282 είσακουσθεισῶν,
1768 3216 2151 3286 κατοικτειρή-
2180 3184 2222 3242 C

571 3325 667 3373 σας
691 3312 789 3379 τὴν
810 3311 890 3372 είς
914 3309 974 3362 σέ
999 3309 1384 3379 ἡμαρτηκυῖαν
1406 3306 1540 3360 πολύ
1564 3304 2012 3359 καταικισθεῖσαν
2033 3305 2153 3367 ταῖς

573 3398 795 3470 μάστιξι
818 3397 930 3451 τῶν
955 3397 1228 3467 βασάνων,
1252 3394 1414 3448 λῦσον
1440 3397 1537 3457 τάς
1568 3393 1843 3464 ἁμαρτίας
1860 3409 1875 3425 ο
1900 3394 2023 3454 ταῖς
2044 3390 2153 3463 γάρ

574 3488 694 3548 σαῖς
736 3485 925 3554 εὐχαῖς
970 3483 1198 3537 τοιαῦτα
1238 3483 1473 3553 πάσχειο
1507 3482 1602 3535 καὶ
1627 3482 1749 3534 είπέ
1775 3480 1911 3552 πρὸς
1933 3480 2024 3533 τὸν
2056 3482 2156 3532 Δε-

575 3573 803 3641 σπότην,
846 3572 931 3626 ἵνα
966 3572 1139 3643 αὐτὴν
1168 3570 1515 3643 ἐλευθερώσῃ
1553 3568 1650 3623 τοῦ
1676 3567 1901 3623 τοκετοῦ
1928 3568 2023 3637 τῆς
2044 3584 2157 3621 κοι-

570 3660 713 3725 λίας.
745 3660 851 3714 Τοῦ
875 3660 930 3715 δέ
955 3661 1201 3731 ἀοιδίμου
1231 3659 1583 3729 ἀναγνώστου
1611 3659 1730 3729 ἅμα
1765 3659 1843 3730 τῷ
1868 3656 2156 3727 ἐπισκόπῳ

571 3751 808 3813 ἐκτενῶς
832 3749 1301 3822 προσευξαμένου,
1326 3752 1669 3820 παραχρῆμα
1691 3749 1726 3818 ἡ
1754 3746 1915 3801 ἀθλία
1934 3744 2159 3816 ἠλευθε-

572 3838 720 3911 ρώθη
754 3842 855 3909 τῆς
882 3840 1152 3907 ἀνάγκης,
1188 3839 1550 3907 ἀποκυήσασα
1574 3836 1807 3901 παιδίον,
1839 3835 2158 3889 ἱκετεύουσα

571 3928 698 3990 τοὺς
728 3928 936 3990 πάντας
971 3926 1245 3997 ἀφεθῆναι
1274 3927 1413 3997 αὐτῇ
1443 3926 1543 3997 τὴν
1578 3924 1811 3995 ἀνομίαν
1850 3925 1971 3986 ταῖς
2018 3937 2159 3993 πρε-

573 4014 789 4079 σϐείαις
830 4014 924 4068 τοῦ
958 4015 1169 4069 δικαίου
1190 4030 1203 4045 ·
1241 4014 1300 4068 δν
1342 4014 1530 4068 λοιπὸν
1579 4014 1631 4065 οἱ
1665 4014 1865 4075 πάντες
1894 4006 2039 4080 είχον
2067 4010 2157 4064 τὸν

569 4106 818 4172 γενναῖον
851 4105 909 4156 ἐν
945 4105 1098 4169 τάξει
1138 4102 1246 4156 τῶν
1289 4102 1602 4174 μαρτύρων.
1640 4101 1829 4171 Πάσης
1857 4099 1968 4170 γὰρ
2000 4098 2158 4170 μερί-

578 4208 713 4260 μνης
759 4191 949 4244 ἑαυτὸν
1003 4189 1378 4260 ἐλευθερώσας
1430 4192 1509 4254 είς
1539 4190 1717 4261 ἄκραν
1754 4188 2030 4242 πολιτείαν
2058 4187 2159 4258 τῆς

574 4280 776 4349 ἀρετῆς
819 4279 1068 4350 ἀνῆλθεν,
1122 4279 1199 4343 ὡς
1248 4278 1344 4332 καὶ
1392 4276 1734 4349 χαρίσματος
1783 4274 2157 4348 πνευματικοῦ

574 4369 765 4423 τοῦτον
802 4369 1119 4439 ἀξιωθῆναι.
1152 4370 1339 4423 Ταῦτα
1374 4370 1431 4423 δέ
1464 4369 1806 4440 ἐγράψαμεν,
1846 4370 1933 4422 ἴνα
1971 4367 2160 4439 μηδεὶς

576 4461 991 4526 συκοφαντήσας
1035 4460 1317 4529 περιπαγῇ
1363 4461 1475 4522 τοῖς
1518 4456 1753 4521 δικτύοις
1792 4456 1887 4511 τοῦ
1924 4454 2155 4528 ἐχθροῦ,

579 4548 675 4601 καὶ
705 4545 923 4621 ἐμπέσῃ
957 4548 1038 4609 είς
1069 4546 1263 4609 ὀδύνας
1293 4545 1602 4616 ἀφορήτους
1630 4545 1767 4611 τέως
1795 4546 1897 4615 τῆς
1932 4545 2155 4617 σαρκὸς,

587 4634 731 4688 καθά
758 4635 853 4689 καὶ
876 4637 908 4705 ἡ
937 4636 1315 4706 προγραφεῖσα
1337 4634 1658 4703 ψευδοτόκος
1676 4649 1690 4664 ο
1719 4637 1855 4705 μετά
1874 4634 1931 4689 δὲ
1953 4633 2050 4705 τὴν
2076 4636 2162 4688 ἐν·

588 4723 776 4778 τεῦθεν
802 4723 891 4777 τοῦ
923 4724 1173 4793 σώματος
1200 4723 1521 4793 ἀπαλλαγὴν
1550 4721 1876 4793 παραδοθεὶς
1898 4722 2163 4793 κολαστη-

590 4814 722 4885 ρίοις
749 4812 988 4875 αἰωνίοις
1019 4813 1113 4865 καὶ⁹
1144 4812 1541 4881 ἀτελευτήτοις.
1583 4812 1643 4864 '0
1670 4813 1779 4883 γὰρ
1809 4811 2163 4880 συκοφαντῶν

578 4901 906 4971 παροργίζει
960 4901 1051 4955 τὸν
1105 4901 1260 4955 Θεόν.
1325 4900 1384 4954 '0
1429 4901 1487 4954 δὲ
1526 4898 2029 4969 συκοφαντούμενος
2066 4898 2163 4953 καλ⁵

576 4990 868 5059 ὑποφέρων
897 4989 1160 5055 εὐλαϐῶς,
1194 4989 1289 5042 καὶ
1318 4989 1505 5059 εὐχαῖς
1534 4989 1845 5061 ἐπιτρέπων
1874 4987 1973 5059 τὴν
2004 4986 2164 5056 φανέ-

578 5096 768 5150 ρωσιν,
799 5079 1086 5148 ἀναμένων
1111 5078 1210 5148 τὴν
1231 5078 1449 5133 δικαίαν
1469 5078 1651 5150 κρίσιν
1677 5075 1774 5129 τοῦ
1794 5075 1956 5139 Θεοῦ,
1977 5074 2162 5139 καθὼς

576 5171 672 5221 καὶ
702 5170 732 5221 6
766 5168 1095 5239 στεφανίτης
1146 5167 1239 5222 τοῦ
1268 5168 1505 5240 Χριστοῦ
1533 5169 1562 5220 ὁ
1596 5167 1691 5221 καὶ
1728 5165 1979 5232 ἐνταῦθα,
2019 5167 2163 5220 κατά

578 5249 779 5324 κράτος
812 5256 1113 5321 δοξασθεὶς,
1146 5258 1242 5310 καὶ
1285 5256 1394 5311 τῶν
1441 5255 1676 5309 αίωνίων
1715 5254 1998 5323 στεφάνων
2028 5270 2163 5309 κατ-

576 5346 851 5409 αξιωθείς.
876 5345 1156 5417 Μάθωμεν
1175 5341 1270 5400 οὖν
1286 5345 1532 5417 ἀκριϐῶς
1543 5346 1641 5416 τὴν
1654 5346 1923 5416 ἀήττητον
1931 5344 2162 5416 δύναμιν

578 5436 679 5503 τῆς
707 5435 876 5505 εὐχῆς
900 5434 1002 5506 τῆς
1040 5436 1138 5490 καὶ
1172 5437 1298 5500 τούς
1327 5437 1385 5489 ἐν
1426 5434 1609 5489 πίστει
1643 5434 2028 5507 στηριζούσης,
2064 5434 2162 5490 καὶ

578 5523 714 5585 τούς
740 5524 797 5576 ἐν
825 5523 1121 5594 ἁμαρτίαις
1144 5524 1423 5594 ἐλεούσης,
1442 5524 1539 5578 καὶ
1564 5526 1676 5587 τοῖς
1701 5523 1799 5595 τὴν
1814 5523 2015 5595 ἀρετὴν
2027 5541 2160 5579 κατ-

580 5609 803 5679 ορθοῦσι
852 5612 1175 5684 βοηθούσης,
1220 5614 1316 5668 καὶ
1357 5612 1454 5685 τὴν
1493 5612 1673 5667 κτίσιν
1714 5613 1895 5667 πᾶσαν
1928 5613 2161 5684 κρατού-

582 5713 708 5768 σης,
734 5700 831 5755 καὶ
857 5703 951 5756 τὸν
995 5702 1221 5773 κτίστην
1251 5702 1469 5757 πάντων
1502 5700 1882 5774 δυσωπούσης,
1913 5703 2010 5756 καὶ
2034 5704 2162 5767 τοὺς

580 5787 989 5863 κατορθοῦντας
1023 5790 1122 5864 τὴν
1169 5790 1402 5863 ἀρίστην
1453 5789 1733 5846 πολιτείαν
1782 5790 2159 5862 στεφανούσης

2242 575 2741 648 προσκαρτεροῦσιν
2767 573 3013 643 οὐρανῶν
3043 569 3318 642 βασιλείαν
3349 568 3728 641 δωρουμένης.

2790 662 3044 715 ΚΕΦᾹΛ.
3090 659 3265 713 PMB’.

2808 745 2944 811 Περὶ
2974 744 3253 806 Σαςλιϐίας.

2317 833 2455 886 Κατ’
2482 833 2659 886 ἐκεῖνο
2685 833 2881 903 καιροῦ
2918 831 3119 901 συνέϐη
3150 830 3265 900 ἅμα
3306 826 3509 881 ὁδεύειν
3542 826 3696 897 ἡμᾶς
3722 826 3827 877 ἀπο

2244 920 2433 983 Αἰλίας
2462 921 2554 973 ἐπὶ
2585 921 2685 992 τὴν
2716 922 3015 988 Αἴγυπτον,
3048 917 3476 991 προπέμποντας
3508 914 3609 983 τὴν
3644 930 3826 982 μακα-

2250 1007 2370 1075 ρίαν
2429 1008 2685 1073 Σαλϐἰαν,
2738 1008 2838 1080 τὴν
2893 1007 3161 1079 παρθένον
3217 1008 3472 1075 γυναῖκα,
3502 1000 3829 1072 ἀδελφὴνᾶ

2253 1090 2533 1166 Ῥουφίνου
2554 1096 2646 1151 τοῦ
2673 1097 2778 1151 ἀπὸ
2803 1097 3079 1167 ἐπάρχων.

2796 1186 3048 1240 ΚΕΦΑΛ.
3084 1183 3261 1239 PMF'.
3372 1252 3375 1253 ί

2781 1276 2921 1343 Περὶ
2970 1272 3281 1330 Ἰουϐίνου.

2330 1362 2422 1416 Ἐν
2452 1356 2534 1426 οἷς
2568 1357 2639 1432 ἦν
2670 1362 2769 1416 σὺν
2802 1364 2936 1433 ἡμῖν
2966 1364 3063 1417 καὶ
3110 1361 3389 1425 Ἰουϐῖνος,
3415 1358 3543 1413 τότε
3578 1356 3681 1425 μὲν
3710 1353 3830 1409 διά-

2247 1466 2425 1514 κονος,
2458 1452 2574 1504 νυνὶ
2605 1451 2664 1505 δὲ
2711 1452 3011 1514 ἐπίσκοπος
3053 1447 3292 1518 γεγονὼς
3340 1446 3443 1515 τῆς
3482 1444 3831 1507 Ἀσκάλωνος

2260 1536 2610 1609 Ἐκκλησίας,
2634 1540 2774 1610 ἀνὴρ
2802 1538 3038 1609 εὐλαϐὴς
3067 1541 3162 1592 καὶ
3192 1536 3495 1605 φιλόλογος.
3517 1534 3834 1603 Σφοδροτάο

2245 1640 2339 1680 του
2370 1624 2463 1680 οῦν
2490 1627 2773 1697 καύματος
2814 1626 3213 1689 καταλαϐόντος
3244 1626 3412 1696 ἡμᾶς,
3448 1625 3834 1694 καταντήσαν-

2246 1732 2348 1778 τας
2380 1716 2458 1779 είς
2502 1716 2565 1769 τὸ
2593 1715 2914 1786 Πηλούσιον,
2956 1715 3111 1785 ἔτυχε
3142 1709 3234 1767 τὸν
3277 1711 3533 1767 Ἰουϐῖνον
3590 1710 3833 1782 νιπτῆρα

2248 1800 2482 1855 λαϐόντα
2514 1801 2772 1872 νίψασθαι
2804 1803 2905 1867 τὰς
2933 1804 3123 1872 χεῖρας
3152 1801 3246 1855 καὶ
3269 1800 3396 1862 τοὺς
3434 1800 3605 1860 πόδας
3635 1800 3833 1869 πυγμῇ

2249 1887 2593 1960 ψυχροτάτου
2619 1890 2772 1954 δντος
2797 1889 2891 1943 τοῦ
2928 1889 3141 1953 ὕδατος,
3186 1888 3281 1941 καὶ
3323 1887 3462 1957 μετά
3485 1887 3552 1940 τὸ
3573 1885 3835 1955 νίψασθαι

2250 1978 2566 2050 δερμοτύλῳ
2610 1979 3102 2034 ἐπαναπαύσασθαι
3154 1976 3369 2048 ριφέντι
3400 1976 3541 2029 κατά
3563 1975 3660 2027 τοῦ
3705 1975 3830 2028 ιιδά⁸

2251 2083 2408 2136 φους.
2447 2068 2752 2120 Ἐπιστᾶσα
2779 2067 2838 2121 δὲ
2874 2067 3051 2136 τούτῳ
3077 2066 3111 2133 ἡ
3154 2067 3452 2136 μακαρῖτις
3492 2063 3724 2126 Σαλϐία,
3758 2062 3833 2128 ὡς

2255 2157 2438 2227 μήτηρ
2468 2156 2605 2226 σοφὴ
2637 2155 2755 2208 υίοῦ
2784 2155 3058 2226 κηδομένη
3082 2154 3322 2225 γνησίου,
3344 2153 3702 2221 ἐπέσκηπτεν
3731 2152 3833 2205 αὐ.

2250 2244 2346 2298 τοῦ
2380 2248 2446 2316 τῇ
2472 2245 2773 2316 ἁπαλότητι
2800 2245 2890 2299 τοῦ
2920 2238 3192 2315 σώματος,
3222 2243 3458 2312 λέγουσα
3484 2240 3637 2312 αὐτῷ
3662 2258 3679 2271 ·
3712 2240 3836 2305 Πῶς

2253 2332 2474 2402 θαρσεῖς
2500 2350 2593 2387 σου
2610 2333 2687 2404 τῷ
2721 2333 2954 2405 σώματι,
2976 2335 3232 2404 τοιαύτην
3261 2334 3411 2401 άγων
3447 2332 3548 2403 τὴν
3590 2332 3832 2402 ἡλικίαν,

2252 2421 2347 2476 καὶ
2377 2422 2457 2475 ἐτι
2485 2423 2700 2487 ζέοντός
2731 2440 2825 2476 σου
2855 2422 2948 2476 τοῦ
2979 2423 3213 2491 αἵματος
3238 2438 3253 2489 ;
3280 2421 3452 2484 οὕτως
3484 2438 3581 2474 σου
3607 2420 3835 2491 φιλοκα-

2252 2510 2365 2572 λεῖς
2389 2511 2449 2563 τὸ
2476 2511 2722 2581 σαρκίον,
2752 2510 2827 2574 ὡς
2859 2510 2935 2583 μὴ
2968 2511 3288 2581 αἰσθόμενος
3314 2510 3422 2563 τῶν
3455 2509 3515 2576 ἐξ
3540 2508 3712 2563 αὐτοῦ
3751 2525 3835 2562 σοι

2251 2599 2591 2669 τικτομένων
2623 2599 2938 2672 βλαϐερῶνς
2968 2600 3195 2672 Θάρσει,
3225 2598 3482 2666 λέγουσα,
3509 2599 3724 2665 τέκνον,
3754 2598 3832 2651 δτι

2253 2687 2544 2756 ἑξηκοστὸν
2575 2688 2671 2741 νῦν
2709 2689 2919 2757 άγουσα
2968 2688 3088 2751 ἔτος
3133 2691 3232 2758 τῆς
3281 2685 3501 2758 ἡλικίας
3532 2686 3693 2747 ἐκτὸς
3727 2686 3835 2740 τῶν

2252 2776 2439 2846 ἄκρων
2475 2775 2697 2847 χειρῶν,
2742 2777 2840 2829 καὶ
2882 2775 3014 2829 αὐτὸ
3046 2774 3135 2828 διὰ
3183 2773 3492 2839 κοινωνίαν,
3541 2775 3647 2829 οὐκ
3708 2774 3829 2844 ϐψις

2256 2880 2357 2934 μου
2380 2863 2558 2935 ἥψατο
2589 2862 2802 2927 ὕδατος,
2829 2863 2890 2916 οὐ
2924 2863 3081 2929 ποῦς,
3112 2862 3224 2916 οὐδ’
3252 2862 3380 2917 ἄλλο
3404 2879 3458 2917 τι
3488 2862 3601 2916 τῶν
3633 2862 3833 2932 μελῶν,

2254 2951 2456 3022 καίπερ
2484 2952 2761 3025 διαφόροις
2780 2950 3082 3023 ληφθείσης
3104 2953 3458 3025 ἀρρωστίαις,
3486 2953 3584 3007 καὶ
3611 2953 3719 3007 ὐπὺ
3734 2954 3837 3007 τῶν

2257 3040 2461 3112 ἰατρῶν
2491 3040 2948 3113 ἀναγκαζομένης
2978 3041 3190 3114 λουτρῷ
3235 3041 3569 3112 χρήσασθαι,
3600 3042 3703 3095 οὐκ
3738 3044 3838 3111 ὴν-

2256 3130 2496 3199 εσχόμην
2519 3129 2814 3184 ἀποδοῦναι
2840 3132 2907 3201 τῇ
2942 3129 3107 3201 σαρκὶ
3125 3130 3183 3183 τὸ
3208 3130 3359 3192 €00;-
3392 3129 3494 3183 οὐκ
3534 3130 3630 3182 ἐπὶ
3652 3128 3838 3200 κλίνης

2256 3218 2619 3289 ἐκαθεύδησα,
2640 3218 2703 3271 οὐ
2733 3218 2997 3290 λεκτικίῳ
3035 3217 3247 3273 ὦδευσά
3280 3235 3407 3271 που.

2325 3308 2472 3378 Αὕτη
2496 3308 2794 3380 λογιωτάτη
2820 3309 3066 3379 γέγονεν,
3089 3310 3122 3380 ἢ
3154 3309 3251 3363 καὶ
3278 3306 3369 3362 τὸν
3389 3308 3533 3362 θεῖον
3553 3308 3730 3377 Λόγον
3757 3325 3837 3377 φι-

2254 3396 2467 3466 λήσασα
2502 3396 2602 3461 τὰς
2634 3396 2838 3461 νύκτας
2871 3398 2952 3461 εἰς
2991 3396 3206 3468 ἡμέρας
3234 3395 3566 3467 ἀνέστρεψεν
3599 3396 3838 3467 δαψιλῶς

2257 3487 2425 3557 ἐλαίῳ
2472 3486 2683 3550 ταύτας
2713 3487 3172 3556 καταλάμπουσα,
3204 3488 3312 3540 πᾶν
3356 3486 3703 3558 σύγγραμμα
3733 3488 3840 3541 τῶν

2258 3576 2504 3645 ἀρχαίων
2533 3574 3037 3646 ὐπομνηματιστῶν
3063 3574 3379 3628 διελθοῦσα’
3411 3576 3469 3627 ἐν
3498 3570 3580 3638 οἷς
3628 3576 3843 3646 Ὠριγέι⁵

2257 3679 2381 3726 νους
2417 3662 2684 3734 μυριάδας
2698 3662 3037 3734 τριακοσίας,
3059 3662 3361 3735 Γρηγορίου
3386 3662 3479 3715 καὶ
3502 3663 3724 3734 Πιερίου
3746 3663 3842 3716 καὶ

2258 3752 2553 3822 Στεφάνου,
2586 3753 2679 3807 καὶ
2724 3752 3029 3818 Βασιλείου,
3074 3754 3171 3807 καὶ
3218 3752 3420 3822 ἐτέρων
3461 3751 3627 3807 τινῶν
3675 3770 3839 3805 σπουο

2257 3840 2557 3894 δαιοτάτων
2592 3841 2863 3913 μυριάδας
2891 3840 3068 3895 εῐκοσι
3098 3841 3271 3895 πέντε
3292 3855 3307 3871 ⁸
3342 3842 3441 3912 οὐχ
3479 3840 3693 3904 ἀπλῶς,
3718 3841 3836 3894 οὐδὲ

2258 3928 2333 3991 ὡς
2372 3928 2560 3998 ἔτυχεν
2606 3929 2955 3999 παρελθοῦσα
2996 3930 3193 3991 ταῦτα,
3235 3928 3371 3984 ἀλλά
3421 3930 3833 3999 πεπονημένως,

2258 4017 2489 4070 ἕκαστον
2521 4016 2724 4088 βιϐλίον
2760 4017 3047 4089 ἕϐδομονῆ
3081 4018 3267 4086 ὃγδοον
3293 4018 3596 4072 διελθοῦσα.
3628 4018 3721 4072 Διὸ
3745 4019 3838 4071 καὶ

2260 4105 2500 4177 ἠδυνήθη
2531 4106 2887 4177 ψευδωνύμου
2922 4106 3179 4177 γνώσεως
3223 4106 3653 4178 ἐλευθερωθεῖσα
3712 4124 3840 4160 m-

2262 4195 2503 4265 ρωθῆναι
2543 4194 2759 4266 πρῶτον
2816 4196 2880 4266 τῇ
2932 4197 3117 4266 χάριτι
3152 4193 3248 4248 τοῦ
3278 4194 3437 4258 Θεοῦ,
3472 4191 3591 4248 εἶτα
3633 4196 3726 4249 καὶ
3769 4196 3835 4266 τῇ

2260 4283 2487 4353 δυνάμει
2515 4284 2625 4337 τῶν
2652 4283 2849 4354 λογίων
2871 4284 2964 4338 τοῦ
2989 4282 3326 4355 ῐΙνεύματος,
3360 4282 3543 4336 ἐλπίσι
3575 4287 3837 4353 χρησταῖς

2261 4372 2461 4444 ἑαυτὴν
2506 4373 2656 4444 δρνιν
2686 4374 3036 4446 ἐργασαμένη
3086 4371 3490 4443 πνευματικὴν,
3524 4373 3619 4425 καὶ
3653 4372 3839 4425 διαπε-

2265 4464 2479 4535 ράσασα
2511 4466 2602 4518 τὸν
2650 4463 2842 4517 τούτου
2883 4463 2976 4519 τοῦ
3023 4461 3139 4534 βίου
3162 4460 3325 4535 ζόφον
3348 4463 3558 4526 ἀνέπτη
3592 4461 3729 4532 πρὸς
3750 4460 3840 4514 τὸν

2263 4552 2515 4624 Χριστὸν,
2548 4552 2649 4616 τὰς
2679 4552 2981 4616 ἀθανάτους
3008 4552 3243 4624 ἀμοιϐάς
3274 4553 3404 4627 παρ’
3435 4550 3600 4606 αὐτοῦ
3624 4548 3838 4621 ἀπολη-

2261 4645 2495 4719 φαμένη·

2814 4733 3066 4788 ΚΕΦΑΛ.
3113 4734 3291 4790 ΡΜΔ’.
3346 4786 3351 4791 ,

2755 4822 2892 4890 Περὶ
2951 4821 3364 4891 Ὀλυμπιάδος.

2333 4906 2550 4977 Ταύτης
2577 4907 2699 4961 κατ’
2730 4906 2876 4977 ἴχνος
2899 4904 3160 4975 βαίνουσα
3188 4906 3281 4958 καὶ
3326 4909 3468 4961 κατά
3493 4908 3680 4962 πᾶσαν
3711 4909 3840 4979 ἀρε-

2262 4994 2361 5067 τὴν
2393 4996 2491 5065 τῆς
2535 4993 2721 5049 ἐνθέου
2752 4993 3131 5063 πνευματικῆς
3164 4994 3439 5059 πολιτείας
3469 4996 3502 5065 ἡ
3534 5013 3839 5067 σεμνοπρε-

2264 5084 2509 5154 πεστάτη
2545 5083 2869 5155 Ὀλυμπιάς.
2900 5082 2999 5137 καὶ
3042 5080 3467 5155 ζηλωτικωτάτη
3500 5084 3600 5153 τῆς
3644 5087 3729 5148 είς
3755 5085 3840 5137 ού-

2266 5175 2427 5246 ρανὺν
2465 5174 2740 5245 φερούσης
2793 5173 2938 5237 ὀδοῦ,
2995 5174 3054 5228 ἐν
3114 5176 3281 5228 πᾶσιν
3330 5173 3745 5241 ἀκολουθήσασα
3774 5177 3836 5246 τῇ

2262 5264 2456 5337 γνώμῃ
2475 5264 2585 5318 τῶν
2612 5264 2774 5318 θείων
2802 5263 3056 5333 Γραφῶν,
3084 5263 3331 5334 θυγάτηρ
3346 5267 3599 5334 γεγονυῖα
3617 5265 3679 5318 τὺ
3702 5264 3840 5319 κατὰ

2264 5356 2442 5427 σάρκα
2474 5352 2741 5407 Σελεύκου
2780 5352 2875 5405 τοῦ
2913 5353 3021 5405 ἀπὸ
3060 5354 3338 5422 κομητῶν,
3372 5351 3627 5423 ἀληθινὸν
3667 5353 3725 5407 δὲ
3757 5354 3839 5407 τέ-

2263 5459 2390 5498 κνον
2431 5440 2567 5495 Θεοῦ
2609 5441 2753 5495 κατά
2796 5435 3045 5509 Πνεῦμα,
3077 5440 3278 5510 ἐκγόνη
3325 5439 3383 5494 δὲ
3418 5440 3707 5496 Ἀϐλαϐίου
3748 5440 3835 5496 τοῦ

2264 5532 2371 5586 ἀπὸ
2412 5530 2688 5601 ἐπάρχων,
2715 5529 2901 5600 νύμφη
2927 5528 2987 5582 δὲ
3018 5528 3156 5598 πρὸς
3183 5528 3371 5596 ὀλίγας
3398 5529 3619 5601 ἡμέρας
3643 5531 3841 5603 Νεϐρι-

2262 5616 2375 5668 δίου
2408 5614 2499 5668 τοῦ
2532 5615 2640 5667 ἀπὸ
2666 5614 2926 5684 ἐπάρχων
2959 5612 3172 5676 πόλεως
3211 5613 3628 5667 Κωνσταντίνου
3654 5630 3669 5646 ’
3705 5616 3838 5687 αῦτη

2261 5704 2319 5757 δὲ
2341 5706 2406 5774 τῇ
2446 5699 2676 5772 ἀληθείᾳ
2725 5699 2864 5771 γυνη
2896 5699 3132 5762 οὐδενός.
3180 5699 3416 5768 Λέγεται
3447 5700 3557 5773 γὰρ
3582 5701 3839 5772 ἀμίαντος

2263 5786 2627 5861 κεκοιμῆσθαι
2666 5787 2935 5860 παρθένος
2991 5785 3222 5858 σύμϐιος
3265 5790 3522 5858 γεγονυῖα
3569 5788 3665 5844 τοῦ
3697 5790 3835 5845 θείου
