4040 6548
238 368 381 424 μὶὁὸ

1515 356 1835 414 IIISTURIA
1871 354 2233 412 LAUSIACA.

3348 365 3482 426 1966

223 486 555 539 nuntiarunt.
603 478 757 535 Pater
804 486 983 533 autem
1033 473 1230 532 veritus
1254 491 1321 532 ne
1346 477 1795 532 condemnaretur
1821 486 1873 545 Α
1900 473 2002 538 nis,
2037 488 2158 541 quas
2204 481 2255 527 et
2283 470 2466 525 fideles
2518 468 2819 535 conﬁrmat,
2868 478 2926 523 et
2956 479 3290 537 peccatorum
3318 476 3483 531 mise-

226 587 288 629 ut
314 574 697 637 calumniator,
723 586 845 625 cum
874 585 979 623 non
1008 569 1452 624 adbiberetﬁdem
1471 568 1650 631 dictis.
1679 571 1803 627 silet

221 666 354 719 duos
385 656 520 719 dies.
556 663 757 717 Rursus
803 670 979 715 autem
1012 662 1228 722 misera,
1259 675 1318 715 se
1361 661 1585 716 invicem
1634 662 1787 716 exci-

226 755 495 821 pientibus
542 753 751 807 acerbis
795 750 1150 805 afﬂictabatur
1194 749 1490 813 doloribus,
1539 765 1661 802 eum
1695 766 1799 805 non

226 857 410 914 posset
439 846 689 911 deinceps
719 845 800 897 vel
833 844 1012 897 vivere
1057 841 1140 894 vel
1173 839 1327 894 mori.
1376 838 1614 909 Cumque
1645 840 1693 893 id
1720 839 1793 893 ef-

223 933 382 1003 fugit,
414 936 586 988 oritur
629 934 747 987 dies
776 943 1019 997 octavus,
1050 938 1105 985 et
1131 944 1317 984 rursus
1358 944 1549 995 nonus,
1600 930 1802 999 gravis-

225 1029 377 1083 simis
427 1038 801 1097 perpetuarum
850 1026 1173 1093 vertiginem
1217 1024 1449 1079 tenebris
1475 1039 1592 1079 eam
1639 1023 1802 1077 offus-

226 1132 428 1173 cantes.
461 1119 589 1171 Cum
636 1130 764 1185 ergo
787 1116 902 1183 ejus
930 1129 1153 1183 magnus
1191 1113 1421 1182 ejulatus
1471 1127 1575 1168 non
1628 1112 1796 1167 ferret

225 1214 541 1270 canventus,
594 1206 708 1268 limo
750 1207 945 1259 cursim
988 1203 1301 1259 festinantes
1348 1206 1652 1257 renuntiant
1683 1202 1798 1273 epi-

228 1314 416 1365 seopo,
447 1301 554 1366 jam
599 1312 719 1350 esse
747 1310 944 1349 nonum
991 1295 1132 1349 diem
1162 1310 1228 1348 ex
1255 1310 1363 1363 quo
1393 1294 1480 1348 illa
1512 1294 1800 1348 conﬁtetur

225 1406 287 1442 se
308 1402 590 1442 accusasse
632 1386 907 1449 leuorem,
932 1398 1033 1439 nec
1057 1398 1212 1452 posse
1232 1399 1437 1453 parere,
1462 1385 1600 1453 quod
1626 1385 1798 1450 ipsum

223 1482 298 1536 sit
327 1481 663 1534 calumniata.
700 1478 991 1547 Episcopus
1018 1490 1196 1533 autem
1241 1479 1506 1532 cumbae
1544 1479 1798 1533 andiisset

223 1587 254 1625 a
296 1572 605 1637 virginibus,
652 1570 717 1622 ad
763 1572 1014 1623 lectorem
1050 1567 1212 1621 mittit
1243 1568 1375 1623 duos
1421 1568 1699 1634 diaconos,
1749 1568 1798 1623 ei

221 1663 399 1715 omnia
414 1660 801 1728 signiﬁcans,et
828 1668 883 1712 ut
914 1674 1009 1727 pro
1039 1660 1148 1727 ipsa
1162 1668 1433 1724 oraret,ut
1465 1660 1660 1713 misera
1683 1675 1802 1714 mu-

223 1751 326 1806 lier
364 1752 680 1805 liberaretur
727 1750 793 1804 ab
842 1751 906 1804 iis
934 1748 1362 1806 necessitatibus.
1410 1751 1667 1821 Egregius
1705 1767 1798 1804 au-

1906 573 2073 625 retur,
2102 574 2155 617 et
2197 562 2359 616 flectit
2388 577 2450 614 ae
2479 569 2657 616 movet
2682 562 2919 615 omnium
2946 574 3265 630 creatorem,
3296 576 3352 621 et
3370 584 3465 622 eos

1909 666 2132 711 coronat
2181 657 2271 724 qui
2301 668 2361 707 se
2404 670 2469 708 ex
2519 655 2710 708 virtute
2739 664 2886 708 recte
2911 668 3124 723 gerunt,
3172 669 3227 711 et
3253 660 3332 714 eis
3379 662 3469 730 qui

1904 748 1959 800 in
1982 760 2045 799 ea
2073 753 2438 813 perseverant,
2469 742 2687 813 largitur
2718 758 2938 811 regnum
2961 748 3247 804 ctelorum.

2455 835 2681 893 CAPUT
2718 835 2915 891 CXLII.

2278 916 2399 981 Vita
2425 938 2615 981 sancta:
2645 928 2889 983 suum
2916 927 3092 997 (205).

1972 1017 2066 1073 illo
2096 1027 2336 1087 tempore
2367 1020 2592 1088 contigit
2620 1031 2673 1072 ut
2705 1034 2802 1075 nos
2830 1022 2986 1075 simul
3018 1024 3386 1094 navigaremus
3412 1027 3480 1082 ab

1903 1105 2044 1162 Elia
2092 1109 2142 1161 in
2194 1107 2516 1187 Egyptum,
2556 1108 2879 1165 deducentes
2930 1112 3137 1167 beatam
3186 1115 3475 1171 Silvaniaui

1901 1199 2191 1269 virginem,
2224 1215 2465 1256 sororem
2505 1210 2681 1255 autem
2725 1203 2954 1271 Rufﬁni,
2985 1206 3074 1275 qui
3118 1207 3216 1262 fuit
3247 1222 3309 1263 ex
3339 1224 3481 1277 pra:-

1907 1290 2087 1348 tectis.

2445 1363 2673 1420 CAPUT
2712 1366 2936 1422 CXLIII.

2434 1454 2513 1508 De
2539 1453 2730 1508 Jubino
2770 1456 2942 1525 (“206).

1974 1542 2116 1599 Inter
2136 1556 2270 1615 quos
2295 1553 2414 1600 erat
2438 1546 2597 1600 etiam
2630 1547 2905 1601 nobiscum
2934 1546 3180 1615 Jubinns,
3210 1557 3335 1604 tunc
3363 1552 3484 1619 qui-

1903 1637 2024 1693 dem
2053 1636 2327 1700 diaconus.
2358 1652 2497 1691 nunc
2527 1647 2702 1692 autem
2734 1641 3012 1708 episcopus
3050 1641 3291 1695 ceclusiae
3321 1645 3484 1696 Asca-

1899 1729 2058 1794 lonis,
2088 1730 2169 1784 vir
2208 1729 2324 1799 pius
2353 1738 2407 1784 et
2434 1730 2695 1783 eruditus.
2726 1727 2859 1784 Cum
2897 1742 3075 1786 autem
3115 1732 3482 1787 vehementis-

222 1852 330 1897 ιεηι
353 1843 662 1896 adolescens
687 1856 861 1910 neque
879 1841 959 1894 ei,
988 1842 1136 1896 dedit
1163 1857 1502 1910 responsum,
1539 1857 1636 1897 nec
1665 1857 1791 1911 πρε,
1823 1856 1870 1915 Β
1900 1821 2068 1915 simus
2098 1835 2193 1874 nos
2211 1832 2382 1915 festus
2409 1820 2719 1915 invasisset,
2752 1831 2805 1875 et
2834 1822 3263 1915 pervenissemus
3311 1823 3475 1878 Pelu-

218 1936 331 1988 ruit
359 1935 583 1996 ostium;
608 1932 699 1987 sed
725 1947 754 1986 a
785 1946 890 2000 quo
914 1932 1001 1986 die
1028 1932 1299 2001 ingressus
1347 1942 1433 1987 est
1478 1935 1529 1987 in
1558 1934 1746 1987 cellam
1774 1972 1789 1996 ,

217 2039 332 2078 non
366 2025 515 2088 exiit,
559 2023 787 2090 implens
834 2034 1147 2077 consuetam
1198 2022 1433 2091 regulam
1487 2023 1693 2090 jejunii,
1741 2033 1794 2076 et

211 2113 333 2169 Deo
361 2129 544 2184 preces
572 2112 820 2169 fundens.
853 2113 1234 2168 Flexusautem
1250 2126 1420 2182 pater,
1451 2124 1503 2168 et
1537 2112 1658 2165 ﬁliae
1681 2128 1793 2165 suae

212 2208 500 2273 misertus,
531 2206 751 2262 veniens
781 2207 847 2261 ad
878 2207 1224 2275 episcopum,
1255 2220 1374 2260 eum
1409 2204 1561 2260 valde
1586 2206 1794 2275 rogavit

211 2308 283 2351 ut
308 2313 402 2367 pro
448 2312 509 2351 ea
552 2298 826 2353 orationes
859 2297 1048 2353 tierent
1076 2298 1126 2351 in
1160 2297 1403 2353 ecclesia.
1440 2297 1507 2351 Et
1544 2312 1665 2351 cum
1699 2312 1793 2364 pro

210 2403 286 2444 ea
318 2404 505 2457 preces
537 2388 665 2443 fuste
691 2396 874 2443 essent
898 2389 965 2443 ab
1009 2388 1259 2443 omnibus
1287 2389 1354 2443 ad
1384 2388 1690 2453 Dominum,
1723 2404 1793 2444 ne

212 2481 303 2537 sic
332 2482 545 2551 quidem
592 2482 783 2536 misera
823 2480 1046 2535 liberata
1074 2490 1156 2536 est
1203 2495 1235 2534 a
1286 2482 1631 2536 necessitate.
1662 2480 1793 2549 Ejus

208 2575 362 2627 enim
393 2575 482 2641 qui
513 2590 606 2642 per
633 2574 950 2628 calumniam
981 2575 1157 2628 fuerat
1183 2583 1489 2642 accusatus,
1521 2576 1793 2630 orationes

212 2663 501 2717 Dominum
555 2674 853 2730 monentes,
905 2665 1179 2731 arcebant,
1228 2680 1297 2721 ne
1365 2680 1550 2721 eorum
1603 2681 1787 2735 preces

208 2756 646 2811 admitterentur.
675 2756 767 2810 His
791 2758 867 2810 sic
895 2758 1078 2825 gestis,
1126 2771 1347 2825 surgens
1375 2757 1653 2826 episcopus
1688 2756 1783 2813 ivit

207 2848 285 2902 ad
307 2849 491 2903 cellam
514 2849 564 2902 in
584 2864 686 2917 qua
709 2858 824 2903 erat
846 2848 1047 2907 lector:
1067 2858 1121 2903 et
1143 2863 1264 2903 cum
1290 2850 1550 2917 pulsasset
1569 2850 1787 2913 ostium,

206 2938 432 2994 nolebat
457 2940 500 2994 is
527 2940 751 3007 aperire.
785 2937 915 2993 Cum
957 2937 1043 3009 diu
1075 2946 1253 2993 autem
1278 2938 1408 2993 foris
1456 2938 1642 2993 fuisset
1671 2939 1784 3005 epi-

208 3045 434 3098 SCnptts,
463 3028 556 3083 ille
578 3039 755 3083 autem
781 3028 944 3092 intus,
957 3027 1110 3098 jubet
1130 3028 1410 3098 episcopus
1436 3028 1547 3083 tolli
1571 3031 1788 3084 ostium.

208 3121 288 3174 Et
315 3121 534 3189 ingressi
564 3121 878 3174 invenerunt
908 3120 1305 3175 adolescentem
1328 3120 1380 3175 in
1404 3121 1645 3175 oratione
1666 3134 1788 3190 per-

206 3220 574 3278 severantem,
602 3220 658 3265 et
688 3212 833 3265 bumi
864 3214 1325 3280 procumbentem.
1355 3215 1525 3280 Quem
1557 3214 1782 3269 multum
1814 3221 1863 3284 ε

207 3319 411 3373 rogans
434 3306 736 3373 episcopus,
765 3306 812 3359 ei
844 3306 975 3360 dicit
1005 3323 1017 3358 :
1044 3305 1232 3360 Frater
1255 3303 1499 3360 Eustatbi
1521 3306 1707 3371 lector,
1738 3306 1788 3360 in

206 3409 458 3464 apertum
491 3398 690 3467 prolata
717 3399 980 3454 calumnia
1026 3399 1116 3453 Dei
1150 3399 1505 3469 providentia,
1539 3407 1597 3454 et
1622 3414 1789 3455 exau-

207 3490 343 3544 ditis
369 3493 469 3545 tuis
496 3490 839 3555 orationibus,
871 3491 1129 3546 miserere
1156 3488 1272 3561 ejus
1299 3505 1417 3560 quas
1444 3491 1496 3545 in
1525 3502 1577 3545 te
1603 3505 1790 3559 pecca-

206 3582 317 3647 vit,
333 3597 448 3650 qua:
463 3590 846 3636 tormentorum
864 3582 1081 3652 ﬂagellis
1096 3582 1190 3637 fuit
1203 3584 1521 3638 excruciata.
1538 3584 1790 3640 Miserere

206 3674 465 3742 deinceps
479 3675 706 3739 miseras,
719 3685 767 3729 et
788 3689 1008 3744 surgens
1020 3675 1168 3730 solve
1181 3677 1320 3745 quod
1335 3674 1527 3745 ligasti,
1544 3675 1790 3743 precibus

206 3766 360 3819 enim
390 3767 490 3819 tuis
512 3765 624 3819 hac
641 3767 856 3833 patitur,
875 3776 929 3819 et
956 3766 1039 3820 dic
1068 3766 1291 3820 Domino
1321 3774 1379 3819 ut
1407 3780 1523 3819 eam
1542 3763 1731 3819 liberet
1759 3779 1788 3818 a

206 3864 368 3924 partu
411 3856 629 3909 ventris.
679 3854 809 3910 Cum
854 3869 1029 3909 autem
1076 3855 1304 3927 inclytus
1348 3855 1519 3909 lector
1571 3854 1785 3909 intense

205 3959 394 4002 oraret
421 3947 580 4002 simul
625 3962 746 4001 cum
791 3931 1062 4016 episcopo,
1108 3948 1290 4001 statim
1339 3946 1534 4000 misera
1563 3944 1788 4000 liberata

204 4047 302 4093 est
348 4054 375 4089 a
424 4039 771 4102 necessitate,
819 4037 974 4091 enixa
1027 4037 1322 4102 infantem;
1364 4050 1558 4105 rogans
1599 4050 1789 4090 omnes

209 4140 281 4187 ut
362 4133 411 4189 ei
495 4135 873 4189 remitteretur
975 4128 1226 4197 iniquitas
1254 4127 1421 4198 ipsius
1447 4126 1579 4198 jusui
1622 4126 1791 4183 inter-

203 4217 456 4271 cessione
486 4234 500 4269 ε
525 4227 579 4271 et
609 4218 756 4271 illum
784 4221 1054 4288 egregium
1076 4220 1243 4273 virum
1268 4218 1571 4274 habuerunt
1597 4232 1788 4272 omnes

201 4310 603 4377 deincepslucu
633 4311 901 4378 martyris.
947 4309 1074 4362 Nam
1101 4324 1220 4363 cum
1251 4324 1309 4363 se
1356 4308 1611 4378 deinceps
1661 4310 1789 4363 libe-

202 4408 389 4452 rasset
427 4400 492 4451 ab
522 4402 665 4453 omni
699 4399 1087 4465 sollicitudine,
1120 4400 1365 4469 pervenit
1410 4400 1475 4453 ad
1519 4414 1786 4454 summum

203 4492 338 4559 vita:
361 4508 475 4558 quze
503 4506 567 4545 ex
591 4493 787 4546 virtute
814 4492 1007 4560 agitur,
1037 4492 1171 4546 adeo
1196 4502 1253 4545 ut
1280 4492 1322 4544 is
1343 4492 1616 4561 sitdignus
1639 4490 1788 4544 habi-

204 4594 303 4636 tus
323 4584 543 4648 spiritali
573 4584 763 4653 gratia.
811 4583 937 4638 Haec
959 4597 1136 4637 autem
1175 4584 1509 4652 scripsimus,
1560 4599 1626 4638 ne
1667 4600 1734 4653 qu
1761 4597 1787 4637 s
1814 4585 1866 4645 D

202 4675 569 4728 calumniatus
600 4676 916 4743 illaqueetur
948 4675 1029 4728 bis
1061 4674 1259 4728 inimici
1287 4675 1509 4740 retibus,
1559 4684 1611 4730 et
1656 4674 1789 4729 inci-

199 4770 302 4820 dat
333 4768 382 4818 in
409 4766 623 4819 dolores
642 4767 815 4820 carnis
856 4766 1238 4833 intolerabiles,
1286 4767 1423 4821 sicut
1467 4766 1585 4822 haec
1637 4769 1788 4839 prius

200 4861 410 4926 scripta
442 4872 523 4912 est
547 4859 678 4912 falsa
711 4861 1041 4925 accusatrix;
1077 4870 1353 4929 postquam
1386 4869 1564 4914 autem
1607 4875 1635 4912 a
1667 4875 1789 4914 cor-

202 4968 340 5004 .ure
365 4951 517 5004 fuerit
562 4951 839 5015 liberatus,
890 4952 1127 5005 tradatur
1172 4953 1393 5006 aeternis
1424 4949 1782 5005 intolerabili-

202 5050 310 5095 ιιιις
360 5046 677 5106 ιςςιῚιιειιιίδ,
726 5050 779 5095 et
830 5057 949 5111 quae
995 5057 1261 5110 nunquam
1287 5042 1557 5097 desinent.
1614 5040 1783 5096 Deum

196 5134 353 5187 e.:im
436 5132 501 5185 ad
573 5134 703 5186 iram
778 5141 1031 5199 provocat
1110 5132 1155 5186 is
1221 5133 1312 5201 qui
1385 5133 1783 5189 calumniatur:

194 5226 300 5291 qui
374 5234 549 5278 autem
637 5239 730 5290 per
804 5223 1125 5278 calumniam
1219 5237 1530 5295 accusatur,
1628 5229 1787 5296 idque

194 5318 312 5369 [.-rt
356 5319 440 5384 pin
470 5328 523 5369 et
578 5332 731 5384 aequo
759 5316 959 5379 animo,
1006 5325 1060 5371 et
1089 5316 1206 5385 ejus
1260 5318 1312 5372 in
1368 5330 1614 5388 apertum
1668 5335 1789 5381 nro-

202 5407 464 5461 l:-tionem
536 5405 792 5476 permittit
862 5408 1139 5477 precibus,
1211 5420 1530 5479 exspectans
1584 5410 1786 5481 justum

195 5496 307 5551 1)ιεί
354 5495 633 5565 judicium,
663 5498 794 5551 sicut
829 5496 913 5553 hic
940 5514 968 5551 a
1001 5498 1217 5554 Christo
1269 5513 1593 5567 coronatus;
1626 5503 1669 5558 is
1713 5511 1790 5567 et,

193 5588 352 5659 quod
379 5588 493 5659 ejus
520 5589 662 5643 sileri
692 5597 885 5658 potest,
909 5589 1155 5645 laudatur
1173 5599 1287 5677 ..ει
1315 5591 1366 5646 in
1397 5593 1598 5648 honore
1629 5594 1790 5649 habe-

150 5711 161 5717 η
196 5686 320 5738 tur,
352 5686 408 5730 et
437 5685 688 5732 (sternam
717 5693 969 5734 coronam
998 5682 1362 5752 consequitur.
1398 5684 1675 5739 Discainus
1703 5702 1790 5741 er-

199 5785 283 5840 go
311 5769 592 5841 diligenter
618 5786 775 5840 quam
822 5773 929 5829 sint
981 5772 1368 5844 insuperabiles
1399 5777 1541 5833 vires
1586 5778 1792 5834 oratio-

1897 1910 2072 1973 sium,
2110 1909 2307 1964 accidit
2349 1919 2402 1963 ut
2445 1909 2694 1977 Jubinus,
2738 1923 2953 1978 accepta
3003 1914 3172 1980 pelvi,
3217 1915 3380 1980 pedes
3422 1920 3481 1967 et

1897 2014 2084 2053 manus
2112 2000 2303 2067 palmis
2335 1999 2534 2054 Iavaret
2565 2014 2698 2067 aqua
2732 2001 3091 2069 frigidissima,
3116 2012 3165 2056 et
3197 2013 3478 2071 postquam

1896 2089 2145 2154 lavisset,
2177 2104 2336 2155 super
2384 2089 2680 2157 pelliculam
2720 2089 2866 2144 humi
2897 2098 3117 2145 stratam
3164 2094 3470 2159 requiesce-

1894 2189 1994 2234 ret.
2025 2180 2157 2234 Cum
2189 2189 2367 2234 autem
2395 2179 2482 2232 illa
2511 2180 2561 2233 id
2589 2180 2935 2247 advertisset,
2969 2192 3023 2234 nt
3057 2188 3225 2235 mater
3253 2182 3472 2249 sapiens

1893 2271 2133 2339 germani
2169 2269 2291 2334 ﬁlii,
2318 2270 2434 2334 ejus
2464 2269 2757 2335 increpavit
2785 2270 3084 2335 mollitiem,
3117 2270 3303 2323 dicens
3329 2288 3344 2325 :
3374 2269 3475 2336 Qui

1895 2361 1946 2415 in
1979 2360 2216 2414 animum
2247 2359 2477 2423 inducis,
2507 2359 2653 2412 illam
2680 2373 2843 2427 agens
2867 2368 3076 2413 aetatem
3100 2400 3116 2426 ,
3147 2361 3356 2414 vivente
3383 2360 3481 2413 ada

1864 2478 1865 2481 η
1897 2451 2001 2505 bue
2032 2458 2122 2504 tuo
2150 2449 2430 2519 sanguine,
2460 2463 2626 2518 usque
2654 2449 2789 2505 adeo
2820 2458 2963 2504 tuam
2996 2450 3176 2506 fovere
3215 2466 3478 2505 caruncu-

1893 2543 2027 2606 lam,
2063 2555 2168 2595 non
2197 2541 2434 2595 sentiens
2461 2540 2653 2594 damna
2683 2555 2800 2608 qua:
2827 2555 2893 2594 ex
2922 2554 2988 2595 eo
3015 2541 3295 2595 oriuntur?
3326 2542 3474 2596 Cen-

1893 2634 2019 2699 ﬁde,
2050 2631 2297 2688 conﬁde:
2328 2645 2455 2687 ecce
2481 2646 2581 2699 ago
2607 2646 2802 2686 annum
2833 2632 3006 2686 aetatis
3044 2633 3435 2702 sexagesimum
3458 2672 3477 2699 ,

1891 2735 2088 2795 praeter
2126 2734 2363 2780 extrema
2407 2738 2662 2778 manuum
2707 2723 2885 2792 (207)
2933 2740 3171 2779 mearum
3226 2726 3320 2796 (et
3376 2725 3480 2782 huc

1895 2828 2113 2887 propter
2136 2818 2593 2885 communionem)
2623 2831 2728 2871 non
2755 2831 2848 2887 pes
2874 2831 3024 2872 meus
3044 2833 3236 2887 aquam
3267 2818 3477 2888 tetigit,

1895 2924 2000 2963 non
2032 2910 2229 2975 vultus,
2263 2923 2434 2975 neque
2474 2908 2636 2962 ullum
2667 2923 2734 2962 ex
2782 2911 3037 2962 membris
3076 2910 3230 2975 meis,
3263 2911 3475 2966 etiamsi

1896 3016 1983 3057 me
2012 3002 2171 3056 varia:
2217 3002 2510 3055 invaserint
2548 3000 2917 3069 aegritudines;
2948 3012 3003 3055 et
3040 3016 3160 3056 cum
3191 3017 3222 3057 a
3253 3002 3481 3059 medicis

1893 3109 2113 3167 cogerer
2138 3096 2211 3149 uti
2244 3097 2455 3159 balneo,
2486 3109 2590 3148 non
2618 3093 2801 3148 induxi
2833 3095 2886 3148 in
2911 3095 3147 3149 animum
3175 3095 3322 3150 carni
3350 3096 3476 3151 red-

1895 3186 2023 3241 dere
2064 3184 2333 3251 debitum,
2365 3201 2470 3239 non
2501 3187 2554 3239 in
2601 3185 2737 3240 lecto
2773 3186 3077 3255 quiescens,
3126 3200 3232 3241 non
3279 3186 3471 3243 lectica

1895 3289 2114 3346 usquam
2143 3286 2345 3345 gestata
2379 3276 2707 3348 ingrediens.

1965 3367 2089 3422 Haec
2118 3382 2237 3422 cum
2262 3376 2405 3423 esset
2431 3367 2761 3438 doctissima,
2793 3367 3089 3423 doctrinam
3112 3382 3297 3425 amore
3323 3384 3476 3427 com-

1892 3458 2069 3529 plexa,
2101 3468 2287 3514 noctes
2315 3459 2466 3514 uberi
2497 3459 2616 3515 oleo
2649 3473 2681 3513 a
2711 3474 2769 3513 se
2800 3460 3124 3515 illuuiinatas
3152 3464 3387 3517 mutabat
3418 3462 3471 3516 in

1891 3551 2027 3618 dies,
2057 3550 2231 3605 omnia
2264 3552 2602 3621 antiquorum
2631 3552 2718 3619 qui
2746 3553 3160 3607 commentarios
3189 3554 3473 3609 ediderunt

1890 3641 2086 3709 scripta
2136 3654 2481 3710 percurrens,
2525 3640 2769 3709 Origenis
2808 3643 2990 3696 tricies
3032 3651 3258 3697 centena
3306 3643 3473 3696 millia

1892 3746 2173 3797 versuum,
2220 3731 2463 3801 Gregorii
2499 3740 2555 3786 et
2591 3730 2882 3799 Stephani,
2916 3739 2974 3786 et
3012 3732 3166 3785 Pierii
3212 3731 3385 3802 (208),
3418 3743 3474 3786 et

1893 3825 2110 3890 Basilii,
2154 3835 2209 3879 et
2258 3824 2607 3894 quorumdam
2646 3826 2870 3879 aliorum
2918 3824 3218 3893 praestantis
3260 3824 3475 3880 virtutis

1890 3918 2128 3971 virorum
2160 3915 2321 3970 millia
2350 3916 2577 3971 ducenta
2605 3926 2661 3971 et
2697 3916 3071 3985 quinquaginta
3117 3932 3223 3970 non
3253 3916 3469 3983 leviter,

1891 4020 1991 4061 nec
2031 4016 2234 4062 temere
2282 4006 2397 4060 haec
2442 4019 2779 4074 percurrens,
2813 4005 2907 4059 sed
2951 4005 3221 4061 elaborate
3268 4009 3470 4073 septies

1890 4097 1973 4151 vel
1999 4098 2170 4151 octies
2191 4109 2620 4165 unumquemque
2642 4095 2833 4149 librum
2859 4098 3157 4164 perlegens,
3188 4107 3243 4149 ut
3276 4096 3465 4151 borum

1890 4190 2173 4243 verborum
2216 4190 2383 4257 gratia
2427 4189 2478 4241 in
2507 4189 2672 4242 altum
2717 4191 3034 4258 erigeretur,
3067 4203 3163 4258 spe
3209 4189 3346 4243 bona
3377 4203 3468 4242 se-

1891 4277 2058 4346 ipsam
2114 4291 2265 4332 avem
2316 4264 2557 4331 efﬁciens
2608 4277 2935 4345 apiritalem,
2980 4286 3036 4331 et
3082 4278 3148 4330 ad
3198 4274 3471 4331 Christum

1890 4370 2139 4436 evolans,
2186 4368 2512 4424 immortales
2559 4367 2629 4423 ab
2676 4368 2792 4435 ipso
2820 4374 3101 4437 acceptura
3150 4381 3471 4423 remunera-

1895 4460 2091 4513 tiones.

2426 4530 2655 4587 CAPUT
2695 4529 2923 4585 CXLIV.

2373 4622 2451 4677 De
2482 4623 2789 4693 Olympiade
2819 4621 2998 4691 (209).

1963 4716 2091 4785 Ejus
2110 4715 2329 4785 vestigia
2353 4726 2437 4772 est
2462 4727 2665 4779 secuta,
2690 4726 2743 4770 et
2767 4729 2983 4769 omnem
3008 4715 3255 4768 virtutem
3277 4711 3473 4767 divina

1892 4809 2017 4863 vita:
2043 4807 2319 4875 spiritalis,
2344 4808 2396 4861 in
2430 4808 2615 4873 primis
2638 4805 2939 4859 veneranda
2962 4815 3017 4859 et
3048 4807 3265 4857 honesta
3288 4804 3474 4874 Olym-

1891 4902 2025 4969 pias,
2055 4912 2111 4955 et
2138 4914 2255 4969 qua:
2282 4900 2381 4950 vim
2429 4913 2548 4966 qua:
2576 4898 2676 4951 fert
2704 4898 2755 4948 in
2782 4896 2977 4950 caelum
3006 4909 3219 4949 summo
3245 4894 3360 4949 zelo
3391 4907 3470 4948 te-

1891 4991 2133 5055 nebatur,
2162 4988 2456 5042 divinarum
2490 4987 2885 5054 Seripturarum
2914 4986 3234 5041 sententiam
3283 4997 3468 5041 secuta

1890 5084 1944 5134 in
1974 5079 2245 5134 omnibus.
2277 5077 2401 5132 Fuit
2441 5088 2616 5132 autem
2656 5078 2946 5132 secundum
2983 5093 3202 5132 carnem
3237 5078 3341 5132 ﬁlia
3370 5078 3473 5134 Se-

1891 5171 2026 5225 leuci
2056 5169 2207 5241 (210)
2236 5185 2304 5225 ex
2331 5169 2647 5236 comitibus,
2666 5186 2792 5225 vera
2822 5181 2998 5227 autem
3032 5173 3123 5226 Dei
3151 5172 3253 5227 ﬁlia
3281 5164 3465 5228 secun-

1891 5262 2016 5315 dum
2042 5262 2321 5330 spiritum;
2350 5262 2524 5327 neptis
2544 5271 2724 5317 autem
2745 5262 2955 5317 Ablavii
2983 5270 3073 5334 qut
3103 5274 3217 5318 erat
3238 5281 3306 5319 ex
3336 5281 3470 5329 pra-

1895 5353 2067 5421 fectis,
2112 5353 2318 5423 aliquot
2368 5361 2551 5408 autem
2593 5354 2709 5409 dies
2761 5369 2959 5424 sponsa
3004 5354 3156 5428 (ΞΗ)
3204 5357 3471 5423 Nebridii,

1892 5446 1981 5513 qui
2026 5443 2121 5497 fuit
2167 5459 2233 5498 ex
2286 5445 2551 5514 prtefectis
2597 5445 2741 5499 urbis
2783 5447 3306 5518 Constantinopolis;
3356 5452 3471 5518 ipsa

1891 5544 2071 5587 autem
2102 5548 2286 5588 revera
2315 5532 2419 5587 fuit
2447 5548 2581 5589 uxor
2620 5535 2835 5590 nullius.
2886 5536 3087 5593 Dicitur
3131 5549 3311 5595 autem
3344 5542 3474 5594 dor-

1895 5622 2057 5680 misse
2097 5626 2247 5693 virgo
2292 5625 2614 5695 incorrupta,
2646 5618 2834 5682 effecta
2881 5628 3043 5683 divini
3092 5630 3239 5684 verbi
3278 5631 3439 5688 couvi
3461 5666 3469 5673 -

1891 5716 2052 5781 ctrix,
2083 5714 2274 5784 conjux
2302 5726 2477 5771 autem
2511 5718 2672 5771 totius
2696 5732 2840 5772 vera:
2867 5718 3204 5786 humilitatis,
3233 5738 3466 5778 comnm-

1895 5805 2081 5862 nicans
2109 5813 2164 5861 et
2209 5805 2514 5863 ministrant
2556 5807 2803 5864 omnibus
2846 5811 3145 5879 egentibus.
3181 5813 3297 5885 Ipsa
3344 5831 3466 5870 curn
