4040 6580
587 351 724 410 1247

2041 354 2356 412 PALLADII

3717 357 3843 412 ωε

597 489 786 532 omnes
829 473 940 528 illas
985 473 1214 527 inﬁnitas
1243 483 1296 529 et
1327 475 1614 532 immensas
1651 476 1994 546 dispersisset
2020 479 2158 533 divi-
2187 482 2240 540 Α
2262 481 2523 536 sententia
2561 478 2874 536 distributae.
2905 481 3029 535 Haec
3064 492 3190 549 ergo
3223 495 3330 533 non
3373 478 3614 546 amplius
3643 478 3715 533 de
3746 496 3839 532 c2-

601 570 723 631 tias,
749 567 989 621 absolute
1011 575 1065 620 et
1095 566 1546 621 indiscriminatim
1577 583 1730 635 Opem
1761 568 1962 623 ferebat
1991 572 2159 623 omni-

599 660 714 714 bus.
745 657 856 711 Non
886 657 1028 710 enim
1069 657 1213 722 urbs,
1259 673 1362 710 non
1390 671 1505 724 rus,
1541 673 1643 712 non
1682 660 1932 725 solitudo,
1966 660 2160 713 mansit

603 765 796 817 expers
827 748 1159 817 largitionum
1191 747 1342 815 hujus
1362 746 1570 817 inclytae
1593 750 1845 818 virginis:
1876 751 1968 804 sed
1998 759 2052 803 et
2080 765 2160 803 ec-

602 839 785 892 clesiis
816 837 1166 907 suppeditavit
1196 837 1259 890 ad
1290 838 1507 891 donaria
1536 839 1781 906 deputata
1812 840 2084 903 sacriﬁcio,
2107 850 2162 894 et

602 929 961 990 monasteriis,
993 937 1045 980 et
1081 928 1358 991 cmuobiis,
1386 939 1437 982 et
1484 930 1865 996 xenotrOphiis,
1900 940 1950 983 et
1978 940 2158 984 custo-

596 1019 717 1082 diis,
749 1025 802 1070 et
848 1018 1127 1084 relegatis;
1158 1023 1296 1078 et,ut
1324 1015 1487 1069 semel
1517 1018 1684 1070 dicam
1707 1057 1722 1082 ,
1755 1018 1806 1070 in
1835 1034 2044 1072 omnem
2075 1033 2162 1072 or-

599 1110 716 1161 hem
751 1119 906 1161 terrm
935 1108 1181 1175 dispersit
1204 1107 1590 1176 eleemosynas.
1621 1108 1744 1162 llaec
1769 1109 1919 1163 beata
1953 1125 2163 1176 proces-

597 1197 667 1247 sit
701 1210 865 1260 usque
893 1197 958 1248 ad
998 1208 1293 1249 extremum
1339 1197 1620 1251 terminum
1668 1178 1998 1264 humilitatis,
2029 1201 2160 1255 ultra

595 1302 749 1352 quem
791 1286 919 1340 nihil
960 1287 1125 1353 possit
1172 1285 1395 1340 inveniri
1442 1288 1684 1354 amplius.
1730 1287 1842 1341 Vita
1887 1289 2003 1342 sine
2054 1291 2160 1343 ulla

596 1375 735 1427 inani
768 1377 953 1443 gloria,
982 1373 1183 1436 species
1211 1390 1537 1442 nequaquam
1570 1375 1709 1440 ﬁcta,
1736 1378 1929 1432 sinceri
1959 1395 2155 1443 mores,

603 1466 762 1519 facies
789 1482 895 1520 non
923 1472 1115 1530 fucata,
1144 1481 1332 1531 corpus
1359 1467 1574 1533 florens,
1603 1482 1752 1521 mens
1779 1484 1883 1522 non
1912 1470 2158 1536 gloriosa,

609 1558 806 1610 inimus
833 1559 901 1610 ab
929 1559 1227 1624 arrogantia
1256 1557 1479 1624 alienus,
1508 1572 1603 1610 cor
1647 1558 1862 1612 minime
1893 1558 2163 1615 turbulen-

597 1658 737 1715 tum,
780 1649 952 1702 somni
1001 1662 1192 1716 expers
1239 1647 1438 1716 vigilia,
1481 1648 1695 1714 spiritus
1744 1664 1847 1701 non
1896 1650 2160 1714 curiosus,

595 1743 828 1796 charitas
853 1743 1127 1805 immensa,
1151 1756 1267 1810 quae
1291 1742 1665 1808 comprehendi
1693 1757 1797 1795 non
1823 1751 1996 1810 potest
2017 1757 2163 1796 com-

600 1831 911 1891 municatio,
943 1831 1067 1884 vilis
1097 1839 1152 1883 et
1191 1838 1493 1898 eontempta
1542 1832 1722 1892 vestis,
1756 1831 1958 1884 inﬁnita
1999 1832 2167 1885 conti-
2195 1824 2243 1883 Β

598 1927 797 1986 nentia,
836 1933 978 1979 recta
1024 1925 1293 1993 cogitatio,
1325 1925 1375 1976 in
1425 1924 1587 1977 Deum
1630 1938 1750 1991 spes
1799 1934 2014 1989 reterns,
2043 1938 2162 1978 cum

597 2017 933 2084 eleemosyna
976 2030 1092 2083 qua:
1134 2030 1237 2068 non
1288 2023 1460 2080 potest
1505 2015 1740 2081 narrari,
1790 2023 2163 2068 ornamentum

598 2105 834 2157 omnium
895 2105 1196 2170 humilium,
1243 2104 1326 2156 cui
1372 2104 1551 2156 multae
1603 2113 1727 2157 sunt
1771 2118 2006 2157 accensae
2053 2112 2167 2157 ten-

600 2199 826 2249 tatioues
852 2211 914 2249 ex
947 2197 1260 2263 operatione
1285 2196 1400 2262 ejus
1429 2194 1517 2263 qui
1545 2203 1626 2248 est
1660 2208 1750 2248 sua
1779 2203 1969 2262 sponte
1996 2194 2164 2247 malus

598 2295 650 2339 et
680 2286 852 2338 omnis
899 2284 1023 2337 boni
1067 2298 1275 2350 expers,
1330 2298 1518 2351 nempe
1559 2283 1864 2336 daemonis:
1911 2298 2026 2351 quae
2071 2297 2166 2351 pro

597 2377 821 2429 veritate
874 2388 977 2426 non
1035 2387 1194 2440 parva
1249 2371 1376 2424 adiit
1429 2371 1751 2435 certamina,
1803 2384 1923 2438 qua:
1975 2380 2029 2424 et
2074 2369 2166 2424 diu

597 2461 793 2515 aﬂ‘atim
822 2462 949 2515 vixit
987 2461 1043 2522 in
1091 2462 1362 2514 immensis
1440 2456 1698 2528 lacrymis
1723 2499 1739 2524 ,

600 2569 769 2606 malum
800 2563 1002 2607 natura:
1024 2553 1257 2620 subjecta
1287 2557 1498 2619 propter
1531 2549 1807 2602 Dominum
1835 2565 1848 2613 ;
1879 2563 1996 2601 cum
2020 2549 2163 2602 omni

600 2646 794 2710 pietate
823 2643 1019 2696 sanctis
1043 2641 1250 2696 subdita
1280 2638 1562 2705 euiscOpis,
1594 2652 1854 2692 venerans
1885 2639 2161 2710 presbyte-

598 2745 802 2800 ratum,
839 2738 1105 2790 honorans
1136 2735 1334 2787 clerum
1355 2772 1371 2796 ,
1403 2745 1654 2785 reverens
1695 2729 2122 2784 exercitationem
2146 2769 2162 2795 ,

601 2825 900 2892 suscipiens
925 2823 1305 2893 virginitatem,
1331 2836 1484 2887 opem
1509 2819 1684 2874 ferens
1703 2819 1965 2882 viduitati,
1985 2833 2162 2873 curam

599 2929 788 2981 gerens
816 2916 1080 2975 orbitatis,
1117 2923 1403 2982 protegens
1438 2922 1793 2974 senectutem,
1825 2919 2052 2979 aegrotos
2079 2911 2162 2965 iu-

602 3007 802 3068 visens,
834 3014 1168 3071 peccatorum
1215 3004 1500 3066 misereris,
1537 3011 1773 3055 errantes
1804 3000 1858 3053 in
1889 3002 2026 3053 viam
2072 2999 2163 3054 de-

601 3096 825 3159 ducens,
857 3097 907 3148 in
935 3108 1122 3148 omnes
1151 3105 1307 3147 utens
1334 3091 1720 3156 misericordia,
1750 3089 1964 3158 profuse
1986 3098 2159 3144 autem

1837 2457 1986 2511 omni
2068 2457 2167 2511 hu-
2206 2478 2210 2481 ·

2261 583 2380 625 tero
2403 589 2518 640 quae
2549 582 2670 626 sunt
2694 574 2869 626 carnis
2896 573 3128 638 sapiens,
3156 571 3395 638 subjecta
3430 572 3837 639 principatibus.

2261 661 2518 714 ebediens
2546 661 2911 727 potestatibus,
2955 675 3214 715 venerans
3255 662 3719 731 presbyteratum,
3755 668 3836 713 tic-

2260 765 2458 803 n-irans
2483 753 2778 806 universum
2809 753 3036 816 elerum,
3066 749 3397 806 confessione
3425 766 3645 820 quoque
3672 752 3831 817 digna

2261 851 2345 892 est
2383 839 2554 892 habita
2585 855 2680 908 pro
2705 843 2944 906 veritate,
2978 843 3394 909 importunarum
3433 844 3835 894 recusationem

2262 931 2445 982 multis
2467 931 2699 997 acceptis
2727 930 2990 997 procellis.
3018 928 3181 997 Cujus
3211 931 3367 982 vitam
3398 931 3539 983 inter
3571 929 3837 981 confesso-

2261 1035 2351 1074 res
2378 1020 2646 1085 referunt,
2675 1023 2974 1089 quicunque
3004 1020 3072 1088 pii
3110 1020 3344 1074 habitant
3382 1019 3837 1085 Constantinopo-

2264 1111 2379 1170 lim,
2402 1117 2457 1161 ut
2477 1123 2595 1174 qu:e
2620 1108 2857 1176 proxime
2879 1118 3098 1162 matrem
3130 1108 3420 1175 periclitata
3444 1109 3516 1160 sit
3551 1109 3608 1161 in
3639 1109 3704 1160 iis
3727 1123 3838 1174 qu

2261 1209 2388 1251 sunt
2411 1214 2476 1252 ex
2509 1199 2617 1252 Deo
2645 1198 3053 1263 certaminibus;
3082 1208 3136 1252 et
3176 1200 3228 1252 in
3260 1199 3340 1250 his
3371 1208 3590 1251 mortua
3630 1197 3835 1250 beata

2261 1291 2468 1358 accepit
2495 1290 2747 1357 gloriam,
2777 1298 2831 1345 et
2859 1290 2910 1343 in
2938 1289 3143 1343 inﬁnito
3166 1289 3360 1344 saeculo
3388 1297 3653 1342 coronata
3686 1305 3834 1356 pom-

2265 1395 2386 1447 pam
2417 1379 2551 1446 agit,
2585 1379 2713 1432 nulli
2737 1380 2970 1433 interitui
3001 1379 3256 1433 obnoxias
3278 1395 3399 1434 cum
3431 1383 3641 1433 sanctis
3663 1391 3719 1433 et
3745 1379 3840 1434 sibi

2262 1471 2527 1524 similibus
2552 1471 2601 1522 in
2625 1471 3003 1538 sempiternum
3035 1472 3337 1525 mansiones
3363 1471 3645 1532 habitans,
3669 1481 3726 1524 et
3753 1473 3840 1524 be-

2261 1574 2452 1614 norum
2491 1574 2711 1628 operum
2739 1575 2769 1613 a
2793 1560 3001 1614 Christo
3042 1560 3263 1616 Domino
3303 1575 3425 1615 cum
3461 1562 3662 1615 ﬁducia
3701 1563 3840 1616 acci-

2265 1647 2413 1718 piens
2442 1650 2914 1704 remunerationes.

2803 1737 3031 1794 CAPUT
3065 1737 3264 1794 CXLV.

2866 1829 2944 1882 De
2972 1829 3224 1886 Candida.

2335 1917 2461 1972 Post
2487 1918 2621 1972 hanc
2649 1919 2836 1988 aequali
2864 1934 3071 1989 quoque
3097 1921 3257 1975 modo
3284 1923 3338 1976 in
3370 1922 3613 1977 Domino
3638 1923 3836 1980 vivens.

2265 2008 2420 2063 beata
2451 2007 2709 2072 Candida,
2743 2008 2951 2078 Trajaui
2984 2025 3117 2063 uxor
3157 2012 3390 2080 magistri
3425 2012 3701 2072 militum,
3734 2027 3840 2065 cum

2264 2106 2318 2151 et
2360 2096 2424 2149 ad
2467 2111 2728 2152 summam
2770 2099 3098 2165 pervenisset
3147 2098 3520 2162 honestatem,
3557 2110 3615 2154 et
3661 2102 3838 2153 rationi

2265 2186 2641 2241 convenienter
2688 2197 2930 2240 ornasset
2977 2187 3250 2254 ecclesias,
3300 2197 3356 2244 et
3403 2199 3672 2243 venerata
3714 2201 3841 2242 esse:

2266 2276 2544 2344 epise0pos
2591 2291 2683 2343 pro
2729 2276 2984 2344 dignitate
3023 2277 3216 2331 Christi
3263 2289 3842 2342 sacramentorum,et

2265 2381 2478 2421 Omnem
2526 2366 2724 2421 Christi
2765 2369 2961 2420 clerum
3003 2379 3184 2434 aperte
3214 2367 3570 2434 bonorasset,
3609 2350 3680 2422 et.
3709 2384 3842 2422 suam

2265 2455 2424 2509 filiam
2456 2455 2767 2508 instituisset
2796 2455 2847 2506 in
2876 2462 3019 2508 sorte
3051 2457 3383 2523 virginitatis,
3417 2472 3542 2510 eam
3592 2460 3842 2524 prairiisit

2265 2546 2330 2598 ad
2371 2544 2669 2609 Christum,
2702 2544 2898 2596 donum
2940 2559 3153 2598 suorum
3193 2547 3460 2600 viscerum
3493 2566 3506 2598 :
3542 2557 3732 2614 postea
3762 2564 3842 2599 ae-

2266 2645 2368 2689 tem
2400 2637 2510 2703 ipsa
2535 2651 2764 2704 quoque,
2795 2637 3137 2703 temperantia
3165 2647 3216 2691 et
3241 2639 3491 2691 eaStitate
3515 2650 3572 2690 et
3611 2641 3836 2702 pecuni:

2265 2727 2678 2795 dispersionibus
2711 2729 2865 2780 ﬁliam
2905 2744 3051 2781 suam
3088 2738 3168 2781 est
3207 2741 3525 2783 consecuta.
3577 2730 3728 2783 Hanc
3756 2747 3838 2798 ego

2266 2820 2373 2872 vidi
2395 2821 2659 2889 egregiam
2690 2819 2962 2872 mulierem
2995 2827 3096 2872 tota
3126 2829 3278 2873 nocte
3307 2822 3653 2873 laborantem
3678 2832 3729 2874 et
3753 2839 3839 2874 me

2266 2908 2494 2973 lentem,
2523 2918 2577 2962 et
2607 2909 2832 2977 prepriis
2876 2909 3114 2962 manibus
3159 2909 3444 2964 facientem
3478 2927 3681 2977 panem
3707 2914 3838 2965 obla-

2271 2999 2454 3065 tionis,
2484 2999 2548 3052 ad
2580 2999 2719 3053 vires
2747 2998 2984 3066 corporis
3014 2999 3411 3068 deprimendas,
3442 3010 3501 3055 et
3541 3002 3838 3058 dicentem:

2266 3091 2395 3146 Cum
2429 3107 2533 3146 non
2560 3091 2787 3144 sufﬁciat
2813 3091 3098 3159 jejunium,
3124 3090 3256 3144 hanc
3284 3093 3333 3144 ei
3368 3093 3438 3144 do
3473 3095 3684 3145 sociam
3713 3095 3838 3147 labe-

601 3186 652 3239 in
680 3199 959 3252 pauperes,
991 3185 1276 3250 multisque
1305 3181 1592 3235 inﬁdelium
1621 3179 1672 3232 in
1702 3178 1968 3232 catechesi
2013 3178 2160 3230 insti-
2186 3173 2233 3234 C
2265 3183 2457 3237 riosam
2488 3182 2743 3250 vigiliam,
2777 3191 2833 3234 ut
2863 3181 3002 3235 Esau
3048 3181 3330 3235 dissolvam
3377 3197 3753 3252 enervemque
3779 3187 3838 3236 la-

601 3276 724 3328 tutis
755 3275 1026 3337 uxoribus,
1054 3273 1212 3324 etiam
1245 3272 1308 3322 ad
1339 3273 1420 3322 vii:
1434 3278 1545 3322 tum
1574 3269 1652 3323 eis
1683 3267 1857 3321 ferens
1885 3268 2161 3330 auxilium,

603 3380 813 3433 semper
841 3364 1183 3418 memerabile
1233 3377 1425 3416 nomen
1465 3360 1801 3428 benignitatis
1830 3360 2047 3428 reliquit
2073 3374 2165 3428 per

607 3467 769 3510 totam
797 3455 980 3509 vitam.
1013 3455 1058 3508 A
1091 3455 1346 3508 servitute
1374 3453 1425 3506 in
1458 3453 1754 3505 libertatem
1802 3449 2165 3504 innumerabi-

605 3546 732 3599 lium
763 3560 1038 3599 servorum
1070 3547 1354 3600 restituens
1395 3540 1659 3604 examina,
1693 3539 1924 3594 reddidit
1949 3552 2042 3593 eos
2073 3539 2168 3593 bo-

607 3651 736 3691 nore
762 3637 991 3705 aequales
1023 3651 1133 3688 suae
1166 3634 1464 3698 nobilitati,
1493 3633 1575 3687 vel
1623 3633 1793 3700 potius
1838 3632 1905 3699 (si
1934 3646 2056 3685 vera
2083 3631 2166 3684 di-

603 3742 725 3782 cere
769 3725 1033 3795 oporteat)
1062 3727 1182 3778 facti
1211 3733 1333 3779 sunt
1363 3724 1518 3790 hujus
1555 3731 1751 3777 sancta:
1781 3722 1964 3775 habitu
2012 3721 2168 3775 nobi-

605 3821 780 3875 liores.
811 3819 992 3888 Neque
1033 3821 1174 3875 enim
1213 3819 1328 3887 ejus
1373 3816 1691 3870 indumentis
1721 3816 1948 3870 inveniri
1996 3815 2167 3883 potuit

603 3908 889 3977 quidquam
914 3908 1108 3971 vilius;
1132 3921 1250 3960 nam
1277 3907 1340 3959 iis
1365 3905 1524 3959 etiam
1547 3904 1637 3973 qui
1658 3912 1783 3960 sunt
1805 3905 1990 3973 pannis
2015 3903 2169 3969 valde

603 3998 759 4052 obsiti
803 3998 1012 4066 indigna
1051 4006 1203 4052 erant
1232 3996 1389 4065 hujus
1418 4003 1616 4050 sanctae
1647 4004 1970 4065 tegumenta.
2002 3993 2170 4048 Tanta

604 4096 782 4142 autem
810 4097 924 4141 erat
952 4086 1069 4156 ejus
1104 4085 1477 4152 mansuetudo,
1506 4094 1564 4139 ut
1603 4085 1763 4138 etiam
1809 4085 1961 4153 longe
2008 4097 2168 4152 supe-

607 4186 753 4232 raret
779 4179 1166 4247 simplicitatem
1192 4177 1427 4245 ipsorum
1459 4189 1758 4244 puerorum.
1785 4173 1938 4228 Nulla
1969 4175 2169 4242 vitupe-

609 4268 814 4323 ratione
843 4283 872 4322 a
914 4269 1084 4322 vicino
1126 4269 1335 4337 quidem
1385 4281 1614 4334 unquam
1663 4266 1875 4320 inventa
1914 4273 1995 4319 est
2033 4265 2170 4334 apud

610 4361 747 4412 hanc
792 4374 908 4425 quae
951 4359 1215 4412 Christum
1255 4358 1529 4426 gestabat;
1569 4355 1661 4410 sed
1705 4356 1878 4410 omnis
1918 4354 2033 4424 ejus
2061 4357 2170 4409 vita

612 4465 714 4501 non
744 4449 934 4512 vitalis,
966 4457 1080 4502 erat
1121 4450 1172 4501 in
1217 4448 1622 4513 ceuipunctione
1650 4455 1703 4500 et
1750 4446 2009 4514 frequenti
2050 4460 2172 4514 pro-

2267 3276 2502 3330 sciviam.
2530 3275 2601 3327 Ea
2632 3275 2698 3328 ab
2727 3276 2789 3328 iis
2815 3291 2930 3343 qum
2958 3285 3079 3327 sunt
3104 3274 3356 3343 sanguine
3390 3275 3628 3342 przedita
3658 3286 3711 3330 et
3737 3279 3834 3329 ani-

2273 3377 2412 3421 mata
2442 3368 2656 3421 omnino
2685 3366 2963 3431 abstinuit;
2996 3367 3094 3420 nisi
3124 3367 3260 3434 quod
3301 3368 3558 3420 sumebat
3590 3369 3765 3436 pisces
3792 3379 3834 3421 et

2266 3457 2440 3511 oleum
2467 3468 2518 3512 et
2548 3458 2711 3522 olera,
2741 3457 2895 3524 idque
2932 3457 3101 3510 solum
3136 3457 3187 3509 in
3215 3457 3300 3510 die
3349 3456 3526 3510 festo:
3558 3459 3715 3510 omni
3759 3474 3836 3510 an-

2267 3556 2371 3602 tem
2394 3551 2496 3603 alio
2519 3559 2757 3617 tempore
2780 3557 3023 3602 contenta
3046 3559 3158 3601 erat
3179 3559 3430 3616 oxycrato
3457 3547 3621 3616 (212)
3645 3559 3704 3601 et
3727 3563 3840 3615 pane

2265 3639 2434 3693 arido.
2465 3639 2519 3692 in
2563 3640 2657 3692 hac
2691 3639 2809 3692 vita:
2837 3641 3142 3706 asperitate,
3171 3653 3285 3690 cum
3333 3638 3492 3691 beata
3539 3639 3734 3707 requie
3761 3641 3840 3690 ob-

2266 3727 2572 3783 dormiisset
2615 3728 2735 3781 haec
2783 3728 2972 3782 mulier
3016 3728 3230 3797 inclyta,
3273 3742 3413 3782 nunc
3462 3727 3669 3781 fruitur
3709 3731 3839 3782 benis

2269 3819 2499 3885 :eternis,
2523 3833 2639 3885 qua:
2663 3826 2783 3872 sunt
2810 3826 2988 3886 parata
3017 3815 3084 3871 iis
3107 3817 3196 3887 qui
3219 3817 3529 3871 dilexerunt
3553 3818 3721 3872 vitam
3744 3834 3837 3886 qua

2267 3922 2333 3964 ex
2364 3907 2556 3964 virtute
2583 3907 2776 3976 agitur.

2815 3998 3040 4053 CAPUT
3078 3997 3300 4052 CXLVI.

2790 4087 2866 4142 De
2896 4088 3101 4144 Gelasia
3147 4090 3314 4160 (213).

2338 4182 2735 4250 Consequenter
2765 4183 2880 4234 zelo
2927 4182 3081 4247 hujus
3123 4181 3277 4234 bona;
3321 4180 3566 4242 feminas,
3618 4179 3834 4233 veritatis

2269 4273 2407 4325 viam
2431 4274 2660 4339 ingressa
2684 4278 2792 4335 est,
2835 4270 2916 4336 pie
2953 4273 3165 4323 trahens
3190 4269 3376 4338 jugum
3409 4270 3763 4337 virginitatis,
3793 4269 3830 4320 ia

2270 4362 2460 4430 primis
2488 4359 2788 4413 veneranda
2812 4357 3042 4421 Celasia,
3067 4359 3339 4426 cujusdam
3369 4358 3576 4411 tribuni
3610 4360 3738 4411 filia.
3763 4359 3840 4410 lla»

2268 4450 2355 4520 jus
2385 4451 2592 4518 optima:
2622 4450 2736 4503 haec
2767 4451 2931 4502 fertur
2952 4449 3139 4513 virtus,
3171 4451 3304 4516 quod
3337 4451 3417 4503 sol
3449 4465 3730 4515 nunquam
3763 4465 3842 4501 oc-

613 4541 769 4592 ηυνίο
795 4539 902 4592 130'
905 4553 1174 4608 Ymammi
1205 4545 1259 4589 ει
1288 4537 1461 4603 Ponus
1493 4535 1672 4589 Videre
1704 4535 1894 4589 ιίοθὶκιῑ
1922 4535 2051 4588 fon“
2079 4550 2173 4587 τεεὲ
2199 4524 2249 4583 Ῑ)
2277 4544 2404 4597 cidit
2433 4559 2588 4611 super
2616 4541 2731 4610 ejus
2758 4542 3022 4608 dolorem,
3047 4559 3150 4595 non
3175 4543 3427 4594 adversus
3460 4557 3682 4595 servum
3701 4580 3716 4601 ,
3748 4556 3841 4592 non

614 4641 723 4686 tate
745 4646 836 4685 sua
862 4631 1090 4684 deﬁcere
1118 4631 1333 4692 fluenta,
1359 4644 1514 4696 quam
1544 4628 1698 4694 hujus
1732 4643 1834 4679 non
1861 4627 2172 4680 sublimibus

612 4732 666 4776 et
693 4719 959 4775 Christum
988 4735 1200 4788 semper
1227 4719 1527 4773 videntibus
1565 4718 1729 4773 oculis
1761 4718 2018 4784 lacrymas
2044 4717 2175 4771 deli-

610 4830 752 4868 cere.
779 4815 845 4868 Et
869 4813 993 4882 quid
1023 4814 1073 4867 in
1107 4813 1186 4865 his
1215 4811 1500 4866 immorer?
1525 4811 1640 4874 Quo
1663 4809 1802 4863 enim
1832 4810 1998 4876 magis
2026 4823 2174 4862 meus

613 4906 908 4960 versabitur
933 4905 1140 4958 animus
1165 4905 1216 4956 in
1241 4903 1384 4956 dura:
1414 4904 1575 4955 instar
1596 4900 1708 4956 saxi
1737 4902 1927 4953 animae
1955 4914 2176 4953 narran-

613 4999 696 5050 dis
725 4995 1106 5050 certaminibus
1134 5002 1190 5047 et
1218 4991 1520 5057 virtutibus,
1548 5006 1612 5045 eo
1639 4991 1805 5059 magis
1846 4988 2177 5042 invenientur

615 5088 772 5140 verba
813 5101 841 5138 a
873 5084 1038 5138 factis
1083 5086 1387 5138 remotiora.
1419 5082 1527 5135 Nec
1565 5096 1649 5136 me
1689 5079 1953 5134 existimet
1990 5077 2178 5145 aliquis

621 5178 736 5231 haec
789 5175 1063 5244 splendide
1115 5183 1170 5228 et
1221 5173 1492 5242 magniﬁce
1536 5173 1786 5241 colligere
1829 5171 1895 5224 de
1951 5169 2048 5223 hac
2097 5168 2180 5222 vel

623 5271 852 5324 maxime
879 5266 1172 5337 impatihili,
1196 5275 1250 5320 et
1276 5267 1578 5336 perquirere
1605 5265 1852 5332 reliquias
1874 5261 2182 5317 castissimae

619 5362 964 5434 Olympiadis,
992 5375 1108 5430 qua:
1139 5368 1247 5413 teta
1274 5357 1378 5412 fuit
1423 5361 1710 5427 pretiosum
1753 5373 1846 5411 vas
1871 5358 2036 5411 sancti
2067 5355 2184 5423 Spi-

622 5457 786 5517 ritus;
815 5452 907 5506 sed
945 5451 1035 5518 qui
1075 5450 1158 5503 his
1194 5449 1362 5503 oculis
1393 5447 1609 5501 viderim
1644 5447 1798 5514 hujus
1827 5446 1994 5500 beata:
2023 5447 2182 5498 vitam

619 5551 672 5594 et
703 5541 990 5610 angelicam
1021 5539 1444 5603 institutionem,
1477 5546 1535 5591 ut
1576 5538 1662 5606 qui
1693 5535 1888 5589 fuerim
1933 5536 2187 5603 epiritalis

628 5631 782 5699 hujus
819 5645 1098 5700 germanus
1129 5629 1351 5695 amicus,
1381 5639 1434 5685 et
1458 5628 1574 5698 ejus
1613 5628 1850 5696 cognatis
1886 5625 2189 5681 familiaris—

632 5725 813 5783 simus.
836 5724 969 5781 adeo
997 5733 1053 5780 ut
1077 5725 1252 5780 multa:
1277 5725 1392 5790 ejus
1422 5723 1656 5790 pecunia:
1678 5722 1784 5775 sint
1809 5735 1837 5776 a
1869 5734 1952 5776 me
1977 5735 2041 5776 cx
2070 5720 2186 5788 ejus

2277 4636 2532 4689 adversus
2554 4633 2821 4694 ancillam,
2856 4649 2957 4685 non
2989 4632 3241 4686 adversus
3263 4632 3494 4699 aliquem
3520 4632 3710 4683 alium.
3736 4630 3844 4682 “ac

2280 4726 2430 4779 beata
2455 4740 2574 4779 cum
2600 4724 2870 4792 effugisset
2897 4723 3032 4775 viam
3057 4737 3236 4775 eorum
3261 4719 3347 4790 qui
3369 4730 3496 4772 sunt
3519 4735 3758 4785 accepi:
3789 4722 3845 4769 in-

2279 4818 2436 4886 juria:
2463 4831 2747 4880 memores,
2769 4831 2885 4884 quae
2915 4815 3014 4867 fert
3036 4815 3099 4866 ad
3129 4822 3351 4866 mortem
3378 4821 3670 4871 :eternam,
3699 4813 3846 4863 evasit

2285 4907 2424 4960 hunc
2461 4907 2656 4959 malum
2687 4905 2881 4960 diaboli
2913 4905 3216 4968 stimulum,
3247 4919 3434 4969 nempe
3474 4903 3583 4955 odii
3620 4912 3678 4954 et
3708 4907 3847 4952 mair-

2283 4997 2564 5062 voleutize;
2594 5005 2650 5051 et
2694 5011 2811 5051 cum
2852 4996 3177 5048 desideraret
3212 5006 3462 5048 aeternam
3517 5005 3846 5060 peccatorum

2285 5089 2687 5154 remissionem,
2728 5087 2926 5140 remisit
2969 5101 3127 5153 parva
3165 5086 3373 5151 delicta,
3405 5093 3461 5138 ut
3494 5085 3610 5152 ipsa
3654 5097 3846 5153 quoque

2288 5178 2553 5235 inveniret
2575 5179 2834 5248 majorum
2863 5178 3249 5230 remissionem.

2813 5265 3036 5320 CAPUT
3074 5264 3320 5319 CXLVII.

2820 5358 2891 5410 De
2918 5355 3130 5410 Iuliana
3155 5354 3326 5423 (2M).

2363 5448 2612 5516 Quaedam
2644 5449 2856 5501 nomine
2882 5445 3112 5510 Iuliana,
3143 5447 3291 5514 virgo
3318 5445 3370 5497 in
3397 5443 3643 5497 Caesarea
3669 5442 3852 5512 Cappa-

2294 5538 2478 5601 dociae,
2503 5538 2644 5592 dicta
2669 5548 2751 5592 est
2771 5553 2890 5592 esse
2909 5546 2961 5591 et
2983 5535 3290 5590 doctissima
3315 5545 3368 5590 et
3391 5535 3732 5602 ﬁdelissima,
3759 5554 3854 5604 qua

2292 5631 2573 5699 Origeuem
2621 5631 2931 5698 scriptorem
2978 5627 3262 5696 fugientem
3310 5627 3587 5694 gentilium
3637 5627 3855 5682 insurre-

2295 5725 2522 5777 ctiouem
2567 5724 2801 5790 excepit,
2845 5736 2962 5775 eum
3013 5721 3147 5774 duos
3195 5734 3367 5776 annos
3415 5721 3721 5787 occultans,
3768 5725 3858 5774 suis
