4112 6504
325 363 464 427 1249

1545 357 1904 418 HISTORIA
1949 357 2337 419 LAUSIACA.

3416 349 3552 416 125-0

317 475 507 541 λόγου,
539 471 790 534 σύνευνος
815 470 870 524 δὲ
899 469 1080 540 πάσης
1111 468 1341 537 ἀληθοῦς
1368 469 1886 540 ταπεινοφροσύνης·
1919 474 1966 528 Α
1995 470 2088 521 καὶ
2121 469 2293 522 πολλα
2321 469 2462 522 κατά
2494 468 2719 538 γνώμην
2757 469 2863 521 τῶν
2892 467 3095 538 ταύτης
3132 464 3552 536 διανεμηθῆναι.

316 557 578 620 κοινωνὸς
620 556 678 608 δὲ
729 557 824 608 καὶ
850 557 1098 618 διάκονος
1153 555 1370 608 πάντων
1430 558 1538 606 τῶν
1588 556 1883 624 δεομένων.

313 644 469 713 Αὕτη
501 643 678 696 πάντα
701 642 790 695 τὸν
810 641 1034 712 ἄπειρον
1059 643 1263 694 ἐκεῖνον
1285 641 1378 694 καὶ
1401 641 1706 711 ἀμέτρητον
1725 639 1887 692 πλοῦ·

313 749 410 785 τον
459 730 929 800 διασκορπίσασα,
981 733 1147 783 πᾶσιν
1191 727 1378 790 ἁπλῶς
1416 729 1509 780 καὶ
1560 727 1888 798 ἀδιακρίτως

251 864 268 882 ,
314 819 646 888 ἐπήρκεσεν.
683 815 820 869 Οὔτε
868 816 974 886 γάρ
1005 816 1178 878 πόλις,
1209 816 1271 868 οὐ
1303 817 1477 885 χώρα,
1526 815 1625 867 οὑκ
1660 815 1884 884 ἕρημος,

313 905 380 958 οὑ
415 905 595 973 νῆσος,
631 904 734 956 οὑκ
764 902 991 973 ἐσχατιά
1029 903 1256 974 ἄμοιρος
1298 903 1511 973 ἔμεινεν
1551 901 1659 954 τῶν
1685 900 1887 967 ταύτης

314 991 612 1044 ἐπιδόσεων
641 991 739 1058 τῆς
771 989 1016 1058 ἀοιδίμου
1041 1005 1054 1018 ·
1096 989 1210 1041 ἀλλ’
1244 993 1549 1060 ἐπήρκεσεν
1575 991 1665 1041 καὶ
1689 987 1888 1056 ἐκκλη-

315 1077 460 1138 σίαις
491 1080 570 1140 εἰς
609 1077 928 1145 ἀναθέματα
967 1077 1301 1146 ίερουργικά,
1357 1077 1452 1130 καὶ
1483 1074 1887 1146 μοναστηρίοις,

313 1165 413 1218 καὶ
464 1163 774 1225 κοινοϐίοις,
811 1163 904 1215 καὶ
939 1163 1416 1232 πτωχοτροφείοις,
1460 1162 1555 1215 καὶ
1599 1162 1886 1230 φυλακαῖς,

314 1253 412 1304 καὶ
443 1254 558 1314 τοίς
587 1251 645 1302 ἐν
673 1249 934 1318 ἐξορίαις,
961 1250 1055 1302 καὶ
1080 1251 1262 1302 πάσαν
1296 1249 1483 1312 ἀπλῶς
1505 1248 1604 1319 τὴν
1632 1247 1886 1315 οἰκουμέ-

314 1355 416 1406 νην
446 1337 862 1407 κατασπείρασα
889 1338 1008 1399 ταῖς
1035 1335 1447 1405 ἐλεημοσύναις.
1469 1335 1618 1404 Αῦτη
1647 1337 1677 1406 ή
1705 1350 1886 1403 μακα-

315 1426 410 1495 ρία
442 1427 522 1486 είς
551 1425 642 1478 τὸν
671 1425 971 1496 ἀκρότατον
1001 1425 1124 1493 δρον
1153 1423 1484 1494 ἐξεπήδησεν
1509 1426 1607 1490 τῆς
1633 1437 1889 1474 ταπεινο-

313 1513 616 1582 φροσύνης,
653 1514 732 1573 εἰς
763 1511 821 1563 δν
849 1512 947 1563 ούκ
969 1506 1036 1581 ἦν
1057 1512 1413 1581 ἐφευρεθῆναί
1441 1528 1495 1563 τι
1525 1510 1686 1562 πλέον
1713 1525 1725 1538 ·
1759 1509 1889 1560 ἀκε-

313 1603 528 1668 νύδοξος
582 1601 714 1670 βίος,
751 1602 1157 1670 ἀσχημάτιστον
1202 1597 1372 1664 είδος·
1420 1599 1692 1654 ἄπλαστον
1720 1593 1851 1668 ἦθος
1875 1612 1887 1626 ·

311 1689 730 1749 ἀκαλλώπιστος
756 1687 876 1757 ὄψις
902 1703 915 1717 ·
960 1687 1123 1742 ἀῡλον
1155 1689 1317 1758 σῶμα
1347 1703 1360 1718 ·
1389 1688 1700 1757 ἀπέρπερος
1725 1685 1850 1747 νοῦς
1873 1699 1887 1713 ·

312 1780 520 1844 ἄτυφος
567 1773 801 1844 γνώμη·
853 1774 1159 1845 ἀτάρακτος
1203 1774 1429 1842 καρδία·
1476 1774 1680 1836 ἀῦπνος
1716 1775 1889 1844 ἀγρυ-

313 1863 451 1915 πνία
476 1877 489 1891 ·
517 1861 848 1932 ἀπερίεργον
878 1860 1094 1931 πνεῦμα
1117 1877 1131 1890 ·
1163 1861 1468 1932 ἀμέτρητος
1502 1861 1692 1930 ἀγάπη
1712 1876 1724 1888 ·
1753 1861 1890 1912 ἀκα-

308 1951 585 2021 τάληπτος
615 1950 869 2002 κοινωνία
895 1964 910 1978 ·
943 1949 1417 2020 εὐκαταφρόνητος
1450 1949 1610 2018 ἐσθής
1633 1963 1646 1976 ·
1683 1948 1888 2020 ἐγκρά·⁹

308 2057 432 2092 τεια
482 2037 719 2108 ἄμετρος
745 2053 760 2066 ·
791 2036 1026 2107 εὐθύτης
1079 2037 1316 2100 διανοίας
1364 2039 1443 2100 είς
1474 2039 1603 2090 Θεόν
1625 2053 1637 2065 ·
1673 2035 1888 2100 ἐλπίδες

307 2129 530 2181 ἀένναοι
554 2142 566 2156 ·
598 2126 958 2196 ἐλεημοσύναι
992 2126 1377 2197 ἀνεκδιήγητοι
1397 2142 1411 2155 ·
1448 2129 1665 2181 πάντων
1693 2144 1886 2180 ταπειο

308 2217 421 2268 νῶν
464 2213 895 2284 ἐγκαλλώπισμα
921 2231 934 2244 ·
983 2215 1209 2274 πολλοὺς
1241 2214 1579 2285 πειρασμοὺς
1633 2215 1889 2286 ἐξαντλή-

310 2319 460 2356 σασα
490 2303 549 2370 ἐξ
578 2304 857 2374 ἐνεργείας
884 2302 976 2354 τοῦ
1005 2303 1331 2357 ἐθελοκάκου
1361 2305 1453 2356 καὶ
1502 2304 1886 2375 ἀπειροκάλου.

309 2392 390 2444 υύ
449 2391 682 2460 μικροὺς
731 2390 949 2460 ἀγῶνας
1002 2391 1386 2462 ἀγωνισαμένη
1439 2392 1578 2461 ὑπὲρ
1633 2391 1890 2461 ἀληθείας

310 2479 493 2532 Θεοῦ·
517 2480 777 2550 ἀμέτροις
824 2479 1079 2549 δακρύοις
1129 2481 1344 2550 νύκτωρ
1384 2482 1477 2533 καὶ
1510 2479 1628 2550 μεθ’
1672 2481 1889 2550 ἡμέραν

309 2567 578 2630 ἀνενδεῶς
616 2568 976 2638 συμϐιώσασα
1003 2583 1016 2596 ·
1077 2563 1486 2638 ὑποταττομένη
1528 2569 1677 2638 πάσῃ
1731 2569 1889 2635 φύσει

309 2654 634 2726 ἀνθρωπίνῃ
657 2654 744 2707 διά
781 2654 873 2707 τόν
921 2656 1160 2724 Κύριον·
1201 2653 1340 2723 μετά
1384 2656 1564 2725 πάσης
1606 2655 1892 2718 εὐλαϐείας

313 2743 720 2815 ὑποκλινομένη
753 2745 866 2806 τοῖς
914 2743 1236 2806 ἐπισκόποις
1279 2745 1390 2806 τοῖς
1417 2743 1594 2811 ἁγίοις
1615 2759 1629 2774 ·
1657 2743 1893 2796 σέϐουσα

307 2831 378 2883 τὸ
416 2829 809 2901 πρεσϐυτέριον
833 2846 846 2860 ·
871 2829 1089 2899 τιμῶσα
1105 2829 1196 2883 τὸν
1216 2830 1434 2901 κλῆρον.
1469 2831 1770 2900 Αίδουμένη
1796 2831 1893 2900 τήν

311 2919 571 2988 ἄσκησιν-
593 2917 964 2988 ἀποδεχομένη
990 2918 1310 2988 παρθενίαν·
1331 2919 1530 2989 χηρείᾳ
1551 2919 1890 2989 ἐπαρκοῦσα·

309 3007 585 3077 ὀρφανίαν
632 3005 1086 3077 ἀνατρεφομένη·
1145 3007 1332 3077 γήρως
1395 3008 1891 3076 ὑπερασπίζονσα·

313 3094 682 3158 ἀσθενοῦντας
720 3094 1161 3163 ἐπισκεπτομένη
1187 3109 1201 3124 ·
1259 3095 1603 3165 ἁμαρτωλοῖς
1653 3112 1894 3165 συμπεν-

315 3183 494 3237 θοῦσα
517 3201 531 3215 ·
565 3183 1012 3253 πεπλανημένους
1038 3181 1306 3249 όδηγοῦσα
1328 3197 1342 3211 ·
1381 3185 1506 3244 τοὺς
1541 3183 1748 3245 πάντας
1781 3183 1894 3236 ἐλε-

313 3272 457 3325 οῦσα
477 3288 493 3303 ·
521 3273 648 3334 τοὺς
678 3271 1006 3341 πενομένους
1031 3269 1268 3338 ἀφειδῶς
1289 3271 1660 3338 οἰκτείρουσα·
1698 3271 1895 3335 πολλάς

317 3377 386 3414 τε
411 3360 521 3414 τῶν
553 3360 800 3414 ἀπίστων
823 3361 1184 3428 κατηχήσασα
1222 3359 1505 3426 γυναῖκας,
1539 3361 1631 3411 καὶ
1660 3360 1729 3410 τὰ
1760 3360 1896 3430 πρὸς

316 3451 424 3517 τήν
471 3447 618 3518 ζωὴν
665 3447 1096 3517 ἐπικουρήσασα,
1143 3446 1470 3515 ἀείμνηστον
1526 3447 1896 3517 χρηστότητος

316 3538 494 3607 ὅνομα
519 3537 608 3590 διὰ
628 3536 825 3600 παντὸς
847 3535 940 3588 τοῦ
970 3535 1084 3605 βίου
1109 3535 1465 3607 κατηλέησεν.
1503 3537 1634 3589 Ἀπὸ
1657 3537 1898 3600 δουλείας

319 3627 405 3688 εἰς
437 3622 753 3693 ἐλευθερίαν
782 3623 892 3676 τῶν
921 3623 1148 3676 οἰκετῶν
1198 3624 1405 3694 μυρίων
1436 3625 1601 3694 ἐσμὸν
1630 3625 1897 3678 ἀνακαλε-

321 3711 561 3782 σαμένη,
601 3711 874 3780 ἰσοτίμους
927 3713 1026 3779 τῆς
1080 3712 1211 3774 ίδίας
1261 3712 1538 3779 εὐγενείας
1581 3713 1894 3782 ἀπέφηνεν·

323 3798 529 3868 μᾶλλον
556 3797 612 3849 δὲ
644 3799 692 3850 εἰ
721 3797 828 3869 χρὴ
851 3797 1086 3870 τάληθὲς
1131 3800 1328 3863 εἰπεῖν,
1387 3800 1481 3852 καὶ
1529 3799 1900 3868 εὐγενέστεροι

322 3885 405 3954 τῷ
430 3890 669 3956 σχήματι
696 3887 792 3955 τῆς
824 3885 984 3953 ἁγίας
1029 3884 1234 3954 ταύτης
1272 3885 1595 3940 ἐδείκνυντο.
1629 3887 1761 3940 Ούδέ
1791 3889 1900 3956 γάρ

322 3973 711 4044 εὑτελέστερόν
761 3991 815 4026 τι
865 3974 973 4027 τῶν
1010 3973 1320 4044 ἐνδυμάτων
1365 3974 1568 4045 ταύτης
1614 3975 1900 4048 εὑρεθῆναι

326 4062 572 4117 ἐδυνάτο.
606 4063 725 4116 Τῶν
749 4063 857 4135 γὰρ
885 4065 1024 4118 πάνυ
1055 4063 1489 4136 ῥακοδυτούντων
1529 4065 1721 4130 ἀνάξια
1743 4059 1809 4136 ἧν
1834 4067 1901 4119 τά

325 4151 428 4220 τῆς
454 4151 607 4210 ὁσίας
637 4149 840 4220 ταύτης
877 4153 1260 4221 σκεπάσματα.
1291 4151 1526 4224 Τοιαύτη
1557 4152 1612 4206 δέ
1645 4154 1772 4224 παρ’
1803 4155 1900 4206 αὺ-

324 4239 431 4309 τῆς
475 4241 705 4310 ἡπιότης
751 4241 1027 4310 ἐτρέφετο,
1077 4243 1152 4304 ὼς
1195 4243 1289 4296 καὶ
1315 4244 1495 4295 αὑτῶν
1547 4243 1654 4295 τῶν
1678 4243 1902 4297 παιδίων

329 4329 755 4397 ὑπερακοντίσαι
781 4330 840 4381 τὸ
859 4330 1078 4398 ἀφελές.
1101 4331 1280 4398 Ψόγος
1299 4331 1471 4393 οὐδεὶς
1496 4331 1748 4384 οὑδέποτε
1784 4331 1903 4384 ούδέ

326 4416 441 4470 τῶν
467 4417 634 4480 πέλας
665 4419 815 4486 παρά
846 4421 911 4488 τῇ
961 4419 1304 4489 χριστοφιίρῳ
1347 4419 1518 4490 ταύτῃ
1568 4420 1897 4489 ηὑρίσκετο·

615 4471 631 4480 -
747 4471 757 4486 .
1167 4471 1656 4490 ...κηιι

327 4502 469 4557 ἀλλὰ
502 4505 610 4565 πᾶς
646 4505 673 4556 ὁ
726 4503 928 4574 ταύτης
965 4505 1192 4567 ἀϐίωτος
1221 4506 1334 4573 βίος
1379 4506 1436 4556 ἐν
1475 4505 1764 4570 κατανύξει
1804 4504 1898 4558 καὶ
1929 4471 1974 4528 D

333 4593 502 4661 συχνῇ
537 4590 784 4660 δακρύων
837 4592 1082 4662 ὑπῆρχεν
1141 4595 1269 4662 ῥοῇ·
1309 4595 1401 4645 καὶ
1429 4589 1497 4662 ἦν
1531 4593 1654 4645 ἰδεῖν
1707 4592 1906 4663 μᾶλλον

331 4679 519 4750 πηγήν
548 4680 616 4731 τά
645 4679 842 4748 ἑαυτῆς
866 4679 1084 4749 νάματα
1106 4681 1490 4734 ἐπιλείπουσαν
1524 4682 1580 4732 ἐν
1615 4683 1726 4742 τοῖς
1774 4679 1906 4732 καύ-

336 4785 525 4836 μασιν.
567 4767 600 4838 ἦ
637 4767 764 4829 τοὺς
814 4768 1255 4838 άμετεωρίστους
1301 4769 1528 4834 ταύτης,
1558 4769 1654 4821 καὶ
1700 4769 1787 4820 ἀελ⁸
1815 4767 1906 4820 τὸν

332 4855 569 4925 Χριστὸν
596 4855 838 4924 ὁρῶντας
880 4855 1192 4924 ὀφθαλμοὺς
1245 4856 1626 4924 διαλιμπάνειν
1653 4855 1906 4926 δακρύων

334 4940 488 4992 ποτέ.
533 4940 640 4992 Καὶ
667 4939 723 4992 τί
767 4939 984 5008 μέλλω;
1039 4941 1162 4992 ὅσον
1195 4942 1303 5010 γὰρ
1354 4942 1419 4992 ἂν
1460 4939 1680 5011 παρέξω
1707 4944 1772 5011 τῇ
1801 4942 1904 5012 ἐμῇ

331 5028 545 5100 διανοίᾳ
577 5027 772 5096 σχολήν
803 5027 926 5090 τοὺς
949 5027 1151 5097 ταύτης
1193 5029 1385 5090 ἄθλους
1411 5031 1508 5098 τῆς
1554 5029 1910 5098 πεπετρωμέ-

337 5135 435 5183 νης
466 5115 645 5185 ψυχῆς
676 5117 770 5168 καὶ
800 5116 1001 5184 ἀρετάς
1028 5116 1408 5186 διηγούμενος,
1438 5119 1572 5171 πολὺ
1602 5119 1828 5169 κατόπιν
1857 5119 1906 5170 οί

335 5205 488 5270 λόγοι
517 5204 626 5255 τῶν
658 5203 837 5273 ἔργων
869 5203 1278 5273 εὑρεθήσονται.
1322 5204 1431 5256 Καὶ
1475 5205 1549 5273 μή
1603 5221 1684 5267 τις
1710 5204 1906 5274 νομίσῃ

342 5293 409 5362 μὲ
443 5290 903 5361 κεκομψευμένως
932 5290 1111 5357 λέγειν
1133 5290 1201 5343 τά
1233 5291 1358 5358 περὶ
1389 5291 1487 5360 τῆς
1523 5291 1908 5361 ἀπαθεστάτης

338 5379 567 5448 ταύτης,
594 5380 686 5431 καὶ
715 5377 900 5430 λοιπὸν
921 5379 1048 5445 ὅλης
1069 5377 1160 5432 τοῦ
1187 5379 1345 5445 ἁγίου
1386 5377 1702 5447 Πνεύματος
1726 5381 1908 5450 τιμίου

342 5467 571 5528 σκεύους
628 5466 988 5536 Ὀλυμπιάδος
1030 5465 1128 5535 τῆς
1176 5467 1548 5536 σεμνοτάτης·
1599 5467 1714 5521 ἀλλ’
1780 5470 1910 5520 αὑτ-

343 5557 518 5624 όπτην
539 5557 902 5624 γεγενημένον
931 5557 1022 5606 καὶ
1059 5555 1366 5625 θεωροῦντα
1388 5557 1481 5608 τὸν
1513 5556 1607 5625 τῆς
1635 5559 1912 5628 μακαρίας

343 5644 546 5712 ταύτης
581 5643 689 5712 βίον
720 5644 812 5696 καὶ
844 5642 1140 5710 ἀγγελικὴν
1192 5637 1486 5706 πολῆείαν,
1517 5645 1591 5708 ὡς
1621 5645 1715 5698 at;
1748 5664 1910 5700 πνευ-

345 5750 422 5804 μα
434 5733 576 5785 τικδν
602 5733 820 5802 γνήσιον
852 5729 1001 5800 φίλον
1023 5732 1114 5782 καὶ
1147 5731 1424 5802 συγγενῶν
1443 5733 1770 5788 οἰκειότατον
1797 5754 1810 5766 ·
1839 5735 1912 5801 ῶς

739 5823 1004 5884 ΡΑϊιιοι..
1050 5823 1169 5882 Gn.
1211 5825 1323 5886 XX
1338 5825 1425 5888 X1
1439 5825 1508 5886 ν.

1986 553 2298 623 Χρημάτων
2325 552 2463 624 αῦτη
2489 554 2668 608 τοίνυν
2695 555 2729 624 ή
2756 554 2951 623 μηκέτι
2982 552 3164 605 λοιπὸν
3194 552 3260 605 τά
3284 551 3382 621 τῆς
3418 567 3554 620 σαρ-

1985 643 2084 704 κὸς
2145 642 2439 712 φρονοῦσα,
2499 643 2914 712 ύποταττομένη
2965 642 3199 712 ἀρχαῖς,
3252 639 3554 693 ὑπείκουσα

1987 729 2290 794 ἐξουσίαις,
2357 729 2895 799 ὑποιιατακλινομένη
2946 729 3301 789 ἐπισκόποις·
3363 742 3555 796 σεμνο-

1987 817 2220 885 λογοῦσα
2233 819 2292 871 τὸ
2311 818 2724 888 πρεσϐυτέριον,
2741 821 2960 888 τιμιὲισα
2980 818 3070 870 τὶν
3096 816 3296 888 κλῆρον
3315 817 3552 879 ἅπαντα,

1988 906 2081 957 καὶ
2107 905 2396 973 ὁμολογίας
2419 905 2728 976 κατηξιώθη
2761 905 2900 975 ὑπὲρ
2925 905 3022 973 τῆς
3043 903 3322 974 ἀληθείας,
3354 900 3556 963 πολλάς

1987 993 2252 1062 δεξαμένη
2276 994 2501 1062 νιφάδας
2533 994 2778 1063 ἀκαίρων
2809 991 3176 1062 κατηγοριῶν.
3201 985 3307 1052 Ἦς
3334 992 3422 1042 τὸν
3441 990 3555 1060 βίον

1989 1084 2047 1133 ἐν
2073 1081 2488 1152 ὁμολογητρίαις
2534 1081 2834 1150 κρίνουσιν,
2888 1081 3001 1133 ὅσοι
3037 1077 3146 1130 τῶν
3185 1076 3424 1129 εὐσεϐῶν
3456 1077 3556 1147 τήν

1990 1168 2558 1222 Κωνσταντινούπολιν
2589 1168 2830 1221 οίκοῦσιν
2856 1183 2870 1197 ·
2901 1167 3025 1238 ῆτις
3059 1164 3127 1219 τὰ
3157 1164 3387 1218 θανάτου
3410 1166 3556 1216 ἐκιν-

1988 1257 2242 1310 δύνευσεν
2276 1259 2388 1317 τοῖς
2425 1256 2564 1308 κατά
2615 1256 2746 1308 Θεὸν
2803 1254 3047 1321 ἀγῶσιν·
3089 1254 3184 1305 καὶ
3234 1254 3291 1304 ἐν
3346 1249 3556 1312 τούτοις

1989 1345 2375 1414 τελευτήσασα,
2412 1343 2472 1395 τὸ
2505 1343 2775 1412 μακάριον
2807 1342 2978 1412 ήρατο
3027 1339 3182 1403 κλέος
3233 1339 3290 1390 ἐν
3321 1335 3396 1410 τῷ
3431 1337 3558 1389 ἀπε·

1992 1433 2171 1501 ράντῳ
2218 1431 2374 1483 αἰῶνι
2412 1427 2894 1501 στεφανηφοροῦσα
2947 1427 3042 1480 καὶ
3087 1425 3403 1496 χορεύουσα,
3456 1423 3557 1484 τάς

1992 1518 2303 1587 ἀκηράτους
2361 1516 2527 1587 μονὰς
2571 1516 2708 1587 μετά
2771 1517 2930 1568 θείων
2979 1514 3167 1584 ψυχῶν
3213 1512 3307 1565 καὶ
3354 1509 3556 1581 ὁμοίων

1992 1606 2156 1675 ἐαυτῇ
2184 1607 2264 1667 εἰς
2292 1605 2378 1658 ἀεὶ
2414 1602 2762 1667 κατοικοῦσα,
2814 1604 2909 1654 καὶ
2954 1601 3063 1655 τῶν
3122 1598 3342 1668 ἀγαθῶν
3379 1596 3556 1668 ἐργων

1993 1693 2146 1764 παρά
2175 1692 2268 1746 τοῦ
2296 1693 2569 1747 Δεσπότου
2589 1691 2724 1744 Θεοῦ
2757 1691 2894 1760 μετά
2920 1688 3235 1762 παρρησίας
3266 1686 3365 1749 τάς
3393 1687 3556 1754 ἀμοι-

1922 1802 1965 1861 B
1994 1781 2090 1845 ϐὰς
2120 1780 2441 1836 ἀπαιτοῦσα.

2532 1881 2784 1936 ΚΕΦΑΛ.
2830 1880 3009 1934 PME’.

2512 1981 2652 2049 Περὶ
2702 1980 3023 2046 Κανδίδας.

2059 2084 2275 2154 Ταύτης
2307 2083 2538 2136 κατόπιν
2572 2085 2665 2135 καὶ
2691 2083 2986 2154 ἱσοτρὸπως
3011 2083 3106 2136 καὶ
3135 2079 3298 2146 ἀξίως
3316 2079 3409 2132 τοῦ
3442 2078 3558 2131 Κυ-

1992 2173 2109 2245 ρίου
2141 2171 2385 2244 βιώσασα
2421 2173 2454 2241 ή
2489 2172 2732 2242 μακαρία
2763 2171 3016 2233 Κανδίδα,
3045 2167 3371 2242 ήΤραῖα-ιοῦ
3395 2165 3560 2233 θυγά-

1989 2272 2095 2326 τηρ
2125 2255 2216 2308 τοῦ
2244 2255 2634 2323 στρατηλάτου,
2661 2259 2754 2306 καὶ
2783 2256 2862 2316 είς
2884 2255 3052 2326 ἀκρον
3082 2253 3407 2322 σεμνότητος
3434 2249 3560 2301 ἐλά-

1992 2355 2154 2401 σασα,
2220 2338 2515 2407 ἐκκλησίας
2571 2354 2630 2389 τε
2674 2344 2814 2389 κατα
2835 2337 2991 2404 λόγον
3044 2337 3404 2405 κοσμήσασα,
3463 2332 3560 2384 καὶ

1991 2423 2321 2482 ἐπισκόπους
2349 2423 2514 2486 ἀξίως
2543 2422 2653 2472 τῶν
2678 2421 2770 2473 τοῦ
2799 2419 3032 2488 Χριστοῦ
3054 2418 3370 2489 μυστηρίων
3400 2415 3560 2467 σεϐα-

1992 2506 2203 2568 σθείσα,
2239 2503 2334 2556 καὶ
2372 2505 2546 2554 πάντα
2594 2503 2684 2555 τὸν
2715 2502 2808 2554 τοῦ
2851 2502 3090 2570 Χριστοῦ
3117 2501 3316 2570 κλῆρον
3357 2497 3561 2551 καταλ-

1991 2587 2169 2657 λήλως
2184 2588 2315 2655 τιμή
2325 2602 2485 2648 σασα,
2505 2586 2598 2638 καὶ
2618 2585 2714 2657 τὴν
2730 2585 2864 2638 ἰδίαν
2887 2584 3160 2655 θυγατέρα
3179 2585 3560 2654 κατηχήσασα,

1995 2675 2073 2733 εἰς
2116 2672 2206 2724 τὸν
2255 2672 2356 2741 τῆς
2407 2672 2706 2741 παρθενίας
2751 2673 2951 2742 κλῆρον
2995 2671 3317 2742 προέπεμψε
3357 2671 3562 2743 ταύτην

1995 2759 2130 2830 πρὸς
2159 2759 2249 2811 τὸν
2299 2759 2532 2828 Χριστὸν
2584 2760 2777 2830 δῶρον,
2810 2761 2919 2812 τῶν
2969 2761 3138 2830 αὐτῆς
3172 2761 3444 2828 λαγόνων·
3481 2762 3564 2822 είς

1996 2846 2221 2918 ὕστερον
2246 2847 2301 2901 δέ
2329 2849 2423 2900 καὶ
2450 2848 2589 2916 αῦτη
2622 2849 2944 2920 σωφροσύνῃ
2971 2864 3054 2912 τε,
3089 2849 3185 2901 καὶ
3221 2835 3435 2919 ἀγκείᾳ,
3467 2848 3565 2901 καὶ

1993 2938 2106 2998 τοῖς
2133 2937 2240 2989 τῶν
2267 2937 2563 3007 χρημάτων
2587 2940 2948 3006 σκορπισμοίς
2986 2937 3468 3006 ἐπακολουθήσασα
3494 2937 3562 3005 τῇ

1997 3025 2195 3094 ἐαυτῆς
2226 3024 2479 3095 θυγατρί.
2531 3023 2746 3094 Ταύτην
2768 3024 2864 3094 τὴν
2911 3027 3163 3092 γενναίαν
3192 3021 3307 3077 οῐδα
3333 3023 3446 3092 ἐγὼ
3475 3026 3563 3078 δια

1999 3114 2179 3183 πάσης
2217 3115 2314 3185 τῆς
2353 3114 2545 3176 νυκτὸς
2597 3113 2898 3176 κοπιῶσαν,
2945 3115 3040 3166 καὶ
3086 3113 3392 3185 ἀλήθουσαν
3442 3117 3565 3178 cui:

2001 3201 2158 3262 ἰδίαις
2193 3201 2398 3271 χερσὶν,
2445 3199 2705 3255 ποιοῦσαν
2741 3202 2832 3254 τὸν
2865 3203 3028 3272 ἀρτον
3055 3203 3152 3272 τῆς
3197 3201 3566 3273 προσκομιδής

1998 3289 2090 3342 ἐπὶ
2114 3289 2433 3359 καθαιρέσει
2453 3289 2550 3359 τῆς
2574 3289 2668 3342 τοῦ
2699 3290 2948 3359 σώματος
2975 3291 3314 3355 δυναστείας,
3345 3290 3564 3362 διηγου-

2002 3377 2168 3444 μένην
2203 3375 2283 3428 ὃτι
2313 3375 2414 3444 τῆς
2454 3376 2709 3446 νηστείας
2763 3375 2838 3448 μὴ
2871 3378 3238 3450 ἐπαρκούσης,
3279 3379 3567 3449 σύμμαχον

1996 3465 2188 3534 δίδωμι
2237 3464 2410 3536 ταύτῃ
2445 3466 2538 3517 καὶ
2589 3465 2688 3536 τὴν
2729 3467 3027 3536 ἐπίμοχθον
3089 3468 3420 3538 ἀγρυπνίαν,
3479 3469 3566 3521 ἵνα

1998 3551 2284 3605 καταλύσω
2315 3554 2376 3605 τὸ
2406 3553 2669 3623 φρύαγμα
2682 3552 2774 3604 τοῦ
2791 3551 2983 3607 Ἡσαῦ.
3013 3554 3163 3624 Αῦτη
3191 3555 3430 3624 ἐναίμων
3466 3555 3565 3626 μὲν

1999 3641 2094 3693 καὶ
2121 3639 2382 3710 ἐμψύχων
2409 3643 2487 3702 είς
2529 3641 2699 3710 ἀκρον
2733 3641 3022 3709 ἀπέσχετο,
3069 3640 3208 3711 πλὴν
3261 3642 3442 3711 ἰχθύος
3470 3647 3567 3696 καὶ

2000 3729 2180 3782 ἐλαίου
2208 3733 2302 3782 καὶ
2330 3729 2578 3799 λαχάνων
2605 3729 2905 3800 ἐλάμϐανεν
2933 3745 2948 3758 ·
2983 3732 3076 3784 καὶ
3119 3730 3291 3784 ταῦτα
3319 3733 3374 3783 ἐν
3402 3733 3563 3803 ἑορτῇ

2003 3816 2182 3886 μόνον.
2209 3816 2312 3868 Τὸν
2342 3816 2397 3868 δὲ
2427 3816 2586 3870 ἄλλον
2609 3817 2824 3870 ἅπαντα
2859 3819 3049 3888 χρόνον
3070 3817 3410 3884 διατελοῦσα,
3439 3823 3564 3885 ὀξυ-

2003 3903 2247 3973 κράματι
2299 3903 2394 3954 καὶ
2429 3902 2580 3972 ἄρτῳ
2608 3902 2756 3975 ξηρῷ
2803 3904 3118 3975 ἀρκουμένη
3157 3906 3214 3956 ἐν
3243 3908 3432 3978 ἑαυτῇ,
3465 3908 3565 3979 τήν

2003 3991 2282 4060 μακαρίαν
2297 3990 2601 4042 ἀνάπαυσιν
2678 3991 2918 4061 ἀοίδιμος
2943 3992 3264 4062 κοιμηθεῖσα
3283 3996 3348 4064 τῇ
3366 3993 3566 4065 σκληρο

2000 4077 2247 4147 αγωγία,
2296 4076 2390 4130 νῦν
2438 4077 2697 4131 ἀπολαύει
2754 4078 2861 4131 τῶν
2913 4079 3142 4133 αίωκιίων
3195 4080 3414 4148 ἀγαθῶν
3454 4083 3566 4136 τῶν

1999 4164 2419 4236 ἡτοιμασμένων
2446 4168 2558 4229 τοίς
2582 4167 2671 4219 τὸν
2693 4167 2948 4236 ἐνάρετον
2982 4170 3096 4237 βίον
3124 4170 3491 4240 ἠγαπηκόσιν.

2545 4269 2791 4322 ΚΕΦΛΛ.
2829 4271 3020 4338 ΡΜςῖε

2529 4353 2670 4423 Περὶ
2709 4357 3035 4424 Talao-iac.

2072 4453 2115 4504 Τ
2119 4451 2286 4523 αύτης
2314 4455 2411 4524 τῆς
2441 4454 2695 4526 ἐναρέτου
2729 4456 2870 4511 κατὰ
2894 4457 3054 4528 ζῆλον
3080 4459 3315 4514 ὦδευσεν
3346 4461 3442 4534 τὴν
3468 4463 3566 4534 τῆς

2005 4541 2306 4606 ἀθανασίας
2362 4543 2479 4596 ὁδὸν
2527 4544 2766 4610 εὐσεϐῶς
2796 4547 3073 4602 ἑλκύσασα
3103 4549 3194 4601 τὸν
3227 4553 3325 4620 τῆς
3365 4552 3569 4621 παρθε-

2005 4633 2122 4694 νίας
2163 4631 2328 4699 ζυγὸν
2360 4633 2392 4702 ή
2444 4635 2746 4706 σεμνοτάτη
2797 4637 3050 4702 ιἐλασία,
3085 4637 3328 4709 θυγάτηρ
3361 4640 3570 4710 τριϐού-

2005 4737 2097 4772 νου
2124 4722 2288 4784 τινός.
2323 4720 2540 4790 Ταύτης
2565 4722 2665 4790 τῆς
2696 4723 2922 4794 ἀρίστης
2951 4726 3121 4794 ἀρετὴ
3147 4727 3287 4800 αῦτη
3321 4729 3567 4800 φέρεται,

2006 4807 2087 4861 ὃτι
2117 4807 2266 4878 ήλιος
2291 4808 2542 4862 οὐδέποτε
2575 4811 2734 4864 ἐπέδυ
2769 4811 2862 4862 ἐπὶ
2899 4812 3042 4883 λύπῃ
3071 4815 3292 4885 ταύτης,
3324 4817 3385 4868 οὑ
3433 4817 3574 4871 κατὰ

2006 4898 2239 4964 οἰκέτου,
2265 4897 2325 4950 ού
2364 4898 2503 4952 κατά
2529 4899 2884 4970 θεραπαίνης,
2917 4901 2976 4952 ού
3009 4901 3150 4954 κατά
3185 4919 3329 4968 τινος
3360 4904 3570 4975 ἐτέρου.

2021 4987 2403 5056 Ἀποφυγοῦσα
2432 4987 2562 5054 γοῦν
2590 4985 2728 5056 αῦτη
2759 4989 2792 5056 ή
2825 4989 3072 5059 μακαρία
3115 4991 3212 5060 τὴν
3241 4991 3350 5043 τῶν
3383 5010 3575 5064 μνησιυ

2009 5080 2193 5130 κάκων
2231 5078 2369 5140 ὁδον,
2402 5080 2499 5145 τὴν
2531 5079 2606 5140 εἰς
2634 5078 2861 5130 θάνατον
2895 5078 3111 5132 αἰώνιον
3151 5082 3446 5151 φέρουσαν,
3473 5083 3573 5155 τῆς

2011 5168 2090 5228 είς
2123 5163 2290 5217 ἀΐδιον
2319 5163 2464 5235 ζωὴν
2494 5163 2766 5236 φερούσης
2788 5165 3112 5222 ἐπελάϐετο.

2536 5267 2787 5320 ΚΕΦΑΛ.
2847 5269 3023 5321 ΡΜΖ’.

2524 5354 2659 5423 Περὶ
2721 5355 3067 5423 Ἰουλιανῆς.

2094 5457 2449 5528 Ὶουλιανήτις
2470 5456 2629 5509 πάλιν
2653 5457 2876 5526 ὀνόματι
2908 5458 3245 5528 παρθένοςέν
3275 5457 3582 5526 Καισαρείᾳ

2012 5547 2108 5616 τῆς
2131 5545 2520 5606 Καππαδοκίας
2543 5544 2844 5614 λογιωτατη
2861 5547 2952 5598 καί
2970 5547 3263 5612 πιστοτάτη
3278 5543 3488 5608 ἐλέγετο
3504 5539 3580 5592 εί-

2013 5654 2127 5689 ναι·
2190 5638 2310 5708 ἧτις
2363 5636 2644 5706 Ὠριγένην
2681 5635 2772 5687 τὸν
2817 5635 3137 5707 συγγραφέα
3174 5638 3444 5704 φεύγοντα
3483 5636 3584 5704 τὴν

2016 5726 2376 5780 ἐπανάστασιν
2409 5724 2518 5780 τῶν
2553 5725 2818 5794 Ἐλλήνων
2850 5725 3080 5790 ἐδέξατο,
3117 5727 3209 5778 ἐπὶ
3249 5723 3340 5778 δύο
3369 5723 3463 5795 ἔτη
3481 5740 3582 5776 κα-

3152 5819 3228 5878 1ιο
