4112 6504
577 336 703 402 1251

2015 351 2365 414 PALLADII
3685 367 3820 430 1252

575 452 958 520 ταχρύπτουσα
995 441 1214 516 οἰκείοις
1233 452 1606 526 ἀναλώμασιν,
1635 459 1724 509 καὶ
1752 461 1815 529 τῇ
1842 459 1908 511 δι’
1940 459 2138 526 ἑαυτῆς
2168 460 2216 517 Λ
2246 461 2602 536 Συγχώρησὸν
2668 487 2757 538 μοι
2823 473 3002 542 μεῖναι
3050 473 3256 544 ταύτην
3312 475 3412 545 τὴν
3463 476 3636 532 νύκτα
3683 484 3821 548 μετά

574 534 844 604 ὑπηρεσίᾳ
881 537 1235 590 ἀναπαύουσα
1281 539 1371 592 τὸν
1416 540 1604 610 ἄνδρα.
1667 536 1838 611 Εὗρον
1873 542 1929 594 δὲ
1966 542 2140 594 ταῦτα

574 618 684 684 ἐγὼ
705 623 1062 690 γεγραμμένα
1089 622 1144 674 ἐν
1159 622 1501 692 παλαιοτάτῳ
1523 624 1711 693 βιϐλίῳ
1727 641 1882 695 στιχη
1891 625 1987 694 ρῷ,
2003 627 2143 696 ὅπερ

575 705 878 775 ἐγέγραπτο
894 707 1033 776 χειρὶ
1059 706 1358 775 Ὠριγένους
1369 751 1381 763 .
1397 707 1565 760 Τοῦτο
1580 709 1638 759 τὸ
1652 707 1853 776 βιϐλίον
1865 704 2020 779 εὖρον
2035 708 2144 776 ἐγὼ

573 791 723 858 παρὰ
761 789 1018 860 Ἰουλιανῇ
1051 789 1381 860 παρθένῳέν
1411 791 1736 860 Καισαρείᾳ,
1771 793 2144 861 κρυπτόμενος

575 868 730 943 κάγὼ
764 875 892 944 παρ’
916 876 1075 946 αὐτῇ.
1110 875 1267 937 "lin;
1300 874 1502 941 ἔλεγεν,
1539 877 1669 942 παρ’
1711 875 1874 929 αὑτοῦ
1921 878 2146 947 Συμμά-

574 977 669 1029 χου
702 959 793 1010 τοῦ
823 959 1100 1028 ἑρμηνέως
1125 958 1236 1010 τῶν
1282 957 1549 1010 Ἰουδαίων
1571 959 1701 1011 αὐτὸ
1739 959 2036 1028 εἰληφέναι.

645 1042 718 1094 Οὐ
749 1041 1042 1110 παρέργως
1085 1042 1139 1092 δὲ
1171 1041 1391 1094 τέθεικα
1438 1041 1532 1093 καὶ
1565 1043 1768 1102 ταύτας
1813 1045 1911 1104 τας
1941 1042 2144 1112 ἀρετὰς

573 1127 778 1180 τούτων
803 1127 912 1179 τῶν
947 1126 1207 1194 ἀοιδίμων
1249 1126 1524 1193 γυναικῶν
1548 1144 1564 1159 ·
1597 1125 1710 1180 ἀλλ’
1745 1127 1831 1182 ἵνα
1885 1127 2144 1199 μάθωμεν

573 1211 653 1261 ὃτι
677 1209 1026 1278 πολυτρόπως
1044 1210 1158 1262 ἔστι
1181 1209 1504 1280 κερδαίνειν,
1528 1208 1621 1263 ἐὰν
1647 1211 1912 1280 θέλωμεν,
1938 1213 1998 1264 ἐκ
2024 1213 2142 1264 δια-

575 1293 642 1361 φό
655 1310 760 1363 ρων
791 1294 1138 1364 προφάσεων.

1141 1380 1389 1431 ΚΕΦΑΛ.
1424 1379 1522 1432 ΡΜ
1530 1381 1608 1434 H'.

574 1463 857 1534 Διήγησις
915 1463 1278 1518 Ἱππολύτου
1305 1463 1430 1587 (ἐι-ιρι)
1479 1465 1774 1534 γνωρίμου
1831 1463 1949 1518 τῶν
1995 1465 2145 1518 ἀπο-

1226 1551 1303 1586 στ
1355 1552 1482 1587 νων.

1226 1551 1482 1587 στολων.

658 1620 746 1671 Ἐν
779 1619 922 1686 ἄλλῳ
951 1618 1266 1689 βιϐλιδαρίῳ
1305 1619 1770 1690 ἐπιγεγραμμένῳ
1828 1619 2143 1674 Ἱππολύτου

572 1703 668 1757 τοῦ
686 1703 962 1774 γνωρίμου
982 1703 1090 1756 τῶν
1105 1703 1436 1764 ἀποστόλων,
1455 1699 1611 1773 εῦρον
1630 1694 1871 1774 διήγημα
1883 1705 2138 1758 τοιοῦτον·

2245 548 2447 630 ταύτης
2473 550 2572 620 τῆς
2607 553 2796 624 κόρης.
2823 556 3092 610 Εἰσελθὼν
3135 559 3229 612 οὖν
3269 561 3386 629 μετ’
3413 561 3588 630 αὐτῆς
3616 565 3700 624 είς
3729 565 3823 616 τδν

2243 629 2560 701 ἀπόκρυφον
2589 632 2756 703 οἷκον,
2783 637 2930 706 λέγει
2951 642 3087 711 αὐτῇ
3115 658 3130 674 ο
3173 641 3423 708 Ἀνάστα,
3449 629 3626 696 σῶσον
3657 663 3822 698 σεαυο

2243 713 2362 797 τήν.
2398 715 2507 767 Καὶ
2549 718 2780 784 ἐκδύσας
2825 722 2992 792 αὐτὴν
3027 727 3094 776 τά
3131 726 3342 794 ἱμάτια,
3367 729 3458 779 καὶ
3508 731 3576 797 τῇ
3623 728 3820 780 ἑαυτοῦ

2245 796 2430 866 ἐσθῆτι
2490 805 2872 871 μεταμφιάσας
2925 805 3114 876 αὐτὴν,
3139 811 3249 870 τοῖς
3277 825 3334 860 τε
3383 796 3689 877 καμισίοις,
3727 815 3820 864 καὶ

2244 883 2308 949 τῇ
2343 882 2589 952 χλαμύδι,
2624 888 2714 939 καὶ
2769 891 2881 951 τοῖς
2919 891 3181 960 ἀνδρείοις
3236 894 3417 955 πᾶσιν,
3452 893 3599 961 λέγει
3657 896 3818 964 αὐτῇ,

2245 965 2321 1032 τῷ
2358 965 2512 1037 ἄκρῳ
2539 968 2634 1037 τῆς
2667 969 2937 1038 χλαμύδος
2963 974 3448 1043 περικαλυψαμένη
3479 976 3689 1039 ἔξελθε.
3711 979 3822 1029 Καὶ

2245 1045 2417 1111 οὕτως
2459 1053 2752 1121 ποιήσασα.
2782 1054 2874 1106 καὶ
2919 1056 3046 1125 ὃλην
3096 1057 3291 1127 ἑαυτὴν
3341 1060 3696 1126 σφραγίσασα
3743 1060 3822 1128 τῷ

2249 1133 2532 1204 μυστηρίῳ
2577 1134 2669 1187 τοῦ
2723 1138 2953 1206 σταυροῦ
3001 1138 3293 1204 ἐξελθοῦσα
3335 1141 3570 1211 ἀφθορος
3608 1143 3704 1195 τοῦ
3735 1145 3822 1194 τό·

2246 1231 2348 1268 που
2394 1217 2624 1282 ἐκείνου,
2670 1223 2763 1273 καὶ
2817 1222 3098 1289 ἀμίαντος,
3131 1223 3410 1287 παντελῶς
3454 1226 3821 1277 διασέσωσται

2245 1299 2308 1368 τῇ
2344 1299 2525 1368 χάριτι
2559 1301 2650 1354 τοῦ
2679 1303 2936 1372 Χριστοῦ,
2969 1306 3063 1357 καὶ
3103 1309 3168 1376 τῇ
3204 1306 3296 1358 τοῦ
3327 1308 3614 1361 νεανίσκου
3647 1308 3818 1378 αξτία,

2245 1382 2337 1434 τοῦ
2368 1381 2443 1452 τῷ
2466 1385 2580 1454 ἰδίῳ
2611 1387 2797 1456 αἵματι
2827 1388 3030 1456 ταύτην
3069 1389 3170 1456 τῆς
3188 1389 3384 1458 ἀτίμου
3405 1389 3613 1460 φθορᾶς
3646 1393 3822 1444 ἀπαλ-

2245 1463 2521 1530 λάξαντος.
2554 1469 2632 1539 Τῇ
2659 1469 2715 1522 δὲ
2745 1471 2974 1542 ἐπιούσῃ
3001 1472 3185 1541 ἡμέρα
3212 1473 3460 1542 ἐγνώσθη
3491 1475 3550 1526 τὸ
3596 1474 3783 1543 δρᾶμα
3803 1490 3818 1503 ’

2246 1549 2341 1601 καὶ
2368 1553 2709 1624 προσηνέχθη
2756 1557 2784 1608 6
2828 1557 3231 1622 Μαγιστριανδς
3279 1558 3356 1627 τῷ
3401 1559 3823 1628 θηριωδεστάτῳ

2245 1632 2493 1706 δικαστῇ.
2543 1638 2860 1709 Ἀνακρίνας
2913 1640 2968 1693 δὲ
3013 1642 3105 1692 τζν
3136 1645 3380 1710 γενναῖον
3437 1643 3676 1713 ἀθλητὴν
3728 1645 3822 1697 τοῦ

2249 1719 2483 1790 Χριστοῦ
2547 1721 2575 1772 6
2628 1722 2923 1794 ἀνήμερος,
2975 1725 3069 1776 καὶ
3110 1725 3286 1777 πάντα
3347 1725 3554 1795 μαθὼν,
3609 1727 3825 1796 θηρίοις

645 1789 1026 1880 Εὐγενεσξάτη,
1064 1805 1156 1880 ξτιῖ
1327 1787 1630 1880 ὼξαιοτάτξθ
1673 1789 1938 1880 παῇρθέγος
1972 1789 2146 1861 ὑπῆρ-
2175 1791 2220 1848 Β
2250 1803 2434 1856 τοῦτον
2477 1804 2890 1876 παραϐληθῆναι
2921 1808 3204 1860 ἐκέλευσεν
3233 1825 3244 1837 ·
3271 1809 3360 1861 ἴνα
3408 1811 3501 1862 καὶ
3549 1811 3609 1861 ὲν
3643 1787 3824 1880 τούτῳ

576 1891 668 1944 χεν
698 1875 754 1925 ἐν
781 1875 845 1944 τῇ
891 1871 1138 1942 Κορίνθῳ
1168 1871 1339 1933 πόλει,
1370 1874 1682 1941 ἀσκουμένη
1711 1874 1792 1936 είς
1829 1873 1921 1926 τὸν
1953 1877 2144 1943 ἐναρε-

573 1975 662 2010 τον
693 1958 823 2027 βίον.
855 1957 1072 2027 Ταύτην
1093 1960 1214 2011 κατ’
1244 1959 1421 2010 ἐκεῖνο
1443 1957 1633 2027 καιροῦ
1651 1957 1892 2010 διέϐαλον
1917 1958 1996 2027 τῷ
2023 1959 2146 2011 τότε

573 2042 849 2105 δικάζοντι
879 2042 1100 2109 Ἕλληνι
1129 2041 1242 2094 ὅντι
1271 2041 1362 2093 ἐπὶ
1379 2041 1473 2094 τοῦ
1511 2040 1706 2110 καιροῦ
1740 2041 1848 2094 τῶν
1880 2040 2142 2109 διωκτῶν,

575 2127 651 2186 ὡς
673 2125 1100 2194 βλασφημοῦσαν
1139 2125 1233 2177 καὶ
1261 2127 1386 2187 τοὺς
1425 2126 1671 2195 καιροὺς,
1705 2124 1798 2177 καλ.
1829 2127 1952 2188 τοὺς
1993 2125 2146 2195 βασι-

573 2212 705 2271 λεῖς,
731 2211 824 2262 καὶ
851 2209 921 2260 τὰ
959 2209 1173 2261 εἴδωλα.
1203 2209 1498 2276 Προέπινον
1524 2209 1580 2261 δὲ
1608 2211 1668 2261 τὸ
1694 2210 1894 2280 ταύτης
1929 2211 2143 2275 κάλλος,

573 2295 621 2346 οξ
674 2293 800 2361 περὶ
857 2292 924 2344 τά
974 2291 1194 2344 τοιαῦτα
1235 2291 1486 2363 κάπηλοι,
1521 2295 2008 2363 γυναικομανοῦντι
2069 2295 2147 2366 τῷ

574 2373 717 2442 ἀθέῳ
744 2373 849 2426 τῶν
875 2374 1165 2428 δικαστῶν.
1205 2373 1264 2426 ’0
1294 2373 1351 2426 δὲ
1382 2375 1550 2443 ἡδέως
1583 2376 1800 2443 ἐδέξατο
1842 2379 1941 2448 τήν
1969 2379 2148 2432 διαϐο·

576 2459 672 2530 λήν
709 2461 818 2522 τοῖς
849 2460 1092 2521 ἱππικοῖς
1125 2459 1327 2522 ὼτίοις,
1354 2461 1446 2512 καὶ
1484 2462 1596 2522 τοῖς
1621 2462 1957 2531 θηλυμανέσι
1998 2465 2146 2533 λογι-

575 2548 750 2615 σμοῖς.
789 2543 1196 2616 Προσαχθείσης
1224 2545 1279 2596 δὲ
1329 2545 1531 2614 ταύτης
1596 2546 1671 2616 τῷ
1707 2550 1974 2621 μιαιφόνῳ
2014 2551 2144 2604 πολὺ

575 2630 738 2683 πλέον
764 2633 828 2702 τῇ
849 2629 1055 2702 ἀσωτίᾳ
1099 2631 1431 2699 ἐκμέμηνεν.
1475 2631 1561 2693 Ὠς
1591 2631 1645 2683 δέ
1676 2634 1855 2686 πᾶσαν
1896 2635 2148 2706 μηχανὴν

575 2714 696 2765 κατ’
731 2713 897 2783 αὐτῆς
926 2715 1153 2782 κινήσας
1175 2715 1201 2765 6
1238 2712 1464 2782 βέϐηλος
1486 2712 1584 2782 τὴν
1618 2715 1710 2768 τοῦ
1756 2715 1891 2768 θεοῦ
1939 2717 2133 2786 ἀνθρω⁴

575 2815 676 2850 πον
720 2801 905 2850 πεῖσαι
945 2799 1044 2850 οὐκ
1097 2797 1660 2867 ὴδυνήθη,διαφόροις
1691 2799 1898 2863 αἰκίαις
1941 2802 2147 2872 ταύτην

575 2882 674 2948 τὴν
697 2883 948 2948 γενναίαν
967 2881 1258 2934 ὑπέϐαλεν.
1299 2881 1387 2944 Ὠς
1418 2880 1474 2932 δὲ
1502 2881 1592 2933 καὶ
1625 2883 1683 2933 ἐν
1707 2883 1917 2944 τούτοις
1947 2884 2149 2938 ἀπέτυ-

575 2982 690 3034 χεν,
722 2965 794 3033 μὴ
825 2965 1049 3035 ἰσχύσας
1073 2964 1242 3035 αὐτὴν
1275 2965 1581 3034 ἀποστῆσαι
1613 2967 1712 3033 τῆς
1740 2966 2027 3034 ὁμολογίας
2053 2969 2149 3037 τῆς

574 3049 670 3102 τοῦ
724 3050 983 3119 Χριστοῦ,
1031 3049 1338 3118 ἀπομανεῖς
1371 3049 1508 3120 πρὸς
1557 3049 1728 3118 αὐτὴν
1773 3051 1800 3102 6
1850 3051 2144 3122 ἀνήμερος,

577 3133 697 3185 τότε
736 3135 976 3206 τιμωρία
1014 3133 1239 3204 τοιαύτῃ
1297 3134 1466 3203 αὐτὴν
1531 3135 1840 3204 παρέδωκεν
1875 3151 1888 3166 ·
1942 3136 2144 3205 στήσας
2173 3138 2216 3198 C

573 3217 673 3287 τὴν
734 3218 983 3287 σώφρονα
1031 3219 1110 3281 είς
1160 3219 1428 3286 πορνεῖον,
1484 3218 1782 3272 ἐνετείλατο
1833 3219 1911 3290 τῷ
1948 3220 2150 3283 ταύτας

577 3304 822 3370 νέμοντι,
872 3301 1066 3368 λέγων·
1117 3299 1522 3370 Δέξαιταύτην,
1573 3301 1668 3353 καὶ
1721 3303 1998 3374 ήμερήσιά
2059 3321 2148 3374 μοι

577 3387 638 3449 ἐξ
689 3385 856 3453 αὐτῆς,
886 3385 1011 3454 τρία
1062 3384 1373 3453 νομίσματα
1426 3384 1752 3454 ἀποκόμιζε.
1804 3385 1860 3438 '0
1921 3386 1977 3438 δὲ
2036 3389 2150 3439 εἰσ-

577 3471 943 3539 πραττόμενος
969 3469 1060 3523 τὸν
1110 3470 1174 3522 ἐκ
1217 3471 1311 3537 τῆς
1340 3470 1776 3540 αἰσχροπραγηίας
1803 3471 2022 3540 χρυσὸν,
2059 3471 2150 3524 ἐκ·

576 3556 726 3608 δοτον
757 3554 922 3624 αὐτὴν
969 3554 1196 3622 ἔστησεν
1226 3556 1335 3614 τοῖς
1364 3552 1709 3624 βουλομένοις
1748 3556 1805 3607 ἐν
1831 3555 1907 3625 τῷ
1922 3555 2016 3608 τοῦ
2049 3556 2150 3625 μύ-

579 3657 704 3702 σους
729 3638 1094 3708 ἐργαστηρίῳ.
1128 3637 1214 3699 Ὠς
1233 3637 1324 3690 οῦν
1350 3637 1593 3704 ἔγνωσαν
1609 3641 1656 3691 οἱ
1681 3641 1806 3708 περὶ
1824 3640 1893 3692 τά
1928 3642 2150 3695 τοιαῦτα

577 3722 1043 3792 γυναικοῖέρακες,
1079 3721 1418 3791 παρήδρευον
1448 3721 1525 3791 τῷ
1555 3723 1854 3794 παρανόμῳ
1883 3725 2152 3797 ἐργαστη-

579 3810 703 3878 ρίῳ,
730 3807 965 3870 διδόντες
992 3807 1082 3857 τὸν
1138 3807 1236 3876 τῆς
1271 3807 1467 3876 ἀτίμου
1519 3807 1782 3877 ἐργασίας
1819 3810 2029 3880 μισθὸν,
2056 3813 2151 3865 καὶ

579 3895 890 3964 βουλόμενοι
911 3893 1084 3966 ταύτῃ
1117 3893 1252 3961 πρὸς
1291 3893 1498 3964 φθορὰν
1535 3895 1764 3966 ὁμιλεῖν.
1831 3896 1895 3949 'I‘I
1952 3899 2010 3950 δὲ
2059 3914 2150 3950 σε·

581 3977 819 4048 μνοτάτη
851 3976 1013 4046 α’ύτη,
1046 3977 1138 4030 καὶ
1164 3978 1289 4039 τοὺς
1320 3977 1511 4045 λόγους
1555 3979 1688 4050 πρὸς
1717 3980 1934 4050 ἀπάτην
1966 3980 2150 4034 ἐκκλί-

579 4080 764 4127 νουσα,
825 4061 1200 4132 ὲκλιπαροῦσα
1253 4063 1450 4126 αὐτοὺς
1490 4062 1813 4134 παρεκάλει,
1876 4064 2149 4134 λέγουσα,

577 4153 661 4203 δτι
685 4150 882 4213 Ἕλκος
903 4148 1013 4220 ἐχω
1041 4166 1092 4201 τι
1114 4151 1193 4210 είς
1218 4148 1604 4219 κεκρυμμένον
1629 4149 1813 4215 τόπον,
1832 4151 1969 4220 ὅπερ
1991 4152 2151 4222 ἐσχά-

578 4252 686 4298 τως
717 4235 831 4298 ὅζει
854 4252 868 4266 ·
896 4236 988 4289 καὶ
1025 4234 1239 4288 δέδοικα
1286 4236 1361 4306 μὴ
1388 4235 1467 4296 είς
1499 4234 1660 4304 μῖσός
1696 4251 1798 4305 μου
1840 4236 2033 4311 ἔλθητε
2073 4236 2152 4307 τῷ

578 4321 936 4389 ἀποτροπαίῳ
990 4318 1085 4370 τοῦ
1130 4318 1344 4382 ἕλκους.
1405 4318 1625 4372 Ἐνδοτε
1683 4315 1777 4372 οὖν
1826 4337 1916 4390 μοι
1966 4321 2152 4389 ὀλίγας

580 4405 814 4475 ἡμέρας,
851 4405 944 4456 καὶ
1000 4405 1246 4472 ἐξουσίαν
1297 4422 1398 4474 μου
1441 4405 1592 4474 ἔχετε
1651 4405 1748 4458 καὶ
1813 4407 2022 4476 δωρεάν
2084 4424 2151 4474 με

2248 1890 2275 1941 6
2308 1887 2599 1957 μισόκαλος
2625 1888 2834 1959 δαίμων
2871 1893 3262 1963 καταισχυνθῇ.
3306 1894 3553 1964 Νομίσας
3592 1897 3702 1964 γὰρ
3731 1895 3824 1946 ⁸τὸν

2247 1972 2488 2040 ἀνδρεῖον
2524 2014 2539 2037 ,
2572 1976 2636 2044 τῇ
2672 1974 2914 2044 ἀθεμίτῳ
2961 1977 3196 2047 τιμωρίᾳ
3231 1979 3566 2048 περιϐαλεῖν,
3602 1978 3826 2031 διπλοῦν

2252 2054 2501 2126 μάρτυρα
2531 2057 2623 2110 τοῦ
2651 2057 2888 2127 Χριστοῦ
2913 2058 3099 2111 τοῦτον
3123 2061 3419 2131 ἀπέφηνεν,
3445 2065 3537 2114 καὶ
3566 2062 3708 2131 ὑπὲρ
3728 2062 3826 2128 τῆς

2248 2137 2443 2190 ἑαυτοῦ
2483 2140 2752 2194 ἀθανάτου
2787 2141 2963 2212 ψυχῆς
3016 2143 3328 2214 ἀθλήσαντα
3361 2146 3629 2212 γενναίως
3660 2184 3675 2207 ,
3729 2147 3826 2196 καὶ

2250 2223 2389 2294 ὑπὲρ
2420 2223 2516 2292 τῆς
2547 2225 2792 2294 ἀοιδίμου
2820 2225 3036 2296 ἐκείνης
3064 2227 3156 2280 καὶ
3192 2229 3469 2298 μακαρίας
3512 2227 3824 2297 ἀθλητικῶς

2247 2307 2360 2366 τοῖς
2400 2305 2583 2368 πόνοις
2630 2309 3132 2379 ἐγκαρτερήσαντα.
3162 2311 3253 2362 Διὸ
3301 2313 3396 2364 καὶ
3436 2311 3633 2380 διπλῆς
3658 2311 3826 2379 τιμῆς

2249 2388 2400 2458 παρά
2431 2389 2525 2442 τοῦ
2573 2391 2835 2460 Χριστοῦ,
2869 2393 3092 2446 καὶτῶν
3128 2394 3388 2463 ἀοιδίμων
3413 2397 3506 2448 καὶ
3534 2395 3826 2464 μακαρίων

2249 2473 2528 2541 στεφάνων
2574 2473 2724 2545 παρά
2752 2474 2850 2544 τῆς
2886 2473 3077 2528 τούτου
3136 2476 3547 2549 φιλανθρωπίας
3591 2477 3824 2547 ἠξιώθη.

2792 2573 3063 2626 ’ΚΕΦΑΛ.
3127 2573 3254 2627 PN’.

2249 2655 2387 2722 Περὶ
2433 2657 2842 2726 Μαγνεντίνου
2877 2657 2976 2780 κλαὶ
3030 2657 3144 2738 τῆς
3185 2657 3469 2727 γυναικὸς
3511 2657 3825 2726 τοῦ,σι·τ·ο

2859 2744 2894 2779 κ
2941 2744 3170 2780 ητικοιι.

2859 2744 3170 2792 κκητικοιι.

2332 2807 2643 2878 Ὶζμνήσθην
2687 2809 2743 2861 δὲ
2796 2809 2892 2862 καὶ
2941 2810 3105 2879 ἄλλης
3163 2811 3445 2882 ἱστορίας,
3504 2812 3602 2864 καὶ
3656 2812 3823 2864 καλὸν

2250 2891 2407 2943 τοῦτο
2445 2892 2519 2962 μὴ
2547 2891 2858 2962 παρελθεῖν.
2891 2893 3123 2961 Λέγεται
3165 2897 3292 2965 περί
3322 2895 3691 2963 Μαγνεντίνου
3728 2893 3822 2948 τοῦ

2249 2988 2538 3059 ἀντάρτου,
2568 2989 2648 3042 ὅτι
2677 2989 2900 3053 πολλαῖς
2925 2991 3168 3057 γυναιξὶν
3202 2991 3534 3060 ἐπεμίγνυτο
3574 2991 3821 3060 Ἐλληνί-

2254 3089 2358 3135 σιν,
2403 3075 2496 3126 καὶ
2520 3076 2598 3136 είς
2622 3076 2952 3144 Χριστιανάς
2983 3075 3300 3146 ἐπέρριψεν,
3331 3075 3498 3127 θέλων
3529 3075 3822 3143 ἐπιμίγνυο

2252 3155 2415 3208 σθαιο
2475 3157 2570 3211 καὶ
2619 3157 2783 3227 ᾕρουν
2822 3153 2983 3212 αὗται
3035 3158 3413 3228 άποθανείν,ή
3462 3158 3822 3226 σωφροσύνην

2253 3239 2566 3310 προδοῦναι.
2597 3240 2797 3294 Ἐλθὼν
2846 3237 2938 3295 οὗν
2979 3243 3036 3294 ἐν
3088 3244 3187 3313 μιᾷ
3225 3242 3399 3305 πόλει,
3431 3242 3647 3311 ἠράσθη
3677 3241 3822 3303 τινὸς

2251 3323 2507 3390 γυναικὸς
2538 3324 2900 3395 συγκλητικοῦ
2923 3325 3030 3378 ἀπὸ
3069 3325 3324 3394 ἐπάρχων
3351 3338 3364 3352 ·
3406 3325 3501 3377 καὶ
3561 3324 3820 3393 φοϐηθεὶς

2250 3407 2280 3458 6
2321 3407 2460 3478 ἀνὴρ
2499 3410 2691 3480 αὐτῆς,
2732 3403 2885 3462 εἷπεν
2927 3407 3076 3478 αὐτῷ
3110 3425 3125 3440 ·
3157 3407 3400 3476 Πέμψον,
3438 3403 3571 3478 ἆρον
3625 3408 3817 3476 αὐτήν.

2251 3495 2361 3547 Καὶ
2383 3491 2626 3554 ἐλθόντες
2652 3492 2700 3544 οἱ
2730 3491 3058 3562 στρατιῶται
3089 3493 3174 3543 ἐπ’
3210 3493 3398 3562 αὐτὴν,
3425 3487 3578 3544 εἶπεν
3635 3493 3817 3554 αὐτοῖς

2252 3579 2286 3648 ή
2349 3577 2485 3646 γυνή
2515 3592 2528 3607 ·
2569 3574 2886 3638 Ἐκδέξασθε
2949 3575 3144 3645 μικρὸν
3185 3577 3290 3635 ἓως
3338 3577 3706 3645 κοσμήσωμαι
3737 3576 3825 3627 τὸν

2251 3662 2457 3732 κόσμον
2491 3661 2549 3712 ἐν
2591 3653 2634 3727 ᾧ
2666 3659 2928 3728 είθίσθην.
2969 3659 3076 3711 Καὶ
3109 3656 3424 3712 εἰσελθοῦσα
3455 3661 3535 3722 είς
3563 3659 3658 3711 τὸν
3713 3676 3825 3710 κοι-

2251 3746 2398 3799 τῶνα
2419 3747 2642 3816 έαυτῆς,
2677 3743 2914 3796 λαϐοῦσα
2968 3741 3140 3811 ξίφος,
3171 3743 3309 3796 κατά
3358 3746 3464 3794 τῶν
3498 3743 3824 3811 σπλάγχνων

2253 3831 2454 3900 ἑαυτῆς
2500 3830 2780 3900 ἐνέπηξεν.
2833 3829 3254 3881 Ἀκουσάτωσαν
3302 3829 3357 3879 αἱ
3412 3827 3698 3898 παρθένοι,
3729 3826 3821 3878 καὶ

2251 3911 2687 3984 αίσχυνέσθωσαν
2732 3913 2786 3964 αί
2809 3911 3044 3982 Χριστὸν
3079 3911 3544 3981 ἐπαγγελλόμεναι
3580 3911 3820 3980 ἔχειντδν

2251 3995 2516 4065 Νυμφίον,
2537 3997 2629 4046 καὶ
2651 3998 2714 4047 ἐκ
2733 3995 2932 4064 μικρᾶς
2945 3994 3247 4064 φιληδονίας
3269 3994 3456 4046 τοῦτον
3471 3994 3814 4063 προδὸσασαι.

2263 4079 2425 4149 Ἦμῖν
2456 4079 2511 4131 δὲ
2549 4077 2658 4148 δῴη
2692 4079 2719 4128 6
2751 4079 2881 4140 θεὸς
2909 4079 3121 4148 ἑκάστῳ
3150 4078 3299 4146 μέλει
3340 4079 3513 4131 σῶσαι
3555 4080 3654 4150 τὴν
3684 4095 3820 4146 παρ-

2252 4162 2432 4215 θενίαν
2458 4178 2473 4193 ο
2511 4163 2605 4215 καὶ
2639 4161 2999 4231 ἀγαλλόμεναι
3034 4162 3169 4232 μετά
3196 4161 3287 4214 τοῦ
3319 4161 3640 4232 ίεροψάλτου
3661 4160 3785 4230 βοᾷν
3803 4177 3815 4189 ·

2252 4246 2622 4311 Καθήλωσον
2640 4246 2709 4297 ἐκ
2734 4244 2840 4298 τοῦ
2875 4245 3062 4313 φόϐου
3103 4262 3220 4299 σου
3251 4246 3356 4311 τὰς
3403 4246 3639 4312 σάρκας
3665 4261 3776 4311 μου
3799 4260 3811 4268 ·

2251 4330 2370 4384 ἀπὸ
2403 4331 2510 4398 γὰρ
2550 4328 2668 4381 τῶν
2705 4328 2997 4397 χριμάτων
3033 4343 3148 4382 σου
3195 4329 3516 4396 ἐφοϐήθην.
3549 4328 3657 4380 Καί
3688 4345 3700 4356 ·
3733 4326 3820 4380 Ζῶ

2253 4412 2321 4465 δὲ
2345 4414 2545 4466 οὐκέτι
2576 4411 2709 4477 ἐγὼ,
2751 4411 2819 4479 ζῇ
2847 4411 2916 4464 δὲ
2957 4412 3028 4464 ἐν
3058 4411 3188 4480 ἐμοὶ
3231 4413 3502 4480 Χριστός.
3527 4411 3740 4462 Γένοιτο
3767 4410 3820 4460 δὲ

579 4489 744 4558 ἔχειν.
769 4488 994 4551 Τούτοις
1023 4489 1079 4541 δὲ
1107 4491 1218 4552 τοῖς
1241 4488 1466 4556 λόγοιςή
1499 4490 1746 4558 μακαρία
1765 4491 2002 4544 πείσασα
2022 4492 2147 4552 τοὺς
2181 4494 2224 4549 Β
2254 4500 2397 4568 ἡμᾶς
2433 4498 2526 4551 καὶ
2581 4496 2740 4549 τοῦτο
2766 4495 3040 4564 νηφούσας
3065 4497 3242 4565 λέγειν
3269 4511 3283 4525 °
3329 4496 3477 4564 Ἐγὼ
3523 4494 3599 4558 τῷ
3645 4493 3822 4547 ἀδελ-

578 4570 820 4634 ἀσώτους
842 4572 977 4635 τέως
1011 4572 1358 4641 ἀπέπεμψεν.
1401 4572 1864 4641 Ἑμμελεστάταις
1911 4575 1969 4627 δέ
2025 4574 2149 4644 δεή-

581 4671 698 4708 σεσι
727 4656 816 4710 τὸν
860 4656 991 4709 θεὸν
1043 4656 1454 4726 δυσωπήσασα,
1507 4656 1602 4709 καὶ
1651 4658 2151 4729 κατανενυγμέναις

582 4739 814 4802 ἱκεσίαις
847 4739 1034 4792 τοῦτον
1055 4738 1548 4809 είςεύσπλαγχνίαν
1579 4742 1781 4793 κατέκα
1793 4741 1950 4810 μψεν.
1973 4744 2151 4813 Προσ-

578 4823 832 4894 εσχηκὼς
871 4824 1049 4878 τοίνυν
1077 4829 1104 4878 6
1131 4825 1261 4888 Θεὸς
1297 4827 1324 4878 6
1354 4829 1452 4888 τὰς
1485 4826 1696 4887 ἐννοίας
1740 4827 1914 4892 εἰδὼς,
1944 4829 2058 4891 πῶς
2087 4830 2151 4881 ἐκ

579 4911 801 4981 καρδίας
831 4913 864 4982 ή
899 4911 1132 4981 σώφρων
1157 4913 1254 4981 τῆς
1286 4913 1507 4980 ἁγνείας
1549 4911 1790 4982 ἐκήδετο,
1813 4914 1869 4966 ἐν
1915 4913 2152 4977 ἐκείναις

577 4999 694 5059 ταῖς
728 4997 954 5068 ἡμέραις
992 5000 1338 5069 ᾠκονόμησεν
1367 4999 1395 5050 6
1429 4997 1601 5066 φύλαξ
1647 4999 1744 5068 τῆς
1793 4999 2008 5052 πάντων
2060 5001 2152 5054 ἀν-

580 5081 607 5134 θ
615 5080 814 5152 ρώπων
837 5084 1110 5156 σωτηρίας
1132 5084 1331 5136 τοῖόνδε
1369 5101 1440 5137 τι.

1133 5171 1384 5223 ΚΕΦΑΛ.
1417 5169 1598 5225 ΡΜΘθ.

927 5254 1064 5321 Περὶ
1114 5252 1558 5322 Μαγιστριανοῦ
1605 5269 1790 5321 τινος.

651 5337 950 5402 Νεανίσκος
1001 5355 1082 5401 τις
1135 5337 1563 5408 Μαγιστριανὸς,
1629 5338 1826 5408 ὡραῖος
1871 5337 1948 5408 τῷ
1995 5335 2148 5400 εῖδει,

580 5421 809 5494 εὐσεϐὴς
839 5426 905 5494 τῇ
932 5423 1145 5496 γνώμῃ,
1167 5416 1209 5490 ᾧ
1239 5422 1545 5476 ἐντέθεικεν
1577 5423 1606 5474 6
1633 5422 1763 5484 Θεὸς
1786 5420 1948 5492 ζῆλον
1984 5439 2147 5473 πνευ-

584 5508 810 5575 ματικὸν
853 5508 1182 5578 πυριφλεγῆ,
1214 5508 1290 5570 ὡς
1319 5507 1411 5560 καὶ
1458 5507 1691 5560 θανάτου
1716 5505 2148 5576 καταφρονῆσαι.

579 5590 692 5644 Καὶ
724 5592 972 5662 ἀπελθὼν
1021 5593 1098 5662 τῷ
1155 5592 1394 5662 σχήματι
1436 5593 1535 5660 τῆς
1587 5590 1882 5652 ἀκολασίας
1911 5587 2152 5659 εἰσέρχε-

579 5685 668 5726 ται
706 5672 924 5744 βαθεῖαν
951 5677 1187 5747 ἐσπέραν
1227 5677 1361 5749 πρδς
1391 5676 1480 5730 τὸν
1512 5678 1774 5748 τρέφοντα
1805 5674 2027 5737 ταύτας,
2058 5673 2146 5738 κα)

582 5753 796 5812 δίδωσιν
838 5759 986 5826 αὐτῷ
1027 5761 1185 5815 πέντε
1240 5760 1571 5831 νομίσματα,
1607 5761 1700 5814 καὶ
1745 5759 1891 5829 λέγει
1949 5756 2146 5828 αὐτῷ]

2251 4581 2400 4650 φιδῷ
2417 4598 2554 4649 μου,
2587 4579 2682 4634 καί
2717 4583 2749 4633 o'
2779 4579 3140 4648 ἀδελφιδοῦς
3183 4598 3302 4648 μου
3357 4580 3504 4648 ἐμοί.
3547 4577 3666 4630 ’0τέ
3722 4576 3819 4645 μὲν

2253 4665 2501 4732 νυμφίος,
2531 4663 2620 4714 ὁτὲ
2653 4662 2709 4716 δὲ
2744 4662 2988 4730 ἀδελφὸς,
3021 4662 3107 4717 ἵνα
3137 4661 3302 4733 μηδὲν
3331 4662 3591 4731 σαρκικδν
3615 4660 3814 4728 νοῆται.

2264 4747 2386 4799 Ἐὰν
2427 4745 2535 4816 γὰρ
2570 4744 2804 4816 ἀκούσης
2859 4745 3077 4816 νύμφην
3125 4747 3218 4799 καὶ
3252 4746 3500 4815 νυμφίον,
3535 4743 3634 4813 τὴν
3660 4760 3818 4795 πνευ-

2255 4830 2490 4901 ματικὴν
2519 4831 2713 4882 ἓνωσιν
2743 4831 2840 4894 τὴν
2875 4829 3010 4898 πρὸς
3030 4831 3119 4883 τὸν
3160 4831 3376 4900 Πατέρα
3404 4829 3676 4898 σημαίνει.

2325 4916 2552 4983 Είδομεν
2574 4913 2630 4966 δὲ
2652 4915 2744 4966 καὶ
2766 4913 2958 4978 ἄλλους
2990 4916 3239 4983 Πατέρας
3266 4916 3360 4968 καὶ
3381 4915 3646 4984 μοναχοὺς
3680 4913 3816 4965 κατὰ

2253 5003 2431 5054 πᾶσαν
2481 5001 2580 5070 τὴν
2628 4999 3149 5066 Αίγυπτον,πολλάς
3178 5000 3430 5070 δυνάμεις
3476 5000 3568 5051 καὶ
3620 5000 3816 5067 σημεῖα
3859 5023 3876 5040 ι

2253 5084 2636 5146 ἐπιτελοῦντας
2673 5101 2684 5114 ·
2719 5078 2792 5136 ὧν
2833 5083 2923 5137 διὰ
2951 5084 3011 5137 τὸ
3051 5085 3251 5156 πλῆθος
3281 5084 3380 5136 οὐκ
3411 5082 3817 5153 ἐμνημονεύσα-

2256 5187 2354 5242 μεν
2375 5185 2390 5198 ·
2423 5169 2558 5223 ἀλλά
2588 5169 2743 5237 ὀλίγα
2784 5170 2907 5222 ἀντὶ
2941 5168 3150 5222 πολλῶν
3179 5167 3578 5239 διηγησάμεθα.
3599 5167 3664 5218 Τί
3713 5165 3815 5234 γὰρ

2253 5256 2317 5310 ἄν
2347 5262 2429 5318 τις
2485 5253 2629 5306 εἴποι
2661 5255 2788 5323 περὶ
2828 5252 2928 5321 τῆς
2958 5253 3231 5322 ἀνωτέρας
3264 5251 3528 5318 Θηϐαΐδος
3557 5250 3655 5317 τῆς
3681 5250 3815 5301 κατά

2254 5339 2488 5408 Συήνην,
2522 5339 2579 5390 ἐν
2621 5331 2655 5411 ᾖ
2710 5337 3152 5406 θαυμασιώτατοι
3193 5337 3383 5404 ἄνδρες
3433 5336 3808 5403 τυγχάνουσιν,

2254 5423 2346 5474 καὶ
2380 5420 2581 5489 πλῆθος
2617 5420 2865 5490 μοναχῶν
2911 5422 3175 5491 ἀπειρον;
3220 5412 3294 5473 ὧν
3345 5419 3446 5472 οὐκ
3475 5417 3539 5469 ἀν
3594 5434 3679 5478 τις
3726 5433 3806 5466 ιτιο

2256 5507 2528 5560 στεύσειεν
2581 5507 2702 5568 ταῖς
2730 5505 3043 5568 πολιτείαις,
3091 5505 3232 5574 ὑπὲρ
3281 5501 3626 5572 ἀνθρωπίνην
3678 5499 3812 5565 ζωὴν

2255 5591 2622 5662 ὑπαρχούσαις
2642 5606 2656 5619 ο
2687 5591 2736 5643 οἳ
2767 5592 2861 5642 καὶ
2892 5589 3118 5660 νεκροὺς
3142 5590 3303 5658 μέχρι
3338 5586 3437 5656 τῆς
3466 5587 3704 5654 σήμερον
3727 5585 3813 5634 ἀν-

2257 5674 2494 5735 ιστὼσιν,
2524 5673 2618 5727 καὶ
2643 5671 2751 5725 τῶν
2789 5672 2994 5726 ὑδάτων
3034 5673 3404 5726 ἐπιϐαίνουσιν
3431 5669 3620 5738 ὥσπερ
3651 5671 3679 5720 6
3716 5665 3813 5719 Πέ-

2254 5776 2403 5830 τρος,
2435 5759 2526 5812 καὶ
2565 5758 2674 5811 πᾶν
2704 5757 2731 5809 ὅ
2754 5775 2805 5810 τι
2838 5757 2902 5810 ἂν
2932 5760 2959 5812 6
2991 5755 3175 5828 Σωτὴρ
3203 5755 3289 5809 διὰ
3320 5754 3425 5809 τῶν
3461 5753 3633 5821 ἁγίων
3686 5752 3813 5804 ἀπο-
