4040 6516
254 377 387 431 1255

1492 377 1804 437 HISTORIA
1847 376 2199 437 LAUSIACA.

3314 388 3452 451 I255

239 482 538 549 sumptibus
562 493 617 537 et
644 497 740 538 suo
769 486 1061 541 ministerio
1089 490 1255 543 virum
1293 490 1463 547 alens.
1498 492 1673 547 Inveni
1701 507 1794 545 au-
1820 485 1866 543 A
1898 503 2117 557 vespere
2146 481 2438 561 ingreditur
2466 495 2530 548 ad
2559 510 2679 550 eum
2702 498 2791 566 qui
2817 498 2935 554 illas
2965 501 3140 558 alebat
3158 545 3173 571 ,
3206 512 3259 559 et
3284 506 3375 560 dat
3399 507 3454 564 ei

244 578 346 623 tem
375 570 485 624 b.ec
516 572 567 626 in
611 576 975 644 antiquissimo
1004 578 1137 632 libro
1165 582 1363 648 scripto
1403 584 1664 646 versibus,
1702 585 1792 651 qui

240 660 451 728 quidem
497 662 727 731 scriptus
765 673 880 718 erat
926 682 1085 720 manu
1150 666 1419 738 Origenis.
1494 666 1653 723 Hunc
1719 671 1790 726 li-

236 750 761 826 brum.inveni_ego
806 755 943 819 apud
988 754 1246 808 Julianam
1294 756 1547 826 virginem
1594 758 1647 812 in
1680 756 1794 813 Cte-

162 842 175 897 ;‘
241 854 411 904 sarea,
441 842 527 908 qui
554 848 607 893 et
646 843 754 910 ipse
783 842 928 914 (215)
959 844 1096 911 apud
1134 860 1250 899 eam
1290 848 1580 902 occultatus
1622 863 1788 904 eram.

236 925 457 983 Dicebat
483 939 655 983 autem
695 945 755 984 se
790 933 1054 995 accepisse
1078 948 1109 987 a
1146 934 1465 1005 Symmacho
1504 935 1792 1007 interprete

237 1018 560 1079 Judreorum.

308 1107 421 1161 Non
442 1108 539 1163 fuit
557 1120 731 1165 autem
755 1111 981 1166 alienum
1004 1116 1070 1167 ab
1088 1115 1326 1170 tﬂStituto
1346 1131 1528 1185 opere,
1553 1120 1793 1185 posuisse

238 1198 454 1253 virtutes
481 1201 663 1255 barum
693 1203 1033 1271 feminarum;
1065 1208 1159 1262 sed
1180 1215 1239 1262 ut
1267 1209 1493 1264 sciamus
1511 1249 1529 1275 ,
1557 1210 1698 1279 quod
1726 1226 1793 1266 ex

238 1290 460 1346 diversis
486 1294 853 1351 occasionibus
882 1298 1002 1352 licet
1034 1300 1246 1365 lucrari,
1269 1302 1314 1355 si
1345 1302 1584 1357 velimus.

748 1389 973 1445 CAPUT
1007 1391 1278 1447 CXLVIII.

238 1474 314 1528 De
359 1477 546 1545 femina
574 1478 720 1547 (216)
752 1480 1064 1534 nobilissima
1107 1499 1222 1552 qua
1263 1486 1360 1550 fuit
1408 1502 1603 1555 semper
1627 1503 1789 1558 virgo.

306 1566 360 1618 In
391 1566 492 1619 alio
519 1568 652 1621 libro
678 1570 1045 1638 antiquissimo
1069 1611 1084 1635 ,
1117 1574 1317 1641 scripto
1357 1575 1425 1628 ab
1466 1576 1748 1647 Hippolyto
1771 1620 1786 1643 ,

232 1654 321 1723 qui
353 1655 449 1709 fuit
478 1656 750 1713 familiaris
787 1658 1147 1728 apostolorum
1170 1699 1185 1726 ,
1214 1662 1388 1717 inveni
1419 1664 1574 1719 talem
1607 1681 1793 1720 narra-

233 1755 430 1800 tionem
458 1761 473 1802 ζ
536 1762 543 1766 ’

1892 580 2122 646 quinque
2155 583 2387 643 solidos;
2422 593 2477 637 et
2512 584 2638 639 dicit
2667 587 2716 640 ei
2743 605 2756 641 :
2779 587 3023 644 Concede
3071 592 3199 647 mihi
3231 610 3449 651 manere

1893 664 1991 721 hac
2018 676 2172 724 nocte
2198 685 2317 724 cum
2348 672 2445 725 hac
2470 673 2663 741 puella.
2695 674 2749 727 In
2797 676 2974 732 locum
3012 693 3137 748 ergo
3180 683 3450 739 occultum

1891 768 2009 809 cum
2038 773 2101 811 ea
2129 759 2395 827 ingressus
2418 801 2434 827 ,
2461 761 2588 815 dicit
2616 762 2664 816 ei
2693 780 2705 814 :
2738 763 2935 832 Surge,
2982 780 3135 819 serva
3169 778 3220 822 te
3251 771 3443 838 ipsam.

1891 844 1957 898 Et
1985 861 2102 899 cum
2133 862 2248 901 eam
2278 852 2387 904 suis
2418 851 2656 905 vestibus
2688 853 2983 919 induisset,
3030 856 3209 910 tunica
3234 896 3249 922 ,
3280 859 3450 913 cami-

1891 935 1966 988 sia
1996 937 2147 1006 (218)
2168 978 2183 1003 ,
2216 948 2268 992 et
2296 939 2575 1010 chlamyde
2600 981 2614 1007 ,
2646 952 2701 996 et
2729 943 2978 998 omnibus
3009 945 3247 1000 virilibus
3271 988 3287 1011 ,
3320 948 3451 1003 dicit

1891 1024 1975 1077 ei:
2011 1025 2293 1096 Egredere,
2322 1036 2374 1083 te
2397 1044 2601 1084 summa
2632 1031 2925 1103 chlamydis
2953 1042 3101 1101 parte
3132 1045 3449 1106 contegens.

1844 1114 2019 1179 ..θυῖε
2048 1132 2164 1170 cum
2191 1119 2265 1172 sic
2292 1118 2536 1185 fecisset,
2569 1130 2622 1175 et
2648 1135 2706 1176 se
2732 1132 2892 1176 totam
2924 1124 3077 1192 signo
3115 1128 3291 1180 crucis
3325 1144 3444 1181 tuu—

1892 1206 2114 1272 niisset,
2163 1223 2377 1276 egressa
2425 1225 2490 1264 ex
2535 1211 2627 1265 illo
2658 1212 2775 1266 loco
2819 1215 3035 1268 omnino
3066 1215 3367 1284 incorrupta
3395 1227 3452 1272 et

1893 1296 2162 1364 impolluta
2188 1339 2203 1364 ,
2235 1310 2442 1354 servata
2474 1311 2555 1355 est
2585 1304 2781 1357 Christi
2808 1306 2973 1372 gratia
3000 1345 3015 1370 ,
3050 1317 3104 1362 et
3142 1323 3305 1363 causa
3326 1309 3454 1362 ado-

1892 1385 2137 1441 lescentis
2163 1389 2251 1456 qui
2279 1405 2393 1443 eam
2419 1406 2517 1445 suo
2545 1394 2801 1460 sanguine
2823 1395 3066 1450 liberavit
3087 1412 3115 1450 a
3140 1399 3278 1466 turpi
3303 1400 3453 1454 vitio.

1893 1476 2142 1546 Sequenti
2169 1488 2342 1533 autem
2371 1482 2456 1536 die
2483 1496 2567 1535 res
2597 1483 2692 1535 fuit
2722 1485 2955 1551 cognita,
2984 1494 3038 1539 et
3063 1487 3350 1556 productus
3370 1499 3456 1551 est

1891 1565 2253 1634 Magistrianus
2283 1567 2349 1622 ad
2395 1570 2743 1624 saevissimum
2783 1573 3037 1639 judicem.
3093 1575 3223 1628 Cum
3274 1585 3452 1631 autem

1893 1669 2160 1714 strenuum
2192 1661 2387 1715 Christi
2432 1664 2687 1719 athletam
2736 1667 3091 1723 examinasset
3138 1671 3367 1740 impius,
3396 1682 3455 1728 et

1892 1752 2067 1805 omnia
2090 1752 2386 1819 didicis<et,
2415 1753 2573 1823 jussit
2600 1771 2717 1809 eum
2760 1759 2917 1824 obiici
2946 1760 3128 1814 bestiis
3158 1801 3173 1826 ,
3206 1771 3264 1815 ut
3293 1766 3454 1818 etiam

303 1837 423 1891 Fui;
449 1839 688 1906 quadam
719 1841 1044 1899 nobilissima
1074 1846 1221 1915 virgo
1267 1856 1320 1902 ει
1368 1846 1787 1916 formosissima,
1824 1850 1872 1910 Β
1898 1841 2049 1895 malis
2098 1842 2319 1897 infestus
2363 1844 2567 1898 daemon
2618 1846 2669 1898 in
2701 1862 2766 1901 eo
2811 1846 3113 1904 afficeretur
3142 1853 3449 1920 ignominia.

232 1943 349 1995 quae
376 1929 425 1982 in
457 1931 559 1983 vita
589 1946 653 1985 ex
678 1935 870 1988 virtute
898 1936 1102 2005 agenda
1134 1939 1489 1993 exercebatur
1519 1938 1784 1995 Corinthi.

234 2018 378 2072 Hanc
419 2021 510 2073 illo
540 2029 779 2091 tempore
815 2027 1120 2082 detulerunt
1164 2030 1229 2084 ad
1255 2030 1490 2097 iudicem
1511 2072 1526 2097 ,
1560 2031 1647 2100 qui
1675 2040 1792 2086 erat

230 2106 444 2172 gentilis
470 2108 521 2162 iu
552 2119 786 2179 tempore
816 2125 1232 2182 persecutorum,
1270 2127 1326 2171 ut
1348 2134 1467 2186 qua:
1490 2119 1789 2174 maledictis

235 2196 521 2253 incesseret
546 2210 600 2254 et
628 2211 885 2271 tempora,
907 2216 958 2258 et
983 2206 1329 2274 imperatores
1349 2251 1364 2274 ,
1394 2219 1447 2263 et
1477 2209 1786 2265 simulacra.

231 2289 600 2358 Prupouebant
629 2305 799 2348 autem
830 2297 942 2364 ejus
985 2298 1429 2366 pulchritudinem
1475 2302 1660 2357 harum
1702 2318 1788 2358 re-

228 2395 344 2433 rum
392 2394 776 2450 cauponatores
832 2387 992 2455 impio
1035 2388 1198 2457 judici
1228 2430 1242 2455 ,
1311 2390 1536 2448 feminas
1598 2393 1789 2448 insano

226 2484 407 2527 amore
437 2474 778 2544 depereunti;
811 2479 855 2533 is
885 2496 1036 2546 vero,
1065 2483 1272 2551 equinis
1298 2485 1513 2539 auribus
1536 2496 1589 2541 et
1629 2485 1786 2541 femi-

225 2579 324 2618 nas
355 2566 537 2622 insane
558 2571 864 2626 amantibus
891 2573 1320 2641 cogitationibus.
1346 2578 1550 2645 accepit
1587 2579 1786 2631 calum-

227 2654 366 2708 niam
396 2674 407 2707 :
441 2670 502 2711 ea
533 2668 708 2713 autem
740 2661 995 2728 producm
1033 2663 1099 2716 ad
1129 2664 1398 2718 hominem
1439 2667 1781 2733 sceleratum,

226 2744 393 2797 multo
420 2748 584 2815 magis
614 2750 794 2802 insana
822 2760 1008 2819 captus
1038 2761 1120 2807 est
1162 2754 1589 2820 intemperantia.
1627 2757 1784 2811 Post-

224 2850 383 2902 quam
414 2848 587 2891 autem
618 2840 863 2896 omnibus
882 2843 1135 2898 adversus
1162 2859 1276 2900 eam
1298 2845 1552 2901 adhibitis
1580 2847 1783 2921 machi-

224 2928 329 2992 nis,
348 2927 466 2982 huic
492 2930 579 2983 Dei
603 2931 799 2985 homini
820 2932 939 3003 (sic)
961 2937 1278 3001 persuadere
1298 2952 1401 2992 non
1419 2941 1608 3007 potuit,
1629 2940 1786 2993 variis

226 3022 502 3074 tormentis
531 3023 758 3092 subjecit
783 3024 972 3081 fortem
1002 3026 1273 3082 feminam.
1300 3029 1581 3100 Postquam
1606 3040 1781 3086 autem

225 3119 294 3160 ne
323 3107 404 3162 his
430 3111 638 3178 quidem
670 3113 720 3166 id
747 3114 887 3180 quod
921 3116 1129 3171 volebat
1157 3128 1239 3171 est
1264 3132 1571 3188 assecutus,
1607 3131 1665 3175 ut
1690 3138 1778 3192 qtu

223 3212 330 3250 non
363 3210 542 3265 posset
570 3217 683 3256 eam
727 3203 991 3259 abducere
1034 3221 1062 3261 a
1098 3207 1296 3263 Christi
1323 3210 1658 3267 confessione
1680 3254 1694 3277 ,
1730 3214 1782 3267 in
1811 3207 1858 3269 C

222 3299 341 3339 eam
370 3289 639 3345 insaniens
660 3294 912 3358 crudelis,
940 3312 1043 3350 non
1070 3299 1229 3352 tradit
1254 3312 1370 3352 eam
1403 3309 1783 3356 tormentorum

222 3380 562 3451 cruciatibus,
612 3387 708 3439 sed
750 3398 949 3441 castam
1005 3400 1055 3443 et
1109 3400 1491 3459 temperantem
1536 3391 1786 3450 feminam

224 3487 427 3536 ponens
458 3474 507 3527 in
542 3476 853 3543 prostibula,
880 3479 1037 3547 jussit
1083 3482 1131 3535 ei
1172 3484 1260 3551 qui
1305 3498 1397 3538 eas
1443 3487 1786 3555 possidebat,

222 3563 407 3617 dicens
430 3581 443 3617 :
467 3564 611 3620 lianc
631 3569 759 3621 mihi
786 3585 913 3637 cape
938 3581 991 3626 et
1017 3580 1125 3627 tres
1154 3575 1353 3629 solidos
1382 3591 1448 3631 ex
1490 3593 1552 3633 ea
1591 3581 1658 3633 ad
1704 3595 1789 3636 me

221 3654 374 3707 defer
418 3659 671 3723 quotidie.
718 3658 766 3711 Is
812 3671 987 3715 autem
1029 3678 1216 3717 aurum
1268 3668 1486 3735 exigens
1532 3685 1595 3724 ex
1643 3673 1785 3739 turpi

221 3742 466 3805 actione,
499 3759 614 3797 eam
649 3748 860 3800 tradidit
900 3751 1203 3808 volentibus
1244 3756 1296 3807 in
1326 3755 1538 3811 officina
1581 3760 1788 3815 abomi-

222 3833 385 3885 nandi
415 3832 612 3902 flagitii.
640 3835 772 3890 Cum
806 3840 920 3893 haec
941 3855 1065 3906 ergo
1088 3844 1358 3898 novissent
1394 3848 1484 3916 qui
1532 3852 1790 3905 teneban-

223 3930 316 3977 tur
365 3925 550 3979 insano
588 3942 769 3983 amore
812 3932 1128 3999 mulierum,
1176 3938 1480 3993 assidebant
1514 3943 1788 3997 scelerata:

220 4016 374 4068 exitii
399 4016 644 4083 officium,
678 4023 979 4078 mercedem
1024 4026 1216 4083 dantes
1262 4030 1558 4087 inhonestae
1597 4050 1789 4103 opera-

224 4108 407 4160 tionis.
452 4108 539 4161 Illa
584 4119 759 4165 autem
793 4115 938 4183 virgo
986 4115 1356 4176 honestissima
1406 4133 1461 4178 et
1507 4122 1558 4179 in
1606 4128 1790 4193 primis

222 4201 567 4267 veneranda,
611 4212 666 4255 et
710 4206 871 4259 verba
918 4208 983 4259 ad
1029 4210 1396 4278 deceptionem
1456 4217 1785 4289 deﬂectens,

220 4290 532 4357 suppliciter
556 4295 633 4347 eis
663 4295 891 4363 dicebat,
920 4315 1148 4369 rogans:
1182 4304 1360 4360 llabeu
1400 4309 1549 4363 ulcus
1576 4312 1624 4362 in
1672 4312 1789 4367 loco

219 4379 468 4445 occulto,
515 4384 653 4449 quod
694 4386 991 4442 mirandum
1034 4392 1085 4443 in
1130 4396 1340 4448 modmn
1374 4400 1511 4452 male
1549 4401 1655 4455 olet
1682 4440 1698 4462 .
1739 4410 1791 4456 et

224 4468 391 4523 timeo
430 4487 497 4526 ne
540 4488 634 4528 vos
679 4477 782 4530 mei
813 4480 988 4533 odium
1020 4484 1192 4549 capiat
1224 4498 1437 4554 propter
1468 4491 1614 4543 ulcus
1645 4506 1791 4546 aver-

1892 1926 2022 1980 Nam
2053 1942 2169 1981 cum
2200 1930 2555 1985 existimasset
2586 1933 2753 1987 virum
2786 1931 2975 1989 fortem
3007 1938 3059 1991 in
3091 1939 3345 1994 nefarium
3371 1941 3455 1996 in-

1888 2015 2052 2084 jicere
2091 2018 2421 2087 supplicium,
2447 2036 2568 2075 eum
2596 2023 2772 2077 effecit
2802 2025 2996 2091 duplici
3029 2026 3113 2097 [F.
3143 2029 3450 2102 dupliciter]

1889 2104 2084 2159 Christi
2125 2117 2434 2177 martyrem,
2465 2119 2521 2163 ut
2548 2113 2636 2180 qui
2662 2121 2714 2166 et
2744 2128 2838 2181 pro
2872 2129 2965 2168 sua
2993 2104 3167 2169 anima
3196 2121 3453 2186 praeclare

1890 2195 2261 2261 decertaverit,
2281 2207 2336 2253 et
2352 2214 2448 2268 pro
2470 2202 2555 2255 illa
2574 2202 2723 2256 beata
2744 2204 2793 2257 in
2814 2205 3079 2260 laboribus
3100 2220 3316 2264 strenue
3333 2225 3454 2278 per-

1890 2290 2227 2342 severaverit.
2247 2289 2500 2355 Quocirca
2518 2291 2712 2360 duplici
2735 2296 2937 2349 honore
2952 2306 3005 2349 et
3020 2295 3225 2351 duabus
3245 2299 3456 2368 insigni-

1890 2375 1989 2433 bus
2016 2380 2228 2436 coronis
2256 2382 2446 2450 dignus
2474 2392 2555 2437 est
2584 2382 2793 2437 habitus
2820 2400 2849 2438 a
2882 2385 3075 2441 Christi
3103 2388 3449 2457 benignitate.

2475 2494 2699 2550 CAPUT
2748 2496 2856 2550 CL.

2247 2583 2320 2638 De
2351 2600 2508 2639 uxore
2537 2583 2684 2655 (219)
2711 2586 2802 2639 viri
2836 2587 3103 2642 senatorii.

1958 2672 2167 2728 Memini
2197 2684 2373 2730 autem
2401 2677 2620 2731 alterius
2651 2692 2862 2747 quoque
2897 2678 3152 2746 historiae,
3179 2690 3232 2735 et
3253 2682 3450 2738 bonum

1888 2775 1969 2820 est
1997 2781 2111 2820 eam
2138 2781 2240 2820 non
2268 2768 2560 2835 praeterire.
2587 2768 2791 2823 Dicitur
2819 2769 2885 2825 de
2915 2770 3247 2839 Magnentino
3276 2772 3455 2827 insur-

1888 2864 2123 2921 rectore,
2161 2856 2303 2925 quod
2345 2856 2601 2911 habuerat
2634 2859 2805 2926 stupri
2853 2860 3291 2915 consuetudinem
3322 2876 3449 2917 cum

1888 2947 2068 3002 multis
2086 2948 2394 3017 gentilibus,
2420 2957 2473 3001 et
2496 2948 2733 3002 animum
2759 2949 3031 3018 adjecerat
3062 2960 3120 3004 ut
3146 2965 3259 3006 rem
3285 2952 3449 3009 etiam

1888 3038 2105 3094 haberet
2145 3055 2264 3095 cum
2305 3040 2649 3106 Christianis;
2683 3056 2761 3096 ea;
2796 3051 2972 3097 autem
3019 3044 3284 3098 malebant
3314 3047 3452 3099 mori

1887 3147 2043 3201 quam
2092 3134 2320 3200 prodere
2367 3132 2700 3201 pudicitiam.
2750 3134 2882 3188 Cum
2936 3148 3064 3202 ergo
3115 3136 3352 3190 venisset
3396 3138 3449 3191 in

1888 3240 2042 3277 unam
2067 3223 2275 3288 urbem,
2300 3225 2497 3277 amavit
2518 3225 2799 3293 quamdam
2826 3240 3044 3280 uxorem
3069 3227 3167 3280 viri
3196 3230 3451 3282 senatorii

1888 3328 1953 3368 ex
1986 3314 2266 3382 praefectis.
2307 3314 2521 3368 Timore
2562 3323 2741 3369 autem
2787 3313 3009 3369 affectus
3045 3317 3161 3382 ejus
3191 3318 3450 3383 maritus,

1888 3408 2018 3463 dixit
2045 3410 2091 3462 ei
2122 3425 2134 3460 :
2170 3409 2319 3462 Mette
2339 3448 2352 3472 ,
2387 3408 2513 3462 tolle
2540 3423 2678 3460 eam.
2707 3408 2835 3461 Cum
2867 3418 3047 3462 autem
3081 3411 3355 3464 venissent
3383 3411 3451 3465 ad

1887 3514 2003 3553 eam
2031 3501 2247 3564 milites,
2277 3498 2410 3552 dixit
2433 3499 2512 3553 eis
2541 3499 2730 3552 mulier
2757 3514 2771 3550 :
2802 3499 3121 3565 Exspectate
3169 3515 3455 3568 parumper

1888 3592 2057 3646 donec
2087 3592 2337 3644 mundum
2380 3605 2553 3644 meum
2580 3604 2895 3657 componam
2920 3630 2935 3655 ,
2963 3591 3046 3644 cui
3073 3606 3188 3643 sum
3221 3602 3451 3646 assueta.

1889 3682 2125 3750 Ingressa
2159 3690 2330 3769 quiem
2360 3697 2511 3737 suum
2536 3683 2726 3746 cubile,
2759 3692 2979 3749 accepto
3008 3697 3160 3750 ense,
3185 3700 3304 3738 eum
3336 3685 3453 3738 suis

1888 3772 2056 3825 infixit
2095 3773 2405 3827 visceribus.
2455 3771 2684 3825 Audiant
2730 3771 2961 3841 virgines
3000 3782 3050 3826 et
3097 3773 3453 3841 erubescant,

1888 3880 2003 3933 que
2054 3867 2363 3932 profitentur
2410 3880 2468 3918 se
2513 3864 2782 3918 Chrisum
2837 3864 3035 3919 habere
3080 3878 3366 3932 sponsum,
3399 3874 3455 3921 et

1889 3971 2045 4025 prava
2076 3973 2195 4011 eum
2225 3956 2448 4024 produnt
2477 3956 2713 4011 libidine.
2744 3955 2905 4010 Nobis
2926 3967 3101 4010 autem
3129 3957 3221 4012 det
3245 3958 3456 4011 unicui-

1889 4063 1989 4115 que
2016 4048 2151 4101 Deus
2178 4062 2390 4102 servare
2419 4048 2797 4115 virginitatem,
2842 4056 2895 4100 et
2921 4048 3317 4103 exsultantibus
3341 4050 3454 4104 cla-

1889 4156 2033 4194 mare
2079 4156 2197 4193 cum
2243 4140 2644 4209 psalmograpbo
2687 4158 2700 4192 :
2748 4140 2966 4210 Confige
3014 4141 3066 4193 iu
3125 4142 3313 4194 timore
3365 4150 3456 4195 tuo

1889 4246 2075 4284 carnes
2098 4246 2239 4284 meas
2263 4249 2276 4283 :
2303 4247 2330 4284 a
2347 4231 2559 4300 judiciis
2585 4232 2726 4285 enim
2752 4232 2854 4284 tuis
2877 4231 3023 4284 timui
3049 4228 3219 4301 (Psaf.
3239 4233 3451 4300 cxviu).

1893 4320 2152 4373 Et:Vivo
2223 4328 2403 4374 autem
2449 4318 2556 4389 jam
2615 4336 2721 4375 non
2777 4336 2914 4391 ego,
2984 4319 3117 4372 vivit
3140 4334 3265 4373 vero
3294 4319 3344 4372 in
3371 4333 3456 4372 me

1890 4410 2131 4466 Christus
2156 4409 2349 4481 (Calai.
2376 4410 2461 4477 ιι).
2493 4410 2829 4464 Concedatur
2858 4419 3032 4463 autem
3060 4418 3118 4463 ut
3138 4424 3232 4463 vos
3247 4424 3457 4479 quoque

1894 4503 2079 4557 dicatis
2110 4501 2301 4555 sobria:
2327 4517 2341 4553 :
2377 4501 2485 4568 Ego
2515 4501 2736 4569 patrueli
2768 4515 2907 4565 meo,
2937 4510 2991 4554 et
3023 4501 3278 4569 patruelis
3302 4516 3454 4555 meus

220 4559 484 4628 sandutn;
525 4566 800 4621 concedite
845 4584 971 4637 ergo
1016 4574 1143 4626 mihi
1178 4591 1373 4644 paucos
1400 4580 1514 4634 dies
1535 4622 1549 4645 ,
1578 4594 1633 4637 et
1667 4595 1790 4640 tunc
1818 4578 1871 4638 D
1895 4603 1975 4648 est
2006 4592 2154 4657 mihi,
2180 4592 2462 4659 aliquando
2487 4591 2697 4658 quidem
2728 4606 2980 4655 sponsus,
3008 4592 3292 4660 aliquando
3320 4607 3447 4643 vero

220 4650 405 4705 licebit
439 4656 586 4709 vobis
615 4659 695 4711 vel
726 4675 808 4713 me
834 4661 1027 4717 habere
1073 4667 1259 4735 gratis.
1310 4670 1399 4724 llis
1450 4674 1626 4729 verbis
1673 4691 1792 4743 per-

218 4757 413 4799 suasus
462 4748 878 4818 intemperantes
922 4759 1240 4813 amaudabat
1290 4762 1443 4817 beata
1500 4782 1515 4818 :
1561 4770 1789 4825 assiduis

218 4846 403 4889 autem
434 4840 677 4905 precibus
704 4842 865 4896 Deum
896 4848 1144 4913 placans,
1192 4860 1246 4904 et
1292 4859 1626 4919 compunctis
1657 4874 1789 4927 sup-

224 4924 602 4993 plicatiooibus
636 4946 755 4985 eum
791 4933 1000 4991 inflexit
1028 4940 1093 4992 ad
1128 4943 1569 5002 misericordiam.
1593 4924 1788 5006 Atten-

200 5018 361 5071 .dens
405 5034 530 5088 ergo
578 5021 718 5076 Deus
765 5026 854 5093 qui
907 5030 1054 5082 novit
1098 5017 1476 5104 cogitationes,
1523 5042 1789 5106 quomodo

136 5178 155 5187 ο
220 5120 370 5162 casta
398 5111 662 5178 pudicitia:
685 5128 865 5169 curam
894 5122 1111 5185 gerebat
1138 5139 1201 5175 ex
1229 5127 1431 5189 animo,
1462 5129 1514 5183 in
1543 5131 1647 5185 illis
1679 5134 1792 5189 die-

165 5253 176 5267 ,
215 5199 324 5252 bus
355 5215 448 5268 pro
469 5202 637 5257 salute
663 5206 895 5259 omnium
925 5211 1027 5261 tale
1058 5212 1181 5279 quid
1212 5220 1430 5273 struxit.

769 5296 991 5354 CAPUT
1034 5302 1260 5359 CXLIX.

684 5384 755 5438 De
786 5386 835 5437 Μ
843 5390 1120 5458 agistriano
1161 5394 1215 5465 (2
1228 5397 1332 5466 Π).

298 5471 518 5539 Quidam
543 5466 850 5532 adolescens
875 5480 1267 5550 Magistrianus,
1295 5492 1475 5557 specie
1502 5494 1787 5565 formosus,

217 5572 403 5617 mente
432 5565 570 5632 pius,
594 5567 677 5620 cui
706 5566 843 5622 Deus
868 5572 1038 5629 zelum
1067 5576 1290 5631 immisit
1328 5583 1624 5649 spiritalem
1652 5589 1788 5644 adeo

216 5655 534 5722 ardentem,
588 5668 643 5711 ut
689 5661 846 5712 etiam
887 5674 1112 5719 mortem
1160 5678 1637 5733 contemneretzis
1667 5695 1786 5736 cum

214 5754 485 5815 praetextu
535 5746 951 5818 intemperantiae
1002 5769 1067 5810 eo
1113 5763 1473 5833 accessisset,
1525 5770 1787 5834 profundo

1893 4684 2077 4746 frater,
2105 4692 2160 4737 ut
2196 4682 2325 4736 nihil
2359 4681 2617 4750 cogitetur
2658 4681 2871 4736 carnale
2895 4679 3069 4750 (Cant.
3103 4678 3197 4749 γι).
3224 4679 3279 4733 Si
3309 4680 3452 4733 enim

1892 4774 2121 4827 audieris
2164 4786 2415 4841 sponsum
2442 4780 2498 4825 et
2526 4786 2775 4839 sponsam
2804 4810 2819 4834 ,
2849 4770 3111 4838 significat
3152 4769 3447 4838 spiritalem

1892 4869 2136 4924 unionent
2158 4882 2278 4920 cum
2306 4876 2471 4933 patre.
3172 4922 3173 4925 η

1962 4959 2200 5014 Vidimus
2241 4964 2417 5010 autem
2461 4954 2593 5008 alios
2628 4967 2837 5022 quoque
2868 4952 3052 5006 Patres
3079 4960 3132 5005 et
3164 4949 3455 5005 monachos

1896 5065 1987 5120 per
2014 5060 2174 5104 totam
2196 5048 2502 5118 )Egyptum,
2535 5046 2726 5099 multas
2752 5046 2972 5098 virtutes
2998 5053 3052 5097 et
3077 5044 3225 5111 signa
3256 5042 3458 5097 facien-

1896 5151 1999 5205 tes,
2028 5157 2251 5211 quorum
2284 5157 2388 5193 non
2419 5140 2754 5193 meminimus
2786 5148 2999 5205 propter
3034 5136 3454 5198 multitudinem,

1893 5233 1986 5286 sed
2021 5246 2178 5299 pauca
2211 5245 2302 5298 pro
2329 5230 2507 5282 multis
2535 5229 2865 5281 narravimus
2891 5226 3085 5295 (Ra/7.,
3114 5227 3152 5281 l.
3182 5241 3239 5289 It,
3264 5227 3317 5278 in
3345 5228 3459 5292 epi-

1896 5324 2056 5395 logo).
2090 5323 2223 5391 Quid
2254 5321 2392 5376 enim
2446 5321 2639 5374 dixerit
2678 5319 2865 5388 aliquis
2909 5319 2976 5373 de
3016 5318 3277 5386 superiori
3317 5317 3458 5371 The-

1897 5416 2051 5470 baide
2076 5431 2193 5483 quae
2221 5426 2302 5468 est
2331 5429 2425 5481 per
2449 5414 2676 5482 Syeuem
2696 5452 2712 5477 ,
2764 5412 2816 5464 iu
2863 5426 2964 5477 qua
2996 5419 3119 5463 sunt
3164 5411 3259 5463 viri
3304 5411 3457 5463 valde

1896 5505 2253 5566 admirabiles,
2285 5514 2337 5557 et
2366 5504 2641 5556 multitudo
2673 5504 3049 5555 monachorum
3074 5502 3299 5577 infinita,
3323 5518 3456 5569 quo-

1895 5613 2012 5651 rum
2054 5612 2161 5650 non
2207 5594 2494 5650 crediderit
2542 5594 2733 5662 aliquis
2781 5594 2901 5646 vita:
2946 5592 3215 5654 instituta,
3252 5601 3306 5644 ut
3336 5607 3454 5660 quae

1895 5688 2055 5741 vitam
2110 5688 2391 5741 humanam
2436 5693 2689 5753 superant
2725 5700 2737 5737 :
2771 5686 2856 5751 qui
2906 5685 3064 5738 etiam
3118 5693 3354 5738 mortuos
3397 5682 3454 5738 iu

1894 5778 2204 5834 hodiernam
2238 5791 2404 5847 usque
2424 5777 2563 5831 diem
2594 5775 2868 5844 suscitant,
2896 5783 2947 5830 et
2974 5789 3135 5845 Super
3157 5788 3320 5844 aquas
3340 5786 3458 5828 amo
