4040 6534
606 390 742 446 1255

2041 372 2357 427 PALLADH

3712 380 3849 435 11.35

598 506 777 560 bulant
800 546 815 569 ,
843 506 978 561 sicut
1007 506 1229 572 Petrus;
1260 515 1313 562 et
1344 507 1597 578 quidquid
1629 483 1879 564 Sers'ator
1908 523 2002 576 per
2033 521 2152 559 san-
2182 508 2231 566 Α
2257 503 2489 557 raruisse
2512 545 2524 566 ,
2572 512 2625 557 et
2670 502 2853 559 itidem
2902 500 3021 558 eum
3064 506 3334 575 jejunaret
3358 546 3373 568 ,
3427 506 3683 561 affectum
3738 523 3845 561 non

597 606 711 651 ctus
754 596 932 651 eﬂ‘eeit
977 598 1282 663 apostolus,
1314 614 1374 652 ea
1404 612 1544 651 nunc
1571 614 1782 667 quoque
1832 598 2016 653 eflicit.
2050 596 2155 650 Sed

597 688 716 756 quia
746 702 990 757 magnum
1022 687 1335 742 imminebat
1375 687 1664 753 periculum
1694 734 1707 755 ,
1759 690 1803 743 si
1850 690 1984 743 ultra
2014 689 2159 759 Lyco

597 775 962 837 transiremtts,
989 785 1201 844 propter
1224 778 1485 830 latronum
1511 779 1884 846 irruptionem,
1911 795 2014 832 non
2039 779 2155 832 ausi

594 880 776 919 stnnus
803 865 983 919 videre
1027 865 1141 919 illos
1188 873 1417 920 sanctos.
1450 867 1631 936 Neque
1670 869 1812 923 enim
1871 869 2155 935 prtedictos

597 956 777 1008 Patres
824 954 1050 1008 vidimus
1100 955 1215 1008 sine
1262 956 1531 1023 periculo,
1584 973 1756 1024 neque
1807 959 1922 1012 sine
1976 958 2159 1012 labore

593 1046 891 1111 aspeximus
916 1059 1095 1099 sacras
1121 1045 1212 1098 has
1236 1045 1459 1099 feminas
1480 1063 1494 1098 :
1518 1047 1609 1100 sed
1635 1046 1793 1100 multa
1818 1049 1965 1115 prius
1992 1048 2154 1115 passi,

590 1146 644 1189 et
673 1135 1053 1203 propemodum
1083 1136 1387 1204 periclitati.
1420 1138 1504 1190 vix
1534 1139 1766 1193 assecuti
1797 1155 1977 1192 sumus
2006 1148 2065 1193 ut
2091 1154 2153 1193 ea

589 1226 908 1280 videremus.
943 1226 1150 1295 Septies
1179 1227 1319 1281 enim
1368 1229 1421 1281 in
1466 1239 1692 1284 mortem
1740 1233 2051 1294 incidimus;
2103 1231 2156 1283 in

588 1328 779 1370 octavo
806 1326 979 1371 autem
1015 1320 1209 1371 malntn
1242 1334 1339 1373 nos
1369 1335 1472 1375 non
1503 1324 1706 1390 attigit,
1740 1338 1861 1377 cum
1896 1324 2031 1377 Deus
2058 1339 2155 1376 nos

587 1410 804 1462 omnino
846 1418 1136 1464 servasset.
1166 1410 1344 1465 Semel
1380 1413 1524 1467 enim
1558 1416 1793 1483 quinque
1831 1414 1945 1468 dies
1974 1426 2027 1470 et
2056 1432 2154 1468 no-

586 1510 698 1555 ctes
725 1502 1060 1556 ambulantes
1090 1518 1185 1571 per
1214 1504 1554 1557 solitudinem
1574 1546 1587 1568 ,
1620 1504 1758 1559 fame
1793 1514 1848 1559 et
1874 1507 1958 1560 siti
1991 1522 2153 1574 prope

586 1591 782 1647 fuimus
826 1595 1130 1647 exanimati.
1184 1595 1486 1663 Aliquando
1535 1606 1712 1650 autem
1764 1598 1815 1651 in
1865 1609 2042 1652 acutas
2102 1607 2155 1652 et

585 1697 803 1750 asperas
831 1683 1049 1751 paludes
1084 1685 1410 1751 incidentes,
1443 1696 1496 1741 et
1534 1687 1695 1754 pedes
1726 1698 1938 1742 nostros
1970 1689 2155 1758 perlo—

586 1784 787 1838 rantes,
816 1784 871 1827 ut
899 1774 1109 1829 dolores
1133 1785 1314 1829 essent
1342 1778 1731 1841 intolerabiles,
1770 1780 2151 1847 propemodum

2259 594 2443 658 fuisse,
2474 596 2659 663 utqui,
2685 605 2741 648 ut
2768 596 3023 662 arbitror,
3045 598 3262 651 vicisset
3287 597 3661 659 affectionem.
3684 598 3845 667 longe

2258 695 2520 738 remotum
2552 685 2619 738 ab
2648 684 2862 737 avaritia
2888 725 2901 746 ,
2934 694 3243 739 contentum
3290 700 3509 755 semper
3553 698 3843 751 praesenti-

2238 774 2375 837 obus,
2412 788 2513 827 non
2542 788 2599 827 se
2629 783 2910 827 ornantem
2944 776 3179 828 vestibus
3198 818 3212 841 ,
3242 785 3611 845 contemptum
3638 781 3846 847 gratias

2257 876 2523 934 agentem.
2560 880 2656 934 pro
2683 866 2947 934 germanis
2993 868 3177 921 amicis
3218 869 3452 936 pericula
3502 870 3843 932 adeuntem,

2258 956 2528 1010 daemones
2553 966 2827 1025 expertum
2862 957 2977 1022 plus
3004 974 3161 1027 quam
3191 959 3388 1014 millies
3408 1000 3422 1023 ,
3458 960 3596 1013 adeo
3622 971 3686 1013 ut
3713 977 3843 1028 quo-

2257 1043 2378 1097 dam
2420 1044 2506 1099 die
2542 1060 2663 1099 cum
2694 1060 2761 1101 eo
2788 1046 2998 1100 dmmnn
3030 1058 3216 1115 pactus
3238 1050 3345 1114 sit,
3375 1058 3429 1103 et
3457 1051 3666 1103 dixerit
3694 1068 3711 1102 :
3741 1050 3845 1103 Pa-

2257 1133 2458 1189 cis-rere
2507 1150 2712 1189 mecum
2764 1147 2813 1190 te
2863 1138 2943 1191 vel
2974 1140 3139 1193 semel
3183 1150 3562 1207 peccaturum,
3591 1152 3648 1193 et
3681 1158 3841 1207 quam

2257 1225 2386 1279 mihi
2415 1226 2465 1278 in
2496 1227 2593 1280 hac
2619 1226 2724 1280 vita
2750 1226 2948 1281 dixeris
2974 1271 2990 1293 ,
3022 1230 3101 1282 vel
3152 1231 3381 1285 nobilem
3409 1277 3424 1298 ,
3472 1234 3558 1287 vel
3611 1234 3841 1288 divitem

2256 1327 2373 1367 eam
2397 1314 2463 1367 ad
2488 1325 2541 1370 te
2568 1316 2848 1371 adducam.
2882 1319 2943 1370 Et
2986 1334 3170 1373 rursus
3208 1335 3326 1374 cum
3368 1325 3669 1392 aliquando
3714 1341 3845 1390 qua.

2257 1405 2551 1459 tuordecnn
2621 1420 2805 1460 noctes
2866 1422 2986 1461 cum
3030 1424 3096 1462 eo
3146 1412 3542 1479 depugnasset,
3599 1422 3663 1467 ut
3714 1416 3845 1469 mihi

2256 1498 2513 1558 narravit,
2542 1504 2597 1550 et
2627 1506 2785 1549 not-tu
2819 1500 2953 1564 pede
2983 1500 3257 1562 traxisset,
3282 1502 3455 1568 ipsum
3498 1512 3585 1556 est
3626 1503 3839 1557 allocu-

2257 1593 2364 1651 tus,
2409 1587 2631 1641 dicens:
2658 1588 2773 1643 Noli
2805 1591 3028 1644 adorare
3067 1589 3372 1658 Christum,
3426 1602 3481 1647 et
3532 1594 3599 1648 ad
3637 1604 3696 1648 te
3736 1611 3841 1651 non

2256 1676 2525 1730 accedam.
2558 1677 2602 1730 Is
2630 1679 2976 1745 respondens,
3010 1679 3146 1735 dixit
3175 1699 3189 1733 :
3224 1682 3514 1750 Propterea
3546 1700 3683 1738 eum
3711 1688 3843 1739 ado-

2256 1784 2339 1833 ro,
2366 1781 2419 1822 et
2446 1770 2918 1826 innumerabilibus
2945 1773 3173 1841 amplius
3206 1775 3442 1841 partibus
3470 1777 3798 1845 gloriﬁcaba
3822 1822 3841 1845 ,

584 1860 779 1932 frigore
801 1864 968 1917 enecti
999 1878 1198 1917 sumus.
1238 1866 1418 1919 Tertio
1448 1876 1623 1919 autem
1650 1882 1804 1922 emno
1824 1869 1888 1920 ad
1915 1869 2148 1923 lumbum
2182 1858 2227 1918 Β
2253 1868 2306 1913 et
2329 1862 2524 1929 szrpius
2550 1863 2748 1929 orabo,
2782 1867 3029 1931 quoniam
3061 1866 3175 1933 ejus
3206 1868 3378 1919 cultus
3400 1878 3452 1920 te
3476 1867 3621 1919 male
3654 1870 3843 1923 habet.

582 1966 749 2020 usque
793 1952 1129 2016 inhaesimus,
1164 1963 1217 2008 et
1249 1970 1350 2007 non
1393 1964 1509 2009 erat
1536 1957 1623 2025 qui
1668 1958 1934 2025 eriperet;
1975 1970 2028 2012 et
2057 1960 2150 2011 has

582 2039 720 2096 beati
767 2042 926 2095 David
960 2058 1116 2097 voces
1146 2046 1562 2100 exelamavimus
1590 2066 1601 2100 :
1630 2050 1850 2103 Salvum
1907 2064 1991 2102 me
2034 2046 2148 2113 fac,

584 2130 809 2185 Domine
839 2132 1001 2195 Deus,
1029 2134 1272 2201 qminiam
1310 2136 1560 2205 ingressa:
1583 2147 1701 2191 sunt
1724 2153 1873 2204 aqua:
1897 2153 2061 2205 usque
2084 2138 2151 2192 ad

581 2224 810 2276 animant
856 2238 1047 2280 meam.
1084 2226 1277 2278 lnlixus
1304 2242 1417 2279 sum
1465 2229 1517 2281 in
1567 2228 1730 2282 lutum
1781 2230 2062 2296 profundi,
2097 2240 2151 2285 et

582 2329 685 2366 non
729 2321 813 2367 est
864 2314 1157 2369 substantia
1187 2315 1356 2386 (Psal.
1392 2318 1614 2389 vattt);
1661 2329 1751 2384 et,
1796 2321 1957 2375 Serva
1998 2338 2082 2377 me
2120 2337 2148 2377 a

582 2404 711 2469 luto,
735 2413 794 2458 ut
824 2420 889 2459 ne
920 2406 1127 2475 inligar.
1154 2408 1407 2474 Quartum
1437 2420 1614 2464 autem
1645 2410 1743 2464 fuit
1774 2428 1924 2481 aqua:
1964 2418 2141 2468 multi-

581 2498 705 2550 tudo
733 2512 851 2566 qua:
879 2498 1085 2552 afﬂuxtt
1133 2515 1196 2553 ex
1230 2499 1327 2553 Nili
1374 2501 1742 2567 incremento,
1774 2519 1893 2557 cum
1925 2516 2151 2573 quatuor

577 2586 691 2640 dies
720 2602 810 2653 per
850 2603 1015 2657 aquas
1043 2590 1436 2645 ambularemus
1468 2609 1482 2646 :
1509 2602 1565 2647 et
1592 2593 1644 2647 in
1673 2593 1826 2649 ostiis
1867 2610 2150 2663 propemo-

577 2676 704 2729 dum
748 2678 971 2733 obrutis.
1001 2679 1148 2733 Tunc
1196 2681 1580 2749 clatnavitnus,
1624 2683 2002 2740 dicenteszNe
2052 2701 2150 2741 nos

578 2765 849 2834 demerget
881 2776 1166 2837 tempestas
1190 2785 1364 2839 aqum,
1397 2788 1495 2827 nec
1536 2789 1621 2828 me
1663 2776 1883 2830 devoret
1934 2776 2151 2847 profun-

577 2853 702 2908 dunt
734 2853 906 2925 (Psal.
933 2861 1139 2927 vant).
1174 2859 1370 2927 Quinto
1397 2872 1571 2915 autem
1598 2863 1879 2918 incidimus
1912 2866 1962 2919 in
1989 2868 2151 2921 latro-

578 2961 670 3001 nes
698 2946 749 3001 in
783 2948 962 3004 littore
992 2952 1152 3003 maris
1179 2991 1192 3011 ,
1239 2952 1509 3007 venientes
1540 2953 1591 3007 itt
1636 2953 1855 3011 Diolcon
1884 2975 1897 3009 :
1932 2959 2019 3027 qui
2052 2974 2150 3012 nos

579 3037 738 3090 etiam
768 3052 1003 3108 eousque
1030 3050 1155 3094 sunt
1187 3045 1448 3109 peraceuti
1472 3088 1485 3110 ,
1516 3046 1755 3099 volentes
1791 3049 2149 3114 compreheno

580 3128 740 3193 dere,
774 3130 943 3185 donec
969 3132 1122 3186 nobis
1155 3149 1349 3201 parvus
1378 3136 1768 3204 relinqueretur
1806 3139 2055 3207 spiritus,
2088 3149 2150 3194 ut

2255 1947 2310 1999 In
2337 1960 2544 2003 centum
2577 1960 2632 2004 et
2656 1967 2746 2005 sex
2784 1952 2931 2007 venit
2972 1953 3218 2007 civitates
3244 1998 3258 2021 ,
3303 1964 3357 2008 et
3390 1956 3441 2009 in
3474 1957 3737 2023 plurimis
3764 1969 3847 2012 est

2251 2039 2410 2093 eiam
2438 2041 2618 2109 aliquo
2644 2052 2884 2111 tempore
2916 2053 3181 2101 versatus.
3216 2045 3454 2099 Mulieris
3483 2047 3699 2100 nullam
3745 2049 3843 2099 ba-

2253 2128 2361 2182 buit
2393 2133 2772 2198 experientiam
2801 2174 2815 2198 ,
2860 2150 2926 2189 ne
2966 2137 3018 2190 in
3048 2138 3251 2190 somnis
3279 2138 3497 2206 quidem
3524 2178 3541 2200 .
3575 2139 3691 2192 nisi
3720 2141 3765 2192 si
3790 2156 3849 2193 se

2251 2222 2541 2275 somniaret
2570 2238 2598 2275 a
2640 2222 2883 2278 daemone
2931 2223 3303 2280 fornicationis
3346 2230 3683 2296 oppugnari.
3736 2230 3843 2283 Ter

2250 2326 2371 2365 eum
2417 2313 2537 2366 novi
2579 2313 2712 2367 cibis
2756 2316 3079 2386 indigentem
3130 2321 3401 2374 esculenta
3448 2322 3749 2389 accepisse
3782 2326 3849 2376 ab

2250 2404 2457 2472 angelo.
2488 2406 2727 2470 Quodam
2754 2407 2842 2461 die
2868 2423 2988 2463 cum
3034 2411 3083 2462 in
3121 2420 3366 2464 extrema
3417 2414 3729 2467 solitudine
3779 2430 3847 2469 ne

2253 2495 2440 2550 micam
2468 2499 2678 2566 quidem
2711 2500 2963 2565 haberet,
3011 2503 3214 2557 invenit
3260 2505 3311 2557 in
3364 2505 3503 2572 pelle
3537 2507 3706 2559 ovina
3739 2517 3847 2560 tres

2254 2600 2418 2653 panes
2448 2588 2649 2643 calidos
2683 2591 3051 2658 paxantidios;
3080 2594 3367 2661 aliquando
3419 2612 3614 2647 rursus
3665 2599 3844 2650 vinum

2251 2683 2303 2728 et
2328 2677 2858 2747 panem;aliquando
2887 2695 3071 2735 rursus
3143 2681 3291 2735 venit
3359 2678 3431 2733 ad
3493 2694 3631 2732 cum
3699 2692 3837 2743 vox,

2250 2766 2432 2822 dicens
2454 2786 2467 2820 :
2493 2769 2623 2823 Novi
2652 2770 2741 2823 tibi
2766 2771 2962 2825 deesse
2984 2772 3163 2835 cibos;
3190 2773 3323 2826 vade
3360 2784 3418 2826 et
3460 2776 3658 2840 accipe
3683 2776 3754 2827 ab
3783 2776 3841 2828 Χ.

2254 2854 2346 2909 illo
2370 2857 2585 2911 homine
2607 2858 2931 2913 frumentum
2963 2868 3016 2913 et
3043 2860 3238 2915 oleum.
3269 2861 3403 2915 Cum
3436 2877 3578 2931 ergo
3604 2865 3843 2921 venisset

2252 2946 2317 3001 ad
2348 2948 2490 3001 illum
2521 2948 2585 3001 ad
2616 2963 2773 3017 quem
2799 2950 2993 3003 missus
3024 2952 3220 3015 fuerat,
3249 2953 3295 3005 is
3325 2954 3425 3022 ipsi
3459 2954 3645 3009 dixit:
3678 2955 3756 3007 Tu
3782 2970 3839 3009 es

2252 3037 2343 3092 ille
2370 3040 2702 3093 monachus?
2746 3040 2881 3093 Tum
2931 3042 3057 3096 ille:
3090 3042 3184 3103 Ita.
3228 3057 3345 3096 sum
3386 3044 3433 3097 is
3478 3060 3653 3112 quem
3693 3047 3840 3099 dicis.

2253 3130 2487 3200 Subjecit
2514 3132 2687 3184 alter:
2718 3130 3108 3186 Paterfamilias
3133 3133 3292 3203 jussit
3328 3136 3558 3202 quidem
3604 3145 3663 3191 te
3704 3140 3841 3190 acci-

575 3220 667 3287 qui
699 3236 795 3274 nos
822 3222 1001 3276 decies
1032 3225 1174 3277 mille
1206 3239 1393 3291 passus
1437 3236 1622 3281 essent
1666 3232 1951 3296 persecuti.
1982 3230 2146 3286 Sexto

2253 3236 2377 3289 pere
2405 3220 2615 3290 triginta
2641 3222 2847 3277 modios
2872 3222 3144 3288 frumenti,
3169 3233 3223 3278 et
3249 3226 3542 3280 duodecim
3570 3229 3836 3281 sextarios

575 3320 783 3377 autem,
830 3312 1002 3366 Nilum
1056 3317 1404 3383 navigantes,
1440 3319 1820 3386 propemodum
1867 3322 2149 3383 eversiac

574 3399 837 3454 submersi
897 3416 1102 3456 sumus.
1153 3403 1448 3473 Septimum
1482 3406 1610 3471 fuit,
1640 3409 1851 3474 quando
1878 3411 1929 3463 in
1957 3410 2150 3480 palude

576 3490 896 3555 Mareotide,
942 3494 1028 3549 ubi
1077 3496 1261 3550 charta
1311 3500 1566 3563 nascitur,
1619 3499 1811 3568 objecti
1858 3516 2045 3557 sumus
2095 3504 2148 3559 in

573 3586 854 3650 quannlam
888 3600 1105 3653 parvam
1137 3587 1361 3641 insulam
1387 3587 1688 3655 desertam;
1730 3600 1783 3645 et
1816 3602 1923 3646 tres
1966 3605 2149 3649 noctes

572 3684 627 3728 et
653 3678 768 3729 dies
792 3677 890 3730 sub
912 3678 1001 3731 dio
1029 3680 1343 3745 mansimus,
1364 3696 1558 3752 magno
1584 3681 1782 3752 frigore
1811 3693 1864 3740 et
1894 3685 2149 3741 imbribus

573 3772 728 3826 nobis
746 3771 1164 3841 imminentibus,
1185 3786 1299 3831 erat
1320 3778 1460 3831 enim
1481 3786 1689 3847 tempus
1708 3779 2143 3848 Epiphaniorum.

572 3868 823 3923 Octavum
857 3878 1031 3924 autem
1066 3887 1525 3938 supervacaneum
1556 3873 1769 3942 quidem
1796 3884 1877 3928 est
1904 3889 2144 3939 narrare,

571 3961 663 4013 sed
691 3969 868 4015 tamen
898 3974 980 4016 est
1006 3964 1165 4027 utile;
1202 3980 1325 4018 nam
1354 3980 1472 4020 cum
1502 3981 1599 4019 nos
1631 3982 1727 4036 per
1758 3970 2040 4036 quemdam
2068 3972 2144 4022 Io-

569 4064 691 4105 Cum
720 4053 1051 4107 venissemus
1078 4055 1310 4119 Nitreas,
1333 4065 1446 4109 erat
1472 4057 1522 4109 in
1548 4072 1608 4110 ea
1639 4060 1856 4125 regione
1882 4060 2144 4127 quoddam

572 4157 825 4211 magnum
856 4160 1147 4199 concavum
1177 4186 1190 4210 ,
1220 4145 1271 4200 in
1304 4162 1408 4217 quo
1438 4149 1588 4203 multi
1630 4161 2000 4205 remanserant
2029 4168 2147 4206 cro-

570 4234 727 4288 codili
754 4278 768 4299 ,
801 4252 919 4291 cum
962 4252 1093 4306 aqua
1141 4240 1449 4293 recessisset
1479 4254 1544 4294 ex
1590 4241 1751 4309 agris.
1781 4242 1972 4296 Tribus
2019 4260 2147 4315 ergo

569 4328 851 4381 crucodilis
883 4344 931 4381 ll]
966 4329 1201 4395 margine
1230 4330 1385 4384 fossae
1412 4334 1679 4396 extensis,
1708 4336 2035 4388 accessimus
2066 4338 2146 4389 vi-

571 4417 679 4468 suri
709 4416 906 4470 belluas
929 4460 942 4481 ,
977 4426 1223 4484 putantes
1253 4432 1345 4471 eas
1371 4433 1490 4473 esse
1518 4429 1757 4475 mortuas
1780 4461 1795 4485 ,
1830 4422 1933 4475 illa:
1964 4434 2143 4477 autem

571 4506 746 4559 statim
779 4507 833 4559 in
871 4521 968 4560 nos
1019 4508 1307 4561 irruerunt.
1344 4508 1508 4563 Nobis
1548 4520 1724 4564 autem
1779 4528 1965 4581 magna
2015 4528 2143 4569 voce

2251 3312 2376 3367 olei.
2414 3312 2487 3366 De
2515 3328 2579 3367 eo
2602 3322 2788 3381 potero
2809 3314 3024 3383 gloriari
3050 3328 3110 3367 ac
3133 3316 3429 3383 praedicare
3449 3317 3637 3386 qualis
3660 3332 3831 3379 esset;

2251 3422 2407 3478 quem
2442 3407 2560 3461 novi
2583 3422 2724 3473 saepe
2753 3423 2875 3463 esse
2896 3408 3244 3477 laerymatum
3274 3418 3499 3477 propter
3525 3426 3625 3464 eos
3656 3412 3827 3479 quies

2252 3500 2569 3553 necessitate
2598 3497 2915 3553 laborabant
2938 3499 3148 3567 inopia;
3179 3500 3453 3567 praebebat
3477 3516 3618 3570 ergo
3639 3503 3690 3555 si
3714 3503 3831 3571 quid

2252 3590 2500 3654 habebat,
2531 3604 2628 3643 suo
2653 3605 2877 3659 corpore
2905 3599 3155 3659 excepto.
3190 3591 3319 3647 Novi
3347 3592 3519 3645 etiam
3564 3607 3696 3647 eum
3729 3609 3840 3647 esse

2253 3684 2598 3753 laerymatum
2626 3693 2843 3751 propter
2868 3698 2990 3737 eum
3019 3683 3106 3751 qui
3133 3683 3404 3737 ceciderat
3432 3686 3485 3737 in
3522 3696 3769 3751 peccata.
3788 3696 3838 3738 et

2250 3789 2372 3828 eum
2395 3775 2482 3842 qui
2510 3774 2777 3828 ceciderat
2820 3773 3109 3828 adduxisse
3155 3774 3411 3842 lacrytnis
3464 3777 3537 3829 ad
3581 3780 3835 3844 ρωηίιει-

2252 3867 2397 3917 tiam.
2426 3864 2472 3917 Is
2502 3863 2628 3917 mihi
2657 3863 2943 3931 aliquando
2971 3864 3070 3917 hoc
3111 3865 3345 3917 narravit
3376 3879 3393 3917 :
3431 3864 3607 3917 Deum
3630 3868 3826 3934 rogavi,

2252 3969 2307 4011 ut
2326 3957 2589 4011 neminem
2610 3970 3012 4028 compungeret,
3039 3959 3266 4013 maxime
3279 3976 3343 4013 ex
3361 3959 3638 4016 divitibus
3660 3972 3715 4015 et
3731 3963 3823 4015 ita-

2250 4048 2453 4115 probis,
2488 4059 2544 4102 ut
2573 4052 2701 4102 mihi
2734 4050 2931 4119 aliquid
2955 4050 3145 4106 darent
3173 4051 3313 4119 quod
3355 4060 3511 4106 esset
3560 4053 3631 4106 ad
3677 4070 3819 4107 usus

2253 4142 2640 4195 necessarium.

2324 4229 2446 4284 Mihi
2471 4239 2645 4285 autem
2680 4234 2781 4285 hoc
2805 4230 3021 4295 sullicit,
3052 4232 3191 4300 quod
3222 4232 3415 4301 dignus
3444 4233 3549 4286 sim
3590 4233 3824 4293 habitus.

2248 4324 2334 4391 qui
2363 4321 2549 4375 horum
2578 4322 2813 4376 omnium
2865 4321 3220 4377 meminissem
3249 4339 3369 4391 quae
3414 4324 3639 4391 scriptis
3686 4340 3823 4375 man-

2248 4414 2386 4469 davi.
2422 4415 2535 4469 Non
2565 4414 2705 4470 enini
2738 4416 2855 4469 sine
2883 4416 2972 4469 Dei
3008 4416 3221 4470 numine
3254 4418 3354 4470 hoc
3388 4417 3595 4469 factum
3623 4426 3705 4471 est
3729 4458 3743 4479 ,
3773 4428 3825 4469 at

2250 4520 2400 4559 tuens
2432 4516 2519 4559 tua
2551 4514 2854 4559 moveretur
2877 4515 2933 4558 ut
2956 4506 3169 4574 juberes
3196 4521 3281 4559 me
3310 4507 3455 4559 hunc
3476 4507 3672 4562 librum
3693 4509 3821 4560 scri-

574 4596 852 4650 Dominum
886 4600 1295 4663 nominantibus,
1331 4601 1562 4665 Christe,
1594 4603 1781 4671 adjuva
1813 4580 1931 4667 nos,
1965 4605 2143 4660 Statim
2176 4580 2225 4639 θ
2254 4597 2393 4658 bere.
2425 4596 2655 4663 εοΐίριίεν
2687 4597 2919 4666 inquam.
2957 4596 3167 4651 tradere
3197 4598 3355 4650 Vilam
3390 4597 3589 4652 horum
3620 4608 3827 4652 53061-0-

572 4686 763 4740 bellua:
790 4695 1038 4756 tanquam
1072 4688 1137 4742 ab
1162 4689 1351 4759 angelo
1381 4706 1607 4756 aversio,
1639 4694 1842 4761 seipsas
1870 4696 1925 4748 in
1949 4711 2144 4765 aquam

570 4786 693 4832 sunt
717 4778 979 4847 iaculata}.
1012 4779 1117 4834 Nos
1145 4790 1322 4835 autem
1352 4781 1558 4836 Nitreas
1591 4799 1782 4855 magno
1817 4800 1977 4839 cursu
2016 4802 2143 4841 con-

573 4870 864 4935 tendimus,
898 4872 1041 4926 illam
1084 4888 1266 4928 vocem
1308 4873 1407 4929 Job
1452 4876 1809 4944 meditantes,
1856 4878 1945 4933 ubi
1976 4878 2145 4935 dicit:

570 4962 778 5030 Septies
805 4979 868 5017 ex
901 4965 1307 5019 necessitatibus
1340 4966 1581 5020 liberauit
1617 4978 1693 5032 te;
1726 4966 1779 5020 in
1812 4976 2001 5023 octavo
2044 4985 2143 5023 au-

571 5066 675 5109 tem
705 5066 755 5109 te
784 5072 888 5109 non
916 5054 1136 5126 attinget
1156 5058 1350 5110 malum
1385 5057 1505 5128 (Job
1524 5060 1598 5129 v).
1628 5060 1737 5114 Deo
1767 5076 1893 5129 ergo
1925 5062 2138 5132 agimus

571 5152 765 5211 gratias
793 5148 880 5215 qui
912 5160 1010 5200 nos
1050 5162 1112 5200 ex
1146 5156 1225 5201 tot
1266 5148 1508 5203 liberavit
1550 5151 1803 5219 periculis
1888 5164 1943 5205 et
1990 5152 2144 5207 nobis

573 5252 762 5305 magna
790 5238 1024 5293 ostendit
1049 5240 1368 5307 spectacula.

1162 5329 1385 5385 CAPUT
1424 5330 1553 5387 CLI.

776 5415 893 5472 Vita
924 5419 1096 5488 fratris
1128 5420 1275 5489 (2:20)
1300 5421 1386 5489 qui
1410 5438 1524 5473 cum
1550 5438 1607 5474 eo
1636 5422 1947 5477 versabatur.

642 5510 773 5562 Cum
803 5524 929 5578 ergo
957 5524 1119 5577 pauca
1144 5510 1333 5563 dixero
1363 5511 1429 5565 de
1457 5512 1639 5575 fratre,
1668 5512 1757 5581 qui
1791 5528 2001 5565 meeum
2028 5528 2145 5567 vero

574 5606 720 5650 satur
763 5614 792 5651 a
834 5597 1110 5667 jnvenlme
1164 5613 1329 5667 usque
1376 5600 1428 5653 in
1481 5600 1792 5654 hodiernum
1842 5601 1982 5655 diem
2012 5642 2025 5665 ,
2063 5602 2147 5656 hic

575 5686 824 5755 deinceps
852 5689 1008 5767 linem
1035 5691 1301 5757 imponam
1333 5692 1586 5749 orationi.
1623 5693 1755 5746 Eum
1789 5708 1888 5763 ego
1914 5694 2141 5762 cognovi

578 5779 739 5852 longo
765 5790 1025 5850 tempore,
1050 5797 1168 5837 cum
1200 5783 1529 5850 coinederet,
1551 5786 1695 5840 otnui
1718 5784 1851 5855 gulae
1869 5784 2148 5841 affectione

2251 4703 2366 4741 rum
2398 4696 2451 4740 et
2474 4688 2744 4742 beatorum
2777 4688 3007 4741 Patrum.

2321 4779 2398 4833 Tu
2428 4788 2606 4833 autem
2632 4820 2648 4845 ,
2679 4780 2983 4833 fidelissime
3013 4777 3210 4833 Christi
3253 4793 3409 4833 serve
3438 4794 3499 4833 ac
3532 4780 3828 4832 venerande

2250 4870 2443 4935 Lause,
2472 4882 2521 4925 et
2549 4879 2707 4936 caput
2730 4871 2857 4924 mihi
2881 4870 3259 4924 amicissimum
3285 4882 3336 4922 et
3364 4870 3603 4924 maxime
3628 4885 3831 4938 germa-

2252 4978 2400 5027 num,
2435 4962 2575 5017 hunc
2602 4961 2796 5036 librum
2831 4962 3064 5015 libenter
3096 4962 3299 5031 legens,
3329 4976 3579 5029 magnam
3611 4972 3717 5014 tua:
3740 4961 3828 5012 in-

2252 5053 2461 5106 mortali
2504 5052 2699 5105 anima:
2730 5052 2993 5119 prtrbebis
3024 5052 3324 5113 utilitatem,
3363 5053 3413 5103 in
3437 5051 3713 5118 justorum
3745 5064 3827 5103 re-

2252 5144 2605 5206 surrectione,
2630 5142 2947 5211 inclytorum
2977 5150 3136 5195 recta:
3164 5142 3280 5192 vita:
3310 5141 3635 5193 athletarum
3672 5139 3825 5191 insn-

2254 5246 2383 5301 tuta,
2417 5236 2645 5299 labores,
2669 5244 2725 5288 et
2756 5243 2953 5287 tantam
2988 5234 3339 5297 tolerantiam,
3365 5233 3598 5300 vitaeque
3615 5232 3823 5285 duriter

2251 5338 2383 5383 actae
2412 5328 2719 5397 patientiam
2751 5336 2927 5380 mente
2956 5326 3337 5393 Complectens.
3364 5323 3736 5391 Quamobrem
3764 5337 3821 5376 ea

2257 5428 2500 5489 prompto
2524 5430 2575 5473 et
2604 5418 2764 5472 alacri
2797 5418 2976 5471 animo
3004 5432 3248 5484 sequere,
3276 5416 3411 5468 bona
3442 5424 3494 5468 et
3522 5419 3823 5481 incorrupta

2256 5527 2351 5580 spe
2383 5509 2637 5573 nutritus,
2667 5524 2877 5577 semper
2907 5518 3051 5561 retro
3082 5507 3267 5561 videns
3298 5506 3413 5559 dies
3436 5507 3525 5574 qui
3557 5515 3683 5558 ante
3710 5513 3827 5557 sunt

2257 5602 2567 5665 breviores;
2600 5610 2653 5655 et
2682 5614 2774 5653 ora
2808 5614 2903 5669 pro
2934 5613 3041 5665 me,
3077 5594 3304 5666 teipsum
3330 5610 3661 5650 conservans
3700 5597 3827 5649 alie-

2258 5708 2382 5745 num
2411 5706 2439 5744 a
2471 5689 2889 5760 reprehensione
2920 5698 2973 5743 et
3009 5687 3314 5743 custodiens
3345 5688 3610 5758 integrum
3658 5705 3676 5739 :
3706 5703 3828 5755 qua-

2260 5784 2362 5837 lem
2394 5788 2444 5835 te
2474 5781 2597 5836 novi
2640 5790 2694 5836 et
2738 5781 2932 5846 habui,
2963 5795 2991 5834 a
3021 5780 3303 5836 consulatu
3332 5779 3544 5835 Tatiani
3575 5793 3742 5848 usque
3784 5782 3826 5828 ‘ur
