4112 6502
339 268 485 339 1257

1573 274 1939 337 HISTORIA
1978 274 2373 335 LAUSIACA.

3458 281 3599 347 1258

338 385 546 441 στόλων
602 386 941 452 επετέλεσεν,
980 387 1152 441 ταῦτα
1202 388 1293 442 καὶ
1339 386 1434 441 νῦν
1479 387 1729 441 διατελεῖ.
1774 387 1912 438 Ἀλλ’
1944 389 1989 443 Α
2017 383 2411 453 νηστεύσαντα,
2438 390 2754 457 νικήσαντα,
2780 389 2854 452 ὡς
2882 390 3106 458 νομίζω,
3130 389 3302 453 πάθος
3332 390 3601 463 φιλαργυ-

335 470 534 540 ἐπειδὴ
558 470 803 534 κίνδυνος
828 467 895 539 ἦν
927 473 983 524 ἐν
1000 474 1133 542 ήμτν
1164 473 1439 541 μέγιστος,
1471 471 1779 542 περαιτέρω
1822 470 1923 540 τῆς

335 553 507 606 Λυκῶ
562 552 827 614 ἀνελθεῖν,
856 554 946 607 διὰ
999 556 1098 625 τὴν
1146 555 1254 608 τῶν
1310 553 1523 625 λῃστῶν
1564 554 1781 622 ἔφοδον,
1823 552 1924 605 οὑκ

338 636 723 707 ἐτολμήσαμεν
770 638 893 701 τοὺς
928 639 1118 706 ἁγίους
1156 638 1397 700 ἐκείνους
1449 637 1599 691 ἰδεῖν.
1630 638 1764 690 Οὐδὲ
1813 636 1922 706 γὰρ

334 722 465 783 τοὺς
512 720 883 791 πορῤηθέντας
926 722 1176 793 Πατέρας
1233 722 1529 784 ἀκινδύνως
1574 721 1773 790 ἴδομεν,
1812 720 1921 774 οὐδ’

335 803 557 867 ἀπόνως
580 805 701 857 οὐδὲ
747 806 955 874 ἀκμητὶ
1010 806 1108 869 τὰς
1150 806 1302 874 ίεράς
1328 806 1531 867 ταύτας
1557 804 1879 874 ἑωράκαμεν
1904 821 1920 838 ⁸

334 886 478 939 ἀλλά
507 889 677 941 πολλὰ
706 889 1100 957 προπαθόντες,
1137 891 1231 943 καὶ
1267 889 1465 960 μικροῦ
1502 891 1611 943 δεῖν
1641 890 1921 942 κινδυνεύ-

336 985 556 1033 σαντες,
590 973 747 1041 μόγις
772 973 1188 1043 κατηξιώθημεν
1208 973 1379 1028 ταῦτα
1393 974 1706 1027 θεάσασθαι.
1729 976 1921 1028 ’Ἑϐδο-

337 1069 445 1119 μον
469 1056 577 1123 γὰρ
616 1054 828 1124 θανάτῳ
862 1058 1291 1127 περιεπέσαμεν,
1327 1061 1382 1111 ἐν
1434 1056 1491 1112 δὲ
1520 1060 1596 1130 τῷ
1628 1060 1799 1130 ὀγδόῳ
1824 1062 1921 1132 ούχ

334 1136 518 1205 ἥψατο
548 1138 704 1207 ἡμῶν
732 1137 921 1206 κακὸν,
954 1141 1048 1195 τοῦ
1089 1142 1224 1195 Θεοῦ
1270 1143 1501 1196 πάντοτε
1531 1144 1677 1215 ἡμᾶς
1724 1146 1921 1199 διασώ-

338 1238 559 1285 σαντος.
588 1223 771 1287 Ἀπαξ
803 1224 903 1295 μὲν
934 1226 1040 1294 γὰρ
1072 1225 1217 1296 λιμῷ
1264 1229 1357 1280 καὶ
1386 1228 1530 1298 δίψει
1564 1230 1725 1283 πέντε
1760 1231 1921 1299 νυχθ-

336 1306 528 1373 ήμερα
564 1306 651 1360 διά
682 1308 779 1377 τῆς
806 1310 1018 1381 ἐρήμου
1046 1313 1544 1381 περιπατήσαντες,
1582 1314 1781 1385 μικροῦ
1811 1316 1920 1368 δεῖν

335 1390 846 1464 ἐλιποψυχήσαμεν.
886 1395 1108 1449 Ἀλλοτε
1156 1396 1211 1449 δὲ
1255 1396 1401 1463 ὀξέσι
1434 1402 1526 1453 καὶ
1553 1402 1781 1470 παχέσιν
1807 1401 1922 1453 ἐλε-

338 1490 429 1525 σιν
463 1475 814 1543 ἐμπεσόντες,
847 1479 942 1533 καὶ
974 1480 1099 1543 τοὺς
1139 1481 1307 1545 πόδας
1354 1483 1563 1536 ἑαυτῶν
1594 1482 1921 1554 διατρήσαν-

334 1572 453 1619 τες,
491 1557 566 1620 ῶς
612 1561 972 1625 ἁνυποίστους
1018 1564 1271 1630 γενέσθαι
1328 1566 1426 1629 τὰς
1466 1566 1786 1637 ἀλγηδόνας,
1835 1586 1921 1638 μι-

334 1638 479 1708 κροῦ
516 1640 625 1695 δεῖν
655 1643 1032 1713 ἀπεψύξαμεν.
1070 1647 1263 1716 Τρίτον
1293 1647 1371 1709 δὲ,
1424 1648 1706 1721 βορϐόροις
1757 1652 1919 1704 ἐνεπ-

335 1721 448 1792 άγη
458 1741 559 1792 μεν
583 1724 742 1795 ἄχρις
764 1728 985 1796 ὀσφύος,
1015 1731 1106 1782 καὶ
1132 1732 1233 1784 οὑκ
1251 1726 1319 1802 ἦν
1344 1734 1371 1785 ό
1398 1734 1680 1803 ῥυόμενος·
1706 1737 1801 1788 καὶ
1826 1738 1925 1799 τὰς
1956 1744 1996 1798 Β

334 1806 435 1860 τοῦ
466 1811 739 1881 μακαρίου
775 1814 941 1867 Δαϐὶδ
968 1815 1279 1885 ἀνεϐοῶμεν
1307 1818 1511 1884 φωνάς’
1541 1817 1753 1872 Σῶσόν
1768 1837 1867 1889 με,
1890 1825 1922 1876 ό

338 1893 510 1959 Θεὸς,
558 1894 645 1948 ὅτι
687 1899 1067 1955 εἰσήλθοσαν
1113 1900 1302 1955 ὕδατα
1340 1902 1449 1969 ἕως
1495 1903 1701 1972 ψυχῆς
1760 1923 1920 1974 μουο

332 1980 644 2051 ἐνεπίίγην
677 1987 762 2051 εἰς
789 1988 927 2039 ἰλὺν
939 1987 1161 2053 βυθοῦ,
1199 1990 1295 2043 καὶ
1318 1992 1427 2042 οὐκ
1454 1990 1625 2043 ἔστιν
1657 1994 1921 2046 ὑπόστα-

334 2083 464 2131 σις.
494 2069 637 2122 Καί·
671 2070 882 2125 Σῶσόν
894 2090 971 2140 με
998 2074 1117 2127 ἀπὸ
1156 2074 1376 2139 πηλοῦ,
1412 2075 1510 2127 ἵνα
1540 2076 1624 2144 μὴ
1658 2076 1921 2145 ἐμπαγῶ.

334 2153 618 2223 Τέταρτον
644 2153 711 2224 ἦν
732 2157 790 2210 τὸ
819 2158 927 2211 τῶν
954 2159 1159 2212 ὑδάτων
1205 2160 1407 2229 πλῆθος
1434 2162 1697 2233 ὲπιρρυἐν
1731 2166 1793 2216 ἐκ
1823 2165 1923 2233 τῆς

333 2239 435 2294 τοῦ
467 2239 661 2294 Νείλου
697 2241 998 2312 αὐξήσεως,
1030 2246 1122 2297 ἐπὶ
1171 2248 1319 2316 τρεῖς
1369 2246 1579 2316 ἡμέρας
1624 2248 1693 2301 δι’
1716 2249 1923 2302 ὑδάτων

336 2325 723 2395 ⁸πορευόμενοι,
756 2327 851 2381 κα)⁸
884 2329 942 2381 ἐν
970 2330 1084 2393 τοῖς
1114 2329 1361 2398 στομίοις
1390 2330 1589 2401 μικροῦ
1614 2332 1724 2385 δεῖν
1756 2352 1925 2387 κατα-ι

336 2407 675 2464 κλυσθεῖσιν.
722 2412 852 2464 Τότε
889 2412 1134 2475 ἐϐοῶμεν
1172 2412 1421 2481 λέγοντες
1450 2430 1464 2445 ο
1508 2417 1606 2479 Μή
1631 2434 1707 2481 με
1752 2436 1925 2473 xam-

337 2494 685 2547 ποντισὰτω
714 2496 984 2564 καταιγὶς
1029 2497 1249 2563 ὕδατος
1285 2499 1441 2568 μηδὲ
1485 2504 1817 2555 καταπιέτω
1848 2522 1925 2573 με

334 2577 558 2643 βυθός.
604 2578 866 2649 Πέμπτον
918 2581 992 2644 δὲ,
1027 2580 1250 2653 λῃσταῖς
1322 2584 1732 2654 περιεπέσαμεν
1788 2591 1924 2641 κατὰ

338 2660 444 2728 τὴν
474 2660 769 2714 θαλασσίαν
810 2664 975 2733 δχθαν
1018 2666 1111 2717 ἐπὶ
1141 2666 1241 2734 τὴν
1283 2667 1500 2719 Δίολκον
1560 2670 1921 2739 ἀφικόμενοι·

339 2742 392 2794 οἳ
443 2744 573 2813 ἄχρι
610 2745 867 2799 τοσούτου
900 2748 1049 2817 ἡμᾶς
1082 2749 1418 2815 κατεδίωξαν
1448 2752 1777 2807 καταλαϐεῖν
1800 2754 1927 2823 βου-

340 2823 579 2894 λόμενοι,
611 2830 769 2898 ἄχρις
792 2830 858 2883 ἂν
902 2829 999 2900 τὴν
1040 2832 1207 2902 πνοὴν
1244 2834 1400 2903 ήμῶν
1462 2836 1666 2907 μικρὰν
1706 2838 1926 2891 ὑπολει-

341 2910 567 2981 φθῆναι,
590 2912 667 2976 ὡς
694 2915 789 2967 ἐπὶ
819 2913 952 2967 δέκα
981 2914 1132 2981 μίλια
1152 2916 1312 2985 ἡμῶν
1342 2918 1699 2988 διωχθέντων.
1728 2922 1927 2975 Ἕκτον

340 2996 422 3062 δὲ,
469 2998 563 3049 τὸν
601 2998 792 3052 Νεῖλον
830 2999 1116 3061 πλέοντες,
1174 3001 1368 3071 μικρὸν
1420 3005 1927 3074 κατεποντίσθημεν

342 3082 1110 3154 καταστραφέντες.Ἕϐδομον
1132 3081 1219 3155 ἦν,
1234 3086 1321 3139 ὅτε
1339 3088 1477 3139 κατὰ
1499 3088 1594 3157 τὴν
1611 3088 1932 3159 Μαρεώτιδα
1959 3076 2001 3131 (ἶ

342 3162 542 3232 λίμνην
571 3164 741 3218 ἐνθαό
766 3165 967 3236 χάρτης
996 3170 1272 3235 γεννᾶται,
1291 3172 1370 3231 είς
1400 3171 1560 3238 νῆσόν
1575 3189 1697 3226 τινα
1729 3174 1929 3244 μικρὰν

342 3249 733 3320 ἀπερρίφημεν
772 3250 998 3321 ἔρημον,
1020 3254 1113 3306 καὶ
1138 3255 1265 3324 τρία
1304 3255 1619 3326 νυχθήμερα
1653 3257 1929 3328 ὑπαίθριοι

344 3334 667 3403 ἐμείναμεν,
700 3336 902 3405 κρύους
939 3338 1175 3405 μεγάλου
1196 3342 1286 3393 καὶ
1310 3340 1532 3410 ὄμϐρων
1558 3343 1689 3411 ἡμῖν
1718 3343 1928 3394 ἐπικει-

348 3418 545 3485 μένων’
565 3414 633 3489 ἦν
666 3422 775 3490 γὰρ
803 3420 831 3472 ὁ
870 3421 1060 3492 καιρὸς
1084 3422 1193 3475 τῶν
1221 3422 1578 3493 Ἑπιφανίων.
1630 3426 1717 3478 Ἐν
1746 3425 1801 3479 δὲ
1850 3426 1929 3492 τῷ

344 3500 538 3571 ὀγδόῳ,
577 3504 836 3573 περισσὸν
882 3507 980 3573 μέν
1029 3506 1144 3557 ἐστι
1180 3507 1240 3559 τὸ
1278 3507 1545 3578 διήγημα,
1579 3511 1728 3579 ὅμως
1785 3511 1928 3580 ὠφέ-

344 3583 524 3653 λιμον.
556 3585 867 3655 Παριόντων
900 3588 1004 3660 γὰρ
1033 3589 1191 3657 ἡμῶν
1220 3590 1309 3643 διά
1330 3608 1472 3655 τινος
1494 3593 1659 3644 τόπου
1702 3595 1781 3657 είς
1830 3596 1928 3657 τὰς

345 3670 597 3736 Νιτρίας,
622 3672 807 3734 κοιλάς
825 3690 907 3734 τις
929 3667 996 3741 ἦν
1020 3675 1160 3727 κατά
1180 3675 1279 3745 τὴν
1296 3675 1479 3745 χώραν
1505 3678 1713 3746 μεγάλη
1735 3676 1929 3741 ὕδατος

345 3754 591 3822 γέμουσα
618 3757 676 3808 ἐν
704 3750 739 3830 ᾖ
774 3758 1232 3828 ἐναπομείναντες
1257 3760 1590 3827 κροκόδειλοι
1616 3748 1759 3830 ἦσαν
1799 3763 1925 3814 πολ-

345 3837 450 3903 λοὶ,
476 3839 569 3891 τοῦ
595 3840 786 3905 ὕδατος
810 3843 871 3895 ἐκ
888 3844 996 3897 τῶν
1027 3844 1219 3912 χωρῶν
1244 3843 1722 3915 ὑποχωρήσαντος.
1748 3845 1927 3916 Τριῶν

345 3920 441 3975 οῦν
472 3923 833 3995 κροκοδείλων
865 3926 957 3979 ἐπὶ
981 3926 1042 3978 τὸ
1076 3927 1251 3997 χεῖλος
1276 3927 1372 3980 τοῦ
1396 3927 1587 4000 βόθρου
1624 3929 1926 3997 ἐκτεταμέ-

347 4022 477 4068 νων,
509 4008 846 4078 προσῄειμεν
899 4012 1062 4079 ἡμεῖς
1123 4010 1381 4080 ὀψόμενοι
1423 4012 1492 4065 τά
1546 4013 1710 4083 θηρία
1770 4015 1925 4084 νομί-

348 4106 544 4153 σαντες
567 4092 704 4145 αὐτὰ
726 4092 1046 4164 τεθνηκέναι
1077 4111 1091 4125 ο
1119 4096 1187 4148 τὰ
1230 4094 1286 4147 δὲ
1320 4096 1482 4159 εὐθὺς
1512 4096 1595 4164 ἐφ’
1635 4099 1780 4168 ἡμᾶς
1814 4099 1925 4168 ὧρ-

351 4190 554 4243 μησαν.
591 4174 776 4245 Ἡμῶν
798 4176 853 4229 δὲ
880 4176 1092 4250 μεγάλῃ
1132 4180 1198 4249 τῇ
1232 4182 1379 4248 φωνῇ
1418 4180 1508 4232 τὸν
1543 4180 1744 4251 Κύριον
1803 4182 1923 4233 ὀνο-

351 4257 661 4325 μασάντων,
692 4260 893 4331 Χριστέ
930 4260 1133 4331 βοήθει,
1169 4263 1329 4326 εὐθὺς
1346 4266 1395 4317 οί
1418 4264 1583 4334 θῆρες
1608 4265 1796 4335 ῶσπερ
1822 4266 1925 4319 ὑπὸ

348 4340 584 4408 ἀγγέλου
624 4344 1085 4413 ἀποστραφέντες,
1112 4347 1336 4409 ἑαυτοὺς
1389 4348 1467 4410 είς
1496 4349 1559 4401 τὸ
1590 4348 1732 4418 ὕδωρ
1764 4350 1923 4419 ἡκόν-

347 4444 507 4481 τισαν
539 4445 551 4457 ·
583 4429 740 4499 ἡμεῖς
766 4428 823 4481 δὲ
866 4430 1051 4501 δρόμῳ
1077 4432 1253 4501 συχνῷ
1288 4432 1381 4485 ἐπὶ
1419 4434 1515 4495 τὰς
1545 4434 1775 4503 Νιτρίας
1819 4436 1926 4482 ἀπ-
1962 4426 2002 4480 υ

351 4511 582 4582 εληλύθα
595 4530 712 4581 μεν,
744 4514 842 4583 τὴν
874 4514 968 4566 τοῦ
1027 4514 1148 4566 Ἰὼϐ
1191 4516 1373 4584 φωνὴν
1403 4516 1759 4584 μελετῶντες,
1799 4518 1925 4569 ἔνθα

351 4596 519 4667 φησίν
545 4612 559 4625 °
601 4597 876 4663 Ἐπτάκις
909 4598 979 4663 ἐξ
1012 4598 1291 4668 ἀναγκῶν
1317 4600 1609 4664 ἐξελεῖταί
1634 4616 1727 4665 σε,
1762 4603 1832 4655 ὲν
1859 4604 1928 4654 οὲ

351 4684 543 4755 ὀγδόῳ
582 4688 653 4739 οὐ
694 4686 779 4755 μὴ
832 4685 1060 4754 ἅψηται
1086 4702 1203 4739 σου
1228 4687 1434 4740 κακόν.
1485 4686 1928 4757 Εὑχαριστοῦμεν

352 4766 447 4824 οὖν
496 4772 573 4841 τῷ
612 4771 732 4841 Θεῷ
760 4772 838 4843 τῷ
869 4774 932 4825 ἐκ
978 4771 1248 4826 τοσούτων
1280 4773 1425 4841 ἡμᾶς
1474 4772 1733 4825 κινδύνων
1766 4775 1931 4843 ῥυσα-

359 4854 528 4925 μένῳ,
554 4854 645 4906 καὶ
677 4855 923 4924 μεγάλας
946 4855 1177 4917 θεωρίας
1205 4856 1337 4926 ήμῖν
1378 4855 1727 4922 ἐπιδείξαντι.

913 5007 1165 5061 ΚΕΦΑΛ.
1201 5004 1367 5061 ΡΝᾹ’,

605 5134 746 5204 Περὶ
785 5136 890 5191 τοῦ
918 5137 1211 5202 συνόντος
1262 5155 1365 5205 μοι
1399 5136 1685 5205 ἀδελφοῦ.

442 5278 629 5348 ὐλίγα
666 5279 843 5333 τοίνυν
867 5279 997 5351 περί
1021 5277 1114 5331 τοῦ
1152 5280 1401 5341 συνόντος
1441 5296 1528 5347 μοι
1565 5278 1796 5347 ἀδελφοῦ
1825 5278 1934 5330 ἀπὸ

359 5363 611 5432 νεότητος
637 5362 742 5425 ἐως
774 5366 873 5432 τῆς
922 5364 1158 5433 σήμερον
1192 5360 1428 5431 εἰρηκὼς
1455 5361 1688 5414 ἐνταῦθα
1751 5362 1936 5414 λοιπὸν

360 5447 698 5501 καταπαύσω
724 5448 815 5501 τὸν
845 5447 1020 5515 λόγον.
1048 5446 1247 5499 Τοῦτον
1272 5446 1383 5513 ἐγὼ
1414 5445 1581 5513 ἔγνων
1602 5446 1846 5517 ἀκριϐῶς
1874 5447 1937 5498 ἐκ

364 5534 593 5601 μακρῶν
624 5534 732 5586 τῶν
761 5532 969 5603 χρόνων
991 5532 1076 5602 τήν
1097 5532 1324 5602 ἀρίστην
1353 5530 1627 5584 πολιτείαν
1656 5529 1934 5599 κατορθώ-

363 5633 554 5684 σαντα,
603 5619 697 5671 καὶ
742 5617 930 5671 παθῶν
974 5616 1443 5687 κατακρατοῦντα.
1495 5617 1603 5669 Καὶ
1658 5611 1773 5668 οἶδα
1827 5614 1937 5682 ἐγὼ

362 5698 547 5754 τοῦτον
578 5701 839 5773 ἀκριϐῶς,
870 5701 942 5772 μὴ
997 5703 1231 5770 φα-’όντη
1278 5699 1459 5769 πάθει,
1496 5702 1570 5772 μὴ
1607 5698 1936 5770 προσταθῶς

2032 465 2174 535 ρίας,
2207 468 2266 520 τὸ
2297 468 2546 525 πλεῖστον
2570 472 2869 536 κενοδοξίας
2902 473 3232 540 ἐκφυγόντα,
3263 474 3603 545 ἀρκούμενον

2030 549 2117 601 ἀεὶ
2163 552 2275 613 τοῖς
2337 553 2639 623 παροῦσιν,
2704 555 2779 625 μὴ
2824 554 3295 624 καλλωπιζόμενον
3345 559 3599 627 ἱματίοις,

2030 634 2539 702 καταφρονούμενον
2560 637 2664 691 ὑπό
2679 637 2886 707 τινωνῆ
2906 639 3421 710 κατευτελιζόμενον
3440 642 3573 712 εὑχσ.
3587 672 3602 682 -

2029 718 2253 781 ριστεῖν,
2273 716 2793 785 ὑπερκινδυνεύοντα
2813 721 3051 789 γνησίων
3078 721 3267 789 φίλων,
3291 727 3485 793 πεῖραν
3509 726 3603 779 λα-

2029 796 2193 849 ϐόντα
2234 798 2505 869 δαιμόνων
2564 803 2669 867 ἕως
2708 804 2964 873 χιλιάκις,
3008 808 3101 859 καὶ
3142 808 3355 861 ἐπάνω⁶
3385 809 3458 873 ὼς
3506 810 3602 864 καὶ

2031 880 2130 949 μιᾷ
2152 880 2259 933 τῶν
2282 884 2505 955 ἡμερῶν
2543 886 2772 957 δαίμονα
2815 889 2963 959 αὑτῷ
3005 893 3480 961 συντετυχηκέναι,
3507 896 3603 948 καὶ

2029 964 2202 1015 εἰπεῖν
2235 966 2414 1033 μόνον’
2444 967 2643 1021 Σύνθου
2680 988 2769 1039 μοι
2797 971 2890 1024 τοῦ
2922 973 3025 1025 κᾶν
3073 973 3219 1039 ἅπαξ
3262 977 3599 1046 άμαρτῆσαι,

2028 1049 2121 1099 καὶ
2140 1048 2207 1119 ῆν
2253 1050 2319 1103 ἂν
2372 1051 2497 1123 δόξῃ
2530 1070 2611 1107 σοι
2647 1057 2816 1108 είπεῖν
2875 1056 3138 1123 εύγενίδα,
3176 1060 3269 1112 καὶ
3318 1061 3599 1125 πλουσίαν,

2027 1130 2141 1198 ἐγώ
2168 1149 2250 1186 σοι
2278 1133 2393 1199 ἄξω
2431 1138 2692 1208 εὐχερῶς.
2734 1142 2842 1193 Καὶ
2880 1142 3041 1193 πάλιν
3072 1141 3258 1195 ἄλλοτε
3290 1145 3600 1208 πυκτεύσας

2025 1213 2055 1265 ὁ
2082 1215 2180 1285 τῆς
2198 1216 2509 1302 βλαφημίας
2539 1222 2746 1293 δαίμων
2773 1226 2830 1277 ἐν
2851 1225 3214 1297 νυχθημέροις
3243 1227 3602 1302 δεκατέσσαρ-

2028 1314 2133 1362 σιν,
2199 1300 2274 1363 ῶς
2324 1303 2488 1366 αὑτός
2543 1322 2632 1374 μοι
2683 1307 2940 1376 διηγεῖτο,
2976 1312 3068 1362 καὶ
3126 1312 3184 1362 ἐν
3220 1311 3379 1364 νυκτὶ
3430 1300 3599 1380 σύρας

2026 1384 2216 1438 τοῦτον
2252 1388 2316 1439 ἐκ
2369 1389 2529 1451 ποδὸς
2561 1394 2711 1460 φωνῇ
2756 1393 3007 1464 ἐπάνδρῳ
3036 1395 3372 1464 προσωμίλει
3402 1395 3594 1463 λέγων’

2026 1469 2117 1539 Μὴ
2151 1470 2449 1538 προσκύνει
2494 1470 2585 1523 τὸν
2625 1473 2879 1541 Χριστὸν,
2915 1476 3007 1527 καὶ
3034 1476 3092 1527 οὑ
3144 1475 3221 1544 μὴ
3260 1494 3356 1529 σου
3421 1494 3598 1547 προσ-

2026 1552 2251 1620 εγγίσω.
2306 1554 2409 1607 Τὸν
2466 1555 2522 1607 δὲ
2574 1556 3011 1626 ἀποκρινάμενον
3055 1561 3229 1612 είπεῖν
3278 1562 3462 1632 αὐτῷ·
3497 1563 3600 1621 Διὰ

2025 1634 2184 1689 τοῦτο
2236 1636 2292 1689 δὲ
2341 1637 2516 1689 αὑτόο
2571 1639 2757 1710 ἐπειδὴ
2818 1642 2881 1693 σὺ
2939 1642 3127 1695 τοῦτον
3188 1644 3426 1715 ἀηδίζῃ,
3489 1645 3599 1714 ἐγὼ

2027 1718 2188 1771 αὑτὸν
2207 1721 2567 1792 προσκυνήσω
2620 1722 2715 1775 καὶ
2742 1722 2969 1787 δοξάσω.
3004 1724 3115 1778 Καὶ
3143 1726 3325 1791 πάλιν,
3352 1729 3446 1781 καὶ
3470 1728 3601 1780 πολ-

2026 1801 2185 1864 λάκις
2243 1802 2628 1865 πολυπλασίως
2675 1805 3011 1876 δεηθήσομαι
3044 1848 3059 1873 ,
3114 1810 3209 1862 καὶ
3264 1810 3369 1872 ἕως
3424 1811 3600 1864 ἔνεστί

2028 1902 2120 1953 μοι
2166 1886 2411 1955 Πνεῦμα,
2451 1886 2639 1939 τοῦτον
2686 1888 2968 1956 ἱκετεύσω,
3008 1890 3098 1943 διὰ
3132 1892 3194 1944 τό
3244 1910 3302 1945 σε
3334 1894 3601 1946 ἐναντιοῦ-

2028 1968 2149 2020 σθαι
2182 1971 2245 2037 τῇ
2270 1968 2364 2021 τοῦ
2398 1970 2534 2022 Θεοῦ
2562 1970 2806 2043 λατρεία.
2844 1972 3068 2026 Ἑκατὸν
3101 1974 3159 2039 ἒξ
3199 1976 3382 2039 πόλεις
3421 1980 3600 2046 πατή-

2027 2067 2147 2112 σας,
2168 2053 2223 2102 ἐν
2252 2052 2309 2104 δὲ
2326 2055 2448 2116 ταῖς
2470 2053 2746 2118 πλείσταις
2780 2057 2872 2107 καὶ
2901 2057 3177 2127 χρονίσας,
3215 2062 3467 2127 γυναικὸς
3485 2064 3601 2113 πεῖ-

2030 2149 2128 2203 ραν
2165 2135 2265 2186 οὑκ
2296 2134 2454 2205 ἔσχεν
2492 2136 2631 2189 ἐλέει
2661 2139 2755 2190 τοῦ
2778 2140 3036 2209 Χριστοῦ,
3067 2142 3188 2194 οὑδὲ
3218 2143 3278 2194 τὸ
3295 2145 3414 2196 κατ’
3442 2145 3598 2216 ὄναρ,

2026 2216 2167 2284 πλὴν
2192 2216 2286 2268 τοῦ
2318 2218 2558 2289 πολέμου
2612 2220 2704 2274 τοῦ
2734 2222 2875 2275 κατὰ
2906 2223 3003 2294 τήν
3030 2225 3286 2296 πορνείαν
3323 2225 3598 2295 δαίμονος.

2027 2298 2222 2369 Τρίτον
2264 2300 2452 2355 τοῦτον
2482 2303 2654 2370 ἔγνων
2705 2305 2897 2374 ἔχοντα
2952 2307 3137 2377 χρείαν
3178 2307 3502 2377 βρωμάτων,
3537 2311 3602 2363 ἐκ

2026 2384 2205 2455 χειρὸς
2238 2386 2407 2453 ἁγίων
2446 2389 2693 2455 ἀγγέλων
2722 2389 2970 2445 λαϐόντα.
3030 2391 3117 2443 Ἐν
3150 2394 3249 2463 μιᾷ
3300 2394 3408 2446 τῶν
3462 2396 3601 2463 ήμε-

2030 2468 2138 2537 ρῶν
2175 2470 2418 2539 εὑρεθεὶς
2452 2474 2510 2523 ἐν
2550 2474 2827 2545 ἀκροτάτῃ
2876 2475 3104 2546 ἐρημίᾳ,
3146 2479 3241 2530 καὶ
3297 2477 3422 2546 μηδ’
3466 2479 3602 2541 ὅλως

2030 2551 2233 2621 βρῶμά
2265 2571 2318 2605 τι
2352 2552 2656 2623 βαστάζων,
2685 2558 2836 2625 τρεῖς
2860 2557 3055 2628 ἄρτους
3085 2552 3245 2630 εὗρεν
3280 2560 3517 2630 θερμοὺς
3543 2564 3602 2613 ἐν

2028 2638 2093 2705 τῇ
2141 2636 2385 2705 μηλωτῇ.
2426 2638 2647 2690 Ἀλλοτε
2694 2640 2856 2692 πάλιν
2908 2641 3253 2711 παξαμίδας·
3281 2645 3372 2695 καὶ
3420 2644 3499 2706 είς
3546 2645 3607 2697 τὸ

2027 2717 2229 2789 τρίτον,
2251 2715 2391 2772 οἶνον
2425 2722 2564 2789 μετὰ
2602 2721 2801 2792 ἀρτων.
2848 2724 3061 2793 Ἔγνων
3097 2725 3260 2779 πάλιν
3307 2726 3495 2780 τοῦτον
3526 2727 3605 2779 λι-

2029 2803 2263 2871 πόμενον
2307 2804 2679 2875 ἀναλωμάτων
2746 2807 2977 2861 ἀκοῦσαι
3032 2810 3159 2879 παρ’
3218 2810 3487 2877 ἀγγέλου,
3524 2813 3605 2865 ὅτι

2043 2886 2314 2939 ’Λπελθὼν
2356 2887 2487 2941 λάϐε
2528 2891 2679 2959 παρὰ
2718 2890 2871 2942 τοῦδε
2917 2891 3093 2945 ἔλαιον
3128 2894 3222 2945 καὶ
3268 2895 3411 2947 σῖτον
3454 2894 3512 2947 '0
3548 2896 3604 2947 δὲ

2033 2970 2199 3037 μηδὲν
2227 2970 2507 3042 διακρίνας
2534 2973 2745 3041 ἀπῆλθε
2776 2974 2912 3043 πρὸς
2956 2975 3046 3027 τὺν
3074 2975 3381 3045 μηνυθέντα
3432 2978 3599 3048 αὑτῷ.

2048 3052 2104 3103 '0
2130 3053 2185 3105 δὲ
2214 3053 2336 3107 ίδὼν
2393 3056 2573 3121 αὑτὸν,
2614 3057 2759 3125 λέγει
2816 3057 2985 3127 αὐτῷ·
3020 3059 3091 3111 Σὺ
3139 3055 3191 3111 εἴ
3222 3062 3250 3112 ό
3305 3060 3454 3113 δεῖνα
3508 3078 3607 3131 μο-

2034 3134 2243 3203 νάζων;
2301 3137 2700 3209 Ἀποκρίνεται,
2747 3142 2842 3194 καὶ
2881 3143 3049 3209 λέγει’
3069 3142 3198 3206 Ναὶ,
3231 3144 3342 3211 ἐγώ
3388 3146 3503 3211 είμι
3546 3144 3606 3199 δν

2032 3217 2230 3284 λέγεις.
2263 3219 2320 3273 Ὀ
2347 3221 2424 3273 δέ’
2468 3222 2523 3275 '0
2551 3224 2934 3294 οἰκοδεσπότης
2968 3223 3252 3280 ἐκέλευσέν
3276 3243 3358 3279 σοι
3387 3227 3605 3296 δοθῆναι

2030 3304 2323 3371 τριάκοντα
2358 3304 2571 3374 μοδίους
2600 3307 2769 3372 σίτου,
2799 3309 2893 3361 καὶ
2931 3308 3145 3361 δώδεκα
3177 3310 3370 3375 ξέστας
3400 3311 3602 3367 ἐλαίου.

2046 3383 2216 3457 ’Υπὲρ
2240 3388 2332 3440 τοῦ
2364 3389 2605 3442 τοιούτου
2645 3393 3015 3461 καυχήσομαι,
3057 3388 3168 3455 οἷος
3230 3391 3296 3464 ἧν
3346 3389 3499 3457 οὗτος
3547 3394 3607 3449 ὃν

2028 3468 2342 3539 ἐγὼοέγνων
2367 3489 2381 3503 ⁸
2417 3472 2602 3526 τοῦτον
2624 3470 2740 3528 οἶδα
2771 3474 2879 3543 ἐγὼ
2907 3477 3253 3547 δακρύσαντα
3275 3478 3367 3530 ἐπὶ
3397 3478 3608 3549 ἀνδρῶν

2030 3554 2087 3605 ἐν
2112 3556 2328 3628 ἀνάγκη
2349 3557 2535 3623 όντων,
2569 3560 2665 3612 καὶ
2702 3560 3090 3630 ἀπορουμένων
3118 3562 3176 3613 ἐν
3201 3564 3435 3626 πενίαις,
3466 3580 3609 3633 παρ-

2033 3638 2306 3705 εσχηκότα
2340 3639 2392 3692 εῐ
2414 3656 2466 3690 τι
2508 3634 2677 3708 εἶχεν,
2700 3640 2840 3710 πλὴν
2867 3640 2962 3710 τῆς
2987 3642 3183 3694 ἑαυτοῦ
3233 3643 3452 3713 σαρκός.
3477 3642 3609 3695 Οἶδα

2027 3721 2216 3775 τοῦτον
2256 3721 2367 3790 ἐγὼ
2401 3722 2715 3777 κλαύσαντα
2738 3726 2830 3776 καὶ
2860 3725 2952 3776 ἐπὶ
2982 3725 3304 3790 ἐκπεσόντος
3342 3728 3399 3778 ἐν
3426 3727 3609 3797 ἀμαρ-

2029 3811 2177 3874 τίαις
2204 3826 2216 3839 ·
2241 3809 2299 3873 ὃς
2328 3812 2437 3873 τοῖς
2467 3810 2727 3880 δάκρυσιν
2746 3813 2824 3875 είς
2846 3811 3133 3881 μετάνοιαν
3160 3812 3367 3883 ήγαγεν
3396 3814 3485 3865 τὸν
3517 3815 3609 3866 ἐκ-

2028 3896 2280 3949 πεσόντα.
2313 3888 2483 3959 Οὗτός
2524 3897 2614 3966 μοί
2669 3913 2799 3948 ποτε
2852 3897 3179 3965 διωμόσατο,
3210 3899 3291 3951 ὅτι
3336 3899 3430 3951 τοῦ
3471 3900 3607 3953 Θεοῦ

2028 3979 2252 4048 ἐδεήθην
2277 3979 2479 4048 μηδένα
2504 3980 2678 4047 νύξαι,
2701 3980 2932 4050 μάλιστα
2948 3981 3054 4034 τῶν
3080 3981 3296 4050 φαύλων
3314 3982 3603 4048 πλουσίων,

2032 4063 2127 4115 ἐπὶ
2158 4062 2235 4131 τῷ
2258 4061 2440 4116 δοῦναί
2473 4064 2561 4133 μοί
2604 4081 2655 4116 τι
2689 4065 2797 4116 τῶν
2835 4064 3032 4135 χρειῶν
3052 4065 3377 4135 λιπομένων.

2109 4215 2262 4284 Ἐμοὶ
2288 4215 2343 4267 δὲ
2373 4214 2532 4267 τοῦτο
2566 4214 2728 4284 ἀρκεῖ
2749 4214 2808 4268 τὸ
2837 4217 3058 4287 μνήμην
3090 4218 3421 4288 πεποιῆσθαι
3477 4236 3609 4271 κατι-

2026 4298 2321 4368 αξιωθῆναι
2353 4298 2504 4368 παρά
2542 4299 2638 4368 τῆς
2678 4298 2828 4363 θείας
2867 4301 3088 4370 χάριτος
3120 4300 3325 4354 τούτων
3353 4300 3608 4354 ἁπάντων

2032 4384 2126 4437 καὶ
2162 4381 2453 4451 δυνηθῆναι
2502 4382 2671 4435 ταῦτα
2706 4388 2892 4454 γραφῇ
2922 4384 3383 4454 παραδεδωκέναι.
3411 4384 3609 4438 Οὐκέτι

2030 4468 2162 4536 γὰρ,
2193 4466 2267 4529 ὡς
2297 4464 2474 4539 οἶμαι,
2495 4466 2556 4519 τὸ
2584 4468 2868 4539 κινηθῆναί
2894 4485 2989 4521 σου
3020 4470 3117 4540 τὴν
3152 4469 3359 4541 ἀγαθὴν
3374 4470 3611 4524 διάνοιαν

2028 4553 2157 4605 ἄνευ
2195 4554 2293 4620 τῆς
2348 4552 2444 4605 τοῦ
2500 4550 2636 4604 Θεοῦ
2679 4554 2979 4622 ἐνεργείας,
3019 4555 3097 4616 εἰς
3144 4554 3205 4607 τὸ
3244 4554 3498 4618 ἐπιτάξαι
3544 4557 3607 4624 τῇ

2028 4639 2135 4708 ἐμῇ
2164 4636 2418 4707 οὑθενεία
2440 4636 2540 4708 τὴν
2569 4637 2821 4701 σύνταξιν
2838 4639 2931 4691 τοῦ
2974 4638 3178 4707 βιϐλίου
3206 4638 3395 4691 τούτου
3451 4638 3612 4705 ποιῆ-

2032 4744 2141 4780 σαι.
2175 4727 2270 4779 καὶ
2318 4728 2503 4795 γραφῇ
2560 4725 2893 4793 παραδοῦναι
2924 4728 3050 4789 τοὺς
3094 4724 3238 4794 βίους
3267 4725 3374 4778 τῶν
3438 4726 3610 4793 ἁγίων

2031 4813 2126 4865 καὶ
2166 4812 2452 4881 μακαρίων
2483 4812 2760 4880 Πατέρων.

2104 4939 2175 4991 Σὺ
2227 4937 2284 4989 δέ
2333 4952 2420 5003 γε,
2485 4936 2775 4989 πιστότατε
2802 4936 2955 4989 δοῦλε
3012 4937 3107 4990 τοῦ
3144 4937 3401 5007 Χριστοῦ,
3459 4939 3609 5009 τίμιε

2035 5020 2239 5085 Λαῦσε,
2266 5019 2362 5073 καὶ
2390 5020 2580 5072 πασῶν
2604 5020 2728 5089 ἐμοὶ
2753 5019 2881 5089 φίλη
2901 5020 2992 5073 καὶ
3010 5024 3355 5092 γνησιωτάτη
3376 5024 3608 5095 κεφαλὴ,

2035 5105 2210 5174 ἡδέως
2242 5103 2584 5173 ἐντυγχάνων
2603 5102 2775 5175 ταύτῃ
2806 5107 2873 5175 τῇ
2907 5104 3096 5174 βίϐλῳ,
3130 5106 3320 5176 ἱκανὴν
3340 5106 3611 5175 ὠφέλειαν

2034 5190 2129 5240 ἐπὶ
2171 5189 2236 5257 τῇ
2300 5188 2409 5239 τῶν
2464 5186 2687 5239 δικαίων
2734 5188 3029 5241 ἀναστάσει
3082 5189 3339 5259 παρέξεις
3403 5206 3497 5242 σου
3544 5194 3609 5259 τῇ

2036 5270 2287 5341 ἀθανάτῳ
2302 5270 2467 5341 ψυχῇ,
2505 5270 2614 5323 τῶν
2640 5271 2899 5341 ἀοιδίμων
2930 5271 3176 5341 ἀθλητῶν
3206 5274 3302 5335 τὰς
3326 5274 3610 5342 ἐναρέτους

2038 5356 2332 5419 πολιτείας,
2354 5358 2447 5408 καὶ
2481 5356 2609 5419 τοὺς
2652 5356 2821 5425 βίους,
2861 5358 2955 5409 καὶ
2991 5357 3117 5419 τοὺς
3148 5356 3364 5419 πόνους,
3391 5365 3483 5409 καὶ
3513 5357 3611 5428 τὴν

2038 5440 2305 5508 τοσαύτην
2352 5438 2649 5509 ὑπομονὴν,
2677 5441 2771 5492 καὶ
2835 5440 3131 5509 καρτερίαν
3191 5440 3611 5508 σκληραγωγίας

2042 5525 2333 5593 λαμϐάνων
2372 5525 2430 5576 ἐν
2480 5524 2575 5595 νῷ.
2610 5525 2782 5577 Ἒπου
2818 5526 3027 5586 τούτοις
3052 5522 3368 5594 προθύμως,
3402 5528 3609 5593 χρηστῇ

2042 5612 2137 5664 καὶ
2158 5610 2419 5681 ἀκηράτῳ
2447 5610 2780 5680 τρεφόμενος
2804 5609 2998 5673 ἐλπίδι,
3029 5609 3369 5680 βραχυτέρας
3399 5610 3478 5662 ἀεὶ
3506 5606 3614 5669 ’τὰς

2044 5695 2349 5766 ἔμπροσθεν
2364 5694 2471 5749 τῶν
2494 5692 2872 5765 δπισθενὸρῶν
2899 5694 3113 5765 ἡμέρας
3144 5709 3158 5722 ·
3195 5694 3287 5746 καὶ
3317 5693 3452 5763 ὑπὲρ
3478 5688 3612 5761 ἐμοῦ
