4080 6208
304 611 574 751 D53
705 601 1886 750 SANCTORUM
2011 589 3302 740 MACARIOBUM

1285 937 1622 999 AEGYPTII
1677 937 1768 996 ET
1811 932 2314 995 ALEXANDRINI

515 1460 1395 1580 QUAESTIONES
1461 1455 2046 1554 CRITICAE
2117 1454 2280 1547 ET
2355 1450 3119 1547 HISTORICAE

1134 1675 1442 1734 SCRIPSIT
1483 1673 1758 1730 EDlTOR.
1794 1671 2022 1727 EDITIO
2062 1669 2489 1726 RECOGNITA.

1434 2020 1697 2084 INDEX
1781 2017 2146 2082 CAPITUM
2164 2064 2180 2080 .

129 2417 355 2480 CAPUT
397 2417 445 2475 Ι.
497 2411 923 2488 Prolegomena.

131 2498 358 2558 CAPUT
410 2497 485 2555 II.
541 2492 846 2552 Palladius
878 2491 944 2550 de
971 2496 1161 2550 sancto
1190 2488 1454 2549 Macario
1484 2488 1782 2565 Aegyptio.

134 2579 359 2714 Caium
403 2576 482 2636 Ill
501 2621 516 2634 .
577 2572 882 2632 Palladius
913 2571 980 2630 de
1005 2576 1209 2630 sancto
1242 2567 1502 2629 Macario
1532 2567 1791 2625 Alexan-

259 2675 408 2714 rmo.

259 2675 408 2714 rmo.

1819 2411 1866 2465 Α
1973 2405 2172 2463 telerio
2226 2402 2399 2473 edita,
2459 2403 2679 2464 inedita
2719 2405 2974 2467 codicum
3034 2406 3542 2470 Vindobonensium

1977 2482 2261 2566 appendix
2292 2482 2558 2566 Cotelerii
2578 2484 3167 2566 _Apophtlzegmatum,
3202 2492 3348 2550 vitae
3375 2488 3547 2552 Sanc-

1980 2570 2166 2702 ξιον-μνη
2206 2563 2273 2623 de
2298 2564 2512 2625 sanctis
2565 2563 2852 2627 Macariis
2895 2563 3180 2649 Aegyptio
3207 2577 3261 2630 et
3286 2569 3551 2632 Alexan-

2024 2663 2170 2702 rma.

2024 2663 2170 2702 rtno.

140 2736 514 2824 CApu't‘_IV.
568 2731 814 2824 {lu/inus
841 2730 907 2790 de
935 2735 1150 2790 sanctis
1198 2727 1482 2789 Macariis
1525 2725 1794 2806 Aegyptio
1906 2723 2150 2824 CAeU'r‘
2178 2725 2380 2824 IVIII.'
2422 2722 2774 2824 Sanctorum
2832 2727 3234 2824 Macariorum
3283 2731 3554 2824 Αςραριίὶ

214 2824 263 2875 et
314 2813 746 2875 Alexandrino.

143 2900 362 2958 CAPUT
413 2897 486 2953 V.
543 2893 854 2971 Euagrius,
903 2889 970 2951 S.
1030 2888 1437 2971 Hieronymus,
1481 2883 1796 2971 Cassianus

221 2976 286 3034 de.
343 2976 555 3034 sanctis
607 2965 895 3034 Macariis
933 2970 1209 3048 Aegyptio
1251 2965 1300 3027 et
1359 2965 1785 3048 Alexandrino.

221 2991 286 3034 de
343 2991 555 3034 sanata
607 2991 895 3034 tuac-ams
933 2991 1016 3029 de
1053 2991 1209 3048 .I/ptw
1251 2991 1300 3027 et
1359 2991 1785 3026 Alexanarzno.

151 3057 381 3116 CAPUT
422 3056 522 3113 Vl.
605 3052 960 3112 Collectionis
1011 2991 1438 3109 glosweidianae
1497 3045 1634 3105 liber
1689 3053 1800 3105 ter-

225 3137 358 3198 tius,
429 3139 692 3214 quintus,
774 3139 988 3214 sextus,
1043 3130 1310 3214 septimus
1382 3128 1631 3214 ollarum
1691 3125 1802 3214 Pa-

1983 2811 2034 2864 et
2108 2804 2508 2864 Alexandrini
2576 2806 2820 2866 exilium
2896 2808 2994 2868 sub
3063 2809 3253 2871 Lucio
3319 2804 3553 2872 Ariona

1982 2882 2382 2944 Alexandriae
2466 2885 2744 2964 episcopo.
2833 2886 3108 2963 Socrates,
3187 2890 3550 2961 Sozomenus,

1985 2964 2252 3049 ceterique
2291 2983 2510 3049 ferum
2571 2967 3088 3049 ecclesiasticarum
3133 2977 3434 3049 scriptores
3492 2971 3560 3030 de

1991 3043 2218 3103 iisdem.
2275 3042 2516 3117 Quando
2566 3046 2837 3106 memoria
2895 3055 3219 3109 sanctorum
3247 3042 3559 3113 Macario-

1991 3143 2121 3184 rum
2149 3125 2420 3203 Aegyptii
2437 3132 2498 3207 et
2528 3124 2924 3207 Alexandrini
2963 3136 3199 3207 agatur.

226 3205 519 3302 trum_et-
533 3213 863 3302 sententiae
929 3205 1197 3302 Patrum.
1249 3207 1658 3302 Aegyptiorum
1736 3205 1803 3264 de
1914 3205 2147 3302 CA???
2205 3207 2325 3302 lii:
2400 3205 2511 3302 Au
2532 3213 2745 3302 sanctis
2819 3205 3106 3302 yacariis
3163 3210 3452 3302 Aegyptio
3521 3218 3572 3272 et

229 3296 442 3355 sanctis
486 3293 772 3353 Macariis
821 3291 1104 3371 Aegyptio
1149 3296 1198 3348 et
1233 3285 1664 3371 Alexandrino.

163 3374 384 3438 CAPUT
428 3375 558 3434 VII.
606 3364 1086 3452 Apophthejmata
1135 3389 1172 3429 a
1219 3367 1460 3428 Possino
1511 3373 1562 3426 et
1612 3385 1647 3425 α
1702 3364 1806 3426 Co-

677 3850 721 3919 1
767 3850 1004 3911 CAPUT
1048 3834 1354 3909 mtuum.

765 3963 1196 4008 PROLEGOMEN
1211 3967 1242 4004 Α
1255 3993 1267 4008 .

275 4044 306 4122 §
374 4050 432 4104 1.
498 4046 565 4106 ln
623 4047 986 4105 vastissimis
1044 4045 1271 4117 Libyae
1334 4043 1618 4112 desertis,
1676 4042 1843 4101 haud

199 4146 410 4216 procul
465 4162 501 4204 a
551 4144 788 4205 Nitriae
841 4143 1178 4217 paludibus
1245 4142 1411 4200 nitro
1475 4139 1840 4208 uberrimis,

199 4249 460 4314 quatuor
524 4243 606 4300 ad
674 4242 1048 4300 hodiernum
1116 4239 1284 4297 diem
1341 4244 1582 4296 exstant
1634 4252 1847 4296 mona-

200 4339 400 4397 steria.
430 4340 712 4410 Quorum
753 4352 969 4401 unum.
1003 4335 1173 4410 quod
1212 4336 1293 4394 ab
1321 4335 1456 4393 Itali
1497 4335 1846 4407 cujusdam,

204 4436 303 4507 qui
357 4439 621 4510 paludes
676 4438 820 4494 istas
873 4433 1074 4508 pretio
1115 4432 1435 4498 conduxit,
1486 4433 1742 4490 castello
1789 4433 1853 4490 in

207 4530 391 4592 Nitria
446 4536 597 4605 sito,
637 4539 937 4606 quantum
987 4531 1162 4590 horis
1199 4529 1452 4589 circiter
1490 4535 1630 4588 octo
1680 4529 1855 4587 asino

211 4638 414 4690 vectus
474 4630 854 4704 permeabis,
910 4630 1183 4702 spatium
1248 4628 1448 4700 abest,
1503 4626 1579 4684 ad
1648 4630 1858 4685 nostra

214 4743 402 4802 usque
496 4735 787 4800 tempora
862 4723 1270 4784 monasterium
1335 4727 1522 4782 sancti
1606 4719 1860 4780 Macarii

221 4826 610 4895 appellatur;
669 4826 911 4902 reliqua
961 4824 1226 4896 singula,
1283 4822 1543 4895 singulis
1571 4821 1861 4880 distincta

223 4924 600 4991 nominibus,
660 4924 723 4982 in
778 4925 1146 4982 universum
1201 4918 1334 4979 Abu
1389 4917 1601 4980 Macar
1651 4934 1866 4979 mona-

222 5020 406 5076 steria
448 5028 776 5094 vocantur,
825 5027 886 5079 et
937 5026 1062 5080 tota
1118 5019 1299 5094 regio
1348 5014 1702 5076 Macariana
1744 5034 1864 5074 ere-

1995 3283 2398 3344 Alexandrino
2449 3284 2778 3346 Macarium
2827 3285 2895 3349 S.
2952 3290 3198 3350 Antonii
3239 3283 3575 3353 ministrum

1995 3363 2246 3446 aliosque
2305 3366 2656 3446 cognomines
2698 3367 2948 3430 diversos
3003 3389 3116 3431 esse
3155 3371 3493 3438 ostenditur.

1869 3843 1909 3896 Β
1951 3861 2118 3906 mam
2189 3851 2434 3920 portam
2509 3847 2714 3906 lucem
2789 3848 3232 3918 intromittunt,
3313 3851 3597 3910 habitant

1952 3945 2246 4018 precibus
2310 3943 2534 4002 dediti.
2604 3944 2812 4004 Primo
2872 3960 3054 4005 mane
3104 3952 3363 4021 surgunt
3408 3953 3468 4008 et
3531 3947 3597 4005 in

1952 4042 2279 4102 ecclesiam
2312 4047 2671 4116 properant,
2706 4043 2814 4102 ubi
2843 4044 3152 4103 adsistunt
3181 4045 3376 4104 innixi
3415 4046 3602 4104 bacu-

1957 4140 2052 4208 lis,
2101 4140 2460 4198 Macarianis
2508 4141 2821 4214 hodieque
2869 4143 3224 4202 nominatis.
3277 4144 3602 4203 Rariorem

1959 4239 2034 4296 ad
2084 4252 2272 4310 quem
2313 4238 2400 4296 ibi
2445 4237 2606 4296 vitae
2657 4244 2941 4312 tempora
2993 4241 3340 4312 producant
3392 4241 3604 4311 ﬁnem,

1961 4334 2320 4407 exemplum
2351 4336 2514 4393 senis
2543 4337 2814 4395 ostendit
2845 4337 3016 4396 illius
3044 4353 3079 4395 a
3117 4338 3606 4408 Tiscbendorﬁo,

1963 4433 2143 4492 cuius
2217 4434 2572 4492 narratione
2633 4435 2872 4493 utimur
2935 4433 3046 4511 (1),
3110 4436 3198 4494 ibi
3267 4438 3608 4512 conspecti,

1967 4535 2217 4589 centum
2259 4529 2474 4602 viginti
2509 4545 2703 4589 annos
2733 4532 2883 4605 nati,
2923 4537 3256 4602 senectute,
3291 4534 3517 4608 vigiliis
3556 4540 3618 4594 et

1973 4628 2323 4700 pernicioso
2365 4629 2483 4686 sub
2528 4628 2902 4688 fervescente
2955 4630 3086 4689 sole
3133 4646 3354 4690 arenae
3406 4632 3620 4690 colore

1971 4726 2299 4784 oculorum
2354 4723 2588 4783 lumine
2641 4725 2888 4798 privati,
2937 4727 3149 4787 animo
3188 4729 3436 4788 coelum
3485 4744 3626 4802 spe-

1973 4823 2194 4881 ctantis
2221 4829 2283 4880 et
2328 4823 2428 4880 vix
2462 4837 2646 4881 unam
2678 4823 2804 4881 diei
2845 4824 3066 4883 horam
3106 4841 3326 4886 somno
3363 4827 3626 4900 largien-

1976 4920 2074 4978 tis.
2110 4920 2350 4978 Fratres
2390 4920 2453 4978 in
2492 4921 2854 4979 universum
2898 4923 3187 4995 pedibus,
3222 4926 3429 4996 quoad
3457 4924 3628 4984 calor

1979 5031 2205 5076 arenae
2248 5017 2578 5090 permittit,
2613 5019 2916 5091 inopertis
2948 5020 3261 5090 incedunt,
3302 5023 3628 5082 ecclesiam

225 5133 368 5175 mus.
452 5119 562 5190 Qui
619 5119 755 5178 illic
817 5119 1049 5191 degunt
1118 5116 1412 5176 monachi
1474 5115 1870 5189 paucissimis
1981 5129 2102 5174 non
2135 5115 2252 5172 nisi
2282 5115 2466 5173 nudis
2498 5116 2766 5188 pedibus
2794 5117 3046 5176 intrant.
3080 5118 3311 5188 Quodsi
3343 5119 3633 5180 Tischen-

228 5217 360 5274 anni
421 5217 658 5276 diebus
720 5229 905 5274 carne
957 5219 1312 5285 vescuntur,
1379 5219 1657 5272 ceterum
1712 5228 1871 5287 pane
1903 5195 1944 5249 (ἶ
1983 5213 2128 5271 dort‘
2171 5212 2455 5271 habitum
2510 5214 2774 5272 fratrum
2815 5214 3071 5274 illorum
3119 5231 3193 5274 ex
3245 5218 3416 5275 omni
3458 5224 3636 5292 parte

231 5313 429 5374 vivunt
495 5321 560 5374 et
619 5312 896 5372 lentlbus
952 5312 1148 5372 bulbo
1204 5317 1264 5370 et
1317 5309 1460 5370 oleo
1516 5311 1868 5385 permixtis,

229 5415 402 5484 atque
456 5413 522 5471 in
571 5409 844 5478 cellulis,
900 5425 1058 5484 quae
1111 5423 1236 5469 non
1289 5408 1409 5468 nisi
1451 5422 1562 5481 per
1599 5408 1871 5468 arctissi-

1983 5310 2433 5383 descripsisset,
2491 5317 2730 5370 veteres
2800 5327 2922 5371 non
2970 5313 3191 5372 dubito
3242 5314 3437 5374 Scetis
3493 5317 3640 5376 soli-

1983 5407 2218 5467 tudinis
2271 5407 2323 5477 2
2375 5408 2596 5469 fratres
2646 5441 2724 5452 —
2774 5409 2866 5469 sic
2907 5409 3078 5470 enim
3127 5410 3479 5475 Macariana
3522 5415 3642 5474 ista

297 5595 370 5668 (l)
399 5595 772 5654 Constantia.
801 5591 1194 5652 Tischendorf
1213 5593 1384 5652 Reice
1418 5592 1484 5650 in
1511 5591 1633 5650 den
1666 5591 1866 5650 Orient
1897 5593 2056 5650 1846.
2084 5592 2144 5648 'l‘.
2172 5591 2217 5660 Ι,
2247 5607 2308 5665 p.
2339 5592 2437 5648 uo
2463 5607 2603 5667 sqq.

508 5694 752 5750 PATROL.
789 5691 897 5751 Gn.
939 5690 1194 5750 XXXIV.

381 5850 591 6096 ιδλῶ

3333 5696 3365 5752 ί
