4094 6208
80 4232 217 4278 ..κ-’κβ

466 282 500 335 3
1338 278 1439 333 SS.
1483 275 1968 333 MACABIORUM
2011 274 2349 335 AEGYPTII
2387 279 2476 336 ET
2512 282 3005 343 ALEXANDRINI
3843 304 3873 358 4

454 423 708 469 eremus
736 409 796 467 et
823 406 1096 480 antiquis
1127 410 1188 464 et
1237 407 1466 489 nostris
1496 406 1895 478 temporibus
1926 406 2110 477 vulgo
2142 406 2187 457 A
2220 408 2405 467 nibus
2433 413 2672 484 optime
2705 418 3023 475 convenit.
3065 418 3260 476 Etiam
3297 421 3613 492 Ludolfus,
3667 432 3875 488 rector

457 506 813 581 appellatur
851 537 931 548 —
976 519 1084 563 eos
1132 504 1458 570 nimirum,
1522 505 1627 577 qui
1688 506 1767 560 ab
1824 502 2107 577 Evagrio,

461 606 769 676 Cassiano,
824 603 966 662 aliis
1019 602 1493 674 describuntur,
1543 608 1682 659 ante
1736 602 1953 660 oculos
2006 604 2114 661 ha-

461 704 613 762 bere
696 702 1009 759 crederes.
1090 699 1227 772 ipsa
1311 700 1688 757 monasteria
1758 701 2114 758 etiamnunc

459 801 759 875 quadrata
813 808 919 858 aut
968 799 1378 872 quadrilonga
1436 799 1632 856 forma
1684 805 1825 855 sunt
1881 804 1942 855 et
1981 812 2115 856 mu-

460 899 571 966 ris,
649 899 811 955 intra
888 912 1046 969 quos
1110 897 1399 954 hortulus
1466 895 1762 960 nutritur,
1828 898 2107 968 obsepta.

459 997 574 1056 Fac
618 1003 678 1054 te
708 995 922 1052 videre
954 994 1084 1051 illic
1109 1008 1323 1051 senem
1359 993 1674 1065 quendam
1707 1007 1984 1061 caecum,
2022 1000 2114 1051 ter

459 1096 656 1153 altare
707 1091 1336 1163 circumgredientem
1386 1096 1445 1148 et
1494 1091 1751 1149 iuvenili
1781 1105 1931 1149 voce
1963 1092 2112 1148 alle-

462 1192 590 1251 luia
619 1195 964 1256 canentem,
1017 1193 1123 1246 aut
1151 1188 1330 1245 illum
1384 1194 1635 1246 centum
1679 1188 1893 1261 viginti
1921 1202 2116 1246 annos

462 1294 700 1359 natum,
747 1288 904 1345 cella
934 1285 1357 1358 egredientem
1389 1290 1450 1343 et
1479 1286 1733 1343 abeunti
1764 1286 1877 1344 tibi
1929 1288 2117 1344 bene-

464 1387 800 1455 dicentem,
851 1383 1155 1442 ineffabili
1204 1384 1337 1441 sine
1388 1384 1584 1441 dubio
1640 1391 1699 1442 et
1756 1384 1911 1456 ipse,
1957 1385 2118 1443 sicut

462 1482 891 1549 Tischendorf,
935 1482 1403 1555 perfundereris
1452 1482 1872 1539 venerationis
1907 1497 2113 1541 sensu.

465 1585 714 1644 Circum
748 1597 842 1651 ea,
900 1595 1061 1652 quae
1091 1579 1245 1649 dixi,
1298 1584 1570 1651 quatuor
1624 1579 2006 1638 monasteria
2060 1586 2121 1639 et

466 1680 700 1741 Nitriae
775 1684 1039 1749 montes,
1121 1678 1252 1749 qui,
1335 1677 1692 1748 paullulum
1746 1678 2115 1745 eminentes,

467 1779 727 1853 paludes
758 1778 895 1835 illas
924 1776 989 1832 in
1021 1774 1226 1846 ampla
1271 1775 1433 1832 valle
1474 1776 1622 1833 sitas
1666 1776 2018 1839 includunt,
2054 1776 2118 1832 in
2152 1761 2189 1814 Β

467 1874 746 1935 arenosis
798 1879 981 1946 atque
1040 1873 1367 1930 immensis
1441 1872 1913 1945 solitudinibus,
1973 1887 2118 1945 per-

466 1974 664 2033 multa
734 1973 881 2030 hinc
931 1971 1105 2029 illinc
1177 1970 1425 2029 moenia
1494 1971 1965 2044 conspiciuntur
2036 1978 2121 2029 te-

465 2071 708 2141 stantia,
771 2074 1002 2143 quanta
1046 2068 1201 2127 olim
1254 2068 1344 2125 ibi
1397 2069 1704 2127 exstiterit
1757 2068 1938 2141 copia
1988 2082 2121 2128 mo-

466 2169 883 2229 nasteriorum
912 2162 999 2241 (t)
1013 2212 1026 2224 .

549 2266 579 2344 ἓ
626 2267 685 2324 2.
722 2266 1025 2325 Macarius
1079 2263 1208 2330 ille,
1255 2265 1434 2323 cuius
1474 2265 1731 2322 nomine
1771 2279 2023 2323 eremus
2059 2270 2121 2324 et

469 2366 852 2426 monasteria
918 2364 1258 2422 hodiedum
1331 2364 1727 2436 appellantur
1792 2397 1867 2404 —
1922 2365 2121 2438 ipsius

470 2466 700 2538 imago,
758 2477 881 2535 qua
947 2460 1170 2519 baculo
1227 2461 1476 2519 innixus
1522 2462 1932 2534 conspicitur,
1983 2463 2121 2521 istic

467 2561 971 2636 frequentissima
1028 2564 1125 2618 est
1174 2556 1259 2635 (2)
1313 2589 1392 2601 —
1439 2558 1557 2617 nisi
1598 2574 1695 2617 me
1736 2562 1946 2619 omnia
2004 2562 2120 2619 fal-

466 2662 624 2726 lunt,
687 2658 1028 2732 Aegyptius
1071 2657 1372 2715 Macarius
1431 2658 1566 2722 fuit,
1622 2658 1864 2730 primus
1918 2659 2121 2719 Scetis

464 2758 820 2819 solitudinis
865 2756 1069 2815 incola
1120 2753 1228 2830 (3),
1286 2755 1493 2812 clarus
1540 2755 1898 2820 virtutibus,
1940 2772 2118 2831 egre-

464 2857 602 2931 gius
640 2860 825 2927 atque
874 2854 1141 2912 invictus
1183 2852 1413 2909 athleta
1464 2851 1568 2909 Dei
1615 2850 1720 2928 (4).
1760 2854 1843 2911 Ac
1872 2856 2118 2913 moenia

463 2954 693 3024 vicina,
725 2966 886 3025 quae
920 2952 980 3008 in
1012 2950 1240 3007 mediis
1271 2949 1402 3006 illis
1429 2950 1693 3008 desertis
1730 2952 2118 3010 creberrima

463 3056 723 3119 exstant,
787 3047 1339 3108 monasteriorum.
1398 3062 1557 3120 quae
1597 3063 1633 3104 a
1698 3056 1921 3121 quarto
1987 3066 2118 3109 sae-

2219 509 2517 567 ecclesiae
2608 513 2989 583 parochialis
3061 516 3123 573 in
3209 517 3498 587 Suchem,
3570 523 3876 585 dioecesis

2221 603 2768 675 Paderbornensis,
2830 609 2893 666 in
2951 612 3113 669 libro
3170 633 3199 666 «
3254 614 3332 672 De
3389 616 3617 677 itinere
3667 626 3871 682 terrae

2221 706 2488 769 sanctae,
2542 722 2574 758 »
2625 719 2815 777 quem
2861 708 3028 766 circa
3085 725 3140 766 a.
3200 712 3350 770 i350
3395 720 3766 787 composuit,
3795 722 3871 779 de

2223 799 2347 856 illis
2376 802 2770 860 monasteriis
2802 805 2955 862 haec
3000 808 3255 866 tradidit
3290 826 3303 866 :
3341 829 3372 864 «
3407 811 3557 871 item
3590 814 3653 872 in
3689 818 3872 891 Aegy-

2223 901 2330 968 pto
2369 897 2572 955 adhuc
2610 915 2797 972 quam
2830 903 3103 973 plurima
3143 912 3301 965 stant
3343 907 3576 982 integra
3607 914 3879 973 claustra

2222 999 2282 1051 et
2325 997 2722 1063 monasteria,
2766 1000 3063 1059 ecclesiae
3106 1009 3165 1060 et
3213 1006 3588 1077 eremitaria,
3625 1011 3733 1069 sed
3779 1019 3880 1070 ta-

2224 1105 2366 1149 men
2423 1092 2687 1165 deserta,
2741 1102 2801 1153 et
2862 1098 3097 1171 optime
3155 1102 3421 1172 depicta,
3475 1106 3578 1163 sed
3632 1107 3873 1178 pictura

2224 1202 2337 1260 per
2410 1189 2748 1250 Saracenos
2821 1202 2913 1252 est
2993 1197 3416 1259 diversimode
3492 1202 3864 1275 vituperata.

2224 1286 2375 1344 item
2429 1288 2493 1345 in
2539 1290 2801 1349 desertis
2857 1295 3115 1366 Aegypti
3166 1297 3369 1355 adhuc
3420 1303 3508 1357 tot
3551 1306 3712 1358 stant
3750 1302 3881 1360 cel—

2225 1383 2389 1441 lulae
2445 1391 2507 1443 et
2557 1396 2913 1447 sanctorum
2968 1392 3215 1449 Patrum
3270 1396 3651 1465 eremitaria,
3708 1401 3876 1471 quod

2227 1480 2291 1539 in
2338 1483 2658 1554 aliquibus
2704 1487 2880 1552 locis,
2926 1494 2991 1545 ut
3035 1491 3245 1557 credo,
3298 1506 3411 1563 per
3450 1494 3574 1552 duo
3619 1498 3712 1554 vel
3764 1499 3878 1555 tria

2227 1579 2543 1645 milliaria,
2579 1582 2656 1639 de
2704 1597 2828 1640 uno
2882 1585 2957 1641 ad
3012 1587 3179 1645 aliud
3232 1590 3426 1660 possit
3468 1593 3772 1663 sagittari,
3820 1601 3881 1653 et

2228 1677 2292 1734 in
2332 1692 2522 1750 quam
2568 1679 2860 1751 pluribus
2900 1683 3103 1740 adhuc
3144 1685 3375 1757 degunt
3424 1688 3556 1745 indi
3610 1688 3876 1752 Nubiani

2227 1776 2293 1832 et
2327 1774 2599 1845 Suriani,
2646 1777 2722 1835 ad
2772 1778 3057 1837 ordinem
3108 1782 3303 1839 sancti
3353 1785 3601 1843 Antonii
3653 1794 3712 1845 et
3755 1790 3872 1847 Ma-

2228 1872 2380 1929 carii
2440 1888 2505 1930 se
2562 1872 2880 1933 habentes.
2944 1877 3008 1933 in
3070 1879 3165 1935 his
3217 1880 3475 1939 desertis
3546 1884 3704 1943 Deus
3768 1900 3882 1958 per

2228 1975 2471 2027 sanctos
2496 1970 2704 2028 Patres
2734 1974 2928 2030 multa
2973 1975 3291 2034 mirabilia
3334 1984 3426 2036 est
3458 1987 3776 2056 operatus,
3820 1989 3882 2043 et

2229 2067 2586 2141 specialiter
2667 2069 2728 2127 in
2808 2070 2945 2129 loco
3014 2074 3121 2145 qui
3198 2072 3390 2131 Stichi
3462 2074 3600 2154 [leg
3671 2075 3875 2149 Scit/ai,

2228 2162 2404 2242 Scete]
2439 2167 2690 2238 dicitur,
2742 2183 2853 2239 per
2894 2176 3138 2228 sanctos
3190 2172 3521 2233 Antonium
3568 2180 3629 2233 et
3674 2178 3883 2236 Maca-

2230 2264 2419 2331 rium,
2455 2270 2523 2322 ut
2552 2264 2616 2321 in
2648 2264 2793 2323 vitis
2823 2266 3070 2324 Patrum
3102 2269 3477 2329 continetur.
3514 2272 3578 2329 ln
3624 2273 3743 2332 hoc
3771 2276 3877 2334 de-

2229 2367 2395 2420 serto
2430 2367 2522 2420 est
2561 2364 2735 2421 locus
2772 2365 2889 2421 sub
2928 2364 3227 2423 altissima
3256 2372 3318 2424 et
3356 2370 3667 2429 artissima
3697 2387 3877 2447 rupe,

2230 2475 2355 2533 quo
2392 2465 2640 2517 sanctus
2680 2461 2985 2519 Antonius
3023 2463 3303 2536 degebat,
3347 2471 3407 2523 et
3447 2481 3521 2524 ex
3565 2469 3672 2527 illa
3722 2485 3879 2543 rupe

2229 2558 2564 2616 fonticulus
2620 2558 2814 2615 effluit
2860 2559 2935 2616 ad
2995 2560 3389 2633 semijactum
3446 2565 3673 2636 lapidis
3725 2582 3880 2626 cur-

2233 2671 2372 2712 rens
2420 2656 2482 2712 in
2526 2656 2840 2727 sabulum,
2891 2663 2956 2714 ut
3004 2672 3165 2729 aqua
3211 2659 3398 2717 ﬂuida
3440 2663 3647 2721 nivem
3694 2663 3883 2723 intrat

2228 2759 2289 2811 et
2331 2754 2492 2811 ultra
2536 2767 2659 2810 non
2712 2761 2991 2825 apparet.
3044 2754 3213 2812 Idem
3272 2757 3442 2815 locus
3497 2776 3530 2815 a
3587 2762 3883 2833 plurimis

2228 2866 2412 2909 causa
2453 2851 2805 2908 devotionis
2849 2856 2909 2908 et
2948 2852 3373 2913 delectationis
3419 2856 3722 2924 visitatur,
3778 2865 3883 2916 at-

2227 2963 2349 3021 que
2392 2948 2577 3006 etiam
2628 2962 2739 3020 per
2767 2949 3028 3019 gratiam
3082 2949 3183 3008 Dei
3231 2957 3290 3009 et
3336 2952 3639 3011 honorem
3679 2956 3877 3013 sancti

2228 3046 2476 3105 Antonii
2527 3047 2759 3103 multae
2812 3046 3203 3105 inﬁrmitates
3253 3063 3327 3107 ex
3386 3050 3521 3121 ipso
3569 3052 3736 3109 fonte
3771 3068 3877 3110 sa-

2152 3113 2190 3167 C

464 3149 607 3209 culo
651 3148 893 3206 circum
949 3146 1209 3204 Nitriam
1259 3150 1320 3201 et
1363 3146 1424 3201 in
1474 3146 1726 3204 Cellulis
1769 3147 2116 3206 ﬂoruerunt
2152 3144 2190 3167 υ
2226 3154 2452 3200 nantur
2491 3152 2551 3199 et
2602 3144 2911 3212 fugantur.
2947 3144 3096 3200 Nam
3137 3145 3273 3202 eius
3319 3146 3693 3217 specialibus
3722 3162 3879 3219 pre-

466 3246 841 3313 innumera,‘
894 3241 1282 3299 venerandae
1355 3242 1742 3311 antiquitatis
1812 3244 2115 3314 reliquiae

465 3347 628 3407 sunt,
681 3354 882 3412 neque
921 3339 1150 3396 iniuste
1194 3338 1413 3395 fratres
1457 3339 1787 3395 Macariani
1824 3341 2112 3398 coenobii

464 3456 539 3498 ex
598 3437 934 3497 traditione
997 3434 1445 3493 monasterium
1506 3448 1689 3492 suum
1748 3442 1889 3494 ante
1942 3438 2113 3495 mille

462 3536 835 3609 quingentos
909 3547 1107 3590 annos
1179 3531 1505 3589 fundatum
1579 3547 1714 3590 esse
1782 3536 2112 3593 contende-

460 3640 608 3692 runt
637 3631 749 3709 (ὅ),
797 3630 988 3703 quod,
1036 3629 1182 3687 licet
1225 3643 1349 3687 non
1388 3629 1465 3687 de
1517 3631 1739 3702 muris,
1789 3632 1895 3704 qui
1948 3647 2111 3690 nunc

456 3736 821 3797 cernuntur,
886 3736 1096 3787 tamen
1144 3727 1221 3784 de
1277 3727 1482 3798 prima
1536 3729 1825 3786 coenobii
1881 3729 2109 3787 funda-

452 3830 624 3888 tione
673 3832 846 3885 certo
901 3824 1027 3883 dici
1083 3828 1305 3897 potest.
1365 3825 1488 3882 Nec
1536 3825 1785 3884 silentio
1835 3832 2108 3899 praeter-

452 3926 657 3985 eunda
716 3939 851 3983 esse
917 3921 1295 3995 perpulchra
1354 3920 1462 3978 illa
1518 3921 1774 3980 traditio
1834 3924 2100 3993 videtur,

448 4040 572 4100 qua
599 4022 939 4097 praeterito
967 4017 1018 4086 3
1060 4020 1308 4077 saeculo
1348 4018 1595 4077 cuidam
1639 4020 1701 4077 in
1742 4020 1869 4079 illis
1908 4024 2104 4094 regio-

448 4122 637 4180 nibus
684 4118 1104 4191 peregrinanti
1161 4114 1249 4191 (6)
1275 4116 1469 4173 abbas
1516 4118 1844 4175 Macariani
1890 4133 2102 4176 mona-

445 4218 621 4277 sterii
654 4213 1003 4278 affirmavit,
1041 4213 1103 4269 in
1136 4212 1310 4269 Scete
1340 4218 1399 4268 et
1432 4213 1493 4268 in
1522 4213 1751 4270 Nitriae
1784 4216 2101 4274 montibus

443 4320 533 4374 tot
578 4314 731 4371 olim
766 4310 1071 4369 exstitisse
1115 4309 1513 4376 monasteria,
1548 4315 1700 4382 quot
1729 4326 1925 4370 annus
1964 4314 2098 4371 dies

2223 3238 2405 3295 cibus
2461 3253 2533 3294 ex
2594 3252 2748 3309 rupe
2805 3239 3083 3296 creditur
3142 3242 3475 3301 fonticulus
3542 3244 3873 3317 efﬂuxisse,

2223 3336 2393 3407 quod
2443 3335 2628 3391 etiam
2658 3333 2811 3391 bene
2846 3340 3030 3406 patet,
3083 3340 3228 3408 quia
3278 3356 3401 3398 non
3443 3341 3685 3399 videtur
3732 3340 3878 3414 plus

2222 3432 2492 3502 ﬂuxisse,
2546 3445 2734 3503 quam
2776 3432 2851 3487 ad
2902 3434 3219 3490 modicum
3253 3436 3589 3495 habitaculi
3637 3438 3756 3507 sui,
3808 3444 3873 3497 et

2222 3528 2542 3586 hortulum
2591 3543 2772 3585 suum
2821 3529 3108 3601 irrigasse
3163 3528 3272 3606 (7).
3341 3555 3362 3586 ι

2303 3626 2552 3684 Macarii
2600 3626 2884 3698 Aegyptii
2941 3629 3389 3686 monasterium
3449 3632 3512 3687 in
3560 3632 3733 3690 Scete
3782 3635 3871 3691 si-

2218 3731 2352 3784 tum
2408 3746 2428 3775 ι
2479 3739 2589 3796 per
2632 3723 2756 3780 diei
2817 3731 2876 3781 et
2928 3724 3126 3781 noctis
3168 3726 3286 3781 iter
3327 3748 3347 3779 ι
3395 3742 3428 3783 a
3460 3728 3655 3786 Nitria
3683 3730 3870 3788 dista-

2217 3823 2343 3889 bat,
2395 3826 2463 3879 ut
2519 3820 2710 3879 refert
2763 3819 3033 3892 scriptor
3086 3819 3232 3878 libri
3283 3824 3539 3881 secundi
3583 3825 3865 3886 Vitarum

2216 3918 2494 3991 Patrum,
2555 3932 2710 3989 quas
2769 3916 2966 3974 edidit
3026 3919 3388 3977 Hosweidus
3442 3918 3581 3996 (8);
3636 3924 3867 3983 Nitriae

2214 4017 2522 4075 montium
2582 4014 2959 4072 monasteria
3023 4016 3383 4075 fundaverat
3432 4017 3497 4076 S.
3568 4021 3861 4092 Ammon,

2211 4115 2319 4187 qui
2368 4114 2701 4185 superstite
2750 4112 2938 4169 etiam
2970 4112 3035 4170 S.
3100 4114 3366 4173 Antonio
3411 4115 3576 4173 diem
3623 4131 3865 4189 supre-

2212 4227 2383 4270 mum
2452 4210 2611 4269 obiit
2680 4208 2790 4285 (9),
2864 4210 3155 4283 ideoque,
3228 4213 3392 4284 quod
3461 4212 3619 4270 infra
3685 4219 3863 4286 pale-

2209 4311 2320 4379 bit,
2408 4308 2708 4367 Macarios
2782 4314 3027 4365 nostros
3114 4313 3311 4366 aetate
3395 4310 3859 4383 aliquantulum

440 4416 751 4477 numeret;
809 4409 1024 4480 idque,
1075 4407 1125 4464 si
1181 4420 1338 4471 rem,
1400 4420 1523 4465 non
1581 4408 1771 4466 verba
1829 4417 2089 4485 spectas,
2125 4456 2169 4510 Β
2204 4408 2559 4482 praecessit.
2596 4407 2705 4464 llle
2736 4420 2883 4464 vero
2930 4406 3123 4473 locus,
3174 4406 3280 4465 ubi
3324 4409 3481 4466 alter
3522 4409 3849 4484 Macarius,

437 4525 582 4572 cum
631 4508 827 4567 variis
868 4504 1071 4579 quarti
1114 4509 1175 4562 et
1211 4503 1415 4577 quinti
1468 4505 1699 4564 saeculi
1744 4511 2091 4570 enarratio~

504 4779 581 4851 (ι)
624 4772 1012 4833 Tischendorf
1050 4772 1089 4828 l.
1153 4771 1197 4829 l.
1254 4790 1272 4845 ;
1339 4774 1400 4829 G.
1460 4774 1782 4832 Wilkinson
1846 4782 2083 4839 Modern

431 4870 625 4939 Egypt
663 4865 782 4921 and
829 4862 1056 4919 Thebes
1116 4862 1248 4916 1843
1300 4862 1428 4917 Vol.
1490 4867 1510 4918 ι
1552 4880 1607 4935 ρ.
1664 4869 1766 4921 382
1806 4884 1937 4941 sqq.

500 4956 576 5027 (2)
625 4950 1014 5009 Tischendorf
1045 4950 1084 5005 1.
1141 4951 1178 5004 l.
1222 4966 1281 5022 p.
1338 4952 1457 5005 123.

499 5044 577 5116 (3)
609 5042 878 5098 Cassian.
911 5039 1051 5096 Coll.
1084 5040 1184 5094 XV
1230 5055 1366 5111 cap.
1400 5044 1453 5106 3,
1490 5044 1756 5099 Cassiani
1798 5047 1946 5119 Opp.
1980 5051 2073 5105 ed,

424 5132 708 5188 Gazaeus.
751 5129 908 5200 Lips.
946 5127 1081 5182 1733
1114 5143 1172 5199 p.
1205 5126 1328 5191 468,
1362 5130 1549 5200 Migne
1582 5133 1793 5188 Patrol.
1826 5136 1883 5190 Τ.
1917 5137 2070 5197 XLIX

2204 4506 2658 4566 Alexandrinus
2758 4502 3252 4577 cognominatus,
3353 4506 3460 4579 qui
3571 4510 3856 4581 aequalis

2196 4777 2561 4836 Wandslebii
2599 4776 3057 4847 descriptionem
3102 4775 3597 4830 monasteriorum
3636 4774 3842 4831 codice

2194 4869 2436 4926 arabico
2466 4868 2706 4938 antiquo
2736 4866 3118 4934 desumptam
3162 4864 3219 4918 in
3257 4863 3407 4918 libro
3448 4862 3541 4918 cui
3586 4860 3791 4918 titulus
3827 4880 3842 4919 :

2196 4958 2414 5015 Paulus
2442 4955 2796 5024 Sammlung
2834 4953 2941 5007 der
2972 4950 3508 5021 merkwﬁrdigsten
3539 4950 3749 5006 Reisen
3780 4952 3843 5007 in

2188 5048 2306 5104 den
2338 5046 2617 5103 Orient'i‘.
2649 5043 2720 5098 ill
2752 5059 2810 5113 p.
2857 5044 2957 5096 255
2990 5055 3126 5111 sqq.

2258 5136 2335 5206 (7)
2366 5132 2618 5200 Ludolti,
2651 5130 2895 5187 rectoris
2926 5125 3212 5183 ecclesiae
3243 5126 3603 5196 parochialis
3634 5127 3694 5182 in
3725 5127 3840 5183 Su-

422 5237 479 5294 p.
534 5222 657 5277 995.
2182 5224 2378 5288 ehem,
2414 5223 2486 5278 de
2513 5222 2722 5277 itinere
2759 5224 2952 5273 terrae
2990 5218 3235 5271 sanctae
3271 5213 3440 5271 liber.
3469 5217 3632 5272 Nach
3675 5214 3838 5272 alien

493 5311 570 5380 (4)
623 5305 873 5363 Historia
931 5304 1220 5360 Lausiaca
1260 5304 1501 5360 Palladii
1552 5309 1834 5366 Macarios
1874 5318 2065 5387 Aegy-
2182 5310 2636 5368 Handschriften
2666 5306 2977 5373 berichligt
3005 5303 3494 5374 herausgegeben
3527 5318 3648 5361 von
3676 5302 3744 5359 Dr
3773 5306 3836 5361 F.

418 5399 610 5471 ptium
636 5394 1168 5453 etAlexandrinum
1204 5400 1375 5448 vocat
1407 5402 1633 5465 γενναί
1670 5419 1778 5462 ους
1813 5400 2062 5477 ἄνδρας

2228 5401 2392 5473 eyks.
2424 5400 2712 5470 Stuttgart
2738 5396 2871 5451 1851
2908 5409 2968 5463 p.
3003 5394 3063 5447 61
3104 5408 3196 5466 sq.

414 5492 523 5540 καὶ
555 5485 1138 5556 ἀκαταγωνίστους
1177 5481 1472 5545 ἀθλητάς.
1503 5485 1753 5545 Cf.iufra
1781 5494 2055 5563 Caputll.

2247 5494 2323 5563 (8)
2357 5492 2463 5545 VV.
2514 5491 2613 5543 PP.
2644 5486 2737 5542 ed.
2772 5488 2969 5541 Bosw.
2998 5481 3109 5538 lib.
3154 5482 3197 5535 ll
3225 5498 3365 5555 cap.
3399 5486 3466 5537 29
3502 5480 3606 5537 Ed.
3653 5482 3830 5539 Autv.

483 5576 560 5649 (5)
591 5572 980 5632 Tischendorf
1006 5572 1047 5627 l-
1078 5572 1117 5627 l.
1153 5587 1213 5642 p.
1250 5575 1368 5628 127.
2174 5582 2309 5640 1628
2334 5596 2397 5669 p.
2421 5579 2548 5644 481,
2579 5583 2627 5669 ξ.
2659 5574 2743 5669 cr.
2776 5572 2934 5669 intra
2957 5573 3249 5669 Caputiv.
3426 5656 3457 5669 η

480 5665 559 5741 (6)
607 5663 759 5721 Patri
798 5660 1064 5727 Sicardo,
1106 5660 1491 5719 Tischendorf
1522 5664 1561 5720 l.
1604 5671 1648 5725 l.
1707 5672 1939 5741 p.1l7.
1978 5674 2076 5745 Cf,
2236 5672 2315 5744 (9)
2387 5668 2522 5726 Vita
2570 5667 2629 5723 S.
2703 5662 2960 5759 Antonii,
3136 5658 3462 5725 Athanasii
3523 5660 3684 5733 Opp.
3720 5658 3827 5719 ed.

3544 5858 3579 5927 ἰ

430 5946 465 5969 ’⁸
3592 5936 3668 6009 Ι]
