4080 6208
188 310 221 375 5
1801 302 2017 368 Vl'mi.
3578 316 3612 380 6

184 444 473 517 Aegyptio
527 441 670 507 fuit,
696 438 981 505 sedebat,
1028 440 1110 496 ob
1160 438 1531 497 cellularum
1573 437 1661 494 ibi
1714 436 1844 493 dis—
1877 425 1922 495 Α
1956 449 2098 494 rum
2135 437 2507 509 saepissime
2552 440 2909 511 utebantur,
2938 442 3023 501 ita
3046 446 3333 521 quidem,
3379 455 3448 511 ut
3483 452 3604 521 sol,

187 555 507 617 persarum
587 536 1061 596 multitudinem
1135 536 1329 593 Cellia
1405 549 1514 593 seu
1570 533 1843 594 Cellulae
1952 548 2023 591 se
2071 534 2134 590 in
2192 533 2412 591 cellam
2469 538 2845 596 monasterio
2896 540 3165 599 vicinam
3227 547 3603 620 reciperent,

183 641 644 702 nominabatur,
739 649 903 707 quae
974 633 1196 692 eodem
1264 632 1374 690 illo
1436 638 1690 690 auctore
1756 631 1849 689 di-

182 742 419 798 stabant
457 736 681 794 decem
728 733 858 791 fere
890 729 1183 788 milliaria
1232 745 1267 786 a
1312 730 1506 787 Nitria
1551 729 1613 786 in
1664 729 1849 786 inter-

180 840 356 896 riore
426 835 664 890 deserto
729 828 852 905 (1).
927 828 1099 887 Unde
1164 826 1505 899 colligitur,
1590 828 1849 883 Alexan-

195 935 361 994 drini
444 930 912 993 habitationem,
997 926 1138 984 licet
1225 925 1419 982 Nitria
1493 925 1556 981 in
1640 922 1846 981 medio

203 1032 507 1101 utriusque
550 1026 751 1099 posita
808 1028 994 1086 esset,
1041 1029 1207 1080 certe
1241 1022 1411 1081 haud
1458 1023 1727 1079 multum
1768 1019 1847 1077 ab

196 1127 440 1200 Aegypti
530 1122 928 1182 monasteriis
978 1126 1282 1178 remotam
1369 1119 1587 1177 fuisse.
1658 1119 1848 1175 Tanta

187 1231 387 1283 autem
463 1223 627 1279 fama
691 1222 964 1279 duorum
1016 1217 1428 1276 Macariorum
1492 1222 1624 1274 erat
1686 1215 1849 1273 inter

183 1323 352 1381 illius
396 1320 671 1392 regionis
700 1318 948 1385 fratres,
1008 1323 1072 1373 ut
1101 1316 1308 1373 eidem
1362 1314 1600 1372 auctori
1642 1320 1848 1386 patres

182 1420 443 1494 quidam
501 1418 563 1474 in
595 1416 803 1474 Celliis
833 1419 1184 1481 narrarent,
1239 1413 1397 1471 duos
1442 1412 1505 1470 in
1537 1410 1690 1469 locis
1717 1409 1848 1467 istis

183 1517 487 1577 Macarius
548 1538 577 1566 ‹‹
656 1514 836 1586 quasi
895 1513 1021 1570 duo
1104 1510 1262 1569 caeli
1345 1510 1585 1567 lumina
1662 1507 1849 1565 reful-

181 1619 335 1675 sisse
394 1614 512 1687 (2).
554 1632 583 1664 ι)
625 1618 685 1670 et
734 1608 1067 1678 Palladius,
1100 1609 1207 1681 qui
1236 1624 1362 1666 una
1391 1622 1537 1665 cum
1584 1604 1849 1664 Macario

189 1712 611 1773 Alexandrino
660 1717 789 1768 tres
831 1721 1026 1766 annos
1070 1706 1457 1764 habitaverat
1507 1707 1571 1762 in
1614 1704 1845 1775 Celliis,

1959 630 2122 702 quod
2179 631 2437 703 quidem
2515 634 2593 691 de
2662 635 2728 693 8.
2805 638 3070 698 Antonio
3136 638 3289 718 (10),
3338 647 3607 708 Macario

1961 728 2263 800 Aegyptio
2305 726 2458 805 (ll),
2509 731 2653 789 aliis
2709 733 2974 792 relatum
3027 737 3310 811 legimus.
3372 742 3609 804 Eremi-

1958 831 2161 883 tarum
2217 827 2486 900 denique
2550 831 2942 891 severitatem
3007 836 3365 909 longissime
3424 856 3609 916 supe-

1957 925 2178 982 rabant
2251 926 2659 985 anachoretae
2742 926 2893 1006 (l2),
2954 933 3085 1005 qui,
3155 950 3607 1010 saepenumero

1958 1026 2148 1080 totam
2175 1036 2371 1094 paene
2405 1025 2592 1082 vitam
2637 1026 3044 1087 in‘interiore
3087 1032 3424 1094 solitudine
3474 1038 3607 1097 sine

1962 1118 2012 1189 5
2060 1120 2183 1177 ulla
2238 1120 2512 1179 hominis
2574 1137 2695 1195 ope
2743 1124 3054 1200 degentes,
3139 1144 3252 1202 per
3303 1132 3610 1207 quinqua-

1956 1216 2126 1288 ginta
2150 1231 2335 1289 saepe
2375 1233 2569 1277 annos
2614 1224 2673 1277 et
2724 1221 2998 1293 amplius
3047 1224 3280 1285 nullius
3338 1228 3613 1289 hominis

1961 1315 2197 1371 vultum
2242 1315 2696 1388 adspiciebant,
2731 1318 3070 1389 radicibus,
3120 1323 3348 1396 pomis,
3395 1328 3613 1387 herbis

1958 1418 2293 1469 vescentes.
2361 1413 2482 1470 Nec
2553 1414 2686 1471 sine
2771 1418 3083 1491 voluptate
3166 1422 3615 1484 fervescentem

1956 1508 2108 1567 solis
2155 1510 2389 1581 ignem,
2439 1511 2573 1568 sitis
2604 1513 2922 1582 ardorem,
2979 1515 3497 1594 defectumaquae
3549 1524 3615 1581 in

1959 1606 2264 1664 honorem
2340 1607 2564 1666 Christi
2624 1610 2927 1669 ferebant.
2982 1614 3440 1691 Nonnunquam
3487 1620 3615 1680 via-

1959 1709 2079 1776 tor,
2137 1705 2454 1763 desertum
2511 1722 2865 1781 peragrans,
2923 1717 3063 1770 ante
3122 1715 3408 1786 ipsorum
3479 1718 3617 1777 obi-

186 1814 444 1871 illorum
476 1809 694 1867 laudes
750 1806 1026 1864 referens
1082 1804 1381 1876 singulari
1432 1803 1705 1877 quadam
1758 1802 1851 1858 in-
1888 1794 2092 1860 Btum
2161 1803 2339 1875 quasi
2397 1819 2433 1861 a
2482 1805 2602 1863 Deo
2662 1808 2888 1865 missus
2942 1814 3446 1887 superveniebat,
3506 1818 3613 1889 qui

185 1909 579 1968 troductione
622 1920 787 1978 opus
846 1903 968 1961 sibi
1027 1917 1160 1959 esse
1222 1906 1489 1973 putaret,
1565 1917 1632 1957 ne
1688 1902 1849 1956 tanta

182 2024 439 2063 narrans
517 2000 753 2061 mentiri
833 1997 1120 2057 videretur
1192 1999 1294 2075 (3).
1384 1999 1555 2057 Vitae
1620 1997 1850 2056 severi-

180 2113 270 2164 tas
303 2118 504 2178 paene
550 2099 944 2160 incredibilis
995 2106 1128 2156 tum
1167 2098 1231 2154 in
1258 2097 1610 2155 innumeris
1657 2098 1852 2168 Aegy-

187 2204 273 2275 pti
302 2199 706 2259 monasteriis
734 2196 1000 2269 vigebat,
1063 2197 1118 2271 4
1178 2209 1305 2267 quo
1335 2194 1658 2253 referenda
1709 2197 1852 2251 sunt

182 2300 406 2359 crebra
438 2303 498 2355 et
530 2297 711 2367 longa
747 2294 982 2351 ieiunia
1035 2290 1149 2369 (4),
1205 2293 1411 2350 omnis
1463 2292 1591 2349 fere
1647 2289 1853 2348 carnis

183 2394 565 2455 abstinentia
590 2394 702 2469 (5),
746 2391 994 2464 vigiliae
1043 2388 1154 2467 (6),
1215 2389 1515 2448 habitatio
1560 2390 1623 2447 in
1663 2388 1855 2446 cellu-

184 2498 282 2566 lis,
332 2498 399 2552 in
454 2492 691 2565 quibus
740 2489 843 2546 vix
899 2494 1139 2562 poterat
1185 2504 1415 2560 corpus
1467 2487 1701 2545 moveri
1736 2484 1844 2562 (7),

183 2602 241 2652 et
294 2593 442 2662 alia,
499 2603 663 2662 quae
731 2589 992 2646 duriora
1050 2587 1112 2644 in
1155 2587 1518 2645 monasterii
1572 2584 1853 2644 exerceri

185 2691 503 2749 solebant.
566 2688 612 2744 A
671 2685 997 2743 monachis
1026 2684 1087 2742 in
1140 2684 1533 2743 monasteriis
1581 2680 1855 2755 degenti-

189 2791 311 2847 bus
370 2783 795 2857 distinguendi
845 2787 989 2840 sunt
1048 2783 1371 2849 eremitae,
1433 2781 1540 2853 qui
1598 2778 1856 2837 maioris

186 2884 544 2958 spiritualis
591 2880 991 2955 perfectionis
1041 2880 1257 2952 gratia,
1315 2881 1541 2937 abbate
1594 2891 1856 2935 consen-

190 2984 413 3047 tiente,
442 2981 511 3038 in
556 2979 920 3037 interiorem
960 2976 1364 3035 solitudinem
1392 2991 1457 3033 se
1516 2975 1851 3043 abdebant,

191 3082 307 3139 ubi
343 3091 605 3152 parvam
662 3076 878 3134 cellam
938 3074 1356 3133 inhabitantes
1406 3072 1668 3147 singulis
1725 3072 1853 3131 die-

191 3179 310 3235 bus
383 3189 614 3249 aquam
667 3188 701 3229 e
770 3173 1149 3231 monasterio
1193 3173 1446 3229 missam
1493 3184 1636 3227 cum
1697 3184 1853 3242 pane
1894 3151 1933 3206 (ἶ

190 3275 589 3347 recipiebant
618 3269 704 3347 (8)
740 3293 754 3337 ;
787 3283 1258 3342 nonnumquam
1311 3283 1459 3327 vero
1511 3275 1571 3326 et
1602 3268 1721 3339 ipsi
1767 3268 1854 3325 lo-

192 3388 334 3431 cum
400 3384 710 3444 aquosum
759 3368 881 3426 sibi
924 3366 1254 3440 eligebant,
1285 3380 1412 3440 quo
1460 3371 1742 3424 sererent
1792 3368 1854 3421 et

194 3483 427 3544 panem
480 3483 589 3526 sua
640 3480 829 3524 manu
865 3464 1239 3524 conﬁcerent
1307 3462 1420 3539 (9).
1462 3463 1580 3521 Sed
1628 3461 1854 3521 eremi-

192 3570 314 3627 tica
349 3567 477 3625 vita
507 3566 693 3625 etiam
750 3564 1006 3622 abbates
1053 3569 1159 3620 aut
1214 3576 1394 3621 senes
1441 3559 1852 3619 monasterio-

195 3734 415 3789 Bened.
444 3732 660 3786 Patavii
687 3731 818 3784 177⁵1
850 3729 909 3782 Τ.
935 3730 966 3801 Ι,
991 3729 1053 3782 Ρ.
1082 3728 1128 3781 Il
1160 3742 1219 3799 p.
1254 3730 1356 3781 672
1386 3730 1541 3797 (cap.
1575 3725 1662 3796 60)
1691 3741 1705 3791 ;
1736 3725 1849 3779 VV.

194 3824 286 3877 PP.
332 3825 535 3877 Bosw.
581 3836 639 3890 p.
692 3824 834 3883 51,1
891 3818 1051 3888 (cap.
1097 3820 1208 3884 32).
1272 3818 1397 3871 Vita
1445 3817 1500 3872 S.
1548 3812 1852 3870 Pachomii

191 3927 324 3983 cap.
372 3913 426 3974 1,
460 3909 579 3966 VV.
620 3909 722 3962 PP.
749 3909 944 3962 Rosw.
980 3923 1039 3977 p.
1076 3906 1195 3969 113,
1228 3909 1285 3960 2.

262 4001 351 4070 (1)
375 3998 492 4051 W.
524 4000 621 4051 PP.
658 3997 851 4051 Bosw.
893 3995 996 4050 lib.
1033 3996 1074 4048 ll
1112 4010 1225 4065 cap
1256 3997 1324 4049 22
1354 4007 1414 4064 p.
1456 3994 1583 4055 4⁸78,
1622 3992 1673 4044 1.

270 4091 355 4157 (2)
384 4084 497 4139 VV.
531 4088 628 4139 PP.
666 4085 852 4141 Rosw.
895 4084 997 4139 lib.
1026 4083 1072 4137 Il
1104 4098 1238 4154 cap.
1269 4082 1338 4137 28
1366 4096 1424 4152 p.
1467 4083 1591 4146 479,
1619 4082 1677 4137 2.

261 4178 345 4247 (3)
371 4175 523 4229 Hist.
569 4176 778 4244 Laus.;
816 4174 895 4229 cf.
932 4171 1086 4228 infra
1126 4174 1314 4243 Caput
1344 4171 1412 4225 ll.

260 4266 341 4333 (4)
400 4263 514 4318 Alii
558 4268 710 4334 post,
750 4261 1179 4334 quinquedies,
1213 4259 1309 4315 alii
1353 4262 1489 4331 post
1530 4257 1708 4323 duos,
1758 4256 1856 4312 alii

193 4360 328 4425 post
364 4363 511 4421 tres,
535 4352 636 4406 alii
677 4350 862 4406 semel
889 4354 1120 4405 tantum
1152 4351 1211 4404 in
1241 4347 1626 4404 hebdomade
1652 4360 1855 4402 come-

191 4442 431 4506 derunt,
476 4440 575 4495 alii
610 4438 1018 4495 hebdomades
1069 4440 1331 4508 integras
1378 4438 1736 4494 ieiunarunt.
1770 4433 1852 4491 Cf.

1960 1900 2162 1957 nudos
2214 1915 2320 1958 eos
2380 1902 2706 1975 longisque
2764 1906 3013 1977 capillis
3073 1908 3138 1965 in
3190 1924 3459 1984 corpore
3505 1914 3617 1972 ob-

1959 2002 2153 2056 tectos
2206 1999 2266 2056 in
2315 1999 2536 2057 ultima
2582 2001 2735 2059 hora
2790 2002 3108 2063 reﬁciebat
3137 2012 3198 2064 et
3236 2004 3495 2069 honesto
3524 2014 3621 2069 tu-

1962 2094 2136 2152 mulo
2184 2096 2527 2167 sepeliebat
2580 2092 2741 2174 (13).
2809 2096 3055 2159 Fratres
3099 2108 3307 2162 autem
3372 2107 3436 2164 in
3488 2122 3620 2167 mo-

1963 2192 2249 2251 nasteriis
2276 2208 2528 2266 semper
2581 2196 2764 2254 nudis
2810 2198 3077 2269 pedibus
3126 2206 3187 2259 et
3241 2204 3478 2263 baculis
3521 2205 3622 2263 in-

1962 2290 2141 2347 nixos
2184 2290 2530 2361 incessisse,
2562 2299 2750 2366 caput
2788 2296 3038 2356 cucullo
3079 2298 3367 2359 indutum
3396 2306 3457 2360 et
3509 2303 3621 2363 hu-

1964 2402 2173 2446 meros
2221 2390 2557 2461 scapulari,
2628 2406 2857 2465 corpus
2928 2410 3083 2454 zona
3161 2397 3435 2458 cinctum
3516 2401 3624 2459 ha-

1967 2486 2199 2557 buisse,
2247 2486 2505 2559 insuper
2545 2488 2841 2548 melotem
2874 2491 2922 2548 i.
2977 2507 3032 2551 e.
3084 2494 3336 2554 ovinam
3392 2494 3621 2570 pellem

1964 2584 2244 2656 gessisse,
2292 2586 2459 2658 apud
2516 2586 2845 2660 Evagrium
2890 2587 3041 2667 (Ut),
3083 2592 3447 2654 Cassianum
3492 2591 3622 2673 (15)

1963 2686 2024 2738 et
2051 2681 2113 2739 in
2147 2682 2297 2740 Vitis
2350 2684 2599 2741 Patrum
2631 2685 2926 2745 editionis
3002 2688 3476 2752 Rosweidianae
3522 2708 3626 2754 co-

1966 2779 2324 2851 piosissime
2355 2786 2674 2840 narratur.

2044 2873 2157 2952 S3.
2192 2877 2548 2936 Solitariam
2596 2880 2659 2938 in
2708 2882 2981 2955 Aegypto
3027 2885 3215 2945 vitam
3255 2889 3464 2961 quarti
3492 2903 3625 2949 sae-

1964 2975 2089 3031 culi
2120 2980 2201 3041 et,
2246 2990 2372 3047 quo
2420 2976 2568 3034 inde
2612 2979 2734 3035 late
2791 2980 3017 3039 diffusa
3071 2989 3184 3057 est,
3217 2985 3282 3041 in
3339 2986 3517 3057 Syria
3566 2993 3627 3045 et

1968 3071 2305 3129 Palaestina
2368 3072 2628 3132 uberius
2695 3076 3074 3151 describere,
3136 3080 3215 3137 ab
3294 3081 3414 3141 hoc
3487 3084 3625 3143 loco

1964 3170 2241 3227 alienum
2296 3175 2407 3227 est.
2476 3172 2842 3245 Quanquam
2912 3174 3065 3234 haec
3146 3191 3346 3249 pauca
3405 3180 3626 3240 adiun-

1962 3266 2160 3340 genda
2224 3268 2538 3327 duximus.
2589 3270 2765 3329 Pater
2820 3273 3219 3332 monachicae
3288 3276 3623 3337 institutio-

1964 3364 2060 3423 nis
2109 3365 2171 3423 in
2204 3366 2480 3438 Aegypto
2536 3366 2595 3425 S.
2637 3369 2936 3427 Antonius
2966 3384 3227 3444 magnus
3268 3374 3424 3445 fuit;
3477 3391 3623 3436 nam

1968 3480 1998 3517 «
2072 3463 2337 3521 necdum
2397 3461 2562 3541 [ante
2603 3462 2774 3543 eum]
2847 3474 2973 3525 tam
3026 3471 3251 3529 crebra
3307 3479 3481 3532 erant
3559 3474 3622 3533 in

1966 3561 2241 3633 Aegypto
2330 3563 2726 3629 monasteria,
2812 3578 3014 3638 neque
3117 3568 3379 3629 omnino
3454 3572 3626 3644 quis-

1965 3738 2022 3794 p.
2058 3725 2178 3779 190.
2214 3722 2299 3779 Cf.
2328 3725 2434 3781 Vit.
2462 3727 2518 3782 S.
2542 3726 2799 3794 Antonii,
2844 3729 2898 3783 8.
2919 3730 3135 3785 Athan.
3168 3733 3318 3803 Opp.
3347 3732 3386 3787 l.
3418 3732 3458 3790 l.
3483 3749 3620 3807 cap.

1964 3816 2049 3877 50,
2081 3815 2187 3867 VV.
2206 3814 2314 3867 PP.
2344 3817 2540 3869 Rosw.
2590 3830 2722 3886 cap.
2764 3819 2849 3886 24,
2889 3817 2980 3871 25.

2034 3901 2108 3971 (9)
2140 3902 2224 3957 Ita
2256 3902 2310 3956 S.
2344 3902 2653 3965 Antonius,
2709 3903 2841 3959 Vita
2891 3905 2946 3959 S.
2980 3906 3240 3971 Antonii,
3284 3909 3343 3963 S.
3399 3910 3615 3969 Athan.-

1964 3989 2114 4060 Opp.
2166 3989 2205 4047 l.
2237 3989 2276 4044 l.
2330 4005 2388 4061 p.
2418 3990 2522 4045 665
2554 3990 2711 4062 (cap.
2747 3990 2859 4062 50),
2886 3992 2998 4047 VV.
3032 3993 3137 4049 PP.
3173 3996 3360 4051 Rosw.
3411 4011 3472 4068 p.
3526 4001 3617 4068 48,

1964 4081 1997 4133 2
2026 4077 2181 4149 (cap.
2205 4078 2316 4150 25).

2036 4167 2152 4239 (10)
2194 4168 2319 4223 Vita
2348 4168 2407 4223 S.
2432 4168 2693 4238 Antonii,
2730 4170 2786 4226 S.
2823 4169 3043 4241 Athan,
3077 4171 3254 4245 Opp..
3276 4173 3315 4229 l.
3347 4173 3387 4229 l.
3425 4189 3482 4247 p.
3515 4178 3619 4232 662

1966 4256 2121 4328 (cap.
2153 4259 2263 4327 45),
2289 4259 2407 4314 VV.
2447 4260 2547 4312 PP.
2578 4260 2771 4314 Bosw.
2797 4276 2856 4331 p.
2887 4261 2976 4329 47,
3006 4263 3039 4314 2
3062 4262 3221 4334 (cap.
3253 4264 3367 4335 22).

2038 4345 2150 4414 (11)
2177 4344 2259 4399 Cf.
2295 4344 2449 4400 infra
2475 4347 2666 4417 Caput
2702 4346 2771 4401 11.

2039 4434 2150 4505 (12)
2179 4454 2208 4483 ‹‹
2250 4433 2529 4490 Habitant
2579 4433 2848 4507 plerique
2876 4436 2935 4491 in
2980 4452 3182 4494 eremo
3213 4440 3340 4496 sine
3372 4440 3505 4496 ullis
3535 4445 3623 4497 ta-

195 4531 493 4586 Rosweidi
535 4529 797 4584 Iudicem
848 4543 1049 4584 rerum
1097 4529 1161 4582 in
1216 4527 1367 4585 vitas
1412 4527 1664 4582 Patrum
1716 4542 1764 4579 s.
1795 4539 1855 4579 v.
1890 4503 1934 4558 D
1965 4503 2326 4582 bernaculis,
2359 4537 2515 4593 quos
2556 4503 2949 4579 anachoretas
2980 4532 3230 4589 vocant;
3262 4528 3469 4586 vivunt
3492 4529 3624 4586 her-

196 4621 513 4675 ieiunium.

260 4712 342 4780 (5)
395 4729 425 4758 α
482 4710 559 4761 De
601 4706 882 4761 carnibus
928 4720 1068 4761 vero
1113 4709 1173 4760 et
1219 4703 1363 4759 vino
1411 4708 1607 4759 tacere
1648 4703 1859 4758 melius

197 4806 335 4867 puto
358 4811 558 4869 quam
579 4794 914 4867 quidquam
927 4793 1142 4862 dicere,
1158 4791 1405 4864 quando
1424 4806 1533 4847 nec
1547 4792 1711 4863 apud
1733 4790 1858 4863 plu-

196 4887 378 4941 rimos
415 4884 670 4957 quidem
699 4883 1135 4938 monachorum
1158 4880 1495 4937 istiusmodi
1525 4880 1753 4953 aliquid
1774 4896 1860 4936 re-

192 4975 478 5046 periatur.
514 4993 542 5025 ι
590 4972 716 5028 Vita
750 4974 805 5029 8.
826 4971 1087 5039 Antonii,
1118 4971 1177 5025 S.
1214 4970 1428 5027 Athan.
1465 4969 1616 5043 Opp.
1651 4970 1694 5024 Ι.
1721 4970 1765 5025 I.
1799 4984 1858 5040 p.

192 5062 301 5119 639
333 5066 491 5134 (cap.
525 5065 606 5133 7),
639 5059 748 5115 VV.
785 5060 896 5115 PP.
927 5061 1127 5115 Rosw.
1159 5075 1220 5131 p.
1254 5061 1396 5126 38,1
1428 5058 1684 5131 (cap.6).

260 5155 339 5221 (6)
398 5151 647 5220 Vigiliae
679 5156 741 5204 et
769 5156 1097 5205 nocturnae
1122 5147 1425 5204 orationes
1465 5148 1629 5220 apud
1658 5162 1862 5202 mona-

192 5242 332 5297 chos
368 5241 782 5296 creberrimae
810 5244 996 5295 erant.
1059 5237 1141 5292 Cf.
1190 5238 1486 5294 Rosweidi
1528 5236 1789 5293 Iudicem
1812 5252 1858 5291 s.

200 5346 249 5382 v.
282 5331 559 5402 vigiliae.

263 5422 338 5491 (7)
364 5418 576 5475 Talem
598 5413 882 5472 cellulam
909 5415 1267 5473 inhabitavit
1297 5414 1590 5471 Macarius
1619 5414 1865 5469 Alexan-

201 5507 425 5564 drinus.
459 5507 545 5562 Cf.
581 5506 737 5561 infra
779 5506 968 5575 Caput
989 5505 1080 5560 Ill.

264 5597 339 5668 (8)
370 5596 678 5669 Sulpicius
706 5595 965 5650 Severus
1003 5593 1174 5663 Dial.,
1213 5609 1349 5665 cap.
1412 5593 1500 5660 10,
1555 5590 1864 5649 Gallandii

205 5681 347 5742 Bibl.
378 5686 493 5743 PP.
517 5686 587 5741 Τ.
633 5684 756 5743 Vlll
811 5697 876 5755 ρ.
924 5682 1343 5756 405,2,ιὶειιο
1370 5680 1589 5741 Patrol.
1640 5682 1702 5736 T-
1756 5679 1857 5737 XX

1966 4611 2185 4667 barum
2209 4609 2538 4677 radicibus,
2581 4611 2745 4667 nullo
2788 4629 3055 4684 unquam
3093 4620 3251 4672 certo
3278 4616 3409 4673 loco
3431 4619 3623 4674 consi-

1969 4704 2153 4764 stunt,
2185 4714 2260 4755 ne
2290 4699 2368 4755 ab
2414 4699 2762 4756 hominibus
2786 4701 3268 4773 frequentantur;
3302 4720 3454 4776 quas
3502 4720 3623 4763 nox

1969 4789 2243 4858 coegerit,
2276 4787 2448 4843 sedes
2478 4788 2723 4844 habent.
2753 4810 2780 4841 »
2813 4790 2975 4861 Sulp.
3011 4793 3209 4848 Sever.
3236 4792 3381 4850 Dial.
3424 4797 3446 4851 I
3485 4810 3619 4868 cap.

1974 4883 2035 4933 15
2061 4878 2276 4947 (Rosw.
2311 4875 2351 4931 1.
2393 4874 2433 4929 1.
2458 4892 2516 4948 p.
2548 4879 2673 4941 540,
2699 4878 2775 4949 2).

2042 4967 2153 5037 (13)
2206 4965 2334 5021 Vita
2377 4966 2692 5037 Onuphrii,
2753 4969 2864 5022 VV.
2905 4967 3004 5023 PP.
3051 4970 3241 5025 Rosw.
3273 4986 3333 5041 p.
3387 4974 3455 5028 99
3487 4988 3625 5045 sqq.

1968 5056 2049 5110 De
2074 5053 2399 5111 coenobitis
2430 5059 2484 5110 et
2514 5056 2893 5111 anachoretis
2940 5056 3014 5111 cf.
3048 5058 3108 5112 S.
3140 5058 3373 5115 Hieron.
3402 5076 3499 5132 ep.
3534 5065 3625 5127 22,

1972 5145 2122 5215 Opp.
2156 5144 2249 5198 ed.
2279 5143 2468 5212 Migne
2506 5145 2568 5200 T.
2596 5144 2617 5197 Ι
2649 5141 2889 5215 [Patro].
2922 5147 2982 5199 T.
3039 5146 3200 5217 XXII]
3243 5164 3303 5219 p.
3349 5150 3454 5204 419
3490 5165 3630 5221 sqq.

1973 5233 2240 5289 Cassian.
2284 5231 2423 5287 Coll.
2453 5232 2615 5287 XVIII
2659 5248 2794 5304 cap.
2822 5236 2855 5288 4
2886 5249 3019 5306 sqq.
3048 5235 3200 5307 Opp.
3235 5236 3331 5292 ed.
3361 5239 3625 5295 Gazaeus

1972 5339 2033 5394 p.
2065 5323 2167 5377 516
2190 5335 2351 5393 sqq.,
2376 5322 2565 5389 Migne
2594 5321 2811 5377 Patro].
2843 5323 2904 5376 T.
2937 5321 3101 5379 XLIX
3141 5339 3201 5395 p.
3246 5324 3413 5382 1093.

2046 5410 2158 5482 (14)
2188 5412 2249 5464 ln
2278 5409 2451 5476 libro,
2484 5409 2589 5481 qui
2639 5409 2959 5481 inscriptus
2988 5416 3076 5467 est
3114 5413 3329 5483 Capita
3353 5418 3632 5485 practica

1974 5499 2054 5557 ad
2081 5499 2451 5556 Anatolium.
2481 5498 2752 5555 Galland.
2781 5498 2923 5554 Bibl.
2942 5500 3043 5555 PP.
3075 5502 3253 5558 T.Vll
3286 5519 3346 5576 p.
3372 5508 3473 5561 553
3495 5523 3633 5581 sqq.

2045 5592 2156 5661 (15)
2190 5588 2272 5644 Cf.
2294 5587 2370 5643 de
2390 5588 2825 5644 coenobiorum
2857 5588 3139 5647 institutis
3167 5590 3274 5649 lib.
3308 5594 3329 5647 Ι
3371 5593 3637 5653 Cassiani

1976 5679 2131 5752 Opp.
2156 5676 2254 5735 ed.
2294 5676 2560 5736 Gazaeus
2579 5692 2638 5749 p.
2661 5676 2695 5732 4
2737 5692 2902 5751 sqq.,
2931 5680 3123 5751 Migne
3148 5680 3192 5739 l.
3226 5681 3268 5739 l.
3302 5697 3365 5754 p.
3394 5687 3462 5740 59
3494 5699 3630 5757 sqq.
