4094 6208
102 3988 263 4053 κςκκ

482 280 513 337 7
1337 278 1440 333 SS.
1486 275 1976 333 MACARIORUM
2032 276 2363 346 AEGYPTII
2402 277 2489 332 ET
2527 279 3021 337 ALEXANDRINI
3842 292 3874 346 8

469 423 665 493 quam
735 407 936 466 aviam
1003 404 1408 465 solitudinem
1488 410 1765 469 noverat,
1828 404 1935 461 sed
1982 405 2128 475 qui-
2156 400 2205 456 Α
2239 404 2429 473 dicas,
2468 421 2695 466 novum
2743 410 3059 482 quoddam
3116 412 3401 484 martyrii
3446 427 3661 485 genus,
3694 416 3867 489 quod,

474 521 722 579 cunque
752 507 815 562 in
870 503 1097 563 Christi
1154 501 1449 561 servitute
1500 501 1753 559 sibimet
1807 501 1924 571 ipsi
1985 516 2129 573 pro-
2238 517 2366 574 quo
2428 506 2622 577 magis
2679 509 2962 579 ipsorum
3019 511 3398 568 voluntatem
3472 512 3623 569 Deus
3661 514 3875 572 ducere

476 605 653 662 desse
681 603 994 674 cupiebat,
1056 616 1179 661 non
1212 602 1390 673 longe
1442 618 1476 656 a
1520 614 1628 657 sua
1687 598 1896 655 villula
1954 614 2127 671 sepa-

473 709 645 760 ratus
698 702 1136 758 instituebatur
1184 698 1293 776 (1).
1333 718 1362 753 ››
1391 696 1450 756 8.
1489 698 1792 754 Antonius
1824 712 1990 762 vero,
2049 697 2126 753 li-

464 804 570 858 cet
621 799 742 855 vita
786 798 921 856 eius
960 800 1188 855 multos
1242 802 1447 868 patres
1476 795 1553 852 ad
1584 795 1995 851 imitationem
2028 793 2125 851 in-

474 896 905 967 ﬂammaverit,
951 901 1009 952 et
1050 916 1080 947 ‹‹
1111 895 1351 952 cunctis
1378 894 1455 951 ad
1515 892 1886 950 imitandum
1936 905 2123 963 prae-

469 994 637 1053 clare
670 992 989 1066 proposita
1049 990 1134 1069 (2)
1190 1013 1218 1043 »
1253 1005 1481 1049 novum
1522 990 1699 1047 illum
1750 989 1827 1045 ad
1876 1003 2123 1047 eremos

471 1105 844 1151 concursum
877 1090 1144 1147 multum
1192 1088 1599 1161 promoverit,
1652 1086 1914 1143 minime
1957 1087 2120 1143 hunc

468 1188 837 1247 interiorem
891 1187 1091 1259 gentis
1158 1185 1497 1257 Aegyptiae
1562 1183 1923 1256 religiosum
1976 1182 2120 1243 ani-

588 1300 837 1344 sensum
886 1291 1121 1342 temere
1168 1282 1543 1355 procreavit,
1566 1295 1785 1339 verum
1836 1287 2119 1351 tempora

467 1382 576 1441 illa
634 1382 892 1457 Aegypti
949 1381 1025 1438 ad
1096 1387 1152 1455 6
1203 1381 1391 1437 vitam
1445 1378 1875 1436 monachicam
1928 1392 2118 1449 quam

466 1481 740 1538 maxime
818 1479 1226 1537 inclinabant.
1314 1494 1351 1532 «
1426 1478 1560 1534 Post
1618 1475 2115 1547 persecutionem

465 1577 827 1637 Diocletiani
866 1583 925 1634 et
968 1575 1322 1634 Maximiani
1356 1573 1709 1632 crudelium
1756 1573 2115 1645 principum

462 1676 800 1735 multitudo
855 1675 1130 1747 gentium
1200 1670 1288 1749 [in
1370 1667 1767 1747 monasteria]
1837 1671 2108 1737 intravit,

462 1780 523 1832 et
593 1773 938 1831 fecunditas
1016 1770 1326 1828 Ecclesiae
1398 1770 1633 1826 fructus
1690 1768 2113 1839 amplissimos

458 1872 666 1944 coepit
726 1872 1025 1927 exhibere
1077 1866 1196 1944 (3).
1230 1887 1266 1925 ›
1338 1868 1489 1925 Nam
1549 1887 1577 1917 «
1622 1866 2111 1937 considerantes,

457 1969 565 2041 qui
593 1970 669 2026 de
706 1968 994 2040 gentibus
1052 1967 1117 2024 in
1174 1966 1417 2024 Christo
1468 1964 1886 2028 crediderant,
1944 1978 2111 2020 mar-

455 2071 666 2139 tyrum
730 2064 1073 2137 passiones,
1160 2076 1509 2134 eorumque
1578 2061 1895 2119 sincerum
1944 2061 2108 2119 circa

455 2163 771 2223 Christum
817 2162 1230 2221 confessionis
1282 2161 1596 2231 affectum,
1651 2166 1997 2231 coeperunt
2051 2163 2111 2215 et

454 2261 575 2334 ipsi
656 2275 769 2333 per
841 2260 1104 2332 gratiam
1191 2258 1433 2317 Domini
1490 2258 1858 2316 Sanctorum
1920 2257 2108 2314 vitam

454 2358 1117 2430 conversationemque
1178 2355 1425 2423 sectari,
1511 2359 1573 2413 et
1622 2354 1810 2412 huius
1865 2354 2106 2411 institu-

451 2456 643 2516 tionis
670 2470 827 2526 esse,
864 2461 929 2513 ut
975 2455 1165 2512 etiam
1222 2454 1321 2511 his
1368 2453 1523 2511 illud
1577 2457 1898 2525 aptaretur
1950 2452 2107 2523 Apo-

453 2553 595 2613 stoli
656 2571 668 2610 :
740 2554 1203 2612 Circumierunt
1259 2552 1323 2609 in
1382 2550 1621 2615 meloti,
1685 2550 1748 2606 in
1836 2549 2107 2621 pellibus

451 2652 749 2726 caprinis,
800 2658 1068 2725 egentes,
1149 2649 1505 2722 augustiati,
1581 2648 1813 2715 afflicti,
1875 2648 2106 2720 quibus

452 2765 577 2809 non
605 2756 738 2808 erat
789 2750 1011 2823 dignus
1042 2749 1333 2817 mundus,
1394 2748 1455 2804 in
1505 2745 1952 2805 solitudinibus
2002 2759 2107 2801 er-

452 2852 660 2907 rantes
700 2853 764 2905 et
813 2846 1156 2917 montibus,
1231 2846 1295 2902 in
1348 2843 1665 2916 speluncis
1717 2848 1777 2900 et
1824 2842 2105 2900 cavernis

450 2952 657 3005 terrae
684 2943 800 3020 (lt).
853 2964 884 2999 ι)
912 2944 1095 3001 Vides
1139 2943 1417 3001 studium
1467 2940 1776 3013 martyrii,
1810 2941 2104 2998 timorem

453 3043 580 3112 Dei,
638 3046 825 3115 atque
865 3056 1082 3100 curam
1145 3054 1326 3099 verae
1382 3040 1597 3097 salutis
1641 3039 1888 3096 animae
1936 3037 2105 3095 viros

449 3142 595 3201 illos
635 3141 701 3199 in
731 3154 1016 3199 eremum
1074 3139 1387 3210 eduxisse,
1418 3138 1482 3195 in
1522 3152 1645 3209 qua
1671 3138 1860 3193 vitam
1886 3137 1949 3193 in
1984 3137 2103 3192 Deo

450 3239 816 3297 collocatam
860 3237 1156 3301 viverent,
1212 3240 1271 3291 et
1337 3240 1538 3291 morte
1591 3247 1706 3304 pro
1756 3230 1999 3289 Christo
2040 3231 2101 3287 in

451 3333 995 3409 persecutionibus
1068 3331 1393 3388 subeunda
1459 3342 1583 3387 non
1653 3328 1884 3401 dignati
1940 3340 2103 3383 nunc

452 3433 574 3491 sibi
625 3431 743 3505 ipsi
796 3436 858 3488 et
923 3428 1157 3487 mundo
1210 3432 1627 3493 morerentur,
1691 3431 1757 3483 ut
1813 3438 2105 3495 exsurge-

450 3534 591 3588 rent
631 3530 695 3586 in
743 3528 1005 3586 Christo.
1068 3524 1582 3583 Anachoreticam
1638 3528 1698 3580 et
1750 3522 2101 3580 solitariam

450 3628 657 3701 quarti
714 3625 945 3685 saeculi
1001 3625 1191 3682 vitam
1242 3621 1671 3680 continuatum
1726 3619 2099 3691 martyrium

520 3799 598 3870 (1)
635 3798 757 3853 Vita
789 3798 844 3851 8.
886 3792 1145 3858 Antonii,
1180 3794 1235 3848 S.
1272 3792 1497 3849 Athan.
1540 3791 1692 3861 Opp.
1748 3789 1785 3843 l.
1820 3790 1852 3844 l.
1892 3806 1957 3860 p.
1994 3790 2100 3843 634

442 3888 603 3961 (cap.
636 3889 712 3956 3),
753 3887 860 3940 VV.
917 3886 1016 3938 PP.
1043 3885 1235 3938 Rosw.
1270 3897 1328 3953 p.
1364 3882 1451 3948 36,
1486 3882 1691 3951 2(cap.
1734 3880 1811 3950 3).

442 4016 449 4027 .
514 3978 591 4050 (2)
618 3977 745 4031 Vita
796 3976 852 4030 8.
894 3970 1201 4028 Pachomii
1254 3986 1387 4041 cap.
1423 3971 1477 4039 1,
1509 3969 1615 4025 VV.
1650 3969 1754 4024 PP.
1807 3969 1999 4024 Rosw.
2034 3984 2097 4039 p.

446 4067 565 4130 113,
598 4067 651 4118 2.

511 4153 592 4225 (3)
616 4150 766 4206 ibid.
798 4166 857 4220 p.
905 4150 1024 4215 114,
1065 4151 1120 4203 1.

507 4244 584 4311 (4)
626 4238 857 4306 Prolog.
890 4237 950 4289 in
970 4235 1158 4289 Vitam
1191 4236 1247 4290 S.
1284 4232 1609 4296 Pachomii,
1632 4232 1774 4285 ibid.
1800 4246 1856 4301 p.
1890 4232 2013 4295 113,
2041 4237 2088 4286 1.

509 4330 586 4401 (5)
626 4326 953 4390 Revelatur,
1026 4323 1428 4394 Paphnutium
1474 4320 1788 4375 sanctitate
1833 4320 2088 4374 similem

433 4435 564 4477 esse
591 4414 1031 4489 symphoniaco
1052 4412 1315 4475 cuidam,
1330 4412 1434 4482 qui
1454 4412 1511 4464 in
1528 4412 1654 4464 vico
1668 4409 1933 4480 quodam
1951 4424 2086 4463 can-
2122 4442 2163 4495 ο

429 4508 596 4566 tandi
627 4512 751 4562 arte
777 4506 995 4559 victum
1018 4499 1364 4573 quaerebat.
1390 4499 1654 4554 Eundem
1700 4497 1993 4552 revelatur
2013 4499 2086 4552 si-

428 4599 632 4655 milem
658 4610 784 4651 esse
816 4591 1156 4665 praeposito
1200 4590 1306 4643 vici
1337 4588 1658 4643 cuiusdam
1687 4587 1881 4641 vicini.
1919 4586 2083 4642 Idem

423 4688 735 4744 sanctitate
761 4681 970 4738 similis
1000 4679 1296 4735 iudicatur
1309 4676 1660 4746 negotiatori
1678 4676 2082 4731 Alexandrino

420 4776 625 4847 viginti
652 4772 912 4828 millibus
950 4768 1279 4824 solidorum
1312 4767 1703 4821 mercimonia
1753 4764 1943 4820 tribus
1972 4780 2077 4820 na-

418 4865 594 4922 vibus
648 4861 935 4918 deferenti
982 4874 1053 4914 ex
1078 4858 1397 4913 Thebaide.
1447 4856 1553 4910 VV.
1601 4856 1710 4910 PP.
1746 4857 1938 4911 Rosw.
1972 4855 2074 4911 lib.

419 4956 614 5025 llcap.
659 4955 722 5007 l6
750 4966 807 5022 p.
836 4949 941 5004 473
984 4962 1153 5019 sqq.;
1199 4946 1342 5001 Hist.
1375 4945 1550 4999 Laus.
1579 4944 1654 4998 ed
1677 4946 1889 5000 Meurs.
1940 4960 2072 5015 cap.

415 5046 504 5107 44,
546 5044 634 5108 45,
686 5039 781 5096 46.
844 5036 1095 5094 Macario
1126 5050 1243 5091 vox
1302 5034 1397 5089 Dei
1432 5050 1445 5089 :
1479 5049 1515 5089 a
1542 5034 1773 5097 Macari,
1800 5052 1829 5085 ››
1858 5033 2071 5105 inquit,

415 5151 445 5184 α
476 5130 736 5188 necdum
762 5129 841 5184 ad
868 5140 1213 5182 mensuram
1244 5124 1503 5178 duarum
1527 5121 1846 5177 mulierum
1871 5138 2075 5193 perve-

411 5222 572 5287 nisti,
611 5234 768 5292 quae
797 5219 856 5272 in
890 5216 1163 5288 proxima
1204 5214 1421 5284 pariter
1455 5212 1726 5267 habitant
1754 5212 2011 5267 civitate.
2042 5234 2071 5262 »

412 5310 568 5367 Ibid.
612 5309 715 5363 lib.
746 5308 815 5362 lll
857 5321 989 5376 cap.
1024 5308 1087 5359 97
1118 5319 1175 5374 p.
1212 5303 1407 5370 515,1.
1440 5300 1601 5355 Talia
1632 5316 1773 5355 vero
1795 5299 2073 5371 exempla

411 5399 471 5455 in
508 5396 622 5451 VV.
652 5397 762 5451 PP.
792 5392 1325 5449 multainveniunt.

480 5486 556 5557 (6)
599 5484 707 5539 VV.
746 5484 852 5540 PP.
892 5485 1090 5537 Rosw.
1128 5479 1229 5534 lib.
1272 5480 1315 5533 ll
1340 5494 1478 5550 cap.
1518 5484 1547 5533 7
1574 5495 1631 5548 p.
1666 5479 1792 5545 461,
1823 5483 1898 5543 2;
1930 5479 2067 5533 Hist.

409 5578 583 5635 Laus.
617 5573 713 5631 ed.
740 5576 946 5630 Meurs.
974 5586 1107 5642 cap.
1154 5572 1240 5631 52,
1284 5568 1435 5639 Opp.
1467 5566 1700 5623 Meursii
1727 5582 1798 5622 ex
1830 5581 2046 5623 recens

403 5668 456 5725 ι.
482 5664 648 5724 Lami
668 5660 995 5722 Florentiae
1040 5660 1268 5717 174ϐνΤ.
1305 5656 1438 5713 Vlll
1475 5672 1535 5729 p.
1574 5656 1705 5716 497.
1806 5696 1815 5707 .

2238 601 2597 671 dignaretur
2644 605 2719 661 ad
2792 608 3049 671 exitum,
3106 607 3221 679 ipsi
3278 609 3397 665 sibi
3460 610 3867 684 imponebant,

2237 713 2308 755 ac
2335 704 2626 771 tanquam
2683 701 2844 760 viam
2893 704 3330 775 perfectiorem
3383 708 3871 783 securioremque

2235 795 2353 853 sibi
2414 796 2745 868 eligebant,
2802 799 3185 859 saecularem
3229 804 3441 873 vitam,
3498 804 3557 861 id
3594 807 3758 878 quod
3784 807 3876 864 be-

2235 907 2313 951 ne
2337 894 2653 966 observes,
2700 897 2958 955 minime
3006 900 3420 972 despicientes
3463 899 3574 978 (5).
3641 900 3725 959 Ex
3778 904 3872 961 illo

2233 997 2440 1049 autem
2506 993 2801 1052 interiore
2847 1001 3107 1065 tantum,
3163 1000 3331 1071 quod
3388 999 3645 1071 spiritus
3712 999 3877 1059 effer-

2233 1103 2485 1147 vescens
2538 1098 2857 1164 Operatur,
2908 1094 3225 1154 desiderio
3281 1097 3621 1155 sanctitatis
3676 1113 3877 1157 exem-

2233 1186 2466 1260 ploque
2517 1204 2552 1245 a
2594 1192 2849 1247 SO.tlb'.!S
2901 1193 3128 1251 sanctis
3173 1195 3248 1251 ad
3322 1195 3696 1253 imitandum
3736 1211 3871 1268 pro

2232 1284 2434 1355 posito
2488 1287 2787 1357 explicari
2836 1293 3058 1360 potest,
3115 1292 3282 1363 quod
3358 1299 3483 1350 tota
3540 1293 3719 1366 quasi
3778 1294 3882 1352 Ae-

2228 1386 2452 1453 gyptus
2481 1397 2659 1441 senes
2689 1380 2739 1449 7
2796 1385 2934 1443 illos
2988 1389 3048 1443 in
3093 1388 3344 1447 deserto
3402 1391 3481 1447 sit
3538 1397 3771 1463 secuta,
3821 1399 3877 1449 et

2230 1494 2351 1536 una
2398 1494 2540 1536 cum
2607 1481 2682 1538 iis
2754 1483 3186 1541 lubentissime
3259 1487 3643 1558 asperrimos
3730 1488 3877 1545 vitae

2227 1574 2475 1634 labores
2528 1578 2763 1650 tulerit,
2820 1581 2988 1652 quod
3066 1588 3204 1653 post
3278 1598 3384 1641 sex
3464 1585 3557 1641 vel
3646 1591 3873 1657 septem

2225 1673 2525 1731 decennia
2625 1677 3013 1736 vastissimae
3104 1681 3477 1739 solitudines
3572 1689 3870 1741 monaste-

2148 1754 2191 1809 Β
2225 1770 2337 1828 riis
2416 1773 2765 1845 sanctisque
2820 1776 2972 1834 viris
3024 1776 3107 1834 ita
3162 1777 3394 1836 fuerint
3448 1779 3731 1845 refertae,
3784 1785 3866 1844 ut.

2222 1870 2493 1941 «quanti
2542 1871 2759 1942 papuli
2815 1874 3207 1933 habebantur
3267 1876 3331 1933 in
3399 1877 3693 1944 urbibus,
3747 1884 3871 1935 tan-

2221 1969 2319 2024 tae
2349 1981 2542 2037 paene
2592 1968 2655 2025 in
2694 1969 2956 2028 desertis
3006 1973 3386 2030 haberentur
3445 1974 3872 2033 multitudines

2220 2066 2673 2124 monachorum
2708 2064 2816 2141 (6),
2848 2086 2884 2125 »
2929 2070 3094 2140 quod
3155 2071 3228 2127 ad
3291 2071 3627 2130 horribiles
3681 2072 3872 2131 Scetis

2220 2163 2700 2235 locosepalatio
2753 2166 3049 2224 Arsenius
3110 2166 3217 2243 (7),
3266 2183 3299 2225 e
3360 2169 3654 2227 mollibus
3703 2170 3870 2228 aedi-

2220 2259 2337 2317 bus
2372 2261 2628 2319 iuvenes
2685 2267 2929 2320 tenerae
2961 2264 3176 2323 aetatis
3209 2263 3301 2341 (8)
3354 2266 3430 2323 ad
3473 2268 3722 2325 labores
3775 2267 3872 2326 vix

2218 2357 2505 2416 ferendos
2575 2362 3070 2432 properaverint,
3156 2363 3324 2435 quod
3415 2364 3610 2421 Nitria
3697 2379 3874 2424 mons

2215 2456 2493 2528 quinque
2553 2456 2833 2515 millibus
2903 2454 3011 2532 (9),
3079 2458 3252 2518 Scete
3318 2474 3543 2533 magno
3613 2477 3874 2522 numero

2217 2554 2668 2611 monachorum
2702 2552 2852 2629 (10),
2906 2557 3093 2615 Cellia
3144 2558 3491 2616 innumeris
3520 2560 3873 2618 abundave-

2216 2651 2339 2708 rint
2369 2650 2613 2709 cellulis
2654 2650 2805 2728 (11),
2871 2655 3153 2726 regiones
3178 2656 3255 2712 ad
3296 2656 3632 2727 Memphim
3686 2663 3748 2715 et
3769 2658 3874 2716 Ba-

2215 2748 2506 2821 bylonem
2607 2751 2985 2821 pertinentes
3104 2754 3333 2825 ingenti
3415 2755 3871 2813 monachorum

2215 2846 2616 2905 multitudine
2671 2848 3021 2908 aﬂluxerint
3068 2848 3221 2924 (12),
3265 2851 3429 2908 circa
3484 2851 3693 2910 Nilum
3755 2868 3872 2911 nu-

2215 2944 2638 3002 merosissima
2690 2955 3021 3019 conspecta
3083 2950 3206 3005 sint
3268 2947 3642 3005 monasteria
3709 2948 3866 3025 (l3).

2213 3043 2380 3115 quod
2412 3044 2713 3114 Serapion
2758 3044 2887 3103 fere
2926 3046 3140 3103 decem
3185 3045 3380 3102 millia
3408 3047 3869 3105 monachorum

2213 3139 2447 3196 rexerit
2485 3137 2637 3214 (14),
2694 3142 2863 3211 quod
2898 3142 2957 3198 in
2990 3141 3297 3200 Tubennis
3330 3142 3698 3200 Pachomius
3728 3158 3873 3215 per-

2211 3236 2508 3308 grandem
2548 3238 2809 3294 fratrum
2853 3238 3099 3309 copiam
3161 3240 3371 3312 regula
3418 3238 3867 3317 tenuerit(l5),

2212 3332 2430 3389 civitas
2467 3338 2673 3390 autem
2724 3334 3132 3406 Oxyrynchus
3177 3336 3237 3393 in
3285 3337 3597 3394 Thebaide
3644 3352 3873 3395 mona-

2212 3429 2348 3487 chis
2376 3430 2559 3487 fuerit
2604 3432 2977 3491 intrinsecus
3019 3440 3079 3491 et
3111 3434 3492 3492 extrinsecus
3524 3436 3758 3506 repleta
3804 3441 3873 3493 et

2211 3528 2617 3597 circumdata,
2650 3529 2783 3586 eius
2829 3530 3015 3588 aedes
3044 3529 3331 3602 publicae
3384 3546 3496 3589 nec
3545 3546 3667 3590 non
3710 3538 3870 3590 tem-

2213 3626 2316 3696 pla
2341 3625 2631 3697 antiquae
2660 3627 3121 3698 superstitionis
3144 3644 3179 3685 a
3204 3630 3525 3687 monachis
3558 3629 3873 3689 inhabita-

2279 3789 2355 3859 (7)
2393 3790 2578 3845 Index
2604 3789 2903 3845 Rosweidi
2935 3808 2981 3843 s.
3027 3808 3079 3842 v.
3114 3790 3429 3848 Arsenius.

2282 3878 2361 3949 (8)
2393 3880 2497 3933 VV.
2530 3880 2625 3933 PP.
2681 3881 2870 3933 Rosw.
2932 3879 3026 3933 lib.
3082 3879 3354 3934 Vllibell.
3418 3886 3470 3946 3,
3530 3882 3604 3949 2;
3658 3883 3761 3938 lib.
3794 3884 3869 3937 IlI

2208 3983 2347 4039 cap.
2388 3971 2503 4023 195.
2539 3967 2621 4023 Cf.
2651 3968 2804 4023 infra
2834 3968 3029 4039 Caput
3057 3968 3147 4021 VI.

2276 4058 2356 4125 (9)
2386 4057 2527 4115 Hist.
2561 4058 2738 4111 Laus.
2763 4056 2799 4110 l.
2846 4057 2881 4110 l.
2926 4072 3060 4127 cap.
3096 4061 3152 4113 8.
3182 4058 3380 4127 p.359.

2275 4144 2391 4212 (l0)
2434 4143 2513 4197 Cf.
2543 4143 2696 4197 infra
2726 4144 2916 4214 Caput
2970 4144 3040 4197 ΙΙ.

2275 4230 2387 4299 (11)
2432 4231 2542 4284 VV.
2583 4230 2692 4283 PP.
2727 4233 2923 4286 Rosw.
2958 4231 3062 4285 lib.
3116 4232 3179 4285 lli
3233 4249 3373 4305 cap.
3413 4235 3480 4289 26
3518 4249 3572 4306 p.
3624 4238 3749 4303 501,
3788 4242 3811 4292 1
3850 4257 3867 4306 ;

2198 4317 2301 4372 lib.
2331 4317 2378 4369 II
2410 4332 2543 4387 cap.
2576 4318 2645 4372 22
2674 4333 2733 4389 p.
2761 4319 2887 4383 478,
2926 4324 2975 4373 1.

2269 4406 2384 4476 (12)
2420 4405 2563 4460 lbid.
2596 4406 2703 4461 lib.
2743 4406 2788 4459 Il
2822 4422 2955 4478 cap.
2986 4408 3052 4464 18
3083 4427 3139 4480 ρ.
3167 4410 3291 4477 476,
3332 4415 3383 4466 1.

2210 4540 2218 4547 .
2266 4496 2378 4567 (13)
2420 4494 2583 4567 Sulp.
2621 4497 2746 4551 Sev.
2773 4495 2920 4551 Dial.
2956 4498 2975 4550 Ι
3006 4514 3138 4569 cap.
3174 4503 3252 4565 l0,
3288 4500 3654 4563 l7,Galland.
3709 4502 3866 4559 Bibl.

2193 4582 2302 4638 PP.
2345 4585 2403 4638 T.
2434 4584 2551 4638 Vill
2596 4600 2653 4655 p.
2690 4584 2812 4640 405.
2872 4586 2992 4649 107,
3045 4587 3233 4656 Migne
3274 4588 3491 4644 Patrol.
3522 4591 3584 4645 Τ.
3641 4591 3739 4644 XX
3796 4608 3867 4663 p.

2191 4672 2314 4740 490,
2354 4674 2473 4727 19s.

2262 4761 2504 4832 (ι4)νν.
2538 4762 2641 4815 PP.
2688 4762 2886 4821 llosw.
2950 4764 3052 4820 lib.
3095 4764 3143 4818 Il
3184 4781 3318 4835 cap.
3377 4767 3441 4821 18
3491 4782 3550 4837 ρ.
3594 4767 3715 4831 476,
3768 4774 3789 4822 1
3845 4786 3862 4836 ;

2186 4850 2329 4905 Hist.
2366 4853 2534 4906 Laus.
2559 4867 2692 4923 cap.
2725 4853 2789 4906 77
2825 4853 2976 4923 Opp.
3008 4855 3213 4909 Meurs.
3240 4853 3277 4907 l.
3306 4853 3345 4906 l.
3372 4871 3427 4924 p.
3464 4856 3587 4909 537.
3625 4854 3867 4911 Codici-

2181 4939 2299 4997 bus
2322 4941 2887 4997 Vindobonensibus
2924 4944 3206 4999 Historiae
3224 4944 3553 5000 Lausiacae
3601 4945 3743 5000 nihil
3778 4946 3867 5002 de

2180 5030 2504 5102 Serapione
2538 5031 2888 5097 continetur,
2920 5032 2993 5088 cf.
3037 5032 3278 5087 Palladii
3313 5033 3631 5090 Historiam
3693 5035 3873 5090 Lau-

2178 5119 2397 5175 siacam
2418 5120 2499 5174 ad
2511 5120 2729 5175 codicis
2756 5120 3216 5176 Vindobonensis
3226 5122 3403 5188 ﬁdem
3425 5138 3461 5178 α
3476 5123 3640 5178 nobis
3659 5122 3868 5178 brevi-

2180 5214 2266 5264 ter
2278 5208 2657 5274 delineatam,
2673 5208 2765 5263 inf
2766 5226 2829 5264 ra
2842 5208 2979 5265 huic
3022 5214 3261 5267 nostrae
3282 5211 3533 5267 editioni
3550 5211 3864 5269 Historiae

2181 5298 2499 5353 Lausiacae
2550 5300 2980 5368 praepositam.

2251 5387 2364 5457 (15)
2398 5386 2595 5441 VitaS.
2633 5387 2958 5453 Pachomii,
2994 5388 3226 5445 VV.PP.
3260 5391 3453 5445 Rosw.
3493 5406 3549 5462 p.
3585 5391 3868 5464 “Ssqq.

2180 5476 2295 5531 VV.
2326 5476 2434 5530 PP.
2468 5476 2665 5532 Rosw.
2705 5476 2807 5531 lib.
2846 5475 2915 5529 lII
2966 5492 3101 5547 cap.
3135 5478 3202 5533 34
3232 5495 3245 5546 ;
3279 5479 3425 5534 Hist.
3481 5480 3653 5534 Laus.
3705 5494 3868 5553 cap.

2176 5565 2266 5632 39,
2315 5565 2465 5638 Opp.
2519 5567 2728 5621 Meurs.
2760 5565 2798 5619 l.
2830 5564 2871 5619 l.
2903 5581 2962 5637 p.
2990 5567 3115 5624 454.
3140 5568 3562 5624 Monasterium
3588 5583 3868 5641 quoque

2176 5654 2482 5727 virginum
2510 5656 2566 5713 S.
2590 5655 3143 5727 Pachomiussorori
3171 5670 3315 5714 suae
3347 5658 3655 5720 exstruxit.
3694 5658 3867 5719 .Vita.
