4094 6208
227 343 258 397 9
1800 329 1844 384 V

1974 329 2033 384 Ε.
3523 343 3591 401 10

222 475 265 526 ta
289 467 409 530 sint,
438 469 496 523 et
519 479 634 537 per
650 468 836 522 totam
862 461 1032 520 illam
1063 459 1378 518 civitatem
1411 459 1607 518 multo
1640 460 1826 533 plura
1858 457 1902 509 Α
1935 459 2205 533 ceditur,
2251 465 2312 519 et
2363 465 2862 526 extraordinaria
2908 475 3195 542 tempora
3241 485 3362 529 non
3418 471 3589 530 ordia

218 563 564 629 monasteria,
594 575 781 634 quam
805 561 1030 618 domus
1060 557 1431 628 exstiterint,
1463 559 1543 616 ita
1576 563 1641 615 ut
1671 557 1824 616 urbs
1933 557 2131 615 nariis
2179 561 2419 618 normis
2460 561 2859 623 diiudicanda
2890 572 3052 626 sunt.
3107 567 3356 626 Simeon
3407 566 3591 643 Stle-

213 670 316 723 tota
340 677 458 720 una
500 660 742 718 ecclesia
789 673 925 717 esse
957 656 1297 727 videretur,
1335 662 1521 728 atque
1575 656 1819 729 episco-
1932 659 2022 711 tes
2067 655 2147 729 (7)
2202 656 2332 723 ille,
2385 659 2493 730 qui
2525 663 2723 718 totum
2776 678 2968 734 paene
3022 665 3180 723 vitae
3231 672 3480 738 tempus
3523 668 3588 726 in

212 777 314 834 pus
341 759 453 817 loci
485 757 672 830 viginti
705 757 913 814 millia
939 755 1248 826 virginum
1283 760 1343 812 et
1373 754 1588 813 decem
1621 753 1820 812 millia
1928 752 2224 810 columna
2273 756 2492 826 stabat,
2541 762 2600 814 et
2649 759 2850 818 altero
2879 776 3038 833 genu
3090 769 3408 822 arescente
3451 779 3588 824 ver—

213 856 610 916 monachorum
665 851 724 920 8
771 853 926 910 inibi
981 851 1260 911 habitare
1316 851 1652 910 afﬁrmaret
1700 849 1811 928 (I).
1930 850 2262 922 mibusque
2331 867 2365 909 e
2427 868 2694 926 corpore
2762 856 3208 917 ebullientibus
3264 860 3326 918 in
3387 860 3585 920 altero

216 956 299 1014 Ex
341 955 546 1011 interno
590 957 827 1009 tantum
882 949 1165 1022 martyrii
1212 964 1420 1018 sensu,
1464 950 1572 1021 qui
1623 953 1814 1007 totam
1925 961 2076 1005 sano
2135 949 2458 1009 insistebat
2524 954 2658 1011 solo
2713 969 2825 1026 per
2878 957 3152 1028 integros
3207 958 3435 1017 multos
3480 973 3584 1016 an-

223 1053 511 1122 Aegyptum
552 1050 996 1115 inflammabat,
1029 1062 1104 1105 ex
1158 1048 1454 1118 adspectu
1514 1047 1810 1104 Iibidino-
1925 1058 2058 1114 nos,
2111 1048 2242 1118 qui,
2303 1063 2496 1120 quum
2547 1058 2744 1109 mater
2793 1053 3098 1112 clamaret
3149 1072 3162 1112 :
3213 1055 3387 1112 Pater
3438 1063 3581 1116 tuus

208 1163 290 1206 sae
328 1161 648 1220 paucorum
704 1160 1086 1220 paganorum
1141 1145 1323 1212 vitae,
1375 1160 1449 1202 ex
1501 1144 1814 1203 desiderio
1923 1149 2180 1215 propter
2225 1150 2283 1202 te
2313 1146 2563 1205 tristitia
2593 1151 2911 1209 confectus
2963 1151 3247 1221 decessit,
3277 1167 3347 1210 ac
3399 1153 3580 1211 lacri-

198 1248 476 1302 anteactae
529 1245 688 1302 vitae
741 1245 1057 1302 severiore
1113 1241 1447 1314 disciplina
1499 1241 1812 1314 corrigen-
1925 1254 2055 1297 mas
2114 1242 2522 1314 profunderet
2563 1247 3023 1315 acerbissimas,
3080 1250 3164 1307 ita
3211 1254 3279 1307 ut
3321 1255 3580 1308 testante

193 1341 375 1411 dae,e
419 1355 628 1398 senum
685 1341 1092 1399 eremitarum
1148 1340 1515 1410 constantia,
1569 1339 1811 1412 patien-
1921 1337 2254 1409 discipulo,
2325 1341 2432 1412 qui
2505 1343 2694 1401 vitam
2753 1344 2889 1402 eius
2944 1345 3298 1418 descripsit,
3359 1361 3579 1406 omnes

192 1438 283 1510 tia,
332 1438 652 1497 virtutibus
705 1437 1026 1496 miraculis
1074 1438 1174 1494 Dei
1225 1451 1344 1509 ope
1392 1437 1674 1510 patratis,
1720 1437 1811 1494 in-
1917 1435 2026 1507 qui
2102 1437 2362 1495 aderant
2418 1440 2658 1512 flerent,
2717 1442 2854 1513 ipse
2911 1443 3167 1516 quidem
3225 1461 3255 1497 «
3315 1444 3576 1503 audiens

187 1537 354 1609 telligi
396 1542 587 1610 potest
631 1537 736 1595 ille
774 1551 1114 1595 concursus
1155 1536 1232 1593 ad
1284 1536 1660 1595 monasteria
1709 1536 1810 1594 vi-
1917 1547 2133 1590 vocem
2178 1537 2510 1607 genetricis
2557 1553 2703 1596 suae
2749 1539 2957 1612 posuit
3006 1541 3227 1599 faciem
3273 1556 3452 1600 suam
3505 1541 3572 1600 in

185 1637 380 1708 taeque
450 1635 762 1701 severitas,
837 1649 996 1708 quae
1078 1633 1272 1691 nimia
1353 1648 1807 1705 saepenumero
1917 1644 2136 1690 manus
2187 1648 2334 1691 suas
2387 1639 2448 1692 et
2502 1636 2771 1706 ploravit
2819 1652 3031 1696 amare
3083 1637 3196 1715 (8),
3258 1661 3284 1691 »
3336 1640 3446 1698 sed
3493 1639 3572 1698 de

183 1733 424 1806 cuipiam
469 1734 754 1792 videatur
784 1747 820 1790 e
862 1733 1099 1805 vulgari
1135 1747 1309 1791 more
1354 1733 1668 1805 modoque
1713 1731 1806 1790 iu-
1916 1731 2239 1801 proposito
2290 1746 2403 1790 suo
2457 1733 2784 1793 hominum
2834 1735 2996 1793 vires
3047 1738 3384 1796 excedente
3437 1751 3569 1797 mo-

181 1829 407 1896 dicanti,
453 1840 633 1903 atque
678 1831 906 1899 effecit,
958 1836 1023 1888 ut
1079 1835 1344 1888 exeunte
1395 1834 1619 1902 quarto
1673 1844 1803 1886 sae-
1840 1808 1878 1860 Β
1912 1826 2040 1882 veri
2088 1842 2208 1885 non
2251 1833 2537 1900 poterat:
2576 1830 2702 1896 ille,
2757 1831 3036 1904 inquam,
3089 1833 3341 1892 Simeon
3385 1833 3571 1907 Styli-

181 1928 311 1985 culo
355 1929 644 2000 Aegyptus
697 1929 940 1986 cunctis
992 1929 1178 1986 terris
1233 1928 1553 2000 religionis
1601 1927 1798 1986 facem
1911 1928 2000 1981 tes
2037 1925 2188 1996 quid
2236 1941 2356 1984 non
2405 1930 2695 2000 exemplo
2748 1930 3092 1988 severitatis
3139 1945 3253 1989 suo
3307 1931 3560 1990 effecit!

180 2026 525 2094 praetulerit.
591 2026 652 2084 8.
719 2026 1137 2097 Hieronymus
1190 2040 1224 2084 e
1283 2025 1606 2092 Dalmatia,
1683 2024 1799 2082 Ru—
1906 2028 2059 2092 quot
2129 2038 2400 2096 paganos
2453 2024 2724 2084 incultos
2785 2027 2902 2084 hoc
2962 2027 3244 2086 inaudito
3321 2009 3563 2100 specta-

180 2121 312 2179 ﬁnus
357 2137 427 2180 ex
479 2123 673 2196 Italia,
725 2122 1040 2196 Sulpicius
1096 2123 1359 2182 Severus
1406 2138 1439 2179 e
1501 2121 1788 2190 Massilia,
1903 2115 2047 2175 culo
2091 2119 2335 2178 Christo
2379 2121 2651 2180 lucratus
2675 2124 2812 2181 est!
2861 2128 3092 2196 quanta
3139 2124 3412 2183 nominis
3461 2125 3562 2184 fa-

181 2218 434 2292 Evagrius
501 2235 535 2278 e
603 2221 820 2290 Ponto,
886 2220 1191 2278 Palladius
1245 2236 1280 2278 e
1359 2219 1790 2278 Constantino-
1901 2228 2004 2272 ma
2045 2231 2156 2288 per
2179 2222 2376 2276 totum
2425 2219 2942 2290 percrebrescens
2987 2219 3302 2279 Orientem
3333 2221 3556 2282 inﬁde-

171 2317 295 2386 poli,
349 2318 673 2376 Cassianus
729 2317 966 2391 aliique
1023 2333 1057 2376 e
1131 2317 1487 2383 Palaestina,
1544 2317 1788 2375 nobiles
1899 2312 1989 2371 les
2033 2316 2344 2374 concussit
2387 2319 2451 2373 et
2479 2313 2864 2376 Christianos
2893 2318 3342 2377 inﬂammavitl
3403 2319 3556 2378 Fru-

170 2414 264 2471 viri
321 2420 377 2472 et
430 2417 701 2474 feminae
773 2415 860 2490 (2)
915 2430 949 2473 e
1006 2416 1198 2474 Roma
1259 2417 1602 2488 Aegyptum
1674 2430 1782 2488 pe-
1893 2415 2030 2468 ctus
2055 2416 2261 2470 autem
2283 2427 2473 2485 quam
2497 2413 2782 2472 uberese
2814 2415 3158 2473 miserabili
3192 2415 3301 2474 illo
3330 2416 3552 2475 Orien-

165 2515 294 2579 tum,
323 2520 386 2570 ut
426 2513 726 2586 adspectu
766 2521 826 2571 et
877 2511 1325 2570 consuetudine
1369 2527 1589 2570 senum
1649 2512 1782 2571 fru-
1892 2506 1972 2564 tis
2026 2508 2103 2566 ad
2165 2509 2508 2582 angelicam
2565 2511 2752 2568 vitam
2821 2511 3031 2571 volatu
3090 2514 3154 2571 in
3212 2513 3546 2573 Ecclesiam

162 2613 274 2666 ctus
330 2610 593 2682 Spiritus
638 2611 833 2668 sancti
893 2610 1012 2668 sibi
1071 2611 1386 2682 colligant.
1449 2610 1536 2668 Ad
1593 2611 1775 2668 Fran-
1892 2605 2322 2673 redundarint,
2402 2614 2464 2666 et
2539 2613 2906 2682 argumento
2981 2616 3123 2669 sunt
3195 2611 3401 2683 quarti
3486 2615 3546 2670 et

157 2719 248 2763 cos
288 2705 366 2781 (3)
411 2723 609 2782 usque
660 2715 721 2765 et
771 2708 953 2766 Indos
1005 2705 1091 2783 (4)
1145 2709 1306 2766 fama
1355 2709 1774 2777 curationum,
1889 2703 2089 2776 quinti
2152 2705 2381 2764 saeculi
2431 2707 2661 2773 Patres,
2721 2708 2829 2780 qui
2878 2713 3090 2767 sancto
3146 2709 3352 2768 studio
3409 2709 3545 2769 eius

157 2815 285 2874 quas
348 2821 454 2881 per
525 2820 709 2863 senes
777 2806 933 2862 Deus
1011 2805 1340 2872 efﬁciebat,
1403 2807 1771 2878 penetravit.
1888 2802 2192 2873 temporis
2243 2802 2457 2862 nutriti
2520 2805 2596 2862 ad
2642 2804 2980 2863 maximam
3028 2805 3198 2865 illam
3257 2807 3543 2866 sanctita-

157 2901 434 2973 Aegyptus
487 2917 686 2960 unum
736 2904 1214 2973 monasterium,
1245 2905 1425 2961 cuius
1476 2904 1638 2961 ﬁliae
1684 2918 1778 2960 es-
1888 2897 1965 2955 tis
1995 2904 2056 2955 et
2107 2899 2555 2972 magnitudinis
2597 2902 2948 2960 claritatem
3001 2904 3451 2978 evehebantur,
3483 2909 3545 2964 et

158 3004 270 3054 sent
317 2999 493 3070 Syria
545 3006 606 3056 et
659 3000 997 3058 Palaestina
1053 3000 1166 3077 (5),
1229 3015 1363 3058 esse
1417 3000 1770 3058 videbatur.
1885 2995 2217 3052 ostendunt
2290 3001 2496 3054 cetera
2581 3013 2742 3070 quae
2834 3005 3179 3071 sequuntur
3270 3002 3537 3066 saecula.

150 3093 316 3151 Tanta
371 3111 517 3153 vero
571 3097 730 3154 inter
780 3111 1000 3155 omnes
1055 3099 1393 3155 monachos
1445 3097 1775 3170 disciplina
1811 3153 1849 3171 η
1886 3092 2119 3165 quibus
2171 3094 2537 3152 monachica
2589 3095 2715 3152 vita
2784 3095 2860 3153 ad
2921 3096 3340 3155 occidentales
3386 3111 3543 3171 quo-

149 3189 382 3264 vigebat,
422 3200 674 3266 tamque
720 3195 882 3253 mire
916 3195 1196 3266 .iuemvis
1236 3196 1519 3253 trahebat
1561 3195 1775 3254 senio-
1810 3153 1849 3207 Ο
1885 3204 2008 3263 que
2060 3190 2345 3262 regiones
2405 3192 2683 3250 accessit.
2743 3193 2809 3250 In
2866 3207 3022 3266 quas
3074 3209 3109 3252 e
3176 3195 3543 3254 monachica

149 3302 266 3346 rum
313 3293 693 3366 exemplum,
725 3299 793 3351 ut
840 3293 966 3350 duo
1020 3293 1294 3360 iuvenes,
1349 3298 1600 3366 aegroto
1644 3307 1766 3352 ere-

1926 3288 2030 3358 ita,
2079 3289 2418 3361 praecipue
2468 3289 2612 3348 inde
2665 3306 2701 3348 a
2754 3296 3039 3364 tempore
3092 3293 3152 3350 8.
3199 3289 3543 3361 Benedicti,

148 3385 309 3444 mitae
338 3388 489 3446 ﬁcus
544 3391 788 3462 aliquot
821 3392 1156 3463 deportare
1202 3391 1378 3458 iussi,
1413 3406 1557 3450 cum
1597 3406 1632 3448 a
1673 3391 1773 3449 via
1886 3385 2122 3444 fructus
2153 3386 2535 3446 redundasse
2561 3388 3005 3460 εωριὶδδίῐηοε,
3040 3404 3226 3449 nemo
3256 3395 3454 3463 negat-

147 3484 531 3552 aberrassent,
592 3494 726 3559 post
781 3490 1112 3546 nonnullos
1157 3489 1291 3546 dies
1348 3489 1621 3546 defuncti
1683 3489 1771 3546 fa-
1961 3484 1992 3556 §
2037 3485 2093 3542 4.
2150 3483 2266 3542 Sed
2323 3485 2721 3544 incommoda
2767 3501 3019 3560 quoque
3075 3502 3151 3544 ex
3200 3488 3540 3547 indiscreto

149 3594 232 3638 me
284 3581 705 3642 invenirentur
751 3585 812 3642 in
866 3587 1134 3651 deserto,
1197 3584 1441 3644 intactis
1501 3585 1766 3653 ﬁcubus,
1882 3581 2276 3651 quorundam
2317 3585 2377 3639 et
2407 3583 2944 3653 superabundanti
2976 3584 3182 3644 studio
3215 3583 3304 3660 (9)
3335 3585 3540 3645 inter-

146 3693 273 3748 quas
299 3688 550 3753 aegroto
604 3683 888 3740 tradituri
941 3684 1183 3741 fuerant
1221 3681 1329 3759 (6).
1367 3683 1424 3754 9
1455 3684 1583 3753 Qua
1622 3685 1772 3744 obe-
1882 3677 2032 3736 dum
2088 3693 2406 3736 emanasse
2453 3679 2770 3738 fatendum
2815 3686 2926 3739 est.
2971 3680 3082 3748 10
3130 3681 3311 3751 Quid,
3366 3684 3537 3756 quod

144 3774 347 3836 dientia
391 3780 699 3850 quosdam
753 3780 1008 3838 modum
1053 3782 1403 3839 severitatis
1431 3782 1770 3840 excessisse
1880 3775 2001 3848 ipsi
2041 3776 2403 3836 fundatores
2445 3782 2506 3835 et
2554 3777 2745 3848 primi
2804 3777 2976 3837 illius
3021 3780 3182 3837 vitae
3225 3784 3532 3854 auctores,

146 3872 228 3930 vix
267 3875 468 3948 negari
503 3881 701 3949 potest
739 3893 751 3940 ;
795 3877 902 3934 sed
933 3891 970 3935 e
1007 3877 1320 3936 contraria
1367 3883 1541 3950 parte
1581 3878 1768 3937 liber-
1880 3887 2076 3946 quum
2152 3874 2368 3945 ingens
2448 3873 2774 3932 hominum
2849 3874 3182 3934 multitudo
3261 3877 3536 3936 cuiusvis

145 3969 267 4027 tatis
305 3978 485 4044 atque
530 3975 792 4032 inertiae
836 3974 1066 4033 modus
1109 3975 1308 4033 multo
1362 3974 1612 4047 saepius
1661 3990 1771 4034 ex-
1879 3969 2097 4030 aetatis
2145 3970 2475 4044 omnisque
2545 3970 2706 4029 vitae
2762 3970 3142 4030 conditionis
3197 3977 3382 4045 atque
3432 3988 3535 4047 ge-

147 4196 296 4253 Pach.
329 4213 457 4271 cap.
501 4204 569 4256 28
610 4217 670 4274 p.
713 4201 833 4270 124,
872 4202 894 4255 1
947 4218 960 4269 ;
1009 4200 1081 4256 cf.
1134 4201 1272 4256 Hist.
1309 4201 1484 4256 Laus.
1525 4215 1656 4272 cap.
1701 4199 1764 4254 40

1951 4199 2028 4270 (5)
2085 4201 2140 4256 8.
2176 4198 2433 4255 Hilarion
2486 4200 2551 4270 (ἥ-
2599 4202 2741 4268 371),
2795 4201 2851 4256 8.
2885 4199 3125 4255 Antonii
3171 4199 3529 4271 discipulus,

149 4300 281 4356 sqq,
320 4287 458 4343 ibid.
500 4305 558 4362 p.
592 4291 697 4346 457
723 4305 860 4362 sqq.
1879 4288 2073 4357 prima
2102 4288 2462 4343 Palaestinae
2495 4294 2548 4342 et
2583 4287 2787 4359 Syriae
2818 4289 3185 4344 monasteria
3218 4289 3529 4345 exstruxit.

200 4377 271 4446 (t)
298 4379 399 4436 VV.
425 4381 527 4434 PP.
563 4383 755 4434 Rosw.
790 4381 891 4436 lib.
925 4382 962 4434 Il
993 4397 1120 4450 cap.
1161 4384 1229 4446 5;
1265 4379 1584 4434 Paradisus
1615 4379 1765 4449 Opp.
1879 4375 1941 4430 In
1984 4377 2152 4430 cuius
2192 4376 2309 4431 vita
2339 4376 2487 4432 haec
2517 4376 2797 4445 leguntur
2828 4391 2840 4430 :
2878 4397 2906 4424 ιι
2941 4376 3211 4432 Habebat
3245 4379 3531 4433 Dominus

146 4464 339 4521 Meursii
361 4470 419 4523 Τ.
448 4469 566 4524 VIII
596 4472 816 4539 p.642;
846 4469 1030 4525 Codd.
1064 4469 1354 4524 Vindobb.
1394 4469 1531 4524 Hist.
1570 4469 1766 4534 Lans.,
1806 4505 1848 4559 ο
1875 4465 2046 4559 .Iesus
2069 4464 2126 4518 in
2157 4469 2424 4559 Aegypto
2447 4479 2648 4519 senem
2681 4464 3024 4559 A-ntonium,
3050 4464 3534 4559 habebatin-Pa-

147 4552 440 4611 cf.Palladii
476 4559 806 4613 Historiam
833 4560 1183 4614 Lausiacam
1206 4558 1286 4613 ad
1310 4557 1526 4614 codicis
1561 4557 1762 4612 Vindo-
1808 4552 1840 4559 ⁷
1875 4553 2132 4608 laestina
2196 4552 2548 4608 Hilarionem
2609 4553 2924 4608 iuniorem.
2990 4575 3019 4606 υ
3073 4555 3196 4609 Vita
3251 4554 3528 4610 Hilarion.

147 4639 1766 4713 bonmsisﬁdemanobisbreviterdelineafam,infrahuic
1876 4658 2008 4713 cap.
2050 4645 2130 4704 10,
2167 4641 2274 4696 VV.
2310 4642 2406 4696 PP.
2443 4644 2631 4697 Hosw.
2670 4658 2729 4713 p.
2787 4645 2876 4706 78,
2923 4647 2970 4696 I.
3015 4642 3094 4696 De
3125 4643 3183 4696 S.
3235 4642 3530 4698 Hilarione

145 4729 655 4789 editioniHistoriae
673 4737 990 4790 Lausiacae
1005 4734 1612 4806 praepositamzedita
1627 4748 1766 4790 vero
1876 4730 1950 4784 cf.
1986 4732 2218 4786 Sozom.
2262 4731 2402 4786 Hist.
2438 4730 2588 4785 Eccl.
2622 4730 2726 4787 lib.
2758 4731 2829 4786 III
2857 4746 2992 4802 cap.
3030 4734 3090 4786 14
3115 4731 3210 4786 ed.
3245 4731 3528 4788 Henricus

143 4821 466 4891 exemplaria
490 4823 782 4878 Historiae
805 4825 1119 4879 Lausiacae
1145 4822 1219 4877 de
1243 4823 1603 4893 Oxyryncho
1625 4821 1766 4876 civi-
1878 4818 2140 4874 Valesius
2171 4837 2228 4890 p.
2272 4820 2375 4874 519
2399 4835 2555 4891 sqq.,
2583 4824 2638 4874 et
2666 4822 2810 4892 Epp.
2843 4820 2900 4874 S.
2936 4819 3172 4876 Hieron.

144 4909 238 4960 tate
274 4910 409 4964 nihil
434 4916 705 4966 narrant.
735 4911 813 4965 De
847 4911 1224 4966 monasteriis
1253 4909 1501 4964 civitatis
1529 4909 1762 4964 Antinoi
1947 4907 2026 4979 (6)
2058 4909 2323 4963 Cassian.
2356 4906 2460 4962 lib.
2493 4910 2536 4962 V
2583 4910 2656 4964 de
2707 4909 2851 4980 spir.
2902 4916 3088 4980 gastr.
3129 4924 3241 4980 cap
3288 4912 3378 4976 40,
3419 4909 3532 4964 VV.

141 4995 190 5048 in
209 4995 491 5054 Thebaide
523 5000 675 5054 sitae
705 4998 776 5053 cf.
801 4999 941 5054 Hist.
967 5001 1136 5054 Laus.
1162 4997 1256 5053 ed.
1280 4999 1488 5053 Meurs.
1519 5001 1762 5069 cap.96.
1878 4998 1976 5051 PP.
2023 4998 2215 5051 Rosw.
2267 5014 2324 5067 p.
2368 4999 2488 5066 551,
2527 5002 2573 5062 1,
2607 4997 2877 5052 Cassiani
2935 4999 3084 5068 Opp.
3121 4997 3216 5053 ed.
3268 4997 3532 5056 Gazaeus

197 5085 265 5152 (2)
317 5085 568 5148 Fabiola,
617 5085 820 5155 Paula,
856 5087 1147 5151 Marcella,
1179 5085 1350 5149 aliae,
1383 5101 1642 5158 quarum
1677 5087 1766 5141 vi-
1877 5100 1942 5156 p.
1998 5088 2092 5140 103
2123 5101 2236 5156 sq.,
2265 5086 2452 5154 Migne
2492 5085 2706 5141 Patrol.
2741 5088 2806 5142 T.
2848 5085 3003 5141 XLIX
3034 5101 3092 5158 p.
3128 5085 3233 5140 263
3259 5101 3353 5158 sq.

142 5177 210 5225 tas
235 5174 284 5229 S.
338 5175 742 5249 Hieronymus
773 5174 1170 5247 pulcherrime
1215 5173 1482 5247 epistolis
1513 5175 1635 5230 suis
1670 5175 1768 5232 de-
1948 5173 2027 5246 (7)
2058 5175 2163 5228 VV.
2196 5174 2298 5228 PP.
2330 5176 2519 5229 Hosw.
2565 5190 2622 5245 p.
2658 5178 2756 5229 I70
2788 5189 2921 5246 sqq.

144 5260 357 5331 scripsit.
392 5265 448 5320 S.
504 5266 743 5319 Hieron.
777 5263 926 5335 Opp.
960 5263 1053 5318 ed.
1106 5265 1292 5334 Migne
1322 5265 1380 5319 Τ.
1433 5264 1474 5318 l.
1520 5263 1757 5335 [Patrol.
1951 5262 2028 5334 (8)
2062 5262 2209 5318 Ibid.
2240 5278 2372 5333 cap.
2407 5266 2438 5318 8
2467 5279 2526 5335 p.
2560 5263 2685 5330 I72,
2714 5261 2767 5315 2.

145 5344 254 5402 XXII
266 5349 294 5422 ι.
1944 5351 2022 5423 (9)
2049 5352 2172 5406 Huc
2201 5353 2489 5423 pertinent
2512 5350 2742 5418 Valens,
2761 5353 2928 5417 Hero,
2950 5350 3342 5419 Ptolemaeus,
3359 5352 3551 5423 virgo,

196 5436 260 5506 (3)
310 5441 434 5496 Vita
468 5442 530 5497 S.
587 5440 902 5498 Hilarionis
933 5457 1066 5515 cap.
1125 5447 1206 5507 t7,
1247 5444 1357 5496 VV.
1411 5443 1508 5497 PP.
1565 5441 1765 5498 Rosw.
1879 5441 2072 5512 lapsa,
2107 5442 2462 5512 Stephanus,
2492 5441 2833 5512 Eucarpius,
2863 5439 2938 5495 de
2964 5440 3186 5512 quibus
3211 5449 3414 5498 narrat
3445 5441 3538 5498 Hi-

148 5533 189 5590 p.
215 5529 289 5582 79.
1880 5530 2063 5586 storia
2108 5528 2403 5584 Lausiaca
2441 5531 2534 5584 ed.
2573 5531 2779 5586 Meurs.
2831 5545 3008 5602 capp.
3065 5528 3155 5596 3:2,
3191 5533 3279 5598 33,
3315 5532 3402 5597 34.
3445 5534 3537 5588 35.

194 5614 260 5682 (4)
283 5617 405 5675 Vita
439 5620 718 5677 Barlaam
748 5619 1032 5675 eremitae
1072 5635 1108 5675 a
1135 5621 1363 5676 Joanne
1397 5620 1768 5676 Damasceno
1884 5623 2003 5676 105.
2057 5616 2216 5681 Alios
2269 5617 2529 5674 infelices
2590 5619 2920 5678 monachos
2957 5623 3226 5678 recenset
3264 5620 3534 5680 Cassian.

147 5707 453 5780 gonscripta
480 5722 614 5782 cap.
660 5709 713 5777 1,
740 5709 849 5765 VV.
881 5708 982 5765 PP.
1017 5709 1210 5766 Rosw.
1239 5723 1304 5781 .p.
1337 5711 1463 5779 243,
1504 5708 1556 5762 I.
1883 5705 2028 5768 Coll.
2056 5706 2124 5765 II.
2149 5721 2325 5780 capp.
2357 5706 2410 5764 5.
2447 5710 2497 5764 6.
2528 5711 2585 5773 ,7.
2626 5710 2680 5766 8.
