4080 6208
523 308 587 368 11
1384 310 1489 368 SS.
1531 311 2018 370 MACARIORUM
2058 308 2405 367 AEGYPTII
2447 308 2533 365 ET
2570 308 3077 367 ALEXANDRINI
3866 312 3925 368 12

524 437 697 497 neris
719 438 795 497 ad
834 452 943 497 eos
997 439 1359 511 conﬂueret,
1401 440 1478 498 ad
1524 440 1731 507 ﬁnem,
1765 454 1952 512 quem
1998 438 2182 498 initio
2213 439 2256 489 Α
2290 452 2435 510 gere
2480 437 2727 510 nequis,
2775 437 2861 495 ita
2889 437 3095 510 quarti
3144 445 3204 495 et
3244 441 3445 512 quinti
3475 440 3693 499 saeculi
3732 441 3927 500 Eccle-

526 535 648 593 sibi
698 537 1189 609 proposuissent,
1261 550 1383 595 non
1454 537 1782 608 pervenire
1837 552 1902 594 se
1976 537 2178 610 questi

527 632 651 693 sint
698 633 709 691 1
746 633 859 692 1110
888 649 1014 707 quo
1056 634 1115 693 S.
1154 634 1456 692 Antonius
1495 634 1884 692 moriebatur
1923 648 2085 692 anno
2116 634 2173 692 S.

528 729 833 799 Hilarion,
891 732 999 804 qui
1058 731 1120 789 in
1185 731 1400 803 Syriae
1463 730 1731 789 desertis
1806 731 2182 790 monasteria

524 828 902 901 instituerat,
947 841 1091 887 cum
1138 828 1368 898 grande
1420 827 1774 887 aediﬁcium
1814 836 1874 887 et
1905 829 2183 888 multitu-

530 926 743 986 dinem
804 939 1015 983 secum
1073 924 1492 983 habitantium
1552 928 1894 999 turbasque
1960 940 2181 985 eorum

530 1027 835 1088 cerneret,
870 1022 976 1092 qui
1025 1019 1289 1079 diversis
1331 1023 1736 1095 languoribus
1794 1031 1856 1082 et
1913 1025 2181 1081 immun-

532 1121 629 1179 dis
658 1117 986 1190 spiritibus
1010 1124 1348 1190 occupatos
1399 1120 1475 1178 ad
1519 1135 1585 1179 se
1636 1121 2050 1192 deducebant,
2097 1121 2183 1179 ita

531 1220 601 1274 ut
643 1215 814 1273 omni
856 1230 1082 1287 genere
1112 1216 1441 1276 hominum
1473 1223 1602 1276 tota
1655 1218 1926 1278 solitudo
1982 1218 2183 1290 reple-

531 1317 730 1385 retur,
761 1313 1043 1385 quotidie
1072 1314 1255 1373 ﬂebat
1298 1329 1587 1373 moerens
1614 1331 1687 1374 ac
1722 1316 1936 1375 dicens
1981 1335 1995 1375 :
2047 1329 2183 1374 rur-

532 1425 639 1469 sus
683 1425 751 1469 se
791 1411 867 1468 ad
914 1411 1233 1471 saeculum
1283 1426 1605 1472 reversum
1630 1429 1785 1481 esse,
1822 1413 2182 1472 monasterii

534 1507 790 1567 nomine
850 1510 928 1567 ad
983 1509 1510 1584 dispensationem
1567 1512 1828 1571 fratrum
1886 1528 1950 1571 se
2000 1510 2185 1569 villae

536 1607 960 1681 possessiones
1023 1612 1084 1666 et
1148 1608 1601 1681 supellectilem
1655 1611 1935 1682 habere;
1991 1622 2187 1682 quare

534 1707 749 1778 postea
778 1705 962 1764 aedes
1003 1706 1069 1763 in
1110 1706 1338 1765 Juliani
1366 1708 1693 1780 Apostatae
1723 1709 2183 1781 persecutione,

535 1802 687 1861 dum
725 1803 860 1875 ipse
909 1803 1129 1876 abfuit,
1163 1804 1402 1863 dirutas
1446 1806 1775 1864 restituere
1822 1806 2044 1876 noluit,
2078 1806 2185 1863 sed
2221 1785 2263 1838 Β

535 1899 602 1961 in
645 1901 957 1960 vastitates
1006 1901 1260 1960 secessit
1304 1900 1413 1978 (1).
1471 1904 1682 1976 Neque
1726 1903 1982 1972 inﬁtior,
2026 1902 2187 1961 indi-

536 2012 689 2072 gnos
740 2012 1186 2072 nonnunquam
1241 2001 1316 2057 ad
1378 2002 1753 2059 monasteria
1808 2000 2181 2074 confugisse,

534 2097 713 2155 cuius
764 2098 855 2154 rei
886 2098 1174 2169 exempla
1228 2100 1394 2170 apud
1429 2100 1766 2173 scriptores
1810 2100 2182 2169 invenimus,

533 2193 677 2252 licet
730 2194 989 2265 plurimi
1045 2195 1227 2268 impii
1279 2210 1499 2255 senum
1558 2198 2035 2257 mansuetudine
2097 2197 2185 2269 pii

533 2290 785 2348 tandem
811 2290 1009 2349 effecti
1039 2292 1161 2350 sint
1192 2292 1278 2369 (2)
1311 2311 1323 2362 ;
1372 2295 1569 2353 immo
1600 2296 1765 2367 ipsas
1794 2296 2082 2353 haereses
2110 2309 2185 2352 ex

531 2388 736 2446 caecis
781 2387 1228 2448 nonnullorum
1282 2391 1506 2449 studiis
1561 2392 1876 2450 interdum
1934 2406 2179 2464 proces-

533 2486 684 2544 sisse
718 2483 826 2562 (3).
861 2485 979 2544 Sed
1012 2487 1427 2547 nihilominus
1456 2495 1740 2562 tempora
1771 2487 1875 2547 illa
1920 2490 2183 2547 salutem

531 2584 841 2642 Ecclesiae
894 2598 1083 2656 quam
1147 2586 1421 2644 maxime
1479 2592 1945 2659 promoverunt.
2008 2586 2184 2657 Quod

530 2681 736 2741 tribus
774 2681 1097 2754 prioribus
1146 2684 1411 2742 saeculis
1464 2690 1789 2757 martyres,
1847 2684 1909 2742 id
1962 2689 2186 2757 quarto

532 2782 596 2837 et
661 2776 914 2836 ineunte
977 2779 1199 2851 quinto
1269 2780 1519 2840 saeculo
1573 2783 2005 2853 anachoretae,
2074 2779 2178 2848 ll

532 2874 856 2947 eremitae,
887 2877 1177 2935 monachi
1207 2877 1502 2952 Orientis,
1539 2883 1832 2952 tanquam
1869 2880 2011 2937 novi
2042 2879 2186 2951 qui-

534 2974 678 3032 dam
708 2973 1024 3033 innumeri
1059 2981 1368 3051 martyres
1402 2974 1492 3053 (ι)
1531 2977 1902 3036 efficiebant.
1938 2977 2090 3035 Nam
2123 2980 2189 3035 ut

533 3076 881 3145 martyrum
921 3074 1304 3132 cruciatibus
1350 3074 1503 3133 ﬁdes
1530 3089 1602 3133 ac
1646 3075 1768 3133 vita
1812 3073 2190 3133 Christiano-

534 3185 678 3229 rum
726 3169 849 3228 sibi
890 3171 1086 3229 facem
1128 3172 1524 3243 accendebat,
1572 3172 1656 3229 ita
1685 3172 2011 3230 severitate
2041 3172 2190 3228 illo-

534 3281 702 3334 rum,
756 3269 865 3339 qui
935 3270 1237 3326 mundum
1297 3284 1557 3340 prorsus
1623 3268 2018 3341 spernebant,
2079 3283 2150 3326 ce

533 3369 816 3423 tororum
877 3364 1157 3422 ﬁdelium
1226 3365 1509 3423 voluntas
1574 3365 2047 3424 incendebatur.
2118 3366 2187 3424 Ut

534 3466 886 3534 martyrum
917 3463 1261 3521 constantia
1292 3462 1636 3535 paganismi
1677 3463 1805 3521 vim
1845 3463 2184 3535 frangebat,

535 3560 623 3619 ita
663 3556 1089 3618 solitariorum
1141 3560 1503 3633 exemplum
1547 3561 1763 3618 ultima
1817 3560 2051 3632 templa
2098 3561 2192 3617 di-

536 3657 685 3716 ruit.
720 3657 797 3717 Ut
820 3671 855 3714 e
884 3658 1060 3716 vultu
1092 3665 1464 3730 martyrum,
1499 3673 1694 3732 quum
1723 3658 1803 3715 ad
1833 3658 2191 3716 crudelissi—

537 3770 642 3814 ma
697 3754 1006 3828 supplicia
1070 3763 1420 3829 pergerent,
1492 3756 1776 3815 hilaritas
1830 3760 1893 3814 et
1960 3755 2192 3815 laetitia

538 3853 699 3915 coeli
751 3850 1110 3928 effulgebat,
1156 3854 1241 3912 ita
1298 3854 1361 3912 in
1410 3855 1634 3915 ardore
1676 3860 1737 3913 et
1802 3854 2032 3926 studio,
2067 3868 2192 3927 quo

539 3952 830 4013 monachi
883 3954 1095 4011 omnia
1145 3953 1350 4012 carnis
1386 3954 1698 4027 supplicia
1738 3954 1857 4027 ipsi
1908 3952 2027 4011 sibi
2071 3952 2193 4010 im—

540 4050 876 4122 ponebant,
923 4050 1297 4107 christianae
1353 4051 1672 4122 religionis
1720 4052 1915 4108 virtus
1958 4051 2191 4108 revela-

540 4146 745 4203 batur.
783 4145 857 4203 Ut
886 4146 1007 4204 tria
1044 4146 1257 4217 priora
1288 4148 1534 4205 saecula
1562 4147 1697 4204 sine
1732 4146 1994 4204 historia
2024 4160 2184 4203 mar-

539 4240 690 4315 tyrii
734 4254 976 4312 eorum,
1011 4240 1120 4313 qui
1166 4255 1233 4300 se
1272 4242 1516 4300 Christo
1546 4242 1932 4310 addixerant,
1968 4242 2195 4299 intelli-

614 4444 691 4516 (1)
725 4444 849 4500 Vita
877 4446 931 4501 S.
967 4444 1247 4502 Hilarion.
1274 4462 1409 4519 cap.
1440 4447 1509 4503 23
1540 4462 1691 4519 sqq.,
1727 4449 1834 4502 VV.
1864 4448 1962 4503 PP.
1993 4450 2189 4503 Rosw.

540 4547 603 4605 p.
634 4534 724 4599 81,
762 4537 784 4588 1
816 4549 950 4606 sqq.

613 4622 696 4696 (2)
720 4625 889 4695 Ipsos
910 4622 1174 4680 latrones
1201 4623 1279 4680 ab
1310 4624 1379 4680 iis
1409 4640 1737 4681 conversos
1769 4630 1824 4680 et
1858 4626 2191 4681 monachos

540 4712 731 4770 factos
783 4728 912 4768 esse
965 4712 1241 4782 legimus.
1297 4715 1405 4769 νγ.
1451 4714 1549 4770 ΡΡ,
1591 4716 1787 4769 Rosw.
1820 4713 1921 4769 lib.
1970 4716 2007 4768 X
2056 4730 2188 4785 cap.

544 4800 645 4856 166
683 4817 743 4872 p.
799 4803 921 4871 9l2,
980 4806 1001 4856 1
1041 4816 1056 4867 ;
1108 4801 1212 4858 lib.
1258 4806 1276 4858 1
1324 4808 1504 4874 p.77,
1552 4808 1571 4858 1
1612 4819 1626 4868 ;
1670 4803 1811 4858 Hist.
1867 4804 2040 4857 Laus.
2093 4802 2187 4857 ed.

539 4893 749 4948 Meurs.
774 4906 906 4961 cap.
930 4892 1019 4957 99,
1038 4890 1290 4962 passim.
1315 4897 1360 4947 Α
1386 4892 1537 4947 veris
1564 4892 1898 4950 monachis,
1919 4890 2190 4947 coenobi-

538 4979 615 5037 tis
642 4978 931 5034 nimirum
958 4984 1013 5035 et
1032 4979 1428 5046 anachoretis,
1450 4981 1523 5036 de
1542 4980 1764 5052 quibus
1791 4980 1933 5034 solis
1950 4979 2045 5035 hic
2067 4981 2187 5049 agi-

538 5072 655 5135 tur,
674 5067 1081 5138 distinguendi
1105 5077 1245 5125 sunt
1271 5070 1363 5124 isti
1390 5069 1932 5141 pseudomonachi,
1963 5085 2116 5141 quos
2132 5072 2187 5124 S.

538 5156 939 5229 Hieronymus
950 5158 1347 5225 Remobooth,
1366 5159 1685 5214 Cassianus
1701 5158 2064 5223 Sarabaitas,
2091 5157 2189 5212 alii

536 5251 730 5302 Βόσκοι
768 5261 872 5302 seu
898 5246 1279 5319 pabulatores
1300 5252 1607 5304 vocarunt.
1646 5249 1699 5303 S.
1736 5248 2131 5317 Hieronymus
2173 5263 2186 5301 :

476 5402 481 5403 ί
538 5356 570 5388 ι(
602 5336 690 5401 Hi,
724 5356 757 5387 »
805 5335 1022 5409 inquit,
1060 5356 1084 5386 α
1126 5335 1249 5392 bini
1283 5336 1369 5393 vel
1405 5337 1578 5403 terni,
1613 5352 1721 5392 nec
1772 5335 1956 5390 multo
1989 5335 2189 5406 plures

537 5424 718 5481 simul
768 5424 1063 5492 habitant,
1097 5441 1207 5481 suo
1258 5425 1548 5482 arbitratu
1601 5441 1670 5481 ac
1720 5424 1945 5480 ditione
1988 5427 2190 5479 viven-

535 5517 647 5580 tes,
693 5554 705 5568 .
750 5552 765 5568 .
811 5555 824 5569 .
871 5556 883 5569 .
930 5553 945 5566 .
989 5554 1003 5569 .
1047 5555 1060 5570 .
1097 5520 1155 5571 et
1185 5516 1357 5586 quasi
1390 5529 1486 5570 ars
1526 5515 1598 5570 sit
1628 5507 1857 5576 sancta,
1892 5528 2013 5569 non
2050 5512 2183 5578 vita,

534 5601 830 5677 quidquid
858 5602 1255 5671 vendiderint,
1284 5603 1526 5660 maioris
1556 5606 1647 5659 est
1672 5602 1839 5675 pretii
1876 5642 1888 5655 .
1934 5644 1947 5657 .
1992 5643 2005 5657 .
2053 5644 2065 5656 .
2116 5644 2128 5655 .
2171 5640 2184 5652 .

538 5691 1309 5768 Apud,hos,aﬂectata;sunt
1325 5692 1564 5752 omnia:
1587 5691 1762 5751 laxae
1781 5692 2074 5761 manicae,
2093 5706 2189 5749 ca-

2290 536 2418 594 siae
2466 535 2726 594 historia
2767 550 2913 593 cum
2947 536 3066 593 hoc
3106 550 3266 595 novo
3295 539 3598 611 martyrio
3627 536 3928 599 monachi-

2290 649 2389 703 co,
2422 648 2499 691 ex
2530 648 2655 706 quo
2688 633 2916 691 iustam
2945 632 3147 691 lucem
3184 648 3360 691 suam
3393 637 3642 708 accipit,
3677 633 3933 693 arctissi-

2291 747 2392 791 me
2417 732 2727 791 cohaeret.
2765 730 3045 789 Macariis
3074 737 3281 788 autem
3310 734 3538 790 nostris
3560 735 3623 791 id
3654 734 3926 799 debetur,

2291 830 2457 903 quod
2489 833 2625 900 post
2674 828 3009 886 Antonium
3042 828 3233 899 primi
3264 829 3389 885 fere
3420 830 3774 887 exstiterint
3815 844 3933 887 ma-

2291 942 2445 1000 gnae
2474 927 2645 984 illius
2689 926 2752 984 in
2799 928 3077 997 Aegypto
3116 924 3346 983 saeculi
3377 926 3582 996 quarti
3617 926 3937 997 religiosae

2291 1024 2645 1084 animorum
2704 1023 3210 1081 inflammationis
3254 1025 3538 1080 auctores
3587 1025 3643 1077 et
3691 1035 3938 1093 promo-

2292 1129 2459 1181 tores
2493 1138 2505 1177 ε
2541 1137 2667 1193 quo
2719 1121 2977 1194 quidem
3026 1119 3088 1177 in
3120 1134 3348 1192 genere
3389 1124 3691 1191 quantum
3734 1118 3941 1174 excel-

2296 1220 2549 1291 luerint,
2589 1220 2723 1277 viva
2755 1219 2859 1276 illa
2890 1218 3165 1283 traditio,
3218 1232 3377 1289 quae
3423 1214 3668 1274 Macarii
3713 1227 3936 1273 nomen

2293 1318 2369 1376 ad
2435 1317 2812 1376 hodiernum
2879 1316 3048 1374 diem
3123 1329 3271 1388 prae
3335 1314 3558 1372 ceteris
3621 1312 3933 1375 omnibus,

2294 1416 2399 1486 qui
2447 1416 2510 1473 in
2556 1415 2691 1473 istis
2739 1414 3124 1473 vastitatibus
3166 1413 3390 1485 Libyae
3426 1411 3578 1469 olim
3633 1410 3939 1478 vixerunt,

2296 1527 2408 1585 per
2455 1512 2814 1585 quindecim
2846 1512 3089 1570 saecula
3121 1509 3260 1568 tulit
3305 1506 3415 1585 (5),
3466 1508 3811 1566 luculenter
3840 1506 3941 1561 de-

2297 1616 2621 1669 monstrat.
2659 1610 2841 1682 Signa
2890 1624 3040 1668 vero
3088 1614 3149 1666 et
3193 1606 3480 1679 prodigia
3528 1606 3606 1663 ab
3655 1605 3753 1661 his
3780 1602 3947 1661 seni-

2298 1710 2414 1767 bus
2468 1708 2646 1779 facta,
2692 1707 2977 1780 quamvis
3030 1722 3063 1764 a
3107 1705 3525 1777 scriptoribus
3582 1702 3750 1760 illius
3791 1707 3945 1759 tem-

2298 1806 2470 1879 poris
2521 1818 2976 1877 saepenumero
3024 1809 3272 1876 praeter
3337 1798 3947 1860 verisimilitudinem

2299 1909 2651 1971 narrentur,
2708 1902 2807 1960 vix
2878 1908 3085 1960 tamen
3160 1914 3411 1972 semper
3484 1895 3948 1970 psychologice,

2298 2006 2364 2059 ut
2412 2001 2693 2058 nonnulli
2749 2000 3049 2065 fecerunt,
3112 2003 3215 2056 aut
3266 1998 3390 2055 alio
3447 1995 3721 2068 quodam
3778 1982 3951 2049 natii-

2298 2098 2412 2156 rali
2453 2097 2642 2156 modo
2680 2098 3075 2169 interpreter.
3130 2094 3421 2167 Quisquis
3450 2091 3801 2151 Christiano
3843 2103 3955 2146 no-

2297 2198 2465 2255 mine
2521 2210 2641 2253 non
2720 2195 3011 2267 indignus
3077 2199 3189 2261 est,
3244 2193 3483 2265 magnis
3558 2187 3955 2261 temporibus

2298 2309 2552 2353 manum
2600 2293 2703 2352 Dei
2753 2294 2815 2351 in
2863 2292 3224 2351 hominibus
3272 2304 3491 2363 magna
3542 2289 3759 2345 fecisse
3810 2299 3955 2357 pro-

2296 2393 2454 2451 ﬁteri
2516 2397 2770 2465 paratus
2825 2395 2938 2449 est.
2998 2391 3192 2462 quue
3241 2390 3448 2460 ipsum
3504 2400 3619 2443 cur
3669 2385 3772 2442 hic
3830 2396 3955 2440 non

2295 2494 2626 2559 statuatur,
2661 2503 2857 2562 quum
2906 2488 3072 2546 idem
3126 2487 3189 2543 in
3232 2484 3529 2555 apostolis
3562 2488 3623 2541 et
3668 2481 3958 2539 Patribus

2296 2589 2608 2646 Ecclesiae
2650 2587 2909 2645 minime
2961 2585 3325 2649 inﬁtiamur,
3368 2597 3490 2640 non
3533 2580 3833 2651 intelligo.
3891 2578 3959 2634 In

2296 2686 2576 2743 fabulosa
2628 2691 2835 2742 autem
2889 2682 3321 2740 narrationum
3372 2678 3565 2755 forma
3621 2678 3672 2734 si
3726 2690 3956 2748 saepe—

2297 2798 2561 2843 numero
2591 2782 2946 2849 oﬁ‘enderis,
3000 2783 3155 2839 scito
3194 2786 3254 2838 et
3301 2793 3442 2837 cum
3496 2776 3695 2849 gentis
3750 2776 3958 2846 Aegy—

2300 2884 2464 2956 ptiae
2513 2883 2727 2940 indole
2776 2886 2837 2938 et
2887 2894 3031 2939 cum
3078 2877 3375 2951 singulari
3431 2888 3648 2933 senum
3701 2872 3963 2929 vivendi

2301 2994 2525 3055 genere
2572 2986 3056 3050 temporumque
3103 2978 3359 3048 insuper
3406 2978 3626 3031 natura
3672 2984 3813 3029 eam
3868 2971 3963 3027 in-

2301 3081 2452 3138 time
2503 3079 2889 3145 cohaerere;
2948 3075 3244 3147 quocirca
3296 3073 3423 3131 illis
3474 3069 3651 3129 libris
3707 3068 3785 3126 de
3846 3065 3961 3133 12

2302 3177 2586 3249 patribus
2638 3175 2832 3231 eremi
2888 3172 3138 3243 scriptis
3186 3170 3400 3242 poesin
3450 3166 3764 3239 quandam
3812 3179 3967 3223 con-

2302 3272 2487 3329 tineri
2521 3270 2786 3328 dixerim
2818 3285 2854 3327 a
2897 3269 3074 3326 factis
3111 3283 3184 3325 ac
3230 3264 3532 3338 prodigiis
3562 3277 3785 3322 senum
3820 3276 3971 3335 pro-

2301 3370 2547 3435 fectam,
2581 3368 2687 3425 sed
2740 3367 2901 3424 fama
2950 3372 3007 3423 et
3064 3365 3305 3434 poetica
3356 3362 3554 3436 gentis
3605 3368 3796 3433 atque
3858 3375 3969 3418 ae-

2302 3468 2441 3525 tatis
2473 3467 2679 3524 indole
2706 3466 2868 3522 mire
2902 3463 3212 3522 excultam
3236 3466 3296 3520 et
3324 3466 3708 3519 exornatam.

2383 3563 2412 3641 §
2466 3566 2525 3623 5.
2578 3564 2699 3622 Sed
2755 3565 2907 3621 haec
2962 3562 3039 3619 de
3094 3560 3464 3633 primordiis
3520 3559 3681 3616 vitae
3734 3572 3967 3616 mona-

2302 3664 2516 3722 chicae
2565 3662 2903 3720 sufﬁciunt.
2953 3661 3087 3718 Jam
3118 3666 3475 3731 antequam,
3516 3670 3678 3729 quae
3710 3656 3792 3713 de
3845 3656 3975 3713 Ma-

2301 3761 2489 3820 cariis
2537 3759 2845 3833 leguntur,
2901 3757 3189 3831 digerere
3240 3755 3639 3827 incipiamus,
3684 3753 3764 3810 de
3818 3753 3974 3813 fon-

2301 3859 2472 3919 tibus
2538 3857 2813 3915 breviter
2878 3855 3258 3915 monendum
3310 3859 3420 3912 est.
3476 3854 3798 3921 Auctores,
3856 3851 3975 3922 qui

2305 3956 2716 4016 Macariorum
2767 3960 3049 4028 tempore
3094 3958 3200 4012 aut
3247 3951 3458 4025 paullo
3501 3956 3640 4022 post
3687 3954 3974 4006 mortem

2303 4070 2524 4113 eorum
2556 4055 2618 4111 in
2672 4054 2945 4125 Aegypto
2988 4052 3264 4121 fuerunt,
3313 4050 3396 4106 ita
3426 4054 3493 4105 ut
3522 4048 3615 4103 vel
3660 4046 3978 4104 Macarios

2304 4152 2424 4222 ipsi
2474 4150 2767 4221 viderint,
2802 4150 2894 4206 vel
2946 4149 3023 4204 ab
3072 4160 3292 4203 eorum
3341 4142 3706 4215 aequalibus
3752 4142 3976 4199 edocti

2302 4248 2447 4315 sint,
2504 4244 2761 4304 nomino
2817 4243 3170 4314 Evagrium,
3231 4240 3541 4311 Ruﬁnum,
3600 4238 3660 4295 S.
3736 4237 3979 4298 Hiero-

2302 4444 2459 4515 ligae
2513 4443 2864 4512 follicantes,
2900 4443 3071 4496 vestis
3112 4439 3395 4509 grossior,
3438 4440 3647 4494 crebra
3678 4440 3981 4509 suspiria,

2303 4534 2562 4590 visitatio
2619 4532 2943 4601 virginum,
2975 4529 3322 4585 detractatio
3375 4527 3748 4592 clericorum,
3810 4533 3873 4583 et
3930 4531 3983 4584 si

2302 4622 2548 4694 quando
2588 4622 2715 4675 dies
2762 4619 2947 4675 festus
2982 4617 3228 4682 venerit,
3278 4622 3623 4672 saturantur
3653 4615 3726 4669 ad
3760 4619 3986 4672 vomi-

2303 4716 2450 4767 tum.
2496 4731 2523 4763 »
2583 4713 2687 4780 Ep.
2722 4714 2810 4777 22,
2843 4710 2899 4763 S.
2940 4707 3168 4763 Hieron.
3227 4708 3379 4777 Opp.
3431 4704 3526 4759 ed.
3580 4704 3769 4771 Migne
3824 4703 3895 4756 T.
3937 4708 3983 4762 I.

2301 4799 2538 4873 [Patro].
2598 4802 2655 4854 T.
2690 4798 2840 4869 XXII]
2892 4814 2949 4867 p.
3008 4795 3132 4859 419.
3187 4794 3449 4849 Cassian.
3504 4791 3646 4847 Coll.
3677 4791 3871 4855 XVIII,
3922 4800 3984 4863 7,

2303 4892 2453 4961 Opp.
2488 4889 2582 4943 ed.
2614 4889 2872 4943 Gazaeus
2905 4901 2962 4955 p.
2998 4886 3119 4949 521,
3155 4882 3345 4950 Migne
3377 4896 3434 4951 p.
3476 4884 3606 4935 1102
3638 4895 3727 4950 sq.

2375 4978 2450 5048 (3)
2480 4978 2617 5032 Hist.
2639 4976 2815 5030 Laus.
2835 4974 2928 5028 ed.
2952 4976 3156 5028 Meurs.
3177 4974 3333 5027 0.36.
3354 4972 3428 5023 De
3443 4968 3764 5032 monacho,
3782 4973 3902 5041 qui
3918 4974 3985 5029 in

2302 5072 2523 5121 sectam
2545 5064 2967 5119 Hieracitarum
3002 5060 3227 5125 incidit,
3252 5059 3382 5113 vide
3406 5058 3557 5113 infra
3578 5062 3769 5129 Caput
3798 5060 3873 5114 11.
3900 5064 3989 5119 De

2302 5156 2615 5211 monachis
2641 5152 3079 5224 Origenismum
3107 5148 3522 5221 profitentibus
3541 5147 3609 5202 cf.
3634 5146 3799 5216 Sulp.
3836 5150 3985 5205 Sev.

2303 5244 2447 5301 Dial.
2478 5246 2496 5298 I
2524 5260 2657 5313 cap.
2692 5247 2741 5311 6,
2787 5240 3055 5299 Galland.
3105 5238 3248 5294 Bibl.
3282 5237 3390 5291 PP.
3428 5240 3486 5292 T.
3536 5239 3645 5290 Vlll
3681 5252 3738 5307 p.
3768 5239 3915 5305 404,
3955 5247 3992 5297 2

2301 5350 2458 5405 sqq.,
2496 5334 2685 5400 Migne
2715 5329 2924 5385 Patro].
2950 5332 3008 5383 'I‘.
3038 5330 3121 5382 XX
3156 5343 3212 5399 p.
3256 5330 3373 5381 187.

2373 5423 2451 5494 14)
2485 5422 2810 5478 Cassianus
2844 5418 3237 5472 auachoretas
3265 5421 3320 5471 et
3349 5414 3696 5471 coenobitas
3724 5432 3751 5465 «
3800 5417 3992 5475 vivos

2301 5517 2593 5582 martyres
2646 5527 2674 5563 »
2720 5512 2910 5562 vocat.
2948 5505 3089 5561 Coll.
3144 5506 3306 5561 XVIII
3340 5520 3472 5575 cap.
3516 5505 3549 5557 7
3597 5504 3691 5557 ed.
3726 5504 3877 5560 Gaz.
3921 5526 3987 5580 p.

2298 5600 2424 5667 522,
2458 5599 2645 5668 Migne
2674 5614 2733 5667 p.
2769 5600 2920 5651 ll06.

2370 5690 2445 5763 (4)
2473 5685 2862 5746 Tiscbendorf
2883 5684 2921 5742 l.
2957 5684 2996 5740 l.
3027 5699 3088 5758 p.
3125 5684 3245 5739 119.
