4094 6208
179 284 238 339 13
1777 272 2014 345 VITAE.
2609 322 2615 326 .
3534 268 3600 324 u

174 427 465 486 nymum,
538 411 904 483 Palladium,
971 411 1352 471 Cassianum.
1416 409 1716 480 Quorum,
1777 404 1832 463 si
1866 405 1912 458 A
1949 401 2290 474 interprete
2318 400 2430 458 CLI
2469 399 2670 471 capita
2707 395 3147 470 complectitur
3200 394 3310 472 (6).
3365 394 3599 468 Altera,

171 510 484 568 Macarios
541 516 803 584 spectas,
859 509 1388 582 locupletissimus
1446 512 1630 579 atque
1669 502 1837 561 ﬁdis-

168 609 371 666 simus
423 609 600 665 testis
649 614 741 666 est
782 606 1117 672 Palladius,
1151 606 1260 679 qui
1314 605 1589 663 secundo
1633 602 1832 660 Theo-

168 705 329 764 dosii
390 704 602 778 magni
653 704 1022 778 imperantis
1076 718 1238 762 anno
1286 705 1362 761 ad
1411 708 1665 776 portum
1705 699 1838 757 Ale-

165 803 480 861 xandriae
519 803 765 876 appulit
806 801 918 878 (1),
969 801 1219 875 triginta
1258 817 1364 859 sex
1411 799 1732 859 mensibus
1775 796 1838 854 in

163 899 600 968 monasteriis,
673 916 834 974 quae
897 901 1065 960 circa
1123 899 1558 958 Alexandriam
1637 901 1833 966 erant,

166 999 452 1072 peractis
493 999 556 1056 in
608 1004 883 1056 montem
931 997 1160 1056 Nitriae
1213 997 1463 1056 secessit
1506 993 1617 1072 (2),
1671 999 1732 1052 et
1777 993 1842 1050 in

165 1094 416 1166 Celliis,
479 1097 542 1154 in
611 1096 843 1168 quibus
911 1110 1132 1154 nox'cm
1205 1109 1398 1153 annos
1442 1092 1839 1165 transigebat,

163 1201 292 1252 tres
355 1210 487 1252 una
543 1208 688 1252 cum
734 1193 998 1252 Macario
1057 1193 1471 1250 Alexandrino
1532 1190 1683 1248 vixit
1725 1186 1837 1265 (3).

166 1292 531 1365 Aegyptius
568 1306 711 1349 vero
754 1293 1052 1349 Macarius
1100 1305 1284 1355 anno,
1330 1294 1664 1361 antequam
1708 1285 1842 1344 Pal-

167 1390 386 1449 ladius
444 1390 508 1447 in
567 1389 975 1447 solitudinem
1031 1388 1493 1461 egrediebatur,
1558 1390 1846 1443 mortuus

168 1492 304 1547 erat
351 1487 477 1563 (5).
540 1488 752 1560 Itaque
810 1486 990 1544 facile
1038 1485 1355 1558 intelligis,
1408 1484 1844 1542 auctoritatem

171 1585 448 1644 Palladii
497 1583 754 1642 maximi
801 1583 1148 1641 faciendam
1190 1597 1346 1653 esse,
1382 1581 1574 1654 idque
1604 1595 1680 1640 eo
1711 1595 1839 1637 ma-

172 1685 288 1758 gis,
326 1696 532 1756 quum
577 1697 641 1738 se
699 1681 893 1738 ﬁdum
951 1683 1362 1753 spectatorem
1417 1679 1731 1745 exhibeat,
1786 1681 1847 1734 et

1946 513 2109 573 quae
2150 499 2384 571 pariter
2438 513 2507 555 ac
2539 502 2782 554 ceterae
2834 495 3000 568 apud
3055 493 3448 553 Rosweidum
3503 494 3603 552 le-

1947 599 2134 671 gitur,
2177 597 2416 655 incerto
2471 601 2678 652 vetere
2736 594 3098 665 interprete,
3130 593 3447 664 capitibus
3498 591 3599 651 XX

1947 700 2184 755 constat
2216 692 2323 770 (7).
2373 693 2578 750 Tertia
2607 692 2901 763 denique,
2935 690 3152 748 itidem
3196 689 3438 748 incerto
3493 703 3601 748 ve-

1949 791 2081 843 tere
2146 785 2508 854 interprete,
2575 779 2741 839 LVIII
2799 777 3108 850 capitibus
3165 777 3398 851 prodiit
3485 778 3604 836 hoc

1951 882 2194 941 indice:
2229 901 2258 935 (<
2286 879 2627 938 Heraclidis
2656 877 2982 951 paradisus
3010 873 3114 950 (8),
3148 896 3167 927 ι
3205 876 3313 948 qui
3343 875 3602 948 quidem

1952 982 2172 1040 titulus
2223 979 2412 1037 falsus
2463 982 2577 1048 est,
2606 990 2804 1050 quum
2846 975 3178 1048 legendum
3220 974 3300 1032 sit
3331 992 3360 1027 «
3398 973 3602 1032 Palla-

1951 1081 2039 1138 dii
2092 1078 2438 1151 paradisus,
2490 1095 2516 1130 υ
2571 1081 2638 1134 ut
2681 1079 2773 1133 est
2821 1074 2886 1130 in
2932 1071 3351 1130 vetustissimo
3385 1071 3602 1129 codice

1952 1178 2233 1236 eiusdem
2315 1173 2618 1232 versionis
2683 1173 2936 1230 ineunte
3004 1184 3126 1227 sec.
3203 1168 3278 1226 IX
3341 1168 3598 1240 scripto,

1952 1290 2136 1348 quem
2204 1272 2330 1331 adii
2386 1272 2620 1330 Romae
2679 1271 2741 1328 in
2799 1267 3180 1327 bibliotheca
3240 1264 3604 1324 monasterii

1963 1369 2368 1430 Yerusalemme
2428 1369 2490 1427 in
2550 1365 2720 1426 Croce
2774 1365 2883 1443 (9).
2958 1363 3303 1424 Heraclidis
3360 1359 3608 1435 paradi-

1955 1487 2060 1530 sus
2114 1470 2274 1529 alius
2330 1469 2588 1527 omnino
2642 1466 2802 1524 liber
2860 1464 3050 1522 fuisse
3106 1461 3376 1531 videtur,
3425 1460 3609 1520 cuius

1955 1569 2203 1628 codices
2231 1569 2462 1626 Romae
2513 1565 2577 1622 in
2627 1562 3009 1623 bibliotheca
3057 1559 3405 1619 Christinae
3434 1559 3610 1632 regi-

1958 1681 2072 1726 nae
2101 1666 2492 1723 asservantur
2522 1660 2674 1738 (l0).
2710 1659 2826 1718 Sed
2857 1659 2931 1717 ad
2968 1659 3107 1716 illas
3133 1661 3260 1715 tres
3289 1656 3608 1715 versiones

174 1755 367 1853 longa
415 1793 728 1837 annorum
785 1779 948 1837 serie
1003 1793 1144 1834 «ex
1203 1779 1428 1836 virtute
1475 1783 1641 1848 gesta
1701 1791 1846 1833 san-
1883 1759 1919 1812 Β
1965 1761 2076 1834 14
2123 1763 2424 1822 Historiae
2466 1760 2791 1819 Lausiacae
2847 1755 3087 1816 accedit
3143 1755 3348 1827 graeci
3401 1757 3608 1813 textus

185 1883 432 1937 ctorum
494 1882 976 1949 sanctarumque
1039 1876 1102 1933 in
1175 1874 1431 1948 Aegypti
1506 1873 1846 1932 solitudine

181 1982 247 2035 et
296 1976 359 2033 in
393 1974 583 2048 Libya
611 1979 674 2032 et
708 1973 1022 2032 Thebaide
1059 1978 1120 2031 et
1166 1974 1365 2045 Syene
1407 1978 1467 2030 et
1510 1971 1840 2037 Tahennis,

177 2074 412 2132 deinde
466 2074 529 2132 in
594 2074 1060 2145 Mesopotamia,
1124 2071 1464 2130 Palaestina
1524 2076 1584 2128 et
1639 2069 1839 2142 Syria,

175 2178 241 2230 et
269 2173 338 2231 in
377 2170 663 2244 partibus
702 2170 1050 2229 Occidentis
1081 2176 1141 2227 et
1176 2171 1402 2228 Romae
1433 2174 1492 2226 et
1543 2169 1608 2225 in
1663 2167 1844 2225 Cam-

175 2270 378 2344 pania
402 2273 462 2326 et
495 2269 559 2326 in
609 2268 706 2336 iis,
762 2283 923 2340 quae
965 2273 1106 2326 sunt
1133 2267 1300 2325 circa
1333 2281 1456 2332 eas,
1510 2264 1842 2338 partibus»

179 2369 324 2440 ipse
377 2366 832 2439 peregrinando
877 2365 1237 2438 cognoverit
1265 2362 1377 2435 (5).
1420 2363 1621 2434 Liber,
1656 2376 1844 2435 quem

181 2465 505 2524 Palladius
560 2464 638 2522 de
694 2463 1014 2522 monachis
1070 2462 1286 2529 edidit,
1346 2463 1538 2520 Lauso
1593 2460 1844 2518 cuidam

179 2562 552 2636 praeposito
595 2558 918 2619 dedicatus
980 2566 1091 2625 est,
1156 2561 1319 2618 unde
1375 2573 1604 2618 nomen
1645 2553 1846 2614 Histo-

182 2663 321 2715 riae
399 2655 744 2724 Lausiacae,
842 2663 948 2716 aut
1049 2657 1423 2730 simpliciter
1534 2653 1846 2712 Lausiacae

178 2761 436 2836 (graece
482 2754 714 2827 Ἰστορία
762 2755 889 2827 πρὸς
934 2756 1168 2831 Amico»)
1229 2755 1434 2812 traxit.
1486 2751 1678 2812 Cuius
1717 2756 1844 2810 tres

175 2863 430 2914 exstant
481 2856 706 2914 latinae
765 2854 1080 2913 versiones
1130 2854 1308 2912 valde
1355 2852 1515 2910 inter
1563 2866 1628 2910 se
1671 2850 1842 2909 diti‘e-

177 2958 419 3012 rentes.
490 2953 573 3010 Ex
619 2953 848 3026 quibus
906 2966 1001 3020 ea,
1056 2965 1216 3024 quae
1291 2947 1518 3008 ceteris
1596 2949 1844 3006 duabus

175 3052 397 3110 multo
447 3050 816 3122 locupletior
873 3056 989 3121 est,
1043 3048 1342 3108 Gentiano
1399 3048 1658 3104 Herveto
1727 3041 1838 3113 13

259 3269 509 3342 (1)Hist.
547 3271 718 3324 Laus.
782 3283 916 3339 cap.
964 3269 1014 3322 1.
1075 3269 1227 3338 Opp.
1290 3266 1500 3320 Meurs.
1560 3263 1623 3317 T.
1687 3263 1835 3331 VIII,

185 3375 249 3431 p.
283 3358 412 3414 348.

262 3447 343 3518 (2)
373 3446 522 3502 Ibid.
555 3462 688 3518 cap.
713 3448 746 3500 8
773 3461 832 3516 p.
865 3447 988 3503 361).

262 3537 349 3606 (3)
379 3535 528 3591 Ibid.
563 3551 697 3607 cap.
739 3537 801 3588 21
839 3551 898 3606 p.
932 3533 1056 3590 396.

262 3626 346 3696 (4)
387 3625 535 3679 Ibid.
567 3641 702 3695 cap.
729 3627 798 3678 20
829 3639 890 3696 p.
922 3624 1052 3678 396.

263 3716 345 3783 (5)
381 3713 611 3784 Prolog.
645 3713 718 3767 ad
753 3713 891 3768 Hist.
926 3712 1104 3767 Laus.
1149 3711 1300 3782 Opp.
1351 3710 1563 3764 Meurs.
1619 3711 1657 3762 l.
1701 3710 1738 3762 I.
1785 3724 1845 3780 p.

190 3807 297 3859 340
326 3820 339 3868 ;
374 3803 485 3857 VV.
521 3805 618 3857 PP.
653 3804 846 3857 Rosw.
882 3817 942 3872 p.
972 3803 1096 3855 706.

265 3892 346 3964 (6)
371 3892 632 3946 Primum
676 3889 897 3962 prodiit
963 3889 1199 3943 Parisiis
1266 3892 1420 3951 1555,
1492 3886 1553 3940 1ο
1591 3902 1602 3951 ;
1637 3901 1849 3941 recusa

189 3989 284 4037 est
313 3981 543 4035 ibidem
582 3980 736 4044 1570,
758 3981 1035 4050 4°,'atque
1066 3994 1204 4032 cum
1261 3975 1502 4031 scholiis
1548 3972 1846 4030 Laurentii

197 4067 506 4123 Barrensis
534 4068 594 4122 in
633 4067 754 4123 eius
784 4068 1036 4124 historia
1067 4066 1396 4122 christiana
1423 4067 1688 4118 veterum
1743 4062 1849 4116 Pa-

199 4161 358 4215 trum
391 4156 565 4212 Paris.
608 4156 734 4212 1583
767 4155 866 4212 fol.
899 4173 958 4228 p.
1002 4161 1088 4219 55,
1122 4171 1230 4210 nec
1263 4169 1383 4209 non
1451 4153 1509 4208 in
1555 4151 1697 4206 Bibl.
1747 4151 1844 4204 PP.

191 4262 318 4303 cur.
342 4245 418 4301 de
442 4245 499 4301 la
528 4246 708 4315 Bigne
743 4246 924 4300 Paris.
970 4245 1104 4300 1589
1135 4255 1190 4299 et
1225 4245 1358 4298 1610
1387 4245 1445 4297 T.
1479 4241 1597 4307 VII,
1642 4242 1700 4295 in
1724 4239 1844 4296 VV.

192 4338 298 4391 PP.
336 4337 532 4391 Bosw.
581 4335 682 4390 lib.
717 4334 837 4388 VIII
868 4349 923 4404 p.
965 4333 1069 4388 704
1113 4348 1284 4404 sqq.,
1318 4337 1372 4386 et
1409 4330 1469 4384 in
1511 4329 1848 4384 Meursiana

191 4425 450 4480 editione
480 4423 769 4480 Historiae
802 4423 1120 4479 Lausiacae
1149 4419 1410 4488 Palladii,
1431 4420 1581 4491 Opp.
1618 4417 1848 4474 Meursii

190 4515 251 4568 T.
296 4513 413 4567 VIII
450 4529 509 4583 p.
543 4515 648 4569 334
673 4527 810 4584 sqq.

263 4603 344 4675 (7)
380 4601 550 4657 Edita
581 4607 671 4656 est
704 4601 764 4655 in
792 4601 940 4655 Vitis
971 4601 1229 4664 Patrum,
1274 4613 1430 4670 quae
1474 4595 1692 4667 triplici
1721 4595 1849 4650 vice

190 4692 320 4746 sine
335 4689 723 4762 typographi,
747 4689 860 4745 loci
879 4695 935 4744 et
955 4688 1095 4743 anni
1114 4693 1253 4743 nota
1268 4692 1536 4758 tempore
1550 4684 1850 4739 nascentis

190 4779 638 4851 typographiae
668 4777 1033 4850 prodierunt,
1069 4775 1165 4830 fol.
1211 4793 1224 4841 ;
1257 4790 1468 4830 recusa
1498 4774 1556 4828 in
1585 4772 1848 4828 Theodo-

200 4868 302 4922 rici
324 4869 512 4924 Loher
534 4883 569 4923 a
588 4867 792 4924 Stratis
808 4871 1126 4938 prototypo
1161 4865 1369 4919 veteris
1417 4861 1722 4932 ecclesiae,
1749 4863 1851 4916 Co-

201 4954 400 5011 loniae
437 4957 590 5022 1517,
616 4957 741 5020 fol.,
774 4962 830 5011 et
855 4955 912 5011 in
957 4953 1071 5006 VV.
1111 4957 1205 5008 PP.
1249 4955 1444 5009 Rosw.
1472 4967 1529 5023 p.
1582 4950 1687 5006 984
1716 4965 1850 5021 sqq.

278 5044 360 5115 (8)
402 5047 540 5100 Eam
596 5045 709 5100 sub
767 5043 934 5100 titulo
966 5063 978 5099 :
1009 5063 1036 5091 «
1082 5041 1404 5098 Heraclidis
1445 5039 1767 5112 paradisus
1824 5057 1854 5090 »

191 5132 440 5208 primus
482 5133 708 5189 videtur
764 5133 1025 5188 edidisse
1080 5133 1198 5186 Jae.
1254 5129 1443 5184 Faber
1494 5126 1854 5198 Stapulensis

194 5223 387 5279 Paris.
435 5221 588 5278 1504.
643 5221 866 5278 Collata
898 5239 1031 5276 cum
1065 5219 1270 5274 codice
1299 5235 1414 5272 ms.
1455 5216 1694 5282 Veneto,
1752 5215 1859 5287 qui

197 5329 317 5368 non
363 5311 762 5374 Heraclidem,
818 5310 920 5365 sed
952 5308 1280 5366 Palladium
1325 5308 1673 5377 scriptorem
1705 5307 1859 5357 recte

200 5400 537 5474 proﬁtetur,
567 5398 788 5469 prodiit
812 5399 870 5452 in
898 5399 1040 5454 Vitis
1067 5411 1173 5470 per
1194 5393 1514 5467 Aloysium
1546 5393 1859 5463 Lipoman-

201 5506 348 5546 num
373 5486 639 5544 collectis
677 5486 739 5540 Τ.
773 5487 844 5541 III
884 5489 1081 5542 Venet.
1142 5485 1296 5541 1554.
1355 5482 1617 5553 Denique
1675 5483 1862 5535 exstat

203 5583 264 5637 in
294 5579 423 5634 VV.
459 5579 562 5632 PP.
590 5579 783 5633 Rosw.
815 5594 869 5647 p.
900 5575 1004 5632 939
1023 5591 1158 5650 sqq.
1177 5574 1256 5630 De
1288 5571 1464 5629 variis
1489 5568 1653 5626 hisce
1685 5568 1862 5625 trium

1955 1862 2174 1922 itidem
2199 1859 2425 1932 triplex
2455 1857 2674 1924 editio,
2703 1867 2971 1928 quarum
3004 1852 3175 1910 nulla
3203 1866 3348 1910 cum
3374 1851 3607 1910 versio-

1955 1962 2142 2020 nibus
2182 1955 2497 2016 convenit.
2553 1955 2847 2024 Princeps
2887 1964 3108 2023 graeca
3145 1948 3339 2007 editio
3370 1947 3609 2021 prodiit

1955 2074 2031 2117 ex
2071 2057 2288 2117 codice
2338 2053 2754 2112 bibliothecae
2798 2048 3109 2108 Palatinae
3150 2060 3303 2105 cura
3356 2044 3606 2104 Meursii

1953 2155 2264 2228 capitibus
2281 2153 2402 2211 CIII
2427 2147 2575 2226 (11),
2601 2163 2800 2222 eaque
2827 2146 2992 2204 haud
3017 2158 3240 2218 parum
3262 2158 3298 2201 a
3321 2143 3608 2201 versione

1955 2252 2220 2318 Herveti,
2257 2264 2516 2323 prorsus
2543 2254 2751 2306 autem
2781 2261 2816 2303 a
2844 2243 3068 2302 ceteris
3087 2240 3484 2300 versionibus
3515 2240 3610 2297 di-

1954 2355 2088 2409 stat.
2123 2349 2255 2419 Quo
2285 2347 2542 2422 quidem
2575 2351 2744 2403 textu
2775 2341 3126 2402 Meursiano
3156 2338 3341 2411 longe
3369 2337 3610 2411 plenio-

1956 2463 2089 2506 rem
2133 2463 2167 2505 e
2199 2445 2526 2505 codicibus
2563 2441 2764 2515 Regiis
2795 2454 2920 2498 una
2949 2451 3095 2498 cum
3129 2436 3414 2495 versione
3453 2435 3603 2494 Her-

1953 2547 2074 2605 veti
2123 2544 2437 2618 capitibus
2473 2541 2585 2601 CLI
2624 2539 2822 2597 edidit
2856 2538 3085 2596 Fronto
3128 2535 3406 2592 Ducaeus
3445 2530 3602 2611 (12).

1956 2645 2229 2716 Denique
2295 2640 2496 2713 capita
2569 2635 2870 2696 nonnulla
2934 2634 2999 2693 in
3072 2634 3189 2692 hac
3257 2631 3608 2703 ceterisque

1951 2740 2334 2801 editionibus
2410 2738 2640 2796 omissa
2708 2739 3006 2806 tanquam
3077 2744 3238 2789 nova
3293 2729 3605 2802 quaedam

1953 2841 2126 2899 illius
2195 2835 2490 2896 editionis
2542 2834 2976 2906 supplementa
3028 2827 3299 2900 vulgavit
3367 2826 3606 2886 Cotele-

1954 2935 2252 3011 rius(13).
2288 2934 2525 3004 Quibus
2552 2927 2992 2988 additamentis
3016 2931 3076 2984 et
3101 2925 3325 2984 Ducaei
3341 2929 3404 2984 et
3431 2923 3606 2983 Cote-

1954 3035 2094 3095 lerii
2125 3039 2370 3092 auctam
2397 3029 2738 3087 editionem
2767 3025 2892 3084 iam
2920 3023 3113 3080 habes
3141 3022 3210 3080 in
3234 3020 3603 3080 collectione

1954 3249 2323 3307 Bibliotheca
2352 3249 2596 3308 Graeca,
2629 3243 2780 3313 Opp.
2822 3243 3030 3296 Meurs.
3065 3253 3137 3294 ex
3181 3252 3298 3293 rec.
3334 3235 3503 3293 Lami
3548 3237 3612 3290 T.

1956 3339 2079 3396 VIII
2105 3355 2164 3410 p.
2198 3340 2323 3400 667,
2356 3335 2409 3400 1,
2441 3332 2593 3389 infra
2623 3331 2683 3386 in
2712 3329 2881 3386 initio
2907 3331 3154 3384 nostrae
3199 3324 3477 3380 editionis
3519 3322 3616 3377 Hi-

1955 3429 2174 3486 storiae
2196 3425 2538 3488 Lausiacae,
2573 3426 2630 3477 et
2655 3419 2774 3474 VV.
2822 3419 2926 3474 PP.
2978 3418 3173 3472 Rosw.
3203 3413 3430 3484 Proleg.
3464 3411 3606 3478 XIV,

1956 3535 2018 3590 p.
2048 3517 2234 3572 XLIV.

2029 3608 2108 3678 (9)
2153 3605 2336 3659 Huius
2371 3599 2764 3658 Bibliothecae
2823 3595 3027 3652 codice
3075 3592 3199 3650 XLI
3240 3591 3342 3648 fol.
3385 3596 3416 3648 9
3463 3590 3614 3648 haec

1957 3695 2104 3766 legis
2133 3711 2146 3749 :
2177 3714 2204 3745 «
2235 3691 2453 3760 Incipit
2509 3689 2680 3755 liber,
2738 3687 2842 3758 qui
2887 3684 3240 3752 appellatur
3273 3679 3613 3751 paradysus

1961 3783 2230 3842 Palladii
2254 3779 2552 3841 monachi,
2569 3776 2672 3847 qui
2682 3775 2802 3845 fuit
2827 3773 3153 3842 discipulus
3170 3769 3441 3840 Evagrii.
3457 3768 3612 3825 Multi

1957 3873 2204 3945 quidem
2236 3870 2456 3926 multos
2482 3867 2796 3934 variosque
2827 3863 3031 3928 libros,
3073 3866 3183 3914 cet.
3218 3879 3248 3910 »
3271 3858 3486 3912 Textus
3517 3871 3612 3912 co-

1958 3960 2104 4017 dicis
2133 3977 2168 4015 a
2207 3959 2360 4014 libro
2401 3957 2697 4025 impresso
2756 3965 2969 4022 parum
3023 3947 3200 4002 nobis
3265 3945 3610 4014 discrepare

1958 4051 2117 4106 visus
2148 4053 2252 4104 est.
2286 4045 2483 4103 Codex
2511 4042 2766 4097 Venetus
2795 4050 3037 4110 quoque
3067 4031 3402 4090 Palladium
3429 4031 3612 4102 scrip-

1958 4145 2143 4196 torem
2177 4152 2318 4208 prae
2337 4151 2397 4189 se
2427 4133 2555 4188 fert.

2031 4228 2142 4300 (10)
2165 4228 2226 4281 In
2260 4223 2532 4293 catalogo
2563 4220 2746 4276 latino
2778 4215 2927 4273 Bibl.
2977 4213 3344 4270 Christianae
3386 4212 3611 4300 Romae

1956 4298 2102 4387 legis
2124 4298 2154 4372 V:
2193 4337 2220 4368 «
2255 4314 2395 4370 Cod.
2416 4315 2506 4368 Nr.
2530 4309 2634 4367 432
2666 4305 2988 4364 Heraclidis
3015 4301 3330 4376 paradisus
3357 4300 3481 4355 sive
3507 4298 3610 4356 lib.

1958 4407 2032 4462 de
2084 4407 2191 4461 VV.
2247 4405 2346 4460 SS.
2369 4405 2607 4456 Patrum
2632 4397 2709 4453 ad
2752 4399 3011 4451 Lausum
3043 4389 3458 4464 praepositum
3495 4403 3610 4460 pa-

1878 4467 1924 4524 D
1956 4496 2101 4553 latii.
2134 4513 2164 4548 ›
2194 4492 2446 4548 Nomine
2477 4485 2783 4559 scriptoris
2813 4482 3109 4539 omissoin
3123 4478 3398 4549 catalogo
3421 4477 3614 4535 latino

1958 4584 2106 4641 Bibl.
2147 4583 2461 4638 Vaticanae
2491 4577 2705 4646 legitur
2745 4591 2760 4630 ;
2795 4594 2822 4624 «
2854 4577 2905 4626 2.
2937 4569 3280 4632 Paradisus,
3339 4566 3490 4622 liber
3527 4567 3610 4622 sic

1959 4673 2282 4742 inscriptus
2311 4668 2386 4723 de
2407 4666 2545 4722 Vitis
2575 4666 2948 4724 Sanctorum,
2979 4660 3082 4713 353
3111 4659 3206 4712 Nr.
3234 4657 3340 4711 499
3373 4671 3387 4720 ;
3411 4655 3612 4710 denuo

1962 4767 2064 4819 363
2104 4765 2198 4818 Nr.
2242 4758 2400 4812 1312.
2463 4778 2492 4808 »
2551 4753 2815 4810 Graviter
2869 4748 3165 4812 dolemus,
3214 4744 3380 4816 quod
3433 4744 3616 4798 rebus

1964 4847 2340 4922 gravioribus
2370 4843 2551 4899 nimis
2571 4839 2846 4912 occupati
2877 4837 2990 4893 hos
3020 4835 3282 4899 codices,
3321 4848 3460 4888 cum
3505 4834 3614 4888 lio-

1964 4956 2100 4996 mae
2130 4951 2420 4999 essemus,
2474 4931 2820 4988 examinare
2851 4943 2972 4982 non
3000 4924 3326 4996 potuimus.

2037 5028 2151 5099 (11)
2183 5024 2372 5094 Lugd.
2404 5024 2524 5078 Bat.
2568 5020 2730 5082 1616,
2764 5019 2842 5072 4ο.
2870 5015 3150 5072 Meursius
3180 5015 3352 5069 notas
3383 5007 3621 5066 addidit

1967 5117 2250 5178 eruditas,
2283 5109 2574 5170 nonnulla
2594 5108 2774 5163 etiam
2805 5121 2835 5160 e
2865 5103 3070 5160 codice
3107 5099 3499 5156 Bibliothecae
3515 5100 3619 5154 Re-

1971 5209 2099 5279 giae
2119 5200 2480 5266 Parisiensis,
2496 5214 2631 5254 cum
2652 5195 2913 5251 Lutetiae
2925 5195 3277 5257 versaretur,
3303 5186 3622 5260 supplevit.

2041 5296 2150 5366 (l2)
2183 5290 2524 5347 Auctarium
2565 5285 2706 5340 Bibl.
2749 5285 2850 5337 PP.
2907 5281 3095 5337 Paris.
3170 5279 3325 5343 162i,
3383 5275 3511 5366 folo,
3550 5275 3624 5366 _’l_‘:

1972 5387 2034 5440 11
2069 5362 2140 5456 ρ.
2171 5383 2271 5436 893
2315 5411 2378 5420 -
2411 5380 2544 5432 1053
2579 5396 2590 5439 ;
2621 5373 2764 5429 Bibl.
2820 5371 2922 5426 PP.
2970 5369 3151 5426 Paris.
3214 5368 3351 5423 1654
3391 5367 3451 5422 Τ.
3505 5362 3627 5420 XIII

1973 5491 2032 5548 p.
2059 5468 2349 5530 893-1053.
2391 5466 2698 5522 Accedunt
2725 5459 2938 5517 Ducaei
2963 5462 3162 5548 notae.

2044 5563 2161 5635 (13)
2193 5557 2340 5614 Eccl.
2370 5555 2572 5612 Graec.
2616 5555 2766 5610 Mon.
2792 5550 2922 5608 Lut.
2958 5547 3139 5607 Paris.
3163 5547 3299 5606 1677
3340 5544 3403 5601 T.
3456 5541 3532 5602 ΙΙΙ
3563 5556 3634 5617 p°

210 5668 562 5727 versionum
592 5644 950 5725 editionibus
980 5644 1191 5722 offic.
1257 5661 1391 5721 Alb.
1437 5657 1776 5718 Fabricium
1804 5657 1866 5714 in
1979 5653 2079 5714 117
2109 5681 2179 5697 —-
2203 5650 2307 5710 120
2341 5653 2488 5725 etp.
2524 5645 2625 5705 158
2648 5673 2717 5687 —-
2750 5644 2871 5702 170.
