4094 6208
376 208 444 265 15
1244 204 1348 261 SS.
1390 201 1876 260 MACARIORUM
1916 201 2248 258 AEGYPTII
2285 205 2373 260 ET
2416 206 2926 267 ALEXANDRINI
3713 216 3781 271 16

375 338 649 412 Operum
717 334 968 394 Meursii
1034 350 1111 393 ex
1187 333 1550 393 recensione
1606 331 1857 391 Joannis
1914 331 2027 390 La-
2061 332 2104 386 A
2136 332 2553 393 dedicatorias
2634 337 2950 409 epistolas,
3038 355 3200 411 quae
3284 340 3372 398 ibi
3469 341 3777 415 leguntur,

379 436 467 494 mi
499 431 603 512 (t).
639 434 836 493 Caveo
866 438 1017 492 teste
1047 434 1108 490 in
1156 432 1345 490 lsaaci
1401 430 1593 489 Vossii
1646 429 2025 488 bibliotheca

379 534 575 592 codex
617 531 943 590 Lausiacae
987 530 1442 596 inveniebatur,
1470 528 1576 600 qui
1620 527 1805 585 editis
1832 528 2027 599 duplo

381 631 621 690 auctior
669 630 783 688 fuit
832 627 943 705 (2).
991 629 1078 687 Ex
1127 627 1421 686 omnibus
1465 640 1613 684 vero
1665 625 1819 691 istis,
1866 639 2030 697 quae

382 729 711 795 habentur,
757 726 1138 786 editionibus
1174 725 1341 782 nulla
1383 722 1465 782 ita
1513 729 1871 795 comparata
1911 727 2023 790 est,

381 830 448 885 ut
484 825 738 900 genuini
777 830 976 883 textus
1019 822 1291 894 speciem
1322 836 1472 895 prae
1518 836 1584 879 se
1616 821 1791 880 ferat.
1849 820 2031 878 Vides

383 925 593 999 igitur,
654 921 1077 981 difﬁcultatem
1139 921 1475 977 maximam
1525 919 1628 977 hic
1676 919 1858 977 nobis
1909 918 2031 977 ob-

383 1022 567 1083 oriri.
627 1019 744 1078 Sed
782 1018 1113 1076 commode
1156 1018 1380 1084 evenit,
1434 1023 1498 1075 ut
1542 1017 1606 1074 in
1652 1016 2031 1075 bibliotheca

386 1121 679 1180 Caesarea
726 1116 1189 1174 Vindobonensi
1244 1115 1601 1188 genuinam,
1653 1115 1820 1187 quod
1874 1114 2030 1173 mihi

384 1215 640 1289 quidem
670 1214 937 1281 videtur,
968 1214 1300 1272 Historiam
1333 1213 1687 1271 Lausiacam
1715 1213 1918 1271 adhuc
1944 1213 2036 1269 in-

381 1312 690 1386 cognitam
720 1312 1071 1384 repererim
1099 1310 1160 1369 in
1183 1311 1430 1370 duobus
1460 1311 1648 1369 Codd.
1685 1310 1850 1377 Mss,
1884 1324 2035 1382 quo-

383 1425 524 1471 rum
563 1415 835 1482 utroque
872 1409 1106 1482 integra
1136 1409 1511 1481 continetur,
1556 1409 2037 1466 membranaceo

382 1513 445 1568 et
481 1512 837 1583 pervetusto
874 1521 1021 1577 uno,
1067 1507 1397 1565 chartaceo
1438 1506 1633 1565 altero
1675 1502 1784 1583 (3).
1824 1507 1906 1564 Ac
1936 1520 2036 1578 ge-

383 1607 639 1666 nuitatis
685 1603 794 1674 15
828 1610 1038 1663 notam
1084 1604 1231 1662 huic
1272 1604 1511 1663 inedito
1550 1605 1742 1663 textui
1787 1603 2037 1662 vindico

384 1720 529 1765 cum
583 1709 837 1777 pr0pter
880 1717 1108 1761 nexum
1150 1716 1386 1771 rerum,
1442 1718 1477 1759 δ.
1507 1717 1629 1775 qua
1675 1707 1848 1773 parte
1878 1699 2032 1767 nihil
2070 1681 2111 1736 Β

385 1802 798 1866 desideratur,
846 1804 980 1858 tum
1022 1804 1279 1873 prOpter
1308 1798 1769 1870 simplicitatem
1807 1799 2040 1857 dictio—

386 1902 484 1960 nis
530 1905 590 1959 et
648 1898 1032 1972 praeclaram
1091 1896 1279 1955 totius
1332 1896 1479 1954 libri
1537 1896 2033 1969 dispositionem.

385 1998 563 2059 Edita
613 1996 1000 2068 exemplaria
1054 1994 1359 2052 Historiae
1410 1993 1737 2051 Lausiacae
1789 1994 1839 2051 si
1894 2008 2039 2051 cum

386 2100 557 2154 textu
584 2095 811 2152 horum
853 2093 1141 2150 codicum
1176 2091 1442 2159 confers,
1477 2091 1636 2149 mire
1672 2091 2042 2164 interpolata

387 2198 449 2252 et
545 2190 916 2262 babylonica
1004 2189 1277 2261 quadam
1373 2188 1736 2247 confusione
1829 2188 2040 2246 affecta

390 2294 711 2363 apparent,
760 2288 844 2345 ita
874 2292 961 2352 ut,
1010 2302 1170 2358 quae
1201 2287 1267 2345 in
1317 2287 1527 2344 medio
1574 2285 1739 2345 libro
1788 2286 2046 2359 legenda

390 2392 554 2455 sunt,
601 2387 882 2459 legantur
931 2384 994 2442 in
1025 2383 1169 2454 ﬁne,
1215 2388 1296 2450 et,
1339 2399 1500 2456 quae
1551 2385 1626 2441 ad
1660 2384 1844 2441 ﬁnem
1896 2398 2045 2457 per-

390 2487 611 2557 tinent,
680 2483 959 2541 medium
1013 2482 1221 2540 locum
1288 2486 1596 2553 occupent
1657 2480 1770 2557 (4).
1846 2482 2047 2550 Quare

393 2581 671 2656 primum
726 2579 996 2653 genuino
1055 2577 1363 2637 Historiae
1420 2577 1747 2636 Lausiacae
1795 2578 1872 2635 de
1931 2578 2046 2636 Ma-

398 2678 587 2737 cariis
658 2681 850 2742 textu,
920 2690 1107 2749 quem
1166 2691 1242 2733 ex
1315 2674 1641 2734 codicibus
1718 2676 2048 2747 descripsi,

2136 432 2313 503 operi
2361 448 2476 492 suo
2524 434 2882 507 praeﬁxisse
2939 436 3041 493 vix
3096 438 3445 497 credideris
3495 457 3506 496 :
3551 440 3780 498 Vindo-

2138 532 2443 589 bonenses
2488 546 2637 590 vero
2681 534 2948 600 codices,
3002 535 3213 606 priore
3268 538 3520 604 omissa,
3575 538 3779 595 statim

2137 629 2216 686 ab
2241 630 2455 696 altera,
2496 644 2655 701 quae
2714 631 2934 702 incipit
2996 630 3395 701 εΜακαρίξω
3426 650 3476 685 κ.
3511 650 3559 684 τ.
3592 630 3619 681 λ
3669 631 3779 708 (7),

2136 725 2491 784 ordiuntur.
2539 728 2861 786 Praeterea
2909 729 3074 786 edita
3114 729 3418 787 Historiae
3461 732 3784 789 Lausiacae

2137 824 2520 896 exemplaria
2598 826 2763 883 haud
2839 827 3059 898 exigua
3139 833 3507 897 receperunt
3586 828 3788 886 incre-

2141 928 2349 980 menta
2395 938 2428 979 e
2476 937 2697 994 graeco
2744 928 2805 981 et
2859 924 3047 981 latino
3079 927 3245 982 textu
3278 924 3421 981 libri
3470 924 3590 979 VV.
3648 925 3785 992 PP.,

2141 1019 2248 1091 qui
2306 1020 2370 1077 in
2423 1020 2790 1078 collectione
2844 1022 3149 1079 Rosweidi
3207 1022 3427 1079 ordine
3479 1022 3789 1080 secundus

2142 1123 2234 1175 est
2286 1115 2392 1194 (8).
2442 1121 2638 1190 Atque
2669 1119 2878 1190 ipsum
2910 1120 3072 1176 hunc
3104 1117 3359 1185 librum,
3408 1125 3472 1177 ut
3516 1134 3659 1176 mox
3701 1119 3788 1176 vi—

2144 1214 2456 1283 debimus,
2499 1216 2750 1274 Ruﬁnus
2780 1231 2815 1274 e
2844 1231 3065 1288 graeco
3106 1216 3167 1274 in
3201 1216 3459 1273 latinum
3513 1212 3622 1282 16
3656 1230 3791 1273 ser-

2146 1328 2395 1372 monem
2462 1313 2794 1378 transtulit,
2853 1327 3041 1384 quam
3115 1313 3461 1371 versionem
3535 1313 3659 1369 iam
3728 1312 3789 1369 S.

2148 1412 2564 1486 Hieronymus
2626 1411 2782 1467 bene
2857 1411 3161 1482 cognovit.
3222 1410 3525 1468 Graecum
3585 1415 3793 1467 autem

2146 1511 2467 1580 exemplar
2534 1508 2595 1565 in
2649 1508 2939 1566 Lausiaca
2997 1507 3352 1580 scribenda,
3417 1512 3483 1564 ut
3538 1507 3792 1579 patebit,

2148 1607 2282 1680 ipse
2329 1606 2640 1665 Palladius
2687 1606 2992 1663 adhibuit.
3052 1605 3136 1663 Ex
3179 1605 3411 1677 quibus
3458 1604 3793 1677 colligitur,

2148 1720 2220 1763 ea
2263 1719 2422 1777 quae
2465 1704 2527 1761 in
2573 1703 2757 1761 editis
2798 1704 3099 1761 Historiae
3132 1702 3456 1760 Lausiacae
3486 1702 3798 1775 exempla-

2150 1803 2325 1861 ribus
2358 1808 2601 1875 praeter
2650 1802 2829 1872 illud,
2864 1802 3031 1873 quod
3061 1801 3257 1859 codex
3307 1800 3797 1858 Vindobonensis

2150 1900 2593 1973 suppeditabit,
2677 1902 3094 1972 reperiantur,
3155 1914 3189 1956 e
3256 1899 3422 1956 fonte
3482 1898 3630 1955 satis
3692 1913 3799 1955 an-

2150 2000 2326 2072 tiquo
2384 1998 2653 2067 ﬂuxisse,
2706 2004 2889 2070 atque
2941 1998 3129 2054 etiam
3190 1997 3520 2054 observatu
3571 1996 3799 2067 dignis-

2152 2098 2310 2155 sima
2379 2112 2533 2153 esse.
2609 2094 2692 2152 De
2750 2094 3049 2165 singulari
3108 2108 3255 2152 vero
3318 2093 3795 2159 necessitudine,

2154 2208 2315 2267 quae
2364 2195 2525 2251 inter
2569 2193 2757 2250 istum
2815 2191 3158 2249 Heraclidis
3210 2191 3594 2263 paradisum,
3645 2191 3807 2247 hunc

2156 2292 2393 2350 librum
2465 2290 2808 2349 secundum
2889 2296 2951 2346 et
3034 2288 3374 2346 Historiam
3454 2288 3806 2346 Lausiacam

2158 2388 2413 2448 Palladii
2458 2387 2847 2445 intercedere
2887 2386 3152 2454 videtur,
3190 2385 3592 2442 disseremus.

2238 2489 2269 2559 §
2327 2488 2383 2544 6.
2442 2485 2741 2556 Expedita
2812 2484 2924 2541 hac
2992 2482 3353 2540 difﬁcultate
3432 2483 3505 2540 ad
3590 2497 3811 2541 novam

2160 2585 2327 2643 haud
2389 2584 2596 2640 minus
2663 2581 3128 2640 incommodam
3181 2581 3559 2647 accedimus,
3623 2595 3811 2653 quam

2163 2682 2341 2741 affert
2388 2681 2657 2739 Rufinus.
2709 2681 2763 2737 ls
2810 2680 2926 2738 sub
2958 2677 3228 2735 Valentis
3278 2677 3568 2749 imperio,
3617 2691 3816 2748 quum

402 2777 565 2835 infra
605 2779 901 2844 utemur;
949 2774 1175 2833 deinde
1204 2774 1372 2833 Edita
1427 2773 1811 2847 exemplaria
1873 2788 2053 2832 com-
2166 2781 2223 2838 S.
2284 2778 2621 2837 Athanasio
2675 2784 2926 2836 mortuo
2985 2774 3206 2834 Lucius
3256 2774 3383 2832 Arii
3437 2779 3704 2831 sectator
3758 2775 3823 2831 in

404 2872 787 2947 parabimus.
856 2871 1194 2930 Varietates
1250 2870 1399 2929 illae
1457 2871 1521 2928 in
1591 2869 2057 2941 exemplaribus
2166 2879 2601 2952 episcopatum
2684 2874 3092 2934 Alexandriae
3153 2886 3262 2946 per
3328 2872 3682 2936 fenestram,
3756 2875 3824 2928 ut

407 2970 552 3029 inde
584 2974 759 3051 natae
790 2983 924 3028 8888
964 2969 1273 3036 Videntur,
1318 2968 1484 3041 (μιοά
1525 2983 1600 3025 ex
1639 2968 1780 3026 aliis
1826 2968 1903 3024 de
1935 2967 2055 3026 Vita
2097 3030 2135 3051 η
2171 2978 2407 3047 dicunt,
2441 2990 2506 3032 se
2539 2974 2908 3039 intrusisset,
2954 2987 3078 3029 una
3116 2985 3260 3028 cum
3307 2969 3562 3027 senibus
3600 2967 3664 3025 in
3715 2969 3821 3026 de-

408 3073 655 3143 patrum
688 3066 884 3126 eremi
916 3066 1164 3138 scriptis
1204 3066 1391 3124 modo
1441 3067 1644 3138 plura,
1683 3066 1871 3123 modo
1904 3081 2060 3137 pau-
2096 3030 2136 3087 Ο
2171 3078 2338 3132 serto
2409 3071 2674 3135 vivebat,
2751 3070 3046 3140 dirasque
3122 3067 3288 3125 Lucii
3360 3065 3824 3138 persecutiones

409 3166 581 3225 ciora
628 3166 689 3223 in
730 3163 1066 3222 Historiam
1113 3162 1469 3219 Lausiacam
1511 3162 1827 3228 translata,
1876 3170 2061 3233 atque
2174 3168 2535 3226 sustinebat.
2590 3165 2741 3223 Nam
2782 3165 2928 3222 istas
2969 3164 3187 3221 turbas
3230 3163 3591 3221 describens
3633 3162 3765 3234 ipse
3806 3179 3819 3217 :

411 3261 687 3334 antiquis
744 3260 866 3317 iam
935 3258 1328 3330 temporibus
1383 3273 1526 3315 cum
1599 3273 1672 3315 ea
1724 3258 2063 3315 commixta
2178 3286 2207 3317 «
2247 3266 2359 3322 Per
2400 3264 2591 3330 idem,
2638 3282 2665 3316 ι
2704 3262 2928 3335 inquit,
2972 3283 2993 3313 ι
3043 3266 3289 3333 tempus
3354 3266 3560 3331 patres
3612 3274 3827 3317 mona-

413 3358 555 3417 sint.
590 3358 636 3415 E
665 3371 791 3430 quo
835 3370 1098 3413 numero
1129 3356 1465 3428 praecipue
1508 3355 1691 3413 illum
1722 3356 2066 3413 Heraclidis
2175 3364 2441 3420 chorum
2494 3361 2653 3418 vitae
2704 3365 2765 3417 et
2810 3359 3194 3431 antiquitatis
3244 3358 3468 3416 merito
3528 3357 3828 3415 Macarius

413 3453 774 3528 paradisum
814 3452 1003 3510 inisse
1032 3451 1346 3519 existimo,
1381 3453 1488 3525 qui
1525 3452 1846 3511 dedicatus
1878 3452 2067 3511 fuisse
2178 3466 2238 3519 et
2270 3459 2543 3517 Isidorus
2580 3457 2864 3530 aliusque
2897 3456 3198 3513 Macarius
3242 3461 3427 3527 atque
3477 3454 3829 3513 Heraclides

417 3553 663 3611 videtur
704 3548 793 3628 (5)
843 3550 1050 3608 eidem
1098 3551 1292 3608 Lauso
1342 3551 1722 3623 praeposito,
1778 3552 1878 3609 cui
1936 3552 2069 3609 Pal-
2177 3562 2237 3615 et
2297 3554 2580 3623 Pambus,
2643 3553 2886 3611 Antonii
2944 3552 3260 3623 discipuli.
3321 3566 3434 3624 per
3486 3553 3827 3624 Aegyptum

418 3651 619 3709 ladius
669 3648 1003 3708 Historiam
1050 3647 1409 3707 Lausiacam
1455 3648 1790 3721 inscripsit.
1844 3650 1945 3708 Sic
1993 3666 2067 3706 ex
2179 3660 2240 3713 et
2288 3652 2559 3711 maxime
2607 3652 2668 3709 in
2724 3650 2955 3709 Nitriae
3007 3650 3237 3707 deserti
3298 3649 3580 3722 partibus
3638 3651 3830 3707 habe-

418 3748 766 3823 prooemiis
819 3748 1068 3805 duobus
1124 3746 1431 3805 Historiae
1500 3748 1849 3818 Lausiacae,
1909 3763 2070 3820 quae
2182 3751 2407 3811 bantur
2458 3751 2599 3819 viri,
2650 3751 2759 3822 qui
2810 3749 3198 3807 consortium
3253 3748 3413 3805 vitae
3467 3753 3526 3805 et
3579 3754 3828 3805 actuum

420 3847 767 3907 MeuPSiana
812 3844 1005 3904 editio
1054 3840 1255 3914 affert,
1308 3846 1505 3919 ρι’ίυε,
1535 3845 1703 3919 quod
1746 3861 1779 3903 a
1819 3846 2066 3903 verbis:
2182 3865 2305 3909 non
2335 3863 2481 3908 cum
2524 3848 2750 3906 ceteris
2788 3845 3183 3913 mortalibus,
3225 3845 3333 3904 sed
3370 3859 3513 3903 cum
3544 3844 3831 3917 supernis

421 3944 510 3999 Ἐν
556 3944 758 4015 ταύτῃ
799 3948 871 4012 τῇ
905 3939 1108 4013 βίϐλῳ
1153 3962 1204 3994 χ.
1228 3960 1276 3997 τ.
1310 3941 1355 3996 λ.
1382 3945 1603 4018 incipit
1631 3942 1742 4021 (6),
1778 3944 2047 4016 equiden

2183 3948 2417 4021 angelis
2491 3947 2724 4005 habere
2806 3944 3269 4009 credebantur;
3358 3959 3498 4019 quae
3570 3956 3831 4017 praesens

420 4046 733 4107 Heraclidi
792 4046 1152 4105 tribuerim.
1223 4044 1374 4101 Nam
1449 4041 1793 4099 Palladium
1858 4041 2075 4097 ambas
2184 4042 2307 4105 vidi
2381 4041 2596 4121 loquor,
2674 4046 2725 4099 et
2808 4058 3000 4098 eorum
3068 4044 3222 4116 gesta
3300 4036 3505 4115 refero,
3584 4052 3829 4113 quorum

492 4349 570 4420 (1)
598 4348 689 4404 J0.
718 4346 952 4403 Meursii
1009 4346 1159 4416 Opp.
1193 4359 1267 4399 ex
1312 4357 1430 4399 rec.
1490 4342 1577 4397 Jo.
1625 4338 1788 4396 Lami
1836 4339 1897 4393 T.
1950 4338 2069 4393 VIII
2104 4390 2156 4420 η
2183 4344 2387 4396 taceus
2419 4342 2510 4393 est
2534 4336 2674 4393 Cod.
2708 4353 2820 4390 ms.
2848 4336 2985 4392 hist.
3017 4350 3211 4405 graec.
3247 4336 3309 4388 N.
3342 4332 3395 4397 9,
3437 4331 3579 4387 olim
3611 4335 3833 4395 42,an-

423 4437 753 4495 Florentiae
790 4435 947 4504 1746,
980 4433 1107 4500 fol.,
1133 4449 1199 4505 p.
1239 4433 1343 4489 334
1369 4462 1433 4471 -
1456 4430 1582 4487 670.
2104 4421 2160 4445 ³⁷
2183 4430 2407 4501 tiquus,
2436 4426 2534 4482 fol.
2578 4427 2824 4490 maiore,
2852 4441 2974 4497 quo
3016 4423 3304 4480 Lausiaca
3358 4422 3692 4476 continetur
3716 4421 3822 4476 fol.

494 4526 571 4598 (2)
600 4525 769 4582 Guill.
800 4524 977 4589 Cave,
1015 4522 1246 4594 Scriptt.
1274 4518 1485 4577 eccles.
1508 4519 1650 4573 Hist.
1685 4517 1792 4573 litt.
1826 4517 1899 4571 de
1931 4517 2069 4571 Ραι-
2188 4521 2284 4573 163
2326 4548 2391 4556 --
2425 4520 2550 4572 230.
2582 4515 2663 4571 Cf.
2682 4512 3357 4570 Commentt.Lambecii
3393 4509 3653 4564 Vindob.
3699 4512 3831 4564 1782

424 4617 587 4673 ladio
624 4615 719 4672 ed.
748 4617 877 4671 Bas.
909 4613 1043 4669 1741
1078 4614 1138 4667 Τ.
1174 4612 1215 4667 Ι.
1244 4626 1303 4683 p.
1339 4613 1461 4665 376.
1513 4608 1796 4663 Meursius
1828 4622 2071 4678 quoque
2180 4608 2240 4662 T.
2286 4605 2403 4660 VIII
2446 4623 2502 4676 p.
2553 4608 2675 4660 663.
2736 4605 2889 4669 840;
2941 4603 3014 4657 de
3068 4600 3265 4657 Nessel
3327 4599 3509 4655 Catal.
3552 4603 3607 4653 P.
3673 4600 3733 4653 V.
3769 4613 3824 4667 p.

2104 4390 2160 4445 Ι)

422 4706 666 4764 Palladii
695 4704 1006 4777 quandam
1054 4700 1310 4774 διήγησιν
1345 4704 1463 4775 περὶ
1506 4706 1604 4751 τῶν
1643 4698 1757 4750 κατ’
1812 4700 2071 4768 Αἴγυπτον

422 4792 827 4867 διαλαμψάντων
880 4795 1111 4863 πατέρων
1169 4790 1408 4846 invenit.
1471 4792 1663 4859 Atque
1738 4786 2068 4843 Meursius:

424 4904 453 4936 «
483 4884 543 4941 id
572 4898 817 4956 quoque
856 4896 1011 4953 opus
1044 4902 1094 4950 n,
1127 4880 1339 4951 inquit,
1377 4899 1401 4929 α
1432 4877 1482 4931 si
1512 4876 1747 4949 placere
1791 4876 1947 4931 hanc
1982 4874 2071 4929 Hi-

422 4973 637 5029 storiae
669 4971 990 5026 Lausiacae
1007 4968 1326 5024 editionem
1351 4965 1716 5033 intellexero,
1739 4962 2074 5019 communi-

421 5062 596 5119 cabo.
633 5081 657 5111 ι)
688 5059 799 5118 Sed
827 5074 1142 5130 nunquam
1172 5057 1288 5112 hoc
1335 5055 1646 5127 praestitit,
1694 5069 1887 5125 neque
1933 5052 2072 5107 satis

421 5156 580 5207 certo
608 5150 853 5215 scimus,
868 5146 1017 5221 quid
1047 5146 1145 5202 illo
1164 5145 1385 5202 inedito
1400 5144 1554 5199 libro
1568 5142 2072 5213 comprehensum

421 5238 514 5295 sit.
550 5239 629 5297 Cf.
665 5240 816 5312 Opp.
846 5235 1365 5306 MeursiiT.VIllp.
1389 5234 1512 5288 332.
1549 5233 1671 5289 668.
1704 5230 2072 5304 [infrainitio

421 5334 660 5385 nostrae
691 5326 971 5382 editionis
1000 5324 1287 5380 Historiae
1316 5320 1678 5394 Lausiacae].

494 5417 574 5487 (3)
595 5416 751 5473 Alter
803 5419 890 5470 est
932 5414 1074 5471 Cod.
1109 5429 1222 5468 ms.
1280 5412 1416 5467 hist.
1464 5425 1659 5481 graec.
1720 5408 1866 5464 Bibl.
1906 5407 2071 5462 Caes.

423 5504 680 5563 Vindob.
713 5505 812 5559 Nr.
842 5504 931 5569 84,
965 5501 1107 5558 olim
1137 5502 1227 5564 29,
1267 5499 1627 5564 membran.,
1674 5499 2070 5568 pervetustus,

434 5596 700 5670 optimae
716 5599 915 5661 notae,
953 5593 1034 5657 4ο,
1056 5594 1114 5649 et
1144 5592 1376 5648 constat
1404 5587 1559 5647 foliis
1575 5588 1698 5645 123.
1722 5584 1880 5645 Alter
1909 5585 2078 5645 char-

2188 4696 2420 4750 lli-3.3L

2253 4784 2330 4856 (4)
2364 4784 2664 4846 Ordinem,
2698 4798 2851 4851 quos
2887 4798 2979 4835 res
3014 4780 3071 4834 in
3092 4783 3251 4833 textu
3294 4776 3568 4832 codicum
3609 4774 3835 4830 Vindo-

2182 4875 2540 4928 bonensium
2573 4877 2908 4935 narrantur,
2940 4869 3086 4938 legis
3120 4870 3177 4922 in
3209 4865 3477 4922 Palladii
3507 4865 3834 4932 Helenopo-

2184 4962 2358 5019 litam'
2380 4961 2637 5031 episcopi
2661 4960 2928 5014 Historia
2954 4957 3244 5013 Lausi/lca
3276 4956 3356 5009 ad
3370 4954 3585 5009 codicis
3623 4953 3832 5008 Vindo-

2184 5052 2453 5106 bonensis
2476 5051 2651 5113 [idem
2683 5049 2934 5103 breviter
2962 5045 3282 5107 delineata,
3341 5043 3495 5097 infra
3523 5042 3660 5097 huic
3693 5058 3831 5097 nos-

2184 5145 2301 5195 trae
2333 5138 2579 5194 editioni
2610 5137 2893 5193 Historiae
2933 5134 3254 5189 Lausiacae
3295 5133 3653 5203 praeposita.

2255 5230 2329 5299 (5)
2368 5229 2443 5283 De
2481 5230 2593 5283 hac
2623 5243 2681 5280 re
2719 5224 2872 5279 infra
2904 5222 3261 5277 videbimus.

2254 5318 2330 5387 (6)
2359 5319 2513 5387 Opp.
2540 5316 2759 5369 Meurs.
2792 5313 2831 5368 Ι.
2865 5312 2903 5367 l.
2940 5329 2996 5382 p.
3040 5310 3163 5366 333.

2256 5406 2336 5476 (τ)
2363 5405 2513 5459 Ibid.
2559 5420 2616 5474 ρ.
2653 5406 2776 5458 337.

2258 5495 2334 5567 (8)
2369 5494 2477 5548 νγ.
2512 5496 2613 5548 PP.
2650 5494 2834 5546 Rosw.
2869 5506 2928 5562 p.
2961 5490 3213 5545 448-685.
