4094 6208
234 313 306 370 17
1836 316 1898 371 Vi

2019 312 2068 368 Ε.
2635 339 2640 341 -
3590 315 3659 369 18

229 440 288 499 in
328 438 700 518 passionibus
742 440 923 500 socius
970 462 1083 503 esse
1126 447 1418 524 promerui
1477 448 1584 528 (1).
1648 468 1678 503 »
1730 443 1887 506 Ruﬁ-
1923 439 1967 492 Α
2007 439 2347 499 multitudo
2379 438 2695 497 referebat
2718 436 2825 515 (5).
2861 459 2890 493 ι)
2919 439 3046 508 Qua
3078 439 3142 497 in
3174 440 3434 512 epistola
3465 456 3662 514 quum

232 555 346 597 nus
369 540 431 597 5.
473 539 812 599 Athanasio
831 544 1164 614 superstite
1191 547 1253 604 in
1283 549 1628 620 Aegyptum
1648 545 1890 602 venisse

230 638 522 703 videtur;
576 638 810 695 etenim
871 640 1221 713 Melaniam,
1281 645 1461 703 cuius
1518 645 1770 704 Ruﬁnus
1825 641 1888 698 in

229 736 463 793 itinere
504 749 719 793 comes
773 736 909 804 fuit,
951 738 1009 796 S.
1067 741 1436 802 Athanasius
1477 744 1661 802 ovina
1698 740 1886 813 pelle,

229 847 433 907 quam
496 832 623 904 ipse
699 849 735 890 a
797 835 1065 894 Macario
1120 839 1344 898 abbate
1397 842 1562 900 dono
1625 854 1890 911 accepe—

238 937 363 998 rat,
437 930 680 989 donavit
751 929 863 1007 (2).
945 935 1140 1007 Atque
1204 935 1310 1004 17
1382 939 1663 1003 Melania,
1726 939 1890 1010 post-

198 1042 425 1100 'quam
501 1042 602 1084 res
665 1043 813 1086 suas
883 1032 1290 1092 Alexandriae
1356 1036 1653 1102 vendidit,
1719 1048 1894 1092 mon-

240 1131 358 1183 tem
437 1123 675 1182 Nitriae
735 1125 1014 1198 ingressa
1092 1144 1234 1188 cum
1317 1133 1544 1190 sanctis
1609 1132 1892 1204 patribus

231 1222 571 1279 dimidium
612 1223 744 1280 fere
791 1239 1023 1283 annum
1056 1229 1419 1287 versabatur
1473 1231 1637 1299 Quos
1666 1229 1893 1286 deinde

227 1335 261 1376 a
324 1319 644 1391 praefecto
705 1322 1113 1381 Alexandriae
1172 1327 1475 1398 relegatos
1548 1328 1607 1384 in
1685 1327 1891 1384 Palae-

227 1416 434 1474 stinae
505 1416 824 1489 regionem
907 1421 1076 1478 circa
1163 1423 1626 1483 Diocaesaream
1710 1425 1892 1482 sitam

231 1519 450 1571 secuta
520 1521 634 1580 est,
717 1515 971 1588 suisque
1044 1524 1104 1576 et
1175 1520 1405 1591 opibus
1475 1528 1536 1579 et
1606 1521 1896 1580 manibus

230 1611 461 1670 sedulo
520 1610 758 1669 adiuvit
827 1609 937 1688 (3).
999 1615 1286 1674 Ruﬁnum
1359 1633 1506 1677 vero
1574 1635 1695 1677 una
1751 1633 1895 1676 cum

235 1709 504 1766 Melania
571 1709 634 1765 in
708 1709 1109 1770 Palaestinam
1182 1715 1504 1774 advenisse
1559 1717 1617 1775 S.
1683 1717 1896 1775 Hiero-

1999 553 2177 597 senes
2238 537 2495 610 Aegypti
2552 559 2578 586 «
2633 537 3019 595 confessores
3065 542 3125 595 et
3165 539 3482 597 voluntate
3527 541 3650 597 iam

2000 641 2306 708 martyres
2367 655 2396 690 »
2453 634 2752 700 nominet,
2816 641 3062 708 tempus
3134 635 3310 693 istius
3366 651 3652 708 persecu-

2001 734 2206 798 tionis,
2267 747 2453 806 quam
2513 732 2734 790 Lucius
2796 732 3086 804 agitabat,
3144 740 3357 806 aperte
3422 735 3654 808 signiﬁ-

1999 838 2174 890 catur
2228 829 2339 908 (6).
2403 830 2509 888 Ille
2540 830 2794 902 quidem
2847 830 3118 902 nuntius,
3170 831 3457 890 Ruﬁnum
3491 848 3650 891 ‘cum

2001 930 2261 987 Melania
2312 927 2740 1000 Hierosolyma
2789 928 3130 997 advenisse,
3166 945 3356 988 vanus
3401 931 3644 998 fuerat;

2001 1043 2144 1086 nam
2185 1027 2437 1084 Ruﬁnus
2485 1026 2760 1084 nondum
2793 1041 2869 1084 eo
2922 1031 3176 1083 venerat
3224 1024 3310 1101 (7)
3364 1044 3377 1084 :
3432 1029 3655 1100 probat

2001 1129 2207 1183 tamen
2241 1126 2392 1182 haec
2430 1124 2622 1182 altera
2651 1124 2935 1190 epistola,
2984 1123 3270 1182 Ruﬁnum
3303 1130 3448 1182 tunc
3477 1141 3655 1184 senes

2003 1223 2259 1296 Aegypti
2323 1219 2435 1289 18
2487 1221 2792 1279 invisisse.
2846 1223 3040 1294 Atque
3085 1222 3188 1279 hic
3232 1222 3366 1294 ipse
3417 1222 3496 1280 de
3551 1223 3654 1280 Ni-

2002 1323 2121 1380 tria
2169 1327 2228 1378 et
2278 1321 2356 1378 de
2409 1320 2672 1378 Macario
2724 1335 2756 1376 a
2804 1335 2870 1377 se
2922 1320 3184 1378 visitatis
3240 1319 3302 1377 in
3355 1320 3655 1393 Apologia

2007 1415 2358 1498 [lnvectiva]
2398 1419 2442 1476 ll
2479 1437 2492 1476 :
2543 1436 2574 1471 «
2608 1418 2752 1490 Ego,
2799 1437 2828 1470 ι)
2863 1417 3090 1490 inquit,
3127 1438 3157 1472 «
3190 1419 3298 1491 qui
3326 1433 3433 1476 sex
3477 1418 3656 1477 annis

2006 1518 2110 1575 Dei
2165 1531 2351 1574 causa
2417 1521 2841 1574 commoratus
2893 1530 3055 1587 sum,
3110 1520 3170 1573 et
3225 1515 3455 1574 iterum
3514 1521 3654 1588 post

2007 1614 2402 1673 intervallum
2452 1613 2705 1685 aliquod
2750 1613 2888 1670 aliis
2935 1613 3184 1672 duobus
3231 1610 3358 1690 [Ed
3423 1613 3647 1671 Bened.

2007 1717 2146 1785 post
2195 1712 2591 1769 intervallum
2644 1707 2860 1787 aliquot
2911 1707 3049 1766 aliis
3097 1708 3337 1788 diebus].
3397 1712 3506 1769 ubi
3557 1712 3656 1769 Di-

236 1821 469 1880 nymus
521 1806 864 1874 audiverat,
916 1811 1024 1881 qui
1081 1811 1393 1872 Florentio
1436 1815 1656 1872 scribit
1690 1834 1703 1873 :
1745 1837 1772 1865 «
1827 1813 1896 1872 Et
1932 1805 1974 1859 Β
2005 1811 2257 1882 dymus.
2286 1854 2297 1866 .
2326 1854 2373 1881 .,
2405 1814 2465 1867 et
2486 1815 2551 1866 ut
2567 1809 2642 1866 ad
2660 1809 2854 1866 eremi
2879 1810 3205 1881 magistros
3229 1808 3658 1882 veniam,qui-

237 1905 395 1977 quia
447 1903 639 1961 frater
685 1903 961 1978 Ruﬁnus,
1007 1908 1114 1980 qui
1177 1924 1320 1968 cum
1373 1918 1582 1969 sancta
1638 1912 1896 1970 Melania

240 2002 327 2060 ab
387 2004 662 2073 Aegypto
731 2001 1229 2076 Hierosolymam
1298 2009 1538 2066 venisse
1608 2015 1896 2067 narratur

251 2141 267 2156 .
293 2142 306 2155 .
333 2143 347 2155 .
390 2097 503 2175 (4).
540 2121 567 2149 »
604 2098 940 2170 Epistolam
992 2102 1197 2161 eidem
1247 2104 1464 2165 Ruﬁno
1512 2107 1895 2166 reddendam

237 2198 306 2256 S.
338 2196 762 2268 Hieronymus
801 2197 997 2257 literis
1039 2201 1116 2259 ad
1156 2202 1535 2261 Florentium
1586 2206 1892 2273 iunxerat,

232 2295 300 2354 in
349 2309 472 2366 qua
523 2293 789 2366 legimus
841 2312 854 2350 :
915 2316 945 2349 α
996 2298 1197 2357 Audio
1235 2305 1290 2356 te
1349 2301 1606 2373 Aegypti
1658 2308 1896 2360 secreta

233 2399 591 2466 penetrare,
667 2394 1120 2453 monachorum
1194 2397 1462 2456 invisere
1531 2399 1780 2472 choros,
1836 2405 1896 2457 et

233 2491 566 2548 caelestem
597 2489 660 2546 in
699 2496 867 2549 terra
896 2492 1236 2552 circumire
1264 2495 1568 2554 familiam
1599 2515 1612 2566 ;
1651 2518 1680 2549 »
1712 2502 1845 2555 tum
1877 2513 1890 2552 :

240 2608 272 2641 σ
330 2589 617 2647 Ruﬁnum
662 2593 832 2650 enim
887 2591 1120 2649 Nitriae
1177 2608 1337 2661 esse,
1396 2600 1458 2652 et
1515 2596 1589 2652 ad
1641 2595 1893 2653 beatum

239 2687 591 2758 perrexisse
666 2689 1028 2755 Maearium,
1109 2691 1331 2749 crebra
1403 2693 1894 2751 commeantium

298 2923 382 2991 (1)
429 2926 571 2979 Hist.
599 2926 752 2981 Eccl.
795 2927 896 2981 lib.
950 2927 997 2981 ΙΙ
1024 2945 1157 3000 cap.
1191 2933 1223 2985 4
1266 2932 1455 2985 Auctt.
1496 2932 1635 2988 Hist.
1675 2933 1895 2989 Eccles.

223 3011 414 3066 Basil.
452 3017 589 3068 l544
621 3032 678 3081 p.
709 3016 829 3081 242,
867 3017 1061 3072 Ruﬁni
1089 3018 1240 3088 Opp.
1274 3019 1367 3074 ed.
1396 3020 1638 3075 Vallarsi
1682 3039 1740 3091 p.
1771 3023 1898 3088 271,

224 3100 430 3168 Migne
463 3101 675 3156 Patrol.
711 3106 763 3159 T.
796 3105 904 3160 XXI
943 3123 999 3176 p.
1035 3108 1158 3160 5H.

231 3198 236 3201 '
298 3190 380 3259 (2)
415 3192 629 3245 Textus
689 3195 914 3248 Meursii
969 3210 1040 3250 eo
1097 3195 1247 3258 loco,
1307 3212 1429 3267 quo
1481 3200 1555 3253 de
1585 3198 1698 3254 hac
1748 3199 1900 3271 pelle

225 3284 531 3345 narratur,
591 3287 908 3352 corruptus
959 3289 1068 3339 est.
1100 3284 1336 3353 Legitur
1363 3287 1521 3340 enim
1576 3305 1588 3340 :
1625 3309 1652 3336 «
1689 3285 1902 3340 Κώδιον

229 3365 502 3440 προϐάτου
563 3370 792 3439 με’-κοίλου
846 3375 1056 3441 ἤνεγκεν
1115 3373 1168 3443 [ἡ
1235 3373 1414 3446 ὕαινα]
1474 3383 1547 3445 τῷ
1619 3375 1752 3447 ἁγίῳ
1810 3383 1903 3430 καὶ

227 3460 478 3528 μακαρίῳ
521 3464 797 3531 Μακαρίῳ,
850 3462 971 3534 ὅπερ
1031 3459 1224 3514 κώδιον
1283 3462 1432 3525 οὗτος
1468 3465 1493 3515 ὁ
1528 3472 1620 3517 τοῦ
1667 3473 1903 3538 Χριστοῦ

229 3541 426 3604 δοῦλος
475 3547 832 3600 καταλέλοιπεν
889 3549 958 3619 τῷ
1024 3550 1156 3621 ἁγίῳ
1225 3556 1314 3602 καὶ
1387 3558 1629 3627 μακαρίῳ
1685 3553 1903 3607 Ἀθανα-

231 3638 330 3704 σίῳ
393 3642 467 3704 τῷ
529 3635 760 3706 μεγάλῳ,
821 3640 889 3698 ὡς
953 3635 1010 3690 δὲ
1063 3644 1152 3691 καὶ
1207 3641 1236 3697 ἡ
1293 3646 1529 3715 μακαρία
1586 3639 1748 3701 δούλη
1811 3652 1902 3696 τοῦ

231 3727 473 3793 Χριστοῦ
505 3723 711 3782 Meliten
752 3745 842 3796 μοι
873 3725 1028 3790 εἶπεν,
1062 3729 1141 3779 ὅτι
1181 3732 1350 3800 παρὰ
1401 3737 1516 3781 τοῦ
1567 3730 1756 3802 ἁγίου
1796 3737 1902 3784 καὶ

233 3812 615 3880 θαυμασίου
655 3811 891 3887 ἀνδρὸς
921 3822 1260 3891 Μακαριου
1293 3816 1587 3888 ἐγώἒλαϐον
1617 3823 1675 3871 τὸ
1707 3817 1900 3872 κώδιον

231 3897 397 3951 ἐκεῖνο
445 3920 499 3952 κ.
555 3920 606 3954 τ.
658 3901 705 3956 λ.
757 3905 922 3971 (Hist.
975 3905 1146 3959 Laus.
1213 3906 1306 3960 ed.
1365 3909 1572 3962 Meurs.
1629 3924 1768 3979 cap.
1833 3913 1895 3964 21

233 4003 299 4056 p.
341 3988 490 4057 140.)
549 3989 655 4044 Ubi
685 3991 812 4046 sine
863 3991 1050 4048 dubio
1099 3993 1418 4063 legendum
1476 4001 1604 4050 est:
1635 3999 1777 4070 παρὰ
1809 4003 1900 4049 τοῦ

242 4073 410 4145 ἁγίου
439 4080 531 4126 καὶ
570 4079 857 4150 θαυμασίου
899 4078 1090 4154 ἀνδρὸς
1129 4087 1451 4155 μακαρίου
1503 4084 1900 4137 Ἀθανασίου

232 4185 284 4219 κ.
325 4184 376 4218 τ.
411 4163 461 4221 λ.
493 4167 724 4223 Codices
739 4169 1236 4227 Vindobonenses
1259 4172 1548 4228 Historiae
1581 4175 1902 4230 Lausiacae

232 4259 396 4310 recte
453 4255 725 4312 scribunt
778 4275 792 4312 :
859 4259 980 4331 ὅπερ
1037 4256 1230 4312 κώδιον
1297 4261 1453 4323 αὐτὸς
1524 4262 1762 4315 κατελιπε
1828 4271 1903 4334 τῷ

234 4345 373 4414 αἰτίῳ
439 4344 744 4417 Ἀθανασίῳ
802 4354 872 4416 τῷ
952 4346 1243 4420 ἑπισκὸπῳ.
1296 4355 1396 4403 Καὶ
1458 4351 1488 4408 ἠ
1555 4356 1791 4426 μακαρία
1845 4347 1903 4404 δὲ

233 4432 441 4491 Helaira
479 4431 591 4485 εἶπέ
627 4455 718 4504 μοι
749 4454 762 4465 °
801 4437 879 4487 ὅτι
932 4440 1066 4511 παρὰ
1110 4446 1220 4490 τοῦ
1277 4438 1460 4510 ἁγίου
1527 4439 1904 4493 Ἀθανασίου

2009 1911 2124 1968 bus
2174 1914 2234 1967 et
2264 1908 2554 1967 attentius
2583 1914 2643 1964 et
2672 1907 3059 1980 frequentius
3103 1909 3497 1974 vacabamus,
3543 1908 3652 1966 ubi

2006 2007 2309 2066 Macarius
2361 2007 2608 2064 Antonii
2641 2006 3005 2079 discipulus.
3037 2012 3097 2063 et
3126 2007 3281 2064 alter
3330 2005 3653 2078 Macarius,

2006 2111 2067 2164 et
2092 2105 2390 2175 Isidorus,
2424 2111 2484 2162 et
2519 2104 2801 2162 Pambns.
2844 2149 2854 2158 .
2893 2101 3003 2180 (8).
3044 2127 3070 2154 »
3100 2104 3215 2162 Sex
3243 2104 3341 2160 isti
3375 2103 3542 2167 anni,
3576 2103 3654 2159 de

2005 2204 2236 2276 quibus
2290 2203 2589 2275 loquitur,
2643 2202 2794 2275 quin
2845 2202 3279 2274 migrationem
3341 2200 3537 2272 ipsius
3581 2213 3655 2257 ex

2010 2302 2284 2373 Aegypto
2329 2301 2391 2357 in
2439 2300 2842 2358 Palaestinam
2891 2299 3353 2362 antecesserint,
3388 2297 3652 2355 dubium

2006 2413 2140 2456 esse
2198 2398 2434 2470 nequit.
2507 2398 2657 2456 Istos
2727 2411 2978 2470 quoque
3034 2397 3193 2455 duos
3261 2411 3455 2454 annos
3532 2391 3653 2472 [vel

2004 2494 2223 2574 aliquot
2271 2493 2434 2573 dies],
2479 2495 2627 2568 quia
2673 2494 2983 2553 Palladius
3031 2495 3341 2561 Ruﬁnum,
3381 2495 3655 2566 Aegypto

2005 2595 2244 2666 relicta,
2278 2593 2727 2665 Hierosolymis
2756 2609 2877 2650 una
2921 2607 3064 2651 cum
3113 2591 3369 2650 Melania
3412 2591 3656 2662 degisse

2005 2698 2216 2750 narrat
2258 2692 2373 2768 (9),
2421 2693 2482 2749 in
2522 2691 2780 2750 alteram
2835 2688 2946 2759 l9
2998 2687 3300 2768 [brevem]
3345 2689 3658 2762 quandam

2008 2931 2222 3002 Μάρκος
2251 2935 2305 2983 et
2337 2931 2607 3000 Μακάριος
2640 2927 2714 2982 cf.
2751 2926 3118 2997 infra’Caput
3149 2926 3232 2980 III.
3717 2996 3721 2999 π

2081 3020 2159 3089 (3)
2203 3019 2344 3074 Hist.
2378 3019 2546 3073 Laus.
2576 3017 2670 3072 ed.
2706 3019 2918 3070 Meurs.
2947 3032 3081 3085 cap.
3121 3021 3215 3070 H7
3248 3017 3401 3085 Opp.
3446 3017 3656 3069 Meurs.

2010 3108 2048 3162 1.
2085 3111 2124 3162 ι.
2157 3125 2211 3178 p.
2249 3109 2372 3162 594.

2084 3196 2160 3268 (4)
2190 3198 2293 3267 Ep.
2318 3199 2372 3260 4,
2406 3197 2461 3251 S.
2493 3194 2724 3250 Hieron.
2755 3193 2907 3265 Opp.
2929 3192 3019 3248 ed.
3051 3193 3243 3260 Migne
3269 3195 3329 3248 T.
3364 3194 3383 3247 Ι
3412 3189 3654 3264 [Patrol.

2011 3288 2070 3341 T.
2109 3285 2258 3356 XXII]
2290 3301 2346 3356 p.
2383 3288 2505 3340 336.

2087 3375 2163 3444 (5)
2201 3373 2302 3428 Ed.
2332 3378 2383 3438 3,
2417 3373 2561 3428 ibid.
2593 3389 2651 3443 p.
2682 3377 2806 3429 332.
2840 3375 2964 3428 333.

2087 3463 2168 3534 (6)
2231 3463 2288 3516 S.
2361 3463 2590 3517 Hieron.
2664 3464 2810 3533 Opp.
2876 3459 2971 3515 ed.
3008 3460 3196 3529 Migne
3223 3462 3283 3515 Τ.
3360 3458 3659 3532 i[Patrol.

2013 3552 2076 3609 Τ.
2111 3552 2266 3621 xxu]
2303 3550 2482 3606 Praef.
2518 3568 2574 3621 p.
2616 3551 2789 3606 XLIX.

2085 3643 2157 3711 (7)
2193 3661 2221 3692 α
2255 3640 2502 3695 Ruﬁnus
2536 3645 2734 3695 autem
2778 3639 2972 3703 frater,
3024 3645 3084 3692 ut
3130 3638 3358 3700 scribis,
3400 3639 3661 3692 necdum

2016 3732 2191 3784 venit.
2233 3752 2258 3778 ››
2317 3731 2373 3784 S.
2419 3731 2652 3784 Hieron.
2691 3745 2821 3798 cap.
2874 3733 2903 3782 5
2953 3728 3029 3782 ad
3078 3727 3459 3792 Florentium,
3514 3725 3660 3779 ibid.

2013 3833 2070 3889 p.
2102 3817 2224 3873 336.

2085 3906 2159 3976 (8)
2189 3906 2381 3961 Ruﬁni
2399 3904 3036 3976 Apologiallnvectiva]
3066 3903 3125 3957 in
3157 3905 3210 3959 S.
3234 3905 3661 3973 Hieronymum

2011 3993 2115 4049 lib.
2151 3996 2194 4048 II
2223 4010 2354 4064 cap.
2420 3999 2478 4048 l2
2511 3995 2660 4064 Opp.
2712 3993 2782 4048 ed
2817 3992 3066 4046 Vallarsi
3100 4007 3157 4062 p.
3192 3991 3292 4045 367
3324 4006 3461 4046 cum
3496 3997 3658 4055 nota,

2014 4084 2200 4151 Migne
2253 4083 2464 4137 Patrol.
2515 4085 2576 4139 T.
2632 4085 2735 4138 XXI
2770 4098 2826 4153 p.
2861 4083 3000 4147 594;
3034 4082 3090 4135 S.
3124 4082 3358 4136 Hieron.
3395 4081 3545 4152 Opp.
3589 4079 3660 4134 ed

2014 4173 2231 4228 Bened.
2256 4174 2314 4226 T.
2350 4173 2416 4226 IV
2441 4175 2498 4226 P.
2535 4174 2598 4226 ll.
2631 4187 2688 4242 p.
2723 4173 2852 4226 424.

2083 4261 2160 4332 (9)
2197 4261 2334 4316 Hist.
2362 4261 2538 4316 Laus.
2585 4260 2679 4316 ed.
2713 4261 2926 4316 Meurs.
2955 4275 3089 4330 cap.
3127 4261 3227 4314 119
3257 4260 3408 4330 Opp.
3457 4261 3663 4315 Meurs.

2013 4349 2050 4405 l.
2109 4350 2148 4403 Ι.
2179 4366 2239 4419 p.
2283 4349 2407 4405 596.
2441 4348 2740 4405 Palladius
2776 4347 3039 4418 tradidit,
3071 4349 3347 4416 Ruﬁnum
3385 4348 3665 4404 Hieroso-

2017 4440 2190 4508 lymis
2204 4437 2414 4508 viginti
2425 4445 2637 4506 septem
2655 4452 2841 4492 annos
2856 4453 2970 4492 una
2985 4452 3114 4492 cum
3131 4437 3394 4492 Melania
3412 4437 3666 4503 hospites

232 4521 396 4574 ἐκεῖνο
454 4525 517 4573 τὸ
557 4519 749 4575 κώδιον
803 4524 1002 4591 ἔλαϐον,
1053 4526 1212 4589 ξένιον
1263 4536 1360 4590 τῆς
1395 4529 1574 4588 ὑαίνης
1613 4529 1898 4600 λεγόμενον.

2019 4528 2278 4596 undique
2303 4526 2692 4582 adventantes
2719 4525 3025 4594 excepisse.
3057 4525 3227 4590 Quod
3260 4541 3380 4580 non
3417 4527 3666 4580 omnino

232 4611 416 4665 Aliter
446 4611 706 4666 omnino
730 4613 804 4668 de
837 4615 1003 4684 pellis
1035 4615 1361 4671 donatione
1398 4617 1574 4672 refert
1606 4617 1906 4687 fragmen-

232 4702 384 4765 tum,
419 4699 591 4770 quod
621 4706 808 4756 exstat
833 4702 892 4756 in
918 4703 1125 4759 codice
1156 4721 1270 4758 ms.
1321 4705 1499 4760 theol.
1536 4721 1732 4773 graec.
1761 4705 1902 4765 Bibl.

235 4788 410 4844 Caes.
438 4786 700 4843 Vindob.
728 4792 860 4845 Nro.
881 4793 1004 4858 274,
1037 4793 1178 4847 olim
1201 4794 1327 4858 238,
1364 4794 1547 4849 chart.
1569 4794 1672 4850 fol.
1700 4797 1822 4859 247,
1850 4799 1904 4849 2,

240 4875 303 4930 in
337 4877 562 4931 harum
611 4879 1036 4950 quaestionum
1074 4882 1415 4952 Appendice
1444 4883 1637 4952 priore
1675 4883 1790 4939 sub
1842 4884 1907 4938 IV

228 4964 411 5034 typis
467 4981 780 5034 excusum,
805 4968 904 5023 ubi
926 4968 1188 5037 legimus
1225 4988 1238 5025 :
1272 4968 1496 5037 Κώδιον,
1531 4973 1652 5044 ὅπερ
1697 4973 1722 5023 ὁ
1757 4971 1908 5042 ἅγιος

226 5054 466 5122 Μάρκος
513 5055 841 5109 καταλέλοιπε
906 5067 974 5128 τῷ
1028 5058 1163 5129 ἁγίῳ
1223 5065 1477 5132 Μακαρίῳ
1541 5068 1613 5131 τῷ
1674 5061 1902 5132 μεγάλῳ,

229 5147 325 5193 καὶ
387 5141 542 5203 οὗτος
599 5151 657 5215 τῇ
714 5151 950 5218 μακαρίᾳ
1010 5147 1211 5221 Μιλάνῃ
1269 5147 1458 5220 ἀφῆκεν
1514 5153 1572 5201 τὸ
1623 5149 1780 5212 ξένιον
1812 5159 1907 5211 τῆς

231 5231 419 5290 ὑαίνης
451 5229 828 5304 ἐπιλεγόμενον.
885 5235 997 5290 Sed
1051 5237 1163 5292 hoc
1221 5237 1629 5305 fragmentum
1687 5240 1905 5294 recenti

237 5336 424 5376 manu
456 5321 826 5390 negligenter
854 5325 1140 5396 scriptum
1198 5342 1315 5380 non
1347 5331 1539 5398 potest
1572 5328 1907 5384 auctoritati

241 5410 520 5464 codicum
534 5409 776 5466 illorum
799 5411 1084 5468 Historiae
1100 5416 1423 5470 Lausiacae
1441 5416 1690 5486 opponi.
1707 5418 1906 5488 Neque

242 5511 376 5552 vero
399 5501 654 5562 Marcus,
680 5499 784 5555 sed
815 5501 1108 5557 Macarius
1143 5503 1602 5568 Alexandrinus,
1630 5504 1847 5574 pellem
1873 5522 1908 5561 a

247 5583 451 5643 leaena
466 5589 724 5659 accepit,
737 5603 926 5660 quam
937 5591 1267 5649 Athanasio
1280 5593 1532 5667 reliquit.
1553 5593 1741 5649 Ruﬁn.
1761 5594 1902 5650 Hist.

250 5674 390 5731 Eccl.
421 5676 529 5734 lib.
557 5676 608 5731 ll
642 5692 775 5751 cap.
808 5681 840 5735 4
864 5678 903 5734 l.
931 5680 973 5736 Ι.
1011 5683 1089 5737 De
1118 5683 1560 5754 permutatione
1580 5682 1903 5742 nominum

2013 4631 2219 4670 verum
2255 4631 2382 4669 esse
2417 4619 2624 4685 potest.
2656 4617 2803 4670 Nam
2854 4613 3101 4669 Ruﬁnus
3136 4614 3256 4668 iam
3288 4613 3441 4668 duos
3473 4629 3665 4669 annos

2015 4703 2342 4775 Aquileiam
2399 4719 2673 4758 reversus
2722 4703 3035 4758 Anastasio
3092 4703 3286 4772 Papae
3358 4717 3519 4756 anno
3565 4703 3663 4756 301

2018 4793 2274 4863 scripsn,
2299 4807 2360 4849 se
2375 4796 2506 4862 post
2533 4792 2781 4862 triginta
2801 4792 2930 4862 fere
2953 4807 3142 4846 annos
3162 4790 3514 4861 parentibus
3537 4792 3668 4848 red-

2015 4882 2204 4937 ditum
2231 4897 2370 4938 esse.
2407 4881 2601 4936 Ruﬁni
2630 4880 2923 4952 Apologia
2953 4881 3028 4936 ad
3048 4881 3433 4936 Anastasium
3451 4896 3584 4952 cap.
3620 4886 3666 4948 l,

2015 4970 2160 5041 Opp.
2217 4972 2310 5025 ed.
2362 4969 2611 5025 Vallarsi
2663 4973 2874 5040 p.403,
2937 4969 3130 5039 Migne
3186 4969 3400 5024 Patrol.
3447 4972 3507 5024 T.
3565 4971 3667 5043 XX,

2019 5075 2076 5130 p.
2109 5061 2234 5114 623.
2271 5060 2326 5114 S.
2359 5058 2593 5114 Hieron.
2649 5057 2815 5129 Apol.
2876 5061 2938 5123 ll,
2991 5060 3048 5114 S.
3097 5059 3328 5114 Hieron.
3382 5059 3534 5129 Opp.
3568 5058 3667 5113 ed-

2018 5149 2234 5204 Bened.
2268 5151 2327 5205 T.
2361 5148 2430 5203 IV
2455 5163 2514 5219 p.
2549 5151 2672 5203 389.
2708 5148 2871 5203 Idem
2913 5147 3032 5204 fere
3073 5147 3322 5203 Ruﬁnus
3349 5148 3577 5219 passim
3606 5149 3664 5202 in

2017 5237 2319 5309 Apologiis
2379 5237 2737 5309 [Invectivisj
2792 5237 2848 5291 in
2895 5235 2954 5292 S.
3005 5237 3437 5308 Hieronymum
3469 5236 3666 5292 tradit.

2017 5327 2212 5383 Ruﬁni
2272 5326 2439 5397 Apol.
2495 5324 2834 5399 [Invectiva]
2868 5325 2968 5380 lib.
3009 5325 3055 5380 II
3097 5341 3230 5396 cap.
3266 5325 3354 5389 22,
3391 5327 3542 5396 Opp.
3571 5325 3667 5379 ed.

2018 5414 2263 5471 Vallarsi
2297 5430 2354 5486 p.
2405 5418 2527 5479 381,
2563 5417 2752 5483 Migne
2780 5413 2818 5468 l.
2853 5413 2890 5469 1.
2924 5429 2984 5486 p.
3034 5415 3190 5484 560.;
3229 5416 3282 5470 S.
3328 5413 3672 5487 Hieronymi

2017 5505 2168 5576 Opp.
2203 5504 2297 5559 ed.
2334 5503 2552 5559 Bened.
2596 5505 2656 5558 T.
2700 5504 2768 5556 IV
2795 5519 2857 5575 p.
2894 5507 3017 5560 376.
3050 5505 3196 5574 Ergo
3229 5505 3532 5571 Ruﬁnum,
3566 5503 3670 5574 qui

2016 5593 2077 5648 in
2107 5595 2374 5665 Aegypto
2399 5608 2503 5664 per
2524 5593 2874 5648 sexennium
2901 5592 3083 5662 degit,
3098 5593 3234 5665 plus
3254 5608 3448 5650 annos
3460 5591 3671 5663 viginti

2015 5683 2171 5743 duos
2216 5682 2648 5756 Hierosolymis
2675 5682 3120 5753 vixisse,fstatui
3143 5683 3368 5756 nequit.
3396 5685 3497 5739 At...
3509 5693 3671 5736 error
