4080 6208
480 279 551 334 19
1362 281 1475 338 SS.
1525 282 2013 341 MACABIORUM
2052 284 2359 345 AEGYPTI
2399 286 2483 343 ET
2518 283 3013 343 ALEXANDRINI
3802 289 3868 357 20

453 409 1015 469 commorationem
1056 410 1281 468 cadere
1322 411 1691 483 credideris,
1736 426 1926 486 quam
1974 413 2105 471 Ru-
2139 412 2183 465 A
2217 414 2554 488 principio,
2627 429 2816 488 quem
2891 418 2953 472 et
3025 412 3403 473 catholicum
3465 417 3527 473 et
3585 422 3862 479 sanctum

452 503 612 564 ﬁnus
660 507 1073 565 Alexandriae
1120 509 1355 576 fecerit,
1403 516 1734 583 antequam
1787 512 1849 570 in
1898 510 2103 571 Palae-

453 604 677 665 stinam
732 605 956 662 abiret.
1013 608 1189 663 Certe
1230 607 1291 665 hi
1339 607 1465 664 duo
1516 608 1659 665 anni
1715 605 1834 685 [vel
1882 607 2104 687 aliquot

452 697 591 777 dies]
649 716 879 759 annum
939 704 1077 771 385,
1132 718 1257 776 quo
1315 705 1699 777 The0philus
1770 706 2104 781 episcopus

456 798 863 857 Alexandriae
927 799 1123 858 factus
1178 806 1268 858 est
1331 799 1444 875 (1),
1494 803 1887 862 antecedunt.
1950 805 2104 863 Nam

452 894 510 953 S.
557 895 973 968 Hieronymus
1024 896 1085 955 in
1144 897 1444 970 Apologia
1491 899 1708 958 Ruﬁno
1756 921 1769 959 :
1824 921 1853 952 «
1897 903 2009 970 Tu,
2070 924 2098 956 »

451 992 678 1066 inquit,
720 1014 743 1046 ί
794 999 1123 1066 postquam
1156 995 1258 1053 hic
1310 992 1738 1075 [Theophilus]
1771 999 2103 1074 episcopus

450 1089 648 1147 factus
690 1094 802 1159 est,
849 1091 1257 1151 Alexandriae
1304 1108 1427 1151 non
1487 1094 1657 1152 fuisti
1702 1093 1814 1172 (2).
1871 1118 1894 1148 ι
1949 1098 2102 1156 Hinc

450 1186 639 1258 igitur
668 1187 956 1247 Ruﬁnum
996 1189 1093 1247 bis
1135 1196 1372 1249 tantum
1422 1192 1829 1252 Alexandriae
1866 1201 1927 1254 et
1965 1197 2102 1269 qui-

450 1282 594 1340 dem
646 1288 787 1342 ante
834 1299 1066 1345 annum
1115 1288 1231 1346 385
1288 1288 1498 1357 fuisse,
1534 1291 1686 1349 satis
1732 1292 1796 1349 in
1850 1298 2102 1364 promtu

450 1385 561 1442 est.

533 1478 839 1547 Quorsum
906 1481 1084 1554 haec,
1138 1498 1302 1557 quae
1352 1485 1430 1542 de
1482 1486 1700 1544 Ruﬁno
1756 1487 2101 1559 disputavi-

452 1590 615 1649 mus,
679 1583 980 1650 spectent,
1047 1580 1195 1648 iam,
1261 1597 1518 1654 quaeso,
1593 1586 1931 1658 perpende.
2002 1587 2102 1644 Le-

451 1673 657 1747 gimus
701 1676 871 1733 enim
924 1679 1090 1749 apud
1143 1678 1201 1735 8.
1255 1681 1711 1753 Hieronymum
1769 1701 1781 1740 :
1834 1702 1864 1739 «
1910 1685 2105 1743 Huius

2214 512 2402 571 fuisse
2444 527 2567 572 non
2619 512 2885 571 dubium
2928 515 3041 578 est,
3094 514 3160 569 ut
3213 525 3325 583 per
3381 510 3551 569 illius
3596 516 3863 575 occasio-

2211 625 2356 670 nem
2407 617 2673 684 ceteros,
2722 625 2878 684 quos
2923 614 3240 682 posuerat,
3285 609 3635 669 haereticos
3662 613 3864 671 eccle-

2212 708 2340 766 siae
2392 708 2818 768 introduceret
2873 705 2985 783 (3).
3051 729 3079 759 »
3152 707 3331 765 Hisce
3382 707 3441 766 S.
3507 708 3860 782 Hieronymi

2213 806 2422 865 verbis
2473 806 2627 880 quin
2680 806 2840 864 liber
2892 804 3226 877 indicetur,
3273 819 3462 878 quem
3512 806 3864 867 Rosweidus

2214 921 2246 957 α
2279 903 2625 962 secundum
2676 903 2912 961 librum
2946 902 3059 959 VV.
3110 902 3213 960 PP.
3252 922 3281 957 »
3318 902 3635 975 inscripsit
3669 900 3779 979 (4),
3808 904 3867 963 in

2212 1015 2338 1074 quo
2368 1002 2445 1059 de
2486 1002 2721 1060 Joanne
2766 1000 2974 1073 primo
3018 998 3177 1070 loco,
3225 1000 3451 1057 deinde
3500 1000 3579 1057 de
3612 1001 3866 1059 Ammo-

2213 1099 2341 1165 nio,
2376 1099 2656 1172 Evagrio,
2703 1098 2806 1171 Or,
2864 1099 3129 1169 Isidoro,
3173 1096 3288 1166 20
3337 1098 3479 1156 aliis
3528 1097 3721 1156 multa
3771 1100 3866 1155 le-

2211 1202 2461 1270 guntur,
2525 1197 2803 1255 dubitari
2850 1196 3090 1269 nequit.
3149 1196 3388 1264 Fateor,
3456 1198 3533 1255 de
3595 1196 3862 1255 Eusebio

2211 1295 2470 1369 quidem
2527 1301 2587 1353 et
2648 1295 2727 1352 de
2771 1294 3106 1367 Euthymio
3164 1294 3320 1352 nihil
3374 1294 3590 1352 haberi
3642 1295 3706 1352 in
3756 1293 3861 1352 illo

2212 1393 2678 1452 Rosweidianae
2735 1392 3121 1451 collectionis
3183 1391 3347 1450 libro
3397 1391 3670 1450 secundo
3728 1407 3740 1448 :
3804 1395 3863 1450 at

2213 1492 2271 1552 S.
2341 1491 2795 1564 Hieronymum
2852 1505 2925 1549 ea
2986 1490 3242 1548 nomina
3287 1504 3431 1548 cum
3491 1488 3751 1560 Eulogio
3806 1492 3866 1547 et

2216 1589 2499 1662 Didymo,
2542 1588 2650 1663 qui
2684 1589 2747 1647 in
2779 1589 2943 1646 libro
2974 1587 3264 1661 leguntur
3304 1585 3415 1662 (ὅ),
3460 1586 3862 1654 confundere,

2214 1692 2319 1746 aut
2381 1670 2852 1758 corruptionem
2922 1686 3097 1757 longa
3166 1691 3527 1756 temporum
3585 1684 3748 1742 serie
3807 1683 3865 1741 in

455 1767 749 1850 [Evagrii]
799 1774 996 1834 libros
1026 1790 1139 1847 per
1177 1776 1490 1837 Orientem
1541 1795 1796 1852 graecos
1826 1786 1888 1840 et
1917 1783 2106 1840 inter—
2134 1763 2177 1818 Β
2215 1784 2384 1858 ipsos
2426 1785 2674 1843 codices
2717 1789 2823 1842 aut
2866 1783 3016 1842 libri
3070 1788 3175 1841 aut
3217 1783 3278 1841 8.
3327 1781 3693 1854 Hieronymi
3743 1781 3866 1854 epi—

452 1872 732 1941 pretante
784 1870 1094 1944 discipqu
1125 1874 1262 1933 eius
1309 1876 1521 1936 Ruﬁno
1564 1877 1788 1937 latinos
1819 1880 2105 1953 plerique

451 1966 517 2023 in
585 1966 915 2027 Occidente
979 1968 1275 2030 lectitant.
1347 1974 1463 2044 Qui
1540 1976 1775 2034 librum
1854 1991 2106 2050 quoque

452 2063 702 2135 scripsit
745 2067 922 2139 quasi
976 2068 1053 2126 de
1101 2072 1446 2139 monachis,
1505 2073 1860 2148 multosque
1911 2075 1977 2131 in
2030 2088 2106 2133 eo

452 2168 798 2231 enumerat,
833 2166 939 2236 qui
979 2181 1298 2240 nunquam
1338 2169 1611 2241 fuerunt,
1645 2177 1705 2228 et
1747 2186 1873 2244 quo
1918 2172 2106 2230 fuisse

451 2258 771 2331 describit,
825 2262 1220 2335 Origenistas,
1254 2272 1316 2325 et
1359 2269 1439 2326 ab
1487 2269 1800 2342 episcopis
1843 2270 2104 2327 damna-

451 2360 548 2414 tos
595 2371 730 2416 esse
776 2374 901 2418 non
954 2361 1220 2420 dubium
1272 2370 1385 2436 est,
1434 2368 1836 2427 Ammonium
1890 2368 2109 2427 videli-

452 2460 570 2522 cet,
627 2460 688 2513 et
746 2457 1106 2527 Eusebium,
1164 2466 1225 2520 et
1287 2463 1709 2536 Euthymium,
1771 2471 1833 2524 et
1898 2466 2105 2537 ipsum

452 2551 807 2625 Evagrium,
859 2555 940 2614 Or
982 2572 1231 2631 quoque
1283 2568 1344 2619 et
1388 2561 1721 2635 Isidorum,
1766 2569 1827 2621 et
1875 2564 2105 2621 multos

448 2648 630 2723 alios,
688 2667 847 2724 quos
891 2668 1262 2715 enumerare
1312 2659 1588 2717 taedium
1643 2666 1756 2731 est,
1817 2667 1877 2718 et
1933 2660 2104 2720 iuxta

444 2746 602 2807 illud
639 2749 901 2809 Lucretii
930 2752 992 2826 (I,
1032 2752 1146 2812 935
1174 2754 1343 2832 sqq.)
1378 2777 1390 2811 :

515 2883 595 2933 Ac
627 2879 803 2935 veluti
837 2882 1040 2950 pueris
1068 2884 1376 2940 absinthia
1410 2890 1553 2942 tetra
1578 2887 1886 2942 medentes

516 2950 833 3027 Cumdare
855 2961 1165 3027 conantur,
1201 2958 1365 3024 prius
1386 2973 1525 3011 oras
1558 2958 1773 3027 pocula
1804 2960 2025 3012 circum

514 3021 876 3089 Contingunt
906 3024 1063 3079 dulci
1096 3021 1283 3080 mellis
1311 3021 1589 3100 flavoque
1621 3029 1871 3100 liquore.

442 3146 527 3208 Ita
572 3148 685 3210 ille
742 3166 939 3210 unum
983 3153 1282 3215 Joannem
1328 3155 1391 3213 in
1442 3156 1639 3231 ipsius
1683 3157 1830 3218 libri
1890 3159 2098 3231 posuit
2131 3117 2171 3172 Ο

444 3436 693 3493 Palladii
744 3438 1027 3496 facillime
1073 3442 1213 3498 inde
1243 3444 1591 3515 explicatur,
1625 3449 1789 3517 quod
1850 3447 2097 3503 Ruﬁnus

446 3526 869 3598 Hierosolymis
911 3545 1031 3585 una
1058 3546 1195 3587 cum
1226 3533 1479 3590 Melania
1513 3535 1675 3599 vixit,
1704 3552 1861 3607 quae
1890 3538 2096 3607 viginti

445 3620 672 3685 septem
688 3617 1462 3692 annosliierosolymisfuit.
1483 3623 1621 3678 Hist.
1639 3625 1953 3697 Laus.cap.
1976 3628 2095 3695 117,

451 3704 569 3759 118.
598 3704 865 3771 Melania,
884 3706 1246 3780 Hieronymo
1267 3714 1715 3783 teste,quemde
1743 3713 1854 3768 hac
1872 3730 1931 3768 re
1946 3714 2098 3770 bene

445 3792 726 3849 edoctum
747 3810 875 3851 esse
901 3797 1225 3867 Oportebat,
1261 3800 1679 3869 Hierosolyma
1703 3803 1857 3857 venit
1874 3819 2034 3858 anno
2060 3805 2099 3858 Χ

447 3881 708 3938 Valentis
730 3884 1129 3955 imperatoris,
1148 3888 1186 3942 i.
1217 3904 1267 3943 e.
1296 3905 1457 3946 anno
1476 3893 1597 3946 374.
1634 3890 1891 3961 (Hieron.
1916 3891 2101 3948 Chro-

445 3970 670 4039 nicon.)
695 3972 859 4029 Idem
876 3975 1040 4047 quod
1070 3977 1371 4033 Palladius
1395 3980 1559 4050 (Hist.
1599 3981 1769 4036 Laus.
1808 3997 1943 4053 cap.
1980 3983 2099 4051 117)

447 4058 692 4123 indicat,
725 4060 1004 4117 Paulinus
1033 4066 1293 4120 Nolanus
1322 4068 1500 4137 (Opp.
1525 4068 1597 4121 ed
1632 4071 1861 4125 Lebrun
1887 4086 1981 4139 ep.
2006 4073 2099 4135 29)

446 4159 569 4199 non
591 4154 788 4215 negat.
820 4150 1097 4205 Paulinus
1116 4152 1174 4222 (l.
1195 4153 1258 4221 l.)
1288 4155 1600 4213 Melaniam
1624 4175 1649 4203 α
1682 4156 2100 4226 postquinque

443 4231 631 4290 lustra
657 4254 685 4286 »
716 4238 967 4292 Romam
996 4254 1293 4295 remeasse
1326 4241 1422 4309 ait,
1444 4256 1695 4301 numero
1730 4259 1870 4297 usus
1898 4244 2097 4314 pleno,

446 4321 549 4393 qui
593 4336 715 4377 non
747 4325 1076 4393 urgendus,
1118 4328 1223 4384 sed
1252 4328 1331 4384 ad
1379 4329 1811 4389 accuratiorem
1856 4331 2100 4389 Palladii

447 4425 753 4466 summam
785 4413 1175 4484 explicandus
1198 4422 1307 4474 est.
1338 4418 1482 4474 Inde
1512 4434 1676 4483 vero,
1710 4419 1877 4491 quod
1909 4420 2101 4477 editus

448 4498 694 4555 Palladii
725 4504 1094 4576 textus(cap.
1134 4507 1252 4575 119)
1282 4507 1482 4572 habet,
1516 4506 1829 4565 Melanium
1865 4509 2104 4578 triginta

449 4593 677 4660 septem
698 4606 891 4647 annos
907 4592 1176 4666 hospites
1193 4598 1519 4668 excepisse,
1543 4612 1929 4671 nequaquam
1962 4614 2101 4654 cum

448 4677 822 4737 Tillemontio
840 4686 1090 4749 statuas,
1114 4700 1248 4741 eam
1280 4686 1489 4742 decem
1518 4702 1713 4742 annos
1738 4688 1799 4743 in
1831 4690 2102 4759 Aegypto

447 4783 692 4840 quoque
705 4771 1021 4837 mansisse,
1037 4789 1226 4844 quum
1239 4781 1516 4845 apertum
1528 4790 1789 4833 errorem
1802 4776 2104 4847 scriptoris

448 4856 545 4911 hic
565 4856 1111 4928 deprehendamus,
1132 4864 1233 4933 qui
1247 4878 1356 4935 pro
1377 4863 1482 4927 κη’,
1497 4865 1534 4918 i.
1560 4880 1612 4920 e.
1644 4864 1847 4934 viginti
1871 4871 2104 4937 septem

449 4946 715 5016 posuerit
739 4946 893 5013 λη’,ί.
920 4964 970 5004 e.
1006 4951 1245 5024 triginta
1275 4958 1523 5024 septem.
1551 4956 1703 5009 Haec
1742 4953 1815 5009 de
1850 4954 2105 5011 Melania

450 5035 897 5103 annotavimus,
921 5039 1065 5109 quia
1088 5040 1145 5095 in
1171 5041 1282 5097 hoc
1300 5044 1492 5113 capite
1515 5042 1956 5099 Tillemontium
1975 5044 2105 5113 (Μὸ-

452 5124 674 5180 moires
728 5125 824 5181 ed.
884 5128 1063 5183 Paris.
1118 5132 1178 5185 T.
1242 5133 1283 5189 Χ
1327 5131 1542 5201 p.396.
1596 5146 1727 5203 sqq.
1781 5131 1876 5188 82I
1918 5135 2103 5204 sqq.),

454 5213 835 5269 Rosweidum
860 5215 1145 5285 (Ruﬁniet
1162 5218 1441 5275 Melaniae
1454 5221 1849 5291 peregrinatio
1868 5221 1982 5275 VV.
2005 5222 2100 5277 PP.

454 5315 515 5371 p.
546 5303 648 5357 425
681 5304 840 5374 sqq.)
890 5310 944 5369 et
989 5304 1350 5376 Stiltingium
1399 5308 1551 5377 (Vita
1593 5310 1649 5363 S.
1688 5309 1897 5364 Hieron
1930 5352 1945 5377 ,
1974 5312 2095 5368 AA.

457 5389 553 5446 SS.
604 5390 745 5446 Boil.
793 5394 949 5464 Sept.
986 5396 1046 5450 T.
1080 5396 1197 5451 VIII
1231 5412 1284 5467 p.
1317 5401 1419 5452 552
1445 5399 1621 5469 sqq.),
1656 5397 1791 5453 licet
1815 5398 1926 5469 ipsi
1956 5399 2106 5455 inter

455 5492 517 5533 se
544 5478 799 5537 multum
819 5481 1177 5554 discrepent,
1211 5488 1471 5554 graviter
1491 5502 1717 5543 errasse
1742 5486 2101 5543 invenimus.

455 5566 753 5638 Superest,
796 5574 859 5625 ut
910 5578 1293 5641 annotemus,
1334 5574 1615 5631 Ruﬁnum
1659 5590 1830 5631 senes
1860 5591 2104 5649 quoque

459 5657 924 5731 Mesopotamiae
949 5662 1160 5736 «apud
1183 5663 1468 5727 Edessam
1483 5669 1543 5727 et
1560 5664 1623 5725 in
1635 5664 1949 5727 Carrarum
1969 5680 2106 5741 par-

2215 1884 2409 1942 stolae
2434 1882 2786 1955 irrepsisse,
2819 1887 3303 1940 consentaneum
3340 1884 3448 1939 est.

2300 1981 2507 2053 Itaque
2563 1980 2772 2038 verbis
2819 1979 2943 2036 illis
2991 1979 3049 2037 S.
3104 1979 3525 2051 Hieronymus
3584 1976 3867 2035 Ruﬁnum

2219 2077 2367 2136 libri
2391 2078 2569 2136 istius
2597 2076 2898 2150 signiﬁcat
2927 2076 3323 2149 scriptorem,
3356 2090 3478 2133 non
3512 2074 3865 2147 Evagrium,

2218 2174 2305 2234 uti
2354 2175 2639 2237 nonnulli
2696 2174 2782 2251 (6)
2836 2174 3308 2241 contenderntu,
3360 2172 3551 2245 quod,
3603 2171 3712 2244 qui
3776 2174 3871 2239 lo-

2217 2288 2363 2333 cum
2414 2273 2471 2331 S.
2527 2270 2891 2343 Hieronymi
2938 2276 3166 2329 attente
3217 2270 3460 2342 legerit,
3513 2269 3635 2327 sibi
3691 2268 3871 2329 facile

2221 2370 2622 2444 persuadebit
2653 2369 2757 2445 (7).
2806 2369 3077 2436 Accedit,
3114 2374 3179 2427 ut
3216 2370 3583 2439 complures
3624 2366 3872 2425 codices

2218 2484 2406 2527 manu
2444 2467 2685 2540 scripti,
2731 2468 2893 2526 inter
2938 2481 3098 2539 quos
3141 2480 3303 2524 unus
3345 2470 3645 2534 vetustus,
3680 2477 3867 2536 quem

2216 2567 2579 2627 Rosweidus
2645 2567 2709 2624 in
2776 2566 3036 2623 edendis
3088 2564 3229 2622 vitis
3301 2563 3612 2637 adhibuit,
3671 2561 3869 2620 Ruﬁni

2216 2680 2441 2723 nomen
2467 2670 2681 2738 aperte
2712 2663 3119 2737 proﬁteantur
3150 2658 3260 2737 (8).

2293 2764 2464 2822 Unde
2513 2764 2637 2821 iam
2665 2762 2994 2820 difﬁcultas
3023 2762 3173 2818 satis
3201 2774 3419 2832 magna
3449 2758 3672 2817 oritur.
3708 2757 3861 2813 Nam

2212 2860 2264 2917 si
2329 2860 2391 2917 in
2440 2860 2677 2918 librum
2747 2858 3089 2917 secundum
3160 2856 3508 2914 accuratius
3565 2852 3860 2925 inquiris,

2212 2955 2349 3015 luce
2394 2957 2627 3015 clarius
2673 2958 2954 3029 apparet,
2998 2955 3282 3013 Ruﬁnum
3328 2966 3463 3011 esse
3509 2963 3630 3009 non
3682 2963 3866 3022 posse

2210 3062 2532 3115 auctorem
2542 3098 2554 3111 .

2288 3154 2568 3213 Primum
2607 3152 2778 3213 enim
2817 3155 3031 3211 auctor
3063 3150 3212 3208 libri
3241 3147 3499 3208 secundi
3542 3161 3669 3207 non
3708 3151 3871 3205 tem-

2206 3441 2368 3501 iibus
2400 3463 2429 3490 »
2458 3439 2674 3495 vidisse
2724 3438 2944 3510 (Ruﬁn.
2977 3437 3124 3493 Hist.
3159 3436 3309 3494 Eccl.
3339 3436 3443 3493 lib.
3476 3436 3524 3492 II
3558 3453 3612 3492 c.
3645 3438 3679 3491 8
3712 3438 3866 3508 Opp.

2208 3531 2301 3587 ed.
2336 3529 2582 3585 Vallarsi
2612 3546 2671 3600 p.
2724 3532 2850 3590 279,
2897 3527 3086 3595 Migne
3130 3527 3341 3583 Patrol.
3378 3528 3436 3581 Τ.
3471 3528 3577 3582 XXI
3608 3542 3669 3596 p.
3708 3527 3859 3594 517),

2208 3619 2374 3691 quod
2395 3620 2521 3684 iter,
2547 3622 2875 3689 postquam
2892 3614 3306 3687 Hierosolyma
3327 3615 3505 3679 venit,
3530 3613 3865 3670 instituisse

2209 3708 2461 3763 videtur.

2280 3796 2361 3865 (I)
2395 3796 2556 3850 Socr.
2591 3794 2735 3849 Hist.
2768 3792 2917 3848 Eccl.
2951 3792 3057 3849 lib.
3097 3795 3135 3843 V
3166 3807 3301 3862 cap.
3336 3792 3421 3846 l2.
3451 3793 3684 3847 Sozom.
3722 3791 3866 3847 Hist.

2210 3885 2362 3940 Eccl.
2400 3883 2501 3939 lib.
2552 3884 2641 3939 VII
2692 3899 2826 3955 cap.
2883 3882 2963 3937 14.
3016 3881 3681 3945 Tillemont,Memoires
3713 3895 3873 3951 pour

2211 3974 2399 4031 servir
2434 3977 2471 4031 ἐι
2498 3973 2776 4029 l’histoire
2810 3971 3274 4044 ecclésiastique,
3320 3970 3501 4026 Paris.
3548 3970 3677 4025 1707
3706 3971 3766 4025 Τ.
3802 3969 3873 4023 IX

2210 4081 2271 4133 p.
2306 4068 2428 4121 594.
2489 4065 2573 4119 XII
2605 4079 2664 4133 p.
2696 4066 2819 4123 447,
2860 4065 2913 4117 2.
2945 4061 3176 4133 Fleury,
3208 4061 3349 4115 Hist.
3378 4059 3527 4115 Eccl.
3569 4058 3675 4113 Ed.
3711 4060 3867 4127 Aug.

2210 4151 2387 4207 Vind.
2417 4167 2485 4206 ac
2517 4153 2742 4220 Oenop.
2774 4149 2910 4203 1768
2948 4151 3006 4202 Τ.
3034 4150 3102 4203 IV
3142 4164 3200 4217 p.
3234 4148 3356 4201 755.

2282 4240 2358 4308 (2)
2407 4237 2578 4309 Apol.
2622 4237 2715 4305 III,
2745 4239 2801 4291 S.
2844 4236 3077 4291 Hieron.
3136 4234 3287 4304 Opp.
3321 4232 3415 4288 ed.
3453 4231 3668 4288 Bened.
3700 4235 3760 4288 Τ.
3800 4234 3872 4287 IV

2256 4363 2271 4379 .
2306 4330 2432 4383 455.

2211 4342 2520 4488 ρ’(ζῗῧίὲρ.
2574 4416 2674 4468 133
2707 4412 2786 4468 ad
2834 4410 3112 4481 Ctesiph.,
3162 4411 3220 4468 S.
3272 4410 3511 4467 Hieron.
3563 4412 3715 4484 Opp.
3770 4410 3870 4465 ed.

2136 4465 2182 4520 Β
2212 4465 2401 4574 mgis
2416 4465 2541 4558 ἶί
2572 4465 2808 4575 (alia.
2836 4465 2895 4556 ὦ.
2924 4465 3077 4571 XXII]
3098 4465 3171 4573 'p.
3208 4465 3363 4557 i151.

2285 4594 2365 4665 (4)
2396 4593 2502 4647 VV.
2536 4594 2633 4647 PP.
2669 4593 2869 4647 Rosw.
2896 4607 2956 4663 p.
2993 4594 3094 4647 448
3129 4606 3263 4663 sqq.

2285 4682 2362 4754 (5)
2393 4686 2576 4753 Capp.
2610 4682 2675 4735 14
2704 4685 2762 4734 et
2785 4684 2852 4736 24
2884 4698 2941 4752 p.
2978 4685 3100 4745 472,
3133 4680 3164 4734 2
3205 4697 3217 4747 ;
3249 4682 3374 4745 479,
3416 4684 3463 4733 1.

2285 4773 2364 4843 (6)
2397 4771 2707 4834 Baronius,
2734 4769 2856 4827 alii.

2285 4862 2365 4933 (7)
2396 4860 2637 4916 Librum
2662 4857 3231 4931 XystiPythagoraei
3259 4856 3332 4911 ab
3358 4855 3557 4910 eodem
3583 4854 3879 4925 scriptore

2216 4950 2333 5006 sub
2361 4950 2600 5005 nomine
2636 4948 2777 5005 Sixti
2805 4948 2996 5018 Papae
3026 4952 3081 5000 et
3105 4943 3400 5015 martyris,
3431 4949 3486 4998 et
3514 4942 3733 4998 librum
3764 4947 3878 4999 Eu-

2217 5039 2369 5096 sebii
2412 5038 2807 5095 Caesariensis
2839 5035 2952 5090 sub
2980 5033 3222 5089 nomine
3267 5032 3557 5103 Pamphili
3589 5036 3876 5105 martyris

2215 5129 2408 5185 editos
2435 5144 2586 5191 esse,
2611 5126 2712 5180 illa
2738 5123 2989 5196 epistola
3022 5124 3076 5177 S.
3113 5121 3451 5191 Hieronymi
3474 5121 3666 5185 docet,
3696 5123 3875 5176 cuius

2216 5216 2495 5289 apologia
2524 5214 2780 5270 eandem
2812 5213 2968 5267 hanc
2999 5208 3271 5265 fraudem
3306 5211 3514 5277 Ruﬁno
3538 5210 3755 5266 tribuit.
3795 5211 3867 5267 S.

2216 5308 2449 5361 Hieron.
2499 5306 2600 5373 Ep.
2641 5306 2737 5358 I33
2785 5301 2821 5355 l.
2862 5300 2901 5356 l.
2954 5298 3118 5370 Apol.
3176 5298 3314 5353 adv.
3361 5298 3490 5354 Ruf.
3542 5298 3647 5354 lib.
3693 5298 3739 5352 II
3769 5301 3873 5356 ed.

2216 5393 2431 5451 Bened.
2466 5394 2531 5448 T.
2571 5393 2638 5445 ιν
2668 5408 2720 5463 p.
2745 5394 2847 5447 419
2883 5407 2896 5450 ς
2930 5389 3031 5444 lib.
3068 5388 3136 5442 III
3180 5387 3325 5442 ibid.
3366 5403 3425 5459 p.
3470 5390 3589 5443 449.
3633 5388 3714 5442 Cf.
3758 5389 3877 5444 Til-

2211 5484 2437 5540 lemont
2462 5482 2765 5538 Mémoires
2791 5482 2849 5535 T.
2888 5478 2997 5533 XVI
3026 5493 3084 5549 p.
3114 5480 3239 5538 657,
3273 5479 3328 5533 1.

2286 5572 2365 5645 (8)
2393 5572 2502 5627 VV.
2546 5569 2647 5625 PP.
2673 5570 2866 5626 Rosw.
2898 5568 3128 5639 Proleg.
3151 5568 3181 5641 δ
3206 5568 3254 5622 Χ
3287 5582 3350 5639 ρ.
3392 5566 3596 5622 XXVII.
