4094 6208
272 227 342 284 31
1876 225 2110 294 νιτΑΕ.
3623 226 3694 289 22

269 371 424 432 pore
477 355 762 415 Valentis
807 355 1208 428 imperatoris
1235 358 1448 430 paullo
1477 361 1617 431 post
1645 357 1704 416 S.
1755 355 1935 415 Atha-
1964 353 2011 405 Δ
2041 360 2304 413 exeunte
2361 368 2522 412 anno
2576 355 2714 424 394,
2764 359 2825 413 et
2871 353 3212 413 Palladium
3241 353 3378 412 eius
3423 354 3688 423 itineris,

268 455 424 514 nasii
471 460 749 512 mortem
782 451 969 529 (373),
1022 461 1128 513 aut
1179 461 1322 515 ante
1360 471 1593 515 annum
1627 457 1742 515 385
1799 469 1933 514 mo-

267 553 544 612 nasteria
594 552 862 625 Aegypti
929 553 1235 620 lustravit,
1297 569 1424 628 quo
1481 560 1766 628 tempore
1818 553 1932 612 Ru-

267 652 472 709 ﬁnum
540 651 602 708 in
667 650 866 709 Nitria
936 657 1250 710 versatum
1302 667 1436 711 esse
1504 652 1930 726 cognovimus,

273 748 394 808 sed
451 749 644 806 multo
685 753 826 821 post
876 755 1143 808 exeunte
1194 764 1354 808 anno
1409 751 1526 810 394
1572 751 1690 808 sub
1745 748 1932 809 ﬁnem

278 847 535 920 imperii
591 846 924 905 Theodosii
972 847 1194 920 Magni,
1235 847 1344 921 qui
1391 849 1549 907 obiit
1593 863 1754 906 anno
1816 849 1931 906 395

291 944 358 1002 d.
401 943 520 1002 XVI
551 943 801 1002 Calend.
841 944 1164 1003 Februarii
1204 943 1292 1022 (l)
1325 963 1344 1015 ;
1392 945 1633 1004 socium
1661 959 1809 1004 vero
1839 944 1932 1003 iti-

280 1041 447 1100 neris
476 1041 826 1100 Palladium
857 1041 1100 1109 habuit,
1148 1043 1257 1114 qui
1302 1043 1640 1102 Historiam
1682 1043 1932 1102 Lausia-

269 1153 410 1197 cam
464 1139 742 1212 scripsit.
797 1139 966 1210 Quae
1017 1139 1276 1213 quidem
1327 1157 1402 1198 ex
1453 1141 1617 1199 libro
1660 1141 1934 1200 secundo

265 1237 414 1309 ipso
472 1235 753 1294 dilucide
803 1237 1202 1309 colliguntur.
1259 1238 1409 1297 Nam
1479 1244 1697 1296 auctor
1748 1238 1936 1296 huius

265 1333 424 1392 libri
468 1334 681 1392 statim
735 1336 814 1392 ab
845 1335 1026 1392 initio
1058 1336 1210 1394 haec
1261 1341 1518 1394 narrat:
1575 1336 1786 1394 Fuisse
1833 1350 1934 1394 se-

265 1437 468 1506 ptem,
503 1447 570 1489 se
602 1431 904 1490 nimirum
937 1447 1081 1491 cum
1123 1447 1230 1492 sex
1259 1434 1467 1507 sociis,
1501 1433 1608 1507 qui
1632 1435 1930 1493 Joannem

266 1529 605 1588 eremitam
672 1543 869 1602 prape
927 1529 1156 1602 Lycum
1213 1531 1532 1592 civitatem
1597 1531 1930 1590 convenis-

266 1633 429 1686 sent.
490 1628 790 1686 Joannem
844 1627 1022 1701 ipsis,
1069 1643 1266 1701 quum
1308 1629 1418 1700 21
1471 1631 1550 1688 ab
1603 1645 1678 1688 eo
1727 1629 1930 1703 profe-

267 1725 436 1783 cturi
466 1731 691 1789 essent,
729 1725 1135 1797 praedixisse.
1176 1727 1292 1784 hac
1333 1726 1469 1799 ipsa
1504 1727 1605 1785 die
1642 1727 1929 1785 victorias

274 1823 550 1895 religiosi
609 1823 918 1897 principis
973 1824 1305 1883 Theodosii
1365 1825 1444 1883 de
1506 1825 1782 1898 Eugenio
1840 1830 1930 1896 ty-

271 1934 473 1978 ranno
522 1926 874 1993 reportatas
929 1922 1340 1980 Alexandriae
1397 1924 1711 1981 nuntiatas
1767 1937 1923 1990 esse,

265 2019 613 2090 ipsumque
667 2019 1085 2078 Theodosium
1145 2035 1269 2078 non
1331 2022 1529 2080 multo
1589 2025 1727 2092 post
1793 2036 1922 2094 pro-

260 2119 404 2192 pria
475 2120 654 2172 morte
723 2115 898 2174 vitam
974 2115 1308 2194 ﬁniturum.
1404 2119 1638 2176 Triduo
1720 2121 1927 2176 autem

267 2219 408 2287 post
461 2214 809 2272 discessum
855 2229 1039 2274 suum
1083 2216 1160 2274 de
1206 2223 1406 2274 morte
1448 2217 1700 2276 Joannis
1741 2229 1807 2272 se
1863 2214 1926 2272 in

265 2312 498 2370 itinere
558 2313 858 2370 certiores
911 2328 1046 2371 esse
1102 2314 1294 2372 factos
1347 2312 1462 2389 (2).
1532 2315 1650 2373 Sed
1707 2313 1928 2372 eadem

267 2409 449 2476 haec,
518 2423 680 2482 quae
751 2409 814 2467 in
887 2410 1052 2470 libro
1115 2411 1390 2470 secundo
1460 2411 1928 2471 Rosweidianae

273 2506 666 2566 collectionis
727 2507 916 2566 latino
986 2522 1275 2567 sermone
1335 2510 1642 2582 leguntur,
1709 2522 1928 2582 graece

282 2619 568 2675 expressa
603 2606 733 2662 fere
781 2605 856 2661 ad
904 2605 1166 2664 verbum
1207 2606 1269 2664 in
1314 2607 1582 2666 Historia
1640 2606 1928 2665 Lausiaca

273 2700 534 2760 Palladii
593 2707 859 2767 exstant,
922 2702 1039 2762 hoc
1098 2719 1221 2762 uno
1274 2703 1659 2772 discrimine,
1728 2702 1922 2776 quod,

267 2814 432 2872 quae
477 2805 688 2857 noster
736 2799 869 2871 ipse
899 2809 1193 2873 expertus
1222 2808 1336 2869 est,
1387 2801 1695 2860 Palladius
1741 2816 1777 2858 a
1824 2814 1926 2858 so-

263 2898 383 2954 ciis
437 2903 688 2954 narrata
741 2912 875 2956 esse
927 2898 1136 2956 refert.
1187 2899 1436 2971 Septem
1486 2900 1706 2957 fratres
1750 2911 1928 2971 pere-

263 2993 490 3068 grinos
540 3007 756 3052 omnes
809 2993 997 3052 fuisse
1051 2995 1117 3052 in
1173 2995 1511 3056 solitudine
1555 2995 1807 3062 Nitriae,
1863 3009 1928 3054 se

261 3091 553 3164 quidem,
608 3106 720 3150 nec
771 3106 893 3150 non
933 3093 1184 3152 beatum
1226 3093 1582 3168 Evagrium,
1629 3092 1925 3151 Albinum

260 3193 322 3245 et
351 3189 784 3246 Ammonium.
819 3189 990 3248 Scire
1021 3205 1086 3248 se
1116 3205 1336 3250 omnes
1363 3191 1700 3258 studuisse,
1736 3204 1924 3265 quae-

263 3299 410 3343 nam
454 3285 712 3344 Joannis
763 3288 959 3345 virtus
1010 3293 1190 3354 esset,
1239 3289 1346 3346 sed
1400 3289 1723 3348 dubitasse
1778 3289 1925 3346 Eva-

262 3384 502 3456 grium,
577 3399 654 3442 an
726 3386 985 3444 omnino
1041 3400 1187 3448 eum
1243 3386 1575 3446 convenire
1633 3392 1912 3460 possent.

261 3481 471 3552 Quare
521 3489 775 3554 postero
825 3484 952 3553 die,
1008 3485 1260 3543 occlusa
1317 3485 1494 3551 cella,
1570 3485 1776 3543 solum
1830 3498 1918 3551 se,

267 3580 498 3637 nesciis
528 3580 740 3647 sociis,
771 3581 850 3638 ad
895 3581 1196 3640 Joannem
1247 3582 1311 3640 in
1343 3582 1726 3640 Thebaidem
1779 3595 1923 3654 pro-

262 3677 499 3735 fectum
537 3693 693 3736 esse.
741 3678 943 3748 Quum
990 3693 1139 3738 vero
1187 3680 1267 3738 ab
1297 3694 1375 3738 eo
1419 3693 1708 3738 reversus
1735 3678 1922 3738 sociis

263 3788 400 3832 rem
431 3781 767 3846 narrasset,
825 3783 964 3848 post
1016 3777 1175 3835 duos
1223 3791 1467 3834 menses
1511 3777 1625 3836 hos
1668 3790 1921 3850 quoque

261 3886 448 3929 senes
502 3873 577 3930 ad
634 3873 934 3933 Joannem
993 3874 1254 3942 venisse,
1317 3873 1437 3933 sibi
1496 3880 1704 3933 autem
1771 3887 1918 3930 nar-

270 3983 469 4027 rasse.
524 3970 873 4043 Sequuntur
931 3974 1060 4032 fere
1110 3973 1184 4032 ad
1234 3975 1520 4043 verbum,
1559 3978 1623 4030 ut
1675 3971 1920 4030 monui-

262 4080 433 4132 mus,
481 4066 610 4140 illa,
651 4083 810 4142 quae
853 4071 1042 4130 modo
1089 4085 1166 4130 ex
1213 4071 1379 4129 libro
1434 4070 1708 4129 secundo
1755 4075 1919 4128 retu-

259 4162 455 4222 limus
510 4164 622 4241 (3).
678 4166 1021 4239 Eugenium
1066 4183 1214 4228 vero
1255 4174 1593 4241 tyrannum
1637 4168 1920 4228 Theodo-

256 4261 393 4320 sius
462 4261 631 4336 apud
701 4264 888 4338 Alpes
957 4266 1183 4326 devicit
1254 4280 1417 4326 anno
1490 4268 1603 4326 394
1654 4267 1716 4324 d.
1791 4265 1920 4324 Vlll

259 4358 407 4416 ldus
452 4359 844 4432 Septembris
900 4361 1009 4440 (4).
1047 4364 1090 4422 E
1119 4363 1350 4436 quibus
1386 4363 1720 4437 colligitur,
1768 4363 1920 4422 scri-

257 4462 512 4529 ptorem
561 4457 711 4517 libri
767 4461 1024 4520 secundi
1083 4476 1262 4520 senes
1320 4462 1576 4536 Aegypti
1636 4461 1920 4520 invisisse

331 4730 416 4800 (1)
445 4729 613 4785 Socr.
649 4730 788 4788 Hist.
819 4733 971 4788 Eccl.
1005 4732 1108 4788 lib.
1145 4734 1187 4786 V
1215 4749 1348 4804 cap.
1377 4733 1470 4787 25.

334 4821 415 4887 (2)
461 4817 576 4871 VV.
633 4821 731 4874 PP.
789 4824 984 4879 Rosw.
1040 4821 1141 4877 lib.
1191 4823 1235 4877 ll
1283 4838 1415 4893 cap.
1466 4822 1514 4875 1.
1560 4837 1616 4893 p.
1674 4826 1800 4889 451,
1851 4826 1908 4882 1.

266 4911 590 5074 ‘73)‘Hist.
623 5003 800 5058 Laus.
835 5016 974 5073 cap.
1023 5001 1092 5056 44
1123 5002 1274 5072 Opp.
1307 5003 1517 5058 Meurs.
1549 5000 1586 5060 l.
1622 5002 1662 5056 Ι.
1698 5017 1756 5073 p.
1788 5004 1914 5058 468.

252 5092 625 5253 “araer.
659 5180 800 5236 Hist.
835 5177 994 5239 Eccl.
1037 5177 1140 5233 lib.
1191 5179 1233 5231 V
1264 5194 1396 5250 cap.
1429 5182 1518 5234 24.
1553 5177 1641 5235 Cf.
1677 5180 1915 5236 Baronii

253 5270 478 5326 Annal.
513 5286 569 5325 a.
607 5271 711 5326 394
738 5284 906 5324 num.
937 5269 982 5321 V
1012 5282 1147 5339 sqq.
1175 5267 1275 5324 ed.
1323 5268 1462 5323 Luc.
1494 5270 1555 5325 T.
1598 5269 1665 5324 Vl
1695 5285 1754 5339 p.
1793 5272 1910 5327 145.

252 5357 476 5432 Pleury
513 5359 656 5414 Hist.
693 5356 843 5413 Eccl.
875 5358 933 5411 T.
964 5357 1034 5412 iV
1067 5375 1122 5427 p.
1153 5357 1293 5413 1034

323 5449 410 5520 (5)
453 5450 566 5502 VV.
589 5447 696 5502 PP.
726 5449 928 5502 Rosw.
965 5446 1065 5501 lib.
1097 5447 1144 5501 Il
1175 5461 1306 5518 cap.
1332 5452 1361 5501 7
1398 5462 1458 5518 p.
1490 5447 1616 5511 464,
1649 5452 1694 5501 1.

325 5537 404 5608 (6)
441 5537 588 5593 Hist.
637 5537 812 5592 Laus.
845 5550 986 5608 cap.
1025 5539 1092 5594 53
1124 5535 1273 5608 Opp.
1306 5539 1515 5596 Meurs.
1543 5536 1586 5592 Ι.
1614 5535 1653 5592 l.
1687 5552 1746 5607 p.
1787 5538 1908 5593 503.

329 5627 408 5699 (7)
441 5628 556 5699 Ep.
609 5630 698 5683 51.
752 5625 810 5683 S.
871 5625 1107 5684 Hieron.
1160 5626 1318 5699 Opp.
1378 5625 1474 5684 ed.
1525 5625 1720 5698 Migne
1771 5627 1834 5683 T.
1891 5627 1912 5684 l

2042 454 2211 528 quod
2243 469 2278 512 e
2307 452 2501 511 Nitria
2543 453 2619 510 ad
2650 452 2950 511 Joannem
2991 453 3053 510 in
3105 453 3262 524 Lyco
3312 453 3565 520 fecerat,
3594 468 3692 511 so-

2041 553 2212 616 cium
2248 551 2564 610 habuisse.

2125 651 2408 710 Alterum
2475 648 2758 722 quidem,
2819 649 3160 707 Palladium
3218 648 3458 706 scilicet
3527 649 3691 707 scri-

2044 750 2242 824 ptoris
2290 748 2437 806 libri
2490 746 2746 806 secundi
2799 745 3037 804 socium
3097 747 3158 804 in
3205 745 3425 804 itinere
3475 746 3684 814 fuisse,

2043 849 2203 908 alius
2244 860 2498 921 quoque
2527 845 2714 904 huius
2762 843 2908 902 libri
2946 845 3118 902 locus
3163 845 3554 916 comprobat.
3591 844 3690 902 Le-

2042 948 2248 1020 gimus
2291 945 2482 1009 enim,
2550 943 2950 1017 Apollonium
3003 939 3326 1000 monachis
3382 942 3510 1001 suis
3564 948 3689 1000 tres

2043 1046 2198 1105 dies.
2247 1048 2581 1116 antequam
2626 1041 2896 1114 scriptor
2928 1039 3071 1097 libri
3105 1039 3362 1097 secundi
3407 1054 3549 1096 cum
3592 1054 3688 1098 so-

2043 1143 2160 1202 ciis
2187 1157 2333 1200 eum
2383 1139 2766 1206 convenerit,
2820 1138 3250 1211 praedixisse:
3321 1156 3344 1188 ‹
3399 1141 3536 1209 post
3581 1137 3689 1194 tri-

2044 1243 2239 1300 duum
2296 1240 2620 1298 adfuturos
2675 1243 2799 1295 tres
2843 1237 3064 1294 fratres
3115 1235 3192 1293 de
3240 1233 3691 1306 Hierosolymis

2045 1339 2361 1398 venientes
2415 1334 2523 1413 (5).
2585 1355 2614 1391 υ
2674 1335 2793 1394 Sed
2854 1335 3020 1392 idem
3078 1329 3387 1392 Palladius
3439 1346 3690 1404 quoque

2043 1439 2254 1496 triduo
2285 1440 2425 1493 ante
2473 1448 2656 1492 suum
2713 1433 2827 1502 22
2872 1431 3205 1490 adventum
3237 1431 3318 1488 ab
3357 1428 3689 1502 Apollonio

2042 1536 2433 1610 praedictum
2484 1547 2616 1591 esse
2674 1533 2737 1590 in
2787 1530 3054 1589 Historia
3107 1529 3405 1588 Lausiaca
3461 1528 3686 1586 iisdem

2043 1636 2224 1708 plane
2248 1632 2460 1691 verbis
2501 1636 2714 1689 narrat
2744 1627 2856 1706 (6).
2889 1628 3001 1688 Ubi
3035 1643 3113 1686 ne
3135 1626 3494 1699 ot’fendaris,
3517 1625 3688 1699 quod

2041 1733 2352 1794 Palladius
2409 1730 2641 1788 dicitur
2701 1728 2942 1786 venisse
3000 1724 3472 1797 Hierosolymis.
3534 1724 3685 1782 Nam

2039 1833 2372 1895 Palladius,
2405 1829 2518 1888 etsi
2549 1840 2768 1885 novem
2802 1839 2994 1882 annos
3038 1819 3426 1882 ordinariam
3473 1823 3685 1880 sedem

2039 1932 2102 1990 in
2131 1929 2342 1990 Celliis
2366 1928 2603 1993 ﬁxerat,
2651 1925 2768 1983 hoc
2806 1929 3014 1982 tamen
3049 1921 3186 1993 ipso
3226 1925 3510 1991 tempore
3536 1933 3689 1977 non-

2038 2041 2360 2100 nunquam
2419 2023 2848 2098 peregrinatus
2897 2025 3007 2078 est.
3065 2018 3240 2076 Circa
3291 2030 3523 2074 annum
3569 2015 3686 2074 394

2039 2123 2488 2197 Hierosolymis
2555 2121 2779 2179 adfuit.
2859 2117 3036 2190 Quod
3092 2115 3356 2188 epistola
3427 2113 3679 2178 indicat,

2036 2239 2228 2300 quam
2265 2221 2475 2295 paullo
2509 2224 2649 2278 ante
2691 2219 2765 2278 ad
2806 2216 3174 2290 episcopum
3224 2212 3685 2284 Hierosolymo-

2038 2338 2180 2383 rum
2203 2337 2236 2380 a
2267 2321 2325 2380 S.
2358 2317 2706 2392 Epiphanio
2735 2315 3032 2387 scriptam
3058 2327 3222 2370 anno
3244 2311 3358 2370 394
3377 2311 3433 2368 S.
3472 2309 3685 2368 Hiero-

2038 2437 2263 2496 nymus
2284 2419 2472 2478 latine
2500 2415 2798 2475 reddidit.
2855 2413 3043 2472 Cuius
3074 2411 3137 2469 in
3176 2409 3295 2467 ﬁne
3318 2409 3379 2468 S.
3415 2407 3684 2480 Epipha-

2038 2522 2180 2582 nius
2213 2535 2226 2576 :
2257 2541 2286 2572 (ι
2310 2517 2651 2578 Palladium
2679 2528 2852 2585 vero,
2886 2534 2908 2565 ι
2937 2510 3160 2584 inquit,
3193 2507 3542 2576 «Galatam,
3574 2503 3681 2577 qui

2037 2619 2353 2694 quondam
2387 2615 2567 2674 nobis
2601 2627 2785 2673 carus
2837 2611 2975 2677 fuit,
3013 2615 3073 2666 et
3120 2621 3284 2666 nunc
3325 2602 3681 2663 misericor-

2038 2718 2142 2776 dia
2189 2715 2292 2775 Dei
2333 2714 2589 2787 indiget,
2641 2725 2811 2779 cave,
2860 2709 3005 2782 quia
3051 2704 3332 2777 Origenis
3381 2700 3689 2760 haeresim

2042 2813 2359 2889 praedicat
2398 2817 2458 2869 et
2500 2811 2700 2877 docet,
2737 2823 2813 2866 ne
2845 2808 3002 2865 forte
3050 2805 3295 2876 aliquos
3332 2804 3410 2860 de
3453 2798 3690 2872 populo

2038 2913 2153 2970 tibi
2201 2910 2443 2969 credito
2493 2908 2572 2966 ad
2634 2903 3103 2978 perversitatem
3153 2902 3247 2958 sui
3299 2900 3553 2958 inducat
3593 2911 3688 2955 er-

2039 3009 2204 3070 roris
2260 3005 2370 3083 (7).
2439 3027 2462 3059 ι
2528 3006 2800 3064 Exeunte
2851 3015 3013 3059 anno
3061 3000 3176 3058 394
3239 2995 3323 3074 (8)
3381 2995 3691 3056 Palladius

2035 3108 2336 3166 Joannem
2386 3103 2448 3161 in
2499 3101 2660 3179 Lyco
2711 3096 2942 3164 invisit,
2994 3101 3180 3168 atque
3232 3108 3338 3151 sex
3385 3091 3479 3150 illi
3531 3090 3687 3149 socii

2037 3221 2102 3265 se
2143 3197 2596 3271 Hierosolymis
2631 3197 2871 3256 venisse
2909 3199 3123 3268 aperte
3173 3191 3442 3250 fatentur
3474 3207 3491 3259 ;
3542 3202 3687 3246 nam

2033 3303 2253 3363 Joanni
2329 3318 2344 3360 :
2431 3294 2549 3356 Pro
2615 3292 2892 3361 utilitate,
2967 3291 3280 3364 inquiunt,
3353 3285 3686 3350 animarum

2033 3406 2365 3459 nostrarum
2410 3395 2486 3454 ad
2539 3401 2591 3454 te
2619 3392 2873 3453 venimus
2910 3389 2979 3450 ab
3026 3384 3364 3454 Jerusalem,
3408 3390 3493 3452 ut,
3540 3381 3688 3464 quod

2032 3496 2327 3558 auditione
2379 3509 2788 3572 acceperamus,
2838 3488 2899 3548 id
2953 3502 3303 3548 cerneremus
3339 3479 3524 3542 oculis
3573 3480 3681 3559 (9).

2033 3599 2117 3658 Ex
2187 3596 2440 3670 quibus,
2532 3592 2783 3666 quando
2854 3586 3165 3647 Palladius
3236 3580 3688 3655 Hierosolymis

2033 3695 2244 3757 fuerit.
2273 3701 2333 3752 et
2361 3692 2612 3764 quando
2642 3689 2784 3748 inde
2811 3687 3006 3745 redux
3040 3684 3234 3742 factus
3264 3682 3365 3748 sit,
3399 3685 3678 3753 apparet.

2031 3795 2098 3852 In
2136 3793 2360 3851 eodem
2414 3801 2564 3848 vero
2615 3786 2818 3844 reditu
2877 3779 3329 3852 Hierosolymis
3377 3777 3685 3836 Palladius

2029 3904 2175 3950 cum
2221 3887 2467 3946 duobus
2522 3883 2712 3942 sociis
2752 3879 3152 3954 Apollonium
3183 3889 3434 3948 quoque
3463 3873 3684 3931 invise-

2030 3989 2114 4047 rit
2150 3999 2402 4045 necesse
2452 3988 2564 4042 est.
2612 3983 2764 4041 Nam
2811 3979 3009 4037 altero
3040 3976 3103 4033 in
3145 3971 3551 4032 Palaestinam
3583 3971 3681 4028 iti-

2031 4101 2179 4146 nere
2221 4081 2596 4144 valetudinis
2623 4078 2821 4154 gratia
2848 4077 3052 4136 tribus
3090 4072 3268 4134 annis
3300 4075 3458 4144 post,
3490 4083 3680 4142 quam

2027 4185 2328 4244 Joannem
2382 4181 2445 4240 in
2503 4179 2662 4253 Lyco
2715 4177 3030 4243 inviserat,
3091 4175 3380 4244 suscepto
3432 4181 3555 4226 non
3616 4167 3682 4226 in

2033 4281 2382 4353 Aegyptum
2419 4275 2630 4344 rediit,
2672 4275 2781 4333 sed
2828 4274 2893 4332 in
2933 4267 3293 4342 Bithyniam
3337 4264 3530 4335 venit,
3568 4263 3679 4322 ubi

1950 4417 1996 4472 Β
2029 4378 2366 4452 episcopus
2395 4375 2721 4435 ordinatus
2748 4376 2842 4430 est
2872 4367 3026 4472 (10).

2113 4477 2225 4552 23
2273 4476 2519 4535 Constat
2575 4485 2748 4545 ergo,
2795 4469 3168 4541 scriptorem
3211 4463 3358 4523 libri
3420 4457 3677 4520 secundi

2029 4731 2266 4806 [Patro].
2291 4733 2352 4786 T.
2378 4728 2538 4802 XXII]
2574 4743 2634 4800 p.
2663 4729 2783 4782 527.

2101 4821 2180 4892 (8)
2226 4819 2470 4874 Duobus
2520 4816 2741 4872 scilicet
2790 4811 3103 4870 mensibus
3151 4813 3288 4866 ante
3340 4806 3674 4872 victoriam,

2027 4927 2214 4984 quam
2245 4907 2615 4964 Theoddsius
2645 4907 2705 4961 d.
2756 4904 2867 4960 VIII
2899 4903 2984 4958 ld.
3043 4899 3408 4972 Septembris
3441 4897 3515 4952 de
3568 4897 3676 4952 Eu-

2028 4999 2204 5072 genio
2235 4997 2580 5069 reportavit,
2615 4992 3007 5050 Alcxandriae
3035 4991 3394 5046 nuntiatam.

2099 5089 2176 5159 (9)
2222 5087 2363 5143 Hist.
2415 5085 2595 5140 Laus.
2639 5099 2776 5154 cap.
2830 5085 2900 5137 44
2960 5082 3112 5152 Opp.
3156 5083 3363 5136 Meurs.
3422 5075 3461 5130 l.
3504 5075 3542 5130 l.
3600 5091 3664 5146 p.

2025 5181 2126 5237 473
2161 5196 2174 5244 ;
2209 5176 2317 5230 vv.
2344 5175 2448 5230 PP.
2481 5176 2675 5230 Bosw.
2707 5172 2810 5227 lib.
2847 5171 2892 5226 11
2924 5187 2983 5242 p.
3018 5169 3144 5233 451,
3179 5173 3224 5224 1.

2097 5267 2210 5339 (10)
2247 5265 2387 5319 Hist.
2441 5262 2616 5318 Laus.
2670 5277 2803 5332 cap.
2851 5263 2920 5314 44
2958 5258 3108 5330 Opp.
3167 5258 3374 5312 Meurs.
3427 5254 3466 5309 l.
3508 5253 3548 5309 l.
3597 5269 3664 5324 p.

2023 5359 2146 5414 47‘2.
2179 5353 2590 5409 Tillemontius
2621 5349 2949 5422 (Mémoires
2990 5351 3050 5402 T.
3094 5347 3182 5402 ΧΠ
3211 5361 3270 5417 p.
3302 5344 3426 5409 656,
3471 5345 3528 5414 2)
3573 5359 3675 5398 au-

2025 5427 2236 5510 tumat,
2252 5445 2601 5515 scriptorem
2623 5438 2756 5496 libri
2780 5437 3029 5495 secundi
3053 5435 3434 5508 Apollonium
3467 5447 3674 5490 senem

2024 5538 2161 5594 ante
2190 5547 2416 5588 annum
2465 5529 2568 5586 385
2611 5528 2887 5585 invisisse
2927 5545 2944 5595 ;
2982 5526 3087 5582 sed
3126 5525 3316 5594 locus,
3347 5539 3470 5597 quo
3513 5521 3675 5578 Tille-

2021 5621 2285 5682 montius
2313 5619 2602 5689 innititur,
2634 5635 2671 5678 a
2710 5617 2898 5678 latino
2928 5617 3062 5677 libri
3101 5617 3418 5690 interprete
3456 5626 3672 5711 perpe:
