4080 6208
430 326 501 381 .23
730 296 731 299 ‘
1307 320 1414 377 ss.
1456 316 1935 375 MACARIORUM
1974 292 2309 370 AEGYPTII
2349 313 2438 369 ET
2476 317 2973 381 ALEXANDRINI
3778 333 3847 387 24

433 460 496 513 et
566 468 709 512 cum
772 448 1043 509 Palladio
1092 453 1355 506 exeunte
1398 462 1560 505 anno
1618 448 1730 505 394
1792 445 2079 503 Hieroso-
2115 436 2159 490 A
2193 443 2717 506 monuimus.Sed
2751 452 2914 510 unde
2947 455 3087 514 talis
3117 456 3510 515 necessitudo
3534 456 3844 517 librorum

435 552 621 625 lymis
690 550 753 607 in
810 549 1153 619 Aegyptum
1213 547 1477 618 venisse,
1554 544 2082 617 Apolloniumque

434 665 556 708 una
602 661 745 706 cum
797 660 873 703 eo
927 643 1229 711 invisisse,
1262 650 1321 701 et
1351 657 1385 700 e
1415 657 1680 700 numero
1730 657 1836 698 sex
1884 640 2085 699 socio-

436 760 574 804 rum
621 743 876 801 Palladii
925 741 1133 812 fuisse,
1195 741 1301 813 qui
1354 740 1652 798 Joannem
1708 739 1771 796 in
1801 738 1960 810 Lyco
1991 751 2086 795 se-

434 857 577 900 nem
622 842 928 899 adierunt.
983 839 1099 897 Sed
1155 843 1226 895 ut
1269 839 1384 896 ista
1414 836 1876 911 argumentatio
1921 833 2083 891 iusto

434 940 835 998 fundamento
869 938 1120 1001 nitatur,
1170 950 1269 994 res
1311 936 1515 1008 gravis
1570 932 1939 1007 explicanda
1982 946 2079 989 su-

431 1044 657 1111 perest.
706 1037 891 1094 Multa
942 1035 1109 1093 enim
1157 1035 1361 1106 capita
1406 1033 1553 1091 libri
1587 1031 1867 1097 secundi,
1923 1031 2084 1087 inter

431 1151 591 1208 quae
621 1140 820 1193 totum
854 1133 1009 1191 illud
1060 1133 1136 1189 de
1188 1132 1541 1203 Apollonio,
1582 1145 1779 1203 paene
1821 1129 1897 1187 ad
1947 1141 2080 1185 ver-

432 1236 583 1291 bum
617 1233 680 1290 in
712 1231 978 1289 Historia
1014 1231 1302 1288 Lausiaca
1328 1231 1655 1288 habentur.
1690 1227 1861 1286 Unde
1893 1226 2081 1299 igitur

431 1332 583 1389 haec
622 1329 1012 1387 necessitudo
1040 1324 1070 1384 ‘2

510 1429 726 1498 Quam,
760 1429 810 1485 si
860 1433 1199 1499 utrumque
1235 1426 1466 1483 librum
1499 1430 1784 1483 accurate
1843 1422 2075 1479 exami-

2194 538 2481 608 istorum,
2533 546 2642 617 qui
2682 547 2758 604 de
2801 554 2917 625 24,
2962 553 3217 611 senibus
3248 554 3586 612 Thebaidis
3622 557 3838 615 eadem

2193 638 2413 697 eodem
2460 642 2644 712 plane
2676 647 2864 705 modo
2895 657 3169 717 narrant,
3207 658 3345 709 nata
3378 658 3470 711 est
3494 651 3524 711 ‘2

2274 737 2388 794 Res
2430 753 2575 797 sane
2626 742 2865 815 duplici
2896 751 3132 805 tantum
3168 750 3354 807 modo
3385 749 3685 823 explicari
3719 765 3836 821 po-

2194 838 2330 891 test.
2379 837 2495 894 Aut
2538 839 2707 897 enim
2749 841 2909 901 alter
2946 847 3215 917 scriptor
3246 848 3377 920 ipse
3410 848 3646 906 librum
3694 848 3840 905 alte-

2193 931 2326 988 rius
2354 948 2388 989 e
2418 936 2730 1007 capitibus
2760 940 2885 1000 illis
2914 942 2991 999 de
3021 943 3275 1002 senibus
3304 945 3641 1003 Thebaidis
3669 960 3839 1004 com-

2194 1030 2429 1100 pilavit,
2482 1037 2587 1091 aut
2629 1038 2850 1096 tertius
2880 1040 3133 1112 quidam
3166 1042 3379 1113 spuria
3431 1043 3537 1100 illa
3586 1042 3828 1101 intulit.

2191 1126 2500 1188 Posterius
2563 1134 2744 1191 statui
2811 1137 3052 1209 nequit.
3122 1140 3272 1196 Nam
3344 1139 3611 1197 Historia
3681 1139 3837 1198 Lau-

2191 1228 2354 1287 siaca
2402 1231 2689 1292 codicum
2736 1233 3316 1294 Vindobonensium
3347 1236 3427 1294 ita
3476 1241 3835 1309 comparata

2191 1336 2301 1393 est.
2354 1337 2421 1390 ut
2463 1333 2539 1390 de
2584 1338 2671 1391 tot
2718 1334 3029 1407 capitibus
3058 1334 3294 1407 spuriis
3344 1335 3615 1407 cogitare
3645 1348 3831 1405 pror-

2188 1444 2293 1487 sus
2342 1445 2617 1504 nequeas
2664 1449 2677 1501 ;
2734 1432 2829 1490 sin
2876 1433 3079 1505 capita
3124 1434 3238 1490 ista
3283 1448 3316 1490 e
3361 1433 3628 1490 Historia
3674 1432 3835 1489 Lau-

431 1527 695 1593 naveris,
728 1525 1065 1583 maximam
1097 1538 1231 1582 esse
1263 1523 1561 1581 invenies.
1584 1522 1733 1579 Nam
1761 1535 1921 1593 quae
1945 1518 2077 1577 illic
2185 1528 2350 1586 δίδου
2414 1534 2709 1602 tanquam
2754 1531 2967 1602 spuria
3024 1532 3296 1604 tolleres,
3372 1535 3611 1603 partem
3684 1529 3833 1587 ιίιπί

427 1625 505 1683 de
540 1625 794 1683 senibus
839 1623 1173 1681 Thebaidis
1220 1627 1282 1679 et
1326 1619 1829 1681 circumiacentis
1876 1618 2077 1690 regio-
2185 1626 2487 1699 integram
2540 1626 2949 1686 desiderares.
3009 1628 3190 1686 Liber
3219 1642 3369 1687 vero
3425 1628 3735 1686 secundus
3781 1627 3833 1684 si

430 1722 525 1779 nis
551 1723 863 1793 leguntur,
914 1721 1094 1778 cuius
1122 1720 1377 1792 quidem
1410 1718 1655 1790 generis
1710 1720 1872 1786 sunt,
1914 1729 2074 1788 quae
2111 1785 2149 1799 ﬁ
2183 1725 2388 1797 capita
2435 1726 2549 1783 ista
2588 1725 2666 1784 de
2696 1727 2951 1784 senibus
2982 1727 3313 1784 Thebaidis
3342 1732 3639 1799 tanquam
3681 1740 3833 1798 spu-

425 1820 501 1877 de
530 1819 764 1877 Joanne
806 1819 869 1875 in
927 1818 1104 1890 Lyco,
1153 1818 1377 1875 abbate
1426 1817 1571 1883 Ben,
1626 1815 1874 1873 civitate
1918 1812 2071 1885 Oxy-

427 1917 685 1989 ryncho,
742 1916 1012 1982 Theone,
1078 1915 1430 1987 Apollonio,
1487 1914 1770 1986 Coprete,
1828 1926 1903 1969 ex
1960 1924 2070 1969 ore

425 2014 707 2085 Copretis
776 2014 853 2071 de
917 2013 1312 2081 Patermutio,
1372 2012 1596 2069 abbate
1665 2010 1845 2082 Syro,
1917 2008 2071 2066 Isaia

425 2117 485 2169 et
528 2111 743 2181 Paulo,
796 2111 873 2168 de
924 2111 1307 2182 Pithyrione,
1358 2108 1643 2181 Eulogio,
1702 2107 1938 2179 Apelle,
1996 2120 2070 2163 ex

422 2222 533 2267 ore
600 2208 832 2279 Apellis
874 2209 950 2265 de
1004 2208 1237 2265 Joanne
1286 2207 1584 2279 quodam,
1657 2204 1930 2277 denique
1994 2204 2072 2260 de

423 2305 769 2377 Paphnutio
812 2306 1191 2371 referuntur,
1235 2319 1307 2363 ea
1356 2304 1567 2362 omnia
1615 2310 1740 2360 tam
1785 2306 2072 2360 accurate

423 2403 691 2461 Historia
749 2402 1036 2460 Lausiaca
1093 2402 1509 2467 continentur,
1573 2407 1639 2459 ut
1715 2401 1842 2458 fere
1901 2399 2072 2457 nulla

422 2500 542 2558 nisi
577 2500 753 2558 latini
804 2506 860 2557 et
890 2500 1095 2572 graeci
1129 2499 1448 2557 idiomatis
1491 2497 1843 2556 differentia
1869 2511 2069 2569 appa-

420 2602 574 2655 reat.
620 2598 863 2671 Reliqui
897 2604 1106 2654 autem
1135 2603 1260 2654 tres
1291 2611 1468 2654 senes
1522 2611 1557 2653 e
1610 2595 1863 2668 regione
1915 2595 2070 2651 The-

420 2695 646 2761 baidis,
689 2709 959 2767 quorum
1006 2695 1168 2751 liber
1204 2695 1514 2751 secundus
1552 2693 1933 2751 mentionem
1984 2692 2070 2749 fa-

418 2792 524 2861 cit,
587 2793 713 2852 duo
772 2794 1106 2851 Ammones
1156 2792 1414 2864 scilicet,
1465 2792 1543 2849 de
1585 2791 1816 2864 quibus
1844 2790 2065 2863 capiti-

419 2891 537 2948 bus
582 2890 653 2947 lV
702 2896 762 2948 et
818 2891 943 2948 VIII
996 2895 1305 2960 narratur,
1338 2895 1399 2948 et
1454 2890 1642 2958 Elias,
1685 2889 1749 2946 in
1782 2888 2068 2945 Lausiaca

419 2988 603 3060 plane
638 2987 1037 3047 omittuntur.
1080 2987 1191 3045 Illa
1239 3002 1386 3045 vero
1430 3002 1591 3059 quae
1634 2987 1712 3044 de
1744 2986 1937 3044 Nitria
1985 2985 2068 3043 ei-

419 3102 541 3159 que
587 3086 956 3150 conﬁnibus,
1010 3099 1281 3158 quorum
1336 3101 1369 3142 e
1425 3099 1689 3142 numero
1744 3089 1886 3143 sunt
1934 3097 2070 3140 nar-

421 3184 579 3243 ratio
622 3183 701 3241 de
733 3184 1084 3255 Ammonio,
1120 3183 1402 3255 Evagrio,
1453 3182 1702 3249 Cronio,
1755 3182 1833 3239 de
1876 3182 2069 3238 Maca-

421 3281 554 3347 riis,
602 3282 679 3340 de
720 3282 1022 3339 Ammone
1079 3281 1286 3352 primo
1341 3280 1571 3336 Nitriae
1617 3278 1945 3343 monacho,
1994 3276 2071 3333 de

420 3379 612 3438 Paulo
670 3379 988 3451 Simplice,
1050 3378 1185 3448 ipsa
1223 3391 1475 3448 quoque
1520 3374 1787 3449 regionis
1839 3373 2069 3431 descri-

422 3479 575 3549 ptio,
626 3491 815 3548 porro
849 3490 1007 3547 quae
1050 3475 1129 3531 de
1171 3473 1426 3531 senibus
1482 3472 1911 3540 Alexandriae,
1944 3484 2071 3543 quo

422 3574 691 3645 pertinet
730 3574 946 3630 relatio
1000 3572 1076 3629 de
1134 3571 1374 3628 Isidoro
1428 3574 1486 3627 et
1538 3570 1614 3627 de
1664 3569 1946 3640 Didymo,
2006 3570 2069 3625 in

418 3672 584 3729 libro
604 3670 879 3728 secundo
905 3674 1165 3735 exstant,
1202 3684 1273 3726 ea
1296 3668 1463 3739 apud
1500 3667 1839 3724 Palladium
1889 3667 2069 3737 longe

421 3769 602 3827 aliter
630 3772 688 3825 et
736 3769 934 3825 multo
966 3766 1225 3824 uberius
1257 3764 1723 3823 describuntur.
1779 3764 1945 3821 Idem
1993 3764 2068 3820 de

420 3864 759 3938 Serapione
800 3864 1073 3936 regionis
1131 3864 1475 3922 Arsenoitis
1526 3861 1688 3919 valet
1742 3881 1755 3930 ;
1815 3861 1893 3919 de
1937 3861 2071 3921 Ori-

420 3979 573 4038 gene
604 3978 755 4022 vero
785 3966 843 4020 et
877 3963 1238 4021 Piammone
1288 3961 1596 4020 Palladius
1644 3961 1801 4019 nihil
1842 3960 2058 4018 tradit.

423 4062 505 4119 De
542 4062 767 4119 abbate
797 4061 879 4119 Or
909 4060 1227 4132 quomodo
1257 4064 1541 4117 auctores
1576 4059 1739 4117 inter
1768 4074 1833 4116 se
1883 4057 2072 4115 diffe-

2183 1822 2277 1879 ria
2298 1825 2617 1897 tollantur,
2652 1825 2752 1882 vix
2784 1825 2928 1882 libri
2960 1839 3187 1882 nomen
3220 1825 3465 1882 retinet.

2266 1921 2710 1979 Difﬁcillimum
2766 1921 2956 1995 igitur
3006 1928 3095 1979 est
3138 1923 3214 1980 ad
3255 1922 3661 1992 credendum,
3724 1919 3831 1977 illa

2180 2018 2384 2090 capita
2435 2018 2497 2075 in
2543 2019 2841 2078 alterutro
2886 2021 3070 2086 libro,
3105 2026 3211 2078 aut
3242 2020 3304 2076 in
3334 2024 3622 2091 utroque,
3676 2031 3830 2088 spu-

2182 2115 2275 2174 ria
2330 2130 2483 2174 esse.
2528 2118 2756 2175 Verum
2792 2118 3023 2176 multae
3069 2117 3339 2175 rationes
3368 2117 3723 2180 admonent,
3761 2119 3825 2172 ut

2182 2213 2529 2272 Palladium
2559 2215 2765 2286 ipsum
2809 2231 2843 2273 e
2875 2215 3039 2273 libro
3069 2215 3342 2273 secundo
3372 2229 3443 2271 ea
3477 2218 3827 2271 mutuatum

2181 2326 2315 2370 esse
2345 2318 2403 2370 et
2434 2312 2740 2371 Historiae
2772 2312 3097 2371 Lausiacae
3141 2328 3289 2370 suae
3320 2311 3659 2369 intexuisse
3708 2314 3824 2368 sta-

2179 2416 2446 2468 tuamus.

2260 2508 2538 2565 Primum
2597 2508 2761 2566 enim
2821 2508 3131 2567 Palladius
3190 2507 3524 2565 Historiam
3582 2504 3826 2565 Lausia-

2178 2620 2315 2663 cam
2375 2607 2572 2664 multo
2616 2611 2776 2678 post,
2831 2621 3020 2678 quam
3055 2606 3217 2664 liber
3263 2606 3575 2663 secundus
3628 2604 3832 2662 editus

2178 2709 2291 2769 est,
2353 2704 2642 2775 vulgavit.
2705 2704 2855 2761 Nam
2911 2704 3180 2761 Historia
3230 2702 3518 2761 Lausiaca
3571 2702 3825 2773 prodiit,

2179 2817 2375 2875 quum
2408 2802 2715 2861 Palladius
2767 2822 2797 2856 «
2853 2803 3239 2860 tricesimum
3288 2800 3538 2859 tertium
3599 2813 3827 2855 annum

2180 2906 2388 2972 ageret
2446 2899 2507 2957 in
2560 2901 3029 2958 conversatione
3058 2898 3214 2957 'cum
3264 2897 3559 2955 fratribus
3607 2900 3666 2951 et
3707 2894 3831 2951 vita

2181 2998 2483 3065 solitaria,
2536 2998 2903 3056 vicesimum
2946 3003 3151 3055 autem
3179 2996 3593 3067 episcopatus,
3639 2992 3833 3051 totius

2181 3104 2391 3155 autem
2448 3096 2609 3154 vitae
2654 3097 3242 3169 quinquagesimum
3302 3093 3554 3151 tertium
3601 3088 3721 3167 (1).
3798 3108 3828 3146 ››

2185 3193 2268 3250 Ac
2323 3192 2635 3250 Palladius
2686 3193 2761 3250 ad
2818 3194 3037 3250 fratres
3081 3191 3247 3249 venit
3288 3210 3317 3245 «
3370 3188 3584 3263 viginti
3640 3202 3833 3247 annos

2182 3296 2361 3347 natus
2390 3290 2740 3348 Theodosio
2808 3290 3026 3361 Magno
3058 3289 3287 3347 iterum
3317 3288 3596 3355 consule,
3632 3305 3662 3341 υ
3697 3287 3739 3345 i.
3774 3301 3829 3345 e.

2180 3401 2343 3445 anno
2383 3386 2609 3445 Christi
2660 3389 2774 3445 388
2806 3385 2914 3463 (2).
2964 3387 3165 3456 Quare
3210 3386 3500 3444 Lausiaca
3550 3391 3687 3443 ante
3720 3399 3832 3442 an-

2184 3494 2333 3541 num
2381 3485 2485 3541 421
2550 3499 2673 3542 non
2723 3485 2887 3542 edita
2918 3491 3031 3542 est.
3081 3484 3140 3542 S.
3194 3484 3612 3556 Hieronymus
3655 3494 3828 3549 vero,

2181 3582 2288 3653 qui
2323 3581 2555 3639 librum
2605 3583 2948 3640 secundum
2995 3583 3185 3641 novit.
3231 3588 3519 3640 mortuus
3548 3587 3639 3639 est
3670 3593 3831 3637 anno

2182 3680 2319 3751 420,
2360 3685 2423 3738 et
2452 3680 2723 3747 Ruﬁnus,
2772 3694 2961 3753 quem
3018 3680 3162 3738 libri
3204 3679 3459 3737 secundi
3516 3679 3832 3749 interpre-

2180 3783 2301 3834 tem
2336 3792 2470 3835 esse
2504 3778 2934 3850 probabimus,
2992 3778 3119 3835 iam
3160 3792 3323 3836 anno
3355 3780 3468 3836 410
3511 3776 3672 3835 obiit
3705 3773 3821 3850 (3).

2182 3875 2349 3934 Unde
2404 3876 2640 3935 librum
2686 3876 3032 3935 secundum
3076 3876 3346 3934 Historia
3396 3874 3681 3934 Lausiaca
3733 3885 3832 3928 ae-

2182 3979 2301 4032 tate
2334 3975 2533 4033 multo
2553 3976 2832 4048 priorem
2862 3990 2997 4033 esse
3027 3975 3335 4047 sequitur.

2262 4073 2431 4141 Quod
2491 4075 2541 4131 si
2573 4079 2831 4141 constat,
2866 4071 3163 4130 facillime
3211 4070 3599 4141 intelligitur,
3630 4068 3832 4125 Palla-

420 4162 581 4229 rant,
638 4158 798 4215 infra
851 4162 1224 4229 exponetur.
1280 4157 1576 4230 Epilogus
1613 4155 1883 4228 denique
1944 4169 2069 4227 quo

2197 4169 2355 4228 lium
2400 4171 2617 4227 saltem
2668 4170 2812 4226 libri
2857 4169 3112 4226 secundi
3156 4172 3341 4239 caput
3383 4167 3461 4223 de
3504 4166 3736 4222 Joanne
3766 4164 3829 4221 in

422 4257 584 4315 liber
625 4256 935 4314 secundus
973 4254 1159 4312 ﬁnem
1204 4255 1445 4312 itineris
1494 4252 1874 4326 Aegyptiam.
1923 4266 2071 4309 ηδτ-
2182 4266 2340 4337 Lyco
2389 4267 2780 4338 compilasse.
2831 4266 3051 4322 Totum
3100 4264 3268 4322 enim
3328 4261 3476 4319 libri
3520 4264 3707 4333 caput
3750 4261 3829 4318 de

423 4359 538 4424 rat,
569 4368 694 4412 non
724 4353 931 4411 minus
970 4352 1034 4411 in
1076 4353 1345 4411 Historia
1387 4352 1677 4410 Lausiaca
1716 4348 2057 4421 reperitur.
2178 4362 2411 4421 Joanne
2478 4365 2540 4421 in
2596 4364 2754 4435 Lyco
2806 4362 2994 4420 etiam
3059 4362 3121 4419 in
3196 4360 3464 4418 Historia
3536 4359 3831 4417 Lausiaca

501 4454 587 4511 En
647 4452 1190 4519 necessitudinem,
1249 4466 1408 4525 quae
1464 4451 1627 4507 inter
1676 4449 1912 4507 librum
1971 4461 2071 4505 se-
2106 4482 2150 4534 Β
2184 4476 2378 4533 paene
2412 4456 2524 4527 25
2557 4461 2634 4518 ad
2666 4461 2927 4517 verbum
2960 4464 3160 4517 exstat
3191 4456 3297 4536 (4),
3351 4456 3473 4516 sed
3502 4471 3697 4515 unum
3732 4458 3822 4514 ιο-

421 4551 697 4609 cundum
728 4556 789 4609 et
818 4550 1156 4610 Historiam
1190 4549 1569 4618 Lausiacam,
1603 4561 1789 4619 quam
1823 4544 2075 4604 codices
2181 4574 2346 4627 cum,
2420 4575 2546 4632 quo
2604 4559 2770 4617 liber
2823 4558 3135 4617 secundus
3190 4561 3664 4621 commemorat,
3727 4570 3830 4612 se-

423 4648 934 4708 Vindobonenses
979 4648 1299 4719 exhibent,
1355 4644 1702 4703 intercedit.
1757 4644 1863 4701 His
1903 4642 2071 4699 enim
2183 4662 2352 4730 ptem
2405 4657 2592 4715 simul
2646 4657 2870 4715 fratres
2928 4657 3002 4713 ad
3055 4658 3355 4716 Joannem
3414 4652 3654 4711 venisse
3714 4650 3824 4727 (δ),

422 4749 761 4819 genuinum
832 4745 1157 4803 Lausiacae
1213 4748 1450 4801 textum
1505 4741 1811 4800 contineri
1883 4753 2072 4811 supra

2197 4755 2449 4827 teriptor
2504 4755 2692 4814 huius
2741 4756 2965 4828 capitis
3012 4754 3337 4813 Lausiacae
3380 4748 3655 4809 correxit
3708 4763 3719 4802 :
3774 4764 3831 4804 se

2251 4991 2329 5061 (3)
2359 4989 2689 5052 Tillemont,
2724 4986 3028 5042 Mémoires
3058 4985 3125 5042 T.
3164 4986 3255 5040 XII
3289 4982 3493 5055 p.303.
3528 4984 3657 5040 3l3.
3695 4984 3830 5055 Epi-

2180 5080 2394 5137 stolam
2425 5079 2500 5134 ad
2534 5076 2977 5147 Ctesiphontem
3012 5075 3067 5129 S.
3108 5073 3501 5144 Hieronymus
3533 5089 3691 5129 anno
3719 5074 3823 5127 415

422 5014 552 5055 ram
574 4996 841 5053 redditus
870 5000 975 5061 est,
995 4994 1183 5068 quod,
1214 4994 1264 5048 si
1288 4992 1605 5049 Historiam
1625 4994 1981 5050 Lausiacam
1997 4995 2072 5050 de

424 5088 637 5143 eodem
689 5103 831 5141 sene
880 5084 1222 5151 contuleris,
1255 5083 1421 5137 facile
1470 5083 1776 5152 intelliges.
1834 5084 2071 5139 Ceterae

425 5180 621 5233 autem
647 5175 1217 5257 difﬁcultates,quae
1239 5170 1614 5226 Tillemontio
1646 5170 1804 5227 aliud
1834 5177 2070 5243 tempus

421 5266 644 5322 itineris
685 5262 1033 5336 Aegyptiaci
1080 5261 1343 5316 indicare
1383 5262 1544 5316 visae
1590 5266 1749 5328 sunt,
1790 5260 2070 5317 facillime

420 5355 810 5427 explicantur.

492 5444 568 5515 (1)
630 5441 770 5496 Hist.
816 5442 990 5497 Laus.
1050 5438 1304 5511 prolog.,
1361 5440 1512 5511 Opp.
1566 5440 1777 5494 Meurs.
1829 5438 1867 5493 l.
1924 5438 1961 5495 1.
2005 5457 2064 5511 p.

418 5534 543 5598 340,
579 5532 688 5587 VV.
732 5531 830 5596 PP,
855 5532 1047 5585 Rosw.
1082 5546 1135 5601 p.
1164 5530 1289 5585 706.

492 5625 569 5695 (2)
614 5621 758 5678 Hist.
806 5620 981 5675 Laus.
1013 5634 1146 5692 cap.
1189 5624 1235 5689 l,
1269 5620 1419 5692 Opp.
1452 5620 1657 5675 Meurs.
1713 5616 1751 5673 1.
1784 5616 1823 5673 l.
1864 5633 1928 5692 p.
1964 5621 2069 5676 348

421 5728 561 5773 cum
587 5713 732 5772 nota
754 5709 1004 5771 Meursii.

2180 5170 2491 5241 scripsisse
2522 5167 2773 5221 videtur.
2819 5166 2879 5220 S.
2923 5163 3153 5217 Hieron.
3188 5164 3343 5233 Opp.
3375 5162 3471 5217 ed.
3500 5163 3685 5234 Migne
3702 5162 3759 5214 T.
3802 5161 3822 5214 Ι

2185 5257 2425 5329 [Patro].
2454 5260 2514 5312 T.
2544 5256 2695 5326 XXII]
2723 5253 2906 5309 Praef.
2942 5268 2999 5323 p.
3034 5250 3299 5307 LXXXIX.

2248 5347 2327 5419 (4)
2374 5346 2493 5401 VV.
2559 5346 2659 5399 PP.
2715 5345 2911 5398 Rosw.
2945 5340 3045 5396 lib.
3084 5340 3127 5394 II
3168 5356 3298 5411 cap.
3360 5345 3381 5394 1
3418 5355 3476 5411 p.
3532 5343 3768 5397 449-457
3805 5357 3818 5406 ;

2180 5437 2329 5493 Hist.
2366 5439 2535 5491 Laus.
2567 5450 2697 5504 cap.
2725 5432 2812 5486 44.
2848 5434 2933 5487 45.
2968 5430 3059 5483 46.
3088 5432 3177 5485 47.
3211 5430 3363 5502 Opp.
3395 5432 3600 5486 Meurs.
3630 5428 3667 5485 l.
3701 5430 3815 5501 l.p.

2172 5526 2408 5583 464-485
2418 5568 2430 5580 .

2251 5616 2328 5694 (5)
2360 5613 2606 5673 VV.?P.
2641 5608 2900 5667 Rosw.l.
2934 5608 2972 5664 l.
3005 5626 3060 5683 p.
3100 5609 3224 5677 441,
3263 5612 3307 5663 1.
