4080 6208
199 279 272 333 25
1818 273 1880 332 Vl

2003 277 2049 333 ζ.
3562 277 3633 330 26

195 409 480 482 primum,
542 423 644 462 sea:
694 410 882 483 postea
922 401 1195 462 Joannem
1249 400 1482 476 adiisse,
1538 420 1606 461 ac
1650 400 1760 461 sibi
1803 401 1871 460 de
1900 405 1946 458 Α
1977 405 2236 463 deamus
2286 419 2450 463 nunc
2498 403 2574 462 ad
2619 401 3047 476 gravissimam
3103 417 3258 468 rem,
3312 419 3627 478 quaeren-

199 509 346 561 sorte
371 521 488 560 sua
518 501 730 579 futura
754 521 791 560 a
813 499 1029 560 Joanne
1059 507 1230 560 varia
1275 499 1572 579 praedicta
1612 518 1725 558 esse
1753 498 1866 577 (1).

199 602 368 672 Quae
396 603 721 675 praedicta
753 603 830 659 de
885 601 1154 660 Palladio
1199 601 1422 659 valent.
1476 600 1647 659 Unde
1685 614 1873 672 aper-

200 705 340 758 tum
399 706 513 771 est,
570 700 918 757 Palladium
969 701 1175 771 ipsum
1236 698 1394 756 illud
1473 703 1662 770 caput
1721 697 1869 754 libri

203 798 473 856 secundi
500 803 847 856 mutuatum
896 811 1051 864 esse,
1100 812 1134 854 e
1164 797 1296 854 suis
1343 809 1494 854 vero
1544 795 1676 863 illa,
1710 809 1870 868 quae

211 895 626 953 visitationem
706 895 963 953 Joannis
1037 893 1390 952 accuratius
1459 908 1531 950 ac
1611 892 1872 951 uberius

217 993 542 1065 explicent,
597 992 936 1050 addidisse.
972 991 1123 1050 Nam
1167 990 1356 1050 etiam
1414 991 1564 1048 libri
1614 989 1871 1048 secundi

207 1095 394 1163 caput
418 1091 500 1148 de
525 1089 760 1149 Joanne
794 1091 859 1147 in
894 1090 1050 1162 Lyco
1077 1087 1424 1163 genuinum
1456 1101 1590 1146 esse
1643 1087 1703 1146 S.
1735 1087 1875 1145 Hie-

208 1202 520 1260 ronymus
548 1193 811 1245 testatur
842 1185 898 1254 (2
908 1196 950 1256 ).

284 1285 398 1343 Sin
430 1290 641 1343 autem
670 1284 980 1344 Palladius
1013 1298 1206 1343 unum
1233 1288 1422 1357 caput
1451 1282 1596 1342 libri
1618 1281 1874 1342 secundi

206 1383 362 1441 satis
422 1384 680 1454 longum
742 1383 806 1440 in
867 1382 1204 1441 Historiam
1273 1382 1632 1440 Lausiacam
1697 1395 1872 1440 suam

208 1479 554 1550 transtulit,
603 1479 755 1552 quid
803 1481 1030 1546 obstat,
1085 1479 1238 1552 quin
1291 1485 1351 1537 et
1393 1485 1600 1537 cetera
1645 1479 1871 1552 capita,

210 1593 376 1651 quae
409 1577 666 1651 utrique
697 1577 864 1636 libro
911 1578 1274 1636 communia
1317 1582 1482 1644 sunt,
1530 1579 1610 1634 ab
1653 1577 1876 1634 eodem

207 1676 526 1734 Historiae
604 1675 936 1734 Lausiacae
1035 1677 1268 1733 intexta
1343 1689 1479 1733 esse
1565 1674 1873 1747 dicamus,

1976 507 2091 572 tes,
2140 517 2289 560 num
2349 501 2450 559 hic
2498 501 2706 560 socius
2753 499 3013 558 Palladii
3061 506 3121 559 et
3175 503 3317 560 libri
3367 504 3626 562 secundi

1978 599 2247 672 scriptor
2303 599 2556 659 Ruﬁnus
2610 598 2815 662 fuerit,
2864 613 2976 656 nec
3009 613 3103 656 ne.
3151 599 3322 667 Quod
3372 600 3628 673 quidem

1981 697 2167 754 fuisse
2214 700 2448 770 nequit.
2505 696 2656 753 Nam
2686 709 2874 767 supra
2921 693 3010 772 (3)
3059 697 3466 765 ostendimus,
3514 698 3633 756 Ru-

1979 795 2174 852 ﬁnum
2217 801 2360 868 post
2406 808 2637 851 annum
2691 791 2804 851 385
2860 794 2920 850 in
2973 795 3247 868 Aegypto
3314 809 3435 852 non
3489 810 3628 852 am-

1981 893 2147 966 plius
2183 893 2476 950 adfuisse.
2529 893 2737 963 Neque
2794 891 2857 948 in
2917 891 3112 949 Ruﬁni
3157 892 3358 961 libris,
3421 907 3626 966 neque

1981 990 2045 1048 in
2075 991 2183 1048 illa
2211 989 2619 1056 dissensione,
2662 1003 2823 1062 quae
2855 988 3070 1046 Ruﬁno
3099 1004 3241 1046 cum
3293 989 3353 1048 S.
3412 991 3633 1050 Hiero-

1982 1103 2174 1163 nymo
2197 1087 2334 1155 fuit,
2369 1087 2447 1146 de
2476 1087 2722 1158 itinere,
2773 1086 2942 1159 quod
2987 1091 3252 1144 exeunte
3303 1101 3462 1146 anno
3513 1089 3627 1148 394

1981 1192 2087 1244 aut
2139 1187 2398 1244 omnino
2468 1191 2605 1257 post
2665 1199 2896 1241 annum
2967 1183 3082 1242 385
3148 1184 3212 1242 in
3279 1186 3626 1258 Aegyptum

1981 1283 2348 1356 susceperit,
2400 1282 2745 1355 quidquam
2798 1281 3136 1340 invenitur.
3181 1281 3489 1340 Palladius
3521 1283 3627 1341 de-

1984 1383 2196 1455 nique,
2231 1382 2282 1440 si
2339 1381 2590 1439 Ruﬁnus
2618 1379 2858 1438 itineris
2905 1380 3112 1438 socius
3163 1380 3400 1450 fuisset,
3452 1381 3528 1439 de
3557 1395 3634 1440 eo

1983 1478 2047 1538 in
2079 1479 2348 1536 Historia
2397 1479 2686 1536 Lausiaca
2715 1477 2894 1535 aliter
2941 1491 3090 1535 sane
3131 1477 3512 1550 scripsisset,
3559 1493 3633 1537 ac

1983 1577 2238 1649 scripsit
2267 1576 2377 1652 (4).

2066 1676 2221 1732 Hinc
2272 1675 2460 1747 igitur
2515 1674 2661 1731 satis
2709 1673 3112 1745 perspicuum
3175 1673 3446 1741 videtur,
3513 1675 3638 1733 Ru-

212 1774 580 1847 praecipue,
614 1787 812 1846 quum
844 1773 1173 1841 Palladius,
1234 1779 1300 1831 ut
1342 1773 1560 1831 saltem
1592 1788 1626 1830 e
1673 1773 1878 1844 capite
1907 1761 1948 1816 Β
1987 1774 2178 1830 ﬁnum
2239 1773 2416 1832 illum
2481 1770 2740 1829 Palladii
2793 1770 3034 1828 socium
3083 1776 3143 1828 et
3186 1771 3335 1830 libri
3381 1772 3637 1831 secundi

219 1872 298 1930 de
325 1872 556 1930 Joanne
613 1871 781 1929 haud
829 1871 1022 1930 dubie
1051 1876 1311 1938 constat,
1358 1870 1686 1944 scriptoris
1730 1869 1877 1928 libri

217 1969 472 2028 secundi
502 1970 566 2027 in
623 1969 850 2028 itinere
893 1970 1102 2028 socius
1155 1969 1367 2036 fuerit,
1429 1982 1701 2042 quocum
1756 1982 1878 2026 una

214 2065 675 2139 Hierosolymis
719 2072 996 2125 venerat.

289 2165 454 2237 Ergo
487 2165 819 2237 probabile
865 2169 981 2236 est,
1017 2163 1386 2231 Palladium,
1431 2177 1628 2236 quum
1681 2162 1880 2220 Histo-

215 2262 376 2320 riam
403 2261 767 2320 Lausiacam
800 2262 1129 2334 scriberet,
1161 2261 1369 2333 capita
1393 2261 1501 2319 illa
1519 2262 1598 2319 de
1622 2260 1881 2319 senibus

213 2359 553 2419 Thebaidis
592 2375 624 2416 e
659 2359 824 2418 libro
867 2359 1142 2418 secundo
1172 2359 1236 2417 in
1284 2373 1422 2417 eam
1468 2358 1876 2417 transtulisse.

216 2459 346 2516 lam
376 2471 532 2516 vero
579 2458 761 2515 istam
793 2457 1341 2524 necessitudinem,
1396 2457 1448 2515 si
1480 2457 1698 2515 tertius
1745 2457 1881 2530 qui-

219 2557 368 2614 dam
396 2557 676 2629 capitum
720 2555 1094 2627 compilator
1124 2559 1456 2626 statuatur,
1489 2555 1649 2614 iuste
1684 2555 1883 2626 expli-

227 2655 358 2712 cari
401 2666 518 2711 non
576 2667 781 2725 posse,
843 2667 1033 2726 supra
1082 2653 1376 2711 vidimus.
1418 2651 1622 2720 Quare
1675 2653 1880 2710 solum

224 2757 438 2822 restat,
467 2757 530 2809 ut
558 2757 927 2817 statuamus,
984 2751 1100 2808 ista
1146 2750 1350 2823 capita
1390 2751 1470 2807 ab
1518 2750 1656 2824 ispo
1689 2749 1886 2808 Palla-

219 2849 328 2908 dio
395 2849 725 2906 Lausiacae
784 2849 1018 2906 intexta
1071 2863 1236 2906 esse.
1310 2848 1372 2905 ld
1437 2862 1586 2906 vero
1655 2848 1885 2906 rectius

219 2947 527 3019 explicari
559 2948 800 3019 nequit,
854 2961 1045 3019 quam
1091 2960 1190 3009 eo.
1251 2949 1318 3003 ut
1367 2945 1710 3004 Palladium
1759 2959 1883 3004 non

222 3045 435 3103 solum
511 3044 810 3102 Joannem
889 3044 956 3102 in
1048 3043 1209 3116 Lyco
1284 3048 1344 3100 et
1407 3043 1879 3116 Appollonium,

1987 1871 2359 1943 scriptorem
2409 1883 2532 1927 non
2579 1882 2732 1926 esse.
2780 1867 2955 1936 Quod
2984 1868 3109 1926 alio
3152 1869 3515 1928 ﬁrmissimo
3545 1886 3639 1929 ar-

1987 1974 2282 2042 gumento
2308 1968 2626 2040 probatur.
2687 1965 2972 2038 Legimus
3015 1965 3078 2024 in
3109 1966 3276 2026 libro
3310 1968 3584 2027 secundo
3621 1989 3633 2022 :

1997 2087 2020 2120 ι
2057 2067 2399 2124 Narrabant
2423 2069 2630 2123 autem
2676 2063 2859 2122 nobis
2910 2064 3168 2136 quidam
3198 2079 3273 2123 ex
3323 2065 3630 2139 patribus,

1989 2165 2098 2238 qui
2147 2163 2235 2222 ibi
2299 2163 2382 2234 [in
2427 2161 2658 2234 Galliis]
2711 2167 2909 2234 erant,
2964 2162 3132 2236 quod
3186 2163 3250 2220 in
3296 2165 3452 2223 locis
3503 2165 3636 2223 istis

1990 2263 2116 2321 duo
2170 2261 2419 2320 Macarii
2474 2260 2650 2336 quasi
2704 2259 2828 2318 duo
2879 2260 3037 2318 caeli
3081 2260 3320 2320 lumina
3358 2261 3632 2322 refulsis-

1989 2366 2125 2418 sent
2174 2359 2282 2435 (5).
2322 2379 2346 2411 ι
2388 2358 2541 2430 Ergo
2591 2357 2861 2430 scriptor
2914 2357 3062 2416 libri
3118 2360 3435 2431 Macarios,
3481 2360 3632 2434 qui-

1985 2459 2255 2538 buscum
2286 2470 2352 2515 se
2403 2453 2465 2512 in
2495 2455 2690 2513 Nitria
2720 2462 3032 2514 versatum
3076 2471 3210 2516 esse
3262 2458 3510 2517 Ruﬁnus
3539 2473 3646 2518 su-

1993 2571 2108 2630 pra
2137 2556 2271 2628 ipse
2302 2568 2414 2612 nos
2435 2554 2668 2621 docuit,
2704 2553 2839 2626 ipse
2886 2570 3009 2613 non
3038 2557 3344 2628 cognovit.
3379 2557 3512 2627 Quo
3542 2555 3608 2615 ﬁt
3627 2599 3641 2624 ,

1993 2659 2060 2712 ut
2088 2652 2338 2712 Ruﬁnus
2367 2651 2515 2709 libri
2566 2650 2824 2709 secundi
2854 2653 3126 2724 scriptor
3171 2668 3305 2711 esse
3336 2668 3459 2713 non
3495 2669 3640 2727 pos-

1992 2752 2100 2809 sit.
2141 2751 2350 2822 Neque
2375 2748 2704 2822 Evagrium
2736 2749 2874 2807 eius
2922 2749 3067 2808 libri
3107 2751 3480 2824 scriptorem
3514 2752 3644 2811 exi-

1991 2848 2246 2906 stimare
2275 2847 2438 2913 licet,
2486 2846 2656 2918 quod
2699 2846 3016 2919 quispiam
3062 2848 3319 2907 fortasse
3365 2864 3400 2907 e
3431 2850 3640 2909 verbis

1993 2945 2052 3004 8.
2094 2943 2457 3016 Hieronymi
2483 2957 2672 3015 supra
2702 2943 2904 3001 allatis
2945 2944 3253 3004 conﬁcere
3280 2947 3447 3005 velit.
3481 2947 3632 3005 Nam

1992 3042 2287 3115 Evagrius
2315 3040 2533 3098 itidem
2585 3055 2651 3097 se
2692 3055 2832 3098 cum
2876 3042 3156 3100 Macariis
3205 3050 3640 3102 conversatum

223 3141 303 3199 de
347 3141 586 3214 quibus
613 3142 736 3199 iam
769 3147 942 3200 certo
981 3145 1249 3213 constat,
1279 3139 1390 3200 sed
1436 3147 1678 3199 ceteros
1719 3154 1887 3213 quo-
1921 3136 1960 3163 “
1991 3155 2127 3200 esse
2156 3139 2289 3213 ipse
2317 3143 2573 3198 testatur
2603 3136 2710 3214 (6).

223 3254 348 3313 que
405 3253 628 3297 omnes
677 3239 1017 3298 Thebaidis
1076 3253 1256 3297 senes
1312 3253 1432 3297 una
1491 3253 1634 3296 cum
1687 3238 1886 3311 scrip-

222 3341 364 3394 tore
427 3337 577 3393 libri
631 3336 890 3394 secundi
943 3336 1250 3405 invisisse,
1310 3336 1722 3409 eamdemque
1769 3336 1886 3394 ista

223 3450 349 3492 una
399 3448 548 3492 cum
602 3448 679 3492 eo
727 3440 1058 3507 expertum
1110 3447 1246 3492 esse
1295 3434 1652 3507 Opinemur.
1717 3433 1889 3503 Qua-

222 3538 496 3606 propter
526 3538 764 3604 postea,
808 3547 969 3604 quae
1021 3532 1229 3590 socius
1276 3532 1436 3590 bene
1487 3536 1882 3604 exposuerat,

222 3632 289 3688 in
352 3630 593 3688 librum
640 3643 825 3688 suum
877 3630 1167 3703 recepit;
1218 3644 1379 3703 quae
1410 3643 1559 3689 vero
1607 3629 1889 3702 longiore

2074 3240 2368 3312 Apparet,
2429 3237 2518 3294 uti
2571 3237 3000 3310 probavimus,
3064 3237 3352 3298 Ruﬁnum
3402 3240 3638 3300 librum

1992 3335 2336 3396 secundum
2396 3349 2520 3394 non
2578 3335 3023 3408 composuisse.
3098 3336 3214 3394 Sed
3287 3352 3459 3411 eum,
3519 3339 3636 3398 nisi

1995 3435 2054 3494 8.
2090 3434 2508 3506 Hieronymus
2557 3440 2618 3492 et
2663 3434 2911 3492 codices
2953 3433 3193 3507 antiqui
3244 3438 3503 3496 omnino
3533 3453 3643 3497 er-

1997 3532 2290 3598 raverint,
2324 3532 2542 3589 saltem
2575 3530 2984 3604 interpretem
3032 3532 3180 3591 libri
3224 3548 3359 3592 esse
3390 3551 3642 3596 necesse

1996 3635 2108 3689 est.
2146 3627 2254 3697 27
2295 3631 2492 3703 Atque
2521 3629 2755 3687 librum
2786 3630 2996 3698 istum,
3031 3631 3138 3704 qui
3172 3632 3235 3689 in
3265 3633 3632 3694 collectione

228 3729 621 3788 habitatione
670 3729 806 3802 ipse
853 3728 1080 3786 melius
1108 3742 1298 3800 quam
1333 3725 1544 3785 socius
1571 3741 1892 3800 cognove—
1996 3727 2307 3788 Rosweidi
2391 3727 2688 3786 idiomate
2777 3727 2968 3786 latino
3043 3734 3260 3797 exstat,
3343 3731 3636 3804 primitus

236 3834 354 3893 rat,
400 3826 646 3884 scilicet
689 3840 852 3900 quae
887 3827 965 3884 ad
1014 3840 1192 3884 senes
1232 3825 1400 3884 circa
1452 3825 1887 3884 Alexandriam

1997 3841 2216 3900 graece
2261 3825 2563 3896 scriptum
2611 3820 2821 3897 fuisse,
2875 3825 2927 3882 si
2973 3832 3173 3884 textus
3221 3829 3426 3900 graeci
3477 3830 3646 3902 frag-

235 3929 300 3982 et
323 3923 389 3980 in
443 3923 639 3981 Nitria
688 3923 874 3997 eique
923 3922 1278 3982 conﬁnibus
1325 3923 1677 3982 habitantes
1704 3937 1893 3996 spec-
2000 3928 2206 3981 menta
2248 3937 2284 3980 a
2333 3923 2637 3980 Cotelerio
2675 3923 2919 3994 vulgata
2975 3922 3060 3993 (7)
3113 3929 3220 3981 aut
3268 3925 3643 3999 fragmenta,

241 4026 404 4091 tant,
431 4034 544 4078 suo
571 4022 757 4080 Marte
787 4021 1138 4094 descripsit.
1172 4017 1288 4088 26
1321 4021 1496 4090 Quod
1543 4020 1595 4078 si
1640 4026 1893 4078 conten-

1999 4033 2158 4093 quae
2188 4019 2251 4076 in
2282 4018 2547 4076 Historia
2591 4018 2879 4076 Lausiaca
2933 4020 3314 4078 Meursianae
3345 4021 3642 4080 editionis

242 4116 476 4184 dimus,
536 4119 924 4178 necessitudo
970 4119 1085 4177 ista
1131 4123 1193 4178 te
1247 4118 1521 4191 amplius
1573 4117 1893 4177 offendere
1997 4123 2242 4176 servata
2271 4121 2412 4174 sunt
2466 4116 2569 4186 (8),
2603 4115 2964 4189 contuleris,
3011 4115 3192 4175 facile
3223 4117 3336 4177 tibi
3386 4132 3647 4191 persua-

235 4217 479 4290 nequit.

2000 4214 2200 4272 debis.
2235 4214 2447 4286 itaque
2494 4213 2620 4271 iam
2650 4214 2728 4271 de
2783 4213 3144 4289 interprete,
3195 4231 3344 4274 num
3393 4217 3650 4276 Ruﬁnus

314 4316 536 4388 Itaque
601 4315 1080 4385 necessitudine,
1142 4330 1306 4389 quae
1382 4316 1548 4374 libro
1617 4315 1893 4374 secundo
2000 4311 2081 4370 sit
2109 4327 2222 4370 nec
2247 4326 2346 4385 ne,
2379 4319 2663 4370 accurate
2695 4311 3038 4370 videamus.

231 4413 708 4472 Rosweidianae
757 4413 1149 4473 collectionis
1199 4414 1527 4472 intercedit
1582 4427 1728 4472 cum
1793 4412 1894 4470 Hi-

2083 4409 2168 4467 Ac
2208 4409 2486 4482 primum
2523 4409 2806 4482 quidem,
2852 4410 2998 4482 quai
3032 4409 3098 4468 in
3149 4412 3314 4471 libro
3369 4413 3645 4474 secundo

234 4513 429 4570 storia
489 4512 782 4570 Lausiaca
830 4512 1120 4583 Palladii,
1167 4513 1325 4570 iuste
1379 4510 1707 4584 explicata,
1749 4525 1895 4569 con-
1926 4475 1972 4530 D
2002 4475 2307 4567 Macarius
2365 4475 2837 4580 Alexandrinus,
2872 4475 2999 4580 -qui
3073 4509 3346 4570 Palladio
3397 4513 3647 4571 oculato

234 4610 463 4681 clusio,
537 4611 875 4681 scriptores
946 4611 1173 4668 horum
1250 4609 1560 4668 librorum
1630 4614 1895 4668 exeunte
2002 4611 2155 4664 teste
2199 4605 2262 4663 in
2293 4605 2506 4664 Celliis
2556 4605 2707 4662 vixit
2738 4604 2843 4681 (9),
2897 4605 2960 4663 in
3005 4607 3178 4664 Scete
3208 4607 3518 4667 habitasse
3550 4610 3646 4668 di-

238 4722 404 4765 anno
458 4709 576 4766 39A
629 4708 831 4766 socios
883 4708 1130 4766 itineris
1182 4709 1247 4765 in
1317 4707 1626 4766 Thebaide
1677 4707 1892 4782 fuisse,

2003 4703 2167 4762 citur
2197 4704 2342 4780 (10),
2378 4717 2562 4761 nemo
2594 4702 2944 4771 inducatur,
2976 4709 3040 4761 ut
3064 4709 3311 4773 statuat,
3358 4706 3648 4765 Ruﬁnum

241 4820 364 4864 non
394 4806 718 4873 evertitur,
766 4805 876 4864 sed
907 4819 1286 4879 magnopere
1332 4805 1756 4864 conﬁrmatur.
1787 4806 1898 4864 Re-
2003 4800 2412 4874 interpretem
2453 4814 2577 4859 non
2625 4813 2782 4868 esse,
2817 4801 3055 4874 quippe
3108 4802 3239 4874 qui,
3301 4803 3352 4861 si
3402 4804 3641 4874 fuisset,

322 5041 398 5112 (l)
452 5042 595 5098 Hist.
653 5041 835 5100 Laus.
885 5043 925 5098 l.
975 5043 1015 5098 l.
1072 5043 1224 5116 Opp.
1274 5045 1484 5100 Meurs.
1525 5041 1644 5099 1.1.
1679 5057 1737 5114 ρ.
1770 5044 1901 5099 468-

240 5134 370 5186 472.

308 5221 395 5291 ('2)
423 5221 530 5292 Ep.
561 5223 662 5276 t33
692 5220 769 5276 ad
799 5220 1063 5293 Ctesipb.

311 5311 392 5380 (3)
425 5309 602 5366 Initio
624 5308 805 5364 huius
833 5309 881 5381 ς.

306 5401 389 5470 (4)
422 5399 568 5454 Hist.
602 5398 780 5454 Laus.
815 5414 956 5472 cap.
984 5401 1102 5456 “8.
1142 5402 1258 5455 H9.

309 5491 392 5560 (5)
422 5488 539 5544 VV.
569 5487 674 5542 PP.
703 5489 895 5544 Rosw.
929 5488 1029 5544 lib.
1064 5489 1109 5544 ll
1139 5504 1269 5562 cap.
1308 5487 1378 5542 28
1408 5502 1468 5560 p.
1493 5488 1618 5553 479,
1649 5491 1702 5541 2.

309 5579 391 5649 (6)
417 5576 630 5649 Capita
679 5579 941 5650 practica
967 5577 1044 5634 ad
1094 5577 1434 5636 Anatolium
1487 5580 1575 5634 93.
1626 5578 1713 5634 94.
1757 5574 1902 5633 Gal-

234 5665 403 5736 iana.
436 5665 591 5724 Bibl.
616 5666 723 5724 PP.
745 5669 806 5724 τ.
840 5667 932 5724 vn
956 5682 1020 5741 p.
1047 5671 1178 5727 sos.

2081 5039 2159 5109 (7)
2217 5037 2460 5094 Coteler.
2513 5036 2661 5093 Eccl.
2721 5037 2926 5094 Graec.
2985 5040 3140 5094 Mon.
3182 5041 3244 5096 T.
3293 5041 3363 5095 Ill
3410 5056 3466 5112 p.
3522 5046 3648 5096 171-

2001 5129 2132 5202 ,184.
2163 5142 2306 5198 opp.
2341 5129 2551 5182 Meurs.
2585 5126 2624 5182 l.
2651 5126 2690 5182 l.
2725 5143 2786 5199 p.
2817 5131 2919 5183 639
2944 5145 3078 5200 sqq.

2081 5217 2160 5288 (8)
2187 5216 2365 5272 Multa
2393 5215 2556 5272 enim
2586 5216 2717 5272 libri
2761 5217 2933 5272 istius
2965 5219 3160 5290 capita
3189 5234 3401 5288 graece
3451 5221 3506 5275 in
3558 5223 3654 5278 Hi-

2010 5307 2184 5363 storia
2220 5306 2507 5362 Lausiaca
2535 5305 2670 5378 legi,
2701 5323 2886 5378 supra
2916 5307 2999 5380 (p.
3037 5309 3545 5378 23)ostendimus.

2081 5396 2157 5468 (9)
2189 5396 2331 5450 Hist.
2364 5395 2536 5450 Laus.
2563 5395 2656 5450 ed.
2689 5396 2899 5451 Meurs.
2933 5412 3066 5468 cap.
3120 5401 3180 5452 21
3227 5399 3379 5470 Opp.
3431 5402 3646 5457 Meurs.

2009 5483 2050 5541 l.
2082 5484 2120 5540 l.
2151 5501 2211 5556 p.
2245 5488 2368 5540 336.
2399 5483 2484 5538 Cf.
2517 5483 2670 5540 infra
2700 5487 2891 5557 Caput
2925 5485 3014 5540 lll.

2003 5632 2018 5648 ι
2084 5575 2198 5648 (t0)
2222 5571 2341 5631 VV.
2362 5572 2470 5629 PP.
2501 5574 2697 5630 Rosw.
2723 5573 2826 5631 lib.
2859 5573 2907 5630 Il
2937 5589 3070 5646 cap.
3098 5579 3159 5632 2i
3190 5593 3252 5650 p.
3292 5577 3421 5643 481.
3455 5579 3508 5634 1.
