4094 6208
453 280 521 333 27
1314 268 1413 324 SS.
1456 266 1943 325 MACARIORUM
1987 259 2315 325 AEGYPTII
2355 268 2442 325 ET
2479 268 2977 326 ALEXANDRINI
3792 270 3861 331 28

452 406 638 464 talem
670 415 977 465 errorem.
1011 398 1161 472 quia
1184 412 1329 456 cum
1379 395 1662 455 Macariis
1715 397 1847 469 ipse
1897 411 2101 456 versa-
2129 393 2174 449 A
2286 399 2461 467 Quod
2519 399 2596 456 de
2628 397 2772 456 libri
2806 398 2985 456 istius
3029 399 3371 472 interprete
3403 401 3861 474 disputavimus

454 510 552 562 tus
603 506 715 567 est.
769 499 1164 558 correxisset.
1221 497 1371 554 Nam
1420 509 1598 552 error
1675 495 1765 552 illi
1812 496 2095 553 relationi

455 616 575 659 non
609 600 787 664 inest,
821 610 1019 669 quum
1048 593 1345 652 Macarius
1394 591 1847 649 Alexandrinus
1876 594 2096 650 eodem

455 696 729 756 Palladio
759 700 911 752 teste
952 707 1070 749 non
1114 693 1175 748 in
1229 688 1439 747 Celliis
1468 691 1698 760 solum,
1754 691 1861 747 sed
1913 690 2102 747 inter-

456 796 605 852 dum
663 795 725 850 in
798 793 969 849 Scete
1008 802 1257 861 quoque
1326 786 1646 853 habitarit,
1710 787 1817 845 ubi
1873 786 2097 845 cellam

455 887 814 963 habuit(l).
874 886 1101 944 Deinde
1155 883 1428 951 Ruﬁnus,
1488 884 1629 942 licet
1683 885 1745 942 in
1797 884 2101 957 interpre-

453 989 654 1047 tandis
712 984 889 1043 libris
939 995 1185 1039 summa
1245 996 1389 1039 cum
1452 982 1739 1039 libertate
1790 988 2099 1056 versetur,

453 1087 553 1144 vix
582 1096 854 1155 unquam
881 1087 1087 1139 tamen
1121 1085 1316 1136 artem
1347 1079 1629 1137 criticam
1666 1079 1755 1137 sic
1790 1080 2094 1150 exercuit,

455 1190 519 1241 ut
583 1182 956 1253 scriptorem
1011 1176 1380 1234 emendarit.
1443 1177 1666 1246 Quare,
1728 1178 1779 1235 si
1832 1178 2100 1250 scriptor

450 1284 739 1344 errasset,
799 1276 863 1334 id
912 1291 944 1333 a
997 1274 1214 1333 Ruﬁno
1263 1279 1616 1332 correctum
1661 1290 1795 1333 esse
1849 1275 1949 1332 vix
1996 1290 2100 1333 ex-

450 1374 717 1449 spectari
751 1380 975 1447 posset.
1014 1371 1289 1443 Denique
1334 1386 1484 1429 num
1525 1372 1785 1431 omnino
1815 1372 2097 1444 Ruﬁnus,

452 1474 559 1547 qui
592 1474 651 1531 in
686 1485 931 1531 summa
961 1469 1064 1527 illa
1094 1484 1304 1527 rerum
1358 1470 1847 1541 perturbatione,
1903 1484 2098 1542 quum

454 1571 674 1630 Lucius
726 1568 1064 1627 monachos
1119 1566 1315 1624 eremi
1389 1566 1747 1639 exagitaret.
1803 1567 2101 1625 Macarios

452 1671 515 1729 in
548 1668 740 1727 Nitria
770 1665 1056 1725 convenit
1105 1663 1217 1739 (2),
1277 1663 1353 1721 de
1397 1664 1781 1722 habitatione
1829 1665 2099 1737 singulo-

452 1782 592 1826 rum
656 1769 782 1823 tam
840 1767 1127 1821 accurate
1182 1761 1438 1819 edoctus
1482 1761 1690 1829 fuerit,
1758 1762 2097 1821 admodum

453 1868 653 1938 potest
681 1860 976 1920 dubitari.
1014 1859 1198 1917 Istinc
1228 1858 1416 1930 igitur
1468 1859 1625 1916 nihil
1650 1861 1877 1926 obstat,
1931 1875 2099 1933 quo-

452 1963 661 2020 minus
686 1959 974 2019 Ruﬁnum
1023 1957 1170 2015 libri
1202 1956 1459 2014 secundi
1502 1957 1909 2030 interpretem
1965 1972 2099 2016 esse

455 2062 759 2119 dicamus.

534 2158 659 2215 Iam
692 2167 904 2228 porro,
955 2151 1124 2226 quod
1173 2152 1458 2209 Ruﬁnum
1504 2151 1912 2225 interpretem
1967 2168 2099 2213 esse

453 2255 823 2327 comprobet
867 2256 1115 2323 praeter
1146 2250 1202 2307 S.
1240 2249 1603 2321 Hieronymi
1659 2250 1851 2308 verba
1880 2258 1940 2309 et
1992 2266 2102 2310 co-

454 2355 665 2413 dicum
711 2347 1086 2417 testimonia,
1118 2347 1288 2406 audi.
1320 2344 1387 2404 In
1415 2348 1578 2405 libro
1604 2350 1772 2406 enim
1803 2350 2098 2418 secundo,

452 2452 519 2510 in
547 2451 667 2508 ﬁne
710 2446 1138 2506 narrationum
1194 2444 1272 2502 de
1323 2444 1605 2502 Macariis
1660 2447 1868 2505 locum
1924 2447 2100 2520 legis,

453 2550 625 2623 quia
656 2546 903 2604 nemine
946 2543 1063 2600 nisi
1110 2557 1144 2599 a
1204 2540 1427 2600 Ruﬁno
1478 2544 1747 2616 scriptus
1795 2559 1930 2602 esse
1989 2560 2100 2618 po-

342 2646 349 2651 ’
451 2651 587 2705 test.
626 2644 818 2702 Locus
849 2641 947 2699 hic
1000 2643 1116 2716 28
1146 2644 1279 2697 est:
1318 2657 1347 2693 α
1380 2640 1496 2697 Sed
1527 2644 1586 2697 et
1640 2642 1855 2709 multa,
1902 2648 1967 2700 ut
2010 2643 2103 2700 di-

452 2746 679 2809 ximus,
714 2741 833 2798 alia
859 2739 937 2796 de
976 2737 1277 2811 operibus
1307 2738 1497 2794 sancti
1532 2738 1781 2796 Macarii
1836 2741 2100 2798 Alexan-

448 2842 614 2901 drini
649 2837 963 2898 mirabilia
1011 2836 1318 2906 feruntur,
1377 2850 1451 2892 ex
1507 2835 1739 2908 quibus
1798 2838 2098 2897 nonnulla

450 2941 515 2999 in
571 2937 648 2996 XI
710 2937 874 2994 libro
932 2931 1396 2992 Ecclesiasticae
1476 2932 1785 2991 Historiae
1841 2935 2095 3005 inserta,

452 3037 560 3111 qui
584 3032 868 3108 requirit,
924 3030 1193 3089 inveniet
1240 3026 1350 3106 (3).
1406 3050 1435 3083 ι)
1490 3030 1575 3087 En
1619 3037 1896 3104 apertam
1945 3034 2097 3093 alle-

451 3135 763 3209 gationem
816 3127 1313 3188 Continuationis
1365 3128 1671 3186 Historiae
1722 3130 2099 3190 Ecclesiasti-

439 3248 550 3291 cae
596 3230 870 3299 Eusebii,
922 3241 1110 3300 quam
1159 3227 1497 3297 scripserat
1548 3226 1820 3286 Ruﬁnus.
1877 3229 2095 3302 Neque

446 3344 595 3389 vero
625 3328 764 3386 talis
796 3324 1181 3400 parenthesis
1211 3339 1245 3380 a
1300 3323 1516 3381 Ruﬁno
1571 3325 1908 3398 interprete
1958 3334 2090 3387 tex-

443 3428 534 3486 tui
561 3425 800 3484 adiecta
824 3422 1118 3493 oﬁ‘endat,
1171 3434 1365 3493 quum
1397 3420 1650 3478 Ruﬁnus
1681 3422 1744 3479 in
1775 3424 2092 3496 interpre-

443 3524 649 3585 tandis
680 3521 859 3581 libris
907 3519 1177 3578 maxima
1207 3533 1350 3577 cum
1387 3518 1674 3576 libertate
1727 3521 1959 3578 versari
1997 3536 2092 3580 so-

444 3624 588 3681 leat.
628 3620 716 3680 Ad
743 3618 1281 3679 Continuationem
1313 3622 1519 3673 autem
1558 3614 1738 3673 istam
1772 3625 2087 3690 provocat,

444 3725 507 3778 in
536 3735 661 3793 qua
681 3720 1016 3791 scripserat
1044 3715 1123 3773 de
1153 3714 1420 3772 Macario
1454 3714 1730 3786 haecque
1767 3718 1955 3773 verba
1981 3718 2092 3775 ad-

441 3818 687 3876 diderat
736 3832 748 3873 :
815 3837 837 3868 ¢
876 3812 1107 3873 Verum
1152 3812 1202 3870 si
1255 3812 1646 3884 singulorum
1696 3812 2086 3872 mirabilium

442 3922 608 3991 gesta
668 3918 727 3993 [a
779 3913 1046 3972 Macario
1112 3908 1375 3987 scilicet]
1447 3910 1741 3982 prosequi
1796 3910 2087 3983 velimus,

440 4015 833 4073 excludimur
912 4025 943 4066 a
1024 4009 1345 4079 proposita
1422 4008 1743 4075 brevitate,
1818 4010 2089 4069 maxime

440 4123 584 4168 cum
630 4111 781 4164 haec
828 4104 1250 4160 narrationem
1308 4106 1548 4173 preprii
1603 4105 1834 4164 habere
1878 4108 2090 4180 operis

441 4208 799 4262 mereantur
820 4196 927 4274 (4).
971 4217 997 4250 υ
1040 4197 1127 4253 Ad
1158 4211 1229 4252 ea
1262 4197 1453 4267 igitur
1502 4200 1713 4269 verba,
1766 4204 1921 4276 quin
1984 4204 2090 4263 ille

439 4303 614 4359 locus
635 4299 782 4356 libri
817 4294 1070 4354 secundi
1132 4293 1446 4366 respiciat,
1512 4296 1787 4359 dubitari
1848 4303 2083 4375 nequit.

2208 496 2511 568 praefatio
2568 511 2819 569 quoque
2869 497 3013 554 libri
3050 497 3134 574 (5)
3192 501 3413 557 saltem
3472 501 3858 574 aliquatenus

2208 593 2625 665 comprobare
2655 595 2919 652 videtur.
2960 596 3127 664 Quae
3178 610 3399 669 graece
3432 599 3529 656 bis
3572 600 3853 665 habetur,

2210 697 2268 748 et
2299 692 2362 748 in
2421 710 2446 744 α
2501 692 2812 759 Paradiso,
2853 712 2876 745 ι
2913 693 3094 750 cuius
3132 694 3476 766 fragmenta
3520 698 3863 756 Cotelerius

2209 788 2405 846 edidit
2455 787 2566 865 (6),
2602 794 2661 847 et
2713 790 2777 846 in
2827 790 3039 862 priore
3096 792 3422 863 prooemio
3472 793 3861 852 Meursianae

2208 886 2501 944 editionis
2551 882 2854 945 Historiae
2910 887 3237 946 Lausiacae
3291 886 3401 965 (7).
3462 892 3662 963 Atque
3692 891 3864 949 edita

2212 982 2480 1042 Paradisi
2512 985 2875 1056 fragmenta,
2909 986 3070 1044 inter
3098 1001 3257 1058 quae
3300 987 3488 1045 etiam
3522 989 3859 1060 praefatio,

2208 1082 2355 1140 Satis
2384 1087 2666 1141 accurate
2706 1097 2850 1140 cum
2909 1082 3072 1142 libro
3122 1084 3395 1143 secundo
3453 1085 3854 1144 conveniunt.

2209 1182 2434 1240 Contra
2494 1194 2527 1237 a
2587 1180 2910 1251 prooemio
2958 1181 3080 1239 isto
3134 1182 3514 1240 Meursianae
3561 1182 3857 1241 editionis

2212 1276 2512 1350 praefatio
2544 1277 2815 1336 Paradisi
2847 1284 2909 1336 et
2954 1278 3099 1336 libri
3150 1279 3402 1337 secundi
3436 1280 3602 1338 hisce
3656 1280 3854 1353 gravi-

2212 1377 2327 1434 bus
2353 1375 2665 1447 capitibus
2694 1372 2924 1434 diﬁ’ert.
2976 1375 3092 1433 Ubi
3140 1376 3307 1433 enim
3337 1376 3608 1448 scriptor
3635 1391 3858 1448 prooe-

2212 1473 2321 1531 mii
2376 1487 2443 1531 se
2472 1481 2697 1546 mgatu
2749 1473 2922 1530 Lausi
2976 1474 3312 1545 praepositi
3371 1474 3696 1545 scripsisse
3746 1475 3855 1539 ait,

2210 1570 2298 1628 ibi
2323 1570 2735 1643 praefatioilla
2762 1569 3133 1643 scriptorem
3161 1590 3190 1623 α
3225 1571 3289 1627 in
3308 1572 3571 1642 gratiam
3595 1571 3858 1629 fratrum

2210 1668 2273 1726 in
2330 1673 2540 1726 monte
2599 1667 2815 1726 Oliveti
2903 1668 3435 1726 commanentium
3495 1688 3523 1723 »
3584 1667 3860 1727 scribere

2212 1763 2521 1840 perhibet.
2581 1765 2810 1823 Rursus
2865 1765 3175 1836 prooemii
3230 1765 3500 1838 scriptor
3549 1766 3744 1837 addit,
3796 1780 3860 1823 se

2208 1870 2268 1922 et
2314 1863 2392 1921 de
2426 1862 2801 1920 mulieribus
2832 1863 3173 1932 dicturum,
3224 1864 3395 1936 quod
3447 1868 3655 1922 autem
3684 1877 3862 1935 prae—

2210 1962 2358 2020 fatio
2388 1961 2603 2019 omisit
2633 1978 2647 2027 ;
2683 1974 2887 2034 neque
2939 1961 3104 2019 libro
3148 1961 3423 2019 secundo
3455 1962 3530 2020 de
3583 1963 3860 2020 mulieri-

2210 2061 2327 2117 bus
2380 2059 2724 2131 quidquam
2797 2059 3169 2116 continetur.
3244 2059 3531 2117 Ceterum
3620 2058 3861 2131 praefa-

2210 2156 2445 2215 tionem
2476 2156 2638 2213 inter
2666 2160 2727 2212 et
2791 2156 3184 2228 prooemium
3216 2153 3381 2213 istud
3434 2154 3715 2213 intimam
3749 2171 3856 2213 ne-

2209 2254 2584 2312 cessitudem
2645 2250 2759 2320 29
2835 2268 2991 2325 esse,
3076 2253 3139 2310 in
3219 2258 3437 2325 aperto
3513 2259 3625 2312 est.
3701 2251 3861 2323 Quid

2210 2350 2645 2425 igitur?Num
2703 2351 3097 2424 prooemium
3152 2350 3339 2417 istud,
3390 2365 3468 2408 an
3524 2350 3633 2409 illa
3686 2365 3863 2423 prae-

2214 2451 2287 2507 fat
2301 2449 2361 2508 io
2388 2449 2483 2507 vel
2539 2449 2811 2507 Paradisi
2842 2449 2937 2506 vel
2971 2448 3117 2506 libri
3151 2446 3409 2506 secundi
3442 2449 3620 2522 prius
3673 2448 3860 2506 exsti-

2206 2547 2283 2605 tit
2309 2546 2341 2606 7

2289 2645 2455 2714 Quae
2512 2659 2631 2711 res,
2696 2644 2815 2702 nisi
2897 2646 3054 2704 forte
3124 2645 3452 2704 codicibus
3522 2644 3859 2717 aliquando

2210 2743 2601 2809 decernatur,
2660 2742 2737 2799 ad
2792 2740 3104 2815 liquidum
3158 2746 3261 2801 vix
3336 2742 3736 2816 perducetur.
3794 2741 3856 2799 Si

2211 2855 2357 2899 vero
2406 2840 2783 2898 coniecturis
2833 2840 2922 2899 uti
2981 2841 3146 2901 licet.
3211 2839 3601 2912 prooemium
3657 2842 3856 2896 aetate

2212 2938 2386 3012 prius
2436 2950 2570 2996 esse
2616 2937 2871 2996 dixeris.
2935 2938 3044 2995 Vix
3100 2940 3269 2996 enim
3326 2937 3655 3010 quisquam
3715 2935 3856 2994 loco

2207 3036 2548 3093 verborum
2593 3052 2605 3091 :
2659 3031 2869 3091 librum
2925 3032 2986 3091 in
3028 3033 3281 3110 gratiam
3345 3030 3745 3091 monachorum
3798 3032 3856 3090 in

2206 3136 2387 3191 monte
2437 3129 2641 3190 Olivetz'
2687 3136 3157 3189 commanentium
3186 3135 3459 3209 scriptum
3503 3148 3635 3199 esse,
3668 3132 3852 3190 dedi-

2204 3230 2511 3289 cationem
2560 3232 2633 3287 ad
2689 3229 2950 3287 Lausum
3007 3234 3215 3302 ponet,
3295 3236 3401 3287 aut
3459 3229 3693 3288 librum
3773 3229 3851 3287 de

2204 3328 2576 3386 mulieribus
2621 3341 2874 3400 quoque
2906 3333 3304 3385 narraturum
3361 3342 3493 3385 esse
3542 3327 3694 3385 falso
3738 3327 3847 3385 ad-

2201 3426 2324 3495 det,
2361 3425 2479 3483 nisi
2534 3430 2601 3482 ut
2657 3426 2748 3483 sic
2800 3438 2957 3483 nova
3018 3425 3319 3497 praefatio
3381 3426 3664 3498 prodeat,
3726 3439 3849 3497 qua

2200 3523 2306 3581 alii
2336 3523 2611 3595 cuipiam
2645 3522 2808 3581 libro
2839 3523 3178 3594 praefatur.
3219 3523 3344 3580 [am
3378 3536 3527 3581 vero
3580 3521 3847 3581 Historia

2198 3620 2487 3678 Lausiaca
2566 3619 2906 3692 genuinum
2987 3621 3411 3693 prooemium,
3483 3633 3609 3692 quo
3689 3618 3849 3676 liber

2198 3718 2392 3777 Lauso
2421 3718 2767 3785 dedicatur,
2823 3718 3036 3775 habet.
3076 3719 3279 3788 Quare
3325 3732 3532 3786 nemo,
3593 3721 3658 3775 ut
3704 3718 3849 3775 alte-

2200 3830 2337 3874 rum
2369 3829 2512 3874 cum
2545 3817 2734 3873 altera
2785 3814 2858 3872 ad
2908 3815 3169 3874 Lausum
3203 3816 3595 3875 dedicatione
3652 3814 3847 3872 fabri-

2199 3918 2367 3973 caret
2395 3920 2455 3971 et
2502 3913 2777 3979 adderet,
2822 3913 3117 3985 compelli
3152 3914 3376 3986 potuit.
3438 3915 3646 3986 Neque
3689 3910 3847 3968 alius

2196 4012 2383 4084 liber,
2432 4012 2533 4070 cui
2568 4011 2712 4069 libri
2758 4011 3013 4070 secundi
3046 4011 3346 4083 praefatio
3375 4010 3465 4069 sic
3512 4011 3848 4083 depravata

2200 4109 2455 4182 praeﬁgi
2504 4108 2799 4181 potuerit,
2841 4109 3254 4181 cognoscitur.
3316 4107 3483 4166 Unde
3513 4105 3846 4175 praefatio-

2198 4220 2340 4265 nem
2373 4207 2553 4264 istam
2580 4207 2690 4265 illo
2739 4206 3063 4280 prooemio
3113 4210 3314 4263 aetate
3371 4204 3650 4277 priorem
3708 4216 3845 4260 esse

2199 4318 2421 4378 parum
2444 4304 2787 4363 verisimile
2815 4310 2933 4363 est.

440 4399 671 4469 Neque.
724 4407 919 4467 (illum
971 4391 1337 4463 scripserit:
1376 4409 1405 4445 α
1456 4400 1523 4450 ut
1565 4396 1926 4466 diximus,»
1979 4401 2089 4458 du-
2121 4435 2164 4489 υ
2276 4403 2669 4475 QuaprOpter
2725 4403 2874 4461 haec
2948 4401 3352 4461 coniecerim.
3408 4400 3565 4459 Cum
3646 4396 3843 4456 multa

438 4494 725 4555 bitationi
766 4495 939 4553 locus
985 4491 1387 4565 relinquitur,
1433 4490 1721 4551 Ruﬁnum
1766 4500 1832 4553 ut
1878 4493 2093 4555 Conti-

438 4594 772 4662 nuationis,
808 4593 890 4652 ita
930 4598 990 4651 et
1032 4590 1202 4649 illius
1254 4589 1373 4650 loci
1433 4590 1585 4649 libri
1644 4593 1900 4651 secundi
1957 4609 2092 4653 esse

437 4694 833 4767 scriptorem,
868 4693 1066 4765 ipsius
1122 4694 1331 4746 autem
1376 4688 1521 4747 libri
1567 4689 1822 4747 secundi
1857 4691 1906 4747 si
1967 4707 2091 4751 non

437 4792 836 4863 scriptorem,
868 4797 1074 4849 tamen
1106 4788 1534 4860 interpretem.

513 5017 590 5090 (i)
628 5017 768 5083 Hist,
803 5017 974 5073 Laus.
1004 5017 1041 5071 l.
1080 5019 1117 5070 1.
1141 5031 1200 5087 p.
1233 5014 1356 5070 408.

511 5107 588 5179 (2)
617 5107 807 5161 Ruﬁni
850 5108 989 5161 Hist.
1024 5105 1176 5159 Eccl.
1228 5104 1331 5158 lib.
1382 5105 1425 5158 ll
1455 5119 1590 5174 cap.
1640 5107 1675 5158 4
1704 5104 1799 5159 ed.
1832 5106 2003 5162 Basil.
2040 5105 2088 5165 Ι.

440 5213 494 5268 p.
526 5196 651 5261 242,
684 5196 777 5251 ed.
809 5194 1051 5249 Vallarsi
1079 5210 1135 5261 p.
1167 5196 1254 5255 27,
1280 5193 1462 5263 Migne
1495 5190 1532 5244 l.
1560 5194 1597 5244 l.
1633 5207 1689 5262 p.
1734 5197 1854 5247 511.

513 5288 593 5355 (3)
624 5287 726 5341 VV.
751 5285 854 5340 PP.
893 5286 1084 5338 Rosw.
1126 5280 1232 5337 lib.
1267 5282 1307 5334 ll
1334 5296 1465 5350 cap.
1497 5284 1563 5335 29
1592 5295 1647 5350 p.
1672 5283 1794 5351 482,
1823 5287 1876 5337 2.

514 5376 590 5445 (4)
619 5375 810 5427 Ruﬁn.
845 5373 984 5427 Hist.
1019 5369 1169 5425 Eccl.
1199 5369 1301 5424 lib.
1335 5369 1379 5421 ῐΙ
1407 5384 1543 5440 cap.
1577 5371 1631 5433 4,
1667 5368 1705 5423 l.
1736 5368 1775 5423 l.

512 5466 586 5535 (5)
622 5462 734 5516 VV.
767 5463 867 5515 PP.
902 5463 1089 5514 Rosw.
1118 5474 1176 5528 p.
1213 5460 1337 5512 548.
2040 5486 2047 5493 .

511 5554 591 5625 (6)
612 5550 765 5606 Eccl.
816 5563 1013 5618 graec.
1060 5549 1213 5603 Men.
1259 5546 1298 5599 l.
1347 5547 1430 5610 1.;
1479 5546 1633 5617 Opp.
1681 5545 1898 5604 Meurs.
1942 5550 1986 5607 Ι.
2041 5550 2085 5609 Ι.

438 5658 502 5725 p.
532 5640 635 5701 639
656 5652 791 5713 sqq.

2198 4499 2562 4573 signiﬁcent,
2629 4500 2822 4558 Lauso
2874 4500 3227 4558 dedicatum
3272 4502 3335 4556 et
3391 4496 3733 4554 Heraclidis
3775 4494 3847 4552 li-

2199 4600 2385 4656 brum
2433 4597 2621 4655 fuisse
2676 4596 2787 4673 (8),
2853 4597 3029 4668 quid,
3090 4598 3139 4654 si
3200 4594 3597 4668 prooemium
3654 4592 3843 4663 istud,

2198 4694 2367 4768 quod
2414 4695 2490 4752 ad
2546 4694 2880 4752 Historiam
2940 4693 3292 4752 Lausiacam
3351 4707 3473 4750 non
3528 4690 3843 4762 pertinere

2198 4806 2389 4865 supra
2456 4792 2862 4859 ostendimus,
2944 4804 3167 4865 reapse
3260 4790 3404 4848 libri
3501 4784 3846 4846 Heraclidis

2270 5020 2346 5089 (7)
2375 5020 2525 5091 Opp.
2555 5020 2761 5073 Meurs.
2788 5017 2829 5073 l.
2856 5018 2895 5073 ι.
2921 5034 2980 5090 p.
3012 5022 3114 5074 333
3140 5034 3277 5090 sqq.
3332 5073 3343 5079 -

2269 5108 2346 5179 (8)
2384 5106 2748 5163 Heraclidem
2794 5106 3016 5162 librum
3066 5106 3141 5160 de
3198 5107 3330 5160 vitis
3379 5110 3615 5175 patrum
3659 5105 3840 5157 Lauso

2196 5196 2537 5252 dedicatum
2553 5195 2863 5266 scripsisse
2882 5212 3018 5250 cum
3032 5194 3341 5249 codicibus
3358 5190 3669 5253 Vaticanis,
3688 5204 3841 5262 quos

2197 5301 2379 5357 supra
2400 5285 2827 5350 recensuimus,
2864 5292 2989 5340 tum
3021 5299 3090 5338 eo
3119 5283 3421 5353 probatur,
3445 5280 3611 5353 quod
3640 5280 3698 5333 in
3727 5278 3844 5333 ﬁne

2197 5380 2254 5429 et
2280 5374 2407 5428 libri
2438 5391 2474 5430 a
2504 5374 2818 5430 Rosweido
2850 5374 2963 5429 sub
2999 5370 3322 5427 Heraclidis
3348 5371 3593 5425 nomine
3625 5368 3764 5423 editi
3790 5370 3847 5422 et

2194 5462 2479 5518 Historiae
2512 5463 2832 5519 Lausiacae
2876 5477 2911 5517 a
2942 5462 3189 5518 Meursio
3218 5461 3412 5515 editae
3441 5458 3736 5529 Epilogus
3765 5454 3844 5511 ad

2194 5553 2457 5607 Lausum
2499 5558 2707 5617 exstat,
2762 5554 2867 5625 qui
2910 5552 3224 5607 codicibus
3270 5546 3841 5605 Vindobonensibus

2192 5640 2443 5697 testibus
2455 5640 2535 5699 ad
2564 5640 2889 5701 Historiam
2912 5638 3272 5700 Lausiacam
3300 5654 3423 5696 non
3448 5636 3727 5711 pertinet.
3751 5633 3844 5691 Cf.
