4094 6208
199 291 273 344 29

1804 280 2035 339 VITAE.
3557 294 3627 347 30

206 414 638 489 prooemium,
689 411 1026 471 Heraclidis
1069 426 1217 471 vero
1268 413 1446 471 illum
1497 412 1855 470 habendum
1900 414 1944 465 A
1975 412 2398 471 venerabilem
2448 414 2652 473 virum
2696 414 2822 473 Hor
2878 417 3130 475 nomine
3190 416 3299 495 (4).
3335 440 3364 473 »
3418 420 3629 494 Itaque

206 527 340 571 esse
393 511 644 569 librum
690 510 996 580 dicamus,
1038 522 1166 582 quo
1221 508 1383 568 liber
1438 509 1751 568 secundus
1803 513 1866 567 et

204 610 480 669 Historia
511 608 801 667 Lausiaca
829 607 1181 664 innituntur
1208 605 1239 666 εἴ

289 705 413 775 30
439 706 613 776 Quod
652 706 706 762 si
740 705 983 772 statuis,
1016 699 1415 763 difﬁcultates
1440 719 1660 763 omnes
1686 704 1865 762 facile

210 807 627 878 explicantur.
725 802 1086 860 Heraclides
1180 802 1373 870 enim,
1470 803 1721 862 Ruﬁnus
1806 806 1868 860 et

216 902 532 962 Palladius
580 900 769 958 amici
824 908 884 957 et
935 900 1426 973 Origenistarum
1483 902 1676 959 duces
1733 900 1869 959 fue-

226 1007 369 1057 runt
434 996 542 1073 (l).
604 995 868 1054 Ruﬁnus
943 996 1006 1053 in
1079 1003 1289 1056 monte
1353 997 1571 1056 Oliveti
1642 998 1865 1056 cellam

222 1098 473 1167 habens,
524 1099 594 1153 ut
649 1094 913 1153 leliana
966 1096 1173 1153 coetui
1214 1095 1551 1169 virginum,
1606 1097 1692 1155 ita
1735 1095 1867 1169 ipse

214 1192 677 1266 congregationi
750 1193 1200 1251 monachorum
1274 1194 1543 1265 praefuit
1616 1192 1732 1270 (2).
1820 1194 1869 1250 A

210 1292 449 1365 quibus
478 1295 550 1349 ut
578 1289 815 1348 librum
859 1290 936 1348 de
964 1291 1221 1349 senibus
1256 1297 1664 1366 componeret
1692 1306 1869 1365 roga-

210 1393 334 1461 tus,
383 1403 462 1445 ex
502 1387 846 1446 Heraclidis
892 1388 1079 1445 amici
1128 1389 1293 1448 libro
1342 1404 1504 1464 quae
1548 1390 1669 1448 sibi
1728 1388 1868 1448 usui

209 1490 397 1544 erant
443 1486 756 1557 congessit
803 1491 862 1542 et
906 1500 1020 1544 ore
1066 1486 1259 1545 latino
1310 1486 1527 1546 edidit.
1585 1488 1873 1560 Opuscu-

209 1585 373 1656 lum,
440 1584 613 1656 quod
664 1584 755 1641 sic
811 1584 1204 1654 nascebatur,
1267 1586 1590 1644 monachis
1650 1586 1871 1644 Oliveti

1975 511 2246 584 scriptor
2304 512 2491 569 huius
2549 512 2773 582 capitis
2826 511 2971 571 libri
3021 516 3277 574 secundi
3335 519 3626 577 abbatem

1974 608 2152 678 vidit,
2235 623 2423 681 quem
2508 609 2814 667 Palladius
2888 625 3009 669 non
3088 614 3359 686 amplius
3440 616 3620 674 vidit.

1975 707 2339 779 Quanquam
2379 721 2523 764 eum
2584 721 2705 764 una
2747 722 2891 765 cum
2937 711 3245 782 scriptore
3289 713 3407 771 isto
3450 729 3629 772 senes

1976 804 2311 863 Thebaidis
2360 805 2643 863 invisisse
2696 820 2885 877 supra
2934 809 3342 869 ostendimus.
3407 812 3630 870 Fateor

1976 902 2165 961 huius
2222 902 2480 975 quidem
2540 902 2926 960 difﬁcultatis
2980 906 3387 977 explicandae
3456 910 3629 966 varia

1977 1016 2125 1059 sane
2160 1013 2385 1073 genera
2414 1000 2752 1072 excogitari
2778 996 2887 1067 31
2924 1016 3125 1074 posse.
3165 1003 3281 1061 Sed
3314 1005 3460 1077 quia
3508 1006 3630 1065 Me-

1980 1099 2142 1156 lania
2171 1098 2250 1155 Or
2280 1098 2570 1155 abbatem
2603 1097 2778 1167 adiit,
2807 1099 2884 1156 de
2930 1114 3057 1171 quo
3081 1100 3313 1158 eximia
3357 1102 3631 1163 Palladio

1981 1196 2275 1261 narravit,
2350 1196 2810 1254 verisimillima
2867 1198 3201 1269 explicatio
3273 1200 3426 1258 haec
3501 1215 3635 1259 esse

1981 1293 2248 1365 videtur,
2303 1293 2591 1351 Ruﬁnum
2635 1300 2757 1351 una
2809 1310 2952 1352 cum
2998 1296 3257 1353 Melania
3304 1296 3380 1354 ad
3431 1298 3634 1356 abba-

1980 1398 2105 1449 tem
2136 1391 2217 1449 Or
2246 1406 2379 1448 esse
2430 1389 2805 1463 profectum,
2861 1398 3044 1464 atque
3091 1394 3152 1449 in
3194 1396 3633 1466 componendo

1982 1489 2148 1548 libro
2177 1488 2453 1546 secundo
2486 1488 2594 1545 illa
2641 1489 2716 1546 de
2756 1490 2872 1547 hoc
2903 1504 3050 1548 sene
3085 1506 3200 1549 suo
3246 1493 3435 1550 Marte
3465 1494 3639 1551 addi-

1981 1588 2174 1645 disse.
2236 1587 2359 1643 lam
2420 1601 2570 1644 vero
2628 1587 2848 1645 eadem
2904 1587 2981 1644 de
3039 1588 3265 1647 abbate
3332 1592 3631 1662 narratio,

209 1682 568 1754 inscripsit,
611 1686 818 1754 atque,
866 1682 1014 1754 quia
1055 1683 1343 1741 monachi
1379 1683 1715 1741 muliebria
1747 1698 1872 1741 non
1920 1758 1925 1759 ί
1984 1699 2144 1758 quae
2211 1684 2397 1741 latine
2457 1683 2517 1740 in
2585 1684 2747 1742 libro
2807 1685 3080 1742 secundo
3135 1691 3353 1754 exstat,
3414 1702 3638 1759 graece

212 1784 467 1846 curant,
527 1793 689 1851 quae
743 1778 1103 1837 Heraclides
1154 1780 1231 1837 de
1264 1781 1639 1839 mulieribus
1684 1782 1874 1838 habe-
1913 1758 1949 1812 Β
1986 1796 2237 1855 quoque
2280 1786 2520 1837 servata
2567 1785 2659 1837 est
2711 1780 2873 1838 inter
2925 1782 3233 1853 quaedam
3292 1784 3637 1856 fragmenta

221 1878 359 1944 bat,
413 1876 642 1935 omisit.
701 1878 748 1935 E
798 1878 1056 1935 senibus
1108 1880 1448 1951 praecipue
1500 1880 1878 1951 Origenistas

216 1975 449 2041 attulit,
508 1980 900 2048 quaprOpter
971 1975 1036 2034 in
1082 1975 1143 2034 S.
1206 1977 1566 2050 Hieronymi
1625 1992 1879 2036 accusa-

216 2072 459 2131 tionem
531 2069 822 2143 incurrit,
884 2073 995 2145 qui
1057 2073 1371 2147 Ruﬁnum,
1430 2089 1627 2147 quum
1699 2074 1877 2148 quasi

215 2184 420 2228 novus
450 2169 619 2227 liber
652 2170 738 2228 ita
762 2171 1070 2244 prodiret,
1110 2178 1434 2230 auctorem
1482 2173 1692 2230 dicere
1741 2172 1880 2230 iure

218 2267 440 2340 aliquo
486 2270 713 2339 potuit.
760 2269 882 2326 Nec
920 2282 1046 2326 non
1075 2270 1430 2328 istiusmodi
1476 2270 1882 2342 compositio-

220 2366 320 2425 nis
354 2367 621 2438 vestigia
648 2367 810 2425 liber
854 2368 1165 2426 secundus
1214 2370 1605 2441 aliquantum
1637 2382 1789 2440 prae
1817 2383 1883 2427 se

222 2466 391 2523 terre
414 2466 695 2522 videtur.

310 2562 433 2619 Isto
480 2562 672 2634 igitur
722 2563 913 2620 modo
956 2562 1351 2621 difﬁcultates
1401 2565 1579 2621 facile
1636 2567 1887 2623 solvun-

237 2666 373 2717 tur.
415 2659 531 2716 Sed
565 2660 617 2717 si
648 2659 756 2717 illa
784 2662 1092 2732 posueris,
1154 2662 1351 2719 Ruﬁni
1392 2663 1627 2720 librum
1672 2669 1738 2720 ut
1774 2677 1886 2721 ore

230 2758 432 2815 latino
456 2758 541 2815 ita
569 2762 632 2816 et
671 2772 894 2830 graeco
933 2759 1209 2816 extitisse
1242 2764 1492 2817 statues.
1534 2760 1710 2829 Quod
1741 2775 1883 2819 cum

224 2855 576 2928 fragmenta
674 2856 964 2913 Cotelerii
1056 2858 1417 2931 postulant,
1519 2864 1649 2916 tum
1737 2858 1886 2915 libri

219 2952 487 3010 secundi
547 2952 825 3010 narratio
888 2953 965 3011 de
1035 2953 1116 3012 Or
1181 2956 1407 3013 abbate
1465 2956 1886 3027 comprobare

224 3051 503 3107 videtur.
560 3049 659 3108 Sic
714 3051 883 3108 enim
943 3053 1253 3110 Palladius
1312 3054 1389 3111 de
1447 3068 1523 3112 eo
1580 3055 1880 3125 scripsit:

1987 1896 2021 1939 a
2042 1880 2348 1939 Cotelerio
2379 1879 2545 1937 edita
2598 1886 2659 1937 et
2689 1879 2754 1936 in
2796 1880 3141 1938 Meursiana
3178 1882 3455 1940 editione
3482 1883 3639 1942 Lau-

1988 1980 2189 2036 siacae
2221 1976 2339 2053 (5).
2388 1978 2583 2050 Unde,
2642 1991 2787 2034 cum
2834 1982 2895 2033 et
2926 1978 3046 2036 alia
3097 1992 3320 2051 graeca
3350 1978 3503 2037 libri
3535 1996 3641 2039 se-

1988 2076 2175 2136 cundi
2206 2076 2552 2149 fragmenta
2602 2074 3034 2147 inveniantur,
3063 2091 3208 2133 eum
3251 2077 3484 2135 librum
3515 2079 3647 2136 exi-

1990 2174 2276 2233 stimabis
2328 2180 2389 2231 et
2416 2174 2603 2231 latine
2647 2179 2707 2230 et
2746 2188 2963 2245 graece
3016 2174 3346 2245 exstitisse,
3377 2182 3446 2233 ut
3498 2177 3638 2235 usui

1990 2286 2356 2346 graecorum
2388 2286 2459 2329 ac
2491 2271 2829 2328 latinorum
2849 2271 3301 2329 monachorum
3341 2272 3646 2332 inservire

1992 2375 2218 2444 posset.
2256 2369 2489 2426 Nomen
2522 2367 2794 2425 Paradisi
2824 2382 3046 2440 graeco
3084 2369 3431 2441 exemplari
3483 2370 3647 2428 indi-

1992 2474 2126 2526 tum
2182 2467 2327 2524 inde
2381 2465 2753 2537 explicatur,
2825 2464 2996 2537 quod
3052 2466 3404 2524 Heraclidis
3453 2467 3643 2541 liber,

1991 2566 2173 2625 cuius
2203 2578 2347 2636 pars
2376 2569 2533 2632 erat,
2571 2561 2900 2621 Paradisus
2932 2563 3273 2636 inscriptus
3302 2564 3439 2622 fuit.

2078 2666 2276 2735 Atque
2306 2662 2458 2718 haec
2486 2660 2878 2718 existimatio
2907 2666 3144 2733 nostra,
3176 2660 3651 2721 Rosweidianae

1997 2762 2112 2820 VV.
2167 2761 2268 2817 PP.
2325 2758 2718 2818 collectionis
2766 2757 3000 2816 librum
3060 2760 3405 2818 secundum
3462 2760 3649 2819 etiam

1996 2872 2216 2933 graece
2258 2856 2554 2927 extitisse,
2606 2856 2895 2914 codicum
2943 2855 3064 2914 ﬁde
3112 2858 3359 2929 egregie
3410 2858 3649 2929 proba-

1997 2962 2118 3015 tur.
2176 2954 2387 3025 Nuper
2440 2953 2609 3011 enim
2667 2952 3127 3010 Montefalconii
3204 2953 3650 3013 bibliothecam

1988 3030 2437 3112 Coislinianam
2461 3048 2678 3119 (Paris.
2718 3051 2867 3107 1715
2897 3049 3034 3122 fol.)
3061 3051 3500 3123 envolvens,p.
3542 3054 3651 3109 138

226 3170 249 3199 ι
300 3150 530 3221 Magno
594 3149 743 3207 huic
800 3156 1012 3207 sancto
1070 3164 1186 3208 suo
1245 3152 1603 3210 testimonio
1664 3152 1887 3209 tribuit
1918 3126 1956 3180 C
1996 3152 2267 3209 indicem
2295 3147 2523 3207 offendi
2552 3147 2699 3205 libri
2733 3146 2964 3220 graeci,
2998 3148 3107 3219 qui
3139 3148 3355 3206 codice
3402 3163 3653 3208 LXXXIII

217 3248 522 3305 virtutem
552 3249 843 3305 universa
886 3248 1271 3321 fraternitas,
1306 3250 1643 3322 praecipue
1672 3256 1881 3307 autem

215 3344 454 3403 ancilla
498 3341 607 3401 Dei
656 3344 941 3418 Melania,
982 3360 1144 3418 quae
1192 3348 1356 3404 hunc
1405 3355 1681 3405 montem
1740 3352 1882 3405 ante

214 3456 319 3500 me
371 3447 469 3499 est
527 3443 822 3514 ingressa.
883 3443 1007 3515 Ego
1050 3445 1221 3502 enim
1269 3458 1415 3502 eum
1474 3460 1597 3503 non
1646 3444 1880 3504 offendi

216 3541 437 3598 vivum
485 3539 598 3616 (3).
647 3561 677 3591 »
727 3540 889 3616 Ergo
929 3542 1011 3600 Or
1041 3542 1236 3600 abbas
1281 3550 1568 3600 mortuus
1599 3543 1739 3613 fuit,
1773 3556 1881 3599 an-

215 3643 477 3711 tequam
526 3638 834 3696 Palladius
881 3652 1061 3696 senes
1107 3639 1442 3698 Thebaidis
1488 3641 1661 3698 adiit.
1698 3641 1884 3698 Liber

216 3750 369 3794 vero
410 3736 727 3793 secundus
784 3735 966 3810 longa
1030 3739 1227 3796 utitur
1286 3740 1665 3805 narratione,
1720 3754 1883 3812 quae

214 3833 477 3906 incipit:
538 3854 567 3887 ‹‹
616 3833 899 3892 Vidimus
947 3842 1008 3893 et
1037 3835 1233 3893 alium
1278 3836 1445 3908 apud
1489 3836 1874 3895 Thebaidem

212 3980 500 4034 Palladii
517 3980 839 4035 Historiam
870 3980 1217 4037 Lausiacam
1247 3982 1329 4037 ad
1357 3981 1573 4036 codicis
1610 3980 1884 4037 Vindobo-

213 4066 434 4122 nensis
444 4068 610 4133 ﬁdem
642 4070 889 4125 breviter
906 4069 1286 4136 delineatam,
1307 4070 1461 4125 infra
1478 4070 1619 4125 huic
1636 4083 1884 4126 nostrae

211 4156 471 4211 editioni
499 4158 781 4213 Historiae
811 4158 1141 4214 Lausiacae
1172 4160 1600 4230 praepositam.
1632 4160 1884 4215 Delibro

210 4260 440 4316 graeco
470 4246 548 4300 ab
582 4246 838 4303 Historia
861 4247 1149 4303 Lausiaca
1175 4249 1432 4313 diverso,
1464 4250 1569 4320 qui
1596 4250 1885 4305 Cotelerio

212 4340 273 4387 et
302 4336 505 4389 Caveo
549 4337 796 4389 testibus
837 4336 899 4389 in
940 4336 1254 4391 codicibus
1288 4353 1437 4391 mss.
1484 4337 1597 4392 sub
1637 4339 1886 4393 nomine

212 4421 549 4478 Heraclidis
574 4430 788 4488 exstat,
824 4440 945 4481 non
978 4427 1121 4481 satis
1150 4431 1525 4497 compertum
1555 4427 1852 4483 habemus
1873 4469 1885 4481 .

210 4513 576 4567 Trithemius
598 4515 657 4569 in
678 4513 833 4570 libro
849 4516 924 4571 de
949 4516 1184 4587 Scriptt.
1210 4514 1365 4571 Eccl.
1390 4531 1451 4568 :«
1468 4516 1806 4571 Heraclides
1823 4559 1838 4583 ,
1859 4539 1888 4571 »

212 4601 443 4673 inquit,
478 4620 507 4651 α
550 4604 704 4658 inter
743 4604 861 4661 alia
903 4605 1141 4676 scripsit
1181 4607 1256 4660 ad
1292 4605 1770 4661 aediﬁcationem
1806 4607 1890 4662 le-

1993 3249 2222 3308 saeculi
2278 3248 2531 3305 circiter
2584 3262 2623 3303 x
2676 3246 3099 3313 continuetur,
3146 3246 3435 3319 inscripti
3483 3244 3643 3304 :’Ie-

1992 3346 2277 3419 ρωνύμον
2309 3344 2337 3400 ἡ
2373 3340 2863 3411 κατ-Ἀἴγυπτον
2894 3349 3329 3413 τῶνμοναχῶν
3363 3342 3639 3414 ἱστορία,

1991 3446 2171 3504 cuius
2194 3444 2400 3517 capita
2429 3458 2573 3500 cum
2604 3442 2769 3501 libro
2800 3442 3071 3500 secundo
3102 3443 3360 3501 omnino
3384 3441 3465 3500 ita
3498 3457 3645 3500 con-

1990 3544 2227 3609 cinunt,
2276 3548 2344 3600 ut
2367 3540 2573 3599 omnis
2602 3539 2910 3599 dubitatio
2946 3540 3221 3599 tollatur.
3268 3540 3331 3598 Id
3362 3540 3533 3613 quod
3558 3539 3639 3605 ei,

1991 3642 2100 3715 qui
2132 3655 2267 3699 rem
2294 3640 2646 3698 accuratius
2676 3638 3147 3705 examinaverit,
3179 3639 3442 3712 planeap
3465 3652 3644 3711 pare-

1993 3740 2085 3797 bit
2110 3738 2220 3813 (6).
2247 3740 2305 3797 S.
2332 3737 2716 3807 Hieronymo
2743 3737 2908 3793 hunc
2926 3735 3159 3793 librum
3180 3735 3332 3793 falso
3355 3734 3639 3799 attribui,

1993 3852 2118 3895 non
2142 3841 2234 3894 est
2261 3835 2429 3907 quod
2460 3834 2752 3905 pluribus
2777 3832 3009 3890 dicam.

2067 3983 2140 4055 (2)
2178 3983 2315 4037 Hist.
2344 3982 2515 4035 Laus.
2543 3979 2638 4034 ed.
2688 3980 2894 4034 Meurs.
2928 3992 3060 4050 cap.
3093 3979 3197 4035 118
3241 3980 3392 4049 Opp.
3432 3978 3641 4032 Meurs.

1993 4072 2033 4129 l.
2065 4072 2105 4126 I.
2137 4088 2195 4142 p.
2230 4070 2351 4127 596.
2385 4070 2575 4123 Rufin.
2630 4067 2797 4138 Apol.
2835 4065 3174 4139 [Invectiva]
3206 4068 3261 4121 in
3308 4068 3364 4122 S.
3399 4065 3641 4121 Hieron.

1995 4161 2097 4217 lib.
2116 4161 2160 4215 II
2183 4176 2316 4231 cap.
2339 4162 2391 4225 8,
2409 4160 2560 4229 Opp.
2586 4156 2944 4212 ed.Vallarsi
2970 4172 3024 4226 p.
3048 4155 3396 4225 363,Migne,
3423 4153 3640 4209 Patrol.

1994 4253 2055 4307 T.
2109 4250 2219 4304 XXI
2269 4264 2328 4321 p.
2380 4250 2502 4311 591,
2562 4246 2617 4301 S.
2653 4246 2884 4300 Hieron.
2907 4246 3059 4316 Opp.
3092 4245 3186 4300 ed.
3221 4243 3436 4300 Bened.
3464 4244 3523 4299 T.
3556 4244 3640 4298 IV.

2045 4381 2059 4394 .
2085 4339 2212 4394 420.

1998 4355 2315 4499 p.(ltiijulrliat.
2348 4426 2526 4481 Laus.
2557 4424 2658 4479 ed.
2690 4424 2902 4478 Meurs.
2925 4436 3061 4492 cap.
3099 4425 3182 4487 ll,
3209 4421 3247 4476 l.
3276 4421 3322 4476 I.
3357 4435 3417 4492 p.
3445 4418 3571 4473 369.

2072 4517 2152 4588 (4)
2191 4514 2300 4570 VV.
2332 4515 2435 4569 PP.
2472 4516 2663 4569 Rosw.
2697 4510 2799 4567 lib.
2831 4511 2877 4564 ΙΙ
2908 4526 3040 4581 cap.
3071 4513 3103 4564 2
3129 4526 3190 4582 p.
3222 4512 3345 4574 457,
3379 4513 3431 4563 2.

2073 4606 2149 4679 (5)
2183 4604 2426 4662 Coteler.
2470 4602 2621 4657 Eccl.
2674 4602 2879 4656 Graec.
2940 4601 3093 4653 Mon.
3150 4599 3211 4651 T.
3270 4597 3339 4651 III
3383 4613 3442 4668 p.
3498 4598 3646 4663 159;

212 4692 491 4760 gentium
509 4707 664 4763 opus
680 4693 919 4763 insigne
939 4694 1013 4749 de
1040 4695 1157 4749 vita
1177 4704 1231 4749 et
1263 4695 1715 4750 conversatione
1742 4712 1895 4751 san-
2003 4699 2142 4753 Hist.
2171 4695 2347 4750 Laus.
2374 4692 2448 4749 ed
2477 4694 2689 4747 Meurs.
2719 4688 2760 4744 l.
2792 4688 2830 4744 I.
2865 4704 2924 4760 p.
2953 4688 3077 4743 371.

208 4785 456 4835 ctorum
488 4788 728 4852 patrum
766 4782 828 4837 in
862 4799 1067 4839 eremo
1099 4784 1189 4839 vel
1217 4784 1277 4839 iu
1316 4784 1626 4839 coenobiis
1669 4784 1892 4854 degen_

210 4869 367 4924 tium
399 4870 513 4924 sub
531 4872 758 4940 regula,
776 4872 873 4927 cui
900 4873 1105 4927 titulus
1126 4877 1218 4928 est
1238 4874 1581 4928 Paradisus.
1602 4894 1632 4927 »
1654 4876 1767 4930 Sed
1792 4881 1887 4933 cui

198 4956 374 5013 liber
400 4957 704 5015 dedicatus
737 4962 831 5026 sit,
868 4960 1231 5018 Trithemius
1262 4978 1385 5018 non
1416 4962 1607 5018 addit.
1630 4964 1883 5020 Coteler.

198 5044 381 5103 Eccl.
423 5043 613 5102 Graec.
640 5050 801 5105 Mon.
826 5051 1195 5123 T.Illp.566.
1236 5055 1389 5107 Cave
1407 5052 1883 5123 Scriptt.Eccles,

195 5136 359 5191 Hist.
394 5133 501 5189 litt.
536 5151 580 5191 s.
612 5153 664 5193 v.
712 5140 1085 5197 Heraclides.
1117 5142 1302 5197 Trith.
1343 5141 1417 5197 de
1456 5141 1695 5213 Scriptt.
1728 5142 1881 5200 Eccl.

198 5240 342 5298 cap.
388 5224 571 5281 XCIII.

267 5316 354 5386 (i)
412 5315 663 5373 Palladii
701 5318 857 5376 Dial.
897 5319 973 5375 de
1016 5320 1123 5377 vit.
1168 5322 1225 5377 S.
1273 5320 1522 5378 Joannis
1571 5320 1877 5394 Chrysost.

197 5418 317 5474 cap
352 5404 467 5470 XX,
496 5406 553 5461 S.
588 5407 886 5477 Cbrysost.
928 5411 1078 5481 Opp.
1111 5412 1204 5466 ed.
1253 5411 1630 5467 Montfaucon
1663 5411 1874 5482 (Paris.

204 5494 344 5549 mli
373 5493 541 5566 sqq.)
568 5497 629 5549 Τ.
662 5496 786 5552 XIII
816 5513 881 5568 p.
918 5498 986 5553 76
1031 5515 1187 5573 sqq.,
1234 5500 1510 5557 Galland.
1563 5500 1706 5556 Bibl.
1750 5499 1873 5555 PP.

196 5584 261 5639 Τ.
316 5583 442 5638 VIII
484 5600 551 5656 p.
603 5588 730 5641 320.
772 5587 1105 5657 Tillemont,
1136 5590 1441 5647 Mémoires
1472 5590 1534 5647 Τ.
1572 5590 1672 5646 XI.
1720 5591 1874 5648 Cave

194 5672 450 5746 Scriptt.
474 5676 697 5734 Eccles.
731 5679 871 5735 Hist.
899 5678 1009 5737 litt.
1032 5694 1084 5740 s.
1114 5697 1168 5739 v.
1198 5681 1570 5739 Heraclides.

2070 4784 2151 4857 (6)
2193 4780 2683 4839 Montefalconius
2738 4778 2909 4833 illum
2954 4776 3175 4831 librum
3202 4774 3283 4829 ita
3308 4771 3591 4829 describit
3632 4789 3645 4828 :

2002 4895 2027 4927 α
2071 4874 2211 4930 Cod.
2244 4871 2511 4936 LXXXIII,
2557 4868 2699 4925 olim
2742 4863 3103 4929 CCCXLVIII,
3146 4862 3647 4919 membranaceus

1996 4981 2035 5021 ι
2080 4964 2305 5019 circiter
2338 4959 2580 5024 saeculi,
2614 4957 2890 5013 foliorum
2926 4955 3051 5011 357.
3094 4954 3363 5008 Continet
3400 4967 3469 5007 ea
3491 4966 3647 5023 quae

1996 5056 2389 5125 sequuntur...
2415 5049 2518 5106 fol.
2549 5045 3045 5118 266Ἰερωνύμου
3086 5044 3115 5100 ἠ
3150 5042 3282 5093 κατ’
3322 5042 3645 5111 Αἴγυπτον

1993 5150 2112 5195 τῶν
2151 5146 2451 5213 μοναχῶν
2497 5136 2905 5210 ἱστορία,ἱ.θ.
2939 5128 3645 5187 Historiamonachorum

1987 5235 2035 5287 Α
2046 5231 2431 5303 egyptiorum.
2441 5227 2605 5282 Liber
2618 5225 2963 5295 Hieronymo
2980 5236 3273 5294 perperam
3288 5217 3621 5287 adscriptus
3631 5257 3644 5271 .

1994 5321 2210 5379 Similis
2242 5319 2361 5374 fere
2388 5313 2959 5387 argumentilibrum
2990 5309 3252 5366 Palladio
3274 5306 3647 5377 adscriptum

1987 5410 2218 5467 iamdiu
2246 5415 2455 5464 notum
2485 5406 2621 5461 fecit
2647 5405 2908 5459 Joannes
2961 5397 3267 5466 Meursius,
3316 5397 3378 5451 in
3418 5393 3647 5467 praefa-

1986 5503 2143 5556 tione
2167 5497 2438 5553 videlicet
2470 5495 2547 5550 ad
2569 5494 2918 5550 Lausiacam
2944 5487 3257 5543 Historiam
3280 5525 3296 5553 ,
3311 5485 3475 5558 quod
3493 5499 3647 5557 opus

1982 5603 2266 5660 graecum
2294 5587 2524 5659 primus
2543 5583 2728 5640 edidit
2755 5580 2848 5636 ille
2875 5578 3149 5652 Lugduni
3185 5578 3551 5633 Batavorum
3586 5590 3643 5630 a.

1980 5679 2141 5736 1616.
2164 5676 2287 5748 Est,
2325 5674 2541 5747 inquit,
2578 5672 2643 5729 in
2692 5668 3040 5728 bibliotheca
3078 5667 3208 5725 mea
3232 5663 3497 5723 eiusdem
3520 5676 3643 5721 au-
