4080 6208
494 260 555 315 31
1369 249 1471 305 SS.
1512 244 1997 305 MALARIORUM
2038 246 2372 337 AEGYPTII
2416 252 2503 307 ET
2546 253 3035 310 ALEXANERINI
3832 257 3903 313 32

578 387 788 459 Itaque
828 386 946 442 hoc
975 379 1320 438 obtinuisse
1368 378 1523 435 mihi
1561 377 1797 445 videor,
1854 375 1960 433 illa
1990 376 2221 465 con-A
2252 380 2439 446 cedit,
2490 384 2873 451 coniectura,
2938 382 3280 441 Heraclidis
3341 383 3595 445 fortasse
3664 384 3901 442 librum

492 486 736 561 jectura
806 479 1203 540 difﬁcultates
1260 476 1495 550 optime
1565 475 1772 543 solvi;
1824 490 1982 546 quas
2040 476 2143 532 vix

499 585 617 641 alia
667 582 907 638 ratione
953 584 1076 635 tam
1132 576 1309 633 facile
1368 574 1519 632 solvi
1572 572 1977 631 crediderim.
2040 574 2143 631 Sin

498 689 703 737 autem
764 692 909 734 vera
965 680 1128 741 sunt,
1182 687 1340 745 quae
1398 670 1804 743 conjecimus,
1856 670 2141 727 Ruﬁnum

495 779 904 847 interpretem
941 773 1087 831 libri
1136 769 1390 828 secundi
1424 783 1582 834 esse,
1626 775 1811 840 atque
1837 768 2144 839 quodam-

497 875 685 933 modo
735 878 1052 931 auctorem
1118 869 1240 927 dici
1309 882 1511 940 posse,
1586 867 1792 924 denuo
1853 865 2148 939 intelligi-

498 978 601 1032 tur
633 969 742 1048 (l).

579 1070 697 1129 Sed
766 1066 1152 1138 conjecturas
1228 1063 1569 1134 mittamus,
1650 1065 1837 1133 atque
1894 1076 1968 1118 ex
2045 1059 2144 1130 iis,

496 1182 654 1241 quae
721 1166 797 1222 de
874 1164 1039 1221 libro
1110 1160 1385 1219 secundo
1444 1158 1927 1233 disputavimus,
1986 1172 2147 1230 quae

490 1272 658 1324 certa
706 1266 869 1329 sunt,
933 1262 995 1318 in
1050 1273 1245 1317 unum
1318 1271 1801 1330 componamus.
1861 1255 1943 1313 Ea
2001 1255 2145 1327 qui-

496 1363 641 1421 dem
699 1362 821 1418 huc
874 1358 1157 1416 redeunt.
1218 1356 1487 1413 Graecus
1556 1353 1827 1426 scriptor
1905 1366 2144 1419 rerum,

496 1474 657 1533 quae
715 1459 778 1515 in
842 1456 1007 1513 libro
1059 1453 1334 1512 secundo
1411 1452 1726 1525 leguntur,
1801 1456 1971 1508 certo
2025 1463 2148 1507 non

497 1556 917 1629 cognoscitur.
988 1552 1109 1610 Nec
1164 1552 1366 1609 solum
1434 1550 1597 1607 liber
1648 1548 1979 1613 secundus,
2042 1545 2149 1604 sed

502 1654 688 1713 etiam
742 1666 1001 1725 graecus
1043 1650 1226 1714 liber,
1288 1663 1321 1704 e
1369 1661 1494 1720 quo
1542 1646 1645 1703 ille
1717 1645 2147 1710 hauriebatur,

2254 478 2465 554 fuisse,
2499 496 2531 537 e
2561 496 2686 553 quo
2718 482 2862 538 libri
2890 481 3145 539 secundi
3178 481 3449 554 scriptor
3501 487 3561 539 et
3590 482 3907 540 Palladius

2256 573 2623 635 hauserunt.
2664 579 3057 650 Quantopere
3117 594 3264 637 vero
3306 579 3647 652 optandum
3697 580 3797 651 sit,
3837 586 3909 637 ut

2253 674 2532 747 singulae
2603 676 2763 733 vitae
2822 682 3070 748 patrum
3127 675 3321 734 eremi
3390 678 3714 750 hucusque
3784 691 3905 735 non

2252 772 2475 837 editae,
2518 788 2789 846 quarum
2840 774 3073 832 multos
3102 775 3349 833 codices
3379 788 3637 847 graecos
3686 775 3747 833 in
3801 775 3908 833 bi—

2257 869 2591 930 bliothecis
2630 871 2923 938 vidimus,
2977 886 3091 929 nec
3135 886 3255 930 non
3284 872 3627 931 Heraclidis
3656 872 3911 944 paradi-

2256 981 2383 1033 sus,
2454 968 2724 1026 Historia
2795 969 3085 1027 Lausiaca
3156 970 3411 1027 Palladii
3480 984 3911 1043 graecumque

2259 1063 2410 1121 libri
2462 1066 2718 1123 secundi
2764 1068 2958 1124 nostri
3008 1066 3330 1139 exemplar
3372 1067 3637 1125 edantur
3683 1067 3779 1124 vel
3829 1066 3909 1124 ad

2258 1160 2541 1220 melioris
2585 1162 2727 1221 ﬁdei
2776 1164 3023 1222 codices
3069 1164 3479 1235 excudantur,
3534 1164 3699 1221 unde
3753 1179 3915 1224 nova

2260 1259 2363 1317 lux
2418 1260 2606 1319 huius
2654 1262 3037 1334 quaestionis
3077 1262 3230 1320 oriri
3292 1262 3509 1334 possit,
3569 1261 3748 1320 facile
3804 1276 3917 1335 pa-

2259 1360 2343 1415 tet
2372 1354 2480 1424 (2).

2340 1456 2636 1526 Expedita
2688 1456 2811 1513 iam
2864 1456 2943 1514 de
2996 1456 3160 1514 libro
3218 1456 3493 1515 secundo
3550 1456 3916 1529 quaestione

2259 1553 2336 1610 de
2384 1552 2600 1611 Ruﬁno
2655 1553 2718 1610 id
2767 1554 2971 1611 solum
3017 1559 3203 1612 restat
3259 1555 3662 1621 monendum,
3717 1554 3916 1613 alium

2262 1651 2518 1719 insuper
2566 1650 2797 1708 fontem
2845 1651 3250 1708 historiarum
3296 1650 3374 1708 de
3412 1651 3698 1708 Macariis
3727 1650 3807 1708 ab
3836 1665 3915 1709 eo

501 1751 757 1810 Palladii
816 1750 1151 1807 Historiam
1214 1746 1565 1803 Lausiacam
1628 1749 1826 1802 aetate
1883 1743 2149 1800 multum
2183 1736 2220 1789 Β
2264 1748 2553 1805 relictum
2608 1762 2742 1806 esse
2797 1748 2860 1805 in
2912 1743 3348 1805 Continuatione
3386 1748 3493 1807 illa
3539 1747 3753 1822 operis
3782 1748 3917 1807 Eu—

500 1849 891 1907 antecedunt.
979 1843 1207 1902 Deinde
1287 1857 1321 1900 e
1399 1842 1565 1899 libro
1646 1841 1942 1913 secundo,
2020 1843 2149 1907 aut,

502 1945 673 2019 quod
715 1942 1118 2002 verisimilius
1172 1945 1286 2012 est,
1335 1953 1412 1997 ex
1458 1939 1703 2012 eodem,
1757 1952 1883 2010 quo
1929 1936 1982 1993 is
2012 1940 2153 1993 ute-

499 2045 703 2110 batur,
753 2043 917 2100 fonte
964 2038 1270 2097 Palladius
1311 2052 1405 2104 ea,
1458 2050 1619 2109 quae
1662 2036 1740 2093 ad
1778 2049 1961 2092 senes
1990 2033 2155 2090 The-

502 2140 705 2199 baidis
743 2137 1076 2211 pertinent,
1136 2135 1385 2205 aliaque
1440 2132 1741 2191 nonnulla
1785 2132 1848 2189 in
1899 2128 2159 2188 Lausia-

504 2252 639 2297 cam
669 2250 845 2293 suam
877 2232 1208 2291 transtulit.
1268 2231 1515 2289 Latinus
1545 2230 1815 2303 denique
1842 2226 1956 2297 32
2010 2226 2157 2306 libri

504 2334 761 2393 secundi
820 2332 1130 2403 interpres
1179 2330 1435 2387 Ruﬁnus
1485 2335 1599 2399 est,
1656 2328 1764 2401 qui
1811 2327 2046 2384 librum
2098 2324 2161 2381 in

504 2448 645 2492 eam
688 2432 956 2490 formam
1008 2429 1272 2502 redegit,
1317 2443 1477 2500 quae
1508 2442 1673 2485 nunc
1704 2426 1993 2483 habetur.
2047 2424 2164 2480 Ac-

510 2702 1026 2775 εῑονίεδιήγησις
1063 2706 1354 2774 περὶτῶν
1382 2699 1513 2750 κατ’
1542 2701 1869 2768 Αἴγυπτον
1912 2694 2169 2769 διαλαμ-

509 2797 760 2869 ψάντων
790 2795 988 2865 ἁγίων
1020 2795 1330 2862 πατέρων,
1353 2789 1422 2842 Id
1437 2803 1668 2859 quoque
1688 2803 1854 2854 opus,
1873 2788 2173 2857 siplacere

509 2886 666 2943 hanc
705 2883 1003 2939 Historiae
1046 2881 1371 2935 Lausiacae
1425 2877 1736 2932 editionem
1797 2876 2170 2947 intellexero,

509 2971 945 3032 communicabo
980 2968 1087 3041 [Cf.
1119 2968 1570 3023 annotationem
1600 2970 1865 3019 nostram
1904 2981 2088 3035 supra
2113 2982 2174 3040 ρ.

510 3069 580 3124 14
600 3071 725 3121 not.
765 3064 837 3132 5].
886 3068 971 3115 An
1016 3060 1172 3113 idem
1207 3057 1309 3129 qui
1339 3056 1436 3111 hic
1457 3053 1834 3151 nosternliber
1865 3054 2060 3151 fuerit,
2092 3056 2176 3110 in-
2210 3098 2249 3151 Ο

512 3160 738 3211 certum
772 3156 883 3207 est.
924 3148 1072 3203 Vide
1101 3156 1275 3202 notas
1313 3145 1619 3200 Frontonis
1663 3144 1879 3197 Ducaei
1922 3145 1979 3197 in
2028 3145 2177 3198 Lau-

515 3246 742 3299 siacam
781 3238 1017 3293 Palladii
1052 3240 1214 3290 Tom.
1257 3235 1300 3287 ll
1343 3232 1611 3287 Biblioth.
1650 3232 1889 3285 Patrum
1928 3246 2178 3300 graeco-

510 3314 733 3390 latiuaa.
769 3327 1038 3382 Auctoris
1078 3323 1366 3394 praefatio
1416 3320 1834 3391 praemittitur,
1864 3321 2034 3373 cuius
2071 3322 2179 3375 ini-

513 3422 659 3476 tium
693 3419 842 3472 hoc:
880 3414 1251 3483 Εὐλογητὸς
1294 3412 1318 3461 ὁ
1347 3411 1556 3469 Θεὸςὸ
1590 3408 1782 3460 θέλων
1808 3411 2040 3470 πάντας
2081 3408 2177 3459 ἀν-

515 3511 803 3582 θρώπους
836 3506 1145 3569 σωθῆναι,
1192 3505 1296 3551 καὶ
1338 3499 1427 3560 εἰς
1474 3498 1821 3568 ἐπίγνωσιν
1870 3497 2179 3567 ἡληθείας

514 3595 766 3650 ἕλθεῖν’
822 3597 985 3645 ὁκαὶ
1031 3594 1198 3663 ἡμᾶς
1253 3586 1729 3659 καθοδηγήσας
1784 3585 2020 3645 ἐπὶτὴν
2074 3591 2177 3640 Αἶ-

513 3705 775 3758 γυπτον,
812 3688 921 3735 καὶ
953 3677 1357 3749 δείξαςήμῖν
1388 3676 1638 3749 μεγάλα
1668 3681 1777 3727 καὶ
1820 3677 2177 3747 θαυμαστὰ

514 3780 622 3827 καὶ
677 3780 914 3847 γραφῆς
952 3770 1109 3831 ἄξια
1156 3774 1269 3823 etc.
1306 3768 1340 3821 i.
1384 3782 1434 3820 e.
1468 3765 1824 3821 Benedictus
1862 3764 2036 3831 Deus,
2073 3777 2176 3836 qui

512 3880 709 3920 omnes
735 3862 993 3920 homines
1017 3860 1141 3915 vult
1159 3859 1354 3913 salvos
1371 3856 1515 3924 ﬁeri,
1537 3861 1592 3911 et
1615 3870 1693 3909 an
1718 3855 1983 3910 veritatis
2003 3856 2174 3925 agni-

513 3954 729 4010 tionem
757 3951 971 4008 venire.
997 3948 1109 4015 Qui
1132 3954 1184 4004 et
1208 3947 1383 4002 duxit
1410 3962 1512 4001 nos
1529 3948 1587 3999 in
1607 3945 2175 4015 Aegyptum,ibique

516 4043 681 4098 nobis
710 4040 961 4095 ostendit
989 4054 1205 4107 magna
1236 4043 1283 4089 et
1312 4034 1637 4101 mirabilia,
1675 4036 1952 4088 memoria
1987 4032 2175 4102 scrip-

518 4138 685 4200 taque
703 4131 886 4197 digna
908 4130 1071 4179 Hunc
1098 4126 1315 4178 librum
1345 4121 1710 4190 conscripsit,
1741 4122 1948 4190 inquit,
1974 4136 2175 4192 παρα·

515 4219 784 4277 κληθεὶς
833 4212 1273 4283 συνεχώςῦπό
1313 4218 1427 4268 τῆς
1460 4206 1773 4267 ετὶλαϐοῡς
1822 4204 2171 4277 ἀδελφότη-

515 4326 622 4367 τος
662 4313 776 4365 τῆς
805 4307 861 4355 ἐν
892 4310 974 4372 τῷ
1004 4301 1164 4371 ἁγίῳ
1196 4303 1328 4373 ὄρει
1353 4306 1470 4348 τῶν
1498 4295 1725 4365 ἐλαιων
1757 4294 2173 4367 πολιτευομέ-

516 4417 540 4448 ν
556 4416 585 4453 η
606 4415 645 4459 ς,
679 4394 715 4447 i.
743 4411 792 4445 θ.
816 4395 1157 4462 frequenter
1182 4391 1426 4457 rogatus
1444 4401 1479 4440 α
1502 4383 1778 4451 religiosa
1790 4384 2175 4449 fraternitate

514 4499 665 4557 quae
696 4486 755 4537 in
785 4487 990 4536 sancto
1022 4484 1220 4533 monte
1260 4475 1569 4531 Oliuarum
1611 4480 2011 4527 conservatur.
2038 4474 2174 4528 Des-

517 4575 683 4631 cribit
704 4577 904 4627 autem
928 4572 1075 4623 vitas
1099 4572 1437 4622 sanctorum
1458 4564 1695 4617 Patrum
1721 4563 1965 4616 Joannis
1994 4565 2173 4634 Lyco'

519 4660 1035 4737 politani,abbatis
1065 4659 1159 4720 Or,
1186 4653 1523 4714 Ammonis,
1552 4651 1789 4706 abbatis
1816 4654 2170 4715 Hammona-

516 4755 768 4810 chorum
790 4740 1699 4815 civitatisOxyryuchi,Theonis,
1720 4739 1893 4803 Eliae,
1920 4740 2170 4810 Appollo

519 4845 735 4907 Amun,
767 4836 1046 4907 Copretis,
1064 4831 1427 4893 Patermutii,
1458 4829 1695 4883 abbatis
1711 4830 1914 4892 Surus,
1930 4828 2169 4883 abbatis

520 4930 662 4991 Elle,
697 4925 895 4997 Apelle
924 4924 1193 4987 Joannis,
1222 4917 1913 4990 Paphnutii,Pityrionis,
1941 4918 2170 4987 Eulogii

515 5015 867 5093 presbyteri,
892 5011 1115 5077 lsidori,
1136 5005 1844 5080 Serapionis,Appol|onii
1870 5007 2167 5076 martyris,

519 5105 803 5165 Dioscori,
842 5101 1274 5156 monachorum
1310 5097 1544 5160 Nitriae,
1576 5096 1813 5149 aiterius
1842 5094 2169 5161 Ammonii,

519 5195 762 5252 alterius
797 5190 1028 5261 Didymi
1069 5186 1479 5249 oculatissimi,
1524 5184 1838 5239 Chronidis
1871 5188 1927 5237 et
1958 5199 2170 5238 eorum

516 5286 622 5358 qui
657 5298 790 5337 cum
825 5296 893 5335 eo
911 5282 1105 5341 erant,
1130 5275 1360 5332 Macarii
1387 5274 1679 5344 Aegyptii,
1696 5275 1912 5337 Aman,
1935 5274 2173 5343 Macarii

520 5375 922 5439 cognomento
954 5366 1247 5431 πολιτικοῦ,
1283 5361 1444 5416 Pauli
1478 5361 1780 5431 simplicis,
1812 5365 2171 5425 Amiuonae,

518 5460 846 5518 etloannis.
865 5455 1079 5511 Deinde
1094 5452 1543 5509 enumeratione
1567 5448 1725 5506 facta
1742 5450 2171 5520 periculorum,

516 5550 735 5626 quibus
756 5548 869 5601 hac
898 5546 957 5599 in
983 5541 1442 5615 perigrinatione
1483 5538 1831 5612 perfunctus
1869 5544 1977 5605 est,
2012 5538 2179 5595 clau-

513 5636 723 5715 dit‘fol.
755 5639 881 5703 322,
913 5649 1119 5691 verso.
1158 5651 1187 5685 »

2263 1845 2445 1917 sebii,
2478 1860 2666 1918 quam
2700 1845 2888 1904 modo
2920 1845 3341 1905 laudavimus.

2346 1940 2463 2019 $7.
2524 1943 2594 2000 Et
2645 1944 2797 2001 haec
2853 1944 3112 2017 quidem
3173 1943 3251 2002 de
3307 1942 3547 2003 Ruﬁno.
3612 1944 3786 2002 Nunc
3837 1944 3917 2002 ad

2265 2041 2593 2114 Evagrium
2649 2046 3060 2113 transeamus,
3121 2041 3228 2115 qui
3287 2042 3458 2100 varia
3514 2041 3591 2099 de
3662 2040 3922 2100 senibus

2268 2139 2499 2211 scripta
2529 2138 2805 2211 reliquit,
2854 2138 2918 2196 in
2961 2139 3193 2212 quibus
3223 2138 3301 2197 de
3342 2139 3608 2197 Macario
3653 2145 3747 2196 ter
3788 2143 3927 2196 tan-

2269 2240 2401 2293 tum
2462 2236 2759 2308 loquitur.
2824 2235 2958 2294 Fuit
3006 2235 3060 2294 is
3116 2240 3263 2294 natu
3318 2236 3522 2294 maior
3576 2236 3847 2294 Palladio
3906 2253 3929 2310 ;

2272 2333 2375 2390 hic
2458 2334 2625 2390 enim
2697 2334 2862 2406 apud
2936 2334 3254 2392 Socratem
3324 2332 3497 2391 illius
3574 2333 3930 2406 discipulus

2274 2430 2647 2503 appellatur,
2690 2430 2776 2488 ita
2822 2434 3053 2501 tamen,
3098 2437 3167 2489 ut
3218 2430 3431 2504 paullo
3458 2438 3601 2504 post
3658 2437 3930 2488 mortem

2352 2704 2428 2773 (l)
2480 2702 2811 2758 Tillemont.
2865 2702 3174 2758 Mémoires
3201 2705 3261 2756 T.
3293 2702 3382 2757 Xll
3408 2708 3462 2757 et
3501 2702 3714 2757 iterum
3741 2705 3802 2757 T.
3836 2703 3941 2755 XV

2282 2793 2800 2857 statuit,Rutiuu:n
2821 2790 3035 2846 librum
3061 2793 3385 2847 secundum
3413 2807 3530 2845 non
3547 2793 3789 2845 nomine
3820 2808 3944 2847 suo

2284 2883 2619 2952 scripsisse,
2655 2881 2757 2934 sed
2788 2881 3045 2945 alterius,
3083 2880 3331 2935 Petronii
3361 2879 3580 2933 scilicet
3613 2882 3947 2935 Bononien-

2286 2968 2848 3040 sis‘episcopi,cuius
2865 2968 3067 3023 itineri
3078 2968 3456 3023 describenda
3470 2968 3746 3023 calamun
3760 2983 3946 3023 suum

2284 3060 2698 3114 commodarit.
2730 3059 2934 3112 Nititur
2966 3056 3311 3112 Tillemontii
3344 3057 3782 3125 argumentatio
3808 3056 3951 3110 loco

2287 3149 2593 3211 Gennadii,
2647 3148 2748 3218 qui
2806 3162 2939 3216 cap.
2977 3146 3133 3200 XLI:
3193 3166 3221 3196 (ι
3268 3147 3592 3209 Petronius,
3632 3168 3651 3193 ι
3718 3146 3948 3217 inquit,

2290 3257 2314 3286 ε
2360 3236 2665 3306 scripsisSe
2716 3241 2958 3304 putatur
3012 3234 3155 3287 vitas
3212 3240 3447 3305 patrum
3500 3234 3948 3289 monachorum

2286 3325 2554 3394 Aegypti.
2602 3342 2627 3373 »
2675 3323 2787 3377 Sed
2827 3324 3069 3376 doctum
3119 3324 3313 3377 virum
3340 3339 3569 3378 errasse
3602 3324 3951 3378 dissertatio

2287 3414 2361 3468 de
2416 3415 2531 3468 vita
2576 3411 2848 3472 Petronii,
2896 3427 3053 3479 quae
3113 3418 3226 3466 AA.
3282 3414 3379 3468 SS.
3442 3412 3579 3467 Boll.
3630 3412 3753 3467 Oct.
3795 3410 3859 3465 T.
3894 3413 3951 3466 ll

2288 3517 2345 3571 p.
2370 3501 2471 3554 422
2497 3516 2627 3571 sqq.
2660 3504 2871 3566 exstat,
2904 3514 3040 3569 pag.
3070 3502 3192 3554 428.
3222 3500 3345 3565 4⁸29,
3378 3500 3637 3556 dilucide
3654 3500 3949 3556 ostendit.

2359 3589 2435 3659 (2)
2467 3589 2530 3642 1n
2564 3587 2766 3642 codice
2784 3604 2895 3641 ms.
2927 3587 3953 3660 H831BibliothecaeBurgundicae

2288 3676 2681 3733 Bruxeliensis
2709 3678 2836 3730 Sec.
2862 3676 3028 3743 XVII,
3060 3679 3139 3741 4ο,
3180 3676 3520 3731 invenimus
3543 3683 3889 3750 Διηγήματ
3908 3699 3949 3731 α

2283 3771 2430 3840 περὶ
2469 3774 2575 3817 τοῦ
2622 3763 2771 3837 βίον
2811 3774 2929 3816 τῶν
2982 3765 3185 3835 ἁγίων
3234 3769 3550 3839 πατέρων,
3584 3767 3643 3820 in
3670 3782 3946 3836 quorum

2286 3857 2403 3912 ﬁne
2429 3857 2576 3912 haec
2605 3855 2788 3910 verba
2832 3854 3147 3923 leguntur:
3176 3875 3203 3906 ‹‹
3236 3856 3332 3911 Ea:
3362 3871 3468 3911 nis.
3536 3850 3951 3912 Bibliothecae

2283 3949 2664 4017 Augustanae
2694 3946 2926 4004 ταύτας
2964 3948 3074 4007 τὰς
3107 3942 3461 4019 διηγήσεις
3491 3943 3792 4012 descripsit
3821 3944 3951 4013 ﬁde

2284 4053 2398 4105 qua
2430 4035 2625 4091 debuit
2660 4034 2921 4089 Danielis
2943 4034 3181 4091 Davidis
3214 4051 3284 4091 ea:
3307 4036 3501 4105 fratre
3530 4049 3709 4103 nepos
3742 4034 3945 4088 Hoes-

2285 4125 2511 4177 chelius
2542 4123 2783 4176 AnnoS.
2811 4123 2887 4175 N.
2928 4124 3057 4176 16154
3086 4139 3280 4179 mense
3308 4122 3632 4191 Januario.
3661 4141 3688 4171 ι)
3740 4122 3957 4189 ls,qui

2286 4210 2550 4263 codicem
2568 4208 2903 4278 descripsit,
2920 4210 2974 4261 in
2991 4210 3311 4263 schedulae
3332 4210 3503 4262 fronti
3527 4206 3952 4276 adglutinatae

2285 4312 2424 4369 pag.
2462 4303 2475 4349 1
2509 4295 2893 4350 notavithaec
2926 4298 3105 4351 verba
3139 4314 3151 4350 :
3184 4305 3302 4349 Τοὺ
3334 4317 3566 4368 μακαρ,
3603 4301 3711 4347 καὶ
3752 4296 3825 4366 ἀγ
3847 4317 3956 4349 ιω-

2286 4388 2482 4438 τάτου
2559 4380 2943 4436 Παλλαδίου
3007 4384 3373 4438 ἐπισκόπου
3428 4384 3958 4449 Ἕλενουπόλεως

2287 4479 2443 4547 πρὸς
2474 4479 2729 4525 Λανσον
2762 4480 3209 4543 πραιπὸσιτον
3237 4472 3619 4547 διηγήματα
3648 4480 3953 4547 περὶτοῦ

2291 4562 2437 4634 βίον
2464 4572 2581 4614 τῶν
2607 4562 2805 4632 ἁγίων
2838 4566 3477 4637 πατέρων.Ε.τοοιίἱερ
3497 4565 3954 4620 membranaceo

2288 4653 2691 4708 Bibliothecae
2707 4654 2758 4707 A
2772 4657 3120 4721 uguslanae.
3142 4654 3305 4720 Quod
3320 4657 3380 4708 in
3397 4655 3667 4723 margine
3679 4654 3956 4717 saepius-

2288 4725 2418 4797 ἔκιε
2455 4740 2633 4794 huius
2664 4743 3001 4809 apographi
3033 4745 3438 4809 compendiose
3481 4742 3695 4810 legitur
3723 4753 3955 4793 exara-

2288 4836 2410 4886 tum
2429 4848 2558 4900 σημ,
2580 4829 2733 4883 nihil
2748 4830 2909 4883 aliud
2923 4839 3003 4885 est
3026 4848 3193 4901 quam
3217 4836 3489 4901 σημείωσα
3506 4829 3573 4895 iii.
3594 4843 3645 4883 ε.
3666 4834 3831 4893 nota,
3848 4828 3957 4881 ob-

2289 4934 2478 4983 serva,
2502 4940 2530 4969 »
2559 4924 2695 4983 etc.,
2728 4934 2866 4988 pag.
2902 4920 2933 4972 2
2963 4920 3217 4973 indicem
3236 4922 3501 4988 capitum
3544 4918 3722 4972 latine
3745 4930 3949 4986 appo-

2292 5008 2425 5061 suit.
2451 5006 2652 5077 Capita
2671 5013 2859 5061 autem
2877 5024 3091 5077 graeca
3107 5008 3257 5061 illius
3277 5008 3407 5061 libri
3425 5008 3502 5061 ita
3522 5022 3585 5060 se
3611 5005 3951 5074 excipiunt:

2292 5098 2335 5150 ῐ.
2373 5101 2520 5168 Περὶ
2554 5094 2849 5147 Ἰωάννου
2878 5104 2991 5147 ταῦ
3021 5100 3079 5148 ἓν
3106 5097 3475 5163 Λυκῷ,ἑστὶ
3505 5090 3791 5153 δὲπόλις
3819 5099 3960 5149 Θη-

2293 5181 2525 5243 ϐαῐδος
2554 5185 2881 5255 Ἐθεασάμην
2919 5181 3005 5235 οὖν
3037 5184 3084 5235 ἐν
3116 5192 3222 5245 τοῖς
3252 5185 3415 5254 ὁρίοις
3447 5190 3599 5235 Λυκώ
3628 5190 3722 5242 τῆς
3751 5179 3961 5237 Θηϐαῖ-

2295 5269 2387 5333 δος
2408 5275 2491 5324 τὸν
2522 5276 2684 5344 μέγαν
2706 5278 2795 5323 καὶ
2824 5276 3079 5346 μακάριον
3114 5274 3355 5330 Ἰωάννην
3386 5269 3557 5346 ἄνδρα
3577 5272 3725 5342 ἅγιον
3746 5268 3962 5326 ἀληθῶς

2294 5382 2343 5416 κ.
2367 5361 2577 5429 τ.λ.(ὶ[1
2601 5361 2850 5430 cod.p.t
2890 5363 3070 5434 sqq.).
3102 5364 3167 5418 ll.
3202 5368 3355 5435 Περὶ
3383 5368 3675 5433 Ἠρωνος
3714 5365 3823 5410 τοῦ
3854 5378 3958 5409 αχ-

2292 5449 2512 5527 ριϐοῦς
2551 5469 2657 5501 και
2702 5448 3002 5523 ἐναρέτου
3037 5456 3140 5503 τὸν
3174 5451 3322 5526 ⁸δίον
3370 5457 3479 5504 καὶ
3517 5444 3957 5510 κινοδὸξου...

2284 5548 2513 5613 γιιτνιῶν
2544 5558 2635 5611 μοι
2658 5537 3038 5614 ’Δλεξανδρέως
3058 5562 3110 5599 κ.
3154 5564 3202 5598 τ.
3227 5543 3275 5596 λ.
3301 5544 3383 5615 (p.
3411 5546 3479 5599 30
3510 5557 3622 5612 sqq
3639 5542 3701 5611 .),
3732 5536 3962 5595 ﬁnitur

2280 5629 3071 5709 μετ’ὀλίγαςὴμέρας.111.[1ερὶ
3101 5640 3214 5714 τεῶν
3243 5630 3693 5699 Ταϐίννησιωτ
3719 5634 3795 5677 ῶν
3847 5627 3964 5680 καὶ
