4094 6208
197 62 318 90 '—'.
477 60 508 86 ,ἶ
557 57 664 89 Ἦ

129 286 204 345 33
1719 287 1746 344 \

1946 333 1953 347 .
3347 323 3350 326 η
3493 289 3563 344 34

137 413 412 473 Valentis
458 413 742 488 Augusti,
786 413 894 486 qui
941 428 1104 474 anno
1155 415 1270 475 378
1318 415 1496 485 obiit,
1531 419 1797 488 uterque
1828 415 2280 494 A—transegisse
2339 420 2439 477 vix
2485 417 2892 478 crediderim.
2928 417 2989 474 Id
3031 416 3197 474 enim
3244 431 3319 474 ex
3363 414 3564 474 Ruﬁni

135 513 422 570 ﬂoruerit
476 510 588 587 (I).
647 513 937 585 Evagrius
990 515 1054 570 in
1101 513 1547 572 solitudinibus
1603 516 1798 586 Aegy-
1911 520 2210 592 Apologia
2240 513 2594 595 [lnvectiva]
2633 517 2677 574 II
2720 515 2925 588 colligi
2980 518 3198 586 potest.
3244 530 3364 588 qua
3418 513 3570 587 legi-

141 611 229 683 pti
262 611 401 682 ipse
436 610 782 668 solitariam
809 611 1000 668 vitam
1029 611 1229 684 duxit,
1254 617 1314 669 et
1345 610 1613 670 Palladio
1645 616 1796 669 teste
1909 621 2012 674 tur
2039 636 2049 673 :
2085 637 2114 671 «
2145 618 2432 676 Ceterum
2459 615 2574 673 iste
2605 610 2684 689 [8.
2717 608 3180 688 Hieronymus],
3211 612 3322 684 qui
3352 612 3414 669 in
3443 615 3570 670 tota

140 709 593 780 quinquaginta
645 713 916 780 quatuor
977 723 1172 767 annos
1224 715 1402 767 natus
1461 711 1523 766 in
1581 709 1795 767 solitu-
1871 691 1880 700 ’
1911 715 2033 772 vita
2063 731 2172 774 sua
2202 730 2325 773 non
2353 718 2514 772 totos
2543 711 2794 784 triginta
2829 711 2963 769 dies
2993 710 3422 777 Alexandriae,
3457 711 3568 768 ubi

142 807 296 865 dine
351 806 621 864 animam
653 805 883 865 efﬂavit
930 805 1035 882 (1).
1089 807 1255 866 Unus
1300 823 1376 866 ex
1423 813 1660 880 septem
1701 821 1794 865 so-
1910 819 2048 871 erat
2118 813 2440 886 Didymus,
2503 815 2929 869 commoratus
3010 814 3126 873 est,
3217 823 3328 880 per
3412 812 3576 866 totos

148 904 272 962 ciis
326 904 453 974 fuit,
506 904 671 961 inter
717 919 878 976 quos
929 905 1238 964 Palladius
1267 910 1327 962 et
1365 904 1511 963 libri
1543 904 1796 963 secundi
1912 925 2108 984 paene
2162 911 2407 969 libellos
2478 924 2623 967 suos
2694 909 2874 980 longe
2946 907 3193 978 lateque
3258 921 3322 963 se
3389 906 3575 963 iactat

150 1003 410 1072 Scriptor
461 1017 495 1058 θ
551 1002 750 1060 Nilria
810 1002 886 1060 ad
940 1003 1241 1061 Joannem
1306 1002 1369 1060 in
1429 1003 1588 1078 Lyco
1645 1018 1801 1076 pro-
1913 1008 2158 1081 Didymi
2204 1007 2473 1066 videntis
2514 1021 2649 1064 esse
2693 1004 3098 1076 discipulum,
3145 1009 3206 1060 et
3247 1002 3574 1070 καθηγητήν.

147 1101 286 1158 fecti
325 1105 467 1158 sunt
513 1098 620 1176 (3l-
669 1101 953 1172 Scriptor
999 1100 1255 1174 quidem
1304 1101 1417 1160 iste
1471 1101 1796 1174 Evagrium
1913 1107 1978 1166 id
2027 1112 2118 1164 est
2160 1111 2660 1180 praeceptorem,
2715 1103 2779 1160 in
2813 1101 3155 1173 Scripturis
3200 1105 3426 1158 sanctis
3462 1101 3575 1158 ha-

146 1197 205 1254 in
254 1197 474 1257 Celliis
503 1199 657 1256 vidit
688 1196 773 1274 (4)
813 1199 1160 1272 ;Evagrius
1191 1200 1324 1272 ipse
1381 1200 1444 1256 in
1496 1199 1676 1258 libris
1723 1200 1798 1258 ad
1916 1204 2125 1263 buisse
2184 1205 2539 1276 Didymum.
2599 1202 2668 1259 Et
2719 1200 2924 1260 omnis
2960 1198 3080 1256 icta
3131 1197 3422 1255 iactantia
3452 1213 3577 1256 uno

143 1296 505 1354 Anatolium
537 1296 810 1354 amicum
841 1297 1092 1369 scriptis
1118 1312 1184 1354 se
1233 1297 1296 1355 in
1323 1298 1497 1356 Scete
1524 1299 1801 1356 residere
1915 1317 2127 1360 mense
2163 1302 2444 1374 quaesita
2493 1305 2584 1358 est
2626 1297 2736 1375 (8).
2767 1318 2796 1353 »
2853 1297 3220 1368 Quanquam
3255 1301 3465 1354 autem
3514 1296 3574 1354 S.

145 1393 471 1465 proﬁtetur
540 1392 658 1470 (3).
747 1394 948 1462 Quum
1021 1394 1315 1467 Evagrius
1384 1395 1586 1452 tribus
1655 1394 1803 1453 solis
1915 1401 2336 1472 Hieronymus
2416 1397 2825 1455 Alexandriae
2911 1393 3365 1466 aliquantisper
3450 1398 3580 1451 tan-

140 1491 299 1550 Iocis
348 1489 438 1566 (6)
475 1491 554 1549 de
603 1491 886 1550 Macariis
936 1492 1247 1564 loquatur,
1282 1507 1509 1564 neque,
1543 1493 1621 1551 de
1649 1507 1804 1565 quo-
1915 1503 2048 1556 tum
2084 1497 2414 1569 Didymum
2466 1495 2801 1553 auditurus
2847 1493 3148 1558 consedit,
3195 1497 3422 1559 tamen,
3475 1506 3582 1549 an-

145 1604 288 1647 nam
358 1589 626 1647 Macario
675 1595 908 1661 narret,
970 1589 1205 1662 ubique
1258 1589 1596 1662 addiderit,
1661 1590 1804 1648 licet
1918 1599 2169 1667 tequam
2227 1595 2287 1651 in
2340 1592 2747 1650 Palaestinam
2815 1590 3069 1652 rediret,
3133 1588 3392 1661 Aegypti
3455 1601 3582 1646 mo-

147 1693 347 1745 aetate
399 1687 624 1746 ceteris
671 1687 1014 1754 antecedat,
1070 1694 1132 1746 et
1177 1703 1301 1746 una
1347 1703 1490 1746 cum
1526 1688 1806 1746 Macariis
1924 1692 2196 1751 nasteria
2227 1690 2602 1764 peragravit.
2651 1690 2787 1761 Ipse
2829 1688 2997 1745 enim
3045 1686 3312 1744 scribit:
3355 1707 3376 1740 ι
3428 1685 3582 1744 Con-

149 1786 214 1843 in
272 1783 401 1842 illis
452 1784 817 1858 regionibus
871 1788 984 1860 33
1041 1785 1264 1844 eodem
1311 1790 1595 1858 tempore
1640 1786 1805 1844 vixe-
1838 1770 1883 1825 Β
1918 1790 2089 1847 tendi
2149 1788 2526 1862 Aegyptum,
2585 1785 2841 1844 lustravi
2910 1783 3288 1842 monasteria
3346 1783 3581 1841 Nitriae

155 1883 267 1954 rit,
315 1887 448 1954 post
494 1883 840 1940 Palladium
887 1887 947 1939 et
995 1879 1287 1942 Ruﬁnum
1330 1888 1548 1942 testem
1599 1883 1803 1942 audiri
1916 1893 1976 1946 et
2007 1887 2168 1945 inter
2207 1887 2574 1944 Sanctorum
2623 1884 2850 1941 choros
2902 1881 3148 1952 aspides
3188 1880 3378 1938 latere
3413 1893 3570 1951 per-

151 1995 297 2037 eum
330 1985 810 2039 consentaneum
843 1980 1112 2040 videtur.
1917 1985 2090 2058 spexi
2149 1983 2259 2060 (9),
2314 2005 2343 2036 »
2401 1981 2776 2054 Origenistas
2807 1977 3152 2051 inteligens,
3205 1977 3438 2050 quibus
3486 1978 3580 2033 fa-

230 2074 260 2152 §
303 2080 370 2135 8.
422 2076 718 2136 Venimus
757 2077 832 2134 ad
877 2077 944 2136 S.
1011 2078 1486 2151 Hieronymum.
1537 2079 1649 2148 Qui
1686 2093 1805 2137 non
1916 2084 2096 2141 vebat
2130 2081 2411 2140 Ruﬁnus.
2453 2079 2704 2152 Singula
2751 2078 2960 2150 igitur,
2995 2091 3155 2148 quae
3201 2089 3314 2148 per
3341 2076 3401 2133 S.
3438 2074 3577 2132 Hie-

150 2175 270 2232 nisi
338 2174 548 2232 oblata
598 2175 927 2233 occasione
979 2175 1308 2248 obiterque
1382 2177 1462 2234 de
1527 2175 1808 2233 Macariis
1916 2179 2168 2253 ronymi
2237 2194 2432 2252 opera
2497 2192 2708 2251 sparsa
2780 2176 2856 2232 de
2926 2173 3207 2232 Macariis
3269 2174 3578 2244 leguntur,

150 2270 454 2344 loquitur,
491 2271 600 2329 sed
648 2287 834 2330 unam
888 2272 1072 2330 nobis
1113 2273 1540 2331 difﬁcultatem
1579 2273 1658 2331 de
1689 2273 1807 2330 Ma-
1918 2284 2058 2353 post,
2085 2277 2327 2350 Evagrii
2362 2277 2497 2335 loca
2521 2273 3038 2333 diiudicabimus.

149 2369 326 2426 cario
377 2369 652 2442 quodam
699 2370 919 2428 obiicit
967 2366 1076 2445 (7),
1133 2385 1321 2442 quam
1374 2386 1487 2429 suo
1539 2371 1677 2428 loco
1707 2386 1810 2427 ex-
1999 2373 2028 2452 ξ
2082 2377 2139 2433 9.
2195 2373 2466 2432 Ultimus
2526 2388 2591 2432 se
2649 2370 2832 2430 nobis
2882 2369 3064 2428 oﬁ‘ert
3115 2368 3464 2428 Cassianus.
3523 2368 3580 2428 Is

152 2466 503 2540 pediemus.
556 2468 816 2526 Multum
865 2468 1172 2541 temporis
1222 2469 1288 2525 in
1323 2467 1600 2541 Aegypto
1628 2468 1769 2526 illur

1960 2477 2182 2532 xeunte
2225 2471 2475 2531 saecqu
2529 2475 2774 2544 quarto,
2849 2482 3044 2540 quum
3095 2466 3339 2525 iuvenis
3393 2473 3577 2536 esset,

163 2692 237 2740 τὰ
265 2692 405 2760 πιρὶ
434 2690 541 2739 τόν
571 2686 758 2757 ἅγιον
801 2692 1183 2758 Παχώμιον.
1215 2685 1530 2747 Ταϐίννησίς
1571 2686 1684 2740 ἐστι
1729 2691 1811 2738 τό·
1917 2691 2195 2761 γήσασθαι
2238 2693 2356 2764 περὶ
2409 2693 2498 2740 τοῦ
2545 2681 2766 2739 παιδίου
2812 2682 3047 2745 Madvig;
3094 2701 3146 2737 κ.
3196 2701 3246 2736 τ.
3269 2680 3317 2734 λ.
3353 2684 3440 2752 (p.
3476 2683 3576 2736 105

157 2797 255 2838 πος
285 2776 336 2828 ἓν
364 2785 420 2848 τῇ
470 2772 710 2833 Θηϐαίδι
744 2795 796 2827 κ.
829 2796 878 2830 1'.
921 2775 968 2829 λ.
1003 2775 1084 2847 (p.
1131 2776 1198 2832 33
1231 2778 1412 2848 sqq.),
1444 2776 1579 2832 ﬁnis
1617 2793 1628 2829 ζ
1664 2776 1774 2828 ἀκοι

1961 2783 2118 2851 qq.),
2149 2777 2287 2834 ﬁnis
2319 2795 2332 2832 :
2382 2781 2474 2829 καὶ
2507 2778 2770 2851 παρθένων
2808 2778 2895 2825 καὶ
2931 2768 3212 2825 δουλίδων.
3250 2771 3382 2826 XIV.
3417 2771 3578 2841 Περὶ

157 2871 415 2926 νωνήτους
453 2869 703 2925 ποιήσας.
767 2865 855 2920 IV.
911 2869 1064 2936 Περὶ
1119 2872 1234 2926 τῆς
1291 2866 1810 2938 ὑποκριναμένης
1921 2874 2270 2920 Πιννιανοῦ
2316 2873 2425 2918 τοῦ
2465 2861 2702 2938 ἀνδρὸς
2751 2860 3223 2932 αὐτῆς.’ομοίως
3249 2864 3339 2911 καὶ
3371 2866 3577 2910 Πιννια-

157 2961 401 3028 μωρίαν
432 2957 781 3026 παρθένου.
838 2953 917 3006 Ἐν
976 2957 1138 3024 τούτῳ
1182 2962 1254 3024 τῷ
1305 2962 1641 3028 μοναστηρίῳ
1682 2973 1812 3026 παρ-
1918 2957 2056 3016 νόςό
2105 2960 2216 3008 τότε
2275 2953 2402 3028 ἀνὴρ
2467 2953 2646 3017 αὐτῆς,
2714 2959 2801 3002 νῦν
2854 2949 2912 3002 δὲ
2963 2959 3052 3010 τῆς
3097 2948 3282 3022 ἀρετῆς
3332 2951 3579 3021 σύνεργός

163 3047 303 3105 θένος
354 3063 432 3105 τις
473 3040 534 3101 ἦν
577 3063 628 3094 κ.
683 3061 730 3096 τ.
783 3041 832 3093 λ.
879 3046 962 3112 (ρ.
1024 3045 1090 3097 40
1149 3045 1324 3114 sqq.),
1373 3043 1509 3097 ﬁnis
1543 3059 1554 3096 :
1591 3049 1679 3095 καὶ
1709 3045 1780 3094 ὑπ

1959 3087 1970 3099 .
2003 3064 2054 3102 τ.
2085 3043 2130 3098 λ.
2185 3045 2266 3114 (p.
2323 3042 2467 3109 109),
2500 3040 2638 3095 ﬁnis
2671 3057 2683 3093 :
2711 3043 2882 3109 ἔργοις
2913 3047 3001 3097 τῆς
3042 3037 3264 3109 ἀρίστης
3297 3036 3572 3096 πολιτείας.

158 3142 256 3183 τῶν
284 3133 525 3184 πλειόνων
555 3135 940 3204 μυσαττομένη.
973 3131 1040 3184 V.
1075 3136 1224 3193 Περὶ
1284 3132 1617 3204 Πξιτηρούμ
1650 3129 1808 3204 [ﬁnis
1840 3125 1879 3178 C
1919 3136 2028 3190 XV.
2064 3139 2215 3206 Περὶ
2264 3141 2374 3193 τῆς
2419 3126 2910 3201 ὑποδεξαμένης
2955 3129 3272 3198 παρθένου
3312 3130 3414 3178 τόν
3445 3143 3562 3197 μα-

155 3223 336 3276 huius
381 3221 644 3276 nominis
695 3222 753 3275 in
809 3221 1006 3274 codice
1051 3219 1202 3274 lectu
1234 3220 1490 3274 difﬁcilis
1520 3221 1650 3292 est].
1684 3227 1772 3295 [ιιμ

1961 3227 2139 3295 αριον
2205 3222 2614 3275 Ἀθανάσιον,
2672 3220 2928 3292 Παρθένον
2982 3213 3107 3268 οἶδα
3149 3221 3244 3274 τὴν
3301 3215 3348 3266 ἐν
3398 3211 3572 3276 Ἀλεξ-

158 3314 355 3371 ταύτης
401 3319 495 3370 τῆς
546 3312 698 3371 ὁσίας
744 3317 816 3380 τῷ
869 3308 1000 3379 ἁγίῳ
1053 3312 1325 3381 Πιτηρούμ
1375 3308 1623 3380 [nomen
1653 3309 1775 3365 lecti

1941 3309 2152 3385 ινδρεία,
2200 3313 2262 3370 ἣν
2305 3309 2591 3381 κατείληφα
2629 3328 2679 3362 κ.
2712 3327 2760 3361 τ.
2793 3307 2840 3361 λ.
2874 3307 2964 3378 (p.
3011 3309 3106 3361 109
3149 3307 3345 3376 sqq.),
3376 3303 3513 3358 ﬁnis
3546 3321 3558 3356 :

156 3401 396 3455 difﬁcile
449 3398 560 3471 est]
603 3403 836 3472 παρίστη
897 3397 1112 3468 ἄγγελος
1149 3418 1199 3451 κ.
1252 3418 1299 3452 τ.
1333 3398 1379 3453 λ.
1415 3400 1495 3470 (ρ.
1523 3403 1592 3455 42
1624 3399 1773 3471 θείῳ]

1953 3403 1987 3464 ῖς
2027 3406 2120 3460 τὴν
2167 3404 2292 3472 ἐμὴν
2347 3396 2504 3461 δόξαν
2561 3403 2650 3449 καὶ
2701 3396 2999 3468 ἀσφάλειαν.
3059 3395 3182 3450 XIV.
3241 3397 3570 3464 Διήγησις

157 3490 361 3544 ﬁnitur
395 3504 408 3540 :
441 3493 561 3559 περὶ
591 3495 685 3549 τῆς
711 3491 946 3558 γενναίας
983 3489 1180 3549 ταύτης
1209 3492 1486 3561 μακαρίας.
1522 3488 1605 3542 VI.
1656 3492 1807 3560 Περὶ
1915 3490 2288 3545 Ἱππολύτου
2338 3496 2444 3540 τοῦ
2491 3491 2820 3558 γνωρίμου
2876 3493 2996 3537 τῶν
3042 3482 3430 3536 ἀποστόλων.
3483 3482 3570 3534 Ἐν

159 3575 458 3648 Διδύμου
506 3584 613 3628 τοῦ
667 3576 783 3628 ἀπό
839 3576 1143 3649 ὀμμάτων
1210 3581 1313 3628 καὶ
1354 3577 1808 3650 ἐρμηνέωςτῶν
1919 3580 2053 3652 ἄλλῳ
2131 3574 2451 3652 βιϐλιδαρίῳ
2529 3575 2685 3647 [cod.
2769 3570 3197 3646 βιϐλιδαρίῳ]
3261 3572 3574 3644 ἐπιγεγραμο

157 3670 343 3720 θείων
395 3671 674 3739 Γραφῶν,
707 3685 757 3716 κ.
785 3684 834 3720 τ.
867 3663 914 3719 λ.
940 3665 1020 3736 (ρ.
1049 3667 1114 3720 45
1134 3665 1314 3737 sqq,),
1335 3665 1536 3721 ﬁnitur
1564 3681 1576 3720 :
1605 3671 1695 3718 καὶ
1715 3670 1774 3724 τὴ

1960 3671 2052 3741 ἄνῳ
2103 3666 2409 3721 Ἱππολύτου
2461 3685 2510 3717 κ.
2541 3683 2598 3721 τ.
2648 3663 2696 3716 λ.
2745 3663 2830 3734 (ρ.
2892 3663 2991 3718 H2
3024 3662 3208 3733 sqq),
3257 3660 3574 3733 ﬁnisti“:-

159 3751 454 3826 ἑϐδομάδα,
516 3759 607 3806 καὶ
664 3755 877 3828 εὕρηται
913 3754 1096 3816 οὕτως.
1150 3753 1266 3808 VII.
1315 3759 1466 3828 Περὶ
1518 3761 1810 3828 Παφνου-
1917 3761 2114 3831 καιρίων
2199 3756 2458 3827 στεφάνων
2533 3753 2677 3826 παρὰ
2749 3760 2844 3812 τῆς
2923 3752 3109 3802 τούτου
3187 3747 3576 3823 φιλανθρωπίας

157 3851 321 3896 τίου.
354 3849 469 3914 Mm}
498 3851 600 3894 τῶν
629 3845 831 3916 ἡμερῶν
861 3839 1245 3916 συνδραμόντος
1274 3848 1362 3894 καὶ
1406 3849 1728 3916 Παφνουτίου
1753 3863 1774 3896 ν

1958 3847 2139 3910 amen.
2174 3849 2380 3915 Itaque
2417 3843 2533 3898 hoc
2559 3856 2714 3912 opus
2745 3855 2866 3895 non
2895 3838 3184 3894 tamlibro
3213 3837 3573 3893 collectionis

156 3952 204 3986 τ.
235 3933 287 3986 λ.
343 3933 428 4002 (p.
479 3933 547 3987 47
593 3932 778 4003 sqq.),
829 3931 1072 3987 ﬁnitur:
1122 3936 1242 3993 τοὺς
1290 3931 1598 4004 ἀλλοφύλους
1647 3933 1717 3994 εἰς
1750 3952 1773 3985 τ

1957 3933 2370 3991 losweidianae
2397 3933 2662 3986 secundo
2684 3933 3030 3997 cognatum,
3054 3941 3240 3998 quam
3269 3940 3299 3980 e
3323 3924 3574 3994 singulis

161 4026 283 4094 ὄρος
313 4028 407 4072 τοῦ
434 4017 621 4076 δουκᾶ.
655 4021 792 4075 VIII.
828 4025 981 4092 Περὶ
1026 4028 1135 4072 τοῦ
1167 4021 1356 4073 ἄλλου
1382 4026 1778 4094 Παφνουτίου

1958 4022 2218 4095 apitibus
2242 4019 2526 4076 Historiae
2553 4017 2873 4074 Lausiacae
2903 4013 3304 4086 compositum
3335 4027 3461 4069 esse
3490 4013 3575 4068 in-

156 4109 499 4178 Ἐθασάμεθα
553 4105 609 4161 δὲ
669 4115 757 4161 καὶ
816 4112 902 4160 τὸν
952 4113 1105 4160 τόπον
1163 4115 1490 4180 Παφνουτίου
1543 4130 1595 4162 κ.
1653 4130 1703 4164 τ.
1762 4110 1773 4163 ἰ

606 4129 609 4156 ς
669 4115 757 4161 καὶ
816 4112 902 4160 τὸν
952 4113 1105 4160 τόπον
1163 4115 1490 4180 Παφνουτίου
1543 4130 1595 4162 κ.
1653 4130 1703 4164 τ.
1762 4110 1813 4168 λ.
1923 4112 2223 4183 telligitur.

159 4201 249 4270 (p.
305 4198 370 4252 56
411 4200 590 4270 sqq.),
620 4197 756 4252 ﬁnis
798 4202 932 4253 est:
985 4203 1075 4250 καὶ
1123 4197 1348 4270 ἀγγέλων
1399 4199 1776 4273 ἀναλαμϐανόμι

1999 4201 2078 4272 (I)
2109 4198 2253 4255 Hist.
2281 4195 2500 4252 Eccles.
2527 4194 2634 4251 lib.
2669 4193 2737 4250 IV
2765 4209 2896 4265 cap.
2921 4195 2987 4247 23
3016 4189 3394 4247 ed.Valesius
3422 4192 3570 4260 Mog.

159 4307 241 4339 νον
272 4288 542 4358 υμνούτων
573 4289 659 4338 τὸν
697 4291 842 4338 Θεὸν.
887 4288 971 4341 IX.
1004 4291 1151 4361 Περὶ
1199 4295 1310 4340 τοῦ
1355 4287 1413 4339 ἐν
1461 4289 1680 4360 ἁγίοις
1710 4309 1817 4359 καὶ
1934 4292 2066 4347 16Ἱ7
2098 4304 2160 4361 p.
2185 4288 2310 4343 238.

161 4376 450 4448 μεγάλου
494 4378 733 4445 πατρὸς
771 4375 1088 4430 Ἀπολλώ.
1121 4377 1455 4448 Ἐθασάμεθα
1482 4375 1541 4430 δί
1587 4383 1677 4430 καὶ
1716 4380 1778 4431 ἔτι

2004 4380 2076 4451 (2)
2109 4379 2254 4433 Hist.
2289 4376 2467 4430 Laus.
2501 4389 2634 4445 cap.
2677 4375 2744 4427 88
2775 4372 2928 4442 Opp.
2971 4370 3186 4425 Meurs.
3220 4368 3256 4424 I.
3287 4369 3322 4435 l,
3352 4387 3405 4440 p.
3443 4371 3570 4428 549.

162 4485 246 4538 ρον
298 4461 475 4539 ἄνδρα
526 4464 674 4535 ἅγιον
721 4483 777 4520 κ.
817 4483 866 4518 τ.
919 4463 966 4519 λ.
1001 4465 1082 4536 (ρ.
1135 4469 1201 4522 63
1234 4467 1415 4538 sqq.),
1462 4466 1706 4523 ﬁnitur:
1737 4467 1773 4519 Ἰ

1696 4484 1706 4523 :
1737 4467 1825 4520 'lc-
1854 4482 1898 4535 ι)
2006 4467 2084 4540 (3)
2109 4468 2188 4521 De
2218 4465 2332 4520 hac
2361 4479 2422 4519 re
2451 4477 2633 4534 supra
2658 4477 2718 4532 p.
2748 4460 2810 4514 21
2855 4457 3313 4530 disputavimus.

163 4553 448 4627 ρουσαλὴμ
524 4554 700 4614 πάσας
771 4557 865 4614 τὰς
948 4555 1140 4626 ἡμέρας
1211 4562 1302 4615 τῆς
1355 4555 1489 4616 ζωῆς
1540 4556 1704 4628 ὑμῶν,
1760 4559 1780 4611 l

1762 4559 1824 4612 Χ.
2006 4557 2083 4627 (4)
2113 4555 2218 4608 νν.
2246 4553 2346 4607 ΡΡ.
2380 4553 2571 4606 Rosw.
2611 4548 2714 4604 lib.
2747 4547 2792 4602 II
2822 4562 2954 4619 cap.
2986 4550 3053 4600 27
3085 4563 3145 4617 p.
3178 4547 3303 4611 479,
3335 4551 3379 4600 t.

170 4649 326 4716 Περὶ
385 4651 500 4695 τοῦ
548 4645 606 4694 ἓν
650 4642 864 4714 ἁγίοις
910 4647 1156 4717 Κόπρη,
1203 4642 1377 4704 ένοῖς
1410 4649 1689 4720 καὶπερὶ
1720 4665 1786 4698 το

1545 4651 1689 4720 περὶ
1720 4653 1828 4698 τοῦ
2010 4644 2090 4715 (5)
2123 4641 2390 4699 Galland.
2423 4637 2564 4694 Bibl.
2599 4637 2704 4692 PP.
2744 4637 2808 4691 Τ.
2835 4635 2923 4690 VII
2949 4649 3008 4708 Ρ.
3040 4639 3161 4690 553.

175 4731 462 4804 μιγάλου
488 4734 732 4805 πατρὸς
772 4734 1275 4804 Πατιρμουθίον.
1305 4731 1402 4785 Ἦν
1426 4729 1487 4786 δέ
1509 4753 1587 4797 τις
1613 4733 1835 4810 πρεσϐύ-
2014 4733 2092 4805 (6)
2121 4731 2270 4788 Ibid.
2303 4745 2362 4801 p.
2397 4727 2520 4784 561.
2565 4731 2691 4783 565.

179 4840 321 4896 τερος
353 4823 493 4892 ἔχων
539 4819 760 4879 πλησίον
809 4819 912 4873 ἕκκί
941 4841 992 4873 κ.
1034 4841 1085 4876 τ.
1115 4821 1168 4878 λ.
1223 4823 1306 4893 (ρ.
1339 4825 1405 4877 85
1438 4825 1619 4895 sqq.),
1652 4824 1786 4879 ﬁnis

2019 4822 2097 4894 (7)
2128 4823 2191 4876 In
2217 4821 2338 4874 vita
2380 4819 2436 4874 8.
2496 4817 2661 4872 Pauli
2701 4813 3003 4878 eremitae,
3039 4813 3094 4868 S.
3151 4811 3388 4867 Hieron.
3443 4812 3594 4882 Opp.

177 4915 277 4967 τὴν
310 4917 412 4960 τῶν
454 4905 688 4980 ἀδελφῶν
740 4909 1051 4962 ἀνάπαυσιν.
1091 4911 1174 4966 ΧΙ.
1210 4916 1362 4984 Περὶ
1409 4921 1479 4971 τῆ
1502 4933 1523 4974 ς
1579 4911 1840 4985 ἁιιμνή-
1951 4912 2044 4968 ed.
2081 4910 2294 4966 Bened.
2321 4910 2382 4962 Τ.
2413 4907 2501 4960 IV.
2536 4908 2593 4960 Ρ.
2629 4904 2675 4958 Π
2708 4919 2766 4974 ρ.
2801 4907 2888 4958 69.

186 5016 344 5049 στου
401 5002 509 5049 καὶ
577 5003 904 5072 μακαρίας
955 4999 1260 5061 Μιλὰνης.
1317 4999 1376 5053 Ἦ
1441 5005 1554 5076 τρὶς
1608 5006 1803 5074 μακαρί

2026 4999 2102 5072 (8)
2126 4996 2319 5053 Ruﬁni
2341 4993 2626 5067 Apologis
2654 4989 2990 5063 [Invectiva]
3016 4989 3075 5044 in
3105 4990 3161 5043 S.
3179 4988 3603 5058 Hieronymum

183 5085 394 5142 Μελάνη
429 5089 599 5144 Σπάνη
629 5082 690 5144 ἧν
723 5106 774 5140 κ.
809 5107 860 5142 τ.
892 5087 938 5139 λ.
967 5089 1050 5160 (p.
1083 5091 1150 5143 98
1181 5088 1606 5161 sqq.)ﬁnitur),
1642 5107 1655 5145 :
1685 5090 1735 5142 ἐν
1763 5090 1798 5142 ’Ῑ

1991 5089 2060 5144 ib.
2085 5087 2130 5142 II
2163 5100 2296 5158 cap.
2341 5088 2424 5150 I2,
2458 5084 2610 5154 Opp.
2637 5080 2732 5136 ed.
2769 5077 3016 5135 Vallarsi
3044 5095 3102 5150 p.
3134 5078 3257 5142 367,
3287 5076 3475 5146 Migne
3509 5079 3608 5131 Pa-

178 5175 467 5248 ρουσαλὴμ
497 5177 704 5246 ἔχουσα
745 5173 993 5229 συνοδίαν
1038 5179 1322 5249 παρθένων.
1371 5178 1482 5235 XII.
1517 5177 1658 5232 ’Ἔτι
1707 5198 1795 5255 πει

1990 5177 2090 5234 rol.
2146 5175 2209 5230 T.
2258 5174 2368 5228 XXI
2421 5187 2481 5243 p.
2539 5169 2639 5227 594
2669 5187 2685 5240 ;
2719 5170 2774 5224 S.
2829 5167 3059 5223 Hieron.
3095 5167 3247 5238 Opp.
3287 5165 3362 5219 ed
3392 5162 3607 5219 Bened.

183 5275 302 5326 τῆς
359 5265 649 5336 μεγάλης
700 5270 790 5317 καὶ
841 5265 1034 5337 ἁγίας
1077 5267 1374 5329 Μελαίνης
1409 5268 1599 5340 λόγος
1641 5271 1853 5342 ἕτερος
1962 5267 2001 5323 l.
2036 5266 2076 5322 Ι.
2108 5264 2318 5338 ρ.422.

189 5361 303 5406 τοῦ
330 5351 556 5405 αὐτοῦ.
608 5358 734 5427 Περὶ
789 5361 880 5416 τῆς
911 5357 1210 5428 θαυμασίας
1246 5362 1335 5410 καὶ
1382 5356 1533 5429 ἁγίας
1562 5357 1610 5408 ἕν
1649 5377 1802 5429 γυναι

2039 5356 2117 5425 (9)
2146 5351 2314 5424 Apol.
2345 5349 2483 5407 adv.
2517 5347 2795 5404 Ruﬁnum
2829 5344 2936 5400 lib.
2977 5344 3064 5409 Ill,
3101 5344 3156 5399 S.
3192 5341 3424 5398 Hieron.
3463 5343 3619 5413 Opp.

189 5443 431 5502 Μελάνης
473 5460 526 5496 κ.
577 5461 625 5493 τ.
686 5441 733 5493 λ.
769 5442 853 5514 (ρ.
886 5445 988 5499 100
1035 5447 1174 5518 sq.),
1205 5445 1446 5505 ﬁnitur:
1495 5447 1742 5521 ἄπρακτα
1774 5467 1806 5518 μ

2006 5445 2063 5500 d.
2098 5440 2316 5498 Bened.
2339 5439 2378 5496 I.
2404 5438 2442 5494 l.
2471 5453 2530 5510 p.
2559 5439 2663 5492 459
2709 5450 2798 5506 sq.
2833 5434 2910 5490 De
2941 5432 3145 5489 itinere
3175 5432 3231 5521 Si.
3280 5430 3623 5521 Hieronymi

192 5533 493 5584 τανοούτων
543 5529 640 5602 όψὶ
681 5538 775 5583 τοῦ
830 5540 1036 5609 καιροῦ.
1117 5534 1258 5591 XIII.
1344 5539 1496 5612 Περὶ
1571 5518 1809 5592 bidui“.

2010 5548 2034 5588 ι
2084 5533 2355 5602 Aegypto
2408 5526 2484 5583 cf.
2543 5526 2598 5582 S.
2651 5524 2884 5580 Hieron.
2943 5523 3095 5595 Opp.
3153 5520 3246 5578 ed.
3298 5519 3487 5592 Migne
3520 5518 3627 5574 T.I

191 5622 312 5683 τῆς
361 5623 701 5692 νεωτέρας.
742 5619 888 5676 Ἐπεὶ
914 5618 974 5675 δί
1007 5629 1422 5698 προύπεσχόμην
1452 5623 1689 5700 ἀνωτέρω
1737 5619 1808 5677 δυ

1154 5629 1422 5698 κεσχόμην
1452 5623 1689 5700 ἀνωτέρω
1737 5619 1773 5677 δ
1778 5644 1864 5684 ιη·
1979 5619 2218 5700 [PatroL
2251 5617 2414 5688 XXII]
2445 5631 2506 5688 p.
2539 5618 2606 5672 60
2636 5629 2771 5688 sqq.

499 5735 735 5794 Paraon.
772 5734 880 5796 Gn.
919 5737 1176 5799 XXXIV.
3315 5727 3351 5785 2
