4080 6208
483 307 555 363 35

1362 302 1466 357 SS.
1510 295 1997 357 MACARIOHUM
2038 298 2373 356 AEGYPTII
2418 300 2506 357 ΕΤ
2546 298 3035 357 ALEXANDRINI

3827 305 3896 360 36

474 444 555 490 ex
601 430 909 492 coenobio
968 427 1482 486 Bethlehemitico
1526 428 1588 485 in
1645 428 1989 499 Aegyptum
2028 441 2133 483 ve--
2168 421 2213 475 A
2248 427 2539 493 referant.
2600 441 2756 500 quae
2809 425 2972 498 apud
3024 430 3309 484 auctores
3351 427 3634 485 Macariis
3670 442 3897 500 aequa-

477 530 643 588 uisse
707 528 951 586 videtur
990 524 1100 602 (1),
1161 532 1223 585 et
1294 526 1356 583 in
1396 526 1527 584 sola
1571 524 1881 582 Thebadis
1920 539 2135 583 eremo
2246 523 2334 581 les
2386 540 2508 583 non
2564 526 2871 596 leguntur,
2927 528 2987 579 et
3036 522 3296 581 fortasse
3339 538 3414 581 ex
3468 525 3718 597 scriptis
3754 528 3899 583 sunt

476 625 870 699 septennium
911 623 1186 697 explevit
1229 620 1319 699 (2)
1356 641 1366 691 ;
1430 623 1594 681 unde
1639 622 1932 694 colligere
1990 623 2135 681 licet

476 724 640 782 haud
674 723 968 795 exiguum
1027 721 1330 793 temporis
1387 720 1659 793 spatium
1711 721 1991 793 reliquae
2030 736 2133 793 pe-

474 821 877 895 regrinationi
904 852 981 861 —
1011 833 1151 877 nam
1170 821 1435 877 multum
1471 818 1901 891 peregrinatus
1931 824 2025 876 est
2059 851 2131 860 -

473 919 683 992 ipsnm
731 918 1130 990 impendisse.
1192 917 1490 975 Neutrum
1560 916 1977 975 Macariorum
2032 931 2131 976 su-

474 1017 796 1091 perstitem
846 1016 1100 1081 invenit,
1152 1016 1283 1081 sed,
1350 1029 1509 1087 quae
1560 1014 1624 1071 in
1681 1014 2133 1073 Collationibus

476 1116 726 1173 Patrum
783 1112 859 1171 de
918 1112 993 1170 iis
1056 1113 1269 1180 refert,
1326 1126 1398 1167 ex
1456 1106 1573 1179 34
1625 1125 1735 1168 ore
1774 1110 2132 1183 Serapionis

477 1210 666 1276 senis,
728 1214 788 1267 et
832 1208 1190 1273 Nesterotis,
1223 1207 1642 1281 antiquissimi
1696 1209 2124 1279 anachoretae,

475 1307 714 1381 accepit
766 1303 876 1382 (3).
932 1305 1350 1364 Nihilominus
1393 1305 1539 1363 libri
1586 1306 1857 1364 Cassiani
1912 1305 1987 1363 ad
2028 1321 2128 1365 co-

474 1405 889 1480 gnoscendam
934 1404 1211 1462 indolem
1266 1409 1328 1461 et
1356 1402 1761 1474 disciplinam
1822 1402 2129 1461 solitario-

474 1518 619 1563 rum
642 1502 811 1560 illius
841 1502 1147 1575 temporis
1180 1501 1386 1574 magni
1436 1500 1620 1573 pretii
1656 1506 1878 1559 suntet
1920 1502 2004 1559 ob
2030 1500 2125 1558 in-

473 1602 824 1675 tegritatem
870 1600 1197 1672 scriptoris
1234 1605 1294 1657 et
1345 1598 1428 1657 ob
1485 1598 1782 1671 prudens,
1827 1613 1953 1671 quo
1983 1614 2128 1657 eum

476 1699 783 1758 excellere
822 1698 1122 1763 arbitror,
1157 1695 1483 1755 iudicium.

2243 621 2591 695 desumpta,
2668 635 2827 693 quae
2893 624 3156 678 aetatem
3226 622 3636 680 Macariorum
3707 622 3899 680 attin-

2241 726 2409 791 gunt.
2465 720 2580 792 35
2640 719 2822 778 Liber
2869 722 3132 790 quartus
3184 718 3658 778 Rosweidianae
3708 720 3897 778 colle-

2241 816 2466 873 ctionis
2516 830 2706 888 supra
2764 816 2929 873 haud
3000 816 3462 890 nominabatur,
3531 818 3699 891 quod
3773 832 3895 876 non

2241 914 2360 971 nisi
2413 916 2722 987 eXc.rp!i:
2766 912 3017 986 Sulpitii
3065 914 3272 973 Severi
3308 920 3369 973 et
3420 914 3692 975 Cassiani
3744 915 3896 975 locis

2239 1016 2497 1082 constat,
2533 1013 2639 1085 qui
2688 1011 2912 1071 melius
2956 1013 3019 1069 in
3082 1012 3285 1085 plenis
3309 1027 3528 1071 eorum
3572 1014 3755 1073 libris
3804 1013 3894 1072 le-

2236 1113 2489 1182 guntur,
2534 1114 2592 1168 et
2647 1110 2720 1167 ad
2764 1109 3163 1181 superiorum
3202 1111 3581 1183 scriptorum
3621 1114 3888 1170 classem

2241 1206 2581 1279 pertinent.
2642 1208 2851 1279 Neque
2898 1205 3203 1279 Sulpitius
3260 1209 3526 1267 Severus
3568 1209 3645 1267 de
3697 1210 3890 1267 Maca-

2239 1306 2354 1364 riis
2404 1319 2697 1379 expresse
2748 1305 2992 1376 uspiam
3044 1306 3341 1376 loquitur.
3384 1307 3566 1366 Libro
3616 1320 3779 1365 nono
3830 1313 3893 1366 et

2238 1401 2481 1462 decimo
2529 1403 2645 1460 VV.
2697 1403 2803 1460 PP.
2862 1402 3327 1462 Rosvveidianae
3374 1405 3761 1464 collectionis
3799 1406 3890 1463 ni-

2240 1502 2329 1560 hil
2374 1503 2453 1560 de
2487 1501 2770 1559 Macariis
2808 1500 3187 1559 continetur.
3238 1502 3362 1559 Iam
3417 1518 3565 1562 vero
3595 1507 3764 1578 quod
3813 1507 3890 1565 ad

2239 1598 2475 1657 librum
2522 1599 2777 1657 tertium
2828 1603 2888 1656 et
2935 1598 3274 1671 septimum
3320 1599 3565 1673 attinet,
3616 1604 3894 1663 animad-

2239 1697 2607 1756 vertendum
2656 1702 2771 1767 est,
2825 1710 3044 1754 omnes
3098 1696 3291 1768 locos,
3340 1698 3449 1771 qui
3505 1701 3568 1758 in
3623 1703 3894 1775 septimo

554 1796 584 1873 §
660 1798 752 1853 10.
800 1795 1316 1854 Commemoratis
1390 1799 1743 1863 auctorum,
1819 1795 1927 1867 qui
1984 1773 2201 1853 cumB
2242 1794 2533 1868 leguntur
2604 1794 2680 1852 de
2754 1794 3041 1859 Macario,
3105 1794 3155 1851 si
3206 1796 3425 1853 eadem
3486 1773 3761 1859 narratio
3832 1801 3896 1859 in

478 1893 760 1953 Macariis
811 1893 1118 1958 vixerunt,
1186 1898 1291 1951 aut
1356 1892 1435 1949 ab
1487 1906 1705 1950 eorum
1765 1892 2131 1964 aequalibus

475 1992 553 2051 de
602 1991 679 2049 iis
731 1991 933 2049 edocti
960 1996 1121 2057 sunt,
1183 1990 1435 2062 scriptis
1489 1994 1698 2062 restat,
1748 1996 1814 2048 ut
1864 1990 1940 2047 de
1971 1994 2131 2048 cete-

478 2091 565 2149 ris
590 2090 889 2159 fontibus,
925 2103 1197 2162 quorum
1263 2094 1549 2147 auctores
1596 2093 1657 2145 et
1706 2092 1970 2146 aetatem
2024 2103 2130 2147 ne-

479 2190 736 2259 scimus,
788 2202 1189 2260 quaeramus.
1271 2188 1335 2245 Iu
1405 2186 1502 2245 his
1577 2186 1947 2245 numerandi
1990 2192 2130 2244 sunt

477 2284 945 2345 Rosweidianae
1016 2284 1408 2342 collectionis
1474 2284 1699 2342 tertius
1750 2281 1863 2360 (4),
1940 2284 2129 2357 quin-

474 2387 575 2441 tus
597 2382 708 2457 (5),
742 2387 950 2440 sextus
980 2380 1067 2457 (6)
1100 2388 1159 2439 et
1190 2382 1494 2454 septimus
1532 2379 1621 2456 (7)
1654 2381 1819 2438 liber
1851 2382 1959 2439 VV.
1996 2383 2125 2448 PP.,

474 2489 661 2553 atque
730 2480 893 2537 liber
966 2479 1411 2537 sententiarum
1489 2483 1736 2551 patrum
1794 2479 2132 2553 Aegyptio-

480 2592 620 2635 rum
641 2574 753 2652 (8).
804 2576 919 2645 Qui
977 2576 1233 2648 quidem
1281 2574 1426 2633 libri
1481 2577 1856 2648 quibusnam
1886 2575 2131 2647 graecis

477 2674 895 2746 scriptoribus
924 2705 998 2715 -
1027 2688 1170 2730 nam
1227 2673 1521 2743 primitus
1549 2686 1767 2743 graece
1792 2672 2129 2745 compositi

480 2773 729 2830 fuerunt
759 2770 1157 2843 —originem
1183 2771 1470 2833 debeant,
1502 2769 1882 2842 ignoramus,
1914 2785 1985 2827 ac
2000 2771 2131 2829 sola

480 2869 817 2928 latinorum
858 2869 1276 2940 interpretum
1336 2867 1590 2925 nomina
1656 2868 1900 2939 cognita
1964 2871 2130 2937 sunt,

479 2982 555 3025 ex
630 2966 863 3039 quibus
939 2966 1089 3023 istos
1162 2978 1414 3037 quoque
1499 2964 1954 3037 antiquissimis
2002 2964 2133 3021 illis

478 3064 870 3141 temporibus
919 3064 1187 3135 scriptos
1243 3076 1377 3119 esse
1407 3068 1686 3134 apparet.
1726 3064 1987 3121 Tantum
2031 3076 2131 3120 ve-

2165 3127 2204 3182 C

2239 1891 2424 1951 tertio
2476 1906 2726 1964 quoque
2772 1891 3107 1964 reperitur,
3156 1906 3299 1950 cum
3356 1894 3543 1952 huius
3589 1896 3736 1955 libri
3791 1913 3900 1957 re-

2240 1990 2473 2048 latione
2541 2003 2737 2061 prope
2805 1989 2879 2046 ad
2954 1990 3216 2048 verbum
3276 1993 3651 2051 consentire.
3726 1994 3898 2056 Unde

2239 2087 2530 2159 efﬁcitur,
2581 2086 2953 2145 alterutrum
3003 2086 3419 2160 interpretum
3452 2089 3516 2147 in
3549 2090 3714 2150 libro
3756 2108 3905 2151 con-

2240 2185 2574 2243 scribendo
2619 2198 2739 2241 non
2807 2183 3011 2242 solum
3083 2186 3351 2243 eundem
3421 2202 3717 2261 graecum
3761 2195 3901 2249 tex-

2239 2289 2397 2355 tum,
2440 2282 2548 2340 sed
2593 2282 2779 2340 etiam
2840 2282 3096 2340 alterius
3146 2284 3495 2343 versionem
3541 2287 3616 2345 ad
3677 2303 3904 2346 manus

2240 2381 2562 2439 habuisse.
2629 2380 2854 2437 Verum
2890 2380 3051 2437 inter
3078 2381 3312 2439 librum
3340 2384 3592 2441 tertium
3624 2392 3683 2442 et
3715 2386 3902 2457 quin-

2242 2484 2373 2535 tum
2424 2493 2493 2535 ea
2523 2482 2753 2534 tantam
2782 2476 3131 2536 similitudo
3163 2478 3513 2549 intercedit,
3550 2485 3615 2537 ut
3642 2481 3705 2539 in
3754 2497 3901 2541 nar-

2242 2576 2590 2635 rationibus
2638 2576 2713 2632 de
2778 2574 3083 2645 Macariis,
3134 2591 3295 2648 quae
3370 2577 3429 2634 in
3479 2584 3744 2651 utroque
3799 2582 3900 2638 le—

2240 2678 2491 2746 guntur,
2563 2672 3039 2730 concinnatores
3107 2673 3331 2731 eodem
3415 2690 3638 2747 graeco
3720 2682 3898 2737 textu

2241 2786 2386 2829 usos
2429 2785 2562 2827 esse
2610 2770 2792 2827 statui
2833 2775 3139 2842 oporteat.
3184 2770 3357 2841 Quod
3404 2772 3571 2830 idem
3624 2775 3702 2832 de
3734 2791 3899 2835 nexu

2242 2869 2407 2925 inter
2435 2873 2678 2925 sextum
2711 2873 2772 2924 et
2825 2868 3077 2925 tertium
3109 2869 3341 2926 librum
3376 2871 3555 2935 valet,
3592 2872 3710 2931 hoc
3759 2874 3897 2932 solo

2241 2965 2631 3035 discrimine,
2686 2965 2854 3036 quod
2925 2980 3049 3023 una
3103 2966 3180 3023 de
3214 2966 3492 3025 Macariis
3546 2970 3900 3029 narratiun-

2242 3065 2383 3122 cula
2427 3063 2490 3119 in
2533 3066 2798 3135 utroque
2831 3061 3053 3119 iisdem
3084 3062 3292 3121 verbis
3319 3064 3564 3122 reddita
3595 3073 3706 3124 est.
3744 3067 3903 3126 Sen-

477 3178 550 3221 ro
588 3163 785 3231 abest,
832 3166 897 3218 ut
935 3160 1010 3217 iis
1036 3160 1294 3233 propria
1344 3160 1737 3217 contineatur
1769 3165 2128 3233 temporum
2165 3160 2204 3182 “'
2244 3161 2469 3219 tentiae
2526 3160 2799 3232 denique
2854 3165 3101 3231 patrum
3162 3161 3605 3233 Aegyptiorum
3662 3180 3697 3222 a
3752 3166 3897 3223 Ros-

477 3272 823 3330 senumque
906 3256 1265 3328 descriptio,
1333 3258 1584 3328 qualem
1644 3258 1786 3314 libri
1848 3257 2125 3325 Palladii,

478 3354 1004 3425 Ruﬁni,aliorum
1064 3354 1384 3425 praebent,
1421 3359 1486 3411 ut
1562 3354 1718 3411 nihil
1770 3355 1887 3411 nisi
1944 3356 2131 3413 colle-

475 3452 601 3511 ctio
669 3452 1041 3509 relationum
1132 3456 1195 3508 et
1271 3452 1721 3509 sententiarum
1802 3452 2130 3510 videantur

476 3554 909 3622 congestarum
936 3562 1011 3605 ex
1052 3548 1245 3605 variis
1299 3549 1376 3605 de
1438 3563 1657 3606 senum
1712 3549 1836 3607 vita
1865 3555 1926 3607 et
1950 3551 2129 3608 disci-

476 3648 646 3720 plina
694 3646 944 3718 scriptis
1014 3646 1143 3702 sive
1195 3645 1548 3717 deperditis
1611 3651 1718 3704 aut
1757 3647 1821 3704 in
1873 3648 2129 3719 pulvere

475 3746 679 3804 adhuc
720 3744 1246 3810 delitescentibus,
1303 3744 1431 3801 sive
1474 3743 1596 3801 iam
1624 3746 1889 3803 excusis.
1936 3746 2123 3814 Nihil,

474 3844 584 3919 qui
631 3859 739 3902 eos
811 3842 1222 3908 concinnavit,
1308 3841 1442 3914 ipse
1522 3842 1698 3910 vidit,
1780 3844 1934 3902 nihil
1993 3844 2127 3917 ipse

473 3941 776 4016 percepit,
834 3940 990 3998 nihil
1036 3938 1170 4011 ipse
1204 3944 1499 4011 expertus
1545 3944 1658 3998 est.
1718 3941 2022 4014 Incipiens
2046 3944 2126 4001 ab

474 4041 684 4111 aliqua
716 4038 1168 4095 historluncula
1221 4039 1481 4095 alteram
1537 4044 1597 4095 et
1655 4042 1900 4097 tertiam
1929 4041 2119 4108 addit,

472 4150 632 4207 quae
713 4134 991 4206 singulae
1065 4132 1340 4205 singulos
1410 4149 1587 4193 senes
1671 4144 1970 4208 spectant,
2055 4153 2124 4195 ac

471 4244 924 4303 saepenumero
981 4229 1133 4300 ipsis
1184 4231 1394 4287 verbis
1451 4234 1723 4290 auctoris
1771 4234 2119 4299 cuiusdam,

471 4342 659 4401 quem
692 4328 999 4395 novimus,
1048 4328 1134 4385 ita
1188 4334 1254 4385 ut
1305 4330 1815 4401 compilationem
1846 4330 2122 4404 undique

473 4426 861 4484 manifestam
912 4426 1365 4497 deprehendas.
1417 4425 1616 4499 Magni
1661 4434 1891 4495 autem,
1947 4429 2122 4486 dum-

473 4523 662 4582 modo
717 4537 877 4596 quae
920 4523 1338 4581 confuderunt
1402 4524 1631 4582 acriter
1688 4525 2117 4597 dispiciamus,

2240 3259 2445 3316 weido
2512 3258 2573 3315 in
2642 3258 2761 3314 ﬁne
2806 3258 3195 3316 collectionis
3238 3259 3440 3317 editae
3514 3260 3897 3333 paucissima

2241 3356 2556 3414 dumtaxat
2602 3356 2664 3413 in
2696 3360 2972 3413 nostram
3015 3372 3146 3414 rem
3178 3358 3687 3430 suppeditabunt.

2322 3452 2484 3529 §1L
2540 3452 2655 3510 Sed
2716 3453 2792 3510 ad
2848 3454 3044 3511 fontes
3096 3470 3130 3511 a
3178 3454 3512 3514 Rosweido
3542 3455 3738 3516 editos
3782 3458 3893 3516 alii

2238 3552 2560 3610 accedunt.
2620 3551 2783 3608 Inter
2833 3566 2992 3622 quos
3046 3550 3253 3621 primo
3306 3553 3444 3612 loco
3512 3556 3897 3614 nominanda

2239 3649 2527 3707 videntur
2624 3647 2729 3704 illa
2818 3642 3299 3722 Apophthegmata
3379 3655 3632 3723 patrum,
3727 3668 3897 3725 quae

2238 3748 2403 3819 apud
2464 3745 2841 3804 Cotelerium
2873 3744 3035 3801 Eccl.
3093 3745 3312 3803 Graec.
3386 3748 3543 3805 Mon.
3594 3750 3666 3807 Τ.
3735 3751 3753 3807 I
3810 3765 3884 3823 p.

2222 3848 2353 3904 .338
2406 3859 2543 3917 sqq.
2601 3842 2933 3911 habentur,
2994 3841 3387 3914 alphabetico
3441 3846 3665 3903 ordine
3716 3848 3896 3920 dige-

2236 3950 2346 4002 sta.
2382 3942 2559 4013 Quod
2614 3942 3010 4012 opusculum,
3068 3940 3247 3999 cuius
3302 3941 3570 4014 primam
3620 3946 3893 4004 mentio-

2218 4049 2377 4099 ‘nem
2450 4055 2589 4099 saec
2674 4039 2777 4097 XII
2835 4040 3059 4097 factam
3107 4054 3241 4097 esse
3296 4040 3544 4099 invenio
3613 4040 3727 4118 (9),
3801 4043 3893 4103 ita

2217 4139 2651 4209 ‘compositum
2724 4142 2836 4202 est,
2895 4142 2961 4192 ut
3013 4139 3399 4208 singulorum
3457 4145 3702 4211 patrum
3770 4156 3893 4200 no-

2237 4234 2511 4291 minibus
2560 4233 2972 4295 narrationes,
3016 4247 3177 4303 quae
3225 4234 3302 4291 de
3344 4235 3420 4293 iis
3472 4237 3890 4295 circumfere-

2234 4332 2484 4401 bantur,
2540 4330 2908 4387 subiunctae
2954 4328 3097 4388 sint.
3152 4332 3410 4390 Codices
3447 4349 3561 4407 ego
3619 4334 3893 4395 Viennae

2232 4430 2390 4487 duos
2455 4427 2719 4499 inspexi,
2777 4441 2971 4484 unum
3025 4430 3577 4489 membranaceum
3631 4438 3692 4489 et
3744 4447 3891 4504 per-

2233 4530 2539 4583 vetustum
2570 4524 2716 4601 (10),
2746 4526 2862 4597 36
2886 4524 3153 4583 alterum
3168 4527 3573 4586 chartaceum
3599 4524 3745 4602 (11).
3767 4530 3888 4599 Qui

472 4622 843 4682 aestimandi
878 4627 1021 4680 sunt
1076 4622 1225 4679 libri
1276 4620 1391 4687 illi,
1450 4636 1645 4693 quum
1693 4624 1892 4683 multa
1941 4625 2121 4683 nobis
2230 4623 2485 4697 quidem
2538 4622 2786 4681 codices
2840 4623 2919 4681 ab
2969 4623 3313 4695 exemplari
3371 4624 3663 4681 Cotelerii
3733 4641 3891 4686 non-

543 4782 618 4853 (1)
652 4780 730 4835 Cf.
774 4779 1039 4835 Cassiani
1083 4780 1257 4851 0pp.,
1299 4777 1497 4833 Alardi
1531 4779 1739 4834 Gazaei
1766 4796 1861 4852 ep.
1900 4780 1977 4835 ad
2005 4780 2118 4836 lec-

469 4874 656 4926 torem
681 4868 868 4923 initio.
904 4868 1118 4924 Oudin.
1144 4867 1547 4924 Commentar.
1566 4868 1638 4923 de
1671 4869 1904 4940 Scriptt.
1937 4868 2117 4925 eccle-

467 4959 630 5014 siast.
657 4959 717 5012 T.
748 4961 767 5012 ι
799 4973 858 5029 p.
895 4958 1025 5013 1133
1055 4972 1190 5029 sqq.

538 5048 613 5118 (2)
646 5046 792 5103 Coll.
820 5046 955 5102 XVII
984 5049 1219 5117 cap.3l,
1245 5046 1396 5117 Opp.
1431 5044 1697 5101 Cassiani
1727 5045 1820 5101 ed.
1853 5047 2116 5103 Gazaeus

466 5151 523 5208 p.
551 5138 671 5201 513,
702 5136 896 5205 Migne
927 5150 985 5205 p.
1017 5136 1170 5189 l087.

535 5227 612 5297 (3)
636 5224 717 5281 Cf.
752 5225 903 5278 intra
930 5226 1116 5292 Caput
1140 5224 1209 5278 V.

533 5316 610 5385 (4)
644 5313 755 5368 VV.
790 5314 890 5368 PP.
922 5314 1109 5365 Rosw.
1150 5327 1210 5382 p.
1244 5313 1349 5367 492
1374 5327 1508 5384 sqq.

535 5403 611 5473 (5)
643 5401 791 5459 Ibid.
822 5417 881 5473 p.
916 5403 1016 5455 562
1050 5416 1185 5472 sqq.

533 5493 609 5563 (6)
633 5490 781 5546 Ibid.
819 5505 877 5562 p.
907 5491 1007 5545 644
1036 5505 1173 5561 sqq.

529 5580 609 5653 (7)
638 5579 788 5636 Ibid.
820 5595 880 5651 p.
909 5580 1014 5636 665
1045 5595 1179 5651 sqq.

530 5670 606 5744 (8)
635 5670 783 5727 Ibid.
816 5686 876 5743 p.
913 5672 1045 5725 1002
1075 5684 1210 5743 sqq.

2299 4781 2377 4853 (9)
2426 4778 2671 4835 Coteler.
2722 4776 2874 4833 Eccl.
2926 4776 3132 4832 Graec.
3176 4779 3329 4831 Mon.
3370 4778 3430 4830 T.
3464 4777 3485 4829 I
3517 4791 3576 4846 p.
3616 4780 3710 4831 166
3742 4794 3887 4838 cum

2227 4874 2371 4926 nota
2403 4866 2669 4925 Cotelerii
2697 4882 2755 4939 p.
2784 4866 2909 4921 747.
2946 4864 3028 4920 Cf.
3055 4864 3208 4919 infra
3234 4867 3425 4933 Caput
3452 4864 3567 4918 VII.

2298 4958 2408 5031 (lO)
2441 4955 2585 5014 Cod.
2611 4972 2725 5010 ms.
2745 4955 2880 5011 hist.
2907 4969 3101 5023 graec.
3130 4952 3275 5007 Bibl.
3309 4955 3475 5009 Caes.
3510 4953 3762 5011 Vindob.
3785 4960 3885 5015 Nr.

2224 5050 2316 5114 44,
2346 5048 2508 5103 olim.
2541 5046 2604 5099 41
2637 5044 2743 5100 fol.
2774 5042 3303 5115 Apophthegmata
3329 5041 3427 5097 illa
3451 5048 3685 5099 exstant
3712 5061 3747 5100 a
3778 5045 3879 5101 fol.

2225 5140 2466 5208 iusque
2503 5135 2579 5191 ad
2605 5132 2706 5189 fol.
2754 5134 2876 5200 141,
2922 5134 2976 5185 2.
3020 5130 3301 5186 Codicem
3353 5133 3761 5204 maximopere
3795 5134 3883 5189 di-

2223 5241 2431 5298 gnum,
2485 5225 2585 5297 qui
2644 5239 2783 5279 cum
2840 5219 3169 5291 exemplari
3206 5220 3476 5276 Cotelerii
3521 5222 3881 5290 conferatur,

2222 5314 2534 5385 descripsit
2560 5311 2915 5369 Lambecius
2949 5312 3352 5366 Commentar.
3386 5312 3446 5366 T.
3495 5311 3612 5365 VIII
3664 5327 3720 5382 p.
3750 5312 3876 5368 838.

2292 5404 2404 5476 (11)
2448 5403 2588 5459 Cod.
2634 5419 2748 5457 ms.
2795 5401 2935 5456 hist.
2968 5415 3167 5469 graec,
3205 5403 3303 5455 Nr.
3335 5400 3389 5466 9,
3423 5399 3564 5455 olim
3591 5402 3659 5455 42
3685 5400 3876 5458 iu-fol.

2221 5493 2467 5549 maiore.
2502 5495 2564 5547 In
2595 5490 2888 5564 principio
2912 5494 2968 5545 et
2997 5488 3115 5545 ﬁne
3138 5488 3384 5545 mutilus
3414 5493 3523 5545 est.
3542 5489 3857 5561 Apophtbe

2218 5587 2425 5652 gmata
2452 5580 2551 5637 illa
2577 5580 2877 5636 habentur
2892 5578 2993 5635 fol.
3023 5580 3048 5633 1
3085 5609 3155 5620 -
3182 5580 3269 5635 80.
3304 5576 3585 5634 Codicem
3612 5580 3691 5635 La
3704 5578 3846 5635 mbe

2218 5671 2346 5730 eius
2362 5668 2679 5743 descripsit
2700 5669 2741 5726 l.
2776 5669 2815 5725 l.
2850 5685 2909 5741 p.
2950 5668 3055 5725 840
3080 5684 3219 5742 sqq.
