4080 6208
171 320 233 381 37
1753 316 1919 383 VITA
1930 322 1992 384 Ε.
3505 330 3576 395 38

165 449 340 509 nullis
379 448 544 509 locis
586 447 857 513 differre,
912 451 1096 521 atque
1144 447 1333 506 etiam
1363 447 1806 521 locupletiores
1838 449 1885 502 A
1918 455 2340 531 phthegmata,
2376 476 2536 535 quae
2591 460 2886 521 Possiuus
2933 459 3129 535 prior,
3167 466 3279 538 37
3347 462 3575 524 deinde

161 563 283 607 esse
316 547 726 619 videbantur,
760 546 848 604 ita
887 551 957 605 ut
1002 546 1431 619 maximopere
1460 547 1629 619 digni
1657 548 1801 619 sint,

160 647 256 718 qui
314 659 463 704 cum
525 644 695 703 edito
758 649 927 702 textu
997 643 1287 703 Cotelerii
1367 645 1795 704 conferantur.

156 742 616 803 Observandum
669 748 879 801 autem
939 747 1052 813 est,
1108 743 1586 815 compilatorem
1636 744 1807 802 illius

154 841 441 914 opusculi
496 840 1033 913 ApOphthegmata
1085 840 1366 912 inscripti
1433 841 1496 899 in
1557 843 1806 913 praefa-

156 938 349 999 tionis
373 938 486 997 line
518 937 597 995 de
647 937 997 1011 appendice
1043 937 1315 1010 quadam
1367 953 1404 996 a
1458 952 1525 995 se
1568 939 1806 998 adiecta

155 1036 349 1109 loqui,
380 1051 505 1108 qua
535 1054 567 1089 ς(
609 1049 832 1093 senum
863 1034 1063 1103 effata,
1093 1048 1364 1107 quorum
1397 1036 1651 1095 nomina
1682 1051 1805 1096 non

154 1132 578 1203 nominantur,
614 1153 645 1187 »
690 1131 1012 1204 collegerit
1037 1128 1148 1210 (1).
1177 1131 1324 1191 Eam
1355 1133 1546 1206 igitur
1576 1148 1805 1208 appen-

154 1231 378 1303 dicem,
426 1244 619 1303 quam
648 1230 939 1302 nuspiam
976 1230 1209 1289 editam
1260 1230 1567 1305 videmus,
1618 1233 1808 1290 char-

154 1334 323 1389 taceo
368 1328 483 1386 illo
536 1328 732 1387 altero
786 1328 1003 1387 codice
1046 1343 1081 1386 a
1110 1328 1216 1386 fol.
1261 1330 1360 1397 80,
1414 1332 1440 1387 1
1486 1344 1683 1403 usque
1731 1330 1808 1389 ad

153 1427 255 1487 fol.
341 1426 486 1500 163,
568 1429 594 1485 1
654 1426 961 1485 contineri
1014 1426 1325 1495 existimo,
1391 1428 1629 1501 quippe
1682 1443 1809 1501 quo

150 1525 448 1585 continuo
514 1528 652 1597 post
728 1524 1263 1598 Apophthegmata
1309 1526 1597 1585 collectio
1669 1540 1811 1585 nar-

148 1624 464 1682 rationum
529 1623 610 1680 de
674 1622 957 1695 patribus
1033 1623 1168 1681 sine
1254 1623 1659 1695 inscriptione
1719 1639 1811 1684 se-

152 1729 378 1795 quatur
409 1737 422 1791 ;
458 1722 567 1780 sed
596 1722 848 1781 initium
892 1722 1104 1779 deesse
1148 1723 1414 1781 videtur.
1445 1724 1570 1781 Hae
1601 1729 1809 1782 autem

152 1821 541 1880 narrationes
588 1819 990 1879 solummodo
1055 1835 1253 1893 usque
1306 1821 1382 1878 ad
1432 1821 1538 1879 fol.
1580 1823 1714 1888 145,
1775 1824 1807 1881 2
1844 1805 1885 1859 Β

148 1918 223 1976 de
262 1917 524 1976 senibus
580 1916 911 1989 anonymis
962 1923 1169 1991 agunt,
1252 1917 1416 1976 unde
1462 1919 1621 1977 aliae
1658 1934 1811 1978 non-

148 2015 350 2073 nullae
381 2015 463 2073 de
481 2016 762 2079 senibus,
796 2029 1069 2087 quorum
1114 2015 1371 2074 nomina
1401 2017 1610 2074 addita
1641 2021 1807 2089 sunt,

147 2119 515 2185 sequuntur,
588 2117 775 2185 atque
825 2113 988 2170 inter
1042 2127 1146 2170 eas
1197 2119 1322 2171 tres
1378 2114 1455 2173 de
1500 2114 1806 2181 Macariis,

148 2226 300 2284 quas
351 2226 387 2268 e
434 2210 653 2269 codice
704 2210 1046 2283 descriptas
1093 2210 1255 2269 iusto
1314 2212 1450 2270 loco
1513 2212 1805 2285 adjunge-

151 2323 308 2367 mus.
344 2309 555 2381 Neque
581 2308 742 2367 illud
774 2308 875 2366 hic
904 2309 1286 2375 omittamus,
1322 2309 1384 2366 in
1418 2310 1615 2369 altero
1659 2325 1811 2384 quo-

154 2420 296 2479 que,
357 2406 843 2464 membranaceo
887 2404 997 2464 illo
1050 2410 1111 2462 et
1158 2412 1536 2478 pervetusto,
1593 2409 1811 2467 codice

154 2510 289 2576 post
310 2503 854 2575 Apophthegmata
880 2518 915 2560 a
960 2503 1064 2561 fol.
1120 2504 1253 2569 141,
1309 2505 1343 2561 2
1374 2520 1570 2578 usque
1596 2505 1673 2563 ad
1698 2506 1803 2565 fol.

159 2602 272 2659 158
341 2601 643 2672 quasdam
701 2601 1090 2659 narrationes
1135 2601 1435 2660 continuo
1483 2603 1659 2675 sequi
1710 2603 1807 2661 in-

152 2697 456 2771 scriptas:
504 2709 760 2773 Διὴγησις
799 2704 854 2757 Et
902 2712 992 2756 τοῦ
1048 2702 1169 2776 βίου
1223 2712 1315 2756 τοῦ
1366 2704 1529 2758 ’Ᾱϐϐᾱ
1585 2706 1799 2764 Δανιὴλ.

154 2802 248 2855 Ἠν
280 2821 359 2863 τις
398 2806 560 2874 γέρων
612 2801 747 2873 ἒντῇ
805 2806 1069 2874 nam...
1121 2803 1231 2881 (2).
1289 2806 1500 2880 Itaque
1551 2807 1810 2866 alteram

150 2903 458 2962 habemus
496 2903 1107 2976 Apophthegmatum
1160 2905 1596 2976 appendicem,
1647 2920 1811 2977 quae

147 3007 376 3067 tamen,
413 3016 612 3073 quum
674 3000 931 3059 nomina
972 3016 1215 3067 senum,
1251 3001 1331 3059 de
1381 3002 1614 3073 quibus
1670 3002 1808 3074 agi—

152 3105 271 3167 tur,
306 3099 624 3170 adscripta
647 3098 790 3165 sint,
822 3098 1042 3156 eadem
1076 3099 1209 3165 illa,
1238 3099 1421 3173 cujus
1452 3100 1809 3172 Apophthe-

150 3202 430 3269 gmatum
477 3196 783 3269 praefatio
837 3203 1166 3268 memorat,
1233 3212 1369 3255 esse
1427 3198 1666 3270 nequit.
1732 3199 1810 3255 De

153 3294 440 3352 Macariis
477 3294 623 3351 huic
665 3294 843 3351 alteri
900 3294 1365 3354 membranacei
1418 3295 1653 3353 codicis
1704 3311 1809 3368 ap-

154 3391 405 3464 pendici
439 3391 593 3449 nihil
626 3392 806 3450 inest.

224 3489 357 3547 lam
422 3492 667 3562 praeter
731 3489 843 3547 illa
916 3490 1457 3564 Apophthegmata
1523 3496 1583 3549 et
1650 3506 1810 3565 quae

150 3602 292 3646 cum
324 3586 408 3645 iis
450 3586 811 3661 cohaerent,
855 3588 979 3646 alia
1028 3603 1279 3661 quoque
1322 3588 1619 3647 nonnulla
1652 3588 1812 3661 Apo-

220 3823 300 3895 (1)
327 3823 577 3879 Coteler.
611 3822 767 3880 Eccl.
810 3825 1011 3880 Graec.
1043 3828 1193 3882 Mon.
1226 3825 1290 3879 T.
1324 3826 1345 3879 Ι
1377 3842 1433 3897 p.
1465 3829 1567 3882 339
1599 3843 1612 3882 :
1642 3826 1812 3879 Ἐπει-

156 3908 220 3970 δὴ
248 3909 306 3963 δέ
336 3912 443 3964 εἰσι
490 3916 577 3963 καὶ
634 3914 796 3985 ἕτεροι
846 3912 992 3982 λόγοι
1040 3919 1290 3987 γερόντων
1342 3913 1502 3986 ἁγίων
1541 3920 1630 3968 καὶ
1677 3918 1813 3987 πρά-

157 4001 260 4063 ξεις
314 4005 387 4071 μὴ
465 4000 791 4072 ἰμφοιίνοντες
854 4006 918 4054 τὰ
975 4002 1204 4074 ὀνόματα
1268 4011 1367 4054 τῶν
1423 4023 1475 4055 τε
1532 4004 1813 4078 εἰρηκότων

150 4089 353 4149 αὐτοὺς
410 4094 496 4141 καὶ
564 4090 890 4165 πραξάντων,
954 4094 1171 4154 τούτους
1224 4095 1353 4163 μετὰ
1419 4096 1511 4150 τὴν
1578 4092 1815 4165 συμπλὴ-

153 4197 318 4249 ρωσιν
349 4185 449 4228 τῶν
479 4181 614 4230 κατὰ
644 4183 912 4251 στοιχὲῖον
938 4182 985 4232 ἓν
1016 4181 1312 4253 κεφαλαίοις
1344 4181 1633 4253 ἐξιθέμεθα.

220 4266 299 4337 (2)
335 4269 582 4322 Brevem
614 4268 726 4323 hoc
756 4268 890 4323 loco
916 4270 1187 4325 notitiam
1220 4285 1439 4335 rerum,
1471 4286 1628 4341 quae
1652 4272 1712 4325 in
1735 4270 1817 4326 al-

154 4362 274 4412 tera
311 4356 450 4420 hac.
488 4357 935 4413 membranacei
966 4358 1209 4426 codicis,
1250 4359 1583 4430 appendice
1628 4360 1817 4415 conti-

152 4450 391 4509 nentur,
438 4460 579 4499 cum
613 4444 829 4501 lectore
876 4448 1322 4503 communicare
1352 4447 1536 4502 lubet.
1570 4448 1676 4503 Ubi
1713 4447 1814 4503 fol.

158 4534 273 4599 141,
308 4538 341 4588 2
370 4563 442 4574 —
470 4532 572 4588 fol.
606 4533 709 4589 158
748 4534 1125 4591 narrationes
1162 4542 1390 4606 septem
1432 4535 1709 4606 leguntur
1738 4537 1819 4593 ita

150 4622 476 4694 inscriptae
510 4637 524 4676 :
558 4627 600 4674 Ι.
652 4626 976 4694 Διήγησιε,
1029 4623 1091 4675 ἐκ
1122 4630 1232 4677 τοῦ
1295 4623 1447 4696 βίου
1498 4631 1608 4677 τοῦ
1658 4623 1820 4678 ἀϐϐᾶ

156 4712 415 4768 Δανιὴλ.
465 4710 565 4763 Ἦν
595 4729 671 4772 τις
692 4716 853 4783 γέρων
885 4712 935 4764 ἐν
969 4721 1029 4786 τῇ
1065 4717 1235 4785 Σκήτῃ
1265 4712 1479 4785 ὀνόματι
1511 4713 1699 4772 Δανιὴλ
1728 4718 1818 4766 καὶ

150 4795 257 4868 ιῖχι
282 4802 557 4870 μαθητήν.
596 4806 906 4870 συνῴκησαν
933 4797 993 4853 δὲ
1031 4809 1103 4871 τῷ
1133 4804 1343 4874 μαθητῇ
1375 4802 1536 4854 αὐτοῦ
1575 4822 1633 4859 κ.
1665 4822 1717 4860 τ.
1756 4802 1810 4857 λ.

154 4891 216 4940 II.
246 4894 401 4960 Περὶ
445 4894 561 4938 τοῦ
627 4884 908 4960 ἀδελφοῦ
955 4888 1078 4941 ἀπὸ
1130 4892 1456 4963 ὀμμάτων.
1519 4896 1618 4947 III.
1670 4894 1817 4964 Περὶ

150 4983 264 5035 τῆς
308 4978 506 5045 ἁγίας
564 4979 675 5027 καὶ
726 4982 1052 5048 σώφρονος
1100 4984 1321 5053 κόρης.
1379 4979 1477 5035 IV.
1528 4984 1677 5052 Περὶ
1716 4987 1820 5040 τῆς

148 5069 553 5139 turgentia;
637 5069 1250 5139 μιτονοριασθείσης
1328 5067 1663 5139 εὐνοῦχος.
1744 5070 1809 5122 V.

148 5159 295 5225 Περὶ
337 5153 861 5227 ἀργυροπράτου
921 5161 1032 5208 καὶ
1079 5164 1193 5218 τῆς
1235 5159 1549 5228 γυναικὸς
1589 5156 1808 5212 αὐτοῦ.

149 5242 235 5295 Ἠν
257 5263 342 5304 τις
382 5242 800 5315 ἀργυροπρσίτης
824 5242 874 5296 ἐν
915 5244 1222 5318 Ἀντιοχείᾳ
1262 5253 1323 5318 τῇ
1359 5246 1554 5318 μεγάλῃ
1582 5250 1819 5319 νεώτερος

147 5332 361 5405 began
402 5328 830 5404 Ἀνδρονίκοςκ.
872 5353 926 5390 τ.
961 5333 1015 5389 λ.
1066 5336 1158 5393 VI.
1229 5341 1380 5409 Περὶ
1446 5343 1559 5397 τῆς
1623 5354 1821 5408 προσ-

147 5426 559 5495 ποιουμένης
610 5423 900 5494 μεθύειν.
939 5423 1059 5481 VII.
1125 5429 1269 5498 Περὶ
1323 5432 1434 5478 τοῦ
1484 5429 1809 5496 Λατὸμου.

150 5509 245 5565 His
275 5513 468 5583 igitur
518 5510 818 5582 capitibus
872 5512 1061 5570 codex
1092 5515 1471 5571 terminatur.
1514 5513 1822 5570 Recentior

151 5614 369 5658 manus
392 5601 461 5658 in
490 5599 613 5657 ﬁne
643 5599 1004 5675 adscripsit:
1036 5603 1208 5665 τέλος
1245 5611 1368 5656 τῶν
1415 5603 1822 5675 ἀποφθεγμά-

154 5704 269 5740 των
317 5694 431 5745 καὶ
465 5689 763 5764 πράξεων
812 5700 929 5744 τῶν
978 5690 1176 5763 ἁγίων
1217 5694 1521 5767 πατίρων,
1546 5706 1705 5765 quae
1735 5705 1824 5747 re-

1918 552 2144 613 Pritius
2180 557 2376 616 edidit
2444 558 2553 635 (3),
2614 559 3082 631 adhibebimus,
3128 573 3242 618 nec
3298 574 3420 619 non
3474 574 3574 635 ea,

1916 666 2075 723 quae
2105 655 2334 725 passim
2379 656 2442 713 in
2495 656 2637 714 vitis
2676 655 3067 725 Sanctorum,
3125 672 3279 729 quas
3322 657 3576 719 Bollan-

1916 748 2110 807 distae
2167 752 2516 820 ediderunt,
2572 754 2877 811 habemus
2907 750 3026 828 (Ii).
3084 755 3275 812 Porro
3305 769 3466 827 quae
3498 754 3575 813 de

1916 846 2105 907 exilio
2162 864 2381 909 senum
2435 852 2827 924 temporibus
2897 850 3068 909 illius
3123 852 3575 925 persecutionis

1915 959 1951 1001 a
2002 945 2187 1006 Lucio
2238 948 2539 1007 excitatae
2567 964 2603 1007 e
2658 949 2896 1016 Ruﬁno,
2967 949 3218 1007 Socrate
3278 953 3340 1008 et
3390 950 3575 1009 Sozo-

1916 1056 2101 1102 meno
2153 1051 2542 1119 repetuntur,
2594 1061 2717 1106 non
2773 1046 3155 1114 omittemus,
3217 1061 3288 1104 ac
3363 1047 3573 1106 locum

1917 1141 2186 1215 denique
2260 1158 2295 1202 e
2352 1144 2474 1202 vita
2522 1145 2580 1204 S.
2635 1145 2979 1203 Posthumii
3047 1143 3570 1212 examinabimus,

1917 1240 2144 1312 quolis
2184 1241 2261 1299 de
2300 1243 2566 1301 Macario
2610 1245 2668 1301 S.
2726 1243 2968 1302 Antonii
3024 1241 3360 1315 discipulo,
3424 1255 3575 1301 num

1919 1353 2080 1396 unus
2109 1354 2182 1397 ex
2229 1341 2456 1399 nostris
2490 1341 2774 1400 Macariis
2848 1341 3059 1414 fuerit,
3117 1354 3231 1399 nec
3282 1355 3382 1409 ne,
3438 1339 3576 1398 dis-

1919 1441 2209 1495 cernatur
2266 1436 2370 1513 (5).
2416 1439 2625 1511 Neque
2698 1453 2852 1497 vero
2904 1443 3186 1497 nostrum
3228 1451 3364 1495 esse
3411 1436 3569 1496 illud

1920 1534 2123 1591 visum
2152 1543 2264 1605 est,
2319 1550 2542 1594 eorum
2600 1551 2854 1609 quoque
2911 1536 3215 1595 Historiae
3272 1534 3573 1594 Ecclesia-

1920 1632 2109 1690 sticae
2166 1633 2567 1706 scriptorum,
2611 1634 2719 1707 qui
2770 1634 3045 1692 fontibus
3074 1633 3202 1694 illis
3252 1632 3573 1706 primariis

1922 1729 2290 1798 innituntur,
2327 1746 2402 1790 ex
2455 1732 2657 1805 iisque
2683 1745 2785 1789 res
2809 1736 2868 1788 et
2920 1730 3110 1788 verba
3140 1731 3504 1798 hauserunt,
3537 1744 3572 1788 e

1921 1842 2190 1900 quorum
2218 1843 2483 1888 numero
2537 1829 2845 1901 Socrates,
2892 1828 3295 1894 Sozomenus,
3345 1827 3572 1886 deinde

1919 1925 2158 1988 Suidas,
2228 1926 2615 1998 Nicephorus
2660 1925 2945 1985 Callistus
2974 1930 3140 1996 sunt,
3183 1926 3351 1983 locos
3403 1923 3573 1981 rela—

1922 2022 2244 2095 tionesque
2270 2022 2333 2080 in
2368 2024 2646 2082 medium
2696 2023 3002 2096 proferre,
3058 2021 3295 2095 quippe
3337 2021 3571 2094 quibus

1920 2134 2144 2193 parum
2177 2120 2483 2193 proficere
2541 2122 2872 2194 possimus.
2912 2121 3207 2179 Attamen
3234 2134 3343 2177 eos
3372 2117 3574 2177 brevi-

1920 2222 2015 2275 ter
2029 2233 2351 2276 recensere
2379 2234 2416 2277 a
2441 2233 2507 2276 re
2534 2219 2810 2278 alienum
2843 2233 2965 2277 non
2996 2233 3129 2276 esse
3157 2218 3397 2290 putavi.

1999 2316 2262 2374 Stratam
2319 2316 2510 2388 igitur
2558 2318 2723 2375 viam
2774 2316 3065 2375 alacriter
3101 2316 3226 2373 iam
3258 2330 3421 2374 nunc
3478 2315 3573 2373 in-

1919 2412 2231 2480 sistamus,
2284 2412 2543 2486 singulis
2571 2414 2649 2472 de
2694 2413 2975 2472 Macariis
3030 2414 3095 2471 in
3149 2427 3345 2471 unum
3397 2426 3573 2471 com-

1922 2515 2220 2584 ponentes
2284 2516 2344 2570 et
2397 2513 2631 2570 claram
2707 2512 3129 2585 idoneamque
3178 2526 3399 2570 eorum
3444 2510 3575 2569 efﬁ-

1919 2608 2105 2681 giem,
2185 2613 2484 2682 quantum
2550 2625 2907 2688 possumus,
2990 2609 3410 2682 depingentes.
3490 2610 3574 2667 Ac

1923 2706 2199 2780 primum
2243 2707 2499 2781 quidem
2549 2707 2890 2766 Palladium
2939 2712 3158 2766 testem
3219 2707 3571 2765 audiamus.

2574 2802 2814 2865 CAPUT
2844 2805 2917 2863 II.

2018 2917 2383 2962 PALLADIUS
2408 2920 2493 2960 DE
2521 2917 2773 2961 SANCTO
2800 2917 3092 2960 MACARIO
3124 2917 3474 2961 AEGYP'I‘IO.

2000 2997 2164 3075 §12.
2228 3000 2480 3058 Palladii
2534 2999 2804 3057 Historia
2848 3000 3160 3065 Lausiaca,
3219 3015 3378 3072 quae
3404 2999 3579 3057 codi-

1918 3097 2098 3155 cibus
2126 3097 2710 3156 Vindobonensibus
2758 3097 3136 3164 continetur,
3195 3097 3273 3154 de
3328 3096 3577 3155 duobus

1920 3195 2203 3253 Macariis
2252 3194 2470 3268 incipit
2530 3196 2650 3254 hoc
2706 3195 2898 3254 modo
2958 3211 2970 3250 :
3014 3216 3035 3247 ι
3102 3192 3468 3253 Sanctorum
3517 3200 3578 3254 et

1921 3293 2375 3353 immortalium
2418 3298 2688 3367 patrum,
2739 3293 2989 3352 Macarii
3035 3293 3318 3367 Aegyptii
3366 3297 3425 3351 et
3459 3294 3578 3350 Ma-

1920 3391 2073 3449 carii
2105 3388 2223 3461 38
2257 3390 3093 3464 Alexandrini,egregiorum
3112 3396 3172 3448 et
3200 3391 3578 3449 invictorum

1920 3490 2318 3561 athletarum,
2400 3489 2694 3547 honestae
2764 3490 2927 3547 vitae
2987 3489 3353 3561 certamina,
3416 3502 3580 3563 quae

1920 3592 2064 3647 sunt
2092 3587 2288 3645 multa
2316 3589 2379 3643 et
2410 3602 2652 3661 magna,
2708 3601 2932 3645 vereor
2976 3586 3185 3645 dicere
3237 3591 3297 3645 et
3348 3586 3582 3646 descri-

1922 3823 2145 3895 spicere
2176 3822 2455 3877 videntur
2490 3821 2566 3876 ad
2594 3820 2889 3875 vocabula
2920 3820 2998 3874 ab
3039 3820 3250 3875 eadem
3301 3836 3488 3875 manu
3518 3821 3578 3878 in

1922 3912 2063 3967 folio
2093 3911 2406 3965 chartaceo
2433 3908 2609 3963 fronti
2654 3908 2878 3962 codicis
2909 3906 3279 3975 adglutinato
3316 3907 3573 3977 scripta:

1926 3999 2148 4074 βίϐλος
2204 4000 2622 4071 περιέχουσα
2679 3996 3193 4068 Ἀποφθέγματα
3249 4000 3357 4047 καὶ
3413 3998 3576 4069 προί-

1925 4090 2057 4152 ξεις
2088 4088 2284 4160 ἁγίων
2323 4090 2619 4159 πατέρὼν
2661 4086 3235 4157 συναθροισθεῖσα
3281 4085 3396 4136 ὑπὸ
3428 4081 3579 4137 δια·-

1926 4182 2130 4253 φόρων
2182 4176 2379 4248 ἁγίων
2440 4179 2545 4227 καὶ
2608 4182 2815 4247 σοφῶν
2871 4169 3139 4247 ἀνδρῶν.
3200 4173 3580 4245 Apophtheg-

1928 4275 2087 4324 mata
2117 4272 2337 4331 autem,
2364 4281 2520 4337 quae
2543 4265 2764 4320 codicis
2788 4262 2884 4319 fol.
2918 4264 2968 4328 1,
2996 4264 3227 4329 1-141,
3251 4267 3284 4317 2
3303 4263 3581 4333 leguntur

1925 4358 2040 4413 hoc
2068 4355 2236 4411 titulo
2262 4353 2517 4425 antiqua
2552 4370 2741 4409 manu
2770 4352 2984 4424 scripto
3020 4370 3032 4408 :
3091 4350 3315 4423 βίϐλος
3370 4354 3580 4425 περιό-

1927 4464 2148 4517 χουσα
2232 4444 2759 4515 ’Λποφθέγματα
2844 4444 2955 4493 καί
3024 4441 3303 4514 πράξεις
3378 4441 3580 4512 ἁγίων

1929 4553 2051 4587 πατ
2066 4538 2127 4605 ίρ
2144 4552 2221 4585 ων
2253 4530 2554 4602 insignata
2576 4535 2734 4585 sunt.

1998 4622 2075 4692 (3)
2103 4621 2437 4676 Thesaurus
2478 4619 2777 4674 Asceticus
2819 4617 2943 4673 sive
2974 4620 3297 4689 syntagma
3327 4633 3583 4689 opuscu-

1926 4710 2121 4767 lorum
2172 4706 2505 4764 octodecim
2554 4723 2590 4761 a
2634 4705 2863 4774 graecis
2908 4704 3049 4760 olim
3081 4705 3352 4776 patribus
3400 4706 3473 4761 de
3520 4723 3582 4765 re

1928 4798 2183 4854 ascetica
2213 4797 2588 4866 scriptorum.
2624 4797 2704 4849 Ea
2725 4810 2885 4849 nunc
2919 4794 3179 4864 primum
3220 4794 3518 4865 prodeunt
3548 4812 3579 4852 e

1929 4884 2346 4943 vetustissimis
2368 4900 2510 4937 mss.
2537 4883 2847 4938 codicibus
2869 4886 3058 4947 eruta,
3074 4881 3384 4939 collectore
3404 4888 3583 4956 atque

1927 4978 2238 5046 interprete
2268 4974 2437 5027 Petro
2477 4971 2726 5027 Possiuo
2764 4973 2895 5027 Soc.
2929 4972 3090 5025 Jesu.
3136 4972 3376 5027 Parisiis
3422 4977 3580 5039 1684,

1926 5067 1979 5122 li.
2008 5061 2527 5136 Apophthegmata
2565 5066 2799 5115 exstant
2831 5077 2887 5132 p.
2928 5063 3029 5115 243
3072 5076 3207 5133 sqq.
3251 5064 3448 5117 Sancti
3480 5064 3584 5119 Pa-

1929 5156 2028 5211 tris
2055 5150 2291 5210 Macarii
2334 5149 2612 5221 Aegyptii
2662 5148 2955 5220 opuscula
3000 5149 3293 5205 nonnulla
3335 5156 3389 5206 et
3438 5168 3584 5223 apo-

1929 5244 2321 5315 phthegmata
2353 5238 2446 5295 ed.
2476 5241 2562 5295 .Io.
2606 5237 2894 5308 Georgius
2926 5238 3137 5293 Pritius
3166 5238 3394 5309 Lipsiae
3421 5242 3581 5296 1699.

1926 5332 2449 5403 Apophthegmata
2490 5333 2723 5384 exstant
2766 5344 2825 5399 p.
2868 5327 2966 5383 231
3003 5343 3137 5399 sqq.
3190 5330 3390 5399 anue
3426 5330 3584 5401 typis

1927 5417 2553 5491 repetivimusinfrain
2571 5417 2789 5473 harum
2803 5417 3226 5489 quaestionum
3239 5418 3585 5490 Appendice

1930 5509 2115 5566 altera
2147 5505 2261 5563 sub
2288 5506 2361 5562 ll.

2001 5597 2077 5669 (4)
2104 5595 2189 5652 Cf.
2220 5594 2377 5653 infra
2409 5595 2600 5666 Caput
2625 5594 2738 5650 VII.

2004 5688 2082 5758 (5)
2108 5684 2191 5743 Cf.
2224 5683 2379 5740 infra
2410 5683 2596 5757 Caput
2622 5683 2765 5741 VIII.
