4094 6208
490 346 561 405 '39

1373 336 1478 393 SS.
1524 330 2000 392 MACARIORUM
2040 323 2375 381 AEGYPTII
2418 322 2504 379 ET
2544 323 3033 379 ALEXANDRINI

3840 326 3914 378 40

490 478 662 542 bere,
698 487 773 530 ne
805 471 902 539 iis,
962 466 1069 539 qui
1128 465 1274 523 talia
1333 464 1541 523 minus
1587 468 1833 533 curant,
1878 458 2144 518 mendax
2183 454 2220 505 A
2259 452 2345 510 ibi
2434 453 2731 517 habitant,
2808 467 3190 525 unoquoque
3243 466 3494 524 semper
3544 452 3917 524 proximum

485 588 621 633 esse
674 570 883 627 videar
942 570 1201 638 propter
1233 563 1604 621 immensam
1652 556 2144 633 magnitudinem

486 666 1005 729 exercitationum
1080 661 1243 718 vires
1341 665 1597 719 naturae
1684 653 2139 716 excedentium.

486 766 603 825 Sed
662 770 723 821 et
778 775 999 819 eorum
1052 758 1273 830 gratia,
1333 758 1443 829 qui
1495 757 1833 815 virtutibus
1889 752 2148 824 spiritus

486 862 687 923 ornati
739 860 902 917 dona
960 856 1175 915 divina
1234 856 1471 927 experti
1532 861 1674 913 sunt
1710 852 1913 925 dignis
1937 846 2145 907 distri-

489 964 657 1027 buta,
712 958 972 1014 virtutes
1035 952 1343 1011 enarrabo
1418 958 1775 1011 sanctorum
1844 945 2147 1006 Macario-

490 1072 655 1122 rum,
717 1055 825 1126 qui
885 1052 1140 1109 nomina
1192 1065 1443 1122 quoque
1500 1049 1728 1108 sanctis
1776 1046 1906 1105 suis
1956 1047 2147 1102 certa-

493 1155 772 1214 minibus
828 1162 1107 1208 asceseos
1176 1149 1359 1220 digna
1443 1148 1864 1221 possidebant.
1930 1162 1960 1196 n
2020 1140 2149 1208 Qua

489 1248 791 1322 singulari
858 1252 1043 1319 atque
1138 1244 1386 1302 insolita
1474 1243 1932 1302 introductione
2005 1251 2152 1295 usus

490 1347 800 1406 Palladius
845 1343 1141 1401 Macarios
1168 1357 1316 1400 sane
1369 1357 1517 1414 prae
1576 1341 1800 1399 ceteris
1865 1337 2143 1405 senibus,

492 1458 766 1519 quorum
790 1458 888 1505 res
912 1445 1109 1513 gestas
1166 1440 1460 1506 narravit,
1522 1452 1901 1511 magnOpere
1963 1448 2152 1507 prae-

492 1543 677 1601 dicat.
709 1543 796 1598 Ac
826 1540 1027 1612 pergit
1061 1538 1144 1594 ita
1184 1552 1441 1595 narrare
1477 1556 1487 1594 :
1526 1558 1547 1588 ι
1588 1537 1865 1594 Primum
1892 1531 2149 1605 quidem

496 1640 743 1697 Macarii
793 1635 1100 1709 Aegyptii,
1152 1636 1258 1707 qui
1316 1635 1467 1692 vixit
1521 1636 1796 1707 integros
1822 1629 2152 1702 nonaginta

497 1751 713 1809 annos,
773 1736 1032 1792 virtutes
1108 1733 1449 1805 proferam.
1517 1732 1571 1789 ls
1624 1727 1688 1789 in
1745 1727 2152 1788 solitudinem

495 1834 747 1906 triginta
824 1846 1017 1889 annos
1083 1836 1263 1887 natus
1308 1830 1607 1896 ascendit,
1669 1830 1733 1886 in
1786 1842 1909 1899 qua
1961 1837 2155 1882 annos
2188 1803 2229 1857 Β

496 1930 811 2001 sexaginta
833 1928 1093 2001 peregit.
1154 1928 1343 1983 Tanta
1404 1926 1652 1985 labores
1692 1921 2156 1982 exercitationis

496 2025 1029 2087 tulitconstantia,
1074 2028 1147 2093 ut
1202 2028 1340 2095 post
1410 2024 1625 2081 decem
1684 2035 1878 2079 annos
1930 2016 2155 2090 insigni

494 2126 768 2198 quadam
852 2121 1247 2179 distinctione
1321 2121 1544 2193 dignus
1637 2119 1887 2177 habitus
1966 2109 2158 2164 παιδα-

496 2224 744 2294 ριογέρων
789 2225 1138 2290 vocaretur,
1191 2218 1338 2290 quia
1396 2219 1601 2289 citius,
1636 2231 1823 2289 quam
1898 2229 2011 2287 pro
2061 2228 2159 2270 ae-

497 2324 642 2385 tate,
695 2316 1032 2375 virtutibus
1090 2316 1458 2387 profecerat.
1516 2314 1929 2386 Quadraginta
1989 2311 2157 2369 enim

498 2430 694 2475 annos
748 2418 925 2472 natus
968 2418 1335 2484 potestatem
1384 2412 1736 2485 expellendi
1795 2411 2156 2480 daemones,

498 2515 762 2586 gratiam
837 2508 1201 2575 curationis,
1295 2509 1715 2580 spiritumque
1794 2506 2160 2578 prophetiae

501 2610 760 2681 accepit,
817 2612 877 2665 et
931 2606 1286 2665 honorabili
1361 2620 1613 2678 quoque
1670 2604 2016 2662 sacerdotio
2069 2601 2162 2659 di-

498 2722 657 2781 gnus
720 2704 1108 2764 existimatus
1174 2708 1285 2761 est.
1336 2702 1488 2760 Cum
1556 2702 1693 2773 ipso
1742 2701 1866 2757 duo
1912 2698 2161 2757 habita-

502 2807 649 2863 bant
696 2802 988 2874 discipuli
1038 2801 1100 2858 in
1152 2800 1368 2858 intima
1414 2798 1770 2865 solitudine,
1837 2812 1997 2869 quae
2054 2811 2153 2854 vo-

497 2909 672 2961 catur
694 2901 890 2959 Scete.
925 2898 1203 2967 Quorum
1233 2913 1392 2955 unus
1435 2910 1685 2967 semper
1718 2908 1918 2967 prope
1980 2894 2161 2951 illum

494 3005 627 3058 erat
655 3011 877 3057 eorum
936 3010 1144 3065 causa,
1195 2994 1303 3067 qui
1338 2996 1696 3058 veniebant,
1754 2998 1818 3050 ut
1861 3006 2161 3050 curaren-

495 3102 643 3163 tur;
698 3097 853 3153 alter
897 3107 1179 3152 seorsum
1231 3092 1487 3149 sedebat
1546 3092 1609 3148 in
1665 3090 1922 3162 propria
1978 3090 2154 3148 cella.

2256 551 2445 608 variis
2474 551 2633 609 vitae
2677 552 2978 609 institutis
3033 550 3280 607 vincere
3312 550 3742 607 contendente.
3800 552 3928 607 At-

2256 663 2377 719 que
2410 648 2487 704 ad
2519 648 2705 705 aliam
2767 648 2955 719 hujus
3008 647 3125 704 viri
3186 647 3691 705 exercitationem
3742 648 3930 720 quod

2256 750 2514 817 spectat,
2548 746 2680 818 ipse
2718 746 3045 804 dicebatur
3100 745 3360 803 adsidue
3407 746 3468 802 in
3500 745 3717 803 ecstasi
3750 760 3925 818 esse,

2257 848 2317 901 et
2346 844 2571 915 majori
2605 850 2889 917 tempore
2930 845 3053 902 Deo
3106 843 3302 915 magis
3331 858 3519 914 quam
3568 845 3756 902 rebus
3797 849 3936 902 ter-

2258 942 2427 999 renis
2470 941 2791 1014 occupari.
2852 942 2975 1000 Nec
3029 956 3223 1014 pauca
3278 942 3562 1000 feruntur
3610 942 3934 999 miracula

2258 1039 2337 1096 ab
2364 1054 2440 1097 eo
2466 1044 2741 1112 peracta.

2343 1156 2371 1187 «
2424 1136 2816 1197 Libidinosus
2871 1138 3123 1210 quidam
3184 1139 3395 1197 homo.
3452 1137 3791 1212 Aegyptius
3812 1151 3929 1208 ge—

2260 1248 2430 1301 nere,
2503 1240 2720 1308 captus
2787 1241 2919 1295 erat
2995 1250 3209 1293 amore
3259 1234 3583 1293 cuiusdam
3644 1234 3929 1307 pudicae

2259 1332 2568 1404 mulieris,
2614 1349 2772 1406 quae
2812 1335 2948 1392 viro
2998 1338 3316 1405 nupserat.
3367 1332 3573 1401 Quum
3609 1332 3937 1391 desiderio

2262 1430 2688 1501 frustraretur,
2742 1430 3032 1489 convenit
3090 1445 3362 1502 magum,
3423 1429 3523 1487 cui
3580 1446 3591 1485 :
3644 1430 3780 1498 Fac,
3830 1429 3937 1486 in-

2261 1528 2415 1599 quit,
2470 1533 2599 1585 arte
2644 1534 2770 1595 tua,
2823 1535 2927 1586 aut
2960 1534 3025 1585 ut
3056 1534 3221 1585 amet
3270 1542 3391 1593 me,
3426 1532 3533 1585 aut
3562 1533 3627 1585 ut
3660 1527 3937 1585 maritus

2260 1640 2400 1684 eam
2478 1627 2643 1684 foras
2707 1626 2942 1685 eiiciat.
3025 1627 3253 1699 Magus,
3301 1640 3463 1699 quae
3522 1631 3767 1699 poterat
3814 1640 3929 1684 ex-

2264 1729 2498 1796 pertus,
2554 1724 2853 1796 quoniam
2903 1730 3141 1782 castum
3186 1725 3322 1795 ejus
3365 1724 3646 1782 animum
3704 1725 3941 1783 dimo-

2262 1835 2407 1879 vere
2438 1835 2560 1879 non
2600 1828 2826 1894 posset,
2877 1821 3100 1888 effecit,
3137 1826 3204 1879 ut
3250 1836 3409 1893 equa
3441 1822 3757 1880 videretur
3812 1822 3925 1887 iis,

2264 1919 2372 1992 qui
2443 1934 2581 1976 eam
2648 1920 3071 1978 intuebantur.
3126 1920 3380 1977 Maritus
3426 1932 3574 1992 ergo
3622 1920 3756 1992 ejus
3813 1919 3930 1977 ubi

2266 2018 2431 2076 foras
2455 2019 2641 2089 venit,
2694 2018 2753 2075 in
2803 2018 3003 2075 forma
3064 2033 3262 2089 equae
3319 2032 3459 2075 eam
3521 2018 3925 2089 conspicatus

2265 2114 2568 2187 ingemuit
2608 2130 2678 2172 ac
2717 2114 2884 2173 ﬂevit
2925 2115 3001 2172 de
3044 2115 3139 2181 iis,
3192 2128 3354 2187 quae
3394 2114 3768 2173 acciderant.
3806 2113 3937 2173 Vo-

2267 2214 2419 2271 catis
2460 2213 2686 2270 deinde
2720 2212 2838 2270 vici
2884 2213 3269 2286 presbyteris
3309 2226 3447 2269 eam
3483 2212 3778 2282 ostendit,
3821 2212 3937 2269 sed

2269 2326 2345 2367 ne
2377 2310 2441 2367 hi
2475 2310 2731 2382 quidem
2779 2324 2913 2367 rem
2966 2311 3429 2367 intellexerunt.
3489 2309 3689 2378 Quum
3738 2311 3941 2382 igitur

2269 2408 2385 2466 illa
2444 2407 2647 2464 tribus
2711 2408 2936 2465 diebus
3010 2408 3165 2465 nihil
3219 2408 3479 2465 omnino
3534 2408 3937 2477 comedisset,

2271 2510 2657 2577 postremum
2725 2506 2903 2575 Deus,
2971 2510 3250 2562 sanctum
3321 2519 3502 2562 suum
3556 2505 3943 2577 gloriﬁcatu-

2271 2618 2398 2673 rus,
2427 2602 2864 2674 cogitationem
2923 2602 3149 2661 marito
3207 2602 3422 2660 iniecit
3472 2602 3738 2661 adeundi
3783 2617 3936 2661 cum

2270 2714 2343 2757 ea
2384 2705 2664 2757 sanctum
2719 2699 2923 2757 virum
2969 2701 3032 2757 in
3075 2700 3457 2769 solitudine;
3509 2715 3703 2773 quare
3743 2701 3796 2757 is
3830 2716 3940 2758 ca-

2272 2798 2467 2871 pistro
2521 2796 2769 2869 ligatam
2832 2804 2900 2856 ut
2974 2812 3200 2870 equam
3250 2798 3451 2865 duxit,
3504 2797 3611 2856 ubi
3677 2798 3773 2856 vir
3825 2799 3937 2857 Dei

2271 2895 2610 2953 habitabat.
2666 2896 3218 2968 Appropinquanti
3274 2896 3544 2953 fratres:
3602 2896 3781 2964 Quid,
3839 2896 3941 2954 in-

2270 2993 2513 3066 quiunt,
2550 2993 2671 3051 huc
2714 3007 2938 3066 equam
2969 2992 3338 3052 adduxisti?
3398 2994 3504 3051 llle
3551 2995 3888 3065 respondet
3922 3015 3937 3051 :

2273 3091 2343 3150 Ut
2392 3090 2532 3149 iusti
2583 3091 2864 3149 oratione
2934 3091 3435 3149 misericordiam
3489 3097 3937 3163 consequatur.

494 3156 870 3252 Procedente
914 3198 1120 3249 autem
1169 3195 1451 3261 tempore
1498 3188 1593 3245 vir
1632 3156 1879 3245 sanctus
1923 3186 2161 3258 perspi-
2202 3156 2240 3210 Ο
2273 3189 2345 3245 At
2376 3187 2438 3247 hi
2484 3203 2496 3244 :
2531 3186 2685 3255 Quid
2750 3189 2998 3246 tandem
3060 3188 3205 3245 mali
3252 3186 3500 3246 habet?
3531 3156 3881 3261 Respondet
3921 3208 3936 3243 :

497 3291 629 3349 caci
686 3290 871 3347 oculo
915 3286 1309 3358 praevidens,
1378 3286 1461 3354 ei,
1509 3284 1617 3356 qui
1667 3285 1787 3341 sibi
1850 3284 2163 3341 ministra-

498 3388 625 3457 bat,
703 3383 955 3443 Joannis
1022 3382 1298 3451 nomine,
1377 3382 1485 3453 qui
1551 3386 1764 3453 postea
1834 3382 2163 3452 presbyter

496 3484 695 3541 factus
732 3488 824 3538 est
876 3481 939 3537 in
984 3480 1185 3552 ipsius
1230 3479 1431 3536 vicem
1468 3496 1479 3534 :
1544 3476 1728 3549 Audi,
1772 3477 1997 3550 inquit,
2041 3478 2161 3535 fra-

496 3586 613 3646 ter,
677 3593 882 3637 meam
939 3576 1456 3643 admonitionem,
1518 3577 1817 3648 quoniam
1862 3584 1920 3634 te
1969 3580 2160 3634 tentat

496 3678 757 3751 spiritus
804 3674 1119 3733 avaritiae.
1162 3671 1252 3732 Ita
1294 3674 1461 3732 enim
1515 3672 1810 3745 equidem
1851 3673 2003 3745 vidi,
2057 3688 2159 3730 ne-

495 3791 618 3850 que
650 3776 892 3847 ignoro,
924 3774 975 3829 si
1029 3786 1232 3829 meam
1267 3784 1469 3844 aequo
1518 3770 1729 3829 animo
1780 3770 1997 3828 tuleris
2045 3785 2157 3828 ex-

494 3874 943 3941 hortationem,
989 3870 1051 3928 in
1108 3884 1301 3941 opere
1361 3869 1463 3927 Dei
1518 3869 1638 3927 hoc
1688 3867 1827 3927 loco
1869 3882 2157 3925 consum-

498 3978 818 4031 maturum
869 3977 928 4028 te
978 3981 1114 4027 esse
1155 3967 1628 4041 gloriosumque
1681 3967 1812 4025 fore
1856 3972 1916 4025 et
1956 3966 2157 4038 ﬂagel-

492 4071 625 4128 lum
682 4084 805 4126 non
865 4065 1515 4138 appropinquaturum
1564 4064 1964 4122 tabernaculo
2010 4070 2143 4121 tuo.

496 4169 571 4223 At
595 4166 646 4221 si
676 4179 775 4220 me
815 4178 937 4219 non
984 4160 1279 4223 audieris,
1333 4160 1500 4217 Giezi
1547 4159 1611 4216 in
1642 4164 1699 4216 te
1748 4160 1889 4216 finis
1928 4160 2150 4225 veniet,

493 4261 675 4331 cujus
690 4258 992 4315 etmorbo
1022 4256 1294 4312 laboras.
1333 4256 1493 4313 Haec
1520 4255 1685 4311 dicta
1705 4261 1849 4312 sunt
1875 4256 2154 4326 quinque

493 4370 689 4415 annos
739 4359 1073 4425 antequam
1124 4357 1371 4410 sanctus
1426 4350 1607 4410 obiit.
1666 4351 1736 4409 Et
1788 4350 2151 4423 quindecim

494 4453 672 4511 annis
710 4456 850 4525 post
895 4454 1161 4507 mortem
1194 4450 1441 4507 Macarii
1475 4462 1671 4523 quum
1692 4449 1957 4507 Joannes
1990 4449 2151 4507 bona

492 4564 845 4625 pauperum
911 4548 1251 4614 avertisset,
1336 4548 1421 4605 ita
1483 4548 1789 4605 laboravit
1848 4546 2149 4618 elephan-

491 4649 653 4717 tiasi,
690 4654 755 4706 ut
784 4648 847 4705 in
886 4658 1156 4718 corpore
1206 4647 1343 4703 eius
1396 4660 1518 4703 non
1574 4644 1963 4702 inveniretur
1994 4645 2148 4702 inte-

487 4761 596 4821 ger
635 4744 831 4815 locus,
863 4746 926 4802 in
975 4759 1100 4817 quo
1159 4742 1300 4816 quis
1355 4743 1617 4815 digitum
1652 4743 1838 4815 ﬁgere
1867 4741 1983 4816 39
2009 4756 2147 4815 pos-

486 4849 599 4901 set.
664 4844 749 4900 lta
800 4842 864 4900 in
922 4856 1019 4912 eo,
1076 4841 1185 4914 qui
1238 4855 1362 4899 non
1413 4839 1758 4905 obedierat,
1816 4840 2143 4911 prophetia

483 4940 678 5001 sancti
712 4940 827 4997 viri
860 4940 1115 5012 impleta
1169 4946 1283 4997 est.
1329 4940 1409 4996 De
1437 4938 1581 4996 cibo
1624 4942 1833 4995 autem
1894 4943 1955 4995 et
1991 4942 2141 5010 potu

481 5052 1010 5110 supervacaneum
1043 5044 1132 5095 est
1176 5050 1453 5105 narrare,
1508 5036 1805 5108 quoniam
1850 5049 1928 5093 ne
1973 5036 2139 5107 apud

482 5135 877 5195 socordiores
950 5134 1208 5205 quidem
1312 5134 1653 5191 monachos
1726 5132 2135 5191 monasterio-

479 5247 646 5302 rum,
674 5246 835 5306 quae
891 5237 1062 5289 extra
1110 5236 1273 5297 sunt,
1331 5230 1599 5288 inveniri
1648 5230 1954 5303 ingluvies
1996 5243 2135 5301 pos-

477 5330 556 5388 sit
602 5337 705 5388 aut
783 5330 902 5388 alia
944 5329 1253 5401 quaedam
1303 5343 1337 5385 a
1380 5328 1830 5386 consuetudine
1883 5340 2126 5395 eorum,

475 5428 583 5501 qui
628 5429 691 5485 in
744 5427 875 5484 istis
905 5428 1057 5485 locis
1088 5430 1434 5493 morantur,
1487 5425 1735 5483 diversa
1765 5424 2012 5483 vivendi
2056 5425 2129 5482 li-

474 5525 705 5592 bertas,
750 5539 891 5581 cum
944 5530 1200 5596 propter
1248 5522 1526 5594 inopiam
1576 5536 1792 5579 rerum
1840 5537 2125 5581 necessa-

471 5622 733 5688 riarum,
769 5626 901 5680 tum
947 5626 1205 5695 propter
1249 5620 1453 5679 zelum
1500 5620 1609 5682 Dei
1649 5620 1812 5679 inter
1835 5636 1962 5689 eos,
2010 5622 2119 5696 qui

2274 3283 2459 3355 Haec,
2493 3299 2679 3353 quam
2713 3285 2933 3343 videtis
2957 3300 3205 3357 equam,
3242 3300 3386 3343 cara
3410 3300 3545 3342 mea
3581 3300 3737 3343 uxor
3761 3292 3929 3355 erat,

2271 3387 2351 3447 et,
2386 3380 2539 3453 quid
2571 3382 2694 3438 iam
2722 3382 2778 3437 ei
2827 3381 3147 3450 acciderit,
3198 3383 3426 3439 nescio.
3494 3384 3774 3441 Revelata
3804 3398 3943 3440 au-

2271 3482 2396 3537 tem
2443 3484 2654 3537 sancto
2700 3480 2913 3538 omnia
2957 3486 3151 3542 erant.
3193 3494 3353 3552 quae
3401 3479 3634 3537 femina
3696 3488 3945 3552 patere-

2270 3581 2394 3648 tur,
2428 3582 2488 3633 et
2532 3577 2723 3635 Deum
2776 3579 2999 3635 orabat
3048 3591 3164 3657 pro
3211 3592 3331 3637 ea..
3374 3576 3466 3635 llli
3523 3592 3669 3636 vero
3732 3593 3939 3651 quum

2268 3674 2385 3732 ista
2437 3674 2843 3741 audivissent,
2907 3675 3185 3732 referunt
3260 3675 3336 3732 ad
3393 3690 3645 3733 servum
3702 3676 3941 3735 Christi

2268 3770 2626 3837 Macarium,
2713 3770 3030 3829 dicentes:
3099 3772 3331 3844 Equam
3393 3771 3625 3845 aliquis
3682 3772 3804 3830 huc
3858 3774 3943 3831 ad

2266 3856 2461 3926 duxit.
2495 3868 2732 3937 Quibus
2792 3868 2842 3926 is
2879 3884 2890 3924 :
2926 3869 3064 3928 Vos.
3126 3869 3352 3942 inquit,
3407 3869 3558 3927 estis
3619 3869 3786 3942 equi,
3821 3873 3943 3943 qui

2266 3979 2574 4038 equorum
2623 3964 2840 4024 oculos
2899 3966 3179 4040 habitis;
3236 3966 3341 4024 illa
3425 3972 3633 4025 autem
3695 3967 3940 4027 femina

2265 4068 2378 4130 est,
2436 4070 2500 4120 ut
2554 4068 2645 4120 est
2694 4068 2925 4130 creata,
2974 4070 3034 4120 et
3095 4064 3179 4121 ita
3235 4064 3672 4122 transformata
3732 4067 3941 4124 oculis

2266 4163 2505 4217 tantum
2563 4162 2680 4234 40
2770 4166 3030 4232 apparet
3097 4176 3339 4227 eorum,
3394 4161 3501 4233 qui
3556 4167 3698 4220 sunt
3749 4162 3939 4221 dece-

2265 4256 2381 4328 pti.
2454 4256 2682 4314 Deinde
2757 4272 2918 4329 aqua
3018 4257 3341 4316 benedicta
3421 4259 3679 4327 nudam,
3740 4274 3937 4331 quam

2262 4352 2667 4420 adduxerant,
2714 4369 2748 4412 a
2784 4369 3032 4413 summo
3075 4356 3309 4413 vertice
3356 4356 3647 4428 aspersit,
3696 4370 3937 4429 quum-

2261 4466 2383 4523 que
2454 4465 2645 4523 super
2717 4458 2908 4524 caput
2980 4452 3116 4511 eius
3193 4458 3485 4525 precatus
3558 4458 3739 4524 esset,
3808 4461 3936 4512 sta-

2260 4547 2371 4606 tim
2433 4550 2729 4607 omnlbus
2802 4565 2941 4609 eam
3018 4552 3373 4609 videntibus
3441 4552 3668 4610 femina
3726 4567 3936 4625 appa-

2258 4646 2406 4706 ruit.
2458 4647 2659 4719 Atque
2708 4648 2804 4706 vir
2867 4647 2968 4706 Dei
3039 4651 3095 4706 ei
3150 4648 3368 4707 cibum
3424 4649 3656 4722 apponi
3715 4650 3925 4708 iussit.

2255 4745 2410 4802 Tum
2480 4759 2618 4802 eam
2713 4747 3123 4819 commonuit,
3212 4747 3426 4804 dicens
3496 4769 3510 4806 :
3592 4747 3928 4820 Nunquam

2254 4856 2375 4900 non
2440 4856 2805 4915 compareas
2874 4844 2935 4900 in
3005 4844 3267 4903 ecclesia
3334 4844 3433 4901 Dei
3493 4851 3551 4903 et
3612 4844 3673 4902 in
3754 4859 3931 4903 com-

2254 4939 2550 4997 munione
2620 4941 3065 5013 mysteriorum
3115 4940 3346 4999 Christi
3427 4959 3441 5010 ;
3522 4941 3674 4998 haec
3752 4942 3929 5000 enim

2249 5036 2365 5095 tibi
2403 5038 2784 5104 acciderunt,
2867 5039 3015 5111 quia
3068 5039 3192 5096 iam
3253 5039 3536 5112 quinque
3580 5038 3931 5097 hebdoma-

2247 5133 2434 5192 dibus
2463 5150 2587 5192 non
2612 5135 2924 5193 accessisti
2966 5135 3042 5192 ad
3089 5136 3463 5194 intemerata
3507 5135 3731 5195 Christi
3773 5148 3921 5207 my-

2245 5232 2452 5290 steria.
2487 5232 2569 5289 lta
2593 5247 2731 5290 eam
2752 5245 3024 5305 corpore
3036 5238 3098 5290 et
3115 5233 3328 5291 anima
3354 5238 3631 5292 sanatam
3652 5230 3923 5291 dimisit.

2326 5348 2357 5384 «
2425 5330 2616 5387 Porro
2680 5329 3008 5387 dicebatur
3108 5330 3461 5401 posteriore
3538 5330 3701 5389 vitae
3768 5345 3926 5388 suae

2238 5432 2525 5500 tempore
2586 5426 3064 5485 subterraneum
3136 5427 3362 5485 fodisse
3431 5426 3798 5486 cuniculum
3853 5427 3923 5485 in

2235 5525 2483 5584 dimidii
2528 5524 2798 5597 spatium
2848 5523 3031 5582 stadii
3086 5531 3147 5584 et
3176 5527 3539 5598 speluncam
3575 5525 3911 5584 adiecisse.

2233 5622 2293 5683 Si
2340 5624 2589 5697 quando
2643 5622 2832 5696 igitur
2878 5623 3239 5697 complures
3285 5623 3344 5682 ei
3393 5629 3573 5683 erant
3624 5623 3902 5693 molesti,
