4094 6208
211 198 286 256 Μ
1824 197 1870 255 V

1985 200 2057 255 Ε.
3571 207 3640 262 42

211 330 473 388 occulte
519 344 557 386 e
620 329 780 387 cella
844 341 1124 400 egressus
1177 327 1332 387 abiit
1370 328 1433 385 in
1496 329 1883 401 speluncam,
1921 335 1964 388 A
1997 327 2276 400 scipulos
2328 345 2450 388 una
2495 347 2637 390 cum
2684 334 2950 392 Macario
2999 333 3065 392 in
3108 333 3282 392 Scete
3339 334 3653 394 habitasse

213 427 329 496 ita,
387 433 458 484 ut
490 440 686 484 nemo
728 440 869 484 eum
918 424 1245 483 inveniret.
1298 426 1528 483 Abiens
1574 439 1719 483 vero
1775 438 1884 498 per

208 525 598 585 cuniculum
672 523 883 596 viginti
971 529 1240 595 quatuor
1321 523 1638 582 orationes
1721 523 1888 581 dice-

211 623 327 681 bat
411 635 615 692 usque
685 620 764 678 ad
830 619 1218 693 speluncam,
1289 626 1348 678 et
1419 620 1668 678 rediens
1739 619 1889 678 toti-

215 714 374 778 dem
395 757 406 775 .

320 839 352 869 α
402 817 485 874 De
534 829 604 874 eo
645 830 904 890 quoque
953 815 1117 874 fama
1147 816 1318 883 exiit,
1353 816 1520 888 quod
1567 821 1887 874 mortuum

232 914 566 986 suscitarit,
651 919 720 972 ut
802 914 1198 972 convinceret
1282 914 1688 981 haereticum,
1777 914 1884 986 qui

235 1013 754 1070 resurrectionem
820 1025 1161 1083 corporum
1244 1026 1368 1070 non
1455 1011 1880 1084 proﬁtebatur.

232 1108 397 1177 Quae
422 1109 684 1181 quidem
729 1109 892 1166 fama
929 1114 1216 1166 constans
1247 1109 1364 1166 fuit
1413 1109 1475 1166 in
1523 1109 1882 1167 solitudine.

306 1225 338 1260 c
391 1205 562 1264 Alias
614 1206 692 1264 ad
733 1207 940 1278 ipsum
991 1211 1192 1263 mater
1220 1206 1482 1264 adduxit
1527 1205 1884 1265 adolescen-

214 1311 373 1368 tem,
411 1305 525 1377 qui
559 1319 596 1362 a
633 1305 936 1362 daemone
967 1305 1327 1371 vexabatur,
1377 1320 1412 1362 a
1461 1304 1709 1362 duobus
1737 1305 1884 1362 ado-

213 1401 612 1460 lcscentibus
659 1402 978 1474 utrimque
1016 1401 1442 1460 constrictum.
1494 1400 1769 1474 Eamque
1818 1402 1882 1459 in

214 1514 369 1558 eum
430 1499 564 1557 vim
609 1499 874 1558 daemon
921 1500 1222 1564 exercuit,
1278 1504 1345 1557 ut
1391 1499 1584 1557 trium
1643 1499 1881 1558 modio-

214 1611 368 1655 rum
415 1611 610 1669 panes
641 1596 1002 1655 comederet
1042 1601 1104 1655 et
1143 1597 1489 1669 amphorae
1535 1595 1884 1655 Ciliciensis

1998 427 2280 499 legimus.
2345 443 2538 487 unum
2599 430 2662 487 in
2716 432 2872 489 cella
2922 431 3193 496 Macarii,
3251 433 3518 490 alterum
3584 433 3648 491 in

1997 525 2252 596 propria
2281 527 2460 594 cella,
2511 542 2695 586 nemo
2725 530 3074 592 concludet,
3127 528 3286 586 alios
3333 531 3651 589 solitarios

1999 637 2118 679 una
2155 637 2298 679 cum
2332 625 2596 682 Macario
2629 625 2785 683 inibi
2820 641 2942 683 non
2975 627 3220 684 vixisse.
3257 627 3447 684 Senes
3473 629 3644 686 enim

1997 719 2365 777 abstinentia
2423 728 2484 779 et
2538 722 2874 781 virtutibus
2927 724 3199 795 insignes
3254 726 3475 795 procul
3535 725 3649 782 ali-

1995 822 2296 888 quantum
2329 834 2363 876 a
2394 821 2814 887 monasteriis,
2876 821 3108 892 quibus
3142 826 3492 892 praeerant,
3523 821 3646 881 sibi

1995 914 2223 972 cellam
2290 916 2616 976 instituere
2675 918 2893 976 solitos
2972 933 3110 975 esse
3173 933 3364 989 supra
3433 919 3648 978 docui-

1997 1027 2136 1070 mus
2183 1011 2292 1089 (2).
2343 1016 2428 1072 ita
2477 1015 2537 1074 S.
2594 1016 2897 1075 Antonius
2943 1016 3172 1088 legitur
3221 1016 3377 1073 duos
3410 1018 3646 1088 pariter

1994 1110 2067 1167 ad
2128 1116 2396 1169 mortem
2444 1127 2642 1186 usque
2681 1128 2894 1172 secum
2947 1113 3290 1186 discipulos
3331 1113 3646 1183 habuisse,

1993 1208 2220 1266 ceteris
2274 1209 2620 1282 monachis,
2675 1212 2782 1283 qui
2833 1212 2950 1269 sub
2997 1210 3136 1282 ejus
3176 1209 3509 1282 disciplina
3562 1210 3648 1268 vi-

1993 1305 2240 1378 vebant,
2269 1307 2330 1364 in
2388 1308 2708 1367 vicinitate
2739 1308 3109 1382 degentibus
3149 1305 3266 1385 (3).
3327 1305 3655 1366 Solitarios

1993 1417 2140 1460 vero
2171 1408 2420 1475 praeter
2467 1405 2625 1464 duos
2659 1405 2802 1463 illos
2853 1420 2998 1463 cum
3045 1405 3311 1464 Macario
3363 1407 3424 1463 in
3477 1407 3655 1464 Scete

1992 1501 2323 1570 habitasse,
2356 1502 2483 1560 iam
2517 1503 2663 1560 inde
2705 1509 2896 1575 patet,
2941 1503 3113 1576 quod
3144 1503 3450 1562 Macarius
3482 1518 3652 1576 pres-

1993 1598 2174 1670 byter
2217 1599 2411 1657 Sectis
2443 1599 2582 1657 fuit.

213 1708 455 1767 aquam
517 1693 785 1753 biberet.
865 1693 1032 1764 Quos
1082 1694 1259 1753 cibos
1309 1691 1534 1754 exinde
1594 1698 1884 1752 eructans
1917 1699 1961 1753 B
2070 1696 2371 1768 Narratio,
2421 1712 2580 1769 quae
2611 1697 2915 1771 sequitur,
2952 1697 3029 1755 de
3058 1697 3292 1756 femina
3325 1698 3389 1756 in
3419 1712 3649 1771 equam

215 1793 285 1849 in
340 1806 642 1864 vaporem
700 1793 1074 1859 resolvebat,
1132 1797 1426 1864 tanquam
1472 1792 1612 1864 igne
1661 1806 1883 1850 consu-

213 1895 570 1948 merentur.
619 1890 722 1948 Est
759 1890 925 1948 enim
982 1892 1140 1950 ordo
1179 1890 1436 1964 quidam
1476 1889 1876 1962 daemonum,

213 1988 327 2062 qui
371 1989 597 2064 igneus
625 1995 922 2059 vocatur;
973 1989 1081 2061 qui
1109 1988 1367 2061 quidem
1412 2003 1536 2048 non
1587 1988 1877 2060 essentia,

212 2084 349 2158 sed,
387 2091 454 2143 ut
506 2084 566 2144 in
612 2086 977 2144 hominibus
1020 2101 1274 2159 quoque
1305 2085 1641 2153 invenitur,
1673 2088 1880 2144 mente

212 2183 436 2256 potius
505 2182 819 2242 differunt.
867 2184 986 2242 Iste
1035 2184 1227 2257 igitur
1285 2184 1670 2250 adolescens,
1733 2184 1784 2241 si
1842 2199 1878 2242 a

209 2288 418 2339 matre
448 2295 574 2340 non
631 2281 778 2340 satis
807 2281 864 2339 ei
915 2281 1458 2354 suppeditabatur,
1505 2297 1689 2353 saepe
1720 2295 1876 2353 pro-

216 2380 429 2450 priam
515 2392 689 2437 suam
743 2380 969 2438 edebat
1015 2379 1302 2452 corporis
1367 2379 1746 2452 egestionem
1816 2382 1878 2436 et

217 2476 456 2535 lotium
519 2476 798 2535 bibebat.
870 2477 1082 2535 Flente
1147 2481 1344 2534 matre
1387 2481 1448 2534 et
1500 2477 1874 2534 lamentante

212 2581 632 2647 sanctumque
687 2575 871 2632 enixe
926 2575 1294 2641 obtestante,
1373 2574 1562 2632 istum
1631 2579 1877 2632 sanctus

211 2673 468 2744 excepit
513 2678 574 2730 et
622 2673 887 2744 supplex
944 2687 1059 2745 pro
1116 2687 1191 2730 eo
1243 2673 1432 2730 Deum
1491 2673 1717 2730 oravit.
1791 2673 1875 2730 Ac

211 2775 359 2843 post
413 2770 574 2828 duos
623 2770 758 2827 dies
801 2770 1100 2828 miserum
1173 2770 1438 2828 daemon
1524 2771 1874 2829 cruciatum

212 2868 484 2926 remisit.
547 2867 718 2925 Tunc
765 2867 948 2926 matri
1004 2867 1139 2940 ejus
1194 2887 1206 2927 :
1259 2867 1591 2940 Quantum,
1644 2867 1869 2939 inquit,

205 2965 331 3032 vis,
371 2969 435 3023 ut
468 2964 756 3023 comedat
786 2963 814 3024 ἲ
842 2964 1060 3034 Quam,
1109 2980 1254 3023 cum
1308 2965 1526 3024 decem
1561 2965 1755 3023 libras
1781 2964 1874 3022 si-

1990 1797 2226 1852 mutata
2285 1795 2562 1852 etiamin
2597 1795 2765 1853 libro
2823 1795 3098 1854 secundo
3153 1793 3268 1872 (4),
3328 1797 3435 1853 sed
3509 1812 3652 1854 nus-

1991 1891 2161 1964 piam
2231 1892 2384 1950 alibi
2427 1893 2765 1951 invenitur.
2815 1894 2938 1951 Nec
2995 1892 3143 1950 libri
3198 1893 3455 1951 secundi
3503 1909 3650 1952 nar-

1990 1989 2151 2048 ratio
2199 1995 2323 2048 tam
2357 1992 2526 2063 large
2567 1992 2814 2049 exculta
2855 1995 2968 2058 est,
3004 1996 3192 2053 atoue
3217 1989 3324 2048 illa
3360 1990 3643 2058 Palladii,

1988 2103 2191 2161 neque
2223 2088 2453 2147 mulier
2504 2094 2616 2154 est,
2665 2089 2775 2146 sed
2808 2090 3004 2161 virgo,
3063 2086 3192 2146 ﬁlia
3236 2089 3432 2160 patris
3460 2088 3651 2146 fami-

1988 2185 2102 2243 lias
2161 2185 2349 2244 vicini
2399 2186 2642 2259 oppidi,
2692 2201 2874 2258 quae,
2924 2190 2993 2243 ut
3048 2185 3260 2243 verbis
3304 2185 3458 2257 ipsis
3516 2191 3648 2244 uta-

1987 2297 2154 2355 mur,
2208 2303 2231 2335 ‹
2280 2297 2395 2356 per
2438 2283 2793 2355 phantasias
2836 2283 3107 2355 magicas
3163 2282 3494 2340 videbatur
3536 2283 3644 2341 ho-

1986 2380 2264 2438 minibus
2307 2380 2371 2438 in
2413 2381 2713 2453 equinum
2783 2381 3014 2438 animal
3061 2394 3259 2447 versa,
3322 2386 3389 2437 ut
3458 2384 3648 2452 puta-

1986 2482 2158 2538 retur
2199 2493 2365 2551 equa
2395 2494 2552 2546 esse,
2599 2485 2662 2536 et
2703 2492 2826 2536 non
2872 2477 3100 2550 puella.
3151 2477 3319 2535 Hanc
3365 2478 3640 2535 adduxe-

1985 2581 2132 2634 runt
2171 2575 2248 2632 ad
2279 2591 2424 2634 eum
2453 2572 2818 2652 [Macarium
2853 2571 2968 2644 42
3003 2572 3426 2650 Aegyptium].
3474 2576 3644 2632 Tunc

1983 2673 2092 2731 ille
2140 2678 2602 2746 perconctatus,
2636 2672 2790 2746 quid
2840 2672 3067 2730 vellent
3097 2670 3128 2730 εἴ
3174 2672 3360 2730 Aiunt
3415 2686 3644 2744 paren-

1985 2776 2075 2829 tes
2116 2771 2300 2829 eius:
2353 2772 2524 2843 Equa
2574 2771 2746 2838 haec,
2800 2784 2990 2843 quam
3042 2770 3254 2828 vident
3299 2770 3466 2828 oculi
3522 2770 3639 2840 tui,

1985 2867 2190 2941 puella
2213 2868 2384 2939 virgo
2412 2872 2472 2924 et
2497 2867 2624 2925 ﬁlia
2651 2874 2858 2925 nostra
2887 2867 3022 2935 fuit,
3048 2867 3156 2924 sed
3189 2867 3476 2926 homines
3505 2881 3641 2940 pes-

1983 2966 2126 3023 simi
2176 2964 2433 3037 magicis
2477 2965 2716 3022 artibus
2747 2964 2811 3020 in
2854 2964 3085 3022 animal
3119 2964 3237 3021 hoc
3267 2965 3434 3036 quod
3469 2964 3642 3022 vides

210 3063 584 3138 gniﬁcasset,
637 3063 1004 3135 increpavit,
1066 3063 1211 3136 quia
1257 3062 1522 3121 nimium
1565 3063 1866 3130 dixisset;
1911 3042 1951 3099 ί)
1985 3067 2380 3122 mutaverunt
2430 3076 2590 3120 eam.
2644 3061 2951 3134 Rogamus
3006 3075 3180 3133 ergo,
3226 3065 3292 3118 ut
3339 3075 3478 3118 ores
3527 3062 3640 3118 Do-

209 3167 398 3234 atque
451 3160 682 3219 iterum
713 3175 906 3233 super
949 3161 1339 3219 adolescente
1390 3165 1678 3233 precatus
1727 3175 1873 3219 cum
1982 3161 2246 3229 minum,
2296 3165 2360 3219 ut
2403 3163 2746 3219 commutet
2792 3174 2931 3218 eam
2983 3159 3050 3218 in
3112 3159 3231 3217 hoc
3295 3159 3462 3232 quod
3494 3158 3633 3216 fuit.

209 3258 454 3317 ieiunio
519 3263 759 3331 septem
801 3259 1072 3325 dierum,
1141 3257 1513 3316 daemonem
1574 3258 1872 3331 ingluviei
1983 3259 2057 3317 At
2096 3259 2201 3317 ille
2232 3258 2319 3316 ait
2367 3277 2378 3316 :
2433 3258 2560 3332 Ego
2602 3258 2781 3328 hanc,
2833 3272 3024 3330 quam
3077 3255 3400 3315 ostenditis
3452 3255 3635 3327 mihi,

209 3359 288 3415 ab
319 3372 397 3416 eo
439 3356 681 3430 expulit
726 3361 790 3415 et
825 3357 1036 3414 cibum
1071 3356 1128 3414 ei
1187 3356 1509 3414 constituit
1560 3357 1752 3415 trium
1803 3356 1872 3414 li-

209 3457 480 3514 brarum
511 3469 762 3528 panem,
822 3469 1010 3528 quem
1055 3455 1388 3513 comedere
1418 3454 1698 3524 deberet,
1752 3451 1863 3524 41

208 3553 258 3611 si
312 3558 706 3626 operaretur.
742 3551 829 3610 Ita
859 3559 918 3610 et
958 3553 1124 3610 hunc
1168 3552 1395 3610 virtute
1439 3553 1687 3610 divinae
1735 3567 1869 3625 gra-

206 3650 332 3709 tiae
357 3654 645 3708 sanatum
677 3650 859 3708 matri
893 3649 1187 3707 reddidit.

295 3769 323 3798 α
370 3747 545 3804 Talia
591 3748 747 3805 Deus
772 3747 1076 3820 stupenda
1122 3746 1424 3806 miracula
1451 3747 1594 3805 fecit
1639 3761 1750 3820 per
1779 3746 1872 3804 di-

208 3845 448 3903 lectum
477 3859 662 3903 suum
693 3841 1055 3917 Macarium',
1088 3845 1268 3903 cuius
1310 3843 1690 3902 immortalis
1742 3845 1870 3902 ani-

211 3957 322 4001 ma
363 3957 528 4000 nunc
584 3949 674 4000 est
719 3956 863 4001 cum
911 3942 1166 4015 angelis.
1221 3942 1343 4015 Ego
1385 3947 1667 4000 sanctum
1734 3942 1869 4014 ipse

211 4054 346 4098 non
386 4041 692 4110 conveni;
747 4055 909 4099 anno
958 4040 1152 4110 enim,
1214 4045 1549 4113 antequam
1605 4039 1667 4097 in
1725 4040 1869 4098 soli-

205 4139 497 4197 tudinem
530 4139 950 4212 ingrediebar,
981 4138 1230 4197 obierat
1259 4137 1370 4214 (l).
1410 4159 1434 4192 r

285 4235 457 4314 διδ.
511 4236 691 4295 Hisce
747 4253 842 4307 ea,
891 4251 1052 4310 quae
1099 4224 1368 4295 Historia
1419 4236 1709 4294 Lausiaca
1765 4249 1863 4294 co-

201 4334 422 4392 dicum
470 4335 1052 4393 Vindobonensium
1106 4335 1182 4392 de
1241 4333 1507 4392 Macario
1566 4333 1868 4406 Aegyptio

201 4433 414 4499 habet,
476 4432 899 4491 continentur.
940 4432 984 4490 E
1036 4432 1267 4505 quibus
1318 4431 1557 4505 singula
1617 4432 1669 4489 si
1721 4447 1864 4491 con-

198 4531 447 4604 tuleris,
481 4544 835 4603 cognosces,
891 4535 1126 4588 textum
1180 4529 1429 4589 Meursii
1476 4529 1538 4586 in
1577 4530 1695 4588 hoc
1730 4529 1864 4602 qui-

201 4628 343 4686 dem
373 4628 585 4701 capite
625 4629 814 4686 rebus
857 4628 960 4685 vix
1004 4627 1280 4693 differre,
1325 4627 1432 4684 sed
1474 4627 1863 4699 depravatio-

199 4725 387 4784 nibus
420 4730 684 4784 scatere.
737 4725 823 4783 Ad
878 4739 950 4784 ea
1001 4730 1234 4797 autem,
1269 4739 1429 4796 quae
1484 4738 1861 4782 commemo‘

198 4824 506 4896 ravimus,
557 4820 920 4881 "adnotanda
996 4822 1177 4881 nobis
1235 4821 1388 4880 haec
1461 4836 1596 4880 esse
1652 4822 1861 4881 viden-

197 4926 320 4979 tur.

277 5019 567 5078 Primum
597 5017 856 5090 quidem
899 5033 934 5076 e
983 5018 1216 5085 verbis,
1276 5016 1506 5090 quibus
1565 5018 1724 5076 duos
1767 5017 1860 5077 di-

264 5221 350 5291 (i)
378 5221 601 5275 Textus
640 5233 890 5289 graecus
918 5217 1133 5288 legitur
1161 5217 1316 5274 infra
1344 5218 1403 5273 in
1434 5218 1650 5275 harum
1674 5219 1858 5284 Quae-

197 5310 466 5364 stionum
500 5307 845 5379 Appendice
877 5307 1074 5379 priore
1104 5307 1217 5363 sub
1257 5307 1301 5364 Ι.

269 5398 350 5469 (2)
380 5395 466 5452 Cf.
494 5412 682 5468 supra
713 5412 772 5467 p.
805 5399 859 5451 4.

269 5487 346 5555 (3)
379 5485 520 5542 Vita
542 5487 600 5542 S.
636 5484 896 5552 Antonii,
931 5486 990 5542 S.
1020 5486 1310 5542 Athenas.
1361 5485 1512 5559 Opp.
1557 5487 1616 5541 T.
1650 5485 1692 5543 Ι.
1723 5487 1782 5542 Ρ.
1817 5485 1862 5542 ll

198 5589 258 5648 p.
291 5574 397 5634 689
427 5589 600 5648 sqq.,
621 5573 822 5636 Rosw.
862 5573 981 5636 VV.
1026 5575 1129 5632 PP.
1177 5579 1242 5636 59
1281 5591 1415 5649 sqq.
1445 5592 1461 5646 ;
1493 5574 1638 5634 Hist.
1671 5577 1852 5635 Laus.

1982 3357 2256 3432 puellam
2289 3357 2472 3415 video
2503 3356 2658 3414 nihil
2705 3356 2770 3413 in
2820 3370 2887 3414 se
2936 3354 3195 3427 pecudis
3245 3354 3581 3411 habentem
3619 3371 3631 3419 ;

1980 3456 2100 3514 hoc
2141 3461 2371 3523 autem,
2401 3455 2570 3527 quod
2600 3453 2830 3519 dicitis,
2892 3467 3016 3511 non
3063 3457 3156 3510 est
3194 3451 3259 3509 in
3306 3451 3443 3509 eius
3489 3465 3632 3510 cor-

1981 3566 2154 3624 pore,
2223 3552 2330 3609 sed
2395 3552 2458 3610 in
2523 3550 2723 3609 oculis
2804 3549 3204 3609 intuentium.
3275 3547 3634 3606 Phantasiae

1977 3650 2146 3708 enim
2205 3649 2584 3707 daemonum
2641 3650 2782 3706 sunt
2836 3647 3010 3718 istae,
3065 3660 3188 3704 non
3243 3645 3472 3704 veritas
3525 3660 3634 3703 re—

1977 3762 2142 3807 rum.
2195 3746 2265 3804 Et
2315 3760 2458 3804 cum
2509 3745 2955 3802 introduxisset
3003 3757 3142 3801 eam
3195 3757 3340 3801 cum
3399 3756 3634 3814 paren-

1976 3845 2144 3902 tibus
2186 3843 2315 3901 suis
2363 3843 2526 3900 intra
2578 3841 2901 3913 cellulam,
2936 3839 3111 3896 ﬂexis
3155 3839 3418 3912 genibus
3449 3853 3632 3896 orare

1978 3941 2310 4000 Dominum
2362 3939 2591 4011 coepit,
2636 3937 2952 4010 simulque
3009 3939 3069 3993 et
3111 3939 3419 4008 parentes‘
3454 3937 3627 4006 rogat

1977 4053 2189 4096 secum
2237 4036 2498 4095 Domino
2549 4035 2908 4109 supplicare
2954 4051 2969 4102 ;
3018 4037 3078 4092 et
3105 4037 3244 4106 post
3295 4033 3449 4089 haec
3489 4045 3629 4103 per-

1975 4119 2211 4210 ungens
2239 4150 2381 4194 eam
2411 4134 2554 4194 oleo
2608 4133 2672 4192 in
2713 4133 2963 4192 nomine
2989 4131 3255 4197 Domini,
3311 4129 3484 4188 omni
3520 4129 3630 4187 fal-

1977 4234 2132 4293 lacia
2182 4234 2350 4291 visus
2391 4231 2672 4307 expulsa,
2716 4231 3018 4304 virginem
3087 4212 3628 4306 videri’omnibus

1977 4338 2044 4391 ut
2089 4331 2276 4390 etiam
2307 4331 2428 4388 sibi
2454 4329 2786 4388 videbatur
2805 4327 3028 4386 effecit.
3072 4347 3093 4378 ι
3132 4325 3484 4384 Verisimile
3510 4329 3624 4389 est,

1978 4436 2308 4502 utramque
2365 4435 2425 4486 et
2472 4427 2778 4485 Historiae
2834 4426 3164 4484 Lausiacae
3231 4428 3292 4480 et
3342 4421 3490 4480 libri
3537 4436 3629 4478 se-

1975 4527 2163 4586 cundi
2207 4526 2630 4584 narrationem
2684 4539 2758 4582 ex
2812 4523 3033 4582 eodem
3090 4522 3258 4580 fonte
3302 4533 3615 4577 manasse.

1975 4625 2149 4695 Quod
2181 4623 2422 4682 facilius
2451 4621 2754 4692 creditur,
2789 4632 2985 4692 quum
3034 4632 3109 4676 ex
3163 4617 3260 4687 iis,
3317 4630 3478 4687 quae
3527 4630 3627 4672 su-

1974 4737 2089 4797 pra
2145 4720 2560 4780 disseruimus
2593 4717 2699 4795 (5),
2760 4719 3019 4776 constet.
3084 4713 3453 4776 Palladium,
3511 4711 3619 4785 qui

1973 4820 2328 4880 Lausiacam
2374 4817 2648 4890 scripsit,
2683 4820 2788 4873 aut
2837 4815 3070 4872 librum
3116 4811 3464 4870 secundum
3496 4813 3626 4883 aut,

1973 4919 2145 4992 quod
2205 4916 2388 4975 nobis
2459 4913 2854 4988 probabilius
2918 4912 3122 4971 visum
3200 4913 3314 4982 est,
3386 4912 3626 4965 textum

1971 5029 2284 5091 graecum,
2349 5029 2383 5072 e
2435 5027 2561 5087 quo
2611 5011 2773 5072 liber
2825 5010 2930 5070 ille
3001 5008 3198 5080 ﬂuxit,
3257 5004 3630 5066 adhibuisse

1969 5218 2065 5276 ed.
2098 5221 2310 5274 Meurs.
2331 5229 2464 5286 cap.
2496 5217 2564 5271 26
2599 5214 2750 5285 Opp.
2784 5211 2996 5268 Meurs.
3029 5209 3070 5266 l.
3111 5210 3158 5265 Ι.
3199 5223 3260 5282 p.
3291 5207 3417 5262 419.

2041 5307 2119 5380 (4)
2150 5306 2260 5371 VV.
2294 5307 2394 5360 PP.
2428 5305 2623 5360 Rosw.
2656 5301 2764 5357 lib.
2793 5300 2843 5356 ΙΙ
2872 5315 3005 5372 cap.
3034 5301 3101 5354 28
3131 5313 3191 5370 p.
3250 5297 3380 5360 480,
3418 5298 3480 5365 1;
3517 5295 3630 5380 Ruf

1967 5379 2072 5452 ﬁni
2106 5398 2257 5467 Opp.
2290 5392 2384 5449 ed.
2415 5391 2664 5449 Vallarsi
2685 5406 2744 5464 p.
2779 5393 2896 5456 194,
2930 5390 3120 5460 Migne
3149 5384 3366 5443 Patrol.
3417 5385 3476 5438 1‘.
3509 5379 3628 5462 XXI

1968 5502 2030 5559 ι).
2061 5485 2192 5542 451.

1967 5639 1978 5656 ί
2045 5573 2129 5646 (5)
2153 5573 2293 5661 _Cap.
2326 5574 2345 5628 Ι
2372 5571 2419 5643 ε.
2443 5571 2508 5659 6.
