4094 6208
478 223 553 281 43
1342 223 1442 279 SS.
1487 219 1977 279 MACARIOBUM
2018 211 2351 269 AEG‘YPTII
2389 214 2475 270 ET
2512 216 3007 273 ALEXANDHINI
3809 222 3882 280 44

465 352 897 426 Eundemque,
957 353 1065 424 qui
1123 366 1284 410 anno
1359 358 1497 424 post
1548 355 1812 410 mortem
1869 339 2528 410 MacariiAconverti,
2596 351 2661 402 ut
2710 360 2778 404 re
2831 360 2975 404 vera
3046 348 3344 408 animalia
3396 350 3538 424 sint,
3604 365 3888 424 quorum

467 451 704 510 Nitriae
750 454 1022 508 montem
1080 448 1353 521 intravit,
1395 451 1504 508 ubi
1563 451 1779 508 decem
1835 449 1962 504 fere
2015 459 2117 501 an-

466 562 582 606 nos
629 547 952 609 solitudini
1009 548 1203 605 Scetis
1241 548 1484 606 vicinus
1512 548 1680 620 degit
1710 544 1821 622 (1),
1869 557 2118 602 accura-

467 646 694 704 tiorem
770 645 972 702 famae
1030 646 1364 704 relatorem
1425 645 1702 715 duxeris,
1750 642 2117 716 praesertim

467 756 661 815 quum
709 742 996 801 Ruﬁnum
1045 743 1304 801 inﬁdum
1355 744 1759 815 interpretem
1805 755 1937 798 esse
1967 753 2116 797 con—

466 845 601 898 stet.

546 937 721 1007 Quod
780 937 855 995 ad
925 938 1199 996 fabulam
1288 941 1490 1010 ipsam
1549 937 1787 1009 attinet,
1847 935 2119 1006 magicas

467 1041 631 1093 artes
698 1036 865 1107 apud
915 1035 1249 1108 Aegyptios
1311 1036 1390 1093 ab
1467 1034 1918 1107 antiquissimis
1975 1032 2120 1089 inde

465 1133 860 1204 temporibus
907 1133 971 1190 in
1029 1148 1146 1192 usu
1191 1133 1400 1206 fuisse,
1457 1147 1580 1191 non
1638 1137 1750 1204 est,
1803 1130 1972 1204 quod
2017 1129 2121 1186 di—

465 1243 632 1287 cam.
692 1228 974 1302 Legimus
1028 1231 1238 1299 etiam,
1315 1231 1660 1289 Commodo
1736 1229 2120 1301 imperatore

467 1327 824 1400 Philippum
885 1329 1143 1402 Aegypti
1194 1329 1766 1386 administratorem
1806 1348 1834 1379 «
1880 1325 2121 1384 cunctis

467 1426 892 1483 curiositatem
951 1425 1254 1498 magicam
1312 1426 1688 1484 sectantibus
1750 1425 1934 1482 ﬁnem
2007 1423 2122 1480 im-

466 1523 746 1596 posuisse
775 1521 882 1600 (2).
933 1543 964 1579 »
999 1525 1226 1593 Quarto
1274 1525 1521 1582 saeculo
1553 1524 1972 1594 imperatores
2018 1521 2122 1578 ad-

2225 448 2532 509 naturam,
2608 451 2813 501 mente
2898 445 3135 518 integra
3196 454 3457 515 servata,
3547 450 3889 524 accipiant.

2223 539 2398 608 Quod
2442 543 2681 612 experti
2753 548 2894 600 sunt
2952 545 3105 601 socii
3167 544 3424 617 Ulyssis,
3478 548 3722 614 Actaeo,
3794 549 3893 615 Io,

2225 635 2329 694 alii
2376 653 2410 694 a
2441 638 2638 708 Circe,
2676 641 2885 707 Diana,
2922 641 3070 699 Jove
3114 642 3330 700 aliisve
3391 645 3511 703 diis
3553 647 3612 703 in
3647 648 3899 704 anima-

2224 734 2306 792 lia
2339 738 2556 793 mutati
2587 734 2807 813 (6).Ac
2860 739 3026 810 magi
3059 741 3252 798 medii
3284 743 3416 799 aevi
3464 743 3584 815 ipsi
3624 745 3894 816 quidem

2225 833 2493 890 formam
2541 850 2611 892 ac
2655 840 2940 894 naturam
2973 837 3345 896 animalium
3380 840 3669 913 induunt,
3705 842 3899 900 cuius

2226 931 2318 988 rei
2372 933 2656 1004 exempla
2727 935 2891 1005 apud
2975 941 3218 993 veteres
3275 951 3528 1010 quoque
3608 953 3732 998 non
3784 940 3896 996 de-

2225 1032 2366 1086 sunt
2394 1027 2504 1105 (7),
2542 1045 2743 1103 neque
2785 1036 2991 1091 tamen
3041 1033 3198 1092 alios
3253 1034 3315 1092 in
3359 1035 3656 1094 animalia
3688 1042 3904 1096 verte-

2227 1140 2294 1184 re
2325 1127 2601 1199 potuisse
2623 1128 2918 1187 dicuntur
2951 1129 3065 1205 (8).
3124 1132 3323 1200 Quare
3367 1137 3428 1190 et
3453 1135 3532 1190 ab
3564 1133 3699 1192 istis
3729 1134 3902 1192 anti-

2227 1223 2370 1296 quis
2398 1231 2458 1282 et
2499 1228 2578 1283 ab
2615 1226 2784 1284 hisce
2843 1228 3032 1285 medii
3084 1230 3216 1286 aevi
3273 1231 3724 1290 mutationibus
3774 1247 3898 1290 no-

2228 1328 2354 1380 stra
2425 1324 2623 1395 probe
2687 1329 2778 1382 est
2842 1325 3296 1400 distinguenda,
3371 1343 3551 1400 quae,
3626 1331 3903 1402 magicis

2230 1419 2580 1492 praestigiis
2649 1421 2885 1488 effecta,
2932 1436 3054 1479 non
3121 1423 3183 1480 in
3256 1438 3524 1496 corpore
3592 1426 3896 1498 feminae,

2230 1518 2338 1575 sed
2383 1518 2447 1575 in
2484 1519 2684 1576 oculis
2714 1518 3088 1577 intuentium
3128 1522 3386 1580 exstitit.
3429 1523 3638 1580 Talem
3677 1530 3897 1582 autem

466 1636 682 1679 versus
733 1636 944 1694 magos
975 1624 1138 1694 leges
1177 1627 1514 1680 sanxerunt
1543 1619 1654 1696 (3),
1702 1635 1972 1693 quarum
2001 1633 2122 1676 una
2160 1669 2200 1696 η
2234 1615 2382 1684 vim,
2458 1631 2581 1688 qua
2640 1617 2967 1675 hominum
3017 1619 3181 1676 oculi
3235 1619 3658 1691 decipiuntur,
3695 1623 3904 1694 magis

466 1733 688 1776 eorum
736 1733 988 1791 quoque
1019 1718 1340 1776 scientiam
1385 1718 1745 1791 proscribit,
1780 1717 1885 1789 qui
1935 1715 2125 1787 magi.

468 1816 558 1873 cis
601 1817 860 1874 accincti
912 1817 1155 1874 artibus
1204 1822 1308 1874 aut
1362 1821 1576 1874 contra
1615 1816 1878 1872 salutem
1925 1814 2128 1872 homi-

465 1929 618 1972 num
661 1914 895 1980 moliri,
931 1922 1036 1972 aut
1086 1914 1347 1987 pudicos
1397 1914 1642 1971 animos
1687 1915 1759 1970 ad
1793 1912 2125 1969 libidinem

468 2011 792 2070 deﬂexisse
825 2007 939 2080 43
974 2013 1338 2084 detegantur
1365 2009 1485 2086 (4).
1542 2010 1785 2068 Iuvenis
1813 2026 1847 2068 c
1875 2009 2125 2081 regione

467 2109 664 2166 Gazae
708 2109 886 2166 urbis
929 2109 1255 2181 oriundus,
1289 2111 1365 2167 de
1396 2124 1521 2182 quo
1573 2109 1637 2166 in
1667 2109 1788 2166 vita
1837 2109 1896 2166 S.
1946 2106 2128 2164 Hila-

468 2205 667 2264 rionis
709 2205 770 2278 (Ι
795 2203 934 2281 372)
989 2212 1300 2274 narratur,
1359 2222 1393 2264 a
1453 2207 1649 2280 magis
1697 2207 1953 2264 edoctus
2008 2205 2126 2262 sub

470 2303 666 2361 limen
697 2303 940 2378 ﬁdomus
982 2305 1232 2376 puellae
1288 2309 1526 2362 amatae
1580 2310 1887 2363 tormenta
1941 2317 2127 2376 quae-

466 2400 611 2458 dam
671 2402 1009 2458 verborum
1063 2405 1122 2458 et
1176 2407 1564 2473 portentosas
1616 2402 1842 2474 ﬁguras
1914 2401 1976 2458 in
2029 2415 2120 2457 ae-

469 2498 558 2557 ris
588 2497 801 2571 Cyprii
848 2498 1078 2556 lamina
1134 2499 1408 2571 sculptas
1456 2499 1737 2568 defodit;
1795 2514 1919 2571 quo
1970 2499 2128 2555 facto

470 2595 747 2654 insanire
804 2596 976 2669 virgo
1028 2597 1256 2668 coepit,
1303 2596 1644 2655 inclamare
1693 2611 1920 2656 nomen
1978 2596 2129 2653 ado-

471 2693 781 2760 lescentis,
817 2699 877 2752 et
905 2709 1055 2766 prae
1097 2709 1314 2752 amore
1358 2695 1421 2752 in
1454 2695 1732 2753 furorem
1782 2694 1960 2758 verti,
2005 2706 2130 2765 quo

471 2792 597 2849 aS.
657 2790 974 2850 Hilarione
1014 2792 1321 2850 liberatur
1371 2790 1479 2868 (5).
1544 2794 1607 2849 In
1660 2798 1869 2850 nostra
1923 2792 2131 2849 fabula

472 2903 689 2961 magus
739 2889 1066 2956 feminam,
1101 2889 1201 2947 cui
1245 2896 1494 2962 turpem
1541 2904 1821 2948 amorem
1871 2889 2131 2947 iniicere

469 2986 705 3058 nequit,
754 3001 875 3044 non
925 2987 1009 3044 ita
1063 2992 1280 3054 mutat,
1333 2994 1398 3046 ut
1447 2989 1548 3054 sit,
1584 2989 1691 3046 sed
1737 2993 1802 3046 ut
1844 2987 2130 3045 videatur
2166 3017 2206 3074 ρ

470 3088 710 3142 tantum
763 3097 924 3156 equa
955 3099 1117 3143 esse.
1179 3085 1356 3158 Apud
1385 3091 1624 3143 veteres
1653 3085 1933 3144 ethnicas
1975 3099 2127 3157 gen-

475 3185 569 3238 tes
611 3181 902 3254 legimus,
937 3182 1226 3240 homines
1251 3184 1557 3256 quosdam
1595 3184 1659 3240 in
1702 3183 1999 3240 animalia
2047 3183 2130 3239 ita

545 3359 627 3428 (t)
656 3361 716 3416 C.
750 3359 905 3414 infra
946 3360 1137 3430 Caput
1159 3361 1228 3415 IIl
1256 3364 1302 3429 §.
1327 3361 1416 3415 20.

545 3447 626 3518 (2)
677 3449 733 3504 S.
792 3449 1094 3519 Eugeniae
1141 3450 1265 3505 vita
1311 3465 1449 3520 cap.
1504 3454 1550 3513 1,
1588 3450 1698 3504 VV.
1752 3451 1850 3505 PP.
1930 3453 2124 3506 Rosw.

471 3538 1000 3696 “(gitimam
1025 3625 1313 3682 maleﬁcis
1328 3632 1384 3682 et
1406 3627 1842 3684 mathematicis
1873 3628 1990 3700 (IX,
2015 3628 2125 3700 18).

539 3712 616 3784 (4)
639 3714 754 3770 Lex
782 3714 817 3769 5
852 3713 996 3769 Cod.
1039 3714 1076 3770 ι.
1112 3716 1150 3769 I.

543 3801 621 3874 (5)
648 3803 707 3857 S.
731 3803 1041 3860 Hilarionis
1069 3805 1186 3861 vita
1207 3821 1340 3876 cap.
1371 3806 1456 3872 14,
1483 3803 1589 3860 VV.
1615 3806 1716 3861 PP.
1738 3809 1930 3862 Rosw.
1957 3808 2126 3878 p.78,

477 3894 510 3946 2
540 3907 879 4052 :tqudyss.
938 3984 996 4045 Χ,
1033 3986 1136 4039 229
1175 3999 1308 4055 sqq.
1342 4000 1355 4049 ;
1388 3983 1560 4039 Ovid.
1595 3986 1826 4040 Metam.
1884 3984 1985 4040 lib.
2031 3985 2125 4048 III,

471 4069 573 4123 193
628 4084 761 4138 sqq.
818 4069 1140 4140 ;Aeschyl.
1185 4072 1573 4127 Prometheus
1624 4088 1637 4136 ;
1675 4071 1844 4127 Ovid.
1887 4073 2122 4128 Metam.

467 4153 574 4211 lib.
596 4155 640 4220 Ι,
671 4156 795 4210 610.

544 4242 623 4312 (7)
651 4242 863 4298 Herod.
892 4242 980 4307 IV,
1005 4241 1134 4298 105.

2236 1711 2583 1770 attribuunt
2629 1713 2687 1771 S.
2750 1714 3113 1781 Lactantius,
3171 1716 3587 1775 Tertulliauus
3625 1716 3733 1793 (9),
3775 1720 3906 1777 Mi—

2237 1811 2458 1868 nucius
2510 1812 2698 1871 Felix.
2737 1813 2779 1869 E
2832 1813 3064 1885 quibus
3094 1815 3151 1871 8.
3191 1814 3540 1874 Lactantius
3575 1832 3585 1870 :
3624 1835 3655 1870 α
3692 1817 3905 1888 Mago-

2238 1923 2378 1966 rum
2409 1923 2659 1981 quoque
2709 1925 2830 1976 ars,
2863 1930 2890 1962 ››
2924 1911 3148 1983 inquit,
3204 1930 3230 1966 ε
3283 1913 3489 1970 omnis
3518 1927 3590 1970 ac
3618 1913 3906 1985 potentia

2237 2005 2462 2062 horum
2550 2002 2974 2083 [daemonum]
3059 2008 3548 2079 aspirationibus
3629 2016 3902 2082 constat,

2237 2118 2271 2159 a
2324 2104 2554 2174 quibus
2601 2103 2885 2173 invocati,
2948 2105 3115 2162 visus
3173 2106 3502 2164 hominum
3549 2101 3666 2175 44
3713 2122 3906 2178 prae-

2237 2201 2433 2272 stigiis
2484 2202 2966 2260 obcaecantibus
3039 2203 3277 2268 fallunt,
3344 2209 3411 2261 ut
3468 2218 3592 2262 non
3647 2205 3910 2264 videant

2237 2314 2330 2361 ea,
2383 2314 2543 2371 quae
2592 2305 2755 2369 sunt,
2818 2304 2878 2357 et
2926 2300 3136 2358 videre
3183 2317 3248 2358 se
3294 2307 3509 2373 putent
3563 2302 3692 2369 illa,
3733 2317 3908 2375 quae

2238 2412 2359 2455 non
2392 2404 2534 2455 sunt
2564 2394 2720 2472 (10).
2771 2418 2798 2452 ››
2834 2399 3136 2456 Minucius
3189 2399 3359 2456 Felix
3395 2420 3407 2456 :
3449 2420 3477 2452 «
3525 2400 3686 2475 Magi
3742 2416 3907 2473 quo-

2239 2511 2383 2567 que,
2422 2517 2444 2549 ι
2512 2495 2732 2567 inquit,
2774 2515 2802 2548 «
2840 2511 2960 2553 non
3015 2501 3252 2554 tantum
3307 2497 3478 2555 ciunt
3533 2497 3900 2565 daemonas,

2238 2593 2347 2651 sed
2391 2593 2601 2659 etiam,
2637 2593 2945 2665 quidquid
2981 2595 3268 2654 miraculi
3304 2596 3543 2662 ludunt,
3597 2611 3710 2669 per
3750 2597 3902 2654 dae-

2241 2706 2457 2749 monas
2514 2690 2747 2748 faciunt
2806 2709 2821 2763 ;
2875 2691 3000 2749 illis
3049 2692 3511 2764 adspirantibus
3566 2701 3623 2751 et
3679 2695 3904 2752 infun-

2240 2790 2532 2846 dentibus
2563 2789 2928 2861 praestigias
2968 2790 3182 2857 edunt,
3237 2790 3332 2848 vel
3384 2807 3545 2863 quae
3574 2807 3695 2850 non
3726 2797 3894 2863 sunt,

2241 2888 2460 2955 videri,
2519 2888 2635 2953 vel,
2681 2902 2839 2959 quae
2887 2893 3050 2951 sunt,
3113 2901 3234 2946 non
3266 2889 3462 2946 videri
3516 2887 3672 2966 (11).
3713 2909 3739 2944 υ
3770 2890 3899 2948 Sed

2241 2987 2546 3058 exempla,
2595 2999 2808 3058 magos
2853 2985 3202 3057 praestigiis
3245 2986 3542 3053 eﬂ'ecisse,
3589 2993 3656 3045 ut
3703 2987 3904 3046 homo

2239 3085 2707 3155 conspiceretur
2751 3083 3003 3148 animal,
3054 3084 3247 3141 multa
3298 3083 3564 3142 inveniri
3620 3085 3722 3142 vix
3750 3099 3904 3143 cre-

2239 3181 2511 3239 diderim
2543 3179 2692 3256 (12).
2724 3180 3088 3252 Quanquam
3115 3181 3236 3238 alia
3257 3183 3587 3240 oculorum
3619 3183 3897 3241 ludibria

2239 3362 2430 3432 Migne
2458 3363 2668 3419 Patrol.
2697 3366 2754 3419 T.
2790 3364 2860 3417 IlI
2893 3380 2951 3435 p.
2976 3367 3098 3420 322.

2309 3453 2421 3525 (12)
2455 3456 2511 3509 8.
2544 3454 2913 3524 Augustinus
2967 3453 3042 3509 de
3082 3453 3192 3509 civ.
3237 3455 3337 3510 Dei
3392 3457 3580 3524 XVIII,
3628 3457 3693 3512 18
3721 3471 3734 3511 :
3767 3476 3792 3507 α
3828 3459 3898 3512 Et

2237 3558 2365 3608 nos,
2393 3565 2412 3591 ι
2444 3543 2655 3613 inquit,
2689 3565 2707 3590 ι
2737 3559 2876 3596 cum
2891 3558 3158 3597 essemus
3183 3543 3241 3598 in
3270 3545 3458 3614 Italio,
3489 3546 3895 3602 audiebamus

2236 3632 2378 3687 talia
2390 3631 2999 3702 dequadamregione
3019 3632 3254 3688 illarum
3271 3635 3556 3704 partium,
3576 3635 3674 3691 ubi
3689 3635 3894 3690 stabu-

2235 3721 2416 3777 larias
2445 3721 2743 3784 mulieres,
2778 3721 3145 3777 imbutashis
3172 3723 3347 3778 malis
3363 3724 3610 3790 artibus,
3643 3725 3700 3779 in
3715 3741 3894 3780 caseo

2235 3811 2380 3866 dare
2419 3810 2606 3865 solere
2658 3809 2953 3879 dicebant,
2993 3810 3216 3882 quibus
3263 3812 3481 3868 vellent
3511 3829 3611 3868 seu
3640 3819 3897 3883 possent

2235 3899 2580 3965 viatoribus,
2609 3897 2766 3953 unde
2813 3898 2870 3952 in
2898 3899 3164 3954 iumenta
3211 3899 3368 3955 illico
3419 3905 3796 3966 verterentur,
3835 3905 3897 3957 et

2233 3989 2570 4044 necessaria
2609 4004 2885 4061 quaeque
2912 3992 3237 4054 portarent,
3276 3994 3530 4061 postque
3577 3989 3891 4061 perfuncta

2233 4093 2416 4148 opera
2464 4079 2676 4132 iterum
2719 4078 2796 4131 ad
2837 4094 2898 4131 se
2941 4077 3219 4142 redirent,
3270 4094 3374 4133 nec
3429 4083 3628 4134 tamen
3680 4079 3739 4133 in
3804 4079 3890 4134 eis

2234 4173 2493 4220 mentem
2509 4165 2634 4220 ﬁeri
2659 4166 2990 4235 bestialem,
3016 4167 3121 4222 sed
3147 4168 3505 4223 rationalem
3527 4167 3891 4224 humanam-

2233 4270 2348 4326 que
2375 4254 2616 4319 servari,
2645 4255 2794 4309 sicut
2823 4255 3107 4325 Apuleius
3156 4257 3214 4311 in
3265 4257 3449 4322 libris,
3508 4272 3660 4330 quos
3723 4257 3889 4312 Asini

545 4330 622 4401 (8)
648 4331 870 4385 Grimm
903 4331 1255 4423 Mythologie
1288 4333 1389 4388 Ed.
1423 4335 1443 4388 Ι
1487 4351 1548 4406 p.
1600 4338 1723 4391 623.
1760 4334 1866 4392 Ubi
1898 4337 1983 4391 vir
2021 4337 2126 4393 do-
2157 4368 2199 4423 ι)
2233 4343 2398 4398 aurei
2436 4342 2608 4398 titulo
2638 4343 2955 4416 inscripsit,
2984 4345 3096 4400 sibi
3121 4345 3237 4416 ipsi
3282 4345 3589 4412 accidisse,
3622 4351 3686 4402 ut
3718 4361 3890 4402 acce-

472 4425 602 4476 ctus
629 4434 749 4474 non
779 4421 1028 4477 omnino
1049 4432 1184 4476 vere
1209 4423 1428 4478 dixisse
1457 4423 1687 4479 videtur
1717 4441 1730 4490 ;
1765 4441 1906 4481 nam
1929 4425 2125 4481 inTri-
2159 4421 2188 4423 ﬂ
2234 4438 2334 4503 pto
2357 4448 2609 4497 veneno,
2645 4432 2914 4488 humano
2966 4435 3170 4489 animo
3220 4440 3629 4506 permanente,
3677 4436 3887 4491 asinus

472 4507 678 4564 themii
719 4508 935 4566 Chron.
964 4509 1239 4582 Hirsaug.
1309 4512 1403 4567 ed.
1461 4513 1732 4568 Fraucof.
1783 4518 1905 4570 1601
1946 4514 2022 4571 ad
2065 4533 2120 4572 a.

475 4601 612 4654 1010
636 4598 710 4654 de
738 4598 951 4656 iuvene
983 4615 1018 4656 δ.
1048 4600 1282 4658 duabus
1325 4601 1532 4658 vetulis
1581 4603 1641 4658 in
1690 4603 1946 4659 formam
1971 4605 2122 4661 asini

471 4692 703 4745 mutato
739 4689 974 4760 legitur.
1025 4688 1106 4746 Cf.
1141 4690 1302 4746 Vinc.
1354 4691 1566 4747 Bellov.
1625 4694 1794 4764 Spec.
1854 4697 1978 4748 Nat.
2029 4695 2117 4760 III,

475 4780 593 4832 109.
629 4777 974 4835 Heliodorus
1029 4780 1301 4851 quemvis
1346 4781 1657 4838 hominem
1708 4783 1768 4837 in
1814 4783 2122 4855 quodlibet

472 4864 698 4921 animal
728 4873 957 4923 mutare
988 4873 1236 4940 poterat.
1271 4869 1356 4925 Cf.
1402 4870 1605 4925 Fazelli
1646 4888 1846 4926 rerum
1903 4873 2121 4928 Sicula-

471 4968 608 5008 rum
639 4953 817 5010 decas
840 4956 885 5009 Ι.
919 4955 1022 5012 lib.
1053 4957 1144 5021 III,
1189 4963 1232 5023 1,
1258 4962 1322 5013 59
1343 4974 1472 5030 sqq.
1500 4959 1898 5015 Grimmillum
1921 4961 2119 5016 locum

468 5040 605 5096 libri
647 5043 737 5098 sui
786 5044 912 5114 ipse
973 5045 1096 5100 iam
1144 5047 1499 5116 reprobasse
1540 5048 1815 5117 videtur;
1855 5066 1997 5106 nam
2059 5050 2118 5105 in

470 5130 660 5188 altera
691 5132 948 5188 editione
971 5147 1092 5189 non
1117 5134 1401 5192 habetur.

542 5223 621 5290 (9)
642 5220 892 5292 Apolog.
925 5237 1054 5294 cap.
1088 5226 1177 5277 22.
1201 5227 1291 5280 23.

542 5300 654 5380 (10)
695 5309 883 5365 Divin.
924 5309 1106 5368 instit.
1139 5312 1205 5379 II,
1235 5313 1302 5367 15
1342 5314 1398 5368 8.
1428 5313 1589 5370 Lact.
1616 5316 1767 5386 Opp.
1796 5316 1890 5372 ed.
1933 5319 2120 5388 Migne

467 5395 530 5453 Τ.
563 5397 584 5451 I
613 5402 822 5468 p.332.

542 5487 958 5558 (ll)Octavius
983 5505 1114 5562 cap.
1169 5492 1260 5556 26,
1304 5492 1447 5547 Bibl.
1498 5495 1736 5549 Patrum
1784 5495 1934 5551 Eccl.
1981 5499 2111 5556 Lat.

470 5574 667 5634 select.
731 5593 781 5634 c.
825 5577 1106 5635 Gersdort
1163 5580 1287 5637 Vol.
1316 5582 1431 5639 XIII
1497 5582 1654 5656 Lips.
1718 5584 1852 5642 1842
1907 5601 1969 5660 p.
2027 5590 2116 5656 37,

2233 4521 2418 4591 ﬁeret,
2452 4526 2554 4578 aut
2574 4521 2878 4591 indicavit,
2912 4528 3015 4578 aut
3065 4523 3256 4578 ﬁnxit.
3297 4545 3324 4577 »
3384 4526 3750 4594 Augustinus
3782 4524 3886 4580 ad-

2231 4611 2350 4666 dit:
2384 4629 2412 4661 «
2444 4611 2591 4666 Haec
2621 4611 2710 4666 vel
2764 4611 2914 4666 falsa
2958 4618 3112 4677 sunt,
3165 4612 3256 4667 vel
3313 4617 3434 4668 tam
3482 4613 3786 4677 inusitata,
3825 4617 3888 4668 ut

2231 4701 2440 4755 merito
2471 4715 2593 4755 non
2626 4699 2970 4755 credantur.
3011 4723 3029 4748 ι
3069 4703 3126 4756 8.
3170 4706 3318 4770 Aug.
3354 4703 3505 4773 Opp.
3566 4701 3655 4756 ed.
3691 4703 3887 4772 Migne

2229 4791 2287 4844 T.
2323 4790 2413 4842 VII
2439 4787 2680 4860 [Patrol.
2714 4788 2851 4858 XLI]
2886 4791 3084 4860 p.574.
3113 4791 3465 4846 Trithemius
3498 4791 3535 4844 l.
3570 4791 3610 4844 Ι.
3649 4810 3659 4848 :
3691 4792 3888 4846 «Con-

2231 4879 2376 4946 tigit,
2403 4899 2429 4927 »
2454 4878 2664 4948 inquit,
2707 4877 2918 4933 «circa
2945 4878 3095 4934 haec
3122 4884 3392 4950 tempora
3437 4880 3664 4934 Henrici
3694 4881 3882 4950 impe-

2229 4967 2442 5022 ratoris
2474 4966 2743 5021 mirabile
2771 4967 3012 5022 factum.
3041 4968 3271 5023 Iuvenis
3303 4968 3552 5038 quidam
3587 4967 3885 5023 maleﬁcio

2230 5054 2490 5108 duarum
2528 5054 2861 5109 vetularum
2889 5054 2949 5109 in
2981 5055 3238 5110 formam
3272 5055 3425 5110 asini
3475 5061 3743 5110 mutatus
3766 5059 3884 5125 est,

2229 5145 2311 5199 ita
2343 5148 2402 5198 ut
2434 5143 2715 5199 omnibus
2741 5143 3084 5198 videntibus
3107 5143 3312 5198 asinus
3353 5149 3687 5215 appareret,
3717 5145 3887 5215 quod

2230 5231 2432 5287 multis
2455 5232 2818 5302 impossibile
2843 5232 3067 5287 videtur
3087 5249 3206 5288 non
3225 5233 3886 5306 intelligentibus,quod

2231 5321 2623 5393 permissione
2649 5321 2851 5376 divina
2874 5321 3118 5390 spiritus
3140 5323 3438 5391 malignus
3452 5321 3660 5377 oculos
3692 5323 3888 5377 homi-

2229 5427 2376 5466 num
2407 5410 2694 5465 mirandis
2717 5409 3226 5464 luditicationibus
3245 5411 3491 5466 illudere
3518 5413 3883 5482 potest.»Cf.

2229 5500 2394 5554 Vinc.
2427 5498 2638 5554 Bellov.
2673 5499 2769 5553 l.I.
2793 5505 2846 5553 et
2877 5499 3081 5554 Fazelli
3110 5499 3147 5555 l.
3183 5502 3223 5554 Ι.
3258 5501 3319 5554 In
3347 5500 3619 5556 Chronici
3646 5499 3885 5556 Hirsau-

2230 5587 2451 5660 giensis
2478 5587 2734 5646 editione
2763 5589 2948 5647 altera
2976 5588 3382 5664 locupletiore,
3435 5591 3492 5645 S.
3535 5589 3687 5647 Galli
3745 5591 3884 5646 1690
