4080 6208
203 241 284 306 45
1837 235 2073 306 ἯῚΪΑΕ.
3567 243 3641 300 ιδ

201 379 241 422 a
287 364 494 436 magis
559 364 718 423 facta
776 363 987 423 medio
1061 378 1214 424 aevo
1268 379 1453 438 saepe
1515 367 1868 424 narrantur.
1909 358 1954 414 Α
1986 361 2171 420 vertit
2227 360 2337 439 (3).
2394 364 2591 436 Atque
2647 364 2888 424 incolae
2943 367 3155 426 Siwah
3206 368 3376 427 Oasis
3423 369 3640 431 hodie-

197 463 494 544 Faustus,
552 467 622 520 ut
685 477 877 520 unum
949 467 1188 520 tantum
1267 464 1552 537 prodam,
1613 475 1873 522 currum

193 561 392 620 foeno
450 565 784 619 oneratum
833 561 1137 619 devorare
1194 577 1266 620 ac
1325 568 1540 635 postea
1583 573 1874 620 evomere

192 658 485 729 videtur,
573 658 736 725 vina,
822 673 984 730 quae
1062 665 1461 733 compotores
1542 663 1776 732 optant.
1838 672 1874 716 e

191 770 426 814 mensa
465 755 657 822 elicit,
706 755 1045 829 efﬁcitque,
1094 763 1161 816 ut
1204 756 1468 831 quisque
1500 773 1683 816 nares
1711 761 1875 814 cete-

195 868 437 913 rorum
481 869 593 926 pro
627 854 764 913 uvis
812 855 1034 915 habeat
1079 853 1188 932 (1).
1225 857 1458 930 Neque,
1488 861 1700 914 utrum
1732 855 1872 911 dae-

200 951 423 1009 monis
467 965 585 1024 ope
646 966 869 1024 magus
927 953 1263 1026 Aegyptius
1323 969 1522 1026 equae
1595 950 1872 1025 speciem

190 1049 586 1121 suggesserit
641 1050 928 1115 feminae,
991 1067 1026 1107 a
1082 1051 1355 1110 Palladio
1433 1057 1494 1110 et
1551 1051 1714 1109 libro
1781 1063 1875 1107 se-

196 1145 418 1204 cundo
489 1146 831 1205 edocemur
892 1145 999 1224 (2).
1058 1149 1121 1207 ln
1171 1149 1534 1222 apocrypha
1594 1150 1655 1206 S.
1709 1148 1873 1206 Basi-

193 1243 264 1301 lii
314 1243 448 1301 vita
489 1275 557 1284 —
599 1246 850 1304 saeculo
904 1241 1019 1315 45
1079 1261 1219 1305 mea
1261 1247 1519 1320 quidem
1569 1245 1872 1305 sententia

196 1346 429 1400 octavo
462 1341 559 1399 vel
606 1357 771 1402 nono
817 1345 1170 1416 conscripta
1211 1377 1284 1384 —
1328 1345 1407 1403 de
1441 1348 1718 1402 amatore
1749 1349 1870 1401 tra-

193 1438 400 1511 ditur,
472 1439 584 1514 qui
639 1441 939 1499 suadente
1005 1456 1185 1514 mago
1254 1442 1578 1501 diabolum
1659 1442 1867 1514 ipsum

194 1537 357 1608 adit,
421 1537 594 1610 apud
651 1553 839 1610 quem
900 1553 1011 1612 per
1072 1539 1282 1598 literas
1342 1536 1588 1598 Christo
1640 1553 1868 1598 renun-

197 1635 336 1698 tiat,
376 1635 491 1693 sed
532 1636 770 1708 nuptiis
813 1636 990 1694 factis
1040 1637 1118 1695 ad
1148 1637 1596 1710 poenitentiam
1626 1651 1693 1697 se
1720 1651 1866 1696 con-

200 1873 262 1928 T.
315 1871 341 1926 I
376 1887 440 1944 p.
483 1872 612 1939 155,
653 1871 891 1941 eadem,
924 1877 988 1929 ut
1024 1873 1279 1940 videtur,
1313 1873 1748 1932 historiuncula
1787 1877 1866 1933 ad

195 1976 254 2016 a.
295 1961 433 2016 1013
468 1961 622 2017 haec
666 1961 959 2020 traditur:
998 1982 1023 2014 α
1059 1963 1224 2020 Circa
1261 1964 1412 2020 haec
1453 1969 1726 2037 tempora
1772 1981 1866 2021 res

195 2049 488 2105 miranda
516 2049 840 2121 contigisse
869 2052 932 2107 in
963 2052 1307 2123 Burgundia
1344 2053 1579 2121 legitur,
1613 2055 1688 2111 de
1741 2070 1866 2127 qua

198 2137 370 2194 multi
429 2139 736 2211 sapientes
789 2140 1191 2199 diversimode
1249 2143 1589 2214 opinantur.
1666 2144 1867 2201 Mulier

196 2227 509 2300 quaedam
545 2244 713 2300 saga,
743 2229 952 2302 quales
993 2230 1170 2300 vulgo
1208 2237 1364 2288 recte
1409 2232 1716 2289 maleficas
1762 2251 1864 2306 ap-

197 2316 523 2387 pellamus,
553 2317 826 2375 iuvenem
848 2319 1153 2392 quendam
1167 2321 1386 2392 poculo
1405 2328 1718 2378 excantato
1743 2323 1866 2380 dia-

197 2404 414 2461 bolicis
447 2423 571 2462 non
610 2406 866 2464 dubium
906 2409 1272 2465 carminibus
1309 2411 1368 2466 in
1406 2411 1663 2468 bestiam
1704 2428 1864 2469 com-

201 2500 475 2552 mutasse
519 2495 653 2552 visa
689 2503 795 2564 est,
834 2498 913 2554 ita
949 2498 1113 2572 quod
1151 2500 1576 2573 omnibus,qui
1614 2517 1751 2556 eam
1782 2501 1863 2556 vi-

199 2583 434 2655 derant,
470 2601 592 2641 non
621 2586 826 2653 homo,
857 2588 962 2643 sed
993 2588 1197 2644 asinus
1214 2589 1561 2661 apparebat.
1589 2591 1751 2656 Quae
1769 2607 1861 2647 res

190 2688 380 2744 quam
411 2674 490 2730 sit
511 2674 702 2730 facilis
729 2677 1105 2747 permittente
1139 2679 1272 2748 Deo,
1308 2695 1377 2734 ac
1422 2695 1602 2750 sagae
1645 2695 1864 2751 coope-

188 2768 361 2818 rante
410 2763 682 2828 diabolo,
736 2766 858 2820 iam
911 2765 1146 2822 dudum
1201 2768 1494 2823 sententia
1545 2768 1858 2825 doctorum

186 2851 569 2923 exploratum
595 2852 912 2920 habemus,
935 2856 1036 2927 qui
1054 2854 1434 2920 conﬁrmant,
1454 2856 1696 2913 diabolo
1735 2873 1856 2914 non

186 2955 317 2997 esse
342 2941 614 3007 difﬁcile,
650 2942 832 3000 modo
857 2945 1273 3015 cunctipotens
1301 2945 1634 3017 permiserit
1676 2949 1850 3014 Deus,

187 3028 511 3086 hominum
541 3031 819 3104 decipere
837 3048 1067 3088 sensus.
1095 3052 1124 3086 ››

252 3119 334 3190 (1)
387 3121 490 3175 Die
539 3121 693 3191 Sage
743 3137 856 3178 von
913 3124 1124 3178 Doctor
1168 3122 1475 3179 Johannes
1531 3127 1706 3181 Faust
1747 3141 1852 3181 un-

185 3210 318 3266 ιω.
352 3223 473 3263 von
512 3210 575 3264 Η.
612 3211 861 3265 Dﬁntzer
899 3211 1033 3266 1846
1063 3226 1120 3281 ρ.
1156 3212 1278 3268 177.
1315 3215 1439 3269 203.
1491 3217 1578 3269 70.
1625 3213 1852 3270 Similia

185 3296 466 3368 prodigia
506 3298 566 3352 in
611 3299 839 3370 oppido
897 3299 1235 3356 Crucenaco
1289 3301 1574 3371 magister
1610 3303 1850 3359 Theodo

188 3387 389 3456 Iagus
436 3385 592 3443 fecit.
632 3389 708 3442 De
751 3404 872 3460 quo
926 3389 1277 3445 Trithemius
1311 3390 1369 3445 iu
1423 3391 1630 3446 chron.
1667 3392 1850 3465 Span-

186 3474 366 3530 heim.
404 3475 482 3532 ad
509 3492 563 3531 a.
598 3477 737 3531 1262
764 3477 857 3532 ed.
891 3480 1158 3533 Francof.
1194 3496 1248 3534 a.
1285 3483 1416 3536 1601
1456 3496 1513 3551 p.
1548 3480 1651 3535 284
1703 3481 1849 3537 haec

187 3570 392 3620 narrat
424 3582 437 3620 :
471 3586 497 3616 α
531 3567 961 3622 AnnoJoannis
979 3567 1764 3625 abbatishuiusmonaslerii
1787 3573 1844 3637 Χ,

185 3656 346 3710 venit
387 3653 643 3726 quidam
683 3654 866 3710 homo
917 3671 986 3710 ex
1033 3657 1303 3727 partibus
1350 3657 1728 3713 inferioribus
1771 3659 1851 3714 ad

187 3751 369 3800 terras
399 3743 568 3809 istas,
597 3743 703 3814 qui
741 3744 1069 3800 vocabatur
1108 3746 1389 3817 magister
1429 3746 1688 3810 Theodo,
1730 3763 1851 3803 ma-

187 3848 296 3904 gns
331 3837 396 3888 et
433 3831 856 3904 praestigiator
894 3832 1284 3898 admirabilis,
1306 3836 1408 3906 qui
1448 3835 1640 3891 multa
1678 3841 1734 3891 et
1765 3837 1852 3891 in-

185 3921 492 3978 credibilia
525 3921 664 3977 fecit
699 3921 992 3992 prodigia.
1020 3925 1167 3979 Nam
1221 3923 1282 3978 in
1324 3923 1551 3995 oppido
1589 3925 1851 3980 Creutzeu

183 4011 370 4065 nacht
408 4025 611 4066 coram
648 4010 816 4066 omni
847 4011 1073 4082 populo
1114 4011 1351 4083 publice
1393 4014 1454 4067 in
1495 4013 1626 4068 foro
1671 4018 1852 4084 caput

184 4097 397 4155 famuli
423 4100 512 4154 sui
542 4101 902 4170 amputavit,
925 4101 1086 4173 quod
1105 4108 1235 4172 post
1259 4103 1523 4173 spatium
1556 4103 1736 4158 unius
1760 4103 1849 4159 di-

185 4189 409 4246 midiae
439 4189 627 4245 horae
653 4190 891 4261 corpori
920 4190 1167 4247 iacentis
1207 4192 1478 4248 restituit.
1510 4193 1656 4249 Cum
1692 4192 1851 4250 cani-

186 4278 297 4335 bus
329 4278 391 4334 in
422 4293 566 4334 aere
589 4278 763 4350 quasi
788 4278 867 4336 ad
895 4280 1235 4336 venandum
1267 4279 1580 4337 ambulare
1617 4281 1852 4338 videba-

1984 460 2135 518 dum
2180 476 2392 534 magos
2420 462 2540 520 sibi
2585 477 2864 522 amorem
2915 465 3257 525 mulierum
3300 466 3638 526 conciliare

1984 572 2166 630 posse
2194 561 2457 617 credunt
2495 559 2605 636 (4).

2066 653 2182 726 46
2218 658 2367 724 Iam,
2405 657 2722 730 quomodo
2753 659 3056 718 Macarius
3096 659 3396 720 feminam
3441 677 3475 719 a
3508 676 3639 721 ma-

1981 755 2038 828 gi
2074 755 2423 828 praestigiis
2457 757 2673 822 solvat,
2723 757 3149 817 animadverte
3186 759 3198 816 l
3234 759 3638 819 Orationibus

1983 853 2059 912 ad
2105 855 2296 912 Deum
2341 853 2702 926 praemissis
2744 854 3059 913 infelicem
3101 871 3264 929 aqua
3310 857 3638 916 benedicta

1981 967 2017 1010 a
2079 967 2328 1010 summo
2384 952 2530 1010 inde
2587 953 2818 1010 vertice
2873 954 3100 1026 capitis
3146 955 3494 1021 madefacit,
3570 960 3640 1013 ut

1983 1050 2291 1108 Palladius
2374 1055 2605 1117 narrat,
2676 1050 2816 1109 oleo
2885 1056 3098 1109 sancto
3167 1053 3476 1124 perungit,
3549 1057 3637 1112 te-

1979 1152 2178 1206 stante
2222 1149 2387 1206 libro
2417 1148 2714 1208 secundo.
2758 1149 2933 1218 Quod
2973 1149 3230 1222 quidem
3269 1155 3633 1222 utrumque,

1979 1251 2042 1304 et
2069 1246 2278 1305 oleum
2323 1252 2383 1304 et
2400 1261 2561 1319 aqua
2593 1247 2946 1317 benedicta,
2974 1247 3140 1320 apud
3165 1261 3345 1306 senes
3374 1247 3636 1322 Aegypti

1978 1343 2042 1402 in
2091 1359 2206 1402 usu
2257 1345 2371 1402 fuit
2400 1345 2477 1402 ad
2535 1359 2862 1418 magorum
2911 1343 3183 1403 fallacias
3234 1345 3624 1404 evertendas.

1976 1440 2106 1500 Olei
2146 1457 2298 1500 usus
2348 1442 2426 1500 ad
2475 1443 2786 1501 curandos
2835 1441 3144 1512 inﬁrmos,
3191 1457 3390 1515 aquae
3451 1443 3636 1501 bene.

1975 1539 2177 1598 dictae
2232 1541 2311 1598 ad
2373 1555 2702 1613 magorum
2785 1541 3235 1600 incantationes
3301 1539 3630 1600 solvendas

1975 1637 2364 1712 frequentior
2407 1639 2596 1698 fuisse
2645 1639 2915 1698 videtur.
2958 1637 3132 1712 Aqua
3182 1638 3513 1697 benedicta
3571 1643 3632 1698 et

1973 1875 2066 1930 cia
2111 1873 2346 1932 occulta
2398 1878 2536 1930 sunt
2583 1874 2792 1943 multa,
2837 1873 3059 1931 iniusta
3099 1874 3287 1932 nulla.
3317 1877 3432 1931 Nec
3485 1889 3632 1931 sane

1971 1963 2299 2020 daemones
2343 1968 2590 2020 naturas
2629 1968 2851 2030 creant,
2884 1964 2932 2019 si
2969 1963 3194 2036 aliquid
3237 1963 3352 2020 tale
3381 1963 3625 2030 faciunt,

1970 2052 2046 2108 de
2070 2053 2350 2125 qualibus
2379 2053 2548 2110 factis
2575 2052 2692 2108 ista
2717 2053 2958 2108 vertitur
2998 2053 3310 2125 quaestio;
3336 2053 3442 2108 sed
3490 2067 3630 2124 spe-

1971 2141 2062 2199 cie
2087 2149 2281 2208 tenus,
2307 2157 2462 2214 quae
2486 2157 2523 2199 a
2545 2157 2684 2198 vero
2703 2144 2822 2198 Deo
2837 2146 2976 2198 sunt
2996 2146 3217 2209 creata,
3232 2144 3626 2212 commutant,

1971 2239 2036 2290 ut
2056 2232 2368 2289 videantur
2383 2246 2512 2287 esse
2531 2232 2696 2304 quod
2713 2245 2836 2286 non
2861 2235 3016 2286 sunt.
3051 2233 3181 2286 Non
3206 2230 3409 2302 itaque
3429 2229 3628 2286 solum

1970 2323 2264 2387 animum,
2297 2320 2402 2377 sed
2427 2335 2537 2376 nec
2566 2335 2787 2390 corpus
2817 2318 3063 2390 quidem
3096 2318 3218 2375 ulla
3249 2319 3476 2375 ratione
3509 2334 3630 2374 cre-

1969 2411 2223 2468 diderim
2239 2410 2603 2466 daemonum
2627 2414 2746 2464 arte
2771 2407 2865 2464 vel
2891 2413 3178 2480 potestate
3202 2407 3263 2464 in
3287 2408 3630 2464 membraet

1967 2501 2333 2557 lineamenta
2360 2498 2634 2554 bestialia
2668 2498 2952 2554 veraciter
2994 2513 3176 2569 posse
3210 2497 3490 2562 converti,
3522 2495 3628 2552 sed

1968 2589 2410 2662 phantasticum
2444 2586 2724 2654 hominis,
2754 2586 2918 2658 quod
2945 2587 3124 2643 etiam
3145 2585 3467 2656 cogitando
3505 2584 3627 2640 sive

1965 2679 2327 2736 somniando
2343 2693 2449 2750 per
2463 2693 2660 2732 rerum
2689 2675 3150 2732 innumerabilia
3174 2690 3396 2746 genera
3430 2674 3626 2732 varia-

1965 2773 2078 2834 tur,
2113 2772 2336 2823 etcum
2383 2781 2601 2837 corpus
2647 2779 2768 2820 non
2807 2763 2902 2832 sit,
2935 2779 3259 2836 corporum
3303 2769 3504 2820 tamen
3555 2763 3628 2819 si-

1967 2857 2135 2913 miles
2183 2856 2336 2912 mira
2385 2853 2682 2910 celeritate
2742 2853 2970 2908 formas
3023 2853 3202 2925 capit,
3264 2853 3473 2925 sopitis
3524 2859 3629 2909 aut

1961 2945 2262 3018 oppressis
2293 2943 2595 3014 corporeis
2620 2942 2883 2998 hominis
2915 2941 3217 3008 sensibus,
3250 2942 3330 2997 ad
3368 2942 3624 2998 aliorum

1963 3050 2204 3092 sensum
2229 3032 2433 3088 nescio
2463 3046 2585 3103 quo
2603 3029 2889 3086 ineffabili
2911 3029 3092 3085 modo
3110 3029 3308 3098 ﬁgura
3334 3044 3624 3099 corporea

1962 3139 2140 3197 posse
2165 3121 2432 3195 perduci,
2461 3121 2546 3178 ita
2585 3126 2646 3175 ut
2686 3133 2941 3191 corpora
2980 3119 3110 3190 ipsa
3147 3117 3465 3174 hominum
3523 3116 3626 3172 ali-

1963 3212 2097 3270 cubi
2133 3211 2388 3276 iaceant,
2418 3207 2676 3265 viventia
2711 3207 2978 3281 quidem,
3002 3207 3108 3262 sed
3151 3205 3341 3262 multo
3380 3205 3625 3275 gravius

1961 3307 2142 3374 atque
2162 3297 2576 3356 vehementius
2604 3313 2792 3370 quam
2820 3311 3034 3351 somno
3063 3295 3187 3351 suis
3213 3293 3490 3349 sensibus
3522 3294 3625 3350 ob-

1961 3391 2206 3456 seratis;
2237 3387 2686 3460 phantasticum
2709 3390 2910 3441 autem
2940 3383 3089 3440 illud
3126 3383 3306 3439 veluti
3348 3398 3622 3456 corpora-

1960 3479 2160 3536 tumin
2198 3477 2450 3532 alicuius
2489 3473 2972 3543 animalisefﬁgie
3012 3476 3316 3544 appareat
3347 3472 3626 3527 sensibus

1962 3567 2188 3629 alienis,
2232 3565 2483 3638 talisque
2513 3564 2694 3620 etiam
2747 3561 2860 3618 sibi
2913 3562 3098 3618 homo
3135 3576 3269 3618 esse
3327 3560 3618 3625 videatur,

1961 3656 2112 3711 sicut
2135 3653 2264 3711 talis
2287 3654 2398 3722 sibi
2425 3653 2605 3708 videri
2649 3656 2853 3723 posset
2898 3651 2960 3706 in
2989 3651 3238 3714 somnis,
3296 3655 3354 3706 et
3384 3654 3622 3721 portare

1960 3760 2176 3811 onera;
2195 3759 2352 3816 quae
2367 3758 2572 3807 onera,
2609 3741 2660 3795 si
2689 3756 2833 3797 vera
2851 3745 3281 3812 suntcorqora,
3302 3743 3620 3810 portantur

1960 3850 1998 3890 a
2025 3834 2445 3896 daemonibus,
2465 3835 2526 3885 ut
2544 3829 2828 3885 illudatur
2859 3827 3226 3891 hominibus,
3243 3828 3462 3898 partim
3475 3842 3619 3882 vera

1961 3938 2213 3979 onerum
2235 3936 2512 3992 corpora,
2531 3918 2749 3990 partim
2776 3917 3183 3972 iumentorum
3198 3915 3354 3970 falsa
3374 3929 3618 3970 cernen-

1962 4011 2193 4067 tibus.»
2221 4010 2278 4066 S.
2320 4011 2470 4080 Aug.
2507 4007 2658 4079 Opp.
2694 4005 2788 4062 ed.
2832 4005 3020 4075 Migne
3059 4006 3119 4059 Τ.
3151 4004 3241 4057 VII
3299 4019 3359 4074 p.
3383 4002 3492 4057 574
3521 4016 3614 4073 sq.

2034 4100 2110 4171 (3)
2152 4101 2278 4155 Vita
2332 4100 2389 4155 S.
2434 4096 2646 4162 Basilii,
2707 4094 2996 4167 scriptore
3053 4089 3616 4162 Pseudo-Amphilo-

1961 4189 2117 4255 chio,
2144 4205 2279 4261 cap.
2304 4191 2354 4253 8,
2388 4189 2498 4242 VV.
2540 4188 2641 4241 PP.
2671 4187 2864 4240 Rosw.
2898 4199 2959 4256 p.
2994 4183 3117 4248 156,
3161 4182 3187 4234 1
3228 4195 3366 4252 sqq.
3401 4178 3614 4236 cf.AA.

1963 4279 2060 4335 SS.
2103 4277 2244 4333 Boll.
2275 4276 2430 4332 Junii
2460 4275 2522 4331 T.
2566 4273 2612 4329 ΙΙ
2641 4290 2700 4346 p.
2755 4277 2857 4330 307
2915 4287 3049 4344 sqq.
3092 4270 3214 4325 Hoc
3269 4267 3613 4342 antiquissi-

190 4374 297 4434 tnr,
331 4366 678 4423 ascendens
725 4373 900 4440 atque
941 4368 1331 4434 descendens,
1375 4375 1432 4426 et
1474 4369 1743 4427 clamans
1789 4370 1850 4426 in
1885 4373 1930 4428 D
1965 4382 2131 4422 mum
2160 4366 2318 4438 pacti
2348 4380 2488 4420 cum
2537 4361 2783 4420 diabolo
2833 4361 2960 4417 initi
2999 4357 3350 4430 exemplum
3411 4361 3515 4421 est,
3561 4357 3615 4412 si

190 4456 498 4512 altissimis
553 4457 729 4528 quasi
775 4472 810 4512 a
860 4458 1124 4513 remotis.
1181 4460 1492 4514 Armatum
1540 4458 1850 4515 hominem

189 4547 507 4602 devorasse
563 4545 906 4616 putabatur.
957 4549 1175 4603 Currus
1225 4563 1470 4619 quoque
1520 4546 1697 4617 lignis
1745 4564 1850 4604 seu

192 4631 359 4691 foeno
379 4640 669 4690 oneratos
701 4651 840 4690 cum
861 4635 1030 4708 equis
1057 4635 1379 4700 devoravit,
1413 4636 1563 4692 sicut
1589 4637 1851 4693 nescien-

196 4730 270 4780 tes
299 4724 557 4780 modum
591 4723 900 4795 putabant.
942 4724 1070 4779 Alia
1097 4740 1340 4797 quoque
1363 4725 1664 4796 stupenda
1692 4725 1846 4792 fecit,

193 4828 335 4884 quae
362 4812 547 4868 scribi
573 4811 682 4868 hoc
714 4813 773 4867 in
804 4811 934 4870 loco
967 4812 1338 4885 superﬂuum
1371 4813 1534 4870 duxi.
1577 4835 1603 4866 »

255 4904 333 4974 (2)
358 4905 570 4972 Magos
618 4902 738 4956 vim
796 4918 972 4958 suam
1024 4903 1100 4957 ad
1156 4903 1431 4974 prodigia
1483 4903 1760 4960 facienda
1813 4919 1849 4960 a

195 4991 488 5048 daemone
516 4995 783 5060 repetere
812 4989 972 5046 credi
1002 4990 1168 5046 solet.
1201 4993 1277 5046 De
1312 4992 1595 5064 prodigiis
1624 4999 1844 5058 autem,

193 5097 333 5154 quae
361 5079 693 5136 daemonis
707 5095 819 5151 ope
833 5079 1038 5148 edunt,
1064 5081 1503 5149 S.Augustinus
1526 5081 1648 5136 1.1.:
1682 5082 1848 5138 «Fir-

194 5171 455 5228 missime
493 5174 720 5233 tamen,
748 5187 777 5218 ν
812 5169 1023 5240 inquit,
1059 5189 1088 5220 α
1123 5169 1489 5226 credendum
1520 5175 1628 5233 est,
1659 5170 1850 5226 omni-

193 5265 491 5332 potentem
525 5260 717 5313 Deum
746 5258 952 5314 omnia
983 5273 1157 5330 posse
1182 5257 1376 5315 facere
1397 5275 1552 5332 quae
1575 5259 1844 5329 voluerit,

195 5349 301 5404 sive
337 5344 740 5411 vindicando,
765 5345 887 5402 sive
931 5348 1327 5418 praeestando,
1368 5362 1479 5404 nec
1521 5347 1848 5404 daemones

194 5437 406 5510 aliquid
435 5433 683 5508 operari
714 5435 1045 5492 secundum
1062 5441 1312 5492 naturae
1334 5453 1477 5493 suae
1495 5437 1845 5508 potentiam,

200 5529 323 5600 quia
351 5533 411 5585 et
435 5528 580 5599 ipsa
601 5523 879 5596 angelica
903 5531 1172 5583 creatura
1206 5532 1314 5593 est,
1338 5527 1476 5584 licet
1507 5526 1752 5600 proprio
1776 5525 1848 5583 sit

1960 4452 2674 4524 Pseudo—Amphilochius
2703 4450 2992 4517 fabulam,
3020 4465 3208 4522 quam
3238 4447 3318 4504 ab
3350 4445 3614 4504 Helladio

1960 4544 2156 4601 Basilii
2197 4543 2471 4599 ministro
2507 4557 2568 4597 se
2598 4539 2902 4612 accepisse
2951 4538 3146 4603 refert,
3195 4553 3405 4593 revera
3434 4553 3464 4592 e
3496 4536 3615 4592 vita

1961 4635 2018 4690 S.
2052 4632 2272 4700 Basilii,
2304 4647 2491 4704 quam
2520 4627 2822 4685 Helladius
2862 4627 3116 4698 scripsit,
3151 4629 3457 4681 mutuatus
3500 4631 3610 4680 est.

1959 4721 2325 4779 Foederibus
2356 4717 2666 4790 Theophili
2697 4715 3053 4773 vicedomini
3103 4715 3241 4785 (AA.
3306 4713 3401 4770 SS.
3467 4711 3610 4767 Boil.

1960 4810 2127 4868 Febr.
2167 4811 2224 4866 T.
2252 4809 2271 4863 Ι
2313 4825 2372 4882 p.
2401 4811 2525 4864 484.
2560 4806 2662 4862 888
2696 4822 2709 4871 ;
2741 4807 3010 4862 Sommer
3033 4803 3107 4858 de
3139 4800 3612 4873 Theophilicum

1958 4899 2200 4955 diabolo
2227 4898 2464 4954 foedere
2495 4896 2678 4952 Berol.
2715 4892 3157 4959 l8i4),Militarii
3179 4892 3377 4962 (Mone
3406 4889 3614 4946 Anzei-

1958 5005 2062 5060 ger
2087 4990 2226 5044 1834
2256 5004 2317 5060 p.
2371 4991 2474 5043 266
2525 4985 2706 5058 sqq.),
2758 4981 3049 5038 Heliodori
3092 4981 3220 5053 (Vit.
3265 4983 3328 5037 S.
3389 4980 3607 5036 Leonis

1959 5078 2239 5135 Cataniae
2258 5077 2454 5150 Episc.
2486 5077 2601 5132 AA.
2640 5076 2736 5131 SS.
2778 5071 2916 5130 Boll.
2945 5071 3115 5126 Febr.
3147 5073 3207 5127 Τ.
3236 5069 3310 5125 ΙΙΙ
3344 5085 3403 5141 p.
3456 5070 3608 5140 224),

1959 5167 2214 5224 aliorum
2239 5182 2381 5222 cum
2410 5163 2652 5222 diabolo
2674 5162 2805 5218 ictis
2838 5176 2955 5219 non
2997 5174 3168 5217 amor
3201 5157 3440 5231 puellae
3470 5157 3609 5213 inii.

1959 5257 2232 5322 ciendus,
2267 5255 2374 5312 sed
2397 5254 2677 5314 honores,
2706 5249 2967 5316 divitiae,
3000 5252 3158 5306 artes
3183 5248 3456 5318 magicae
3509 5261 3614 5302 ex-

1959 5351 2264 5419 petuntur.

2031 5435 2112 5507 (4)
2151 5431 2512 5497 V.Minutoli,
2545 5429 2714 5488 Beise
2757 5443 2896 5486 zum
2946 5425 3187 5498 Tempel
3231 5425 3339 5481 des
3379 5425 3614 5496 Jupiter

1957 5527 2217 5583 Ammon
2235 5525 2296 5579 in
2307 5519 2741 5594 derlibyschen
2755 5519 2951 5575 Wiiste
2967 5515 3088 5573 und
3102 5515 3260 5573 nach
3272 5515 3614 5588 Oberaegy-

201 5617 322 5676 vitio
351 5616 656 5689 maligna,
683 5613 800 5671 nisi
819 5615 982 5688 quod
1008 5615 1104 5678 ille
1119 5616 1473 5690 permiserit,
1505 5617 1674 5675 cuius
1697 5615 1851 5674 iudi-
1935 5621 2129 5701 λήθη,
2151 5613 2431 5686 herausg.
2457 5627 2573 5671 von
2596 5610 2693 5668 Dr.
2727 5607 3004 5676 Toelken,
3030 5605 3220 5666 Berlin
3246 5603 3611 5711 1824ιρ.179τ
