4080 6208
451 264 519 318 47
1328 255 1435 311 SS.
1479 242 1966 309 MACARIOBUM
2005 237 2334 296 AEGYPTII
2375 243 2460 299 ET
2498 247 2989 307 ALEXANDBINI
3784 253 3856 310 48

451 393 593 450 oleo
635 393 845 447 sancto
898 384 1199 443 Macarius
1245 382 1697 443 Alexandrinus
1733 369 2103 437 daemonia-
2134 365 2180 417 Α
2213 372 2379 444 typis
2425 376 2702 435 nondum
2742 380 2985 453 vulgata
3031 385 3141 450 est,
3200 382 3332 440 fuse
3385 386 3655 440 narrant.
3715 380 3855 442 Cas-

452 503 596 547 cum
630 490 807 546 curat
852 481 961 561 (1).
1024 484 1196 555 Aqua
1234 482 1341 539 illa
1384 482 1440 538 S.
1498 478 1778 537 Hilarion
1832 474 2104 531 incanta-

453 588 654 645 tiones
723 597 1050 655 magorum
1113 598 1148 639 a
1205 581 1451 638 stabulo
1518 577 1648 636 Itali
1721 572 1941 633 avertit
1988 566 2098 642 (2),

454 682 849 743 Macedonius
898 680 1232 739 mulierem
1278 679 1581 736 daemone
1631 670 1923 746 ingluviei
1953 668 2101 726 Iibe-

2213 469 2387 529 siano
2444 474 2701 545 quidem
2759 492 2893 535 rem
2952 500 2973 531 α
3047 480 3519 552 antiquissimus
3584 481 3859 541 anacho-

2212 573 2341 625 reta
2370 588 2399 623 »
2435 576 2674 631 esteros
2707 577 3016 648 exposuit,
3073 583 3139 635 ut
3170 578 3593 645 Nostenderet,
3652 586 3861 651 patres

2212 680 2336 723 non
2393 669 2510 726 nisi
2594 678 2876 731 extrema
2947 681 3007 732 et
3069 676 3412 733 inevitabili
3488 676 3857 734 necessitate

454 788 549 841 rat
632 777 743 856 (3),
832 780 1082 837 insanae
1176 777 1464 835 medetur
1558 772 1673 851 (4),
1762 770 2103 841 Aphraates
2210 771 2456 824 coactos
2493 768 2665 841 signa
2697 771 2937 830 fecisse.
2991 773 3074 831 Ac
3136 773 3423 832 Nesteros
3468 774 3860 832 haereticum

454 894 689 953 equum
760 876 1157 949 imperatoris
1230 878 1402 932 sanat
1490 871 1600 949 (5),
1672 871 1938 928 locustas
2007 878 2101 921 ar—
2210 864 2553 935 appellavit
2580 868 2869 928 Eunomii
2903 878 3314 939 sectatorem;
3361 870 3522 930 liber
3552 873 3863 931 secundus

454 983 553 1036 cet
600 973 710 1053 (6).
762 976 936 1045 Aqua
992 990 1026 1031 a
1069 974 1323 1031 senibus
1376 971 1704 1029 benedicta
1757 988 1779 1019 ‹
1834 961 2103 1023 salutare
2219 982 2241 1012 ‹
2271 961 2666 1037 Hieracitam,
2703 968 2870 1038 quod
2927 983 3120 1039 genus
3170 969 3502 1027 haereseos
3544 969 3865 1048 invenitur.

456 1076 865 1147 pharmacum
902 1093 923 1124 ι
962 1077 1238 1143 vocatur,
1271 1084 1397 1143 quo
1425 1074 1486 1127 et
1531 1067 1740 1126 morbi
1772 1058 2101 1136 depellun-
2213 1059 2379 1133 apud
2407 1062 2753 1135 Aegyptum
2794 1088 2821 1117 υ
2880 1072 3081 1125 vocat.
3153 1067 3431 1140 Eumque
3479 1067 3860 1127 Hieracitam

454 1178 577 1238 tur,
636 1177 693 1228 et
751 1171 1086 1228 daemones
1140 1167 1355 1240 fugere
1400 1171 1704 1239 coguntur
1752 1161 1861 1240 (7).
1919 1161 2103 1218 Exor-
2215 1159 2424 1227 fuisse,
2482 1162 2626 1233 quia
2707 1164 3231 1223 resurrectionem
3311 1165 3517 1222 carnis
3596 1166 3861 1237 negavit,

456 1271 686 1328 cismos
737 1273 943 1326 tamen
989 1267 1308 1324 asenibus
1373 1266 1447 1323 ad
1507 1264 1875 1321 daemonem
1925 1270 2108 1316 emo-
2216 1257 2609 1328 probabilius
2665 1266 2777 1332 est,
2832 1263 3259 1333 Eunomianis,
3324 1268 3538 1335 utpote
3606 1264 3867 1321 Ariano-

456 1368 729 1425 vendum
762 1365 1076 1423 adhibitos
1101 1378 1236 1423 esse
1261 1378 1384 1421 non
1408 1362 1639 1435 reperi.
2219 1368 2359 1411 rum
2404 1357 2675 1424 asseclis,
2723 1358 2799 1416 de
2826 1360 3099 1418 trinitate
3138 1361 3494 1419 errantibus
3521 1358 3669 1439 (12).
3706 1360 3869 1419 Hae-

540 1466 732 1522 Porro
785 1478 1057 1530 causam,
1117 1477 1230 1520 cur
1285 1476 1504 1533 magus
1563 1458 1829 1518 feminae
1883 1465 2111 1513 nocere
2220 1452 2473 1521 reticus,
2509 1461 2641 1514 arte
2670 1457 2993 1516 dialectica
3033 1473 3200 1526 usus,
3255 1456 3679 1517 sinceritatem
3727 1458 3872 1515 ﬁdei

457 1562 755 1636 potuerit,
812 1562 1112 1620 Macarius
1153 1561 1268 1617 hac
1318 1560 1571 1627 indicat,
1620 1556 1786 1630 quod
1832 1553 2112 1626 quinque
2223 1552 2564 1611 catholicae
2621 1556 2984 1614 subvertere
3033 1557 3377 1615 conabatur
3418 1563 3477 1614 et
3519 1577 3549 1611 ar
3584 1571 3871 1629 magnam

456 1678 528 1720 ea
586 1661 1089 1719 hebdomadibus
1146 1670 1271 1717 non
1328 1658 1659 1716 accesserit
1711 1656 1784 1713 ad
1847 1654 2109 1711 inteme-
2146 1718 2184 1732 ῃ
2224 1649 2348 1706 iam
2421 1652 2888 1711 multitudinem
2963 1656 3289 1713 hominum
3333 1655 3684 1732 deceperat,
3744 1675 3766 1706 ι
3810 1660 3877 1713 ut

456 1718 857 1817 rataChristi
912 1757 1227 1829 mysteria.
1284 1756 1521 1824 Quibus
1575 1754 1783 1813 verbis
1826 1748 2111 1810 euchari-
2146 1718 2186 1771 Β
2226 1747 2569 1819 Cassianus,
2608 1768 2637 1804 ‹‹
2667 1765 2779 1823 per
2823 1753 3083 1810 multam
3132 1753 3425 1824 loquendi
3482 1718 3681 1810 artem
3734 1752 3877 1825 plu-

457 1859 641 1916 stiam
676 1854 963 1927 intelligi,
1006 1856 1103 1912 vix
1139 1855 1459 1927 ambigere
1505 1852 1760 1926 poteris.
1812 1846 2112 1907 Euchari-

455 1955 574 2011 stia
617 1958 825 2011 autem
874 1952 1201 2010 illusiones
1247 1953 1624 2009 daemonum
1665 1948 1865 2006 arceri
1906 1950 2031 2009 aut,
2063 1943 2114 2000 si

458 2051 776 2109 adhibitae
843 2054 1007 2121 sunt,
1080 2050 1347 2115 destrui,
1423 2047 1787 2120 saepissime
1851 2042 2104 2116 legitur.

457 2149 805 2212 Cassianus,
860 2152 927 2204 ut
978 2162 1173 2205 unum
1216 2162 1251 2205 e
1296 2146 1505 2204 multis
1559 2143 1920 2217 exemplum
1974 2139 2117 2197 affe-

459 2261 694 2313 ramus,
732 2245 1041 2311 iuvenem,
1081 2250 1333 2316 sumpto
1380 2258 1537 2315 pane
1565 2242 1839 2309 caelesti,
1888 2239 1966 2297 ab
2003 2238 2115 2294 im-

460 2343 691 2417 pudica
761 2343 1139 2400 daemonum
1209 2343 1505 2400 illusione
1576 2340 1912 2398 liberatum
1984 2349 2117 2394 esse

460 2442 651 2501 tradit
693 2439 801 2516 (8).
856 2440 1056 2512 Atque
1101 2441 1221 2498 alia
1272 2439 1579 2509 exempla,
1618 2437 1848 2510 quibus
1895 2434 2116 2492 eucha-

457 2539 633 2597 ristia
687 2537 1052 2610 praestigias
1094 2537 1472 2594 daemonum
1527 2536 1760 2593 solutas
1815 2547 1949 2590 esse
2001 2531 2115 2587 do-

463 2650 704 2705 cemur,
754 2634 958 2692 Delrio
1015 2634 1342 2706 congessit,
1392 2634 1466 2689 ad
1510 2633 1692 2691 cuius
1737 2631 1971 2688 librum
2015 2628 2119 2686 de-

462 2747 753 2807 regamus
804 2730 916 2807 (9).
967 2732 1027 2790 Si
1086 2746 1237 2790 vero
1269 2732 1488 2788 intima
1521 2744 1664 2788 cum
1713 2724 1822 2797 47
1875 2726 2120 2786 Christo

462 2830 923 2890 consociatione
980 2835 1037 2887 et
1084 2829 1309 2888 crebro
1357 2829 1435 2887 ad
1492 2828 1628 2887 eius
1674 2824 1976 2899 mysteria
2014 2837 2119 2880 ac-

464 2942 642 2987 cessu
711 2926 989 2984 fallaciae
1047 2928 1425 2984 daemonum
1490 2925 1836 2995 eliduntur,
1888 2926 2121 2994 quanto

466 3025 665 3098 magis
730 3025 1097 3098 praestigiae
1160 3025 1514 3095 hominum,
1566 3024 1799 3095 quibus
1854 3022 2120 3079 daemon

468 3124 596 3182 vim
622 3122 886 3181 nocendi
914 3123 1294 3195 suppeditat,
1326 3122 1647 3179 diluentur
1676 3122 1688 3177 !

550 3219 579 3297 §
616 3221 708 3277 14.
757 3220 874 3277 Sed
903 3224 1289 3277 transeamus
1318 3221 1395 3277 ad
1425 3224 1653 3290 cetera,
1695 3231 1855 3289 quae
1884 3216 1962 3273 de
1992 3215 2115 3271 Ma-

470 3319 644 3376 cario
698 3317 1000 3389 Aegyptio
1061 3317 1366 3373 Palladius
1420 3315 1652 3374 retulit.
1702 3317 1783 3372 De
1828 3312 2123 3372 cuniculo

470 3431 505 3473 a
556 3415 823 3472 Macario
879 3419 1036 3478 acto,
1092 3428 1203 3484 per
1259 3428 1469 3486 quem,
1528 3413 1579 3469 si
1628 3412 1736 3485 qui
1782 3412 1837 3468 ei
1876 3407 2121 3467 molesti

470 3516 667 3577 erant,
714 3513 775 3568 in
820 3512 1183 3583 speluncam
1214 3510 1449 3583 abibat,
1488 3510 1653 3583 apud
1685 3511 1889 3569 solum
1926 3507 2126 3566 Palla—

471 3610 649 3668 dium
699 3606 982 3681 legimus.
1040 3609 1118 3666 De
1161 3615 1411 3667 mortuo
1460 3622 1631 3676 vero,
1699 3622 1887 3680 quem
1956 3621 2127 3666 resu-

471 3707 734 3773 scitavit.
770 3712 838 3764 ut
876 3707 1191 3765 haeretico
1221 3707 1746 3767 resurrectionem
1785 3720 2125 3779 corporum

476 3806 900 3879 persuaderet,
931 3805 1093 3862 liber
1118 3803 1594 3880 secundus(10),
1630 3801 2123 3879 Cassianus(11),

472 3919 587 3962 nec
635 3918 759 3962 non
828 3902 1144 3976 appendix
1210 3902 1288 3961 ad
1349 3904 1906 3977 Ap0phthegmata,
1966 3917 2128 3976 quae

549 4126 623 4191 (1)
644 4120 723 4175 Cf.
751 4118 907 4175 infra
921 4120 1214 4191 Caputlll.

550 4208 626 4278 (2)
650 4207 778 4263 Vita
819 4209 876 4262 S.
934 4207 1215 4261 Hilarion.
1278 4223 1416 4277 cap.
1460 4208 1544 4272 14,
1606 4205 1727 4263 VV.
1773 4208 1880 4261 PP.
1930 4209 2123 4262 Rosw.

472 4310 534 4368 p.
572 4299 661 4363 79,
695 4296 746 4348 1.

550 4383 625 4455 (3)
657 4386 764 4437 VV.
796 4382 904 4439 PP.
937 4384 1131 4437 Rosw.
1159 4381 1261 4437 lib.
1291 4382 1355 4437 IX
1389 4398 1517 4453 cap.
1547 4384 1612 4437 13
1638 4397 1695 4454 p.
1731 4383 1854 4449 830,
1883 4384 1939 4439 1.

550 4473 625 4543 (4)
654 4472 800 4527 Ibid.

550 4560 629 4633 (5)
671 4560 823 4617 Ibid.
859 4576 992 4633 cap.
1027 4563 1057 4615 8
1089 4560 1287 4633 p.821,
1322 4561 1370 4614 1.

550 4650 626 4719 (6)
650 4650 799 4705 Ibid.
834 4666 891 4721 p.
924 4651 1049 4712 8'21,
1088 4655 1140 4704 2.

552 4741 624 4809 (7)
654 4740 800 4794 lbid.
836 4755 968 4810 cap.
1001 4740 1063 4793 21
1097 4754 1153 4811 p.
1178 4738 1301 4803 840,
1330 4742 1383 4793 2.

548 4830 626 4899 (8)
660 4829 859 4884 Collat.
894 4829 1027 4883 XXII
1052 4845 1187 4900 cap.
1248 4832 1300 4882 6.
1346 4828 1608 4884 Cassiani
1662 4832 1815 4901 Opp.
1870 4831 1963 4886 ed.
2018 4834 2126 4888 Ga-

480 4933 653 4971 zaeus
688 4934 742 4986 p.
774 4921 894 4981 581,
930 4917 1116 4986 Migne
1150 4932 1208 4988 p.
1250 4921 1403 4972 1225.

552 5006 629 5076 (9)
660 5006 963 5077 Disquisit.
1026 5007 1245 5077 magic.
1292 5006 1393 5061 lib.
1465 5006 1535 5061 Vl
1586 5024 1719 5080 cap.
1769 5010 1810 5062 ll
1846 5010 1992 5065 Sect.
2056 5011 2127 5065 III

482 5095 549 5159 Ο.
575 5098 603 5149 3
628 5094 721 5149 ed.
755 5096 910 5164 Mog.
944 5094 1080 5151 1624
1115 5112 1175 5166 p.
1200 5096 1305 5151 985
1333 5111 1465 5167 sqq.

554 5184 668 5254 (10)
698 5185 838 5255 Cap.
873 5187 940 5239 28
972 5186 1076 5239 VV.
1112 5185 1210 5239 PP.
1236 5186 1437 5241 Rosw.
1486 5201 1550 5257 p.
1585 5186 1708 5251 480,
1738 5190 1791 5239 2.

553 5272 833 5343 (11)Coll.
887 5273 976 5329 XV
1023 5288 1154 5343 cap.
1208 5276 1260 5329 3.
1318 5274 1581 5330 Cassiani
1638 5275 1793 5345 Opp.
1855 5274 1948 5327 ed.
1990 5275 2122 5329 Gaz.

476 5375 539 5432 p.
566 5361 690 5426 468,
724 5361 912 5432 Migne
938 5378 996 5434 p.
1026 5363 1148 5419 995.

550 5451 659 5521 (12)
693 5452 1020 5509 Eunomius
1066 5467 1321 5523 corpora
1366 5455 1769 5506 resurrectura
1820 5466 1951 5505 esse
2005 5466 2127 5509 non

476 5540 749 5609 negavit;
766 5541 983 5599 namin
998 5540 1136 5597 ﬁdei
1149 5538 1523 5596 confessione
1537 5555 1645 5594 sua
1674 5556 1732 5594 :«
1756 5538 2063 5606 Posthaec,
2094 5559 2126 5596 ›

476 5628 691 5704 inquit,
721 5653 742 5685 ι
760 5630 1059 5690 credimus
1084 5630 1147 5689 in
1163 5642 1322 5697 eam,
1353 5643 1509 5701 quae
1535 5643 1641 5702 per
1661 5628 2032 5690 Salvatorem
2052 5630 2152 5690 fu.

2227 1844 2422 1904 rimos
2448 1847 2734 1915 fratrum,
2802 1850 2911 1922 qui
2944 1850 3307 1908 habitabant
3336 1851 3399 1908 in
3445 1864 3680 1915 eremo,
3733 1864 3881 1908 con-

2227 1946 2593 2015 turbarat,»
2635 1952 2700 2004 ut
2754 1948 2916 2006 liber
2965 1949 3275 2007 secundus
3320 1949 3627 2020 perhibet.
3684 1952 3882 2007 Maca-

2228 2042 2362 2100 rius
2388 2042 2595 2115 igitur,
2633 2061 2663 2101 a
2718 2044 3039 2103 catholicis
3070 2046 3244 2115 viris,
3296 2045 3401 2119 qui
3464 2046 3645 2103 ruina
3676 2051 3881 2103 tantae

2227 2140 2653 2200 subversionis
2700 2143 3059 2214 gravissime
3108 2144 3539 2210 movebantur,
3600 2148 3873 2215 rogatus,

2228 2242 2296 2294 ut
2328 2238 2646 2310 simplices
2692 2235 2809 2307 48
2862 2241 3105 2298 animos
3136 2241 3325 2298 totius
3382 2240 3636 2313 Aegypti
3673 2241 3752 2298 ab
3785 2240 3877 2297 in-

2230 2334 2542 2394 ﬁdelitatis
2573 2338 3233 2411 naufragioliberaret,
3269 2339 3516 2397 advenit
3546 2335 3698 2416 (13),
3752 2352 3878 2411 quo

2230 2439 2553 2505 praesente
2602 2436 2952 2494 haereticus
3011 2452 3262 2509 pravam
3314 2437 3500 2494 ﬁdem
3548 2450 3723 2494 suam
3776 2435 3880 2493 iti-

2230 2532 2373 2589 dem
2432 2548 2707 2591 asserere
2758 2550 2944 2593 ausus
3037 2542 3128 2593 est
3186 2533 3336 2611 (16.).
3420 2536 3575 2592 Tum
3626 2540 3875 2592 sanctus

2216 2649 2265 2693 .«
2328 2632 2733 2689 Aristotelicis
2789 2634 2985 2704 spinis
3044 2655 3065 2685 ι
3126 2633 3466 2705 impeditus
3522 2628 3671 2709 (15),
3726 2646 3881 2703 quo-

2231 2729 2400 2786 niam
2430 2731 2619 2786 verba
2649 2730 2961 2803 simplicia
2992 2732 3236 2789 callidis
3289 2730 3674 2802 argumentis
3724 2728 3875 2787 elidi

2230 2833 2290 2886 et
2320 2828 2506 2885 ﬁdem
2555 2828 2818 2885 fratrum
2873 2829 3215 2901 periclitari
3243 2829 3481 2886 videret
3520 2825 3675 2903 (16),
3710 2827 3879 2885 mul-

2231 2926 2497 2998 tiloquio
2561 2926 2859 2984 haeretici
2935 2926 3275 3000 apostolica
3344 2926 3646 2984 brevitate
3694 2925 3880 2982 ﬁnem

2232 3024 2563 3097 imponens
2610 3021 2737 3099 (17)
2790 3046 2802 3084 ;
2860 3024 3042 3094 Quid,
3105 3024 3330 3097 inquit,
3389 3039 3549 3097 opus
3595 3030 3708 3085 est,
3769 3036 3886 3080 nos

2231 3121 2439 3179 verbis
2484 3121 2860 3179 contendere
2927 3122 3002 3179 ad
3074 3122 3541 3181 subversionem
3611 3120 3883 3178 audien-

2232 3218 2387 3275 tium
2422 3218 2451 3277 ’1?
2478 3220 2778 3276 Exeamus
2805 3220 2881 3277 ad
2912 3220 3245 3292 sepulchra
3270 3225 3330 3277 et
3360 3234 3587 3278 nomen
3634 3216 3883 3275 Domini

2232 3330 2421 3388 super
2475 3322 2815 3385 mortuum,
2871 3318 2979 3389 qui
3041 3319 3284 3390 primus
3338 3317 3623 3376 inventus
3670 3316 3878 3381 fuerit,

2233 3416 2594 3473 invocemus
2637 3418 2720 3485 et,
2767 3416 2866 3473 cui
2917 3422 3199 3473 nostrum
3246 3415 3624 3475 concesserit
3677 3412 3885 3471 Domi-

2234 3528 2371 3579 nus,
2441 3513 2740 3570 suscitare
2799 3520 3143 3585 mortuum,
3196 3514 3393 3572 sciant
3434 3528 3673 3577 omnes,
3735 3512 3888 3584 quia

2235 3610 2406 3667 illius
2460 3610 2611 3668 ﬁdes
2663 3612 2967 3683 probatur
3010 3627 3043 3668 a
3106 3613 3226 3670 Deo
3296 3609 3447 3688 (18).
3505 3611 3618 3679 Qui
3672 3622 3883 3667 sermo

2236 3709 2552 3775 omnibus,
2587 3710 2695 3780 qui
2749 3710 3027 3775 aderant,
3088 3710 3386 3767 fratribus
3434 3708 3695 3781 placuit.
3760 3708 3886 3763 lam

2236 3820 2384 3865 vero
2414 3807 2687 3865 narratio
2739 3807 3013 3865 Cassiani
3058 3807 3285 3865 diﬁ‘ert.
3344 3806 3526 3865 Libro
3578 3805 3747 3862 enim
3791 3818 3887 3861 se-

2235 3904 2440 3964 eundo
2484 3904 2788 3963 Macarius
2842 3920 2985 3963 cum
3038 3905 3347 3964 Hieracita
3396 3903 3626 3976 statim,
3677 3906 3745 3959 ut
3795 3900 3889 3958 vi-

2237 4116 2370 4173 tura
2400 4122 2505 4180 est,
2540 4119 3037 4175 resurrectionem
3062 4136 3406 4191 corporum,
3426 4119 3644 4176 horum
3668 4118 3889 4175 scilicet

2236 4205 2507 4276 ipsorum
2547 4223 2703 4278 quae
2736 4208 3028 4264 dissoluta
3068 4215 3228 4275 sunt,
3274 4225 3393 4265 una
3447 4225 3586 4265 cum
3628 4208 3887 4281 propriis

2238 4295 2525 4351 membris
2558 4312 2627 4352 ac
2654 4298 2945 4368 partibus,
2980 4298 3142 4353 nullo
3183 4298 3495 4354 deﬁciente
3518 4305 3619 4353 aut
3666 4298 3889 4353 immu-

2238 4390 2357 4443 tato
2387 4401 2458 4441 ex
2490 4386 2579 4451 iis,
2605 4402 2760 4459 quae
2795 4386 3264 4461 uniuscuiusque
3302 4403 3522 4458 corpus
3564 4403 3887 4459 compone-

2238 4478 2402 4539 bant,
2434 4476 2581 4531 dum
2607 4477 2827 4531 viveret
2860 4497 2909 4528 ››.
2939 4477 3208 4546 Basnage
3252 4476 3407 4532 lectt.
3464 4477 3693 4548 antiqq.
3738 4476 3800 4531 T.
3844 4477 3887 4542 Ι,

2243 4568 2360 4622 180.
2398 4568 2474 4621 De
2505 4565 2793 4621 Eunomio
2811 4563 2884 4619 cf.
2919 4564 3137 4634 ibid.p.
3164 4565 3266 4618 172
3300 4580 3435 4634 sqq.
3480 4563 3890 4620 Tillemontius

2240 4656 2567 4728 (Mémoires
2593 4653 2686 4708 ed.
2716 4655 2893 4707 Brux.
2936 4654 3070 4706 17l9
3096 4652 3162 4705 Τ.
3202 4650 3271 4704 IIl
3322 4653 3378 4703 P.
3413 4650 3483 4703 lli
3508 4666 3566 4719 p.
3599 4650 3725 4717 998)
3763 4668 3892 4707 mo.

2239 4749 2357 4811 net,
2393 4743 2736 4803 Hieracitas,
2764 4740 2866 4811 qui
2896 4745 2951 4795 et
2974 4739 3047 4793 de
3067 4739 3341 4793 Trinitate
3374 4736 3520 4789 falsa
3546 4736 3887 4806 docuerint,

2241 4833 2644 4889 Eunomianos
2674 4828 2959 4900 appellari
3000 4843 3191 4898 posse.
3230 4825 3342 4881 Sed
3366 4824 3458 4879 hic
3485 4824 3559 4879 de
3582 4826 3888 4886 haeretico

2239 4922 2452 4991 agitur,
2519 4920 2619 4990 qui
2699 4932 3016 4987 corporum
3076 4913 3575 4969 resurrectionem
3626 4918 3883 4986 negarit,

2236 5010 2399 5081 quod
2430 5024 2618 5079 quum
2645 5007 2703 5061 in
2738 5004 3140 5059 Eunomianos
3169 5018 3289 5057 non
3324 5002 3519 5068 cadat,
3551 5004 3645 5059 ille
3674 5005 3885 5062 haere-

2237 5099 2388 5153 ticus
2423 5094 2830 5151 Eunomianus
2858 5093 3053 5149 vocari
3095 5107 3339 5165 prorsus
3373 5094 3597 5165 nequit.

2308 5187 2421 5257 (13)
2454 5187 2618 5240 Cass.

2306 5276 2422 5346 (14)
2458 5274 2577 5327 Lib.
2624 5288 2742 5327 sec.

2311 5364 2420 5435 (15)
2450 5365 2615 5419 Cass.

2310 5453 2419 5525 (16)
2449 5452 2571 5507 Lib.
2596 5468 2713 5508 sec.

2308 5543 2421 5615 (17)
2453 5542 2614 5601 Cass.

2307 5632 2420 5707 (18)
2447 5631 2578 5692 Lib.
2614 5647 2732 5691 sec.
