4094 6208
243 197 317 251 49
1848 196 1893 252 ν

2007 195 2079 253 .E.
3594 184 3667 244 50

243 326 453 391 detur,
511 325 588 382 ad
645 325 975 398 sepulchra
1022 326 1209 393 venit,
1271 340 1543 398 eumque
1599 325 1905 397 hortatur,
1943 319 2137 382 Atios
2183 323 2440 382 demum
2488 322 2633 381 inde
2688 338 2723 380 a
2779 323 2837 381 S.
2899 320 3163 379 Antonio
3210 319 3502 384 obtinuit,
3555 317 3666 391 qui

243 428 312 480 ut
370 428 698 480 mortuum
766 423 825 479 in
884 423 1137 481 nomine
1195 423 1439 481 Domini
1498 429 1729 481 evocet.
1788 422 1908 480 Sed

245 521 563 578 Hieracita
611 542 625 579 :
680 522 790 588 Tu,
839 520 1063 594 inquit,
1112 521 1220 595 qui
1277 521 1679 594 proposuisti,
1731 519 1909 594 prior

245 632 461 676 evoca.
533 618 839 676 Macarius
919 619 1128 691 igitur,
1207 618 1268 676 in
1344 620 1693 677 orationem
1767 624 1909 676 ante

249 717 456 774 Deum
500 720 863 788 prostratus,
897 722 1227 789 postquam
1267 717 1644 776 sufﬁcienter
1682 716 1901 785 oravit,

253 813 519 871 elevatis
565 828 808 871 sursum
882 814 1081 873 oculis
1144 833 1156 871 :
1246 816 1524 885 Domine,
1591 815 1695 886 ait,
1766 813 1908 886 quis

259 915 541 969 nostrum
591 915 824 968 rectam
875 910 1060 969 ﬁdem
1104 916 1327 983 teneat,
1372 912 1629 972 ostende
1670 913 1906 970 elevato

255 1006 374 1065 hoc
416 1012 684 1067 mortuo.
720 1007 786 1065 Id
816 1022 959 1066 cum
993 1008 1271 1079 dixisset,
1316 1011 1523 1069 fratris
1552 1010 1901 1079 cuiusdam,

250 1105 353 1177 qui
409 1119 615 1178 nuper
666 1107 949 1179 sepultus
1000 1112 1153 1175 erat,
1210 1122 1438 1166 nomen
1488 1114 1721 1166 evocat.
1773 1107 1904 1175 Quo

239 1202 315 1260 de
394 1205 646 1261 tumulo
721 1205 1158 1276 respondente,
1246 1207 1608 1264 accedentes
1684 1206 1904 1263 fratres

160 1284 166 1293 ’
235 1300 566 1370 continuo,
621 1316 782 1373 quae
834 1304 1228 1376 superposita
1278 1304 1541 1376 fuerant,
1588 1305 1897 1371 auferunt,

234 1401 294 1454 et
339 1398 644 1455 eductum
691 1413 724 1454 e
770 1399 1105 1471 sepulchro
1148 1401 1357 1458 vivum
1391 1401 1705 1458 exhibent.
1755 1399 1897 1457 Hie-

234 1495 435 1554 racita
491 1509 665 1563 vero,
726 1496 833 1553 ubi
886 1496 1041 1555 haec
1098 1498 1275 1569 vidit,
1324 1498 1789 1571 obstupefactus
1836 1498 1900 1554 in

234 1593 449 1664 fugam
483 1593 748 1652 vertitur
790 1600 849 1652 et
893 1610 926 1652 a
966 1595 1265 1654 fratribus
1295 1597 1530 1654 cunctis
1571 1595 1897 1668 insequen.

2018 423 2341 495 pulverem
2386 422 2628 493 pulveri
2678 421 3062 479 reddendum
3094 433 3228 476 esse
3258 417 3499 475 censuit
3550 414 3662 493 (t).

2017 520 2343 578 Praeterea
2405 519 2641 577 mumia
2699 519 2819 576 illa,
2891 523 3219 590 postquam
3287 518 3493 573 locuta
3547 520 3662 585 est,

2017 618 2221 675 denuo
2269 618 2520 683 dormit,
2571 632 2603 673 a
2656 616 2917 675 Domino
2961 614 3384 673 resuscitanda
3429 614 3492 670 in
3548 612 3665 670 ﬁne

2016 721 2420 788 temporum;
2495 716 2684 773 frater
2740 728 2887 771 vero
2953 712 3098 769 libri
3155 711 3435 777 secundi,
3496 715 3665 768 terra

2018 815 2279 879 detecta,
2333 813 2547 885 surgit,
2607 812 2835 884 prodit,
2885 824 2998 868 nec
3053 824 3196 867 eum
3244 810 3305 865 in
3349 808 3663 867 tumulum

2017 912 2345 969 revertisse
2416 910 2700 983 legimus.
2779 908 3006 966 Deinde
3071 907 3238 979 quod
3317 905 3667 963 haereticus

2016 1008 2181 1079 apud
2256 1008 2614 1066 Cassianum
2671 1010 2911 1064 secreto
2967 1004 3223 1075 aufugit,
3288 1002 3449 1061 libro
3514 1016 3662 1060 vero

2015 1107 2289 1164 secundo
2334 1120 2367 1162 a
2418 1105 2688 1163 Macario
2734 1103 3054 1162 convictus
3104 1097 3374 1173 fugatur,
3410 1098 3665 1157 levioris

2013 1204 2311 1260 momenti
2335 1203 2682 1260 differentia
2711 1205 2820 1260 est.

2092 1299 2209 1356 Sed
2259 1300 2723 1358 narrationibus
2779 1298 2926 1357 libri
2982 1295 3235 1355 secundi
3286 1298 3345 1352 et
3389 1292 3663 1351 Cassiani

2012 1397 2192 1469 longe
2248 1398 2563 1469 copiosior
2611 1402 2701 1455 est
2754 1397 2886 1466 illa,
2934 1410 3094 1469 quae
3132 1395 3194 1451 in
3248 1394 3363 1450 ista
3414 1390 3663 1463 Apoph-

2012 1496 2393 1567 thegmatum
2456 1496 2801 1567 appendice
2868 1494 3034 1567 typis
3085 1492 3363 1550 nondum
3419 1489 3663 1561 vulgata

2009 1599 2223 1651 exstat.
2264 1594 2483 1664 Quam,
2515 1593 2627 1650 etsi
2683 1593 2862 1664 longa
2912 1591 2991 1648 sit
3032 1596 3093 1649 et
3142 1587 3543 1660 ampliﬁcata,
3580 1592 3665 1644 ta-

234 1662 407 1747 tibus
460 1696 634 1746 extra
684 1692 982 1750 terminos
1030 1697 1232 1750 terrae
1285 1693 1456 1751 illius
1505 1662 1891 1751 exturbatur.
1934 1662 1977 1717 Β
2010 1707 2152 1750 men
2226 1689 2339 1760 50
2398 1662 2593 1763 quum
2647 1662 2951 1762 quaedam
3024 1689 3248 1746 habeat
3313 1688 3661 1743 memoratu

236 1787 421 1859 Apud
470 1779 828 1847 Cassianum
874 1804 1023 1848 vero
1077 1806 1176 1848 res
1217 1790 1400 1850 aliter
1451 1806 1516 1849 se
1561 1792 1766 1849 habet.
1805 1792 1893 1848 Ibi

236 1886 410 1942 enim
456 1900 583 1943 non
627 1886 833 1944 statim
880 1888 956 1945 ad
987 1888 1320 1959 sepulchra
1376 1889 1744 1961 procedunt,
1788 1889 1895 1945 sed

235 1982 615 2051 haereticus,
651 1998 846 2055 quum
876 1984 985 2042 illa
1032 1986 1152 2043 sibi
1197 2001 1230 2043 a
1278 1987 1546 2044 Macario
1576 1985 1896 2058 proposita

234 2084 399 2137 esset
454 2081 775 2139 doctrinae
823 2084 1135 2155 probatio,
1187 2098 1398 2142 coram
1452 2084 1895 2143 circumstante

233 2177 423 2249 plebe
471 2179 711 2249 pudore
753 2180 1123 2238 constrictus
1175 2182 1459 2239 assentiri
1507 2197 1572 2239 se
1616 2180 1888 2250 simulat,

234 2288 429 2346 seque
484 2275 757 2332 crastino
820 2276 921 2333 die
985 2277 1345 2336 adfuturum
1400 2278 1730 2350 promittit.
1787 2279 1892 2334 Po-

233 2370 461 2429 stridie
485 2376 694 2429 autem
724 2374 1226 2444 exspectantibus
1253 2376 1569 2445 omnibus,
1604 2375 1713 2447 qui
1745 2389 1895 2447 spe-

234 2468 465 2527 ctaculi
495 2470 839 2541 cupiditate
883 2466 1001 2539 49
1030 2473 1328 2531 commoti
1378 2474 1455 2530 ad
1500 2476 1710 2532 locum
1743 2487 1893 2531 con-

236 2567 479 2625 dictum
561 2568 902 2626 studiosius
979 2570 1425 2637 conﬂuxerant,
1501 2571 1663 2628 mala
1738 2586 1897 2629 con—

233 2665 498 2723 scientia
548 2664 928 2724 inﬁdelitatis
975 2682 1122 2725 suae
1165 2668 1499 2727 exterritus
1544 2669 1782 2742 aufugit
1826 2684 1895 2726 ac

234 2764 531 2835 protinus
568 2779 601 2819 e
648 2770 812 2820 terra
866 2766 1120 2838 Aegypti
1169 2767 1459 2824 decessit.
1513 2768 1707 2836 Quem
1759 2768 1895 2839 qui-

233 2862 383 2918 dem
438 2861 761 2928 Macarius,
811 2877 1007 2935 usque
1064 2863 1140 2920 ad
1201 2863 1417 2921 horam
1465 2879 1691 2922 nonam
1749 2880 1894 2923 cum

238 2958 646 3016 multitudine
696 2960 1125 3031 praestolatus,
1169 2976 1363 3034 quum
1412 2962 1757 3021 declinasse
1800 2964 1892 3020 vi-

234 3056 438 3127 deret,
484 3062 804 3129 assumpta
852 3058 1035 3129 plebe
1078 3060 1154 3116 ad
1211 3060 1543 3132 sepulchra
1593 3062 1893 3135 perrexit,

236 3159 297 3211 et
379 3158 705 3212 mortuum
779 3171 813 3213 e
882 3156 1276 3228 temporibus
1351 3158 1741 3216 Pharaonum
1819 3159 1894 3216 ad

234 3252 749 3324 respondendum
835 3253 956 3311 sibi
1037 3255 1337 3319 evocavit,
1409 3270 1596 3328 quem
1669 3257 1894 3314 deinde

233 3365 380 3408 cum
446 3350 672 3408 ceteris
728 3351 791 3408 in
860 3366 1010 3423 pace
1081 3353 1360 3412 dormire
1433 3354 1630 3411 iussit.
1696 3355 1895 3427 Atque

233 3448 528 3506 Nesteros
579 3448 749 3506 addit
803 3467 815 3506 :
876 3468 906 3503 «
968 3449 1128 3507 Haec
1169 3450 1359 3521 igitur
1404 3451 1539 3509 eius
1589 3448 1889 3529 [Macarii]

236 3545 439 3603 virtus
482 3550 541 3603 et
583 3546 801 3619 gratia,
836 3552 1137 3619 quantum
1183 3548 1246 3606 in
1296 3548 1432 3621 ipso
1476 3550 1610 3616 fuit,
1645 3565 1893 3622 semper

235 3645 500 3702 fortasse
566 3644 867 3709 latuisset,
926 3645 1044 3703 nisi
1105 3660 1250 3703 eum
1318 3648 1649 3706 necessitas
1703 3648 1892 3707 totius

236 3741 604 3813 provinciae
644 3742 1072 3813 periclitantis,
1118 3749 1177 3801 et
1220 3758 1364 3818 erga
1406 3745 1719 3804 christum
1766 3748 1889 3820 ple-

238 3854 318 3896 na
378 3840 630 3897 devotio
692 3854 995 3913 amorque
1042 3843 1322 3900 sincerus
1378 3842 1542 3901 istud
1598 3858 1891 3903 exercere

239 3936 621 3994 miraculum
650 3938 1076 4010 compulisset.
1111 3938 1283 4009 Quod
1330 3940 1546 4013 utique
1587 3946 1655 3999 ut
1707 3943 1786 4000 ab
1815 3956 1890 4001 eo

237 4032 441 4099 ﬁeret,
478 4048 596 4092 non
645 4036 975 4094 ostentatio
1008 4036 1264 4109 gloriae,
1306 4039 1414 4096 sed
1461 4039 1688 4098 caritas
1717 4040 1891 4098 Chri-

234 4131 311 4189 sti
348 4135 410 4189 et
440 4132 630 4190 totius
659 4133 864 4205 plebis
902 4135 1157 4193 extorsit
1204 4136 1479 4207 utilitas;
1526 4141 1592 4195 ut
1638 4139 1887 4197 beatum

230 4244 492 4303 quoque
543 4229 782 4288 Heliam
841 4231 1058 4290 fecisse
1110 4234 1340 4306 Regum
1398 4234 1582 4293 lectio
1636 4236 1889 4293 manife-

228 4333 368 4391 stat,
405 4328 519 4400 qui
566 4328 773 4401 ignem
805 4329 882 4387 de
928 4332 1101 4388 caelo
1130 4345 1320 4404 super
1359 4331 1590 4391 hostias
1632 4333 1886 4406 imposi-
1921 4370 1967 4424 υ

229 4429 320 4482 tas
349 4437 515 4497 pure
567 4423 805 4484 idcirco
852 4427 1229 4484 descendere
1278 4429 1630 4502 postulavit,
1664 4435 1733 4487 ut
1776 4444 1885 4501 pe-

227 4520 610 4579 riclitantem
664 4521 1357 4596 Pseudoprophetarum
1411 4526 1759 4599 praestigiis
1814 4527 1886 4585 ﬁ-

230 4617 372 4676 dem
404 4616 598 4677 totius
628 4620 845 4693 populi
879 4620 1192 4679 liberaret.
1236 4644 1258 4675 ι
1294 4623 1381 4680 En
1421 4624 1567 4681 satis
1597 4638 1884 4695 magnam

229 4716 652 4775 differentiam
705 4718 718 4776 l
769 4718 956 4776 Libro
1003 4720 1170 4777 enim
1221 4721 1493 4779 secundo
1536 4727 1629 4781 est
1674 4722 1886 4781 fratris

228 4813 563 4872 cuiusdam
615 4829 845 4887 corpus
902 4816 1253 4890 humatum,
1326 4819 1495 4890 quod
1564 4825 1878 4890 evocatur,

229 4912 396 4983 apud
466 4911 827 4971 Cassianum
898 4916 1151 4987 antiqua
1206 4916 1442 4973 mumia
1514 4931 1549 4975 e
1602 4923 1884 4989 tempore

231 5008 649 5067 Pharaonum.
699 5010 828 5079 Qua
868 5010 1035 5070 idem
1077 5012 1403 5071 occasione
1459 5012 1601 5072 data
1648 5015 1886 5089 Aegyp-

224 5105 467 5165 tiorum
513 5121 778 5177 morem,
817 5109 899 5167 ob
944 5108 1063 5167 Nili
1106 5108 1576 5169 inundationem
1618 5125 1886 5185 corpora

228 5203 674 5263 defunctorum
746 5206 1079 5279 pigmentis
1147 5208 1579 5268 redolentibus
1637 5210 1886 5269 condita

230 5301 610 5360 editioribus
638 5303 885 5362 cellulis
913 5306 1316 5379 recondendi,
1342 5307 1603 5366 uberius
1651 5308 1885 5367 descri-

228 5398 338 5457 bit.
381 5400 537 5457 Nam
589 5415 726 5460 mos
772 5415 1037 5474 corpora
1080 5404 1379 5463 humandi
1430 5406 1595 5478 apud
1648 5408 1880 5480 Aegyp-

2008 1791 2214 1863 digna,
2302 1790 2490 1847 latine
2564 1788 2872 1847 redditam
2958 1787 3262 1859 integram
3347 1795 3663 1855 apponere

2008 1888 2243 1960 placuit
2274 1903 2287 1943 :

2091 2006 2121 2039 «
2168 1986 2365 2045 Senex
2391 1985 2646 2043 tradidit
2675 1984 2752 2042 de
2804 1984 3029 2042 abbate
3078 1980 3363 2039 Macario.
3402 1979 3464 2035 in
3496 1982 3662 2036 terra

2004 2084 2332 2142 Arsenoita
2362 2083 2705 2142 monachus
2752 2082 3006 2154 quidam
3048 2079 3321 2139 sedebat.
3361 2075 3468 2149 qui
3501 2074 3658 2131 mul-

2004 2186 2099 2239 tos
2148 2195 2341 2239 annos
2381 2181 2569 2239 vitam
2620 2186 2977 2239 sanctorum
3007 2183 3238 2250 egerat.
3286 2174 3421 2245 Cui,
3462 2186 3656 2245 quum

2004 2280 2237 2352 gloriae
2286 2279 2554 2352 cupidus
2597 2286 2782 2347 esset,
2844 2282 3102 2349 propter
3140 2274 3479 2347 superbam
3528 2268 3656 2325 ela-

2004 2378 2239 2435 tionem
2283 2381 2343 2434 et
2389 2377 2805 2434 temeritatem
2849 2375 3110 2448 spiritus
3154 2370 3450 2446 pythonis
3499 2368 3658 2427 inse-

2005 2476 2115 2545 dit,
2148 2475 2254 2547 qui
2298 2475 2575 2547 primum
2607 2490 2642 2531 a
2684 2488 2832 2532 vera
2875 2472 2995 2530 ﬁde
3044 2485 3188 2529 eum
3228 2468 3493 2541 depulit,
3523 2474 3654 2527 tum

2007 2573 2081 2630 ad
2123 2573 2473 2631 doctrinam
2503 2585 2747 2637 eorum,
2800 2572 2907 2643 qui
2957 2568 3302 2627 Hieracitae
3332 2571 3650 2631 vocantur,

2006 2670 2280 2729 adduxit.
2348 2673 2543 2741 Atque
2610 2669 2671 2727 hi
2730 2668 3114 2727 Salvatorem
3168 2666 3505 2723 humanam
3564 2678 3658 2720 as-

2005 2767 2345 2838 sumpsisse
2414 2782 2689 2831 carnem,
2762 2772 3187 2836 nostrumque,
3258 2775 3383 2834 quo
3452 2758 3654 2817 vestiti

2005 2878 2241 2929 sumus,
2298 2879 2529 2936 corpus
2603 2863 2957 2920 resuscitari
3019 2866 3259 2932 negant.
3316 2859 3458 2916 Tria
3523 2872 3656 2914 esse

2006 2962 2317 3034 principia
2380 2961 2570 3019 iidem
2637 2960 2872 3027 dicunt,
2943 2961 3156 3024 Deum,
3214 2958 3539 3014 materiam
3594 2960 3659 3014 et

2004 3058 2263 3126 malum,
2326 3058 2556 3130 quibus
2607 3058 2874 3130 quisque
2950 3060 3367 3121 construatur,
3449 3066 3654 3125 neque

2006 3159 2198 3216 Deum
2249 3158 2520 3215 Verbum
2577 3155 2895 3215 hominem
2955 3168 3087 3212 esse
3131 3154 3359 3211 factum
3414 3151 3652 3224 perfec-

2004 3261 2263 3328 tumque
2309 3255 2630 3313 hominem
2678 3253 3106 3325 assumpsisse,
3150 3266 3351 3323 neque
3394 3249 3653 3308 omnino

2004 3353 2236 3412 servari
2309 3368 2559 3411 causam
2628 3353 2911 3412 omnium
2972 3365 3186 3409 rerum
3244 3348 3645 3407 effectricem.

2004 3452 2090 3510 Ita
2146 3466 2295 3510 vero
2335 3452 2467 3524 ipse
2520 3466 2850 3524 perversus
2892 3450 3133 3507 animas
3175 3447 3420 3507 seduxit
3471 3446 3652 3519 quin-

2001 3555 2230 3624 gentas.
2293 3550 2467 3619 Quod
2519 3548 2723 3607 effecit
2780 3550 2973 3607 multa
3019 3548 3233 3606 multis
3288 3552 3351 3605 et
3394 3546 3651 3619 quidem

2002 3648 2191 3707 variis
2231 3662 2489 3719 prorsus
2526 3647 2731 3706 modis
2776 3646 3111 3719 loquendo,
3164 3645 3486 3703 interitum
3534 3643 3651 3701 sci-

2002 3745 2168 3814 licet,
2220 3745 2488 3815 inventa,
2543 3744 2888 3816 mortisque
2935 3744 3321 3814 despectum.
3357 3742 3477 3799 Nec
3523 3755 3648 3800 non

2002 3843 2329 3902 daemonia
2387 3842 2646 3900 eiecisse
2706 3842 3022 3899 ferebatur
3086 3839 3431 3897 secundum
3492 3837 3648 3896 illud

1999 3941 2065 3999 in
2094 3940 2473 4013 evangeliis:
2524 3940 2707 4012 Signa
2750 3938 2975 3996 facient
3020 3940 3083 3995 et
3130 3936 3434 4009 prodigia,
3470 3936 3559 4000 ut,
3595 3935 3648 3993 si

2000 4038 2132 4097 ﬁeri
2195 4038 2407 4111 possit,
2467 4038 2655 4096 etiam
2700 4036 2879 4094 electi
2938 4035 3335 4094 seducantur.
3386 4031 3647 4091 Multum

1998 4135 2164 4194 enim
2215 4135 2533 4209 principes
2574 4135 2953 4194 daemonum
3002 4134 3065 4191 in
3109 4133 3229 4191 hoc
3270 4146 3496 4204 genere
3539 4147 3646 4189 va-

1998 4236 2125 4293 lent
2154 4234 2229 4292 ad
2257 4234 2365 4292 illa
2395 4234 2696 4292 nimirum
2728 4233 2862 4306 ipsa
2892 4232 3198 4292 abolenda
3221 4248 3239 4301 3
3272 4245 3418 4288 nam
3450 4228 3650 4289 liben-

1996 4336 2091 4390 ter
2147 4332 2543 4390 consentiunt
2591 4333 2652 4388 in
2698 4332 3016 4389 interitum
3067 4330 3441 4387 animarum.
3504 4329 3647 4387 Loci

1997 4430 2186 4502 igitur
2231 4430 2566 4502 episcopus
2594 4443 2736 4486 cum
2782 4429 2952 4487 clero
2991 4442 3105 4486 suo
3134 4427 3340 4485 virum
3374 4427 3479 4484 Dei
3516 4428 3650 4485 Ma-

1995 4528 2236 4586 carium
2288 4528 2577 4584 abbatem
2621 4526 2792 4593 adiit,
2829 4541 2955 4598 quo
2993 4539 3239 4583 summa
3276 4540 3419 4582 cum
3473 4539 3651 4582 reve-

1998 4624 2195 4683 rentia
2245 4626 2508 4683 salutato
2552 4624 2659 4682 :Si
2706 4624 2819 4691 vis,
2872 4624 3097 4696 inquit,
3146 4622 3285 4679 veni
3340 4622 3648 4695 nobisque

1994 4736 2312 4781 succurre.
2346 4723 2496 4780 Nam
2542 4724 2593 4780 si
2629 4728 2685 4780 te
2723 4721 3055 4795 superstite
3101 4719 3482 4778 vicinitatem
3532 4734 3646 4777 no-

1994 4825 2186 4878 stram
2232 4835 2355 4878 non
2386 4834 2746 4893 purgamus,
2789 4833 3008 4878 omnes
3048 4817 3140 4875 illi
3190 4817 3640 4883 adhaerebunt,

1992 4924 2054 4977 et
2084 4917 2376 4976 facillime
2408 4918 2530 4986 ﬁet,
2578 4924 2644 4976 ut
2686 4919 2896 4991 plures
2936 4915 3148 4986 etiam,
3183 4930 3372 4988 quam
3417 4915 3645 4973 hucus-

1994 5031 2138 5090 que,
2191 5017 2393 5075 errori
2455 5016 2719 5074 subiecti
2777 5015 3170 5074 seducantur.
3224 5014 3336 5073 Cui
3391 5013 3497 5071 ille
3541 5028 3645 5071 re-

1995 5114 2305 5193 spondet:
2352 5116 2505 5173 Ecce
2547 5129 2661 5187 ego
2700 5114 2985 5187 plebeius
3030 5113 3221 5173 homo
3263 5112 3417 5185 quid
3446 5111 3506 5171 ei
3550 5111 3643 5169 fa-

1994 5213 2154 5272 ciam
2184 5211 2215 5272 ?
2242 5213 2587 5287 Episcopus
2619 5216 2827 5271 autem
2870 5212 3137 5285 perstitit
3164 5210 3645 5269 venerabundus

1994 5315 2055 5369 et
2106 5330 2118 5368 :
2177 5310 2285 5384 Ita,
2342 5311 2564 5386 inquit,
2616 5310 2885 5380 conﬁdo,
2932 5310 2983 5367 si
3022 5314 3091 5367 tu
3128 5308 3398 5379 veneris,
3446 5308 3640 5367 Deum

1992 5409 2463 5482 paciﬁcaturum
2526 5408 2861 5468 Ecclesiam
2922 5422 3148 5479 suam;
3214 5421 3399 5481 saepe
3472 5405 3642 5465 enim

299 5565 377 5639 (t)
402 5566 515 5625 Vit.
544 5568 601 5625 S.
628 5568 846 5627 Anton.
880 5583 1013 5642 cap.
1047 5571 1138 5636 90,
1174 5570 1230 5627 S.
1263 5571 1479 5630 Athan.
1512 5573 1666 5646 Opp.
1698 5572 1735 5627 1.
1766 5573 1810 5631 Ι.
1831 5587 1891 5646 p.
1926 5575 2050 5631 689.
