4080 6208
437 179 502 235 51
1313 171 1416 227 SS.
1458 165 1952 227 MACARIOHUM
1991 161 2332 222 AEGYPTII
2373 162 2460 218 ET
2497 165 2986 224 ALEXANDRINI
3777 169 3849 235 52

437 307 593 367 mihi
627 319 1099 381 proposueram,
1135 304 1210 361 ad
1242 309 1301 361 te
1340 301 1674 376 proﬁcisci,
1721 299 1829 358 sed
1863 297 2087 370 prohi-
2121 291 2167 344 Δ
2200 294 2528 355 bilitatem.
2585 299 2721 357 Post
2770 300 2922 359 haec
2975 302 3277 361 Macarius
3324 301 3638 360 haeretico
3687 317 3699 356 :
3753 301 3853 359 Vi-

440 407 575 464 buit
626 407 852 470 clerus,
913 419 990 461 ne
1043 402 1376 461 mundanis
1429 398 1792 458 hominibus
1850 394 2087 454 derisui

436 503 675 563 ﬁerem.
727 503 852 559 Iam
905 516 1050 560 vero
1110 515 1234 559 non
1289 499 1562 570 amplius
1616 499 1818 554 ferens
1871 491 2088 566 populi

436 600 904 672 corruptionem
957 605 1017 657 et
1068 599 1255 656 etiam
1317 598 1444 666 Dei,
1497 596 1604 668 qui
1636 595 1720 652 ait
1774 612 1785 650 :
1837 591 2090 663 Sangui-

438 713 579 757 nem
614 698 811 770 ipsius
842 713 1143 770 quaeram
1174 711 1209 755 e
1253 711 1442 754 manu
1478 700 1703 759 vestra,
1739 691 2090 750 accusatio—

438 811 579 854 nem
636 795 859 853 timens
906 803 964 853 te
1011 796 1159 860 adii,
1220 795 1445 852 missus
1501 808 1536 850 a
1584 793 1726 850 Deo.
1781 791 1934 848 Tum
1981 787 2092 844 ille

435 896 731 965 surrexit,
789 908 1059 965 eumque
1103 893 1180 950 ad
1229 893 1622 950 seductorem
1675 894 1922 946 secutus
1975 891 2085 943 est.

435 993 630 1061 Quem
676 992 784 1048 ubi
827 991 1001 1057 vidit,
1045 991 1343 1062 episcopo
1388 1008 1400 1045 :
1451 990 1583 1057 Hic,
1621 987 1845 1060 inquit,
1892 984 2092 1057 spiri—

437 1095 569 1148 tum
629 1089 979 1160 principem
1037 1089 1244 1160 habet,
1302 1102 1574 1160 eumque
1625 1084 1916 1144 eiiciendi
1975 1079 2082 1150 51

436 1202 645 1244 meum
691 1202 850 1258 opus
901 1201 1022 1245 non
1066 1201 1200 1244 esse
1248 1187 1404 1244 scito
1447 1203 1460 1255 ;
1515 1199 1656 1242 nam
1710 1187 1927 1241 contra
1979 1181 2092 1238 hos

435 1285 690 1355 spiritus
749 1285 1026 1342 nondum
1087 1284 1346 1342 omnino
1407 1283 1660 1341 certavi.
1737 1282 1864 1338 Duo
1922 1277 2090 1336 enim

435 1382 680 1455 agmina
756 1383 1135 1440 daemonum
1206 1396 1340 1440 esse
1415 1381 1611 1438 sancti
1641 1380 1836 1444 aiunt,
1897 1390 2090 1434 unum

437 1494 683 1553 eorum,
717 1481 825 1552 qui
880 1479 1173 1538 libidines
1223 1480 1474 1551 corpori
1525 1476 1880 1544 infundunt,
1932 1476 2089 1532 alte-

439 1593 581 1636 rum
631 1593 878 1648 eorum,
934 1579 1043 1650 qui
1101 1578 1458 1650 spirituales
1505 1577 1769 1634 aﬁ‘erunt
1819 1589 2087 1633 errores.

439 1677 614 1745 Quod
665 1637 922 1749 quidem
955 1637 1247 1733 lalterum
1295 1690 1490 1748 genus
1551 1672 1812 1732 difﬁcile
1875 1677 1966 1730 est
2015 1673 2091 1729 ad
2126 1637 2171 1692 Β

440 1774 876 1845 subigendum.
928 1775 1044 1832 Eos
1087 1772 1256 1832 enim
1297 1780 1542 1832 satanas
1590 1772 1868 1830 immittit
1899 1771 2094 1843 magis

436 1875 497 1928 et
557 1871 993 1930 seductoribus
1050 1876 1109 1929 et
1164 1871 1617 1928 haeresiarchis
1681 1877 1740 1928 et
1806 1869 2096 1927 veneﬁcis

438 1975 500 2028 et
543 1969 594 2026 si
643 1969 751 2041 qui
800 1969 910 2026 alii
964 1969 1027 2027 id
1071 1970 1316 2041 generis
1358 1975 1520 2028 sunt.
1578 1969 1651 2027 At
1693 1968 2029 2040 episcopus
2077 1983 2089 2022 :

438 2067 596 2135 Quid
653 2081 821 2138 ergo,
886 2067 1108 2139 inquit,
1180 2069 1480 2125 faciemus
1532 2067 1559 2124 ?
1616 2066 1960 2139 Respondet
2003 2079 2096 2122 se—

440 2178 559 2221 nex
593 2181 606 2219 :
656 2164 953 2222 Precibus
994 2179 1154 2236 opus
1197 2171 1289 2223 est
1321 2182 1336 2232 ;
1372 2180 1515 2223 nam
1544 2180 1753 2223 sermo
1785 2177 1906 2221 non
1941 2177 2094 2235 pro-

439 2261 585 2318 ﬁcit.
639 2261 857 2319 Iubent
899 2263 1089 2333 igitur
1139 2264 1479 2335 procedere
1531 2263 1952 2334 seductorem,
2005 2261 2096 2318 is-

441 2373 565 2430 que
612 2360 688 2416 ad
733 2374 844 2418 eos
891 2375 1171 2433 egressus
1218 2367 1327 2418 est.
1363 2361 1557 2431 Quem
1610 2360 1814 2419 statim
1856 2360 2095 2432 episco-

442 2470 562 2528 pus
605 2457 814 2528 lingua
859 2459 1159 2516 adortus:
1205 2458 1346 2526 Cur,
1381 2459 1606 2531 inquit,
1651 2465 1817 2518 tanto
1857 2463 2094 2530 tempo-

444 2553 534 2611 ris
579 2556 781 2626 spatio
827 2556 1153 2613 nobiscum
1204 2571 1327 2614 non
1377 2557 1851 2615 communicasti
1907 2555 1937 2614 εἲ
1983 2555 2093 2613 Cui

445 2649 552 2708 ille
609 2669 622 2708 :
679 2652 854 2724 Quia,
910 2654 1132 2726 inquit,
1197 2670 1319 2712 non
1384 2660 1553 2712 recte
1618 2654 1877 2713 sentitis.
1939 2654 2096 2712 Tum

445 2754 692 2807 sanctus
745 2751 1046 2810 Macarius
1098 2768 1110 2807 :
1166 2753 1333 2811 Tunc
1392 2753 1601 2825 igitur,
1651 2750 1874 2825 inquit,
1932 2757 2096 2810 recte

445 2847 634 2904 sentis
655 2843 684 2902 ἦ)
716 2849 872 2906 Sane
902 2849 1180 2921 quidem,
1214 2851 1320 2907 ille
1353 2852 1703 2922 respondet.
1743 2850 2044 2908 Macarius
2080 2867 2091 2906 :

445 2944 603 3012 Quid
664 2961 810 3005 vero
867 2954 982 3018 est,
1043 2949 1210 3020 quod
1260 2955 1322 3006 tu
1377 2952 1566 3008 sentis
1625 2950 1652 3008 '2?
1707 2950 1814 3007 llle
1863 2966 1875 3007 :
1939 2949 2097 3007 Num

446 3048 614 3100 recte
644 3045 944 3114 creditur,
990 3060 1244 3104 carnem
1283 3052 1343 3105 et
1373 3062 1511 3106 ossa
1559 3046 1903 3106 suscitari?
1953 3047 2100 3105 San-

448 3145 584 3198 ctus
627 3144 963 3214 respondet
1008 3160 1021 3200 :
1083 3144 1143 3202 Si
1191 3160 1263 3201 ex
1317 3146 1496 3203 nobis
1548 3146 1890 3217 loquimur,
1947 3146 2101 3204 bene

449 3237 750 3309 loqueris.
803 3239 910 3296 Sin
967 3241 1192 3298 veritas
1241 3242 1303 3298 id
1338 3242 1552 3308 voluit,
1595 3243 1747 3313 quid
1797 3244 2102 3313 obloque-

449 3334 537 3392 ris
587 3332 618 3392 ί]
680 3335 798 3392 Sed
857 3352 933 3393 ne
982 3339 1179 3394 multa
1237 3340 1430 3396 verba
1484 3340 1839 3412 perdamus,
1899 3340 2101 3397 dicam

452 3431 591 3503 tibi,
653 3432 805 3504 quid
865 3434 1250 3503 sentiamus;
1315 3437 1547 3508 quibus
1605 3437 1656 3495 si
1720 3438 2101 3505 assentieris,

452 3529 611 3587 bene
664 3529 894 3598 facies;
942 3531 1035 3588 sin
1087 3532 1317 3602 minus,
1372 3535 1492 3592 Deo
1544 3549 1871 3607 repugnas,
1928 3536 2106 3593 cuius

450 3625 739 3697 dogmata
795 3629 1063 3699 spernis.
1116 3632 1188 3686 At
1243 3631 1351 3688 ille
1403 3647 1414 3687 :
1471 3633 1614 3704 Ego,
1669 3633 1894 3705 inquit,
1933 3633 2106 3705 prior

449 3722 638 3781 ﬁdem
684 3739 889 3782 meam
935 3741 1267 3800 exponam.
1304 3729 1456 3788 Tum
1492 3730 1837 3790 Macarius:
1893 3732 2104 3799 Prava,

451 3821 558 3888 ait,
603 3821 754 3881 ﬁdes
805 3839 882 3882 ne
927 3825 1306 3897 nominetur,
1351 3829 1457 3886 sed
1509 3829 1792 3888 dicamus
1837 3829 2110 3889 catholi-

450 3935 590 3978 cam
621 3921 931 3982 Ecclesiae
965 3924 1170 3984 ﬁdem.
1207 3915 1278 3984 Et
1307 3928 1512 3985 statim
1555 3929 1757 3987 innuit
1785 3929 2105 4002 episcopo,

455 4023 520 4077 ut
573 4035 709 4077 eam
767 4023 1148 4090 proﬁteatur.
1207 4025 1321 4093 Qui
1380 4025 1823 4084 circumstante
1871 4029 2110 4099 populo

454 4115 675 4186 incipit
725 4112 911 4174 ﬁdem
963 4120 1046 4174 ita
1095 4134 1409 4191 exponere
1464 4140 1476 4177 :
1535 4124 1734 4182 Credo
1787 4124 1850 4182 in
1912 4138 2107 4182 unum

456 4213 672 4281 Deum,
730 4213 972 4270 Patrem
1031 4215 1548 4289 omnipotentem,
1603 4225 1664 4277 et
1712 4220 1773 4278 in
1827 4235 2109 4279 coessen-

2201 394 2328 458 des,
2382 394 2606 467 inquit,
2667 399 2817 471 quid
2872 400 3060 458 dicat.
3122 400 3177 458 Is
3233 416 3379 460 vero
3438 400 3772 472 respondet
3829 418 3842 458 :

2200 491 2347 549 Mihi
2397 493 2651 564 quidem
2702 511 2736 554 e
2785 498 2992 555 verbis
3036 500 3166 557 noli
3215 500 3402 556 ﬁdem
3441 496 3550 566 52
3602 498 3851 570 afferre,

2198 589 2305 648 sed
2355 605 2569 650 eamus
2612 594 2690 651 ad
2739 597 3121 670 sepulchra;
3171 599 3220 655 si
3267 613 3462 656 unum
3501 613 3575 655 ex
3621 595 3709 654 ibi
3758 596 3855 653 ia-~

2198 687 2483 747 centibus
2527 691 2941 761 suscitaveris,
2980 695 3172 752 sciam
3218 709 3326 753 vos
3368 696 3524 752 bene
3569 693 3850 765 sentire;

2200 784 2334 857 ipse
2378 801 2489 859 ego
2537 789 2812 847 animam
2859 792 2992 848 sine
3044 807 3310 865 corpore
3369 793 3644 850 afferam.
3701 793 3854 850 San-

2199 889 2334 940 ctus
2377 900 2526 944 vero
2575 889 2877 947 Macarius
2920 892 2994 947 ad
3041 892 3409 963 episcopum
3448 906 3785 950 conversus
3833 906 3846 945 :

2202 981 2480 1054 Multum,
2529 985 2753 1057 inquit,
2803 989 2970 1046 nefas
3001 1003 3168 1054 sane,
3219 991 3410 1047 Deum
3447 995 3703 1060 tentare,
3747 1003 3856 1046 ne-

2200 1095 2321 1152 que
2350 1081 2749 1153 dignaturum
2793 1101 2926 1144 esse
2967 1102 3110 1145 eum
3160 1093 3418 1160 propter
3461 1102 3651 1146 unum
3707 1087 3855 1143 dae-

2202 1178 2558 1238 moniacum
2643 1187 2884 1242 tantum
2970 1185 3174 1242 facere
3249 1186 3494 1258 signum
3578 1184 3848 1244 conﬁdo.

2202 1275 2550 1346 Respondet
2595 1281 2932 1354 episcopus
2979 1305 2992 1340 :
3049 1282 3324 1352 Minime,
3374 1289 3570 1355 pater,
3615 1297 3853 1340 verun-

2201 1376 2410 1429 tamen
2463 1381 2719 1448 propter
2774 1382 2964 1436 totam
3014 1380 3416 1438 vicinitatem.
3462 1381 3631 1438 Tunc
3678 1379 3855 1437 abie-

2203 1476 2345 1528 runt
2395 1473 2468 1530 ad
2527 1475 2880 1547 sepulchra.
2930 1478 3150 1551 incipit
3196 1479 3503 1536 Hieracita
3562 1479 3855 1536 invocare

2201 1569 2597 1643 daemonem,
2647 1575 2750 1632 sed
2803 1576 3063 1633 minime
3119 1577 3320 1649 potuit
3371 1576 3644 1634 animam
3703 1589 3854 1634 evo-

2201 1681 2345 1725 care
2401 1673 2650 1728 tenuem
2720 1687 2790 1729 ac
2864 1674 3117 1731 nudam.
3179 1675 3381 1742 Quum
3454 1674 3642 1746 igitur
3695 1673 3853 1731 nihil

2201 1765 2505 1824 eﬁ‘ecisset
2542 1799 2617 1808 —
2645 1769 2766 1842 ipsi
2811 1771 2979 1830 enim
3023 1786 3239 1831 revera
3286 1773 3669 1844 repugnabat
3719 1771 3856 1843 Spi-

2203 1864 2362 1920 ritus
2411 1871 2658 1924 sanctus
2700 1900 2778 1907 —
2828 1869 2904 1926 iis
2961 1887 2973 1926 :
3024 1871 3282 1943 Propter
3327 1870 3852 1942 incredulitatem,

2202 1962 2428 2034 inquit,
2477 1970 2741 2022 vestram
2788 1982 2910 2024 non
2957 1983 3215 2040 possum
3261 1969 3535 2025 animam
3566 1982 3849 2025 evocare.

2203 2059 2419 2117 Statim
2471 2061 2771 2121 Macarius
2803 2065 3156 2138 indignatus
3199 2081 3394 2138 genua
3450 2066 3657 2134 ﬂectit,
3696 2065 3852 2122 nihil

2203 2172 2350 2216 vero
2401 2161 2710 2231 promisit,
2759 2170 2821 2221 et
2866 2179 3060 2236 quum
3107 2179 3294 2222 unam
3337 2165 3557 2222 horam
3607 2165 3671 2221 in
3716 2177 3856 2221 ora-

2202 2256 2370 2314 tione
2449 2266 2921 2330 perseverasset,
3007 2262 3069 2320 in
3136 2266 3473 2334 conspectu
3565 2262 3850 2319 omnium

2202 2355 2493 2422 surrexit,
2546 2364 2604 2415 et
2656 2360 2987 2430 sepulchro
3045 2361 3250 2432 palma
3307 2360 3552 2432 pulsato
3609 2391 3684 2398 —
3735 2360 3854 2416 ba-

2203 2452 2325 2510 culi
2399 2455 2590 2522 enim,
2668 2455 2900 2529 quibus
2974 2459 3262 2516 monachi
3339 2457 3509 2515 illius
3578 2456 3855 2528 regionis

2205 2556 2482 2619 utuntur,
2546 2554 2705 2611 rami
2778 2557 3130 2627 palmarum
3186 2562 3327 2614 sunt
3381 2587 3460 2600 —
3528 2555 3853 2613 hominem

2203 2650 2455 2708 suscitat
2509 2667 2628 2708 non
2691 2653 2754 2710 in
2825 2659 2989 2713 terra
3037 2654 3374 2724 defossum,
3428 2668 3631 2726 nuper
3687 2666 3852 2711 mor-

2204 2753 2403 2816 tuum,
2438 2750 2546 2807 sed
2596 2766 2668 2807 ex
2714 2751 2985 2824 antiquis
3015 2752 3310 2824 aliquem.
3349 2753 3502 2809 Tum
3550 2751 3857 2810 llieracita

2206 2852 2470 2904 vocato:
2525 2848 2784 2916 Quaere,
2831 2849 3056 2921 inquit,
3109 2865 3181 2907 ex
3227 2851 3366 2921 hoc,
3401 2864 3550 2907 num
3594 2849 3857 2908 suscite-

2129 2986 2169 3041 Ο
2207 2950 2308 3003 tur
2354 2960 2607 3017 corpus.
2658 2946 2772 3015 Qui
2823 2952 2990 3005 tanto
3023 2947 3198 3019 signo
3242 2948 3652 3020 exanimatus,
3687 2952 3859 3039 post:

2208 3059 2398 3116 quam
2431 3044 2696 3103 daemon
2729 3046 2806 3102 ab
2855 3060 2928 3103 eo
2979 3047 3284 3114 discessit,
3323 3048 3398 3104 ad
3449 3046 3636 3119 pedes
3665 3028 3864 3103 sancti

2212 3142 2577 3213 provolutus
2606 3147 2695 3198 est
2736 3158 2879 3200 cum
2932 3148 3156 3203 cuncto
3189 3146 3444 3216 populo.
3479 3144 3681 3213 Quum
3714 3157 3867 3201 vero

2212 3253 2358 3296 eum
2405 3240 2695 3299 occidere
2748 3247 3146 3314 quaererent,
3204 3243 3510 3301 Macarius
3557 3255 3664 3300 eos
3721 3255 3868 3313 pro-

2215 3335 2443 3406 hibuit,
2490 3344 2674 3409 atque
2704 3339 2767 3395 in
2799 3353 3082 3396 eremum
3126 3354 3270 3398 eum
3317 3339 3596 3397 abduxit.
3651 3338 3872 3397 Susci--

2216 3437 2379 3491 tatus
2427 3440 2658 3506 autem,
2710 3436 3144 3508 interrogatus,
3181 3452 3329 3494 num
3379 3437 3694 3495 Christum
3728 3449 3874 3508 pro-

2217 3529 2515 3596 ﬁteretur,
2551 3533 2782 3592 dixisse
2811 3535 3027 3601 fertur,
3062 3549 3128 3592 se
3170 3550 3245 3592 ne
3272 3534 3584 3592 audivisse
3610 3534 3871 3606 quidem

2218 3629 2294 3688 de
2312 3646 2387 3688 eo
2415 3631 2476 3688 in
2508 3631 2632 3688 vita
2661 3647 2791 3688 sua.
2829 3632 3166 3690 Pharaonis
3196 3633 3362 3690 enim
3395 3633 3555 3705 regis
3587 3639 3873 3704 tempore

2218 3746 2284 3790 se
2321 3729 2556 3788 obiisse
2586 3729 2764 3796 dixit,
2800 3729 3068 3803 ideoque
3094 3735 3236 3788 ante
3276 3730 3609 3788 adventum
3643 3728 3874 3787 Christi

2219 3830 2391 3888 vixit.
2431 3830 2624 3898 Quem
2649 3843 2847 3900 quum
2889 3827 3259 3901 baptizasset
3300 3827 3618 3892 Macarius,
3654 3841 3874 3885 secum

2219 3928 2437 3987 habuit
2487 3933 2614 3985 tres
2663 3941 2880 3997 annos,
2935 3927 3167 4000 quibus
3213 3927 3441 3999 elapsis
3497 3938 3706 3982 veram
3757 3923 3874 3980 ille

2219 4025 2663 4085 dormitionem
2717 4025 3032 4095 dormivit,
3078 4026 3185 4088 ita,
3234 4030 3301 4083 ut
3341 4025 3400 4082 ei
3447 4029 3695 4096 aptetur
3725 4036 3878 4079 ver—

2221 4124 2371 4181 bum
2424 4121 2713 4180 Domini:
2773 4123 2981 4194 Neque
3030 4123 3132 4180 hic
3166 4123 3473 4195 peccavit,
3529 4135 3732 4194 neque
3763 4135 3873 4192 pa-

2218 4224 2425 4278 rentes
2454 4221 2607 4287 eius,
2659 4221 2764 4277 sed
2816 4225 2883 4278 ut
2930 4221 3244 4280 reveletur
3269 4220 3467 4294 gloria
3501 4220 3628 4277 Dei.
3678 4220 3869 4277 luter-

457 4309 602 4368 tiale
685 4310 822 4368 eius
907 4311 1201 4384 Verbum,
1271 4330 1384 4387 per
1467 4318 1634 4388 quod
1720 4333 1867 4376 aeva
1941 4319 2104 4391 fecit,
2142 4318 2457 4391 Drogavit
2512 4323 2719 4376 autem
2775 4319 3110 4391 episcopus
3166 4327 3446 4378 sanctum
3504 4315 3868 4382 Macarium,

455 4407 622 4478 quod
678 4407 743 4464 in
796 4411 1332 4471 consummatione
1387 4419 1744 4487 temporum
1798 4417 1860 4474 in
1914 4417 2107 4476 aboli-

454 4502 688 4562 tionem
749 4507 984 4577 peccati
1051 4511 1342 4582 apparuit
1406 4512 1469 4570 in
1536 4528 1745 4583 carne,
1805 4530 1994 4588 quam
2075 4532 2109 4574 e

455 4609 665 4662 sancta
696 4605 884 4663 Maria
934 4607 1168 4680 virgine
1218 4617 1597 4682 susceperat,
1653 4613 1819 4686 quod
1852 4615 2111 4674 cruciﬁ-

454 4717 629 4771 xum,
673 4707 992 4761 mortuum
1045 4711 1106 4764 et
1148 4709 1462 4778 sepultum
1500 4716 1614 4780 est,
1672 4717 1732 4769 et
1772 4714 2110 4772 resurrexit

456 4801 635 4858 tertia
658 4801 783 4872 die,
812 4802 1109 4876 sedetque
1132 4806 1211 4862 ad
1241 4806 1520 4866 dextram
1556 4809 1768 4877 Patris,
1804 4826 1874 4868 ac
1903 4812 2108 4871 denuo

457 4903 788 4956 venturum
819 4904 911 4958 est
940 4899 1000 4957 in
1032 4908 1317 4975 tempore
1367 4905 1598 4976 futuro,
1633 4907 1910 4967 iudicare
1941 4909 2111 4967 vivos

456 4999 517 5054 et
573 5002 910 5067 mortuos;
967 5004 1025 5056 et
1096 4999 1160 5057 in
1223 5001 1528 5074 Spiritum
1586 5011 1891 5077 sanctum,
1949 5007 2108 5065 Patri

454 5094 715 5167 eiusque
768 5094 971 5155 Verbo
1013 5101 1483 5159 coessentialem
1519 5119 1531 5172 ;
1581 5104 1773 5161 credo
1806 5105 1866 5161 in
1899 5119 2106 5162 resur-

457 5194 800 5252 rectionem
857 5209 1109 5269 quoque
1169 5197 1415 5258 animae
1465 5206 1525 5258 et
1580 5200 1886 5273 corporis,
1949 5201 2110 5261 sicut

457 5291 789 5364 Apostolus
844 5293 930 5352 ait
998 5312 1011 5353 :
1083 5295 1440 5356 Seminatur
1514 5312 1742 5370 corpus
1803 5301 2104 5371 naturale,

459 5389 791 5450 suscitatur
840 5407 1073 5465 corpus
1115 5395 1462 5468 spirituale,
1514 5400 1572 5453 et
1603 5411 1820 5455 rursus
1862 5412 1874 5453 :
1917 5398 2108 5470 Opor-

458 5494 542 5554 tet
571 5488 740 5548 enim
783 5491 1198 5565 corruptibile
1239 5494 1358 5552 hoc
1409 5494 1670 5553 induere
1722 5495 2109 5571 incorrupti—

2218 4432 2294 4474 an
2340 4431 2462 4474 non
2507 4416 2703 4488 gloria
2735 4417 2799 4474 in
2839 4432 2947 4476 cor
2979 4418 3115 4476 eius
3157 4416 3525 4486 ascenderit,
3563 4421 3686 4474 tam
3714 4412 3874 4472 mul-

2217 4515 2297 4572 tis
2344 4521 2483 4573 ante
2531 4529 2677 4573 eum
2730 4515 3287 4588 procumbentibus
3337 4515 3420 4572 ob
3479 4518 3718 4570 tantum
3781 4512 3871 4569 si-

2217 4629 2427 4686 gnum.
2465 4613 2575 4672 Cui
2622 4615 2958 4686 respondet
2994 4630 3004 4668 :
3059 4613 3248 4670 Cuius
3299 4625 3409 4668 cor
3437 4609 3636 4666 otium
3681 4609 3878 4666 habet

2216 4713 2478 4784 gloriam
2523 4712 2845 4769 hominum
2900 4708 3298 4780 respiciendi,
3355 4706 3404 4762 is
3463 4705 3655 4762 Deum
3711 4719 3876 4762 non-

2218 4810 2367 4868 dum
2407 4809 2712 4881 cognovit.
2768 4809 2822 4864 ls
2873 4807 3068 4876 enim,
3122 4803 3429 4876 quidquid
3463 4801 3630 4867 facit,
3669 4802 3872 4860 homi-

2220 4907 2404 4965 nibus
2449 4905 2611 4962 facit.
2656 4904 2768 4974 Qui
2816 4918 2964 4961 vero
3003 4902 3230 4975 dignus
3260 4905 3350 4958 est
3381 4899 3632 4959 habitus
3663 4901 3870 4959 afflatu

2221 5004 2348 5076 Dei,
2386 5004 2437 5061 is
2480 5003 2542 5061 in
2588 5003 2784 5060 multo
2835 5000 3176 5058 certamine
3220 5005 3524 5064 versatur,
3575 5000 3755 5071 quasi
3805 4999 3872 5057 in

2219 5101 2517 5161 novacula
2589 5105 2800 5170 staret,
2887 5100 3132 5166 timens,
3215 5114 3291 5156 ne
3355 5098 3620 5157 decidat.
3706 5097 3872 5156 Talis

2221 5214 2414 5258 unum
2487 5200 2688 5257 solum
2765 5198 2950 5255 habet
3018 5195 3426 5265 desiderium,
3505 5196 3868 5267 egrediendi

2223 5295 2333 5366 53
2383 5297 2622 5356 scilicet
2667 5312 2702 5354 e
2749 5310 3035 5368 corpore.
3086 5295 3259 5364 Quod
3309 5310 3456 5354 vero
3496 5296 3572 5352 ad
3604 5293 3867 5366 gloriam

2218 5398 2454 5464 attinet,
2509 5397 2661 5454 haec
2703 5394 2759 5452 ei
2809 5410 2884 5452 ne
2939 5395 3002 5452 in
3049 5399 3319 5452 mentem
3363 5394 3618 5466 quidem
3673 5393 3861 5450 venit.

2218 5497 2386 5556 Hanc
2415 5499 2621 5554 autem
2651 5493 2708 5552 ei
2750 5491 3101 5554 doctrinam
3146 5493 3316 5552 dedit
3352 5507 3365 5548 :
3415 5490 3631 5549 Adduc
3684 5487 3862 5556 mihi,
