4094 6208
213 252 294 310 53
1823 252 1877 307 ν.

1996 252 2056 308 s.
2764 338 2769 341 κ
3579 265 3651 322 ιιι

212 385 452 459 inquit,
507 386 786 459 aliquem
835 387 900 447 in
948 388 1108 446 mari
1154 390 1581 449 ambulantem
1632 390 1692 446 et
1738 397 1885 442 coe-
1915 377 1962 433 Α
1996 395 2113 453 pus
2168 384 2442 458 θιροηίῐ,
2511 387 2631 447 ﬁde
2688 404 2765 448 ηθ
2817 404 3010 448 unum
3071 388 3330 462 (ιυὶάθηι
3394 391 3644 465 ιθείιιιτ,

218 485 356 542 lum
399 499 622 543 versus
651 485 864 544 oculos
910 486 977 544 in
1026 487 1247 555 solem,
1296 490 1477 547 cuius
1523 486 1718 546 radiis
1754 497 1887 541 sus—

217 585 522 647 tentetur,
577 582 997 655 deﬁgentem;
1048 585 1151 643 cui
1200 586 1342 659 quis
1380 584 1769 658 praecipiat:
1822 578 1885 638 Si

218 678 462 751 locum,
493 680 557 737 in
594 694 722 753 quo
752 680 1061 749 ambulas,
1095 684 1390 757 adspicis,
1426 685 1490 742 in
1533 696 1705 741 mare
1734 678 1886 737 sub-

216 779 554 850 mergeris,
583 779 740 850 quid
771 779 829 837 ei
860 779 1121 851 accidet,
1156 782 1208 839 si
1240 782 1609 841 inobediens
1637 778 1825 837 fuerit
1855 771 1885 832 ?

220 874 348 945 Ita,
378 876 488 948 qui
516 875 577 934 in
598 876 863 949 gloriam
898 878 1002 936 Dei
1030 878 1248 937 oculos
1278 877 1560 943 intendit,
1594 877 1881 951 gloriam,

232 988 399 1046 quae
440 975 516 1031 ab
566 974 934 1034 hominibus
991 978 1301 1049 provenit,
1348 977 1614 1050 pedibus
1664 974 1881 1033 calcat.

233 1070 397 1128 Hanc
432 1077 639 1129 autem
683 1072 735 1129 si
790 1073 1068 1146 respicit,
1116 1075 1195 1132 ab
1226 1075 1332 1133 illa
1373 1074 1626 1133 decidit.
1670 1074 1716 1131 A
1761 1087 1886 1145 qua

227 1167 277 1225 si
339 1168 670 1233 deciderit,
736 1171 951 1229 multis
1010 1171 1150 1230 aliis
1218 1172 1542 1231 affectibus
1595 1172 1879 1244 agitatur.

221 1265 446 1323 Cetera
505 1282 655 1326 vero
726 1268 914 1327 huius
987 1270 1203 1335 sancti,
1265 1285 1453 1344 quam
1524 1270 1887 1328 misericors

222 1363 417 1421 fuerit
461 1371 527 1422 et
581 1367 913 1439 fraternus,
960 1370 1022 1425 et
1069 1373 1365 1440 quantam
1417 1367 1710 1427 habuerit
1763 1366 1887 1425 dis-

216 1462 573 1520 eretionem
590 1464 655 1521 in
681 1464 1002 1537 operibus,
1025 1480 1189 1525 nunc
1204 1467 1462 1539 quidem
1476 1465 1677 1525 silebo
1708 1462 1820 1540 (1).
1852 1484 1881 1521 »

308 1559 479 1619 Haec
515 1562 708 1633 igitur
753 1564 1029 1622 narratio
1076 1579 1112 1621 a
1162 1565 1408 1624 duabus
1450 1564 1604 1631 istis,
1644 1578 1801 1636 quas
1852 1578 1884 1619 e

222 1657 396 1716 libro
441 1659 717 1717 secundo
770 1667 831 1718 et
877 1675 911 1717 θ
966 1662 1255 1720 Cassiano
1298 1677 1490 1735 supra
1539 1661 1881 1726 attulimus,

221 1769 301 1813 eo
370 1757 770 1828 potissimum
823 1758 1051 1832 diﬁ‘ert,
1111 1762 1279 1833 quod
1343 1760 1777 1819 resuscitatum
1847 1773 1883 1816 a

219 1853 496 1911 Macario
564 1856 946 1929 baptizatum
1006 1872 1142 1916 esse
1206 1864 1265 1917 et
1339 1859 1540 1917 tribus
1589 1857 1768 1916 annis
1820 1856 1881 1914 in

219 1964 443 2009 eremo
500 1954 826 2012 transactis
888 1956 1095 2014 denuo
1147 1956 1379 2015 obiisse
1445 1956 1649 2024 docet,
1710 1954 1879 2028 quod

218 2048 389 2106 liber
430 2051 743 2109 secundus
787 2066 909 2110 non
961 2054 1148 2111 habet
1195 2058 1257 2112 et
1290 2054 1619 2113 Cassianus
1666 2057 1881 2126 aperte

215 2152 417 2218 negat.
472 2148 731 2216 Quando
779 2150 875 2207 vel
925 2165 960 2208 a
1018 2165 1143 2224 quo
1175 2151 1452 2209 narratio
1498 2151 1732 2224 scripta
1774 2150 1875 2221 sit,

214 2258 424 2317 neque
469 2260 543 2303 ex
572 2260 648 2304 ea
695 2247 853 2320 ipsa,
897 2263 1102 2321 neque
1143 2249 1397 2308 aliunde
1426 2249 1573 2307 satis
1614 2254 1874 2309 constat.

220 2340 430 2411 Fides,
515 2358 705 2417 quam
798 2347 1135 2418 episcopus
1207 2347 1483 2419 exponit,
1571 2346 1877 2419 Spiritum

215 2448 503 2497 sanctum
563 2441 725 2500 Patri
768 2448 831 2501 et
886 2443 1044 2502 Filio
1100 2442 1450 2512 ὁμοούσιον
1502 2451 1699 2503 vocat.
1747 2444 1878 2513 Qua

214 2549 369 2594 voce
415 2540 693 2609 synodus
750 2540 1429 2615 ConstantinOpolitana
1481 2548 1541 2600 et
1591 2541 1879 2614 symbola

216 2633 361 2691 ﬁdei
420 2636 499 2693 de
569 2636 805 2709 Spiritu
859 2644 1071 2697 sancto
1117 2654 1241 2698 non
1294 2645 1553 2698 utuntur
1595 2638 1705 2717 (2).
1759 2640 1875 2698 Sed

214 2730 527 2803 Spiritum
558 2733 717 2792 Patri
750 2740 810 2793 et
856 2735 1014 2794 Filio
1043 2734 1394 2804 ὁμοούσιον
1425 2738 1550 2795 iam
1583 2737 1643 2796 S.
1689 2738 1875 2795 Atha-

213 2828 427 2886 nasius
493 2831 765 2902 appellat
814 2832 927 2907 (3).
982 2828 1098 2902 54
1154 2833 1323 2892 Unde
1366 2834 1713 2892 verisimile
1760 2840 1873 2901 est,

214 2939 355 2983 eam
397 2941 614 2985 vocem
659 2930 724 2987 in
769 2931 1218 3003 Aegyptiorum
1264 2932 1556 2991 formulis
1596 2932 1739 2991 ﬁdei
1775 2947 1880 2989 an—

216 3022 393 3096 tiquo
423 3039 540 3083 usu
590 3032 905 3100 receptam
936 3029 1146 3086 fuisse.
1206 3028 1360 3098 Quia
1404 3044 1552 3088 vero
1582 3044 1616 3087 e
1647 3028 1875 3103 verbis,

213 3122 451 3194 quibus
531 3124 891 3196 symbolum
967 3126 1718 3201 Constantinopolitanum
1800 3129 1879 3187 de

222 3219 461 3292 Spiritu
507 3228 721 3282 sancto
763 3224 1065 3299 loquitur,
1115 3226 1179 3283 in
1231 3226 1360 3299 illa,
1403 3241 1593 3299 quam
1638 3227 1877 3299 episco-

283 3387 361 3459 (l)
395 3389 612 3443 Textus
645 3403 896 3457 graecus
924 3390 1140 3462 legitur
1172 3391 1326 3448 infra
1352 3391 1416 3448 in
1446 3391 1664 3449 harum
1700 3408 1879 3465 quae-

216 3476 480 3530 stionum
511 3478 857 3548 Appendice
890 3480 1087 3550 priore
1122 3480 1236 3535 sub
1264 3483 1325 3535 V.

286 3566 366 3633 (2)
400 3565 761 3635 Symbolum
814 3569 1046 3625 concilii
1102 3570 1749 3642 ConstantinOpolitani
1806 3573 1878 3629 de

216 3653 441 3724 Spiritu
489 3662 698 3712 sancto
738 3656 885 3713 haec
923 3658 1105 3714 habet
1138 3680 1150 3714 :
1205 3681 1232 3709 ι(
1278 3665 1377 3712 Καὶ
1408 3658 1766 3735 [πιστεύομεν]
1808 3662 1877 3725 εἰς

214 3746 272 3794 τὸ
316 3751 525 3813 πνεῦμα
581 3748 639 3796 τὸ
688 3746 858 3816 ἅγιον,
917 3751 975 3799 τὸ
1031 3750 1231 3823 κύριον,
1288 3752 1345 3801 τὸ
1401 3750 1677 3815 ζωοποιὸν,
1724 3755 1782 3804 τὸ
1823 3751 1877 3804 ἐκ

217 3840 311 3883 τοῦ
376 3836 575 3907 πατρὸς
640 3837 1063 3910 ἓκπορευόμενον,
1135 3840 1192 3888 τὸ
1264 3841 1359 3889 σὺν
1413 3842 1575 3911 πατρὶ
1630 3845 1721 3892 καὶ
1779 3845 1877 3911 υἱῷ

219 3926 782 3995 συμπροπυνούμενον
856 3930 945 3978 καὶ
1011 3923 1473 3999 συνδοξαζόμινον,
1529 3930 1587 3979 τὸ
1646 3927 1877 3988 λαλῆσαν

221 4005 326 4061 διὰ
354 4018 455 4061 τῶν
484 4022 775 4084 προφητῶν.
818 4034 846 4067 ι)
869 4016 1050 4071 Mansi
1079 4016 1255 4071 Conc.
1287 4016 1481 4087 Ampl.
1516 4016 1663 4073 Coll.
1699 4016 1766 4075 T.
1804 4018 1876 4074 Ill

213 4113 280 4171 ρ.
309 4102 439 4155 565.
469 4100 686 4159 Iisdem
717 4102 835 4159 fere
866 4104 1063 4160 verbis
1094 4104 1169 4160 de
1199 4104 1419 4176 Spiritu
1442 4110 1651 4163 sancto
1683 4112 1878 4173 cetera

216 4203 472 4259 quoque
497 4190 635 4246 ﬁdei
669 4192 949 4264 symbola
978 4192 1325 4265 loquuntur.

288 4279 370 4347 (3)
418 4299 438 4327 ι
490 4284 591 4332 Καὶ
622 4280 717 4333 οὐχ
760 4279 975 4346 ἄδηλον,
1031 4284 1112 4334 ὅτι
1151 4283 1245 4335 οὐκ
1298 4285 1413 4336 ἔστι
1442 4292 1540 4335 τῶν
1590 4283 1784 4337 πολλῶν
1818 4290 1875 4338 τὸ

215 4375 442 4439 πνεῦμα,
505 4367 612 4420 ἀλλ’
669 4366 793 4423 οὐδὲ
857 4372 1090 4443 ἄγγελος,
1157 4372 1263 4425 ἀλλ’
1330 4372 1378 4424 ἓν
1432 4376 1511 4429 ἄν.
1569 4373 1759 4445 μᾶλλον
1818 4372 1877 4428 δί

211 4462 307 4508 τοῦ
354 4456 515 4527 λογον
574 4458 677 4519 ἐνὸς
724 4464 863 4521 ὄντος
916 4457 1075 4530 ἴδιον,
1131 4466 1219 4513 καὶ
1266 4468 1358 4514 τοῦ
1418 4463 1532 4514 θεοῦ
1582 4461 1689 4524 ὶνὸς
1732 4467 1877 4526 ὄντος
1906 4438 1952 4493 D

214 4542 355 4598 ἴδιον
388 4551 482 4600 καὶ
514 4548 794 4619 ὁμοούσιόν
843 4549 984 4607 ἐστὶ.
1022 4572 1052 4604 ››
1086 4552 1143 4606 8.
1191 4550 1411 4607 Athan.
1453 4552 1562 4622 Ep.
1605 4551 1681 4607 ad
1713 4553 1876 4609 Sera-

213 4635 382 4707 pion.
419 4652 555 4707 cap.
587 4642 673 4693 27.
708 4639 763 4695 S.
797 4640 1012 4695 Athan.
1043 4638 1193 4711 Opp.
1219 4639 1315 4696 ed.
1346 4641 1542 4695 Petav.
1576 4644 1709 4696 1777
1740 4643 1799 4696 Τ.
1831 4642 1870 4696 Ι.

214 4726 273 4778 Ρ.
308 4725 356 4779 II
389 4742 449 4797 p.
482 4730 607 4783 540.
635 4729 695 4784 8.
726 4728 1090 4784 Athanasius
1126 4729 1407 4800 Spiritum
1439 4734 1712 4784 sanctum
1734 4745 1872 4785 cum

214 4812 388 4869 Patre
420 4819 477 4869 et
504 4815 646 4871 Filio
670 4816 940 4873 eiusdem
962 4817 1333 4873 substantiae
1352 4818 1466 4887 (τῆς
1486 4817 1644 4877 αὐτῆς
1666 4818 1871 4888 οὐσίας)

209 4907 369 4958 esset
401 4903 505 4957 ait.
532 4905 609 4957 De
641 4904 872 4959 lncarn.
905 4911 1114 4961 contra
1142 4906 1341 4961 Arian.
1364 4920 1495 4975 cap.
1531 4910 1581 4960 9.
1608 4909 1686 4960 l0.
1718 4908 1869 4977 Opp.

211 4992 271 5049 S.
301 4991 528 5047 Athan.
548 4992 659 5053 1-1.
693 5009 754 5063 p.
779 4998 901 5049 701.
925 4996 1351 5066 708.Spiritum
1380 5000 1655 5050 sanctum
1686 4998 1778 5047 σύν
1802 4993 1872 5067 τῷ

210 5087 375 5154 πατρὶ
417 5085 507 5132 καὶ
549 5082 618 5152 τῷ
645 5084 741 5153 υἱῷ
782 5091 877 5145 τῆς
925 5089 1046 5156 μιᾶς
1093 5089 1185 5137 καὶ
1229 5093 1319 5145 τῆς
1365 5084 1523 5144 αὐτῆς
1580 5083 1765 5147 οὐσίας
1818 5104 1871 5137 τε

206 5174 298 5221 καὶ
326 5168 572 5232 ἐξουσίας
602 5185 729 5226 esse
759 5170 932 5228 docet
963 5170 1260 5229 Damasus
1291 5188 1451 5245 papa
1482 5172 1765 5245 (366-384)
1808 5173 1871 5227 in

208 5258 485 5329 epistola,
542 5276 730 5329 quam
779 5260 1015 5331 scripsit
1052 5262 1300 5319 Paulino
1351 5261 1635 5333 episcopo
1665 5262 1873 5318 Antio-

209 5348 428 5405 cheno.
484 5348 674 5405 Mansi
729 5352 907 5406 Conc.
961 5350 1157 5423 Amp].
1207 5350 1349 5406 Coll.
1407 5352 1467 5406 T.
1523 5350 1589 5404 lll
1638 5366 1698 5421 p.
1741 5353 1865 5406 488.

213 5437 496 5494 Sanctam
528 5438 847 5495 trinitatem
872 5439 1439 5495 consubstantialem
1464 5440 1762 5511 (ὁμοούσιον
1780 5444 1867 5497 τὴν

215 5526 366 5598 ἁγίαν
412 5524 635 5602 τριάδα)
666 5526 977 5600 praedicat
1008 5528 1264 5585 Meletius
1315 5528 1636 5600 episcOpus
1667 5528 1865 5585 Antio-

218 5617 467 5675 chenus.
496 5615 646 5673 lbid.
670 5631 730 5689 p.
752 5619 875 5675 339.
909 5615 989 5673 Cf.
1021 5617 1079 5675 S.
1104 5617 1396 5690 Epiphan.
1428 5616 1596 5675 haer.
1628 5620 1696 5673 76
1727 5616 1867 5675 etin

1993 480 2329 541 formulam
2385 490 2703 559 totamque
2778 486 2981 557 istam,
3043 489 3144 546 cui
3223 487 3457 548 inserta
3530 495 3644 563 est,

1994 580 2417 639 narrationem
2471 584 2621 641 satis
2667 584 2987 657 antiquam
3036 600 3171 643 esse
3218 584 3397 644 facile
3447 588 3648 646 credi—

1993 676 2181 734 deris.
2271 679 2611 738 Hieracitas
2691 683 3216 741 resurrectionem
3301 698 3645 756 corporum

1993 788 2244 846 negasse
2295 777 2353 835 S.
2408 778 2795 849 Epiphanius
2860 780 3065 851 docet,
3118 780 3227 853 qui
3294 781 3643 841 doctrinam

1992 885 2211 930 eorum
2252 873 2418 947 large
2465 877 2752 948 exposuit
2798 874 2908 951 (4).
2964 879 3173 950 Neque
3218 892 3365 936 vero
3396 879 3453 937 S.
3502 880 3644 951 Epi-

1994 969 2283 1041 phanius,
2341 988 2543 1046 neque
2591 972 2652 1032 S.
2716 974 2987 1034 Hilarius
3037 972 3149 1051 (5).
3230 990 3432 1048 neque
3484 976 3646 1035 alius

1993 1068 2347 1143 quisquam,
2399 1078 2700 1144 quantum
2755 1072 3026 1137 invenio,
3086 1072 3320 1139 retulit,
3376 1073 3647 1133 Hieraci-

1992 1174 2085 1223 tas
2135 1166 2253 1224 tria
2307 1182 2520 1227 rerum
2580 1171 2891 1244 principia
2944 1172 3266 1243 agnovisse
3323 1176 3403 1243 et,
3454 1172 3646 1230 Deum

1992 1263 2265 1323 Verbum
2336 1266 2655 1326 hominem
2731 1269 2959 1327 factum
3040 1283 3193 1335 esse,
3266 1282 3649 1341 causamque

1992 1363 2278 1421 omnium
2337 1378 2551 1424 rerum
2608 1366 2987 1425 eﬁ'ectricem
3039 1366 3299 1434 servari,
3354 1367 3650 1426 inﬁtiatos

1991 1474 2148 1519 esse.
2213 1462 2386 1521 Unde
2447 1462 2617 1523 hisce
2674 1480 2831 1523 nova
2902 1464 3111 1537 aliqua
3181 1464 3259 1522 de
3320 1463 3649 1523 Hieracitis

1991 1558 2351 1632 edocemur,
2385 1561 2617 1633 quibus
2644 1561 3049 1622 fundamenta
3078 1561 3421 1633 doctrinae,
3453 1574 3645 1635 quam

1992 1656 2467 1730 proﬁtebantur,
2553 1659 2895 1718 dilucidius
2985 1665 3462 1728 cognoscuntur.
3551 1658 3645 1720 Ad

1992 1753 2151 1811 illud
2197 1769 2346 1813 vero
2389 1755 2777 1815 enuntiatum
2829 1757 3102 1827 Macarii,
3150 1772 3215 1815 se
3258 1762 3473 1817 contra
3500 1757 3646 1816 dae-

1992 1865 2210 1925 mones
2275 1852 2594 1926 principes
2659 1853 2817 1912 nihil
2871 1853 3099 1919 valere,
3160 1854 3330 1926 quod
3384 1859 3644 1928 spectat,

1990 1950 2158 2007 idem
2212 1951 2271 2009 S.
2329 1950 2633 2009 Antonius
2678 1965 2930 2024 quoque
2988 1953 3307 2023 professus
3352 1956 3444 2011 est
3492 1956 3645 2010 teste

1990 2047 2263 2106 Palladio
2312 2046 2421 2124 (6).
2476 2050 2786 2108 Mortuum
2834 2050 2911 2107 ad
2961 2049 3466 2122 respondendum
3500 2063 3644 2108 evo—

1987 2150 2194 2204 catum
2240 2161 2372 2205 esse
2413 2146 2678 2219 legimus
2720 2148 2785 2206 in
2824 2148 2989 2205 libro
3020 2146 3329 2205 Samuelis
3360 2145 3463 2222 (7).
3502 2147 3645 2205 Um-

1988 2244 2139 2301 brae
2193 2250 2588 2303 mortuorum
2666 2249 2956 2303 evocatae
3028 2259 3163 2302 esse
3231 2244 3522 2303 dicuntur
3579 2244 3643 2302 in

1988 2342 2240 2400 Homeri
2286 2340 2675 2418 Νεκυίᾳ(8),
2722 2343 2890 2415 apud
2944 2342 3256 2401 Lucanum
3309 2341 3416 2418 (9).
3471 2342 3644 2401 Taci-

1985 2444 2119 2497 tum
2198 2437 2348 2516 (10),
2428 2440 2691 2500 Plinium
2755 2437 2905 2517 (ll),
2971 2440 3410 2499 Philostratum
3479 2438 3637 2515 (12).

1987 2537 2244 2596 Dionem
2305 2538 2583 2597 Cassium
2641 2535 2798 2615 (l3),
2861 2536 2974 2608 55
3031 2538 3189 2597 alios
3253 2536 3401 2614 (14).
3463 2537 3642 2611 Apud

1985 2650 2144 2709 quos
2184 2636 2447 2694 umbrae
2499 2637 2914 2709 interrogatae
2956 2642 3062 2695 aut
3105 2636 3503 2708 respondent,
3539 2640 3646 2694 aut

1986 2734 2369 2806 respondere
2424 2735 2821 2804 detrectant;
2870 2734 3100 2792 deinde
3148 2733 3225 2792 ad
3274 2734 3506 2792 inferos
3549 2748 3644 2791 re-

1984 2837 2314 2891 vertuntur
2367 2829 2516 2908 (15).
2575 2834 2794 2902 Moses,
2847 2848 2923 2891 ne
2981 2832 3187 2891 ludaei
3240 2846 3473 2905 magos,
3527 2832 3639 2904 qui

1985 2930 2741 2999 νικρομαντιῐαῑδοὶιιιιι,
2772 2930 3038 2995 adirent,
3078 2931 3209 3002 lege
3252 2930 3445 2988 vetuit
3486 2927 3635 3006 (16).

1986 3031 2474 3097 Νεκρομαντιῑα
2518 3026 2949 3100 superstitiosa
3001 3041 3133 3085 esse
3176 3028 3393 3085 Cicero
3439 3031 3643 3086 osten-

1986 3126 2077 3184 dit
2116 3122 2267 3200 (17).
2317 3124 2733 3185 Tertullianus
2784 3124 2922 3183 illas
2969 3124 3249 3182 manium
3297 3122 3641 3197 apparitio—

1986 3238 2098 3283 nes
2148 3223 2422 3284 fallacias
2476 3224 2854 3283 daemonum
2910 3222 3183 3295 appellat
3246 3220 3399 3298 (18).
3460 3221 3637 3291 Quod

1986 3394 2303 3447 Ancorato.
2338 3390 2583 3459 Spiritus
2636 3390 2788 3445 Patri
2817 3409 2845 3441 ‹‹
2880 3386 3414 3444 consubstantialis
3442 3406 3472 3439 ιο
3514 3387 3635 3443 iam

1986 3485 2234 3535 vocatur
2262 3481 2321 3534 in
2348 3479 2586 3551 liturgia
2615 3478 2671 3533 S:
2700 3478 2894 3533 lacobi
2917 3477 3114 3533 fratris
3132 3476 3389 3539 Domini,
3419 3476 3491 3532 cf.
3520 3475 3648 3531 Bino

1988 3570 2156 3625 terim
2184 3566 2787 3638 Denkwurdigkeiten
2808 3569 2868 3622 T.
2905 3566 2972 3622 lV
3010 3569 3066 3621 P.
3104 3565 3149 3621 II
3184 3582 3245 3638 p.
3291 3567 3388 3623 149
3410 3609 3423 3625 .

2058 3667 2135 3738 (4)
2166 3669 2337 3721 Haer.
2369 3670 2455 3721 67.

2057 3765 2135 3834 (5)
2164 3764 2420 3819 Hilarius
2447 3764 2521 3818 de
2554 3764 2798 3819 Hieraca
2831 3762 3091 3834 disputat
3124 3763 3200 3816 De
3222 3761 3378 3816 Trin.
3410 3759 3511 3816 lib.
3532 3760 3619 3829 Vl,

1992 3857 2073 3909 l2.
2105 3855 2161 3910 S.
2196 3852 2375 3908 Hilar.
2417 3854 2567 3924 Opp.
2601 3868 2724 3907 cur.
2758 3852 2946 3921 Migne
2976 3852 3037 3905 T.
3064 3850 3109 3903 Il
3137 3866 3197 3921 p.
3246 3853 3343 3905 l65
3386 3864 3521 3920 sqq.

2057 3951 2136 4021 (6)
2167 3951 2304 4006 Hist.
2346 3952 2525 4006 Laus.
2548 3966 2676 4021 cap.
2710 3952 2777 4005 29
2804 3949 2954 4020 Opp.
2979 3949 3188 4004 Meurs.
3211 3945 3250 4001 l.
3279 3946 3322 4000 Ι.
3353 3960 3410 4016 p.
3438 3948 3562 4000 433.

2057 4039 2134 4111 (7)
2167 4041 2326 4096 Sam.
2352 4040 2393 4104 ι,
2428 4042 2517 4093 28.

2056 4137 2132 4210 (8)
2158 4137 2267 4194 Od.
2299 4138 2385 4202 x1,
2426 4140 2491 4193 23
2526 4151 2660 4209 sqq.

2056 4227 2133 4299 (9)
2175 4228 2375 4283 Phars.
2410 4225 2499 4291 VI,
2533 4229 2638 4281 632
2673 4239 2808 4297 sqq.

2054 4316 2168 4389 (10)
2191 4314 2403 4371 Annal.
2436 4316 2503 4385 Il,
2522 4317 2611 4370 28.

2056 4407 2168 4477 (ll)
2196 4408 2322 4461 Nat.
2366 4404 2507 4460 Hist.
2548 4406 2696 4466 xxx,
2722 4406 2774 4457 6.

2056 4495 2172 4565 (12)
2212 4494 2327 4548 Vit.
2359 4492 2550 4564 Apoll.
2582 4495 2768 4562 Tyan.
2808 4491 2894 4555 ιν,
2933 4492 3018 4546 16.

2056 4592 2173 4664 (13)
2206 4592 2350 4646 Hist.
2384 4593 2553 4645 Rom.
2587 4588 2826 4651 LXXVII,
2867 4587 2958 4642 15.

2056 4691 2168 4758 (14)
2198 4692 2331 4744 Hor.
2364 4693 2473 4743 sat.
2504 4688 2545 4749 Ι,
2578 4687 2632 4752 8,
2663 4686 2754 4741 41.
2783 4685 2953 4740 Plura
2984 4680 3260 4753 exempla
3289 4678 3470 4735 habet
3493 4678 3621 4735 Del-

1982 4781 2072 4837 rio
2106 4777 2406 4850 Disquisit.
2443 4776 2659 4848 magic.
2695 4775 2762 4838 ll,
2792 4775 2858 4839 Q.
2891 4772 2984 4829 26.

2054 4878 2165 4947 (l5)
2180 4874 2525 4948 Apollonius
2544 4872 2730 4945 (apud
2747 4870 3163 4926 Philostratum
3176 4867 3214 4923 l.
3245 4866 3306 4936 l.)
3319 4866 3392 4922 de
3408 4866 3627 4922 umbra.

1980 4964 2238 5028 Achillis,
2271 4976 2457 5035 quam
2481 4964 2765 5017 evocarat
2798 4976 2857 5015 εκ
2878 4965 3077 5028 Ταῦτα,
3102 4957 3313 5029 inquit,
3343 4956 3497 5008 εἰπὼν
3519 4996 3532 5009 .
3566 4992 3581 5007 .
3618 4991 3633 5006 .

1981 5053 2178 5113 ἀπῆλθε
2208 5054 2295 5116 ξὺν
2326 5051 2568 5124 ἀστραπῇ
2598 5053 2803 5124 μετρίᾳ,
2844 5050 2933 5101 κὰὶ
2962 5050 3062 5120 γάρ
3117 5041 3186 5104 δὴ
3218 5049 3307 5098 καὶ
3347 5043 3620 5116 ἀλεκτρυό-

1979 5162 2057 5206 νες
2106 5139 2211 5201 ἤδη
2246 5138 2391 5214 ᾠδῆς
2452 5143 2699 5201 ἣπτοντο,
2741 5136 2845 5194 Ed.
2906 5134 3121 5193 Olearii
3152 5135 3307 5207 Lips.
3354 5133 3495 5191 1709
3520 5131 3622 5189 fol.

1978 5249 2041 5306 p.
2068 5233 2201 5291 154.

2052 5330 2165 5402 (l6)
2204 5330 2250 5383 v
2280 5330 2419 5383 Mos.
2454 5325 2633 5391 xvm,
2671 5326 2754 5381 ll.
2785 5323 2854 5379 Ill
2888 5323 3026 5379 Mos.
3066 5321 3195 5387 XIX,
3234 5320 3322 5376 31.

2049 5429 2163 5500 (17)
2202 5423 2546 5496 Tusc.disp.
2581 5423 2624 5490 Ι,
2654 5423 2743 5477 16.

2050 5526 2160 5597 (18)
2192 5523 2318 5581 Lib.
2379 5523 2448 5579 de
2504 5520 2708 5579 anima
2736 5535 2871 5593 cap.
2915 5518 3001 5575 57.
3045 5514 3283 5575 Tertull.
3333 5517 3483 5589 Opp.
3514 5513 3611 5572 ed.

1978 5612 2203 5675 Semler
2249 5615 2311 5672 Τ.
2353 5612 2429 5667 IV
2478 5629 2535 5688 p.
2592 5612 2695 5670 284
2726 5624 2883 5684 sqq.,
2938 5608 3134 5683 Migne
3185 5605 3399 5684 Patrol.
3447 5607 3506 5663 Τ.
3548 5605 3594 5660 ll
