4094 6208
460 246 531 306 55
1356 242 1461 307 SS.
1500 240 1990 309 MACARIORUM
2030 240 2365 304 AEGYPTII
2403 250 2492 306 ET
2530 250 3018 310 ALEXANDBINI
3800 234 3875 299 56

462 380 633 439 idem
679 380 805 438 fere
851 384 1174 437 senserunt
1220 380 1279 437 8.
1339 379 1840 453 Chrysostomus,
1889 377 1947 436 8.
1992 374 2113 434 Au-
2140 372 2187 425 Α
2224 381 2747 440 resurrectionem
2834 377 3178 437 Hieracitae
3262 372 3578 447 probaret,
3670 384 3875 443 neque

464 478 767 553 gustinus,
824 474 929 534 alii
980 473 1089 552 (1).
1142 477 1262 535 Nec
1310 477 1518 536 minus
1566 482 1817 550 postero
1860 489 2112 548 quoque

462 591 614 636 aevo
670 574 970 646 imagines
1041 580 1431 634 mortuorum
1486 591 1521 632 a
1568 575 1764 646 magis
1814 573 2111 631 excitatae

463 689 595 733 esse
653 672 959 744 leguntur.
1030 672 1150 739 Sic,
1203 677 1270 731 ut
1317 673 1470 731 haec
1531 677 1769 731 tantum
1828 671 2113 741 exempla

465 770 751 844 prodam,
811 768 1035 827 Basilio
1080 770 1441 841 imperatori
1485 770 1596 827 ﬁlii
1636 770 1861 828 umbra
1900 782 1934 824 a
1965 768 2108 825 San-

462 869 763 926 tabareno
828 867 1133 925 monacho
1182 866 1531 926 ostenditur
1585 866 1724 940 (2);
1790 882 1824 923 a
1891 866 2111 924 Fausto

462 964 693 1024 Helena
736 964 1189 1023 formosissima
1231 965 1462 1024 femina
1502 965 1893 1024 scholaribus
1939 976 2112 1021 mon~

463 1068 691 1122 stratur
744 1060 854 1137 (3).
930 1063 1022 1120 Ab
1085 1062 1182 1120 his
1238 1063 1427 1136 igitur
1481 1074 1808 1137 magorum
1852 1060 2114 1119 fallaciis

462 1165 567 1218 aut
598 1159 891 1218 ludibriis
920 1159 1223 1219 miracula
1276 1174 1495 1220 senum
1558 1162 1739 1234 plane
1792 1160 2105 1219 differunt.

462 1258 575 1328 Qui
647 1266 771 1316 non
838 1272 1163 1330 magorum
1243 1259 1437 1318 instar
1507 1259 1807 1331 imagines
1873 1262 2110 1316 tantum

463 1355 749 1421 efferunt,
805 1355 913 1413 sed
961 1356 1187 1415 Christi
1233 1371 1377 1429 ope,
1410 1362 1477 1415 ut
1533 1358 1738 1414 anima
1788 1356 1849 1414 in
1886 1368 2114 1426 corpus

463 1453 696 1522 redeat,
779 1456 1069 1525 totusque
1136 1454 1327 1513 homo
1411 1455 1760 1521 reviviscat,
1818 1453 2108 1512 efﬁciunt.

464 1550 834 1609 Submersos
882 1551 1163 1623 quidem,
1219 1553 1549 1612 suﬁ‘ocatos
1592 1558 1653 1611 et
1708 1554 1842 1611 sine
1906 1551 2116 1623 bapti-

462 1663 599 1706 smo
642 1653 923 1708 mortuos
971 1665 1189 1708 senum
1240 1665 1359 1723 Ope
1386 1652 1479 1709 vel
1524 1652 1806 1710 oratione
1855 1649 2116 1708 resusci-

461 1750 622 1803 tatos
689 1760 843 1816 esse,
906 1748 1141 1806 centies
1194 1748 1423 1824 legitur
1477 1746 1586 1825 (It).
1644 1750 1688 1807 E
1757 1748 1989 1821 quibus
2046 1746 2115 1817 ii,

465 1844 572 1915 qui
659 1845 1128 1916 resuscitantur,
1206 1852 1273 1904 ut
1340 1847 1716 1919 baptismam
1788 1845 2116 1928 accipiant,

462 1941 557 1998 vel
593 1940 766 2000 aliud
822 1943 974 2015 ipsis
1004 1943 1223 2002 aliisve
1270 1946 1422 2003 utile
1452 1960 1610 2017 opus
1657 1949 1975 2018 peragant,
2019 1958 2121 2001 ex-

468 2038 636 2111 pleto
687 2039 808 2099 hoc
861 2056 1122 2100 munere
1171 2043 1376 2101 statim
1431 2044 1636 2102 denuo
1679 2042 1840 2101 mori
1871 2042 2112 2111 solent;

466 2139 658 2195 ceteri
721 2153 906 2211 saepe
966 2135 1078 2208 56
1134 2140 1388 2213 longum
1457 2142 1643 2199 etiam
1719 2146 1967 2212 tempus
2034 2138 2115 2195 vi.

466 2237 616 2291 vunt
700 2232 803 2309 (5).
892 2237 1008 2295 Sed
1081 2244 1361 2298 mortuos
1447 2240 1523 2298 ad
1610 2238 2116 2312 respondendum

466 2337 753 2390 evocatos
793 2348 925 2391 esse
971 2350 1114 2394 raro
1164 2337 1494 2396 invenitur.
1533 2336 1834 2396 Macarius
1882 2336 2115 2408 Aegypd

467 2428 590 2487 tius
622 2429 782 2488 duos
823 2432 980 2491 alios
1015 2433 1360 2501 defunctos,
1410 2450 1529 2494 non
1576 2434 1856 2507 quidem,
1911 2442 1979 2490 ut
2022 2448 2116 2490 re-

466 2534 815 2599 surgerent,
862 2531 965 2587 sed
1026 2536 1093 2588 ut
1147 2546 1182 2589 e
1227 2530 1471 2591 tumulo
1530 2531 1652 2591 sibi
1705 2532 1780 2589 ad
1853 2532 2116 2588 interro-

464 2628 603 2692 gata
655 2627 1123 2697 responderent,
1187 2631 1457 2702 coegisse
1513 2628 1625 2705 (6),
1672 2636 1857 2702 atque
1901 2628 2108 2695 etiam,

466 2726 534 2779 ut
561 2722 845 2781 cranium
872 2724 1137 2784 alicuius
1178 2727 1475 2794 defuncti,
1519 2728 1687 2800 quod
1727 2741 1918 2799 super
1950 2731 2115 2784 terra

466 2818 724 2891 invenit,
779 2821 899 2879 sibi
944 2823 1020 2880 de
1064 2825 1281 2896 poenis
1333 2825 1559 2883 inferni
1594 2828 1955 2898 loqueretur
1997 2822 2110 2899 (7),

465 2916 743 2977 effecisse
798 2920 1012 2978 fertur.
1073 2922 1349 2980 Mortuus
1405 2937 1553 2982 vero
1619 2924 1695 2980 ad
1770 2934 2111 2994 corporum

460 3016 990 3075 resurrectionem
1063 3020 1448 3091 probandam
1515 3020 1912 3079 resuscitatus
1981 3032 2113 3076 esse

2221 476 2469 546 quando
2501 482 2561 535 et
2598 494 2721 551 qua
2758 477 2965 536 oblata
3013 472 3342 533 occasione
3390 470 3453 527 id
3483 470 3711 527 factum
3758 467 3867 534 sit,

2220 574 2412 648 addit,
2453 577 2817 644 credideris,
2870 575 3073 632 varias
3120 573 3197 629 de
3246 571 3364 628 hoc
3416 567 3703 640 prodigio
3747 565 3873 623 iam

2220 671 2346 730 illis
2398 675 2653 733 Palladii
2698 671 3088 747 temporibus
3129 668 3436 728 exstitisse
3485 665 3877 723 narrationes

2220 778 2596 850 magnopere
2642 773 2801 831 inter
2843 786 2907 829 se
2951 770 3393 840 discrepantes.
3427 763 3593 833 Quae
3643 762 3695 820 si
3749 776 3874 820 non

2220 872 2614 942 exstitissent,
2661 868 2967 928 Palladius
3016 865 3339 925 historiam
3394 860 3664 934 prodigii
3705 859 3874 918 haud

2219 970 2555 1030 omisisset.

2301 1066 2330 1145 ξ
2384 1069 2479 1126 15.
2535 1069 2615 1126 De
2672 1066 2781 1125 illo
2824 1066 3234 1136 adolescente,
3291 1060 3401 1134 qui
3458 1066 3583 1118 tam
3641 1056 3877 1117 multos

2222 1181 2413 1240 panes
2454 1164 2820 1224 comedebat
2859 1163 3159 1234 cibosque
3204 1173 3488 1219 comesos
3516 1157 3871 1228 evomebat,

2222 1280 2256 1322 a
2338 1264 2602 1322 Macario
2675 1262 2977 1336 Aegyptio
3034 1263 3247 1318 sanato
3312 1257 3486 1316 solus
3562 1253 3875 1313 Palladius

2222 1362 2430 1420 tradit.
2486 1362 2811 1419 Hominem
2843 1360 3178 1429 illustrem,
3210 1356 3317 1430 qui
3350 1370 3384 1413 a
3428 1355 3732 1412 daemone
3772 1351 3872 1408 fu-

2223 1459 2391 1517 rioso
2425 1455 2532 1527 57
2569 1462 2906 1531 occupatus
2939 1456 3171 1530 pariter
3209 1453 3466 1528 propria
3505 1450 3878 1510 comedebat

2224 1562 2641 1627 excrementa,
2705 1556 2944 1615 sanavit
3000 1554 3057 1612 S.
3132 1552 3433 1612 Antonius
3485 1546 3594 1625 (9).
3654 1546 3876 1605 Mulier

2225 1655 2552 1726 quaedam,
2613 1670 2771 1727 quae
2823 1652 3102 1727 quotidie
3152 1651 3406 1723 triginta
3462 1646 3719 1721 gallinas
3769 1658 3877 1703 co-

2229 1753 2517 1811 medebat
2580 1768 2778 1825 neque
2849 1752 2973 1810 cibi
3024 1749 3377 1808 aviditatem
3435 1747 3692 1818 explere
3765 1756 3875 1815 po-

2228 1856 2407 1916 terat,
2464 1855 2673 1909 sanata
2701 1856 2793 1909 est
2839 1865 2873 1908 a
2925 1849 2984 1907 S.
3039 1847 3395 1905 Macedonio
3453 1842 3603 1919 (10).
3645 1841 3877 1899 Adole-

2228 1949 2419 2007 scenti
2476 1950 2574 2007 isti
2627 1949 2919 2008 morbum
2961 1946 3185 2019 ingerit
3236 1945 3501 2002 daemon
3552 1938 3871 2013 ingluviei,

2228 2047 2335 2119 qui
2366 2063 2440 2106 ex
2487 2048 2708 2105 ordine
2755 2052 2848 2104 est
2892 2059 3136 2115 eorum,
3188 2042 3296 2115 qui
3338 2040 3500 2114 ignei
3552 2043 3870 2096 vocantur.

2227 2145 2291 2203 In
2345 2145 2469 2202 vita
2521 2146 2579 2202 8.
2632 2144 2899 2210 Antonii,
2954 2142 3061 2201 ubi
3117 2142 3194 2199 de
3247 2137 3661 2197 daemonibus
3708 2134 3877 2204 large

2224 2243 2556 2302 disseritur
2588 2242 2735 2319 (11),
2772 2242 2928 2300 ordo
2959 2239 3217 2313 quidem
3255 2238 3580 2308 igneorum
3624 2233 3877 2291 daemo-

2226 2355 2374 2398 num
2419 2355 2541 2398 non
2590 2339 3013 2412 distinguitur.
3074 2338 3150 2395 De
3200 2334 3499 2409 gradibus
3545 2344 3692 2388 vero
3722 2330 3873 2386 dae-

2224 2452 2481 2496 monum
2526 2438 2807 2495 scribens
2836 2434 3217 2493 Trithemius
3263 2452 3276 2490 :
3314 2451 3344 2486 «
3381 2431 3563 2489 Multa
3611 2428 3803 2497 enim,
3841 2446 3871 2477 »

2224 2536 2446 2609 inquit,
2484 2553 2514 2589 «
2543 2541 2683 2593 sunt
2710 2549 2937 2607 genera
2966 2533 3367 2596 daemonum,
3398 2534 3457 2587 et
3492 2526 3681 2585 certis
3708 2525 3871 2582 inter

2224 2649 2288 2690 se
2332 2633 2630 2705 gradibus
2670 2632 2921 2698 distant,
2962 2630 3199 2688 ratione
3247 2629 3556 2695 locorum,
3599 2624 3662 2680 in
3712 2635 3878 2694 quae

2223 2731 2510 2789 cadentes
2577 2746 2611 2786 a
2667 2729 2980 2802 principio
3050 2732 3191 2784 sunt
3267 2724 3525 2782 detrusi.
3597 2721 3877 2779 Primum

2223 2828 2479 2901 quidem
2526 2843 2718 2901 genus
2767 2828 3148 2885 daemonum
3194 2822 3551 2896 appellatur
3599 2820 3873 2891 igneum.

2222 2926 2395 2995 Quod
2464 2926 2633 2983 circa
2716 2924 3109 2997 superiorem
3195 2924 3567 2993 pervagatur
3637 2928 3874 2983 aerem,

2221 3038 2336 3082 nec
2388 3037 2661 3095 unquam
2720 3028 2859 3080 ante
2934 3019 3151 3078 iudicii
3215 3018 3385 3076 diem
3441 3015 3518 3072 ad
3576 3014 3881 3071 inferiora

463 3110 525 3169 in
593 3112 716 3171 vita
780 3114 838 3172 8.
917 3117 1163 3175 Patricii
1230 3132 1481 3191 quoque
1549 3120 1730 3191 plane
1800 3116 2111 3175 consimili
2143 3104 2182 3158 C
2220 3121 2624 3192 demergitur,
2667 3121 2774 3178 sed
2818 3119 3113 3177 continuo
3160 3117 3278 3175 sub
3322 3112 3684 3186 regionibus
3726 3123 3876 3182 per-

462 3209 650 3268 modo
737 3211 1002 3271 traditur
1086 3212 1194 3289 (8).
1269 3216 1421 3285 Quia
1494 3216 1807 3273 Palladius
1879 3218 2108 3282 narrat,

462 3312 845 3367 constantem
876 3311 938 3368 in
982 3311 1317 3371 solitudine
1348 3314 1577 3370 famam
1620 3313 1808 3372 fuisse
1839 3313 1916 3370 de
1946 3325 2113 3369 mor-

464 3409 590 3471 tuo,
644 3421 830 3479 quem
872 3410 1174 3468 Macarius
1220 3411 1622 3479 resuscitarit,
1676 3415 1742 3468 ut
1771 3424 2110 3482 corporum

463 3581 640 3651 p.747
668 3598 801 3655 sqq.
822 3584 977 3639 Sauli
1010 3584 1344 3640 Samuelem
1372 3602 1506 3641 vere
1530 3588 1883 3657 apparuisse
1913 3586 2112 3641 docuit

461 3670 672 3725 Justin.
702 3675 880 3744 Resp.
914 3673 988 3727 ad
1013 3675 1251 3738 Quaest.
1277 3677 1345 3729 52
1371 3676 1631 3739 Quaestt.
1668 3675 1980 3732 Christian.

533 3760 611 3831 (i)
652 3761 706 3815 S.
743 3762 1048 3834 Chrysost.
1093 3762 1294 3817 homil.
1341 3765 1410 3819 29
1458 3764 1518 3819 in
1560 3766 1781 3825 Matth..
1825 3767 1974 3835 Opp.
2014 3763 2106 3819 ed.

466 3850 841 3905 Montfaucon
869 3852 927 3905 T.
946 3852 1041 3905 VII
1074 3868 1131 3922 p.
1169 3852 1274 3908 366
1297 3869 1453 3924 sqq.,
1482 3854 1536 3909 8.
1562 3859 1709 3922 Aug.
1728 3852 1801 3907 de
1829 3852 2112 3909 Civit.Dei

462 3938 566 3994 lib.
614 3940 721 4005 X,9
754 3956 885 4013 sqq.
921 3946 977 3995 et
1017 3941 1265 4012 passim.
1302 3942 1384 3998 Cf.
1413 3944 1620 3997 Justin.
1656 3942 1825 4014 Apol.
1860 3942 1899 3996 ll
1930 3942 2112 4014 cap.5

462 4044 595 4099 sqq.
650 4028 742 4082 ed.
780 4030 957 4083 Paris.
1019 4029 1159 4084 1638
1193 4047 1249 4101 p.
1320 4036 1386 4086 65
1440 4048 1595 4103 sqq.,
1631 4032 1724 4086 ed.
1762 4034 1891 4088 Otto
1938 4034 2112 4087 lenae

464 4118 602 4172 1842
624 4116 686 4170 Τ.
720 4118 758 4170 l.
790 4133 849 4187 p.
879 4118 981 4173 295
1006 4134 1139 4189 sqq.
1162 4137 1178 4187 ;
1205 4120 1365 4187 Orig.
1394 4126 1599 4175 contra
1632 4120 1867 4175 Celsum
1892 4122 1934 4185 Ι,
1969 4124 2035 4176 68
2055 4127 2112 4176 et

462 4220 713 4275 passum.

530 4293 603 4359 (2)
650 4291 895 4347 Michael
953 4292 1167 4364 Glycas
1207 4294 1407 4349 annal.
1468 4295 1613 4349 Pars
1678 4297 1746 4350 IV
1786 4297 1885 4352 ed.
1922 4298 2108 4353 Boun.

461 4396 522 4451 p.
564 4381 689 4436 550.

530 4468 603 4539 (3)
650 4473 710 4524 Η.
767 4472 1019 4526 Diintzer
1068 4472 1163 4527 Die
1210 4473 1361 4541 Sage
1402 4488 1520 4528 von
1561 4474 1772 4529 Doctor
1808 4474 2110 4531 Johannes
2144 4457 2189 4511 Β

462 4560 641 4615 Faust
674 4576 729 4631 p.
775 4560 878 4614 175
902 4576 915 4627 ;
940 4559 1020 4616 cf.
1056 4559 1200 4616 ibid.
1237 4576 1294 4633 p.
1331 4562 1434 4616 159
1464 4578 1595 4635 sqq.
1653 4562 1845 4619 Delrio
1882 4565 2109 4635 Disqui-

461 4647 792 4719 sit.magic.
825 4647 859 4701 l.
894 4651 933 4703 Ι.

531 4738 607 4809 (4)
644 4741 703 4793 In
734 4738 931 4795 indice
960 4739 1179 4795 morali
1204 4740 1460 4793 cuiusvis
1488 4739 1605 4795 fere
1648 4741 1788 4796 tomi
1836 4742 1951 4794 AA.
1998 4742 2100 4801 SS.

463 4826 602 4881 Boll.
629 4846 675 4880 s.
710 4843 756 4880 v.
795 4834 1063 4883 mortuus
1097 4828 1351 4899 plurima
1373 4829 1644 4900 exempla
1676 4830 2015 4885 laudantur.

458 4972 467 4983 ,
530 4916 606 4985 (5)
640 4917 894 4971 Mortuus
912 4916 1271 4983 monachus,
1304 4933 1338 4972 a
1368 4918 1427 4971 S.
1465 4917 1774 4989 Comgallo
1802 4920 2109 4975 resuscita-

460 5006 577 5069 tus,
605 5004 951 5075 quindecim
983 5012 1195 5077 postea
1233 5022 1427 5061 annos
1468 5007 1629 5062 vixit.
1680 5010 1792 5062 AA.
1828 5009 1926 5065 SS.
1962 5007 2102 5063 Boll.

460 5092 587 5148 Mai.
628 5094 687 5146 Τ.
717 5092 760 5146 ιι
782 5110 844 5166 p.
880 5094 1004 5161 581,
1032 5093 1093 5149 d.

533 5181 611 5252 (6)
652 5180 738 5238 Cf.
763 5181 916 5236 infra
942 5182 1152 5253 Capita
1178 5182 1249 5236 IV
1280 5188 1334 5237 et
1374 5185 1461 5238 Vl.

531 5269 607 5340 (7)
647 5268 724 5323 Cf.
750 5269 904 5325 infra
932 5272 1122 5341 Caput
1152 5271 1240 5325 Vl.

532 5358 606 5427 (8)
636 5348 903 5428 Patricio,
957 5358 1266 5415 Hiberniae
1298 5361 1592 5431 apostolo,
1618 5362 1880 5432 regulus,
1921 5378 2104 5435 quem

2222 3223 2538 3275 manentes
2586 3217 2910 3275 lunaribus
2962 3214 3203 3272 nullum
3263 3213 3493 3270 habent
3546 3223 3690 3267 cum
3754 3207 3878 3263 ho-

2220 3316 2497 3373 minibus
2523 3316 2585 3372 in
2617 3320 2780 3372 terra
2801 3312 3254 3373 commercium
3282 3307 3431 3383 (12).
3462 3328 3492 3363 »
3522 3308 3716 3377 Quam
3743 3303 3879 3361 Tri-

2220 3412 2439 3470 themii
2519 3412 3005 3484 descriptionem
3078 3410 3403 3482 igneorum
3494 3407 3875 3463 daemonum

2219 3604 2403 3643 rum»
2441 3588 2727 3642 Patricius
2754 3603 2890 3641 cum
2923 3584 3127 3658 regulo
3150 3591 3206 3640 et
3237 3583 3409 3655 plebe
3453 3581 3639 3637 multa
3676 3577 3753 3634 ad
3782 3584 3869 3632 tu-

2220 3676 2453 3731 mulum
2476 3677 2739 3731 accessit.
2771 3677 2957 3740 Quem
2994 3691 3130 3729 cum
3159 3673 3375 3728 baculo
3405 3673 3541 3726 Jesu
3575 3671 3870 3739 signasset

2221 3764 2593 3837 humumque
2630 3765 2752 3819 erui
2773 3764 3029 3829 fecisset,
3061 3762 3220 3817 facta
3246 3760 3514 3817 oratione
3556 3756 3872 3813 hominem

2220 3854 2277 3909 in
2311 3840 2771 3909 admirationem
2793 3852 3067 3907 omnium
3101 3856 3157 3906 et
3182 3850 3697 3905 confirmationem
3730 3843 3872 3898 ﬁdei

2220 3943 2545 3998 catholicae
2577 3943 2968 3997 resuscitavit.
2996 3942 3102 4006 Qui
3136 3955 3361 4011 poenas
3382 3936 3874 3997 infernienarrat,

2218 4032 2551 4102 baptizatur
2581 4038 2635 4086 et
2655 4031 3013 4085 eucharistia
3041 4033 3320 4099 percepta
3345 4028 3404 4082 in
3436 4025 3647 4080 eodem
3673 4022 3879 4093 sepul-

2220 4120 2363 4175 chro
2386 4122 2445 4175 in
2475 4121 2719 4175 Domino
2745 4120 2980 4173 dormit.
3029 4121 3228 4188 Neque
3272 4116 3594 4188 quisquam
3636 4127 3874 4178 eorum,

2219 4208 2323 4278 qui
2348 4207 2616 4270 aderant,
2646 4207 2720 4261 de
2753 4207 3183 4263 resurrectione
3209 4212 3579 4261 mortuorum
3611 4199 3874 4270 amplius

2220 4296 2535 4351 dubitavit.
2576 4298 2694 4350 AA.
2741 4298 2837 4353 SS.
2871 4297 3011 4351 Boll.
3048 4298 3211 4351 Mart.
3262 4294 3325 4348 T.
3363 4294 3406 4347 ll
3437 4309 3487 4364 p.
3525 4295 3648 4355 557,
3679 4307 3730 4344 e.
3781 4295 3877 4352 At,

2220 4384 2473 4455 inquies,
2499 4384 2807 4457 quomodo
2835 4387 3039 4451 homo,
3074 4384 3177 4456 qui
3198 4399 3426 4455 poenas
3460 4379 3673 4436 interni
3701 4378 3865 4431 susti-

2219 4472 2365 4537 nuit,
2396 4474 2703 4545 baptizari,
2751 4473 3168 4529 eucharistiam
3220 4471 3522 4543 percipere
3550 4475 3607 4523 et
3656 4465 3875 4519 salvari

2221 4568 2415 4633 potest
2444 4562 2473 4617 ‘l
2502 4563 2720 4618 Eadem
2748 4562 3069 4618 difﬁcultas
3111 4562 3291 4617 etiam
3337 4561 3394 4615 in
3429 4558 3768 4613 narratione
3798 4554 3875 4608 de

2219 4653 2441 4716 cranio,
2476 4651 2642 4724 quod
2688 4652 2938 4707 Macario
2970 4650 3259 4721 Aegyptio
3311 4649 3379 4703 de
3412 4647 3619 4719 poenis
3657 4643 3872 4699 inferni

2217 4740 2499 4812 loquitur,
2535 4742 2807 4795 occurrit.
2856 4742 2932 4795 De
2972 4756 3093 4811 qua
3137 4738 3289 4793 infra
3313 4739 3450 4807 Cap.
3490 4735 3574 4789 Vl.
3619 4732 3730 4789 Sed
3764 4732 3872 4786 Pa—

2220 4830 2363 4884 tricii
2407 4831 2748 4900 prodigium
2780 4829 2880 4892 illi,
2922 4830 3079 4899 quod
3115 4829 3170 4882 in
3196 4826 3607 4882 resuscitando
3637 4826 3875 4876 mortuo

2215 4920 2504 4973 Macarius
2544 4918 2748 4981 edidit,
2780 4917 3154 4972 simillimum
3174 4921 3286 4971 est.

2286 5008 2358 5079 (9)
2421 5007 2530 5063 Vit.
2575 5008 2629 5063 S.
2667 5006 2927 5073 Antonii,
2986 5007 3097 5060 VV.
3149 5006 3252 5060 PP.
3293 5007 3490 5060 Rosw.
3522 5017 3655 5072 cap.
3682 5002 3771 5063 36,
3810 4999 3873 5054 8.

2213 5097 2428 5152 Athan.
2461 5098 2612 5167 Opp.
2647 5112 2779 5165 cap.
2816 5099 2884 5151 64
2914 5111 2972 5166 ρ.
3007 5095 3131 5150 674.

2286 5184 2400 5257 (10)
2421 5186 2535 5240 VV.
2572 5184 2678 5239 PP.
2716 5186 2905 5239 Rosw.
2934 5182 3036 5237 lib.
3076 5183 3142 5236 IX
3173 5198 3306 5252 cap.
3348 5183 3412 5237 l3
3441 5196 3499 5252 p.
3531 5177 3656 5239 830,
3689 5176 3742 5232 1.

2285 5274 2551 5346 (tl)Vita
2582 5275 2639 5329 S.
2663 5272 2920 5337 Antonii,
2949 5273 3003 5327 8.
3037 5270 3250 5326 Athan.
3287 5272 3439 5342 Opp.
3471 5284 3603 5339 cap.
3631 5264 3869 5319 22—43.

2284 5364 2394 5433 (12)
2420 5364 2505 5418 Jo.
2557 5361 2857 5417 Trithemii
2891 5360 3007 5415 Lib.
3042 5366 3177 5415 octo
3207 5360 3623 5433 quaestionum
3654 5354 3728 5409 ad
3756 5356 3875 5409 Ma-

458 5444 829 5515 baptizarat:
866 5466 890 5497 α
924 5446 1001 5511 Si,
1028 5467 1055 5499 »
1085 5448 1289 5519 inquit,
1323 5471 1350 5499 ‹‹
1379 5465 1561 5504 avum
1596 5465 1797 5505 meum
1829 5466 1863 5506 a
1894 5451 2105 5506 diebus
2210 5451 2592 5508 ximilianum
2644 5454 2955 5505 Caesarem
3011 5465 3072 5521 q.
3108 5450 3193 5505 Vl.
3220 5448 3299 5505 Cf.
3337 5447 3526 5503 Delrio
3560 5442 3866 5515 Disquisit.

457 5532 660 5590 multis
681 5534 1075 5593 incineratum
1108 5538 1549 5595 resuscitaveris
1597 5538 1659 5595 in
1712 5539 1925 5597 virtute
1965 5540 2105 5597 Jesu

461 5620 692 5692 Christi,
722 5622 969 5686 ﬁrmiter
1015 5626 1259 5688 credam
1316 5628 1812 5691 resurrectionem
1845 5633 2105 5690 mortuo-

2214 5542 2432 5615 magic.
2463 5539 2567 5598 lib.
2594 5540 2638 5595 ll
2664 5540 2731 5606 Ο.
2756 5541 2823 5594 27
2854 5539 3002 5595 Sect.
3032 5542 3084 5594 2.
