4080 6208
219 271 292 326 57
1342 302 1346 306 λ
1824 269 1878 325 ν

1999 268 2061 324 Ε.
3566 269 3637 332 58

218 401 504 460 maxima
535 416 614 460 ex
648 405 820 474 parte
858 399 1073 458 falsam
1105 413 1241 458 esse
1284 399 1442 457 bene
1494 397 1707 457 Delrio
1739 398 1880 456 ani-
1917 399 1959 451 A
1991 402 2050 455 te
2077 394 2226 474 (10).
2260 398 2607 471 Evagrium,
2643 400 2706 459 in
2755 405 2968 462 monte
3015 403 3248 462 Nitriae
3295 419 3489 477 quum
3521 405 3638 463 ha-

217 500 584 564 madvertit,
638 500 744 571 qui
803 503 1009 556 tamen
1083 496 1390 562 concedit,
1467 496 1682 568 igneos
1739 495 1883 555 ideo

215 599 430 656 vocari
465 597 826 660 daemones,
883 596 1030 668 quia
1093 595 1157 652 in
1204 595 1368 652 aeris
1395 594 1649 667 regione
1702 609 1884 666 supe-

216 695 394 753 riore
443 700 735 751 maneant
786 691 894 769 (1).
953 693 1072 752 Sed
1124 692 1434 750 Palladius
1483 691 1877 761 daemonem,

215 794 332 866 qui
367 792 826 850 adolescentem
859 791 1050 850 istum
1104 789 1394 862 agitabat,
1442 788 1691 862 igneum
1739 790 1882 848 ideo

220 895 427 962 vocat,
469 891 613 962 quia
663 889 815 960 cibi,
872 903 1030 962 quos
1081 887 1298 945 infelix
1354 887 1470 945 iste
1525 885 1876 954 evomebat,

215 993 520 1060 tanquam
565 987 706 1059 igne
766 986 1562 1058 consumebantur;quare
1614 985 1880 1043 daemon

214 1084 329 1143 ille
368 1090 637 1158 propter
667 1089 955 1142 naturam
986 1098 1187 1153 suam,
1235 1097 1399 1155 quae
1450 1082 1574 1155 igni
1627 1096 1882 1154 compa-

220 1183 345 1240 rari
395 1187 629 1256 potest,
664 1195 867 1253 neque
918 1186 1176 1253 propter
1225 1194 1403 1238 suam
1435 1179 1499 1237 in
1529 1193 1675 1238 aere
1704 1180 1881 1238 habi-

219 1281 527 1338 tationem
588 1279 805 1350 igneus
857 1284 1133 1337 vocatur.
1190 1277 1561 1336 Adolescens
1619 1277 1882 1335 vinculis

215 1378 559 1437 adstrictus
598 1377 673 1434 ad
729 1376 1065 1435 Macarium
1125 1375 1428 1445 ducitur;
1489 1375 1880 1433 daemoniaci

219 1476 414 1546 enim,
481 1490 560 1533 ne
614 1479 900 1542 noceant,
960 1471 1226 1532 vinculis
1307 1473 1648 1546 constringi
1721 1471 1880 1531 sole-

220 1573 370 1631 bant
401 1569 524 1648 (2).

299 1669 330 1746 ξ
364 1670 466 1728 16.
528 1668 572 1726 Ε
599 1669 812 1728 verbis
841 1669 1113 1743 denique
1160 1666 1447 1735 Palladii,
1481 1666 1713 1740 quibus
1742 1681 1881 1724 nar-

221 1770 535 1827 rationem
586 1768 693 1826 ille
744 1768 822 1825 de
880 1767 1146 1826 Macario
1177 1765 1496 1838 Aegyptio
1537 1765 1878 1835 concludit,

221 1867 479 1940 quando
522 1866 626 1924 hic
676 1865 977 1924 Macarius
1031 1868 1316 1923 mortuus
1344 1864 1444 1928 sit,
1479 1860 1877 1921 deﬁniamus.

223 1964 537 2022 Palladius
574 1981 585 2019 :
627 1983 658 2017 ((
706 1964 850 2036 Ego,
883 1977 918 2021 ι)
947 1962 1173 2036 inquit,
1210 1983 1232 2015 ι
1283 1965 1563 2019 sanctum
1594 1961 1730 2033 ipse
1766 1956 1880 2028 58

227 2077 348 2122 non
381 2061 648 2121 conveni
678 2080 693 2135 ;
723 2076 884 2119 anno
931 2062 1124 2127 enim,
1177 2065 1510 2132 antequam
1564 2059 1626 2117 in
1667 2057 1881 2116 solitu-

223 2159 442 2218 dinem
477 2159 899 2232 ingrediebar,
930 2159 1173 2216 obierat
1203 2156 1314 2234 (3).
1357 2178 1379 2208 ι
1418 2158 1597 2229 Ergo,
1630 2155 1881 2228 quando

229 2257 551 2315 Palladius
583 2256 986 2315 solitudinem
1017 2256 1333 2328 ingressus
1381 2255 1480 2321 sit,
1528 2253 1877 2327 quaeritur.

221 2355 358 2426 Ipse
425 2369 493 2412 se
559 2353 994 2412 Alexandriam
1053 2352 1295 2410 venisse
1368 2352 1558 2408 refert
1608 2352 1880 2411 secundo

217 2453 553 2510 consulatu
610 2450 940 2509 Theodosii
1001 2449 1197 2522 Magni
1265 2447 1373 2525 (4).
1445 2449 1641 2518 Quem
1695 2451 1882 2522 gessit

220 2549 633 2614 Theodosius,
695 2548 867 2607 fastis
917 2546 1356 2605 consularibus
1411 2547 1694 2614 testibus,
1754 2547 1883 2605 col-

218 2646 356 2717 lega
401 2647 490 2704 F1.
527 2643 824 2719 Cynegio,
857 2659 1021 2703 anno
1071 2643 1216 2702 Chr.
1269 2644 1384 2702 388
1419 2640 1524 2720 (ὅ).
1575 2644 1882 2703 Palladius

215 2744 298 2802 ab
356 2743 604 2802 Isidoro
663 2743 1031 2802 xenodocho
1102 2741 1392 2800 Dorothei
1432 2744 1621 2812 senis,
1682 2756 1882 2816 prope

221 2841 668 2900 Alexandriam
742 2840 1098 2905 habitantis,
1179 2839 1546 2912 disciplinae
1615 2840 1881 2899 traditus

215 2946 335 3011 est,
389 2953 582 3011 quam
616 2953 741 2996 non
771 2943 933 2996 totos
962 2943 1090 2995 tres
1120 2951 1316 2996 annos
1364 2937 1679 3007 sustinuit,
1732 2938 1881 3012 quia

213 3037 283 3096 in
355 3037 654 3095 morbum
727 3037 1160 3095 vehementem
1211 3034 1430 3094 incidit
1479 3033 1590 3112 (6).
1652 3037 1879 3095 Tribus
1918 3065 1958 3119 ρ

212 3150 366 3193 vero
416 3134 600 3192 annis
651 3135 715 3191 in
767 3133 1187 3200 monasteriis,
1240 3147 1401 3206 quae
1448 3134 1690 3192 circum
1728 3135 1880 3192 Ale-

213 3232 552 3290 xandriam
590 3235 791 3297 erant,
827 3230 1096 3304 peractis
1148 3231 1212 3289 in
1243 3236 1516 3290 montem
1549 3231 1783 3290 Nitriae
1813 3247 1878 3290 se

211 3327 507 3394 contulit,
542 3329 651 3386 ubi
682 3341 915 3387 annum
950 3328 1262 3400 integrum
1309 3328 1497 3401 degit.
1551 3327 1708 3388 Tum
1765 3331 1877 3388 de-

209 3441 390 3486 mum
459 3427 527 3482 in
585 3423 853 3482 intimam
908 3421 1293 3493 solitudinem,
1347 3441 1472 3499 qua
1524 3426 1717 3484 Cellia
1767 3441 1877 3485 seu

207 3525 489 3584 Cellulae
519 3523 943 3596 signiﬁcantur
976 3521 1094 3598 (7),
1148 3523 1317 3582 venit
1347 3520 1458 3600 (8).
1496 3524 1675 3596 Ergo,
1725 3538 1874 3582 num

207 3623 378 3681 inter
408 3620 667 3679 Palladii
721 3621 1055 3680 adventum
1088 3620 1153 3696 in
1209 3627 1485 3680 montem
1514 3626 1576 3680 et
1622 3623 1685 3680 in
1733 3622 1880 3681 soli-

206 3721 501 3779 tudinem
557 3719 1065 3792 distinguendum
1118 3717 1223 3792 sit,
1281 3718 1629 3792 quaeritur.
1687 3720 1879 3779 Palla-

209 3819 355 3878 dius
384 3820 466 3876 de
499 3814 887 3875 habitatione
918 3831 1029 3875 sua
1083 3814 1145 3900 in
1196 3823 1378 3874 monte
1431 3831 1620 3890 saepe
1675 3819 1880 3892 loqui-

211 3923 314 3975 tur
373 3915 488 3992 (9).
539 3913 878 3974 Nathanael
937 3929 1149 3974 senem
1181 3916 1415 3974 obiisse
1461 3921 1670 3974 narrat
1700 3918 1880 3989 quin-

213 4012 423 4072 decim
495 4027 689 4072 annos
736 4017 882 4071 ante
939 4027 1124 4071 suum
1202 4013 1535 4072 adventum
1586 4015 1650 4072 in
1703 4027 1881 4072 mon-

281 4214 367 4285 (1)
401 4212 593 4270 Delrio
627 4213 882 4286 Disquis.
917 4214 1131 4283 magic.
1164 4213 1202 4268 I.
1232 4214 1273 4268 Ι.

280 4304 367 4374 (2)
401 4302 834 4358 Daemoniacos
857 4303 1082 4357 catenis
1097 4307 1379 4359 oneratos
1403 4302 1623 4360 adduci
1649 4305 1794 4376 legis
1818 4305 1879 4362 in

1992 496 2242 554 bitasset
2275 496 2618 563 biennium,
2669 501 2851 558 tertio
2905 517 3067 560 anno
3098 502 3450 574 ingressum
3500 517 3636 561 esse

1990 594 2178 650 tradit
2207 594 2604 652 solitudinem
2658 593 2805 672 (11).
2867 598 3038 658 Unde
3088 600 3250 658 inter
3303 601 3635 660 adventum

1991 692 2054 748 in
2103 695 2312 749 monte
2337 697 2400 750 et
2437 693 2766 751 adventum
2818 695 2880 752 in
2932 697 3268 755 solitudine
3326 697 3638 756 Palladius

1990 790 2126 861 ipse
2170 788 2548 861 distinguere
2579 792 2846 849 videtur.
2905 793 3078 862 Quod
3141 795 3470 853 Bollandus
3518 802 3637 853 sta-

1990 886 2106 945 tuit
2132 885 2284 961 (12),
2311 883 2743 946 Tillemontius
2763 889 2825 945 in
2855 890 3148 961 ambiguo
3170 892 3525 964 relinquere
3549 892 3639 948 vi-

1991 983 2172 1042 detur
2192 982 2338 1059 (13).
2363 985 2446 1041 Ac
2468 985 2832 1044 Bollandum
2851 986 3046 1044 secuti
3071 992 3211 1044 sunt
3232 988 3464 1047 Caveus
3482 989 3632 1066 (11.),

1993 1081 2280 1140 Possinus
2305 1077 2451 1157 (15),
2483 1081 2809 1140 Fabricius
2835 1081 2982 1158 (16),
3014 1080 3128 1152 59
3146 1085 3223 1142 de
3246 1085 3454 1144 Nessel
3483 1085 3634 1162 (17),

1992 1178 2219 1237 Pritius
2256 1179 2405 1255 (18).
2463 1181 2580 1238 Sed
2613 1194 2764 1238 num
2796 1186 2964 1239 recte
2993 1182 3252 1240 omnino
3304 1184 3635 1255 senserint,

1991 1277 2261 1350 ambigo.
2319 1276 2430 1335 Vix
2485 1278 2653 1336 enim
2699 1277 2964 1336 dubium
2993 1293 3130 1337 esse
3185 1278 3455 1348 videtur,
3489 1280 3638 1353 quin

1991 1374 2300 1433 Palladius
2368 1375 2578 1432 dicere
2651 1376 2940 1441 voluerit,
3022 1377 3359 1434 Macarium
3442 1378 3639 1450 Aegy-

1991 1471 2191 1544 ptium
2243 1489 2393 1528 anno
2443 1476 2742 1548 antequam
2793 1470 2910 1547 ipse
2967 1469 3102 1529 illas
3153 1471 3409 1550 regiones
3462 1490 3641 1532 acces-

1989 1567 2126 1626 serit
2167 1568 2420 1627 obiisse.
2458 1573 2654 1641 Atque
2707 1584 2887 1628 mons
2920 1571 3150 1629 Nitriae
3207 1572 3366 1631 Sceti
3413 1573 3639 1632 solitu-

1992 1668 2120 1724 dini
2151 1666 2565 1740 propinquior
2594 1667 2730 1734 fuit,
2767 1681 2954 1740 quam
3017 1669 3289 1728 Cellulae
3316 1667 3445 1746 (19)
3473 1687 3490 1742 ;
3526 1685 3641 1729 ne-

1921 1749 2137 1838 I3que,
2181 1780 2295 1823 cur
2339 1765 2653 1823 Palladius
2705 1781 2936 1824 annum
2993 1769 3211 1824 mortis
3283 1768 3532 1826 Macarii
3605 1785 3640 1827 a

1990 1869 2273 1934 tempore
2302 1863 2599 1920 adventus
2625 1864 2720 1921 sui
2767 1864 2830 1920 in
2878 1863 3132 1922 Cellulis
3178 1865 3510 1937 deﬁnierit,
3545 1867 3641 1924 in-

1989 1960 2305 2032 telligitur.
2345 1960 2616 2030 Accedit,
2672 1961 2840 2032 quod
2903 1960 3212 2019 Palladius
3266 1963 3427 2020 inter
3456 1975 3637 2021 mon-

1983 2063 2114 2116 tem
2144 2056 2374 2115 Nitriae
2412 2064 2473 2116 et
2518 2055 2785 2115 intimam
2835 2059 3240 2116 solitudinem
3287 2059 3634 2132 distinguit,

1986 2169 2181 2228 quare
2237 2156 2504 2213 adventu
2544 2157 2607 2214 in
2661 2157 3001 2215 solitudine
3049 2158 3382 2215 adventum
3426 2158 3491 2215 in
3537 2157 3640 2216 Ni-

1988 2254 2108 2311 tria
2162 2253 2496 2326 signiﬁcari
2551 2255 2882 2325 probabile
2929 2260 3042 2313 est.
3097 2255 3218 2314 Nec
3291 2255 3636 2314 Palladium

1987 2351 2197 2409 dicere
2256 2351 2547 2423 voluisse,
2621 2353 2958 2410 Macarium
3031 2353 3405 2426 Aegyptium
3474 2368 3638 2413 anno

1987 2454 2318 2521 antequam
2372 2449 2510 2522 ipse
2579 2449 2643 2508 in
2711 2448 3088 2508 solitudinem
3155 2447 3329 2510 Sectis
3399 2451 3640 2510 venerit

1987 2579 2064 2588 —
2091 2562 2234 2605 nam
2267 2546 2573 2606 Palladius
2613 2548 3015 2607 solitudinem
3045 2549 3238 2608 Scetis
3302 2549 3400 2607 bis
3429 2548 3641 2608 invisit

1989 2676 2064 2688 —
2095 2645 2350 2712 obiisse,
2385 2645 2566 2703 facile
2608 2647 2827 2704 credes
2860 2646 2964 2716 ;id
2994 2647 3164 2704 enim
3196 2646 3459 2704 Palladii
3503 2661 3642 2705 ver-

1988 2743 2085 2801 bis
2111 2757 2232 2802 non
2255 2744 2433 2801 inest.

2066 2842 2266 2910 Quare
2321 2840 2714 2914 probabilior
2745 2842 3052 2900 sententia
3113 2843 3263 2900 haec
3293 2857 3427 2901 esse
3459 2843 3643 2901 vide-

1986 2943 2108 3006 tur,
2185 2939 2519 2996 Macarium
2600 2931 2972 3012 Aegyptium
3054 2954 3218 2997 anno
3295 2947 3630 3012 antequam

1987 3035 2303 3094 Palladius
2329 3035 2395 3093 in
2426 3042 2703 3094 montem
2759 3036 2989 3094 Nitriae
3042 3038 3232 3108 venit,
3288 3037 3330 3094 i.
3363 3051 3419 3094 e.
3473 3050 3636 3093 anno

1988 3135 2106 3191 390
2135 3132 2265 3209 (20)
2298 3146 2512 3190 mense
2536 3133 2852 3201 Januario,
2891 3137 2957 3191 ut
3007 3133 3446 3208 Martyrologia
3502 3137 3640 3189 tra-

1987 3227 2315 3306 dunt(21),
2350 3236 2668 3289 mortuum
2693 3245 2847 3290 esse.
2904 3230 3076 3290 Unde
3110 3236 3289 3289 natus
3339 3236 3431 3289 est
3477 3244 3639 3288 anno

1987 3329 2130 3388 Chr.
2169 3329 2307 3400 300,
2356 3334 2416 3386 et
2459 3342 2744 3387 eremum
2799 3329 3052 3387 intravit
3101 3343 3263 3388 anno
3315 3329 3460 3388 Chr.
3497 3329 3635 3387 330.

1985 3424 2136 3484 Nam
2164 3425 2228 3482 in
2258 3425 2661 3484 solitudinem
2692 3425 2860 3484 venit
2908 3427 3156 3498 triginta
3206 3440 3399 3484 annos
3428 3431 3630 3493 natus,

1986 3522 2049 3580 in
2079 3537 2204 3595 qua
2224 3524 2537 3596 sexaginta
2566 3538 2760 3583 annos
2790 3538 2988 3598 usque
3017 3525 3092 3582 ad
3148 3527 3414 3584 mortem
3444 3525 3455 3598 ἰ
3460 3538 3640 3582 suam

1985 3621 2277 3693 explevit.

2067 3716 2220 3795 $17.
2256 3719 2562 3777 Hactenus
2589 3733 2686 3786 ea,
2749 3734 2908 3791 quae
2950 3719 3027 3778 ad
3085 3720 3335 3779 Palladii
3391 3719 3469 3777 de
3513 3719 3636 3777 Ma-

1985 3816 2158 3874 cario
2203 3816 2506 3891 Aegyptio
2552 3817 2974 3874 narrationem
3027 3822 3204 3874 erant
3258 3817 3632 3874 annotanda.

1986 3912 2209 3978 Restat,
2247 3917 2312 3969 ut
2337 3911 2680 3983 videamus,
2722 3912 3042 3984 quomodo
3073 3927 3168 3983 ea,
3229 3927 3387 3984 quae
3435 3913 3640 3970 adhuc

1987 4023 2022 4068 e
2090 4010 2414 4068 codicibus
2471 4009 3058 4068 Vindobonensibus
3111 4008 3513 4082 protulimus,
3573 4009 3637 4067 in

2062 4211 2174 4282 (11)
2201 4210 2348 4266 Ibid.
2381 4226 2513 4283 cap.
2543 4210 2614 4265 88
2647 4213 2800 4283 Opp.
2829 4214 3036 4268 Meurs.
3066 4211 3105 4266 I.
3139 4212 3180 4265 I.
3209 4227 3271 4282 p.
3305 4211 3425 4266 553.

2061 4301 2178 4371 (12)
2207 4306 2321 4355 AA.
2349 4301 2453 4358 SS.
2492 4303 2625 4357 Jan.
2654 4304 2714 4357 T.
2749 4301 2768 4354 Ι
2801 4316 2860 4372 ρ.
2897 4304 3051 4357 1007.

215 4394 344 4448 Vita
369 4391 690 4446 Hilarionis
718 4406 898 4463 capp.
927 4395 1010 4458 12,
1036 4391 1123 4460 13,
1147 4392 1546 4448 etinnumeris
1567 4393 1875 4450 aliislocis.
1910 4415 1954 4468 ι)
2060 4389 2173 4461 (13)
2205 4392 2334 4445 Not.
2360 4393 2394 4446 7
2423 4391 2498 4445 de
2536 4394 2748 4447 Macar.
2790 4396 2952 4462 Aeg..
2986 4391 3292 4446 Mémoires
3331 4393 3426 4446 ed.
3463 4391 3640 4447 Brux.

279 4483 372 4552 (3)
413 4480 611 4551 Supra
641 4495 701 4551 p.
734 4481 826 4537 41.

278 4572 362 4640 (4)
409 4570 550 4624 IIist.
584 4569 756 4624 Laus.
797 4568 893 4624 ed.
934 4569 1149 4626 Meurs.
1195 4585 1329 4640 cap.
1380 4575 1400 4624 1
1457 4571 1608 4642 Opp.
1656 4574 1869 4629 Meurs.

211 4659 247 4713 l.
283 4659 325 4711 I.
369 4675 432 4729 p.
465 4658 588 4713 348.

277 4749 368 4817 (5)
420 4747 508 4800 Ab
553 4745 893 4802 Almeloven
941 4746 1098 4802 Fasti
1131 4749 1299 4801 Rom.
1348 4746 1588 4803 Consul.
1616 4747 1693 4803 ad
1732 4763 1874 4804 ann.

210 4837 348 4892 Chr.
392 4835 504 4891 388
553 4834 647 4889 ed.
700 4838 742 4889 ll
783 4833 1110 4891 Amstelod.
1169 4836 1300 4890 1740
1343 4851 1405 4907 p.
1452 4839 1574 4892 166.
1632 4837 1876 4892 Relandi

207 4925 366 4980 Fasti
410 4923 654 4978 Consul.
702 4923 779 4979 ad
824 4939 966 4978 ann.
1030 4923 1159 4978 Chr.
1207 4923 1310 4979 388
1359 4922 1510 4978 Trai.
1571 4926 1694 4980 Bat.
1740 4926 1878 4982 1715

209 5029 270 5068 n.
306 5013 443 5068 493.
476 5011 621 5067 Tab.
655 5012 1010 5082 Chronolog.
1042 5017 1198 5068 auct.
1231 5012 1305 5067 de
1328 5014 1630 5068 Graveson
1663 5014 1722 5068 in
1750 5015 1877 5069 eius

205 5101 349 5157 Hist.
382 5101 537 5156 ech.
576 5101 671 5155 ed.
705 5102 883 5156 Μειιεὶ
929 5103 988 5156 Τ.
1037 5101 1105 5155 IX
1135 5101 1361 5172 (Venet.
1411 5100 1566 5174 1761)
1599 5118 1655 5174 p.
1696 5104 1787 5167 84,
1820 5108 1872 5159 2.

273 5193 352 5262 (8)
397 5190 545 5246 Hist.
599 5191 769 5244 Laus.
816 5189 910 5245 ed.
954 5191 1164 5245 Meurs.
1211 5204 1346 5261 cap.
1391 5191 1424 5242 2
1463 5191 1614 5262 Opp.
1662 5194 1872 5249 Meurs.

204 5277 241 5333 l.
273 5280 314 5334 Ι.
353 5295 416 5350 ρ.
443 5277 573 5334 349.

270 5368 353 5438 (7)
387 5365 544 5420 Ibid.
573 5379 711 5436 cap.
745 5368 800 5419 21
837 5366 986 5438 Opp.
1020 5368 1230 5422 Meurs.
1257 5364 1296 5421 I.
1327 5367 1368 5420 Ι.
1401 5382 1462 5438 p.
1490 5367 1614 5423 396.

272 5457 348 5526 (8)
379 5455 535 5510 Ibid.
568 5468 709 5524 cap.
739 5456 771 5508 8
812 5455 962 5526 Opp.
994 5457 1205 5512 Meurs.
1247 5455 1285 5510 I.
1317 5455 1360 5510 Ι.
1389 5471 1449 5527 p.
1477 5456 1603 5521 360,
1629 5461 1752 5514 361.

217 5574 227 5584 ο
273 5545 350 5615 (9)
383 5543 543 5601 Ibid.
577 5557 718 5612 cap.
757 5543 1058 5600 10.11.12.
1093 5544 1189 5602 15.

270 5632 389 5704 (10)
417 5629 573 5688 Ibid.
607 5644 754 5701 cap.
788 5631 850 5687 21
885 5632 1036 5704 Opp.
1063 5634 1278 5690 Meurs.
1314 5632 1354 5691 I.
1389 5634 1434 5694 Ι.
1465 5649 1532 5708 p.
1570 5637 1701 5694 385.

1986 4479 2047 4536 T.
2083 4479 2194 4533 VIII
2225 4483 2280 4532 P.
2309 4479 2379 4533 III
2408 4495 2466 4550 p.
2506 4483 2659 4535 1423.

2059 4569 2170 4639 (14)
2201 4568 2427 4640 Scriptt.
2467 4568 2678 4625 eccles.
2730 4569 2868 4623 Hist.
2899 4568 3004 4624 litt.
3057 4584 3102 4623 ε.
3133 4584 3189 4622 v.
3223 4568 3522 4624 Macarius
3558 4583 3641 4625 se-

1987 4671 2118 4711 mor
2129 4699 2142 4712 .

2060 4747 2172 4817 (15)
2197 4745 2369 4800 Thes.
2403 4747 2597 4803 Ascet.
2642 4747 2819 4802 Paris.
2853 4746 2989 4801 1684
3019 4746 3240 4816 Proleg.
3274 4749 3301 4814 §
3335 4748 3397 4800 V.

2059 4835 2171 4904 (16)
2198 4834 2348 4889 Bibl.
2384 4834 2589 4891 Graec.
2621 4836 2714 4889 ed.
2744 4834 2967 4890 Harles.
3000 4838 3059 4889 'I‘.
3097 4836 3210 4890 VIII
3241 4852 3297 4907 p.
3333 4836 3457 4890 361.

2059 4923 2170 4994 (17)
2190 4924 2494 4993 Supplem.
2513 4925 2916 4979 Commentar.
2934 4924 3213 4980 Lambec.
3235 4923 3482 4979 Vindob.
3503 4925 3639 4980 1690

1984 5013 2044 5067 Τ.
2074 5013 2118 5066 II
2157 5012 2217 5066 in
2254 5011 2448 5067 indice
2489 5012 2867 5084 alphabetico
2898 5031 2948 5069 s.
2981 5030 3036 5068 v.
3076 5014 3378 5070 Macarius
3423 5029 3640 5084 cogno-

1983 5103 2142 5156 mine
2169 5100 2447 5170 Magnus.

2057 5191 2168 5262 (I8)
2195 5190 2427 5246 Macarii
2440 5190 2709 5263 Aegyptii
2723 5192 2940 5264 Opusc.
2956 5199 3010 5248 et
3027 5195 3064 5247 A
3077 5192 3460 5264 pophthegm.
3478 5192 3636 5263 Lips.

1985 5278 2122 5334 1699
2147 5279 2330 5334 Praef.
2361 5284 2386 5346 ς
2415 5281 2503 5335 IV.

2054 5369 2169 5438 (19)
2198 5365 2281 5422 Cf.
2317 5383 2504 5440 supra
2537 5384 2597 5440 p.
2625 5369 2679 5424 3.

2054 5456 2168 5528 (20)
2197 5459 2276 5511 De
2302 5464 2588 5529 tempore,
2617 5473 2738 5530 quo
2770 5458 3064 5515 Palladius
3095 5459 3154 5514 in
3184 5460 3430 5516 Nitriam
3463 5474 3637 5516 vene-

1981 5545 2058 5601 rit
2090 5546 2165 5601 cf.
2191 5545 2344 5604 intra
2375 5547 2567 5619 Caput
2590 5547 2656 5602 IIl
2686 5555 2712 5618 ς
2739 5552 2824 5603 21.
3225 5563 3229 5567 '

2053 5635 2167 5708 (21)
2199 5635 2283 5694 Cf.
2309 5635 2465 5695 infra
2494 5636 2685 5710 Caput
2715 5637 2853 5692 VIII.
