4094 6208
457 244 535 303 .59
1320 238 1421 293 SS.
1468 237 1957 295 MACARIORUM
1992 233 2327 294 AEGYPTII
2371 235 2456 292 ET
2496 234 2988 294 ALEXANDRINI
3797 235 3872 295 60

463 371 722 445 singulis
752 369 1134 430 editionibus
1185 367 1493 426 Historiae
1546 367 1875 427 Lausiacae
1926 365 2112 426 exhi-
2148 365 2194 418 A
2224 366 2430 426 carius
2471 367 2670 425 dixit:
2719 367 2780 425 Si
2829 381 2975 426 vere
3021 366 3341 424 desideras
3382 379 3456 423 ex
3505 369 3634 425 toto
3681 368 3875 426 corde

466 471 748 528 beantur.

544 569 587 625 E
616 567 844 638 quibus
887 577 1103 635 graeca
1148 563 1396 622 Meursii
1456 563 1649 621 editio
1700 567 1762 621 et
1811 563 2113 635 interpre-

465 665 614 722 tatio
659 662 902 721 Herveti
975 677 1010 719 a
1063 669 1276 720 nostro
1334 661 1625 719 codicum
1678 661 2115 719 Vindobonen—

461 763 624 820 sium
657 766 824 818 textu
852 775 995 818 raro
1027 765 1212 831 atque
1253 758 1584 816 levissimis
1637 765 1874 817 tantum
1928 760 2114 816 rebus

461 859 777 918 differunt.
832 859 1040 930 Neque
1086 856 1146 914 in
1206 855 1526 924 Paradiso,
1605 855 1913 916 Heraclidi
1974 870 2114 928 per-

458 970 676 1029 peram
749 956 1009 1026 tributo,
1073 953 1195 1011 ulla
1251 954 1498 1026 gravior
1541 954 1893 1012 differentia
1946 954 2109 1012 inve-

459 1054 649 1112 nitur.
701 1054 888 1112 Multo
922 1050 1043 1120 60
1089 1057 1297 1110 autem
1351 1051 1729 1124 locupletior
1779 1052 2006 1110 ceteris
2048 1051 2111 1109 in

461 1153 580 1210 hoc
639 1151 842 1224 capite
900 1156 989 1208 est
1034 1149 1288 1222 antiqua
1350 1149 1465 1206 ista
1531 1150 1756 1220 versio,
1827 1165 1985 1221 quae
2048 1149 2110 1206 in

458 1249 767 1308 Rosweidi
803 1247 1150 1321 appendice
1179 1251 1393 1305 exstat.
1432 1243 1601 1314 Quae
1664 1247 1940 1319 primum
1974 1250 2112 1318 post

461 1346 638 1406 illam
671 1347 748 1406 de
797 1346 1025 1404 femina
1075 1345 1137 1402 in
1210 1359 1437 1417 equam
1487 1349 1722 1403 mutata
1785 1343 2110 1402 historiam

461 1443 619 1504 hanc
648 1445 724 1502 de
758 1443 964 1516 puella
992 1443 1204 1502 addit:

545 1542 680 1601 Alia
738 1557 988 1614 quoque
1045 1541 1250 1613 puella
1307 1541 1382 1597 ad
1438 1556 1582 1598 eum
1645 1541 1908 1598 deducta
1993 1543 2107 1611 est,

459 1641 641 1704 cuius
703 1641 1013 1699 obscoena
1069 1639 1352 1710 corporis
1410 1638 1495 1696 ita
1550 1653 1621 1698 ex
1692 1638 1863 1697 omni
1937 1643 2112 1710 parte

459 1743 995 1810 computruerant,
1058 1743 1124 1794 ut
1181 1733 1570 1807 consumptis
1615 1737 1909 1794 carnibus
1959 1735 2109 1793 inte-
2145 1717 2185 1770 Β

460 1836 630 1896 riora
686 1850 936 1908 quoque
980 1840 1039 1892 ct
1091 1834 1450 1892 secretioria
1503 1839 1757 1891 naturae
1807 1834 2113 1892 nudaren-

461 1938 584 2000 tur,
618 1948 691 1991 ac
743 1933 1055 1990 vermium
1089 1932 1232 1990 inde
1260 1931 1558 1989 ebulliret
1591 1931 1922 1990 innumera
1953 1930 2114 1987 mul-

459 2031 687 2098 titudo,
723 2031 807 2087 ita
837 2035 902 2088 ut
935 2044 1054 2088 non
1104 2030 1425 2087 accederet
1472 2029 1803 2101 quisquam
1857 2029 1934 2087 ad
1974 2042 2113 2085 eam

461 2144 612 2202 prae
654 2128 912 2188 foetoris
961 2128 1245 2186 horrore.
1304 2127 1465 2186 Haec
1511 2141 1656 2185 cum
1704 2126 1886 2184 allata
1918 2141 1951 2184 a
1999 2140 2110 2197 pa-

461 2227 745 2286 rentibus
813 2235 872 2282 et
933 2225 1207 2296 proiecta
1266 2224 1482 2283 fuisset
1537 2230 1676 2284 ante
1733 2224 1900 2282 fores
1951 2224 2108 2295 eius,

462 2323 768 2384 miserans
828 2321 1088 2394 virginis
1163 2323 1481 2380 cruciatus
1536 2339 1547 2378 :
1611 2323 1823 2394 Aequo
1899 2321 2110 2379 animo

459 2429 615 2494 esto,
666 2421 889 2493 inquit,
928 2420 1052 2478 ﬁlia
1083 2436 1101 2490 3
1159 2420 1310 2478 haec
1343 2420 1456 2477 tibi
1487 2421 1566 2477 ad
1598 2421 1860 2478 salutem
1897 2419 2111 2478 Domi—

461 2535 600 2591 nus,
645 2533 768 2578 non
818 2519 892 2576 ad
953 2517 1274 2576 interitum
1327 2518 1518 2576 dedit.
1559 2517 1728 2576 Unde
1776 2517 2111 2589 providen-

461 2617 612 2675 dum
654 2622 746 2675 est
776 2616 991 2687 magis,
1025 2619 1094 2672 ut
1124 2615 1350 2672 sanitas
1399 2622 1498 2673 tua
1531 2615 1773 2680 nullum
1829 2615 1944 2674 tibi
1993 2629 2112 2686 pe-

461 2715 732 2772 riculum
774 2715 1015 2770 inferat.
1073 2714 1140 2769 Et
1183 2727 1326 2770 cum
1378 2714 1647 2770 stetisset
1695 2711 1757 2769 in
1802 2711 2109 2770 orationi-

464 2812 582 2870 bus
612 2826 723 2883 per
776 2816 1013 2882 septem
1066 2810 1397 2868 continuos
1445 2810 1600 2876 dies,
1653 2817 1713 2868 et
1760 2806 1970 2868 oleum
2004 2810 2111 2867 be-

461 2908 755 2968 nedicens
785 2907 847 2965 in
895 2906 1147 2965 nomine
1202 2907 1445 2964 Domini
1496 2912 1871 2978 perungeret
1915 2921 2110 2964 mem-

459 3007 573 3065 bra
603 3007 759 3072 eius,
808 3005 892 3061 ita
921 3019 1059 3064 eam
1113 3019 1328 3062 sanam
1375 3003 1670 3074 reddidit,
1722 3009 1786 3062 ut
1819 3011 1880 3062 et
1935 3019 2108 3076 repa-

457 3109 588 3163 rata
626 3109 883 3163 naturae
937 3103 1202 3174 qualitas
1232 3107 1294 3160 et
1346 3103 1619 3174 perfecta
1668 3102 1998 3160 muliebris
2044 3101 2107 3160 in

458 3218 531 3262 ea
586 3202 827 3274 species
883 3206 1237 3272 appareret,
1291 3205 1575 3272 essetque
1633 3201 1690 3256 ei
1760 3202 1838 3258 de
1896 3205 2109 3258 ceteao

460 3299 621 3357 inter
687 3299 973 3356 homines
1041 3298 1428 3356 conversatio
1493 3299 1730 3369 absque
1809 3297 2109 3368 pristinae

459 3395 839 3454 inﬁrmitatis
869 3394 1196 3453 obstaculo
1223 3391 1336 3469 (l).
1374 3415 1402 3445 »

540 3493 701 3552 Haec
753 3491 1028 3550 narratio
1084 3492 1272 3549 etiam
1328 3490 1492 3549 libro
1553 3492 1826 3550 secundo
1882 3490 2107 3549 iisdem

457 3591 667 3650 verbis
691 3590 937 3662 legitur,
974 3603 1176 3660 neque
1205 3603 1358 3646 vero
1385 3603 1521 3646 eam
1545 3589 1727 3646 alibri
1762 3589 1968 3662 reperi
1993 3588 2102 3665 (2).

456 3691 623 3758 Quae
671 3688 922 3760 antiqua
978 3686 1182 3744 versio
1225 3686 1303 3744 de
1356 3687 1825 3746 resuscitatione
1872 3687 2106 3746 mortui

455 3790 667 3856 habet,
694 3802 836 3846 cum
867 3785 1223 3848 narratione
1264 3785 1409 3844 libri
1452 3786 1706 3845 secundi
1751 3787 1986 3858 pariter
2029 3788 2105 3846 ad

458 3888 718 3945 verbum
765 3885 1162 3945 conveniunt.
1217 3884 1284 3941 In
1337 3884 1456 3942 ﬁne
1500 3890 1706 3943 autem
1758 3885 1982 3959 capitis
2029 3886 2106 3944 de

457 3985 723 4046 Macario
756 3984 1078 4058 Aegyptio,
1124 3988 1454 4056 postquam
1503 3983 1738 4043 dictum
1794 3989 1908 4056 est,
1959 3999 2104 4043 eum

458 4098 618 4141 anno
677 4088 1008 4153 antequam
1070 4081 1378 4138 Palladius
1436 4081 1840 4138 solitudinem
1905 4083 2106 4139 intra-

458 4180 636 4245 verit,
671 4179 924 4244 obiisse,
961 4179 1213 4248 antiqua
1258 4178 1372 4236 ista
1420 4179 1624 4234 versio
1652 4179 1897 4249 longam
1947 4179 2106 4236 hanc

457 4276 782 4335 historiam
842 4275 1034 4338 addit,
1096 4288 1285 4347 quam
1336 4274 1419 4331 ita
1477 4274 1911 4332 adumbratam
1965 4290 2105 4333 nus-

459 4376 626 4449 piam
657 4373 909 4432 invenio
941 4389 952 4428 :

543 4495 563 4524 ι
602 4472 881 4542 Quodam
939 4475 1222 4542 tempore
1274 4484 1419 4527 cum
1469 4469 1546 4527 ad
1604 4471 1856 4528 beatum
1913 4471 2104 4529 Maca-

455 4571 618 4628 rium
671 4569 926 4642 quidam
975 4568 1260 4634 venisset,
1313 4567 1674 4625 desiderans
1736 4569 1798 4626 in
1876 4583 2103 4642 propo-

452 4670 570 4727 sito
638 4667 1088 4726 monachorum
1155 4665 1390 4722 servire
1445 4663 1709 4732 Christo,
1769 4670 1826 4724 et
1881 4667 2103 4737 depre—

451 4772 700 4826 caretur
738 4769 1019 4822 sanctum
1070 4777 1306 4834 senem,
1353 4769 1418 4821 ut
1463 4762 1796 4821 instrueret
1843 4779 1984 4822 eum
2031 4781 2102 4824 ac

453 4865 726 4927 doceret,
762 4867 821 4919 et
871 4877 945 4918 ex
985 4862 1150 4919 fonte
1203 4861 1523 4918 doctrinae
1570 4861 1884 4934 salutaris,
1941 4878 2100 4935 quae

451 4963 519 5020 in
549 4977 622 5019 eo
652 4975 763 5034 per
802 4958 1072 5032 Spiritus
1102 4955 1218 5025 61
1265 4958 1457 5016 sancti
1511 4957 1773 5030 gratiam
1827 4960 2102 5018 abunda-

457 5061 584 5133 bat,
647 5058 1042 5116 conﬁrmaret
1089 5062 1171 5117 et.
1241 5056 1510 5128 qualiter
1571 5063 1778 5128 posset
1850 5058 2100 5116 iuvante

455 5160 718 5218 Domino
768 5157 1024 5214 insidias
1076 5159 1260 5227 atque
1311 5153 1812 5227 impugnationes
1843 5157 2098 5228 maligni

451 5255 737 5323 evadere,
785 5257 1244 5327 praemoneret,
1289 5253 1668 5324 respondens
1715 5254 1934 5313 beatus
1984 5255 2102 5313 Ma-

523 5517 600 5589 (1)
628 5517 737 5570 vv.
772 5514 876 5569 PP.
903 5515 1101 5569 Rosw.
1129 5528 1189 5585 p.
1218 5515 1339 5582 989,
1369 5514 1424 5567 2.

521 5605 599 5689 (2)
632 5603 930 5676 Virginem
966 5601 1143 5658 simili
1185 5601 1399 5670 morbo
1438 5601 1813 5668 laborantem
1864 5607 2101 5669 sanavit

2226 464 2586 524 renuntiare
2637 464 2785 522 huic
2829 464 3098 532 saeculo,
3161 464 3374 536 filiole,
3424 471 3484 522 et
3529 465 3877 524 adhaerere

2226 564 2488 621 Domino
2553 563 2878 625 Salvatori,
2969 563 3130 620 sicut
3198 562 3347 620 dicit
3431 562 3736 634 Propheta
3809 563 3874 620 in

2226 662 2505 733 psalmo:
2542 662 2835 719 Adhaesit
2882 661 3090 718 anima
3121 675 3257 717 mea
3302 666 3440 731 post
3479 665 3559 731 te,
3617 675 3716 718 me
3760 676 3873 719 au-

2224 765 2349 817 tem
2411 760 2685 832 suscepit
2736 760 2951 818 dextra
3004 765 3107 817 tua
3162 790 3237 798 —
3293 763 3507 830 parata
3559 759 3728 816 enim
3781 763 3876 816 est

2224 859 2437 916 dextra
2497 857 2762 929 Domini,
2820 857 3245 929 confugientes
3302 855 3379 913 ad
3431 871 3496 914 se
3549 856 3873 929 suscipere

2222 987 2297 996 ——
2327 961 2577 1028 oportet
2604 961 2660 1014 te
2687 955 3044 1014 renuntiare
3088 954 3234 1012 huic
3265 955 3498 1012 mundo
3547 958 3609 1012 et
3654 968 3878 1012 omnes

2222 1059 2393 1112 actus
2419 1054 2554 1110 eius
2595 1053 2888 1118 abiicere,
2944 1053 3101 1110 sicut
3138 1051 3291 1109 dicit
3336 1053 3666 1124 Apostolus
3713 1051 3876 1110 scri-

2224 1151 2376 1208 bens
2422 1152 2499 1209 ad
2548 1151 2985 1209 Colossenses:
3037 1149 3259 1209 Mortui
3313 1150 3478 1206 enim
3532 1149 3678 1208 estis
3721 1149 3876 1207 huic

2223 1250 2479 1319 mundo,
2541 1255 2602 1306 et
2657 1250 2779 1306 vita
2853 1254 3053 1306 vestra
3127 1248 3492 1306 abscondita
3552 1253 3646 1306 est
3718 1261 3869 1306 cum

2221 1347 2467 1406 Christo
2495 1347 2558 1405 in
2593 1348 2733 1404 Deo.
2770 1348 2923 1405 Cum
2973 1347 3141 1404 enim
3195 1346 3478 1404 Christus
3508 1345 3876 1419 apparuerit

2222 1444 2347 1502 vita
2380 1450 2600 1510 vestra,
2651 1447 2794 1502 tunc
2845 1448 2905 1501 et
2953 1457 3061 1502 vos
3107 1442 3495 1515 apparebitis
3540 1457 3680 1500 cum
3729 1441 3872 1516 ipso

2223 1543 2286 1599 in
2337 1543 2554 1615 gloria.
2608 1542 2767 1599 Haec
2824 1541 3084 1598 audiens
3130 1540 3344 1612 junior
3392 1539 3548 1598 dixit
3599 1555 3613 1597 :
3670 1541 3870 1598 Crede

2224 1640 2399 1710 mihi,
2437 1639 2794 1698 beatissime
2840 1644 3036 1711 pater,
3072 1639 3219 1710 quia
3248 1641 3308 1694 et
3341 1644 3611 1695 mentem
3663 1651 3872 1695 meam

2223 1738 2485 1796 alienavi
2527 1739 2606 1794 ab
2661 1737 2778 1795 hoc
2828 1737 3066 1794 mundo
3124 1741 3185 1795 et
3224 1737 3302 1793 ab
3349 1737 3665 1806 omnibus,
3708 1749 3875 1808 quae

2215 1837 2287 1900 in
2317 1850 2392 1893 eo
2423 1839 2586 1904 sunt,
2621 1840 2686 1892 ut
2739 1835 2862 1891 iam
2891 1840 3187 1906 tanquam
3221 1840 3505 1892 mortuus
3535 1834 3751 1906 degam
3805 1834 3876 1891 in

2221 1932 2415 1992 huius
2459 1933 2763 2004 temporis
2810 1933 2954 1990 vita.
3006 1932 3272 2004 Cognovi
3321 1932 3513 1998 enim,
3569 1931 3874 2004 quoniam

2222 2031 2590 2103 temporalia
2648 2036 2705 2087 et
2759 2030 3117 2088 transitoria
3182 2036 3369 2104 atque
3433 2029 3874 2103 corruptibilia

2221 2134 2364 2188 sunt
2387 2129 2621 2194 omnia,
2659 2143 2818 2200 quae
2873 2127 2934 2185 in
2966 2128 3082 2186 hoc
3132 2128 3367 2186 mundo
3399 2128 3689 2186 videntur
3736 2141 3875 2186 esse

2223 2228 2412 2286 bona.
2467 2227 2637 2284 Tunc
2687 2226 2842 2284 dicit
2871 2227 2926 2283 ei
2978 2225 3235 2284 senior:
3274 2225 3434 2284 Audi
3489 2240 3613 2297 me,
3645 2224 3758 2296 ﬁli,
3809 2230 3875 2284 et

2221 2325 2375 2382 vade
2426 2324 2501 2380 ad
2554 2323 2885 2394 sepulchra
2911 2330 3331 2395 mortuorum,
3387 2329 3446 2380 et
3476 2323 3877 2396 quampluri-

2221 2423 2340 2479 mis
2389 2421 2658 2486 iniuriis,
2721 2421 2933 2478 multis
3002 2421 3303 2479 conviciis
3368 2436 3439 2479 ac
3496 2420 3868 2488 maledictis,

2220 2520 2408 2579 etiam
2440 2523 2500 2576 et
2561 2518 2879 2590 lapidibus
2907 2533 3014 2577 eos
3061 2519 3391 2587 detestare,
3440 2523 3507 2577 ut
3547 2519 3870 2590 provocati

2220 2618 2545 2676 irritentur
2572 2616 2868 2674 adversus
2897 2622 2975 2674 te.
3011 2617 3118 2674 His
3147 2616 3374 2674 auditis
3413 2615 3621 2674 iunior
3661 2616 3870 2675 statim

2220 2715 2498 2788 perrexit
2544 2714 2618 2772 ad
2672 2718 3074 2772 monumenta
3118 2721 3533 2773 mortuorum.
3587 2715 3870 2787 Cumque

2217 2812 2559 2872 secundum
2621 2816 3025 2882 praeceptum
3090 2811 3253 2869 beati
3313 2811 3578 2870 senioris
3655 2810 3871 2870 multis

2217 2926 2345 2977 eos,
2381 2915 2449 2968 ut
2481 2910 2758 2981 putabat,
2801 2909 3050 2966 iniuriis
3096 2909 3419 2982 affecisset,
3472 2923 3761 2968 reversus
3789 2909 3869 2968 ad

2217 3013 2498 3067 sanctum
2528 3006 2862 3066 Macarium
2914 3007 3071 3065 dixit
3115 3009 3171 3065 ei
3221 3009 3390 3080 quod
3434 3009 3709 3066 fecerat:
3762 3007 3870 3066 in-

2217 3106 2679 3177 terrogavitque
2731 3119 2876 3162 eum
2931 3105 3159 3171 senior,
3222 3105 3272 3164 si
3309 3106 3464 3162 nihil
3497 3106 3555 3162 ei
3604 3119 3868 3178 respon-

2218 3203 2451 3260 dissent
2485 3201 2577 3259 illi
2625 3200 2910 3262 mortui?
2941 3203 3010 3260 Et
3040 3204 3423 3274 respondens
3459 3204 3656 3262 dixit:
3698 3203 3867 3262 Nihil

2219 3300 2466 3372 penitus
2492 3299 2806 3372 dixerunt,
2837 3300 3120 3358 domine.
3164 3303 3394 3359 lterum
3440 3307 3648 3360 autem
3679 3317 3870 3374 prae-

2216 3399 2383 3470 cepit
2406 3398 2464 3455 ei
2495 3398 2709 3455 dicens
2744 3416 2756 3453 :
2816 3397 3000 3470 Perge
3041 3399 3313 3457 crastino
3355 3399 3481 3472 die,
3542 3405 3604 3458 et
3650 3398 3868 3458 multis

2218 3495 2569 3569 praeconiis
2621 3496 2904 3554 collauda
2944 3502 3004 3554 et
3029 3497 3332 3569 gloriﬁcat
3380 3512 3507 3556 eos.
3542 3498 3710 3557 Abiit
3747 3499 3868 3557 ite-

2217 3607 2357 3652 rum
2390 3592 2580 3652 frater
2608 3594 2684 3650 ad
2717 3593 3049 3665 sepulchra
3096 3601 3514 3669 mortuorum,
3553 3600 3613 3654 et
3659 3595 3868 3669 coepit

2217 3691 2474 3749 laudare
2526 3691 3016 3764 honoriﬁcisque
3071 3694 3471 3751 sermonibus
3513 3694 3865 3766 gloriﬁcare

2215 3804 2323 3848 eos
2353 3789 2611 3847 dicens:
2656 3788 2775 3847 Vos
2832 3790 3035 3861 magni
3087 3790 3253 3858 estis,
3308 3797 3368 3850 et
3411 3793 3628 3865 sancti,
3681 3796 3740 3848 et
3783 3791 3869 3849 si-

2216 3888 2396 3948 miles
2438 3887 2798 3959 apostolicis
2827 3887 3006 3959 viris,
3034 3894 3096 3945 et
3126 3889 3360 3947 iustitia
3391 3904 3608 3961 magna
3650 3889 3714 3946 in
3760 3903 3869 3948 vo—

2216 3986 2312 4046 bis
2341 3991 2448 4043 est.
2501 3983 2569 4042 Et
2613 3985 2767 4042 alias
2806 3987 3305 4058 quamplurimas
3337 3987 3550 4045 laudes
3603 4002 3746 4045 cum
3787 3987 3868 4046 ad

2213 4097 2322 4140 eos
2346 4083 2622 4148 dixisset,
2670 4097 2957 4140 reversus
2985 4085 3062 4140 ad
3114 4084 3336 4142 cellam
3369 4086 3525 4143 dixit
3571 4085 3805 4143 seniori
3847 4101 3863 4143 :

2216 4181 2366 4238 Ecce
2436 4180 2778 4236 secundum
2852 4190 3254 4254 praeceptum
3325 4189 3524 4250 tuum,
3610 4182 3866 4241 domine

2213 4282 2407 4350 pater,
2464 4276 2711 4334 laudavi
2756 4283 2816 4335 et
2872 4279 3209 4351 gloriﬁcavi
3268 4281 3409 4339 illos
3459 4286 3760 4348 mortuos,
3804 4286 3868 4339 et

2211 4375 2369 4432 nihil
2438 4374 2593 4432 mihi
2670 4375 2918 4446 penitus
2972 4377 3291 4436 dixerunt.
3360 4379 3530 4437 Tunc
3601 4379 3760 4436 dixit
3805 4379 3864 4436 ei

2213 4477 2458 4530 sanctus
2513 4474 2813 4530 Macarius
2873 4491 2884 4530 :
2946 4475 3304 4549 Considera,
3364 4477 3473 4542 ﬁli,
3537 4477 3863 4549 quoniam,

2211 4571 2370 4628 sicut
2400 4569 2652 4642 injuriis
2703 4576 2764 4627 et
2815 4573 3215 4631 contumeliis
3271 4575 3666 4650 exprobrasti
3721 4574 3867 4632 illos

2212 4672 2516 4738 mortuos,
2545 4665 2661 4734 62
2696 4674 2756 4726 et
2786 4669 2939 4727 nihil
2968 4669 3082 4726 tibi
3119 4671 3307 4729 locuti
3338 4679 3502 4743 sunt,
3532 4671 3614 4729 ita
3633 4686 3777 4744 ergo
3803 4677 3870 4729 et

2210 4770 2303 4837 tu,
2349 4765 2398 4822 si
2449 4765 2539 4822 vis
2586 4767 2790 4824 salvus
2843 4782 2976 4824 esse
3033 4773 3093 4825 et
3149 4767 3210 4825 in
3269 4774 3480 4827 sancto
3540 4769 3866 4842 pr0posito

2212 4862 2460 4935 placere
2491 4860 2790 4921 Salvatori
2826 4870 3058 4939 nostro,
3106 4865 3351 4924 imitare
3399 4868 3603 4938 ipsum
3661 4867 3868 4924 Domi-

2211 4974 2360 5016 num
2392 4959 2897 5034 Salvatoremque
2955 4968 3263 5030 nostrum,
3331 4963 3492 5021 sicut
3520 4963 3673 5022 dicit
3717 4965 3866 5022 bea-

2209 5061 2307 5115 tus
2335 5057 2598 5115 Joannes
2626 5059 2950 5130 apostolus
2993 5066 3052 5117 et
3081 5061 3457 5133 evangelista
3494 5080 3504 5118 :
3541 5061 3652 5133 Qui
3685 5061 3860 5130 dicit,

2209 5169 2274 5212 se
2321 5154 2384 5211 in
2441 5155 2684 5213 Christo
2741 5171 3019 5222 manere,
3073 5158 3277 5226 debet,
3327 5160 3862 5232 quemadmodum

2211 5248 2316 5310 ille
2344 5253 2706 5319 ambulavit,
2763 5259 2821 5311 et
2863 5255 2997 5328 ipse
3044 5256 3406 5315 ambulare.
3462 5258 3633 5317 Unde
3678 5261 3741 5315 et
3795 5257 3861 5317 in

2211 5519 2267 5573 S.
2293 5518 2606 5575 Antonius.
2640 5518 2749 5575 Vit.
2784 5519 2840 5576 S.
2866 5520 3099 5578 Antonii
3121 5536 3253 5594 cap.
3286 5522 3683 5592 58,8.Athan.
3707 5522 3859 5595 Opp.

2209 5623 2270 5682 p.
2294 5611 2399 5665 670
2428 5624 2562 5682 sqq.
