4094 6208
195 310 261 368 61
1793 304 1860 360 Vl

1972 304 2030 362 Β.
3549 315 3622 372 62

195 438 539 514 Evangelio
588 439 841 512 quidem
893 436 1177 510 legimus,
1219 435 1514 509 quoniam
1548 433 1666 507 ipsi
1709 447 1851 506 per-
1884 431 1931 485 Δ
1964 433 2128 506 gelio
2177 434 2253 493 de
2301 434 2378 495 iis
2428 437 2537 510 qui
2596 439 2813 498 laudes
2868 441 3199 501 hominum
3255 446 3621 515 quaerunt:

195 538 489 598 ﬁdissimi
552 543 799 595 nostrae
862 534 1003 593 ﬁdei
1060 533 1291 593 aemuli
1360 532 1576 591 Judaei
1632 530 1859 589 multas

195 637 490 701 iniurias,
542 634 873 706 instigante
899 632 1155 691 humani
1205 630 1450 704 generis
1503 630 1679 688 hoste
1729 629 1860 686 dia-

195 734 377 808 bolo,
420 734 487 792 in
538 731 871 790 Dominum
930 735 1214 788 nostrum
1272 728 1483 787 Jesum
1542 726 1858 785 Christum

197 833 588 892 Salvatorem
640 828 936 887 dixerunt
985 842 999 883 :
1059 826 1519 885 Samaritanum
1584 839 1740 897 esse,
1800 828 1862 882 et

204 928 608 989 daemonium
654 926 1015 994 habentem,
1065 932 1121 981 et
1176 925 1239 982 in
1294 923 1644 982 Beelzebub
1690 921 1862 994 prin-

215 1029 360 1101 cipe
395 1025 864 1083 daemoniorum
908 1022 1260 1080 eiicientem
1304 1020 1634 1078 daemonia
1669 1040 1682 1091 ;
1716 1032 1861 1077 nam

214 1132 277 1184 et
324 1124 713 1181 seductorem
758 1134 905 1179 eum
950 1120 1083 1178 ausi
1124 1125 1267 1178 sunt
1302 1118 1551 1176 dicere:
1605 1124 1665 1176 et
1705 1117 1859 1175 haec

207 1220 419 1282 omnia
488 1220 795 1293 patienter
862 1219 995 1291 ipse
1066 1218 1210 1290 pius
1280 1215 1578 1275 Dominus
1651 1220 1863 1273 noster

194 1321 376 1378 Jesus
419 1318 704 1377 Christus
748 1316 930 1389 caeli,
984 1321 1188 1373 terrae
1235 1321 1295 1373 et
1324 1314 1540 1383 maris,
1575 1313 1859 1372 omnium

198 1430 461 1490 quoque
518 1428 762 1487 eorum,
823 1428 983 1485 quae
1025 1413 1092 1470 in
1147 1412 1239 1471 eis
1279 1416 1441 1479 sunt,
1478 1416 1721 1469 creator
1763 1426 1864 1467 su-

195 1515 445 1581 stinuit,
508 1520 577 1570 ut
627 1512 811 1570 nobis
867 1511 1201 1583 patientiae
1250 1524 1420 1576 suae,
1478 1508 1748 1567 lenitatis
1803 1512 1865 1565 et

192 1612 582 1672 humilitatis
640 1610 971 1684 praeberet
1021 1608 1403 1682 exemplum.
1462 1607 1611 1665 Nam
1656 1607 1705 1664 si
1754 1620 1864 1665 vo-

188 1712 420 1772 luisset
470 1711 815 1783 potentiam
854 1723 1004 1766 suae
1051 1707 1393 1766 maiestatis
1436 1706 1765 1764 ostendere
1801 1710 1864 1763 et

188 1809 469 1881 injurias
511 1806 853 1874 vindicare,
885 1820 1136 1865 omnem
1186 1804 1394 1863 subito
1448 1804 1752 1862 mundum
1797 1802 1860 1859 in

186 1908 387 1965 chaos
436 1905 801 1971 deduceret,
853 1910 913 1963 et
955 1918 1069 1962 nec
1118 1917 1311 1977 genus
1360 1901 1711 1972 hominum,
1746 1915 1861 1958 nec

186 2004 329 2077 ipse
382 2004 603 2061 saltem
654 2006 987 2074 appareret
1046 2000 1343 2070 mundus,
1408 1999 1514 2057 sed
1582 1998 1645 2056 in
1718 2011 1860 2057 mo-

186 2107 411 2160 mento
482 2100 695 2159 omnia
754 2098 1101 2158 interirent.
1166 2098 1606 2157 Verumtamen
1662 2096 1862 2154 noluit

182 2202 343 2257 haec
392 2198 597 2257 facere
645 2195 1090 2254 inenarrabilis
1138 2194 1369 2254 Christi
1423 2194 1664 2253 Domini
1732 2193 1862 2267 pie-

183 2303 281 2353 tas
351 2295 671 2363 bonitatis,
725 2294 832 2368 qui
889 2309 1013 2352 non
1065 2293 1142 2352 ad
1191 2292 1601 2365 puniendum,
1646 2292 1754 2351 sed
1785 2293 1862 2350 ad

184 2394 570 2451 salvandum
623 2397 875 2450 venerat
929 2391 1260 2450 mundum.
1324 2390 1468 2449 ldeo
1522 2390 1689 2447 enim
1750 2404 1861 2462 pa-

185 2492 426 2548 tienter
478 2490 688 2548 omnia
738 2489 1051 2553 sustinuit,
1098 2493 1160 2545 et
1200 2486 1384 2546 nobis
1429 2488 1717 2559 exempla
1749 2501 1862 2559 pa-

189 2589 456 2646 tientiae
506 2592 567 2647 et
618 2586 989 2644 humilitatis
1030 2585 1407 2644 ostenderet.
1450 2586 1624 2644 Unde
1665 2591 1725 2643 et
1766 2598 1860 2641 se-

186 2685 539 2759 quentibus
593 2699 660 2743 se
712 2683 1041 2756 discipulis
1086 2683 1246 2741 dixit
1299 2702 1313 2741 :
1372 2682 1593 2740 Discite
1644 2697 1679 2740 a
1733 2695 1854 2749 me,

182 2785 344 2858 quia
391 2781 562 2841 mitis
603 2795 742 2840 sum
786 2786 848 2840 et
894 2780 1155 2839 humilis
1195 2781 1409 2849 corde,
1444 2785 1504 2838 et
1535 2778 1860 2838 invenietis

187 2884 491 2954 requiem
522 2880 852 2938 animabus
881 2879 1119 2937 vestris.
1156 2878 1271 2937 Sed
1305 2883 1366 2937 et
1394 2893 1614 2936 omnes
1642 2893 1677 2936 a
1719 2891 1855 2935 sae-

184 2981 342 3039 culo
420 2978 649 3047 sancti,
712 2983 839 3036 tam
914 2975 1260 3050 prophetae
1317 2990 1509 3050 quam
1562 2974 1852 3047 apostoli,

1969 533 2162 590 Amen
2210 534 2353 593 dico
2400 536 2598 607 vobis,
2635 537 2779 609 quia
2833 544 3207 611 receperunt
3259 542 3618 599 mercedem

1965 645 2163 688 suam.
2196 632 2265 689 Et
2286 633 2405 689 alia
2434 634 2628 691 multa
2657 642 2822 707 sunt,
2856 651 3018 708 quae
3054 636 3133 695 de
3162 639 3434 696 cavenda
3465 654 3621 697 vana

1966 727 2162 800 gloria
2214 735 2459 788 sanctae
2490 731 2852 804 Scripturae
2907 734 3249 793 admonere
3316 750 3438 795 non
3493 752 3623 795 ces-

1968 832 2121 883 sant.
2158 828 2315 885 Cave
2363 843 2535 902 ergo,
2590 844 2629 888 o
2679 829 2790 903 ﬁli,
2824 835 2886 888 et
2934 847 3134 904 neque
3186 833 3260 890 ad
3321 832 3625 906 irrogatas

1968 923 2230 982 iniurias
2258 926 2615 984 exardescat
2664 929 2726 984 in
2778 927 3103 986 iracundia
3164 931 3412 988 animus
3452 937 3614 994 tuus,

1968 1024 2029 1077 et
2057 1021 2105 1078 si
2135 1021 2459 1080 incitatum
2488 1022 2677 1082 fuerit
2705 1039 2815 1083 cor
2846 1030 3049 1097 tuum,
3084 1024 3217 1099 ipse
3270 1032 3479 1085 tamen
3524 1028 3621 1085 di-

1966 1119 2179 1177 stricte
2208 1119 2271 1177 in
2313 1121 2541 1179 timore
2586 1122 2829 1180 Domini
2882 1124 3129 1182 refrena
3162 1126 3242 1183 ab
3296 1125 3621 1185 iracundia

1968 1217 2247 1275 animum
2276 1223 2479 1289 tuum,
2511 1225 2578 1277 ut
2606 1220 2804 1292 possis
2832 1220 3121 1279 virtutem
3143 1222 3521 1281 humilitatis
3550 1238 3622 1282 ac

1972 1314 2303 1386 patientiae
2332 1317 2648 1374 custodire
2683 1335 2698 1387 ;
2732 1321 2791 1374 et
2819 1324 2965 1377 tunc
2994 1320 3297 1379 veraciter
3318 1321 3619 1392 ostendis,

1970 1413 2136 1484 quod
2162 1413 2505 1484 promisisti
2535 1413 2770 1483 dicens,
2806 1416 2955 1488 quia
3007 1423 3303 1490 tanquam
3334 1423 3625 1477 mortuus

1970 1508 2155 1581 degas
2183 1510 2247 1567 in
2297 1511 2416 1570 hoc
2443 1512 2702 1581 mundo,
2732 1513 2782 1569 si
2836 1512 2996 1570 nihil
3043 1515 3475 1574 turbulentum
3527 1530 3626 1573 re-

1968 1608 2282 1679 spondeas
2309 1608 2387 1666 iis
2416 1608 2523 1680 qui
2556 1609 2670 1667 tibi
2701 1610 2964 1669 iniurias
2990 1612 3287 1685 irrogant,
3322 1614 3481 1672 sicut
3506 1625 3620 1672 nec

1894 1746 1938 1804 Β
1971 1704 2063 1762 illi
2097 1706 2173 1763 de
2202 1707 2625 1763 monumentis
2656 1709 2912 1775 mortui,
2968 1709 3031 1766 in
3064 1724 3221 1781 quos
3273 1711 3502 1769 multas
3529 1713 3623 1769 in-

1964 1803 2166 1876 jurias
2194 1808 2254 1862 et
2288 1802 2568 1862 convicia
2616 1804 2854 1877 dixisti,
2886 1811 2945 1863 et
2998 1807 3154 1864 nihil
3212 1809 3326 1866 tibi
3376 1809 3622 1882 penitus

1970 1902 2448 1973 responderunt.
2532 1902 2802 1974 Ideoque
2874 1909 3145 1976 oportet,
3224 1912 3294 1963 ut
3376 1906 3621 1964 fortiter

1970 1999 2397 2058 custodiamus
2454 1999 2744 2059 virtutem
2806 2001 3180 2060 humilitatis
3253 2018 3325 2060 ac
3387 2004 3624 2075 patien-

1971 2098 2114 2163 tiae,
2148 2104 2452 2169 quatenus
2505 2097 2817 2170 possimus
2873 2099 2951 2156 ad
2993 2100 3282 2159 caelestia
3340 2101 3622 2173 praemia

1972 2202 2033 2253 et
2061 2195 2138 2253 ad
2190 2202 2477 2253 aeternae
2521 2195 2680 2253 vitae
2736 2195 3001 2268 gloriam
3048 2199 3400 2270 pervenire.
3460 2199 3622 2258 sicut

1971 2292 2120 2351 dicit
2150 2293 2213 2350 in
2246 2294 2619 2365 Apocalypsi
2671 2294 3007 2353 Dominus:
3052 2296 3241 2367 Tene,
3299 2296 3469 2369 quod
3519 2296 3626 2354 ha-

1972 2391 2104 2455 bes,
2138 2403 2214 2447 ne
2235 2387 2394 2447 alius
2415 2389 2683 2462 accipiat
2711 2404 3008 2449 coronam
3038 2394 3211 2450 tuam
3244 2390 3357 2469 (l).
3388 2412 3418 2448 »

2051 2487 2213 2544 Haec
2271 2487 2452 2559 longa
2504 2487 2581 2544 ad
2628 2488 2883 2545 fratrem
2937 2490 3285 2549 admonitio
3332 2505 3477 2551 cum
3526 2491 3624 2549 in-

1969 2584 2151 2658 genio
2208 2591 2269 2642 et
2319 2584 2530 2643 indole
2586 2585 2991 2645 homiliarum
3039 2588 3287 2646 Macarii
3336 2589 3620 2663 Aegyptii

1967 2687 2093 2740 tam
2138 2682 2383 2755 egregie
2435 2682 2730 2753 concinit,
2774 2689 2841 2742 ut
2883 2698 3023 2743 eam
3054 2700 3088 2743 e
3117 2685 3399 2744 homiliis
3452 2700 3624 2745 com-

1970 2780 2225 2852 pilatam
2253 2787 2312 2838 et
2342 2780 2640 2839 historiae
2671 2780 2763 2839 illi
2812 2782 2891 2840 de
2923 2782 3113 2841 fratre
3147 2784 3319 2842 iussu
3371 2784 3623 2843 Macarii

1966 2876 2298 2949 sepulchra
2354 2878 2621 2936 adeunte
2678 2879 2955 2937 additam
3014 2895 3147 2939 esse
3227 2882 3391 2940 haud
3442 2895 3625 2955 aegre

1966 2975 2331 3033 credideris.
2368 2976 2533 3043 Quae
2584 2975 2867 3047 historia,
2930 2979 3182 3036 omissis
3233 2978 3349 3036 ista
3400 2980 3624 3038 exhor-

187 3077 572 3151 opprobriis
627 3082 688 3135 et
746 3075 995 3134 iniuriis
1047 3090 1118 3133 ac
1155 3074 1419 3132 diversis
1471 3073 1682 3131 afflicti
1733 3077 1857 3130 tor-
1888 3093 1927 3149 ρ
1967 3071 2196 3130 tatione
2249 3077 2311 3129 et
2336 3071 2661 3140 doctrinis,
2720 3072 2782 3129 in
2829 3074 3385 3147 ApOphthegmatis
3426 3080 3624 3133 exstat

188 3175 426 3235 mentis
456 3187 711 3247 semper
749 3172 1146 3231 immobilem
1190 3172 1488 3230 virtutem
1520 3170 1856 3244 patientiae

191 3279 254 3332 et
304 3271 687 3330 humilitatis
745 3276 1101 3339 tenuerunt,
1170 3275 1231 3327 et
1286 3283 1682 3341 nequaquam
1743 3269 1853 3327 hu-

193 3370 404 3429 manis
458 3368 750 3427 laudibus
780 3371 920 3426 sunt
960 3367 1232 3439 decepti.
1276 3368 1654 3439 Respuentes
1684 3380 1854 3423 nam-

191 3484 318 3541 que
371 3466 580 3524 inanis
630 3465 865 3538 gloriae
914 3465 1260 3538 praesentis
1312 3464 1470 3521 vitae
1516 3478 1706 3523 vanos
1744 3478 1857 3522 ru-

196 3581 435 3631 mores,
466 3564 643 3622 illam
673 3563 874 3623 solam
898 3564 1228 3621 caelestem
1260 3566 1703 3634 aeternamque
1731 3562 1860 3633 glo-

194 3666 361 3723 riam
410 3663 885 3735 concupiscunt,
932 3660 1040 3734 qui
1093 3660 1340 3719 Christo
1391 3660 1639 3732 placere
1691 3659 1860 3716 desi-

196 3764 445 3825 derant,
507 3774 668 3832 quae
716 3775 792 3818 ex
849 3760 971 3818 Deo
1025 3764 1117 3816 est
1168 3764 1229 3816 et
1281 3761 1606 3830 permanet
1656 3757 1721 3814 in
1761 3770 1860 3815 ae-

198 3867 511 3925 ternum;
584 3858 762 3916 cuius
828 3854 1128 3915 claritatis
1216 3855 1615 3928 splendorem
1691 3852 1861 3912 nulla

193 3958 476 4015 humana
548 3956 756 4029 lingua
825 3959 1025 4028 potest
1082 3966 1425 4026 exponere.
1496 3952 1658 4010 Haec
1713 3965 1865 4031 ergo;

195 4055 495 4126 exempla
537 4053 872 4127 patientiae
918 4057 979 4110 et
1025 4051 1395 4110 humilitatis
1435 4049 1857 4116 considerans,

196 4151 419 4219 filiole,
454 4152 506 4208 si
532 4150 786 4223 quando
821 4150 1130 4223 irrogatae
1158 4149 1271 4206 tibi
1305 4148 1535 4206 fuerint
1566 4148 1857 4214 iniuriae,

199 4250 547 4310 fortissime
612 4250 904 4307 virtutem
968 4247 1300 4321 patientiae
1360 4252 1420 4305 et
1494 4246 1863 4306 humilitatis

200 4349 475 4422 custodi,
510 4347 761 4404 imitans
794 4347 1166 4419 Prophetam
1195 4344 1303 4418 qui
1354 4344 1549 4404 dixit:
1582 4346 1706 4418 Ego
1748 4358 1862 4403 au-

1967 3170 2065 3227 his
2120 3169 2249 3227 fere
2308 3170 2517 3227 verbis
2566 3185 2579 3225 :
2642 3190 2664 3221 ι
2728 3170 2941 3229 Frater
2992 3173 3282 3231 convenit
3328 3174 3619 3231 abbatem

1966 3267 2303 3327 Macarium
2358 3268 2749 3341 Aegyptium,
2805 3269 2955 3327 cui:
2994 3270 3188 3343 Abba,
3242 3270 3465 3345 inquit,
3516 3270 3622 3329 dic

1967 3366 2123 3424 mihi
2178 3367 2468 3436 verbum,
2523 3367 2845 3438 quomodo
2900 3368 3129 3425 salver.
3213 3368 3313 3426 Ait
3378 3382 3619 3429 senex:

1966 3464 2131 3522 Vade
2156 3464 2221 3521 in
2251 3464 2655 3535 sepulchrum
2681 3470 2743 3522 et
2794 3464 3145 3524 maledictis
3172 3472 3454 3525 mortuos
3501 3467 3624 3525 im-

1968 3566 2127 3636 pete.
2178 3561 2409 3619 Abiens
2449 3561 2639 3633 igitur
2695 3561 2885 3620 frater
2933 3577 3041 3621 eos
3069 3564 3369 3623 conviciis
3398 3569 3459 3622 et
3496 3560 3618 3633 64

1970 3659 2286 3732 lapidibus
2328 3657 2608 3731 appetiit,
2666 3673 3078 3733 reversusque
3108 3663 3496 3720 annuntiavit
3526 3678 3623 3720 se-

1969 3758 2055 3815 ni.
2085 3756 2200 3825 Qui
2252 3756 2330 3813 ab
2361 3770 2436 3815 eo
2488 3756 2778 3828 quaerit:
2839 3757 3084 3816 Nihilne
3134 3758 3250 3815 tibi
3284 3760 3623 3831 responde-

1970 3860 2116 3912 runt
2142 3850 2173 3907 Ὺ
2207 3852 2316 3909 Ille
2348 3868 2362 3908 :
2396 3852 2583 3910 Nihil.
2634 3853 2791 3909 Tum
2833 3868 3020 3910 senex
3050 3870 3063 3909 :
3100 3853 3356 3921 Iterum,
3392 3856 3620 3927 inquit,

1971 3948 2367 4025 proﬁciscere
2410 3963 2569 4014 cras,
2625 3963 2858 4021 eosque
2907 3949 3198 4008 laudibus
3253 3948 3428 4011 effer.
3480 3953 3622 4011 Per-

1970 4062 2117 4122 gens
2186 4048 2395 4119 itaque
2453 4047 2642 4103 frater
2697 4047 3076 4105 collaudavit
3154 4062 3265 4107 eos
3344 4062 3618 4109 vocans:

1974 4142 2273 4217 Apostoli,
2326 4142 2545 4210 sancti,
2579 4142 2757 4201 iusti.
2798 4144 2953 4200 Tum
2994 4144 3147 4202 adiit
3176 4159 3389 4203 senem
3427 4145 3623 4204 dixit-

1971 4257 2135 4317 que:
2198 4240 2485 4299 Laudavi.
2541 4240 2709 4310 Qui:
2758 4240 3025 4309 Nihilne,
3080 4242 3305 4315 inquit,
3357 4243 3473 4301 tibi
3526 4259 3624 4304 re-

1972 4339 2355 4414 sponderunt
2384 4334 2414 4394 ?
2442 4338 2699 4397 Frater:
2749 4339 2936 4397 Nihil.
2984 4340 3154 4398 Tunc
3200 4356 3387 4401 senex
3442 4342 3619 4402 inﬁt:

201 4456 325 4505 tem
360 4454 661 4518 tanquam
689 4446 917 4502 surdus
947 4458 1068 4501 non
1097 4443 1429 4501 audiebam
1460 4439 1578 4510 63
1620 4447 1681 4501 et
1704 4442 1864 4502 sicut
1894 4409 1937 4463 D
1974 4438 2163 4505 Nosti,
2224 4436 2472 4510 quantis
2525 4451 2632 4495 eos
2684 4437 3080 4495 contumeliis
3134 4432 3441 4511 atfeceris,
3508 4456 3622 4499 nec

205 4553 414 4602 mutus
445 4558 571 4601 non
604 4542 893 4614 aperiens
917 4556 988 4599 os
1014 4555 1220 4612 suum,
1256 4548 1316 4598 et
1344 4539 1540 4599 factus
1569 4554 1707 4598 sum
1739 4540 1861 4598 sic-

206 4648 269 4700 ut
316 4643 520 4700 homo
568 4654 695 4699 non
745 4640 1024 4706 audiens,
1078 4645 1135 4695 et
1185 4654 1306 4696 non
1359 4638 1597 4697 habens
1647 4638 1710 4695 in
1752 4652 1863 4696 ore

206 4753 318 4797 suo
349 4736 848 4809 redargutiones.
883 4736 1058 4805 Quod
1110 4743 1278 4793 certe
1332 4735 1409 4793 ad
1461 4749 1863 4794 commonen-

207 4836 355 4894 dum
403 4848 663 4894 sensum
709 4839 990 4892 nostrum
1030 4833 1310 4906 quotidie
1355 4832 1418 4890 in
1450 4833 1664 4904 synaxi
1705 4833 1865 4906 psal-

210 4934 379 4991 litur.
414 4934 577 4992 Cave
608 4931 819 4998 etiam,
853 4947 929 4990 ne
959 4946 1113 4989 vana
1158 4931 1357 5003 gloria
1402 4929 1712 5004 laudeque
1740 4931 1863 4989 ho-

209 5032 448 5089 minum
482 5029 833 5097 delecteris,
876 5035 938 5087 et
978 5029 1202 5099 perdas
1230 5029 1465 5099 omnia,
1490 5044 1658 5101 quae
1689 5030 1861 5088 labo-

209 5130 401 5187 rando
450 5128 519 5185 in
562 5129 745 5185 bonis
795 5126 1097 5200 operibus
1150 5126 1545 5200 acquisieris,
1596 5127 1863 5185 fructus-

211 5240 321 5299 que
366 5225 592 5285 ieiunii
634 5230 694 5282 et
739 5225 1150 5283 abstinentiae
1192 5229 1334 5282 tuae
1380 5224 1861 5297 vigiliarumque

212 5330 266 5381 et
320 5326 687 5383 orationum
743 5323 1098 5381 mercedem
1144 5323 1211 5381 in
1264 5328 1516 5381 aeterna
1568 5323 1689 5380 vita
1737 5336 1862 5382 non

210 5422 609 5497 consequaris
637 5436 675 5479 a
718 5420 1001 5493 Domino,
1043 5422 1193 5494 quia
1221 5421 1355 5495 ipse
1384 5421 1540 5480 dixit
1580 5420 1646 5478 in
1670 5420 1858 5480 Evan-

278 5592 352 5663 (l)
382 5593 496 5648 VV.
529 5592 643 5648 PP.
674 5594 865 5647 Rosw.
898 5606 959 5664 p.
1001 5590 1125 5659 990,
1152 5590 1205 5646 2.

276 5681 349 5752 (2)
390 5679 645 5739 Coteler.
692 5680 846 5737 Eccl.
888 5682 1091 5738 Graec.
1124 5682 1279 5739 Men.
1306 5681 1420 5738 Τ.Ι
1460 5695 1521 5753 p.
1576 5679 1679 5736 538
1712 5695 1764 5738 ε.
1793 5693 1857 5739 v.

1970 4535 2315 4609 quidquam
2371 4533 2829 4604 responderunt
2880 4535 3020 4601 tibi,
3080 4540 3139 4593 et
3182 4537 3432 4608 quantis
3471 4552 3618 4597 eos-

1971 4632 2116 4692 dem
2164 4630 2455 4690 laudibus
2500 4630 2845 4703 ornaveris,
2894 4631 3183 4704 nihilque
3229 4633 3305 4690 ad
3353 4637 3413 4691 te
3470 4650 3621 4707 pro-

1972 4729 2162 4790 locuti
2206 4734 2368 4787 sunt.
2420 4728 2505 4785 lta
2560 4732 2621 4785 et
2672 4732 2761 4798 tu,
2811 4726 2862 4785 si
2909 4728 3135 4786 salvari
3185 4730 3389 4807 cupis,
3446 4746 3623 4790 mor-

1968 4834 2114 4887 tuus
2155 4827 2264 4884 fias
2312 4840 2513 4898 neque
2565 4824 2828 4883 iniurias
2881 4826 3209 4884 hominum
3254 4842 3369 4887 nec
3407 4829 3624 4888 laudes

1970 4938 2193 4985 eorum
2257 4923 2488 4996 cogites
2539 4922 2734 4981 instar
2790 4928 3185 4982 mortuorum
3246 4942 3259 4983 :
3312 4927 3404 4985 sic
3450 4928 3620 4986 enim

1971 5022 2205 5097 poteris
2252 5023 2457 5079 salvus
2512 5020 2647 5078 fieri
2713 5018 2821 5097 (2).
2885 5039 2915 5077 »
2976 5022 3247 5081 Eandem
3294 5024 3619 5084 historiam

1971 5120 2260 5195 nuspiam
2285 5118 2437 5177 alibi
2459 5117 2693 5176 inveni.

2051 5219 2319 5292 Antiqua
2388 5221 2596 5276 autem
2643 5216 2848 5276 versio
2909 5217 3135 5278 deinde
3210 5220 3371 5280 hanc
3426 5220 3616 5282 aliam

1969 5318 2141 5377 addit
2198 5314 2444 5375 Macarii
2496 5315 2778 5388 Aegyptii
2837 5316 3237 5376 doctrinam:
3276 5339 3304 5373 α
3357 5317 3620 5380 Sanctus

1969 5416 2164 5475 abbas
2208 5413 2510 5473 Macarius
2562 5414 3001 5472 commonebat
3029 5429 3216 5489 saepe
3269 5416 3614 5492 discipulos

1967 5585 2275 5643 Macarius
2310 5582 2645 5655 Aegyptius
2682 5586 2709 5650 ε
2741 5581 2937 5655 XXIII;
2965 5582 3027 5639 in
3056 5584 3273 5644 harum
3314 5587 3622 5654 Quaestio-

1947 5672 2118 5733 ‘num
2148 5672 2493 5747 Appendice
2520 5672 2707 5730 altera
2734 5672 2848 5730 sub
2872 5672 2960 5728 ill.
