4080 6208
521 244 594 299 63
1401 239 1502 296 SS.
1544 235 2027 295 MACARIOBUM
2066 235 2396 293 AEGYPTII
2437 237 2523 293 ET
2562 240 3049 297 ALEXANDRINI
3300 232 3303 237 ’
3859 244 3935 301 δι

516 392 669 437 suos
710 377 771 432 et
797 372 1055 431 docebat
1109 384 1217 428 eos
1260 369 1519 429 dicens:
1578 371 1944 427 Mementote
2008 379 2167 424 sem-
2199 366 2243 417 A
2279 382 2387 425 nes
2429 371 2873 445 versionesque
2928 371 3183 443 habent,
3252 370 3383 428 sola
3454 370 3728 430 exhibet.
3804 374 3934 433 Po-

525 491 658 549 per,
724 472 871 544 quia
924 475 1063 526 ante
1114 473 1515 540 conspectum
1572 467 1813 525 Domini
1880 466 2167 537 omnipo—

524 573 707 631 tentis
779 566 1260 637 conversamini,
1323 568 1429 638 qui
1501 564 1803 638 prospicit
1879 563 2164 621 omnium

520 669 847 727 hominum
919 664 1323 735 cogitationes
1406 670 1465 721 et
1529 662 1918 735 singulorum
1977 660 2167 718 corda

518 770 851 824 scrutatur.
909 760 1085 829 Quod
1137 760 1323 817 etiam
1393 764 1453 817 et
1498 766 1745 817 sanctae
1804 756 2165 829 Scripturae

518 868 842 931 testantur,
886 866 947 916 et
1007 857 1337 930 Apostolus
1392 858 1574 915 docet
1629 863 1690 915 et
1736 856 1888 913 dicit
1930 872 1941 910 :
1981 855 2166 912 Vivus

517 966 610 1019 est
655 960 823 1017 enim
872 970 1079 1013 sermo
1135 955 1235 1012 Dei
1266 960 1327 1012 et
1356 955 1569 1012 efﬁcax
1629 959 1685 1011 et
1723 954 1964 1011 acutior
1993 952 2164 1010 omni

518 1058 724 1131 gladio
755 1053 1011 1125 ancipiti
1043 1059 1103 1109 et
1156 1053 1509 1125 pertingens
1540 1067 1736 1125 usque
1789 1052 1866 1109 ad
1920 1051 2165 1108 animae

518 1154 887 1213 divisionem
943 1166 1013 1208 ac
1068 1151 1327 1222 spiritus
1378 1164 1751 1222 compagum
1801 1162 2053 1221 quoiue
2107 1152 2167 1205 et

517 1251 960 1315 medullarum,
1003 1247 1307 1305 discretor
1346 1246 1791 1318 cogitationum
1845 1252 1904 1302 et
1958 1246 2169 1303 inten-

518 1349 758 1406 tionum
788 1346 1044 1409 cordis;
1079 1349 1139 1401 et
1186 1359 1307 1402 non
1352 1349 1444 1402 est
1497 1343 1624 1401 ulla
1676 1348 1962 1401 creatura
2012 1343 2167 1399 invi-

515 1446 719 1504 sibilis
748 1446 812 1501 in
856 1447 1192 1513 conspectu
1241 1442 1414 1510 eius;
1475 1440 1686 1499 omnia
1739 1444 1949 1498 autem
2000 1440 2165 1497 nuda

515 1549 576 1602 et
629 1549 843 1616 aperta
894 1546 1034 1598 sunt
1114 1540 1314 1597 oculis
1365 1538 1520 1596 eius.
1596 1539 1863 1610 ideoque
1921 1538 1972 1595 si
2029 1552 2160 1603 nos,

514 1644 756 1708 fratres,
812 1639 1149 1712 pulsaverit
1186 1638 1515 1695 delectatio
1573 1637 1778 1694 carnis
1829 1640 1890 1694 et
1941 1650 2168 1695 concu-

2278 466 2503 525 sterior
2577 470 2948 541 exhortatio,
3028 482 3217 541 quam
3276 467 3620 535 attulimus,
3694 475 3821 530 tota
3902 487 3936 528 e

2277 570 2483 623 mente
2538 567 2783 625 Macarii
2863 567 3167 639 Aegyptii,
3250 582 3407 639 quae
3486 582 3561 625 ex
3648 569 3933 627 homiliis

2276 666 2688 735 cognoscitur,
2744 668 3040 737 concepta
3110 669 3219 722 est.
3308 664 3636 723 Humilitas
3717 672 3930 726 autem

2275 760 2505 827 cordis,
2599 762 2789 820 timor
2876 760 3139 828 Domini,
3230 761 3507 819 studium
3606 763 3929 831 castitatis,

2277 858 2615 930 praecipua
2690 860 2945 918 illorum
3045 859 3497 917 monachorum
3595 868 3935 935 praecepta

2275 955 2529 1013 fuerunt
2578 955 2688 1033 (2).
2747 960 2833 1016 Ac
2882 956 3286 1029 peccantibus
3318 957 3514 1031 magis
3552 960 3935 1018 erubescen-

2276 1052 2425 1111 dum
2502 1068 2638 1112 esse
2721 1060 2977 1127 propter
3064 1054 3254 1112 Deum
3334 1055 3929 1127 omnipraesentem,

2275 1165 2465 1222 quam
2523 1158 2781 1223 propter
2826 1152 3133 1217 homines,
3180 1150 3576 1210 meretricem
3617 1154 3931 1225 quandam

2277 1248 2584 1319 Ephraem
2611 1251 2800 1321 Syrus
2829 1249 3052 1322 insigni
3080 1248 3268 1307 modo
3293 1249 3542 1307 edocuit
3570 1250 3682 1325 (3).

2355 1345 2577 1414 Restat,
2636 1352 2701 1404 ut
2752 1346 3117 1405 sententiam
3169 1347 3440 1416 Macarii,
3493 1362 3653 1421 quae
3704 1348 3929 1408 ultimo

2275 1443 2566 1515 antiquae
2615 1444 2918 1502 versionis
2964 1444 3167 1516 capite
3224 1444 3472 1516 legitur,
3532 1445 3687 1504 hanc
3740 1447 3928 1505 adda-

2280 1548 2417 1597 mus
2449 1557 2461 1596 :
2504 1562 2525 1593 ι
2560 1542 2717 1598 Dixit
2747 1542 2940 1599 abbas
2990 1541 3289 1599 Macarius
3323 1558 3333 1597 :
3372 1541 3432 1599 Si
3464 1542 3738 1615 aliquem
3778 1560 3929 1603 cor-

2276 1638 2550 1709 ripueris
2596 1645 2949 1698 commotus
2996 1636 3070 1695 ad
3121 1639 3533 1705 iracundiam,
3598 1642 3926 1714 propriam

514 1739 816 1815 piscentia
899 1735 1348 1806 fornicationis,
1435 1735 1793 1792 festinemus
1855 1733 2165 1806 repellere
2184 1712 2241 1764 ίΒ
2276 1737 2626 1806 passionem
2675 1737 3007 1810 adimples.
3059 1737 3180 1795 Nec
3217 1737 3411 1803 enim,
3470 1742 3536 1795 ut
3582 1738 3775 1796 alium
3806 1742 3924 1799 sal-

511 1844 571 1897 et
601 1837 872 1896 abiicere
918 1836 995 1892 de
1042 1832 1232 1892 corde
1287 1838 1498 1891 nostro
1550 1832 2051 1890 sordidissimam
2105 1837 2165 1889 et

511 1935 850 2009 pessimam
926 1932 1391 2003 cogitationem,
1469 1931 1826 1988 invocantes
1886 1929 2166 1986 intentis-

511 2034 672 2093 sime
733 2028 1115 2089 adiutorium
1174 2028 1417 2087 Domini
1477 2028 1671 2086 nostri
1738 2028 1881 2085 Jesu
1935 2027 2159 2085 Christi

513 2131 581 2189 in
613 2128 1007 2189 orationibus
1036 2142 1106 2183 ac
1137 2126 1409 2196 ieiuniis,
1444 2132 1511 2183 ut
1567 2124 1794 2182 virtute
1851 2124 2161 2196 potentiae

510 2242 660 2286 suae
690 2227 918 2297 eripiat
959 2240 1071 2282 nos
1117 2228 1178 2281 et
1228 2228 1507 2295 protegat
1553 2230 1613 2280 et
1661 2229 1935 2280 conterat
1993 2222 2160 2279 Sata-

511 2340 655 2383 nam
708 2324 825 2381 sub
881 2322 1147 2395 pedibus
1203 2321 1458 2379 nostris.
1540 2321 1793 2391 Oportet
1863 2333 2032 2391 ergo,
2096 2322 2160 2376 ut

510 2423 698 2481 etiam
757 2419 1171 2491 nosmetipsos
1228 2418 1605 2491 poenitendo
1681 2424 1742 2474 et
1803 2432 1837 2473 a
1893 2416 2161 2488 peccatis

510 2520 881 2578 abstinendo
929 2518 1369 2589 corripiamus,
1431 2515 1839 2587 dicamusque
1896 2515 1972 2572 ad
2030 2514 2160 2570 ani-

509 2632 678 2676 mam
736 2621 1012 2675 nostram
1071 2631 1083 2671 :
1141 2613 1445 2684 Quoniam
1515 2612 1843 2670 delectatio
1900 2612 2157 2685 quidem

508 2715 815 2788 corporis,
846 2727 1007 2785 quae
1057 2717 1114 2770 te
1142 2711 1305 2769 male
1352 2712 1643 2777 oblectat,
1704 2710 1781 2768 ad
1839 2709 2158 2768 modicum

506 2819 758 2885 tempus
799 2816 939 2879 est;
992 2823 1137 2866 nam
1188 2814 1495 2866 tormenta
1551 2814 1611 2865 et
1672 2813 1789 2884 65
1843 2806 2160 2865 cruciatus

507 2910 753 2968 animae
796 2913 856 2966 et
898 2906 1185 2979 corporis
1232 2906 1295 2962 in
1338 2905 1480 2977 igne
1538 2912 1790 2962 aeterno
1842 2904 2159 2976 gehennae

506 3008 571 3065 in
643 3012 976 3079 perpetuas
1028 3008 1393 3076 permanent
1452 3016 1703 3074 poenas.
1761 3001 1923 3060 illud
1970 3001 2157 3058 etiam

506 3105 912 3163 admonentes
981 3101 1255 3159 animam
1315 3105 1590 3158 nostram
1662 3099 1944 3156 dicamus
1998 3116 2009 3154 :
2095 3097 2155 3155 Si

504 3201 828 3260 erubescis
880 3199 1166 3257 homines
1209 3198 1449 3254 similes
1501 3196 1589 3253 tui
1647 3202 2025 3268 peccatores,
2080 3209 2156 3252 ne

491 3298 755 3366 ;videant
784 3302 841 3353 te
883 3300 1262 3367 peccantem,
1325 3307 1518 3364 quare
1564 3307 1685 3349 non
1736 3291 1933 3363 magis
1975 3305 2155 3348 reve-

506 3394 633 3452 reri
660 3401 721 3451 et
749 3393 972 3450 timere
1024 3392 1213 3447 debes
1261 3389 1646 3446 maiestatem
1702 3388 1803 3445 Dei
1861 3388 2156 3459 omnipo-

504 3490 709 3558 tentis,
743 3490 853 3562 qui
900 3488 1183 3546 omnium
1240 3492 1477 3544 secreta
1527 3486 1816 3544 cordium
1876 3484 2157 3543 conside-

508 3593 626 3660 rat,
677 3587 836 3645 sicut
899 3590 958 3643 et
1012 3585 1345 3657 Apostolus
1393 3583 1476 3641 ait
1536 3601 1549 3640 :
1610 3584 1830 3642 Omnia
1883 3583 2049 3640 nuda
2096 3587 2157 3639 et

505 3691 723 3757 aperta
767 3689 910 3743 sunt
938 3682 1137 3741 oculis
1161 3683 1317 3741 eius.
1374 3681 1627 3739 Talibus
1657 3695 1807 3754 ergo
1834 3679 2156 3752 cogitatio-

504 3785 691 3841 nibus
743 3783 793 3841 si
871 3784 1267 3854 increpamus
1341 3780 1779 3852 nosmetipsos,
1859 3778 2155 3837 continuo

505 3883 695 3941 timor
724 3880 965 3940 Domini
1009 3880 1177 3937 venit
1200 3878 1263 3935 in
1294 3878 1483 3937 corde
1514 3883 1749 3944 nostro,
1784 3884 1844 3935 et
1869 3877 1932 3934 in
1985 3890 2158 3935 amo-

484 3995 637 4039 rem
670 3980 967 4037 castitatis
1009 3977 1413 4035 conﬁrmatur
1442 3976 1649 4033 anima
1681 3982 1911 4042 nostra,
1966 3975 2154 4033 etiam

504 4083 565 4135 et
594 4078 670 4132 ad
727 4076 936 4133 omnia
993 4080 1324 4144 praecepta
1374 4073 1618 4130 Domini
1669 4073 1950 4129 facienda
2002 4073 2155 4129 inci-

502 4179 734 4242 tamur,
767 4173 1095 4229 adiuvante
1127 4183 1238 4226 nos
1283 4170 1479 4240 gratia
1528 4169 1769 4226 Domini
1823 4169 2016 4227 nostri
2048 4169 2156 4226 Je-

504 4284 576 4327 su
621 4267 871 4333 Christi,
926 4266 1033 4338 qui
1088 4263 1506 4323 servientibus
1550 4265 1670 4321 sibi
1720 4264 1781 4320 in
1835 4264 2154 4321 sanctitate

503 4372 564 4425 et
619 4365 919 4423 castitate
951 4361 1240 4434 promisit
1290 4361 1580 4419 caelestia
1636 4365 1696 4417 et
1751 4366 2000 4419 aeterna
2047 4361 2153 4418 do-

503 4477 653 4523 nare
700 4461 761 4519 in
818 4460 925 4518 illa
968 4459 1238 4532 gloriosa
1296 4457 1488 4515 futuri
1541 4456 1769 4516 saeculi
1813 4458 1959 4529 vita,
2008 4472 2151 4517 cum

504 4560 739 4634 angelis
776 4558 1005 4618 sanctis
1055 4557 1120 4614 in
1167 4556 1455 4630 perpetui
1509 4555 1766 4614 luminis
1813 4556 2153 4628 splendore

503 4674 755 4732 semper
778 4657 1049 4731 gaudere
1078 4652 1191 4732 (1).
1239 4674 1268 4708 »

585 4760 655 4817 Et
708 4758 860 4814 haec
911 4754 1166 4827 quidem
1221 4751 1475 4825 antiqua
1532 4751 1736 4809 versio
1766 4752 1842 4809 de
1886 4752 2153 4810 Macario

501 4855 804 4927 Aegyptio
862 4860 1109 4925 praeter
1164 4866 1257 4917 ea,
1318 4864 1478 4923 quae
1533 4850 1779 4908 codices
1844 4850 2155 4908 Vindobo-

500 4967 721 5013 nenses
778 4957 838 5010 et
892 4958 1133 5008 ceterae
1182 4949 1489 5024 Historiae
1546 4948 1875 5007 Lausiacae
1927 4949 2154 5007 editio-

574 5143 652 5217 (1)
686 5141 797 5197 VV.
829 5140 935 5195 PP.
960 5142 1152 5194 Bosw.
1187 5155 1245 5210 ι).
1276 5139 1401 5203 991,
1439 5143 1485 5192 1.

575 5236 653 5303 (2)
698 5232 780 5286 Cf.
834 5232 1037 5298 Evagr.
1081 5228 1282 5297 Capita
1329 5228 1607 5297 practica,
1642 5225 1829 5280 initio.
1881 5225 2151 5280 Galland.

501 5321 646 5379 Bibl.
682 5322 783 5375 pr.
815 5322 875 5375 T.
912 5316 1004 5372 vn
1039 5333 1095 5388 p.
1133 5317 1254 5371 553.

573 5412 647 5482 (3)
670 5410 780 5464 νγ.
815 5408 923 5463 PP.
961 5409 1161 5461 Rosw.
1190 5404 1295 5460 lib.
1322 5403 1368 5457 V
1399 5418 1534 5474 cap.
1561 5407 1622 5457 2t
1658 5418 1715 5474 p.
1739 5402 1866 5458 898.

470 5558 477 5569 ,
573 5502 651 5568 (4)
684 5502 829 5569 Cap.
866 5499 953 5562 22,
989 5495 1054 5548 17
1089 5495 1202 5548 VV.
1237 5492 1346 5548 PP.
1384 5494 1581 5547 Rosw.
1610 5507 1670 5563 p.
1708 5492 1863 5546 1001.

567 5588 644 5660 (5)
670 5585 792 5642 Lib.
820 5582 895 5639 Ill
925 5599 1058 5655 cap.
1098 5580 1165 5636 87
1200 5600 1214 5652 ;
1245 5581 1348 5637 lib.
1379 5581 1423 5637 ν
1451 5579 1633 5637 libell.
1667 5583 1722 5650 4,
1761 5580 1856 5638 28.
1900 5580 2142 5639 Coteler.

2274 1849 2402 1907 ves,
2446 1834 2715 1907 teipsum
2766 1834 3030 1906 perdere
3087 1834 3299 1892 debes.
3349 1835 3510 1893 Erue
3563 1838 3923 1907 proximum

2272 1937 2452 1989 tuum
2481 1947 2514 1988 a
2563 1932 2828 2003 peccatis
2858 1931 2993 1989 sine
3031 1931 3444 2004 improperio,
3499 1933 3566 1989 in
3622 1940 3925 2005 quantum

2274 2030 2618 2101 praevales,
2662 2029 2808 2101 quia
2856 2030 2930 2087 ad
2978 2045 3043 2087 se
3095 2031 3248 2086 Deus
3310 2037 3737 2091 convertentes
3802 2048 3925 2093 non

2273 2127 2545 2199 proiicit.
2604 2127 2823 2185 Sermo
2871 2132 3079 2185 autem
3129 2127 3404 2185 malitiae
3462 2144 3584 2188 non
3638 2131 3924 2190 demore-

2270 2230 2373 2282 tur
2415 2225 2478 2282 in
2521 2225 2713 2284 corde
2758 2231 2865 2283 tuo
2896 2232 3109 2283 contra
3155 2240 3324 2293 eum,
3388 2232 3453 2284 ut
3506 2228 3705 2299 possis
3751 2229 3922 2287 dice-

2272 2337 2338 2380 re
2371 2338 2383 2378 :
2420 2322 2666 2380 Dimitte
2720 2323 2902 2381 nobis
2954 2323 3164 2381 debita
3223 2329 3454 2394 nostra,
3500 2325 3663 2383 sicut
3712 2332 3772 2383 et
3812 2341 3925 2385 nos

2269 2420 2646 2477 dimittimus
2694 2420 3087 2478 debitoribus
3136 2421 3385 2479 nostris.
3448 2422 3550 2480 Dei
3592 2427 3799 2481 autem
3830 2430 3923 2482 est

2270 2516 2585 2574 dimittere
2633 2524 2694 2575 et
2740 2518 3113 2576 conﬁrmare
3174 2516 3292 2586 66
3366 2519 3730 2591 petitionem
3803 2535 3921 2579 no-

2269 2620 2461 2672 stram
2521 2612 2629 2690 (1.).
2679 2634 2708 2667 υ
2758 2615 2946 2673 Cuius
3010 2615 3267 2688 quidem
3335 2616 3672 2675 sententiae
3748 2617 3920 2690 prior

2270 2726 2416 2784 pars
2475 2711 2538 2769 in
2587 2712 2977 2771 collectionis
3030 2712 3346 2770 Rosweidi
3403 2713 3568 2771 libro
3621 2714 3805 2773 tertio
3861 2721 3922 2772 et

2269 2810 2487 2882 quinto
2541 2815 2727 2882 atque
2778 2810 2843 2867 in
2896 2810 3454 2883 Apophthegmatis
3510 2824 3545 2866 a
3604 2809 3916 2871 Cotelerio

2270 2907 2456 2965 editis
2510 2907 2732 2979 legitur
2808 2904 2916 2980 (5),
2985 2922 3250 2981 eamque
3319 2908 3566 2965 Macarii
3635 2909 3918 2984 Aegyptii

2269 3005 2636 3063 sententiam
2685 3020 2842 3072 esse,
2893 3020 2928 3063 e
2985 3004 3150 3063 libro
3201 3004 3421 3077 quinto
3479 3004 3563 3081 (6)
3596 3004 3925 3066 collectio—

2271 3103 2368 3160 nis
2401 3109 2593 3175 patet.

2349 3199 2466 3257 Sed
2518 3200 2643 3257 iam
2674 3199 2772 3265 iis,
2827 3215 2986 3272 quae
3039 3200 3279 3271 singula
3322 3200 3629 3259 Historiae
3681 3202 3925 3261 Lausia-

2266 3310 2374 3354 cae
2431 3297 2816 3369 exemplaria
2884 3298 2960 3355 de
3026 3297 3291 3355 Macario
3364 3300 3664 3371 Aegyptio
3741 3314 3926 3372 prae-

2268 3393 2434 3464 bent,
2484 3393 2768 3467 cognitis,
2802 3395 2878 3452 ad
2911 3410 3004 3460 ea,
3032 3411 3192 3467 quae
3225 3396 3301 3453 de
3357 3396 3621 3456 Macario
3654 3397 3925 3457 Alexan-

2266 3492 2451 3549 drino
2493 3506 2529 3548 a
2581 3492 2854 3551 Palladio
2904 3500 3256 3575 narrj'j'w,
3310 3496 3757 3553 transeundum
3789 3502 3908 3555 est.

2882 3590 3122 3649 CAPUT
3201 3589 3299 3649 Ill.

2267 3702 2628 3745 PALLADIUS
2666 3702 2745 3743 DE
2780 3702 3030 3745 SANCTO
3077 3704 3370 3747 MACARIO
3413 3705 3911 3751 ALEXANDRINO.

2426 3786 2515 3843 18.
2571 3784 2841 3843 Historia
2888 3785 3200 3858 Lausiaca,
3258 3802 3418 3858 quae
3483 3786 3544 3844 in
3598 3787 3925 3848 codicibus

2266 3883 2854 3942 Vindobonensibus
2910 3882 3157 3955 legitur,
3216 3890 3542 3956 postquam
3597 3885 3673 3942 de
3726 3886 3927 3944 Maca-

2266 3983 2362 4041 rio
2412 3981 2711 4054 Aegyptio
2769 3982 2875 4038 illa
2920 3981 3154 4053 retulit,
3214 3980 3297 4038 ita
3354 3981 3553 4058 pergit
3608 3997 3921 4050 narrare;

2272 4097 2295 4128 ι
2325 4078 2616 4135 Sanctum
2665 4092 2812 4134 vero
2844 4076 3180 4134 Macarium
3232 4078 3723 4137 Alexandrinum
3765 4093 3924 4138 con-

2264 4171 2425 4239 veni,
2484 4173 2591 4244 qui
2644 4174 2971 4245 presbyter
3013 4181 3145 4233 erat
3197 4175 3562 4248 Celliorum,
3614 4192 3770 4249 quae
3819 4177 3923 4236 di-

2262 4275 2510 4327 cuntur.
2565 4270 2629 4327 In
2674 4285 2833 4342 quae
2865 4285 2982 4345 ego
3030 4286 3250 4330 novem
3300 4288 3495 4332 annos
3548 4274 3795 4342 secessi,
3840 4289 3922 4333 ex

2262 4366 2493 4439 quibus
2561 4373 2685 4424 tres
2756 4382 3003 4427 mecum
3072 4370 3224 4428 vixit
3297 4369 3403 4428 ille
3474 4372 3773 4430 Macarius
3852 4372 3919 4431 in

2259 4465 2469 4537 quiete
2529 4465 2778 4537 degens.
2855 4468 3051 4539 Atque
3112 4468 3233 4525 alia
3281 4468 3538 4540 quidem
3594 4470 3726 4542 ipse
3782 4469 3919 4529 vidi

2260 4563 2427 4636 apud
2469 4577 2614 4621 eum
2662 4564 2938 4635 optimae
2968 4565 3104 4622 eius
3144 4564 3388 4620 vivendi
3422 4567 3681 4623 rationis
3717 4581 3920 4639 opera

2258 4666 2321 4718 et
2363 4661 2559 4733 signa,
2592 4660 2711 4718 alia
2760 4663 2838 4718 ab
2869 4661 2967 4728 iis,
3000 4661 3107 4733 qui
3156 4676 3277 4717 una
3306 4674 3450 4717 cum
3491 4676 3567 4719 eo
3598 4663 3915 4738 vixerunt,

2259 4757 2476 4830 didici,
2531 4758 2651 4815 alia
2708 4757 2978 4831 denique
3027 4774 3059 4813 a
3111 4754 3551 4828 compluribus
3607 4757 3748 4815 aliis
3807 4778 3924 4820 au-

2261 4855 2407 4915 divi,
2461 4856 2828 4914 Exercitatio
2877 4856 3066 4926 igitur
3114 4851 3359 4910 Macarii
3415 4855 3643 4926 magni,
3692 4863 3758 4914 ut
3800 4874 3926 4932 ego

2261 4960 2321 5010 et
2378 4950 2555 5009 multi
2614 4952 2779 5023 apud
2823 4965 2968 5009 eum
3023 4949 3385 5022 didicimus,
3445 4950 3598 5010 haec
3652 4954 3787 5013 fuit.
3851 4956 3923 5015 Si

2262 5140 2413 5194 Eccl.
2450 5141 2652 5195 Graec.
2696 5140 2849 5193 Mon.
2881 5137 2948 5195 T.
2981 5140 3004 5196 Ι
3040 5156 3101 5210 ρ.
3132 5139 3237 5194 586
3279 5158 3325 5194 s.
3372 5157 3427 5197 v.
3457 5142 3763 5200 Macarius
3808 5147 3931 5202 Ae-

2261 5230 2500 5298 gyptius
2534 5227 2718 5290 §XVII
2744 5244 2757 5293 ;
2792 5228 2849 5282 in
2877 5227 3090 5283 harum
3121 5229 3549 5293 Quaestionum
3575 5234 3935 5305 Appendice

2263 5317 2450 5372 altera
2477 5316 2588 5371 sub
2622 5316 2688 5370 ΙΙΙ
2703 5361 2715 5373 .

2336 5405 2412 5477 (6)
2448 5405 2566 5460 Lib.
2602 5407 2643 5457 V
2680 5405 2861 5460 libell.
2894 5409 2945 5471 4,
2988 5408 3055 5460 28
3081 5406 3265 5479 legis:
3314 5431 3333 5458 ι
3375 5409 3523 5465 Dixit
3552 5411 3688 5465 item
3735 5413 3939 5469 Maca-

2260 5494 2384 5551 rius
2417 5511 2430 5560 ;
2468 5516 2488 5544 ι
2521 5494 2624 5550 sed
2644 5496 2834 5565 capite
2862 5490 3250 5553 antecedente
3273 5497 3346 5554 de
3372 5517 3400 5550 «
3422 5500 3671 5555 Macario
3690 5501 3939 5560 maiore

2260 5584 2327 5639 in
2357 5583 2555 5641 Scithi
2582 5601 2611 5635 »
2640 5587 2938 5641 narratur.
