4094 6208
181 262 245 317 65
1793 255 2032 314 VITAE.
3531 265 3601 319 gg

179 389 345 464 quod
439 402 608 462 opus
690 384 1150 446 exercitationis
1205 387 1481 461 aliquem
1551 402 1831 461 unquam
1864 385 1911 439 Α
1945 390 2314 460 potestatem
2386 388 2450 445 in
2525 389 2823 462 Aegypto,
2898 393 3182 463 tempore
3231 392 3393 450 vitae
3449 407 3602 451 suae

180 487 401 546 fecisse
472 485 779 556 audierat,
833 485 1003 543 idem
1061 485 1308 544 efﬁcere
1358 487 1646 544 ardenter
1703 491 1834 544 stu-

183 586 334 644 duit.
397 583 514 642 Hic
553 583 744 656 igitur
794 589 1064 651 sanctus,
1125 599 1321 656 quum
1373 584 1692 656 audiisset,
1727 584 1837 641 Ta-

187 682 582 743 bennesiotas
634 695 749 754 per
818 686 1011 740 totam
1071 682 1617 755 quadragesimam
1669 681 1838 740 nulla

188 797 253 840 re
293 779 478 850 vesci,
538 794 700 852 quae
771 779 897 852 igni
974 780 1223 838 admota
1275 785 1456 847 esset,
1508 780 1722 838 statuit
1778 785 1839 837 et

191 881 327 953 ipse
383 876 703 950 septennio
774 877 957 949 nihil,
1017 878 1187 950 quod
1244 892 1357 950 per
1391 879 1599 951 ignem
1645 883 1839 936 trans-

197 977 384 1047 iisset,
438 975 795 1043 comedere,
853 981 914 1034 et
960 981 1200 1048 septem
1239 976 1418 1034 annis
1472 976 1629 1034 nihil
1668 974 1837 1033 aliud

199 1075 471 1149 gustavit,
495 1074 618 1132 nisi
649 1073 844 1132 cruda
887 1073 1082 1143 olera,
1117 1079 1179 1132 et
1234 1074 1285 1132 si
1344 1090 1502 1147 quae
1541 1075 1701 1132 forte
1748 1073 1839 1130 in-

198 1175 454 1232 venisset
508 1171 824 1246 legumina
874 1171 1248 1230 humectata.
1333 1173 1412 1231 De
1453 1172 1577 1230 alio
1629 1171 1842 1229 audie-

188 1277 298 1336 rat,
351 1271 464 1344 qui
513 1269 743 1327 libram
799 1268 980 1342 panis
1016 1270 1415 1342 comederet;
1474 1285 1671 1342 quare
1715 1269 1840 1327 fre-

182 1369 289 1442 git,
322 1383 490 1441 quae
547 1367 786 1439 habuit,
831 1366 1174 1425 buccellata
1204 1373 1264 1425 et
1297 1367 1360 1424 in
1410 1368 1689 1440 lagenam
1727 1367 1842 1423 im-

183 1467 382 1536 misit,
465 1468 742 1525 statuens
816 1470 1054 1523 tantum
1137 1466 1492 1534 comedere,
1539 1472 1841 1538 quantum

183 1579 416 1624 manus
479 1563 682 1639 ipsius
737 1577 986 1621 sursum
1037 1563 1296 1622 tulisset.
1355 1564 1567 1636 Magna
1633 1569 1842 1621 autem

1943 501 2020 544 ex
2077 485 2395 558 quadratis
2487 487 2802 558 lapidibus
2880 494 3362 548 construxerunt
3444 491 3600 551 illud

1944 597 2126 656 opus,
2172 585 2234 641 in
2279 599 2405 656 quo
2453 593 2927 645 monumentum
2976 588 3276 659 fecerunt,
3327 595 3387 648 et
3427 590 3602 646 mul-

1946 685 2080 740 tum
2150 682 2284 740 auri
2335 682 2782 754 deposuerunt,
2847 685 3052 742 omnis
3108 697 3360 758 quoque
3421 703 3603 760 gene-

1948 780 2034 837 ris
2058 780 2317 838 arbores
2357 783 2738 854 plantarunt,
2770 788 2831 840 et
2869 788 3129 855 puteum
3181 799 3379 858 aquae
3399 785 3603 844 maxi-

1947 892 2121 935 mum
2192 878 2502 944 foderunt,
2573 883 2898 951 sperantes
2990 881 3246 952 quidem
3324 882 3478 954 fore,
3535 888 3602 940 ut

1949 981 2088 1049 post
2168 990 2352 1034 suum
2428 977 2572 1034 hinc
2649 976 2800 1035 illuc
2856 977 3198 1036 discessum
3250 979 3603 1038 fruerentur

1949 1073 2193 1132 deliciis
2246 1074 2306 1131 in
2362 1075 2481 1131 hoc
2531 1075 2842 1145 paradiso.
2896 1075 3124 1133 Servus
3154 1076 3342 1148 igitur
3373 1077 3598 1136 Christi

1950 1172 2252 1230 Macarius
2303 1187 2497 1244 quum
2555 1173 2742 1244 viam,
2790 1187 2950 1246 quae
3008 1175 3084 1231 ad
3142 1174 3306 1232 hunc
3349 1175 3601 1232 hortum

1950 1270 2140 1338 ducit,
2190 1270 2525 1342 ignoraret,
2586 1271 2715 1328 sola
2790 1272 3151 1343 conjectura
3210 1280 3460 1330 secutus
3513 1277 3604 1329 est

1949 1373 2136 1438 astra,
2180 1368 2339 1425 sicut
2392 1373 2634 1434 nautae,
2695 1368 2801 1441 qui
2882 1370 3081 1426 maria
3139 1370 3592 1428 transmittunt.

1951 1464 2051 1523 Sic
2125 1470 2314 1523 totam
2390 1466 2660 1536 pervasit
2723 1465 3148 1525 solitudinem.
3212 1468 3602 1526 Fasciculum

1953 1578 2101 1621 vero
2153 1563 2532 1622 arundinum
2592 1563 2814 1634 tenuit,
2866 1579 2940 1621 ex
3011 1566 3242 1638 quibus
3293 1581 3480 1624 unam
3541 1565 3604 1622 in

180 1665 344 1722 haec
411 1675 665 1735 quoque
747 1660 862 1719 fuit
929 1660 1331 1719 continentia.
1407 1661 1557 1720 Nam
1633 1661 1913 1736 festive“
1953 1675 2333 1734 unoquoque
2381 1664 2501 1734 68
2558 1661 2816 1719 milliari
2856 1667 3149 1734 tanquam
3198 1663 3442 1736 signum
3490 1678 3606 1736 po-

181 1760 372 1821 nobis
416 1759 716 1818 narrabat
770 1775 782 1814 :
841 1759 1023 1817 Plura
1069 1759 1325 1831 quidem
1376 1760 1568 1818 frusta
1623 1774 1846 1833 appre—

180 1858 569 1928 hendebam,
598 1856 708 1914 sed
759 1855 983 1914 efferre
1038 1871 1162 1915 non
1200 1863 1481 1929 poteram
1530 1858 1613 1915 ob
1659 1871 1846 1929 angu-

180 1958 377 2016 stiam
462 1953 808 2014 foraminis.
893 1953 1268 2013 Publicanus
1349 1955 1540 2026 enim,
1619 1955 1842 2027 inquit,

182 2055 351 2114 mihi
409 2067 537 2112 non
569 2052 968 2124 permittebat
1015 2052 1276 2112 omnino
1322 2058 1436 2129 67
1487 2067 1609 2112 non
1659 2053 1843 2111 vesci.

179 2154 289 2213 Sic
339 2151 534 2225 igitur
581 2155 710 2209 tres
757 2164 954 2209 annos
985 2149 1246 2224 peregit,
1294 2156 1563 2222 quatuor
1592 2151 1849 2224 quidem

179 2253 287 2309 vel
370 2250 653 2323 quinque
723 2247 939 2306 uncias
1009 2249 1346 2307 comedens
1405 2253 1466 2306 et
1533 2249 1851 2307 modicum

183 2363 395 2422 aquae
467 2347 713 2406 bibens.
802 2345 932 2405 Οιθὶ
1028 2351 1234 2404 autem
1324 2347 1663 2404 sextarium
1725 2352 1853 2405 toto

181 2461 358 2505 anno
406 2446 475 2503 in
518 2444 888 2503 alimentum
956 2445 1393 2503 consumebat.
1478 2443 1698 2503 Statuit
1743 2445 1852 2502 ali-

183 2543 454 2618 quando
482 2555 782 2614 superare
812 2555 1127 2608 somnum,
1189 2546 1256 2599 ut
1284 2542 1419 2615 ipse
1469 2543 1651 2601 nobis
1707 2557 1854 2600 nar-

183 2643 394 2700 ravit:
482 2640 650 2698 Totis
713 2638 928 2712 viginti
996 2638 1223 2698 diebus
1285 2645 1348 2698 et
1406 2639 1694 2698 noctibus
1735 2640 1854 2698 sub

181 2745 432 2799 tectum
510 2752 634 2796 non
685 2751 824 2796 sum
869 2737 1203 2810 ingressus,
1255 2737 1528 2797 interdiu
1595 2739 1853 2812 quidem

185 2842 371 2897 aestu
404 2836 662 2909 urebar,
716 2840 903 2894 noctu
949 2849 1098 2894 vero
1144 2835 1302 2894 febri
1343 2836 1644 2908 rigebam.
1680 2837 1856 2906 Quod

185 2936 318 2996 nisi
367 2938 603 2994 tectum
651 2933 837 2992 citius
866 2948 1067 2992 essem
1119 2933 1454 3007 ingressus,
1507 2934 1852 3008 inquiebat,

1955 1760 2100 1831 suit,
2175 1760 2353 1817 cuius
2414 1773 2534 1832 ope
2637 1766 2968 1818 remearet.
3060 1761 3290 1818 Novem
3383 1761 3608 1819 diebus

1958 1872 2155 1932 prope
2207 1857 2388 1915 illum
2461 1858 2710 1916 hortum
2761 1858 2947 1923 venit,
3006 1863 3066 1916 et
3114 1863 3292 1916 nocte
3350 1872 3607 1930 oppres-

1957 1971 2062 2014 sus
2109 1969 2330 2028 parum
2380 1954 2705 2014 dormivit.
2779 1955 3111 2028 Improbus
3149 1971 3297 2014 vero
3341 1956 3606 2014 daemon

1959 2054 2296 2112 arundines
2336 2053 2473 2110 illas
2521 2053 2813 2111 collectas
2863 2053 2939 2111 ad
2988 2061 3176 2126 caput
3210 2055 3348 2112 eius
3376 2054 3605 2126 posuit,

1962 2151 2220 2209 fortasse
2309 2151 2413 2208 Dei
2494 2153 2806 2222 permissu
2881 2151 2957 2208 ad
3029 2151 3334 2209 maiorem
3414 2150 3609 2208 sancti

1961 2249 2493 2316 exercitationem,
2551 2263 2628 2305 ne
2696 2249 2757 2306 in
2855 2249 3273 2307 arundinibus
3345 2249 3616 2307 ducibus

1962 2362 2136 2420 spem
2167 2361 2342 2404 suam
2400 2347 2680 2413 haberet,
2715 2347 2821 2404 sed
2864 2347 3059 2419 magis
3111 2348 3174 2404 in
3231 2347 3426 2420 gratia
3485 2346 3610 2414 Dei,

1962 2446 2071 2519 qui
2131 2459 2244 2518 per
2280 2445 2637 2503 columnam
2683 2444 2842 2516 ignis
2892 2447 2954 2502 et
2997 2445 3180 2503 nubis
3209 2445 3618 2517 quadraginta

1963 2558 2158 2602 annos
2218 2543 2283 2600 in
2342 2542 2458 2601 ista
2511 2541 2848 2600 solitudine
2896 2543 3200 2614 populum
3259 2543 3443 2600 Israel
3491 2555 3614 2600 non

1963 2641 2361 2702 obedientem
2394 2647 2452 2697 et
2505 2645 2952 2712 repugnantem
3015 2638 3294 2698 deduxit.
3347 2641 3617 2713 Surgens

1965 2740 2154 2812 igitur
2236 2737 2575 2795 arundines
2657 2735 2976 2808 colligatas
3054 2737 3311 2795 invenit.
3359 2736 3617 2795 Sanctus

1965 2843 2216 2896 autem:
2275 2835 2413 2900 Ubi,
2469 2834 2696 2907 inquit,
2749 2834 2825 2892 ad
2890 2835 3141 2892 hortum
3201 2835 3464 2907 propius
3519 2849 3618 2892 ac-

1965 2933 2145 3001 cessi,
2205 2948 2280 2992 ex
2337 2947 2412 2990 eo
2460 2931 2691 3004 egressi
2770 2937 2911 2990 sunt
2957 2931 3242 3004 mihique
3321 2945 3618 2990 occurre-

185 3043 252 3095 et
285 3047 517 3094 somno
559 3047 708 3091 usus
755 3045 981 3099 essem,
1038 3033 1374 3091 cerebrum
1426 3033 1510 3090 ita
1564 3033 1719 3091 mihi
1764 3048 1856 3090 es-
1890 3069 1931 3126 Ο
1968 3039 2114 3091 runt
2157 3030 2542 3104 septuaginta
2593 3029 2722 3088 fere
2785 3029 3122 3086 daemones
3178 3027 3367 3086 variis
3397 3026 3618 3086 formis

185 3139 289 3194 set
312 3131 685 3198 arefactum,
719 3137 806 3199 ut,
859 3129 1014 3203 quin
1057 3129 1122 3188 in
1167 3131 1426 3190 ecstasin
1475 3145 1714 3203 agerer,
1752 3147 1857 3204 pa-

185 3245 342 3290 rum
395 3230 659 3288 abesset.
708 3228 779 3286 Et
833 3232 1159 3300 quantum,
1214 3227 1440 3301 inquit,
1474 3229 1538 3286 in
1569 3242 1669 3286 me
1719 3229 1855 3302 fuit,

186 3329 317 3389 vici
404 3340 722 3397 somnum,
793 3329 1097 3399 quantum
1179 3340 1339 3400 opus
1408 3331 1524 3395 est,
1599 3332 1858 3386 naturae

191 3425 576 3488 concedens.

287 3547 309 3577 ι
341 3524 548 3594 Quum
587 3521 689 3581 hic
739 3511 1224 3598 sandfimeane
1278 3523 1342 3581 in
1381 3521 1542 3582 cella
1588 3523 1852 3591 sederet,

189 3626 260 3683 in
322 3621 486 3696 pede
537 3634 681 3680 eum
723 3621 903 3679 culex
959 3621 1238 3694 pupugit,
1301 3635 1516 3694 quem,
1559 3621 1858 3694 sanguine

188 3725 574 3787 saturatum,
650 3718 868 3778 dolore
941 3723 1146 3778 tactus
1189 3733 1377 3778 manu
1429 3719 1614 3778 elisit.
1677 3720 1858 3779 Dein-

190 3833 352 3891 ceps
409 3831 562 3876 vero
603 3830 670 3874 se
745 3816 1173 3889 reprehendit,
1225 3818 1334 3889 qui
1385 3832 1450 3876 se
1493 3818 1629 3891 ipse
1695 3819 1860 3877 ultus

194 3922 390 3983 esset,
454 3928 646 3987 seque
740 3914 1202 3987 condemnavit,
1247 3920 1313 3974 ut
1359 3916 1604 3976 sederet
1658 3917 1861 3974 nudus

196 4031 310 4075 sex
385 4027 635 4072 menses
717 4012 782 4071 in
857 4012 1082 4085 palude
1158 4013 1373 4085 Scetis,
1435 4030 1596 4087 quae
1649 4019 1742 4073 est
1795 4014 1861 4072 in

198 4118 376 4172 vasta
436 4110 798 4170 solitudine.
844 4111 961 4171 Ubi
1018 4111 1252 4171 culices
1275 4118 1532 4184 possunt
1555 4113 1648 4170 vel
1680 4127 1861 4184 apro-

201 4225 352 4271 rum
428 4207 622 4283 pelles
671 4209 974 4282 sauciare,
1009 4223 1205 4282 quum
1247 4210 1369 4268 sint
1418 4225 1617 4284 aeque
1656 4209 1861 4283 magni

203 4315 276 4369 ut
305 4322 562 4381 vespae.
604 4307 698 4365 Ab
741 4307 822 4366 iis
871 4307 1062 4381 igitur
1090 4313 1256 4368 totus
1297 4307 1380 4366 ita
1409 4309 1720 4366 sauciatus
1747 4315 1859 4380 est,

1967 3127 2256 3203 praediti,
2305 3127 2411 3186 alii
2456 3127 2710 3200 quidem
2755 3127 3114 3193 clamantes,
3177 3125 3284 3184 alii
3339 3139 3488 3184 vero
3517 3139 3619 3182 ex-

1966 3229 2264 3294 silientes,
2295 3226 2399 3285 alii
2448 3239 2594 3283 cum
2650 3239 2880 3299 magno
2924 3223 3180 3282 fremitu
3231 3223 3294 3280 in
3346 3237 3448 3282 me
3467 3223 3618 3281 den-

1965 3327 2135 3386 tibus
2172 3325 2525 3384 stridentes.
2561 3322 2762 3382 Ceteri
2818 3327 3116 3396 tanquam
3173 3321 3345 3380 corvi
3398 3321 3622 3380 volan-

1966 3431 2060 3485 tes
2111 3425 2422 3483 audebant
2466 3421 2664 3480 vultui
2728 3435 2870 3480 meo
2917 3420 3217 3478 insultare
3270 3419 3552 3477 dicentes
3601 3433 3615 3475 :

1966 3523 2124 3594 Quid
2151 3523 2263 3594 vis,
2325 3521 2572 3591 Macari,
2615 3520 2870 3578 tentatio
2901 3518 3354 3576 monachorum
3391 3515 3420 3572 ?
3461 3514 3619 3586 Quid

1967 3623 2042 3680 ad
2085 3636 2196 3679 nos
2233 3618 2544 3678 accessisti
2576 3616 2605 3676 ?
2639 3617 2725 3675 An
2782 3631 2892 3674 nos
2944 3629 3196 3688 quoque
3234 3619 3449 3674 contra
3505 3615 3617 3676 ali-

1967 3735 2126 3792 quos
2181 3717 2633 3777 monachorum
2698 3711 3038 3771 machinati
3094 3727 3310 3770 sumus
3351 3711 3382 3772 ‘2
3451 3712 3618 3782 Quae

1968 3823 2178 3875 nostra
2233 3822 2396 3880 sunt,
2456 3813 2648 3870 habes
2681 3811 2811 3868 illic
2855 3824 2998 3867 cum
3029 3809 3117 3866 tui
3150 3809 3486 3874 similibus,
3523 3821 3620 3866 so-

1969 3913 2300 3973 litudinem
2370 3911 2533 3980 dico,
2580 3923 2615 3966 e
2673 3921 2796 3980 qua
2864 3912 3154 3980 cognatos
3219 3912 3464 3964 nostros
3527 3905 3620 3962 fu-

1967 4011 2240 4088 gavistis.
2307 4010 2536 4066 Tecum
2607 4004 2764 4063 nihil
2831 4017 3164 4062 commune
3249 4002 3614 4060 habemus:

1970 4110 2121 4185 quid
2155 4113 2364 4167 nostra
2394 4107 2530 4164 loca
2577 4099 2982 4176 ingrederis?
3035 4101 3422 4160 Anachoreta
3467 4115 3622 4159 con-

1970 4217 2174 4273 tentus
2207 4214 2339 4266 esto
2391 4202 2751 4262 solitudine.
2810 4199 2924 4269 Qui
2978 4199 3144 4257 hunc
3198 4199 3408 4257 locum
3457 4197 3623 4257 aedi-

1972 4311 2256 4375 ﬁcarunt,
2290 4317 2434 4362 eum
2489 4300 2669 4359 nobis
2719 4298 3138 4371 adsignarunt.
3210 4297 3339 4354 Non
3387 4294 3625 4369 poteris

200 4413 275 4468 ut
303 4412 369 4465 et
396 4404 600 4464 aculei
657 4404 722 4462 in
763 4411 892 4464 toto
937 4419 1204 4478 corpore
1234 4405 1433 4480 ipsius
1480 4406 1862 4478 viderentur,
1899 4425 1941 4478 ι)
1975 4408 2076 4468 hic
2150 4415 2424 4462 manere.
2500 4397 2656 4468 Quid
2747 4394 2997 4470 quaeris
3083 4393 3326 4467 ingredi
3387 4393 3619 4465 locum,

201 4521 280 4564 ac
329 4502 621 4564 nonnulli
700 4503 1048 4574 crederent,
1131 4504 1541 4576 elephantiasi
1588 4519 1734 4564 eum
1782 4506 1867 4562 la-

205 4603 466 4662 borare.
516 4600 857 4660 Reversum
901 4615 1051 4660 vero
1109 4600 1173 4660 in
1230 4602 1523 4661 cellulam
1563 4617 1740 4662 suam
1792 4617 1869 4660 ex

203 4701 346 4761 sola
375 4713 530 4759 voce
549 4703 974 4772 cognoverunt
998 4699 1336 4759 Macarium
1368 4715 1522 4760 esse.

291 4815 332 4856 α
379 4797 590 4871 Cupiit
636 4797 1003 4870 aliquando,
1056 4803 1125 4855 ut
1175 4798 1360 4857 nobis
1397 4798 1532 4871 ipse
1570 4799 1868 4871 narravit,

208 4895 461 4971 ingredi
541 4901 1042 4964 monumentum,
1116 4897 1283 4968 quod
1357 4895 1587 4955 dicitur
1643 4895 1872 4952 κηποτοε-

211 5011 332 5064 γιον
373 4994 604 5052 Jannes
643 4998 706 5051 et
745 4993 1031 5052 Jambres
1069 5008 1420 5067 magorum,
1473 4995 1581 5068 qui
1622 4995 1874 5055 fuerunt

208 5099 507 5165 tempore
551 5091 911 5160 Pharaonis,
972 5091 1224 5151 videndi
1289 5106 1496 5164 causa,
1568 5100 1674 5152 aut
1731 5095 1873 5152 dae-

212 5203 460 5262 mones,
511 5188 622 5261 qui
666 5187 757 5246 ibi
801 5193 969 5259 suut,
1020 5190 1452 5250 conveniendi.
1503 5191 1875 5250 Dicebantur

213 5285 389 5346 enim
432 5285 621 5344 multi
667 5285 841 5358 iique
883 5286 1121 5346 feroces
1163 5287 1251 5345 ibi
1297 5288 1377 5346 ab
1422 5285 1545 5346 illis
1587 5288 1873 5347 collocati

215 5399 352 5444 esse
411 5384 755 5444 daemones
806 5397 921 5457 per
972 5385 1403 5444 excellentiam
1453 5387 1727 5459 magicae
1781 5402 1876 5445 ar-

1975 4519 2167 4581 quem
2209 4515 2394 4560 nemo
2445 4495 2796 4561 hominum,
2838 4493 2946 4566 qui
2991 4492 3299 4565 vixerunt,
3354 4506 3429 4549 ex
3497 4506 3624 4564 quo

1979 4611 2261 4676 tempore
2355 4598 2600 4665 fratres,
2675 4593 2784 4666 qui
2851 4605 2997 4648 eum
3093 4590 3533 4658 condiderunt,
3589 4605 3625 4648 a

1979 4702 2162 4763 nobis
2231 4697 2336 4757 hic
2395 4692 2621 4768 sepulti
2695 4694 2857 4758 sunt,
2920 4693 3012 4746 est
3063 4685 3422 4759 ingressus?
3477 4686 3624 4746 San-

1980 4806 2114 4860 ctus
2172 4817 2186 4857 :
2237 4798 2462 4866 Quum,
2508 4791 2733 4856 aiebat,
2777 4787 3045 4846 multum
3098 4786 3356 4858 insuper
3402 4786 3625 4844 turba-

1980 4903 2122 4957 rent
2178 4895 2793 4960 lamentarenturque
2860 4885 3217 4956 daemones,
3271 4883 3401 4942 dixi
3465 4899 3478 4940 :
3532 4883 3628 4942 ln-

1979 4995 2231 5071 grediar
2312 4993 2575 5056 tantum,
2661 4984 2909 5048 videbo,
2985 4986 3045 5039 et
3105 4981 3252 5040 hinc
3309 4981 3623 5040 recedam.

1982 5096 2323 5154 Daemones
2408 5107 2421 5145 :
2505 5085 2653 5152 Hoc,
2729 5080 3040 5154 inquiunt,
3112 5079 3293 5137 nobis
3337 5078 3632 5151 promitte

1982 5193 2046 5252 in
2103 5184 2480 5250 conscientia
2529 5187 2653 5240 tua.
2710 5179 2783 5238 Et
2839 5191 3036 5250 quum
3089 5175 3382 5235 dixissem
3441 5196 3453 5234 :
3506 5176 3634 5235 Hoc

1985 5287 2231 5352 faciam,
2288 5282 2615 5342 confestim
2688 5281 3094 5336 evanuerunt.
3155 5274 3468 5346 Ingressus
3526 5273 3640 5346 igie

1986 5393 2110 5456 tur,
2157 5383 2384 5449 aiebat,
2466 5377 2593 5437 vidi
2665 5373 2898 5434 omnia.
2970 5371 3085 5432 Ubi
3162 5372 3368 5430 inveni
3414 5373 3639 5431 cadum

218 5483 320 5550 tis,
369 5497 496 5557 qua
539 5481 781 5555 primas
822 5496 1074 5556 quoque
1131 5482 1239 5543 illo
1319 5489 1604 5558 tempore
1673 5491 1879 5558 partes
1990 5496 2275 5552 aeneum,
2335 5484 2549 5538 catena
2602 5473 2808 5533 ferrea
2863 5471 3242 5544 pednentem
3293 5485 3368 5528 ex
3421 5475 3634 5543 puteo,

220 5581 391 5656 apud
460 5581 846 5642 Pharaonem
913 5580 1289 5642 habuerunt.
1369 5582 1484 5654 Qui
1566 5583 1652 5642 ita
1717 5583 1878 5643 nacti

513 5748 760 5805 PATROL.
799 5746 904 5807 Gn.
946 5749 1199 5806 XXXIV.

1992 5583 2101 5644 sed
2175 5585 2461 5658 tempore
2511 5575 2978 5647 consumptum,
3037 5573 3100 5628 et
3154 5569 3391 5629 fructus
3437 5568 3642 5629 malo-

3320 5735 3354 5789 3
