4080 6208
474 236 544 289 67
1354 230 1459 286 SS.
1521 226 2003 286 MACARIORUM
2046 222 2352 280 AEGYPTI
2395 225 2477 281 ΕΤ
2516 224 3010 281 ALEXANDRINI
3797 226 3869 281 68

449 378 597 421 rum
627 361 958 429 siccarum,
1000 372 1160 432 quae
1208 358 1582 418 intrinsecus
1626 372 1855 417 vacuae
1894 358 2090 416 erant.
2129 353 2176 406 Α
2205 354 2395 412 misit.
2447 354 2613 424 Quae
2645 354 2923 428 propriis
2976 354 3244 428 pedibus
3282 366 3584 428 regressa,
3640 354 3871 428 copio-

449 460 706 519 Sanctus
780 458 969 529 igitur
1046 471 1242 529 quum
1323 458 1554 529 absque
1626 455 2097 530 perturbatione

451 557 622 615 illinc
679 554 1052 622 recessisset,
1132 568 1243 627 per
1306 555 1520 628 viginti
1579 555 1713 611 dies
1771 552 2091 610 remeavit.

449 652 847 724 Consumptis
923 667 1067 709 vero
1136 652 1394 709 cibariis
1466 652 1867 710 solitudinem
1923 664 2099 723 pera-

449 766 631 825 grans
681 764 877 824 paene
926 749 1081 807 nihil
1140 750 1399 807 omnino
1436 750 1724 823 gustavit,
1777 750 1948 823 quod
2000 762 2102 806 res

448 863 700 922 quoque
732 848 1018 921 probavit
1051 863 1064 916 ;
1100 852 1283 920 atque
1342 854 1569 905 tentata
1626 853 1717 905 est
1774 846 2101 905 tolerantia

449 946 603 1005 eius.
664 946 867 1014 Quum
926 960 1070 1003 vero
1143 945 1267 1002 iam
1340 960 1565 1016 parum
1627 948 1890 1019 abesset,
1946 945 2100 1017 quin

448 1044 889 1113 collaberetur,
944 1044 999 1099 ei
1081 1042 1207 1100 visa
1255 1048 1347 1100 est
1406 1059 1598 1102 unum
1651 1044 1777 1101 fere
1830 1042 2100 1100 stadium

447 1142 679 1199 distans
711 1141 920 1212 puella
959 1141 1268 1213 quaedam
1299 1137 1419 1207 69
1452 1142 1689 1200 munda
1745 1141 1909 1199 linea
1935 1146 2101 1196 veste

444 1239 679 1307 induta,
736 1253 895 1311 quae
950 1252 1173 1295 urnam
1242 1242 1492 1297 tenebat
1539 1254 1700 1312 aqua
1756 1239 2099 1296 stillantum

443 1342 627 1408 atque
684 1350 829 1393 eum
906 1338 1301 1409 provocabat.
1365 1338 1513 1395 Tres
1572 1337 1759 1410 igitur
1819 1336 1952 1393 dies
2008 1335 2099 1392 in—

438 1448 684 1506 gressus
714 1448 851 1490 eam
922 1434 1090 1501 vidit,
1145 1450 1347 1507 neque
1403 1435 1649 1507 assequi
1711 1435 2099 1507 potuit;spe

439 1538 647 1589 autem
733 1531 990 1589 bibendi
1088 1532 1449 1605 languorem
1542 1532 1857 1591 sustinuit.
1961 1532 2098 1589 Post

438 1644 627 1701 quam
685 1637 977 1701 apparuit
1028 1630 1365 1688 multitudo
1434 1631 1818 1689 bubalorum
1849 1648 1862 1697 ;
1917 1643 2095 1702 repe-

440 1727 687 1785 riuntur
739 1727 907 1784 enim
966 1726 1025 1784 in
1087 1727 1214 1784 illis
1267 1728 1651 1801 regionibus.
1714 1729 1758 1785 E
1837 1727 2089 1801 quibus,

440 1824 665 1891 aiebat,
724 1840 847 1882 una
903 1824 1168 1882 vitulum
1224 1826 1457 1883 habens
1488 1827 1643 1883 mihi
1701 1841 1776 1884 ex
1833 1827 2095 1883 adverso

438 1923 623 1980 stetit.
682 1922 873 1980 Cuius
930 1928 1178 1980 uterum
1233 1938 1427 1995 quum
1483 1924 1635 1981 lacte
1680 1925 1874 1982 ﬂuere
1927 1924 2095 1981 vide-

438 2034 595 2085 rem,
630 2021 885 2091 accessi,
946 2026 1005 2077 et
1055 2037 1251 2093 usque
1291 2022 1367 2078 ad
1426 2023 1773 2080 satietatem
1827 2023 2097 2081 nutritus

437 2131 598 2175 sum.
659 2117 743 2174 Ac
796 2117 1008 2175 divino
1061 2118 1258 2175 iussui
1313 2134 1538 2190 parens
1589 2134 1691 2177 me
1739 2124 1947 2177 secuta
2004 2125 2096 2177 est

436 2229 635 2287 usque
689 2215 765 2271 ad
824 2216 1065 2284 cellam,
1100 2222 1289 2273 etme
1340 2218 1597 2290 quidem
1652 2218 1928 2284 nutrivit,
1991 2231 2094 2275 ne-

434 2326 557 2384 que
586 2326 735 2370 vero
767 2312 1030 2370 vitulum
1062 2328 1245 2372 suum
1276 2315 1549 2373 admisit.

518 2467 545 2497 «
640 2445 871 2504 Rursus
944 2445 1097 2504 alias
1154 2448 1257 2505 hic
1310 2448 1542 2507 virtute
1600 2449 1923 2522 praeditus
1971 2450 2084 2517 vir,

434 2558 631 2615 quum
709 2558 909 2619 prope
988 2544 1132 2602 folia
1163 2551 1222 2603 et
1296 2553 1607 2604 sarmenta
1676 2554 1932 2619 puteum
1990 2548 2092 2607 fo-

434 2641 607 2699 deret
638 2642 701 2699 in
733 2642 1185 2701 recreationem
1223 2645 1703 2713 monachorum.
1746 2647 1824 2703 ab
1873 2647 2089 2718 aspide

435 2754 683 2798 morsus
729 2745 841 2797 est.
892 2740 1065 2809 Quod
1124 2741 1357 2799 animal
1412 2744 1591 2799 letale
1632 2758 1937 2802 venenum
1984 2745 2085 2803 ha~

434 2838 566 2894 bet.
629 2837 1099 2912 Apprehensam
1157 2838 1348 2910 igitur
1396 2855 1430 2897 a
1479 2840 1762 2899 faucibus
1803 2841 2088 2913 aspidem

435 2939 681 2992 sanctus
758 2934 1065 2993 ambabus
1143 2937 1435 2995 manibus
1518 2938 1869 3011 discerpsit,
1948 2946 2009 2998 et
2072 2956 2083 2995 :

2204 467 2336 510 sam
2366 453 2592 511 sanctis
2620 453 3006 511 oblationem
3028 453 3218 511 misit.

2293 624 2323 657 α
2373 604 2483 662 Hic
2586 619 2849 677 magnus
2938 603 3241 661 Macarius
3294 619 3490 676 quum
3545 603 3873 676 audiisset,

2210 702 2704 761 Tabennesiotas
2765 703 3157 775 praeclarum
3205 702 3440 761 habere
3471 701 3629 760 vitae
3693 702 3874 761 insti-

2212 805 2436 867 tutum,
2525 806 2757 858 mutata
2827 806 2995 859 veste
3047 806 3107 859 et
3161 801 3493 873 adsumpto
3546 801 3871 859 mundano

2212 898 2487 970 operarii
2520 899 2760 965 habitu,
2797 900 2999 971 spatio
3057 898 3419 975 quindecim
3466 899 3585 971 70
3615 898 3871 956 dierum

2213 996 2277 1054 in
2360 998 2762 1063 Thebaidem,
2874 1012 2986 1070 per
3054 998 3456 1055 solitudinem
3525 998 3867 1070 profectus.

2214 1096 2515 1167 pervenit.
2564 1095 2676 1154 Ubi
2742 1110 2935 1167 quum
2992 1096 3055 1153 in
3112 1095 3565 1153 monasterium
3624 1095 3872 1151 Taben-

2211 1194 2593 1250 nesiotarum
2652 1194 2939 1259 venisset,
3005 1192 3406 1251 Pachomium
3480 1206 3701 1251 eorum
3770 1207 3873 1249 ar-

2209 1290 2693 1349 chimandritam
2777 1290 3101 1363 quaesivit,
3209 1290 3415 1348 virum
3504 1290 3870 1363 probatissi-

2209 1404 2410 1459 mum,
2473 1390 2579 1462 qui
2638 1390 2900 1461 gratiam
2986 1389 3354 1461 prophetiae
3399 1389 3689 1446 habebat.
3750 1387 3865 1446 Cui

2208 1493 2425 1545 tamen
2484 1488 2815 1545 Macarium
2903 1501 3196 1559 magnum
3245 1501 3379 1544 esse
3442 1486 3869 1544 abscondeba-

2208 1591 2329 1643 tur.
2383 1585 2535 1642 Eum
2577 1584 2767 1657 igitur
2814 1599 2957 1643 cum
3028 1584 3333 1643 Macarius
3404 1584 3797 1642 convenisset
3850 1600 3863 1638 :

2141 1683 2328 1758 ΒΟνο
2359 1688 2439 1749 te,
2472 1684 2694 1755 inquit,
2751 1683 3027 1753 domine,
3079 1682 3328 1755 suscipe
3379 1696 3483 1739 me
3531 1681 3593 1739 in
3647 1695 3866 1740 mona-

2206 1782 2465 1839 sterium
2500 1788 2700 1840 tuum.
2750 1786 2813 1838 ut
2858 1780 3201 1839 monachus
3254 1780 3418 1838 ﬁam.
3473 1779 3583 1837 Cui
3635 1779 3869 1838 Pacho-

2206 1880 2414 1937 mius:
2458 1883 2665 1937 Aetate
2708 1885 2831 1936 tam
2892 1884 3221 1951 provectus
3276 1878 3383 1951 qui
3465 1876 3761 1949 deinceps
3810 1883 3869 1935 te

2206 1992 2496 2035 exercere
2548 1974 2839 2049 poteris?
2892 1976 3131 2033 Fratres
3162 1990 3195 2032 a
3245 1976 3562 2033 iuventute
3603 1990 3666 2033 se
3687 1990 3873 2033 exer-

2204 2080 2363 2140 cent,
2418 2082 2477 2133 et
2526 2075 2590 2133 in
2651 2074 2973 2133 laboribus
3032 2075 3456 2139 adoleverunt,
3517 2087 3720 2145 neque
3780 2074 3868 2131 fe-

2207 2178 2349 2231 runt
2377 2174 2676 2231 laborem.
2739 2172 2826 2230 Tu
2882 2186 3031 2230 vero
3085 2172 3197 2229 hac
3250 2176 3453 2229 aetate
3504 2186 3627 2228 non
3688 2176 3868 2244 potes

2203 2273 2508 2330 sustinere
2574 2271 2945 2329 tentationes
3023 2270 3507 2328 exercitationis.
3582 2270 3870 2327 Oﬁ‘ende-

2205 2371 2311 2441 ris,
2344 2369 2546 2427 exibis
2570 2375 2631 2426 et
2688 2368 3025 2426 maledices
3056 2366 3265 2425 nobis.
3311 2368 3521 2439 Neque
3553 2381 3696 2424 eum
3730 2382 3864 2425 sus-

2199 2468 2385 2540 cepit.
2448 2465 2558 2524 Ille
2610 2473 2816 2525 autem
2868 2466 3137 2538 perstitit
3186 2480 3257 2523 ac
3312 2464 3557 2523 ieiunus
3614 2478 3865 2521 reman-

2200 2566 2279 2624 sit
2360 2570 2597 2638 septem
2672 2565 2826 2622 dies.
2910 2562 3143 2621 Deinde
3210 2562 3515 2621 Macarius
3571 2577 3854 2634 magnus.

2201 2665 2313 2731 Me,
2363 2663 2585 2735 inquit,
2639 2662 2910 2735 suscipe,
2965 2662 3149 2727 abba,
3206 2666 3266 2719 et
3294 2661 3411 2718 nisi
3470 2660 3857 2728 ieiunavero,

2199 2760 2508 2829 sicutilli,
2565 2766 2625 2819 et
2679 2766 2974 2833 operatus
3017 2757 3218 2826 fuero,
3282 2773 3439 2831 quae
3488 2764 3857 2830 operantur,

2201 2865 2331 2917 tum
2387 2859 2534 2917 iube
2563 2874 2664 2915 me
2694 2858 2837 2917 eiici
2898 2874 2931 2915 e
2989 2856 3393 2916 monasterio.
3431 2857 3682 2928 Magnus
3730 2856 3861 2929 igi—

2200 2964 2302 3015 tur
2382 2955 2752 3015 Pachomius
2825 2955 3124 3013 fratribus
3198 2955 3532 3027 persuadet
3587 2958 3655 3011 ut
3710 2968 3860 3012 eum

434 3028 661 3099 Quum:
691 3032 914 3105 ίηψιίιν
961 3037 1021 3090 ιθ
1070 3048 1193 3092 non
1239 3036 1483 3094 miserit
1536 3037 1829 3095 Dominus
1884 3052 2083 3105 ῐηθυεο
2125 3059 2163 3113 C
2198 3057 2558 3129 suscipiant.
2616 3056 2963 3113 Conventus
3014 3058 3221 3112 autem
3276 3053 3447 3111 illius
3491 3052 3857 3111 monasterii

432 3131 752 3203 quomodo
781 3146 928 3190 ausa
954 3146 1021 3189 es
1048 3132 1125 3189 ad
1169 3146 1270 3189 me
1296 3133 1645 3192 accedere?

514 3300 541 3329 «
590 3279 702 3337 Hic
758 3281 1059 3338 Macarius
1117 3296 1376 3354 magnus
1431 3283 1712 3342 diversas
1761 3286 1951 3344 cellas
2022 3288 2085 3345 in

430 3375 768 3434 solitudine
800 3377 1041 3445 habuit,
1094 3378 1155 3435 in
1204 3380 1435 3451 quibus
1465 3382 1810 3440 certamina
1841 3384 2085 3441 virtutis

428 3475 667 3546 peregit
713 3489 725 3529 ε
790 3488 976 3531 unam
1034 3476 1292 3547 quidem
1340 3476 1401 3533 in
1451 3477 1645 3546 Scete,
1693 3496 1853 3552 quae
1913 3482 2084 3553 regio

427 3577 515 3628 est
562 3572 623 3629 in
662 3572 962 3629 interiore
1016 3580 1181 3631 vasta
1212 3574 1573 3644 solitudine,
1641 3593 1826 3635 unam
1879 3581 1937 3636 in
1981 3580 2083 3637 Li-

429 3670 551 3740 bya
599 3670 661 3726 in
742 3669 969 3738 Celliis,
1037 3686 1199 3744 quae
1262 3672 1576 3745 dicuntur,
1655 3683 1714 3733 et
1761 3678 1947 3734 aliam
2020 3680 2084 3736 in

425 3773 637 3824 monte
688 3766 937 3825 Nitriae.
992 3770 1077 3826 Ex
1125 3768 1357 3841 quibus
1405 3771 1563 3830 aliae
1606 3774 1864 3845 quidem
1924 3777 2084 3834 ostio

426 3864 739 3935 carebant,
803 3865 867 3923 in
916 3866 1148 3939 quibus
1206 3869 1508 3927 Macarius
1562 3871 1887 3931 dicebatur
1931 3880 2081 3932 tem-

431 3976 586 4035 pore
657 3963 1169 4036 quadragesimae
1244 3967 1461 4026 sedere
1514 3969 1579 4025 in
1634 3972 1930 4029 tenebris.
1986 3975 2083 4033 Al-

432 4066 565 4117 tera
593 4066 803 4116 autem
833 4062 985 4117 cella
1036 4062 1233 4120 multo
1296 4066 1613 4137 angustior
1656 4074 1788 4125 erat
1831 4071 2078 4143 ceteris,

430 4156 496 4214 in
545 4171 669 4228 qua
725 4172 839 4214 nec
900 4159 1121 4234 pedem
1184 4164 1517 4220 extendere
1572 4170 1833 4235 poterat.
1878 4168 2080 4225 Tertia

424 4267 572 4311 vero
621 4254 893 4325 amplior
940 4262 1093 4325 erat,
1156 4256 1217 4313 in
1271 4274 1395 4331 qua
1450 4260 1641 4317 etiam
1701 4278 1804 4320 eos
1860 4278 2081 4324 conve-

425 4350 656 4419 niebat,
687 4351 796 4423 qui
828 4352 903 4409 ad
956 4352 1165 4425 ipsum
1198 4356 1597 4417 ventitabant.

503 4519 533 4556 α
570 4500 679 4559 Hic
718 4502 813 4560 vir
868 4508 1116 4561 sanctus
1169 4508 1401 4562 tantam
1460 4508 1927 4569 multitudinem
1986 4529 2078 4572 sa-

417 4599 585 4657 navit
640 4615 883 4665 eorum,
946 4601 1052 4673 qui
1104 4618 1137 4659 a
1192 4604 1606 4663 daemonibus
1672 4611 2072 4681 vexabantur,

412 4704 479 4755 ut
548 4713 654 4757 eos
723 4700 1111 4757 numerando
1183 4700 1345 4758 haud
1410 4703 1587 4761 facile
1651 4722 2073 4778 percenseres.

412 4795 615 4863 Quum
671 4811 781 4853 nos
839 4797 1218 4869 adessemus,
1255 4799 1330 4856 ad
1367 4802 1529 4860 hunc
1590 4812 1872 4864 sanctum
1903 4810 2078 4881 virgo

412 4893 851 4952 Thessalonica
934 4894 1222 4961 oriunda,
1311 4898 1545 4957 nobilis
1624 4917 1849 4975 genere
1899 4913 1959 4965 et
2014 4908 2077 4966 in

412 4990 529 5049 hac
603 4992 725 5048 vita
795 4992 991 5059 dives,
1087 5000 1415 5066 apportata
1493 5004 1605 5071 est,
1658 5017 1816 5074 quae
1865 5007 2079 5064 multis

416 5088 593 5146 annis
653 5091 924 5162 paralysi
977 5092 1323 5152 laborabat.
1388 5099 1585 5171 Atque
1641 5102 1713 5157 ad
1773 5116 1918 5160 eum
1973 5106 2079 5161 ad-

416 5186 599 5245 ducta
655 5202 854 5259 prope
911 5191 1134 5248 cellam
1186 5194 1379 5252 sancti
1448 5198 1728 5268 proiecta
1788 5207 1897 5257 est
1961 5202 2075 5269 Qui

415 5283 853 5344 misericordia
904 5295 1257 5348 commotus
1310 5308 1505 5364 quum
1558 5308 1774 5365 preces
1811 5295 2077 5355 fundens

412 5390 474 5439 et
536 5382 676 5441 oleo
769 5391 981 5445 sancto
1052 5402 1190 5445 eam
1258 5391 1538 5461 pr0priis
1603 5392 1733 5449 suis
1786 5396 2075 5453 manibus

416 5493 651 5552 ungens
726 5483 939 5555 viginti
1000 5485 1225 5543 diebus
1286 5502 1477 5559 super
1533 5502 1671 5544 eam
1721 5492 1941 5551 sedulo
2003 5509 2075 5553 ac

417 5579 685 5638 multum
738 5588 996 5647 orasset,
1058 5597 1273 5640 sanam
1325 5584 1390 5641 in
1439 5584 1753 5644 civitatem
1804 5590 1940 5650 eius
1982 5592 2072 5651 di-

2198 3155 2435 3208 constat
2505 3149 2675 3206 mille
2754 3147 3225 3220 quadringentis
3277 3147 3428 3205 viris
3485 3147 3546 3203 in
3604 3145 3860 3204 hodier-

2196 3262 2346 3305 num
2405 3261 2602 3319 usque
2683 3246 2875 3303 diem.
2950 3245 3077 3303 Hoc
3146 3244 3334 3317 igitur
3398 3244 3852 3302 monasterium

2198 3342 2499 3403 Macarius
2542 3358 2798 3415 magnus
2845 3344 3116 3401 intravit.
3208 3342 3384 3400 Brevi
3442 3347 3649 3400 autem
3698 3348 3856 3398 tem-

2199 3457 2350 3516 pore
2410 3447 2546 3514 post
2598 3449 2727 3499 erat
2800 3440 3297 3513 quadragesima.
3382 3441 3465 3498 Ac
3542 3439 3848 3497 Macarius

2197 3555 2476 3612 magnus,
2562 3554 2757 3610 quum
2839 3539 3093 3596 vidisset
3162 3552 3678 3610 unumquemque
3752 3537 3846 3595 di-

2195 3653 2371 3696 versa
2403 3639 2749 3709 suscepisse
2808 3636 3052 3695 vivendi
3100 3637 3401 3705 instituta,
3463 3636 3657 3694 alium
3710 3635 3852 3707 qui-

2196 3737 2338 3794 dem
2420 3748 2698 3806 vespere,
2781 3736 2973 3791 alium
3048 3740 3183 3806 post
3242 3734 3419 3801 duos,
3468 3734 3663 3791 alium
3708 3739 3851 3806 post

2195 3834 2473 3907 quinque
2533 3833 2665 3890 dies
2734 3833 3085 3898 comedere,
3160 3832 3355 3890 alium
3424 3834 3611 3888 etiam
3681 3837 3851 3888 stare

2197 3948 2308 4005 per
2375 3938 2563 3990 totam
2642 3938 2910 3998 noctem,
2974 3930 3248 3987 interdiu
3303 3935 3509 3988 autem
3563 3928 3642 3985 ad
3685 3941 3852 4001 opus

2195 4031 2411 4088 sedere
2491 4048 2504 4087 :
2580 4029 2733 4100 ipse,
2803 4043 3000 4101 quum
3044 4042 3253 4086 ramos
3318 4028 3442 4086 sibi
3490 4026 3846 4100 palmarum

2193 4128 2422 4185 multos
2498 4126 2948 4193 madefecisset,
3010 4127 3073 4184 in
3168 4125 3394 4199 angulo
3472 4139 3599 4184 uno
3655 4126 3842 4192 stetit,

2192 4240 2415 4296 neque,
2464 4225 2663 4283 donec
2721 4224 3198 4297 quadragesima
3260 4224 3518 4296 impleta
3593 4228 3751 4281 esset
3785 4227 3847 4280 et

2194 4322 2419 4395 pascha
2472 4323 2841 4390 advenisset,
2901 4338 3124 4395 panem
3171 4338 3375 4395 neque
3424 4336 3651 4396 aquam
3708 4320 3852 4379 teti-

2190 4421 2299 4495 git,
2359 4433 2565 4494 neque
2631 4436 2791 4495 genu
2879 4422 3068 4486 ﬂexit,
3128 4436 3331 4493 neque
3412 4421 3598 4492 sedit,
3646 4432 3850 4491 neque

2190 4520 2503 4588 accubuit,
2547 4535 2749 4593 neque
2792 4520 3050 4579 omnino
3101 4519 3271 4576 aliud
3329 4518 3672 4590 quidquam
3731 4532 3845 4589 gu-

2190 4619 2391 4689 stavit,
2430 4619 2542 4676 nisi
2592 4619 2787 4677 cruda
2830 4618 3120 4676 crambes
3179 4616 3349 4683 folia,
3384 4630 3547 4685 quae
3576 4614 3849 4686 sumpsit

2190 4718 2291 4776 die
2348 4719 2683 4787 domineia,
2747 4723 2812 4775 ut
2880 4718 3199 4774 videretur
3252 4712 3587 4771 comedere
3642 4726 3854 4784 neque

2189 4816 2251 4873 in
2284 4817 2562 4890 aliquam
2586 4816 2661 4872 de
2687 4830 2751 4873 se
2782 4814 3145 4887 opinionem
3173 4809 3497 4868 incideret.
3535 4810 3757 4880 Atque,
3794 4810 3849 4869 si

2189 4914 2439 4986 quando
2507 4918 2764 4985 propter
2842 4909 3272 4967 necessitatem
3340 4920 3517 4963 suam
3565 4908 3850 4979 egredie-

2190 5013 2395 5080 batur,
2456 5010 2640 5067 citius
2683 5007 3038 5079 regrediens
3090 5005 3258 5062 stetit
3299 5004 3377 5063 ad
3432 5018 3593 5077 opus
3622 5019 3849 5063 manus

2187 5122 2356 5173 suae,
2415 5120 2615 5177 neque
2667 5118 2738 5163 os
2786 5104 3053 5176 aperuit,
3140 5117 3254 5162 nec
3334 5117 3532 5176 pauca
3600 5103 3849 5161 locutus

2186 5220 2300 5262 nec
2379 5202 2594 5269 multa,
2674 5202 2781 5259 sed
2835 5203 3001 5260 stetit
3044 5200 3259 5261 silens.
3324 5201 3535 5274 Neque
3587 5216 3846 5273 prorsus

2186 5301 2354 5359 aliud
2388 5300 2753 5373 quidquam,
2787 5300 2906 5358 nisi
2962 5298 3314 5359 orationem
3344 5300 3468 5372 egit
3522 5299 3587 5356 in
3624 5300 3839 5367 corde,

2186 5405 2245 5457 et
2292 5414 2500 5456 ramos
2548 5398 2829 5456 tractavit
2881 5414 3040 5472 quos
3085 5399 3357 5457 habebat
3405 5398 3469 5455 in
3528 5398 3839 5455 manibus.

2187 5498 2347 5555 Haec
2406 5503 2613 5555 autem
2665 5511 2885 5555 omnes
2931 5496 3378 5556 exercitatores
3426 5494 3596 5553 illius
3626 5508 3845 5553 mona-

2186 5595 2361 5654 sterii
2447 5608 2642 5668 quum
2724 5594 3043 5663 vidissent,
3106 5595 3584 5655 insurrexerunt
3628 5592 3850 5651 adver-
