4080 6208
212 277 269 333 59
1755 269 1813 323 Vi

1928 269 1988 323 E.
3506 283 3573 337 70

207 422 293 465 sus
317 403 679 478 praefectum
710 419 892 463 suum
924 408 1109 479 atque
1143 423 1161 463 :
1196 403 1307 473 71
1347 404 1690 476 Undenam,
1732 403 1818 461 in-
1850 396 1896 448 Α
1930 412 2067 457 sum
2098 412 2169 457 os
2203 402 2399 458 totum
2438 406 2770 473 appareret
2810 402 2873 461 in
2894 404 3142 466 vertice.
3192 407 3401 482 Neque
3436 424 3581 470 eum

208 503 417 578 quiuut,
482 502 658 562 nobis
707 503 1021 562 adduxisti
1079 505 1246 563 hunc
1296 503 1615 563 hominem
1686 507 1818 560 tan-

206 616 365 675 quam
418 601 546 659 sine
602 615 789 660 carne
837 602 1161 676 degentem
1212 604 1287 661 ad
1344 606 1620 660 nostram
1668 615 1817 659 con-

204 698 623 757 demnationem
652 697 683 756 7
718 698 837 757 Aut
887 714 1032 757 eum
1089 700 1236 758 hinc
1290 699 1471 768 eiice,
1506 703 1612 755 aut
1659 698 1816 755 bene

203 798 353 870 scito,
399 810 503 855 nos
544 810 765 854 omnes
822 796 967 856 hinc
1012 798 1196 857 hodie
1237 816 1369 859 esse
1421 815 1803 863 recessuros.

202 898 342 965 Quae
384 909 572 968 quum
646 893 1022 956 Pachomius
1096 913 1358 973 magnus
1414 918 1445 961 a
1519 902 1816 960 fratribus

204 993 482 1065 audiisset,
526 992 874 1053 sciscitatus
923 999 1015 1054 est
1058 995 1134 1054 de
1165 1012 1260 1056 eo.
1299 1000 1367 1057 Et
1416 1014 1614 1073 quum
1657 999 1812 1057 didi-

203 1091 353 1149 cisset
380 1090 508 1149 eius
537 1090 701 1149 vitae
741 1091 1044 1162 instituta,
1082 1096 1272 1155 Deum
1304 1097 1523 1167 oravit,
1556 1102 1642 1164 ut,
1674 1098 1814 1170 quis

203 1193 350 1255 esset,
396 1188 512 1247 sibi
562 1189 967 1249 revelaretur.
1021 1194 1378 1253 Revelatum
1408 1202 1501 1254 est
1550 1196 1633 1262 ei,
1693 1194 1810 1252 Ma-

202 1286 405 1345 carium
452 1288 833 1347 monachum
880 1304 1034 1349 esse.
1070 1291 1226 1350 Tum
1256 1293 1549 1352 dominus
1588 1293 1813 1352 Pacho-

201 1388 336 1443 mius
381 1385 511 1445 eius
585 1400 840 1445 manum
909 1389 1241 1460 prehendit
1312 1406 1585 1464 eumque
1649 1391 1814 1448 foras

198 1482 415 1551 eduxit;
464 1488 655 1556 atque
700 1499 895 1557 quum
946 1486 1010 1543 in
1066 1488 1326 1547 domum
1375 1490 1657 1560 oratorii,
1704 1490 1814 1556 ubi

200 1585 273 1637 est
318 1580 518 1648 altare,
581 1595 726 1640 eum
785 1582 1141 1643 deduxisset
1204 1587 1653 1661 amplexusque
1720 1603 1811 1644 es-

196 1684 303 1736 set:
336 1678 515 1744 Tune,
570 1679 678 1747 ait,
730 1694 797 1738 es
840 1684 1189 1741 venerande
1237 1683 1480 1745 senex?
1529 1686 1698 1744 Tune
1746 1700 1817 1743 es

196 1776 474 1843 Macarius,
532 1776 728 1850 idque
774 1779 1015 1851 celasti,
1065 1796 1179 1840 nec
1224 1783 1378 1840 mihi
1441 1783 1807 1841 manifesta-

195 1869 306 1932 sti?
355 1875 433 1933 Ex
480 1875 700 1934 multis
747 1877 926 1935 annis
987 1879 1157 1951 cupii
1207 1884 1265 1937 te
1323 1881 1556 1953 videre,
1617 1896 1812 1954 quum

196 1970 256 2029 de
290 1976 345 2031 te
383 1972 693 2031 audirem.
745 1974 957 2033 Habeo
999 1976 1113 2034 tibi
1170 1977 1419 2050 gratias,
1469 1979 1635 2050 quod
1672 1979 1812 2036 sub-

196 2070 360 2141 egeris
402 2069 562 2130 ﬁlios
624 2085 822 2139 meos,
884 2087 959 2130 ne
1012 2073 1136 2133 alte
1190 2076 1459 2134 sentiant
1515 2076 1592 2134 de
1639 2090 1813 2134 exer-

195 2166 442 2226 citatione
522 2184 659 2227 sua.
746 2172 911 2244 Rogo
984 2176 1063 2243 te,
1144 2174 1365 2232 recede
1446 2174 1509 2231 in
1606 2175 1809 2232 locum

192 2269 379 2339 tuum;
423 2280 533 2326 nos
579 2267 752 2325 enim
813 2268 962 2327 satis
1020 2270 1411 2343 aediﬁcasti;
1464 2276 1648 2344 atque
1699 2285 1812 2329 ora

193 2376 284 2431 pro
333 2364 521 2423 nobis.
586 2365 816 2424 Deinde
864 2367 944 2424 ab
994 2381 1069 2426 eo
1128 2378 1397 2441 rogatus,
1458 2368 1811 2441 petentibus

194 2474 402 2534 quoque
430 2463 731 2522 omnibus
762 2464 1081 2533 fratribus,
1112 2466 1386 2525 recessit.

258 2582 466 2644 Rursus
487 2586 650 2645 alias
685 2587 789 2645 hic
832 2588 928 2646 vir
964 2589 1335 2661 impatibilis
1378 2589 1559 2650 nobis
1590 2606 1811 2648 narra—

190 2681 289 2739 vit:
318 2682 517 2753 Omne,
554 2684 785 2757 inquit,
810 2686 971 2744 vitae
999 2688 1401 2746 monachicae
1430 2689 1803 2756 institutum,

190 2780 322 2849 quod
371 2783 763 2855 expetebam,
843 2790 1136 2857 expertus
1190 2787 1266 2843 ad
1330 2787 1500 2845 aliud
1559 2787 1807 2845 tandem

189 2877 470 2948 spirituale
522 2880 916 2941 desiderium
984 2883 1144 2941 veni.
1225 2884 1419 2943 Statui
1491 2886 1658 2943 enim
1731 2885 1806 2943 ad

189 2974 284 3032 tale
326 2991 587 3050 operum
637 2978 1024 3039 desiderium
1073 2983 1388 3041 accedere.
1454 2983 1655 3055 Volui,
1709 2984 1807 3041 in-

189 3073 313 3146 quit,
358 3078 639 3151 quinque
683 3077 818 3136 dies
860 3078 1059 3137 solam
1102 3086 1372 3139 mentem
1416 3095 1619 3139 meam
1670 3082 1807 3140 red-
1848 3097 1887 3152 ο

192 3169 309 3230 dere
333 3187 365 3230 a
412 3175 531 3235 Deo
565 3175 981 3243 individuam,
1028 3192 1231 3251 neque
1260 3178 1430 3237 aliud
1461 3179 1806 3252 quidquam

190 3272 404 3331 omnino
448 3274 754 3347 cogitare,
809 3274 916 3333 sed
964 3275 1022 3334 ei
1070 3277 1184 3335 soli
1236 3277 1599 3336 adhaerere.
1633 3278 1807 3347 Quod

191 3382 348 3439 quum
378 3373 539 3444 apud
574 3386 679 3430 me
707 3373 1087 3449 statuissem,
1116 3374 1337 3433 cellam
1373 3390 1577 3434 meam
1624 3381 1808 3448 atque

190 3468 532 3528 extrinsecus
580 3469 796 3529 aulam
853 3472 1071 3541 clausi,
1133 3477 1199 3530 ut
1248 3475 1399 3532 nulli
1456 3473 1807 3533 advenienti

198 3577 523 3637 responsum
550 3568 795 3627 darem.
828 3571 914 3627 Ac
946 3571 1081 3628 steti
1115 3571 1422 3645 incipiens
1450 3588 1485 3630 a
1511 3573 1805 3642 secunda,

192 3665 346 3721 menti
398 3681 572 3725 meae
632 3668 1028 3741 praecipiens
1078 3676 1141 3728 et
1197 3670 1461 3729 dicens:
1524 3670 1676 3728 Vide
1733 3685 1810 3728 ne

193 3758 486 3822 descendas
533 3781 571 3823 e
613 3765 849 3839 coelis;
901 3765 990 3824 ibi
1044 3768 1295 3839 angelos
1348 3768 1540 3826 habes
1595 3773 1656 3826 et
1708 3783 1808 3825 ar-

192 3854 504 3933 changelos,
554 3876 865 3935 supernas
916 3869 1272 3937 potestates,
1334 3866 1673 3925 Cherubim
1740 3880 1812 3923 ac

195 3951 503 4028 Seraphim,
569 3960 763 4019 Deum
824 3961 1051 4020 horum
1102 3962 1387 4023 omnium
1428 3963 1805 4022 effectorem.

197 4047 300 4109 Illic
333 4069 595 4116 versare.
631 4058 719 4116 Ne
748 4058 866 4116 sub
894 4058 1143 4119 coelum
1186 4060 1525 4119 descendas
1554 4077 1572 4132 ;
1606 4075 1683 4119 ne
1721 4060 1811 4119 in-

193 4147 333 4209 cidas
397 4154 458 4213 in
509 4155 862 4215 mundanas
919 4158 1342 4230 cogitationes.
1403 4158 1524 4227 Sic,
1586 4158 1807 4231 inquit,

193 4260 354 4317 quum
382 4252 630 4313 duobus
670 4253 896 4314 diebus
943 4270 1017 4314 ac
1059 4255 1303 4316 duabus
1346 4257 1632 4316 noctibus
1664 4272 1814 4329 per-

192 4356 557 4422 severassem,
613 4352 702 4409 ita
756 4352 1128 4413 daemonem
1172 4354 1439 4427 irritavi,
1472 4360 1540 4414 ut
1566 4356 1813 4413 ﬂamma

200 4439 327 4513 ignis
377 4446 570 4516 ﬁeret,
643 4449 927 4523 mihique
982 4451 1218 4523 omnia,
1271 4467 1431 4525 quae
1479 4453 1543 4512 in
1590 4452 1813 4511 cellula
1847 4452 1892 4507 D

196 4547 358 4615 erant,
400 4546 825 4615 combureret,
874 4550 961 4610 ita
1004 4555 1071 4607 ut
1102 4553 1291 4608 etiam
1336 4556 1563 4618 storea,
1600 4550 1660 4607 in
1692 4566 1813 4623 qua

197 4639 418 4713 stabam,
469 4652 1004 4714 concremaretur,
1048 4652 1110 4705 et
1141 4649 1231 4706 sic
1281 4663 1380 4706 me
1414 4662 1665 4721 quoque
1714 4653 1816 4706 to-

195 4737 301 4793 tum
369 4742 544 4800 aduri
625 4744 1072 4804 existimarem.
1151 4747 1537 4805 Postremum
1591 4748 1815 4805 timore

196 4831 412 4896 affectus
448 4840 638 4900 tertio
679 4841 783 4900 die
812 4842 1017 4901 destiti
1064 4845 1144 4903 ab
1173 4845 1293 4903 hoc
1322 4844 1644 4917 proposito
1676 4858 1816 4903 meo

198 4934 372 5007 atqne,
411 4951 608 5009 quum
656 4946 927 4999 mentem
973 4955 1179 5000 meam
1225 4942 1498 5016 amplius
1544 4942 1815 5000 indivul-

197 5038 303 5086 sam
350 5037 562 5093 tenere
615 5050 737 5095 non
786 5053 1061 5112 possem,
1114 5040 1405 5099 descendi
1440 5041 1501 5097 in
1535 5044 1817 5099 contem-

198 5123 503 5197 plationem
557 5134 740 5195 huius
785 5136 1025 5209 mundi,
1078 5135 1193 5205 72
1242 5153 1317 5196 ne
1347 5138 1412 5196 id
1440 5137 1595 5196 mihi
1624 5152 1819 5211 repu-

198 5225 402 5287 taretur
452 5230 517 5288 in
566 5234 958 5305 superbiam.

265 5367 289 5401 κ
331 5350 650 5421 Quondam
695 5372 891 5430 quum
946 5358 1023 5417 ad
1070 5360 1237 5418 hunc
1287 5364 1567 5418 sanctum
1620 5356 1819 5415 venis-

199 5456 329 5516 θεων
379 5456 554 5511 extra
603 5454 825 5513 cellam
878 5456 1015 5515 eius
1068 5456 1372 5516 iacentem
1433 5456 1639 5513 inveni
1700 5452 1818 5511 vici

203 5544 495 5607 mliusdam
567 5553 1028 5627 presbyterum,
1080 5556 1261 5614 cuius
1312 5560 1500 5629 caput
1552 5554 1638 5613 ita
1689 5557 1822 5611 erat

205 5649 427 5704 exesum
476 5650 699 5710 morbo
744 5652 853 5727 qui
902 5667 1127 5712 cancer
1177 5652 1431 5721 dicitur,
1488 5656 1555 5711 ut
1611 5655 1672 5710 et
1724 5650 1820 5723 ip-

1929 499 2006 555 ad
2056 500 2150 556 col
2194 498 2478 574 loquium
2524 501 2909 561 admittebat.
2960 504 3187 577 Rogavi
3230 506 3420 580 igitur
3459 525 3579 569 ac:

1931 597 2175 667 Precor,
2211 598 2491 669 inquam,
2532 601 2831 657 miserere
2865 601 3053 660 huius
3085 604 3330 677 miseri,
3357 612 3417 665 et
3453 610 3583 666 sal—

1928 700 2052 753 tem
2102 709 2471 768 responsum
2521 697 2577 754 ei
2628 696 2727 754 da.
2763 698 3099 771 Respondit
3146 703 3300 761 mihi
3354 722 3365 760 :
3411 706 3579 765 indi-

1925 809 2081 867 gnus
2127 800 2239 863 est,
2288 795 2395 867 qui
2440 800 2713 852 sanetur.
2768 797 2928 855 Haec
2971 800 3137 857 enim
3183 801 3240 860 ei
3298 802 3580 863 immissa

1926 897 2015 950 est
2054 891 2406 964 disciplina.
2446 893 2551 951 Sin
2585 907 2731 951 eum
2773 893 2869 952 vis
2910 897 3138 966 sanari,
3171 900 3360 958 suade
3396 901 3475 971 ei,
3512 907 3579 960 ut

1924 990 2219 1063 deinceps
2275 991 2580 1049 abstineat
2633 1006 2667 1048 a
2725 992 3051 1051 sacriﬁcio.
3096 993 3220 1067 Ego
3261 997 3448 1071 :Cur,
3487 1000 3578 1057 in-

1924 1102 2134 1159 quam,
2165 1089 2428 1147 obsecro
2456 1086 2486 1147 ‘1
2523 1090 2874 1162 Respondet
2909 1108 2920 1149 :
2957 1090 3288 1150 Fornicans
3328 1110 3575 1155 sacrum

1926 1186 2162 1259 peregit
2238 1186 2683 1258 ministerium,
2765 1187 2931 1246 unde
3012 1189 3136 1247 iam
3219 1192 3573 1265 castigatur.

1923 1284 2150 1354 Quodsi
2189 1290 2357 1342 metu
2399 1285 2654 1343 desistat
2692 1286 2771 1343 ab
2816 1286 2916 1359 iis,
2950 1300 3111 1358 quae
3155 1303 3268 1361 per
3303 1296 3578 1349 contem-

1925 1386 2101 1453 ptum
2143 1397 2328 1439 ausus
2367 1388 2457 1440 est
2491 1383 2716 1449 facere,
2754 1380 2917 1442 Deus
2960 1400 3105 1443 eum
3142 1388 3405 1446 sanabit.
3452 1389 3578 1447 Hoc

1925 1481 2003 1547 ei,
2030 1480 2135 1553 qui
2180 1480 2584 1552 aﬂligebatur,
2619 1481 2765 1538 dixi.
2805 1482 2917 1551 Qui
2963 1482 3372 1544 iureiurando
3411 1487 3577 1559 apud

1927 1580 2117 1637 Deum
2165 1577 2478 1651 pollicitus
2518 1584 2628 1649 est,
2682 1595 2745 1637 se
2788 1594 2909 1639 non
2955 1582 3227 1655 amplius
3277 1583 3577 1642 sacerdo—

1924 1678 2002 1734 tis
2037 1690 2298 1735 munera
2341 1692 2474 1734 esse
2517 1676 2861 1736 obiturum.
2917 1680 3070 1737 Tum
3112 1694 3255 1738 eum
3303 1682 3577 1755 suscepit

1924 1776 2107 1848 eique
2150 1774 2513 1847 :Credisne,
2554 1775 2777 1847 inquit,
2823 1791 2955 1834 esse
3000 1778 3215 1851 Deum,
3243 1794 3431 1851 quem
3475 1780 3579 1838 ni-

1924 1873 2010 1931 hil
2056 1871 2271 1931 latet?
2312 1872 2420 1929 Ille
2469 1874 2800 1944 respondet
2857 1893 2869 1930 :
2929 1875 3215 1946 Maxime,
3274 1890 3430 1951 rogo
3490 1883 3570 1935 te.

1927 1970 2154 2029 Deinde
2203 1968 2429 2037 :Num,
2477 1969 2701 2043 inquit,
2755 1971 3008 2044 potuisti
3051 1973 3316 2030 illudere
3368 1975 3488 2033 Deo
3547 1973 3575 2031 ?

1922 2068 2318 2140 Respondet:
2358 2068 2486 2125 Non
2540 2068 2741 2141 potui,
2791 2069 2876 2127 mi
2920 2070 3191 2128 domine.
3243 2072 3492 2145 Magnus
3556 2089 3569 2128 :

1923 2168 1981 2226 Si
2032 2165 2336 2240 agnoscis,
2388 2165 2611 2239 inquit,
2654 2172 2974 2238 peccatum
3034 2172 3210 2226 tuum
3260 2184 3331 2226 ac
3375 2168 3574 2227 disci-

1924 2266 2160 2338 plinam
2219 2264 2347 2334 Dei,
2388 2280 2511 2337 qua
2545 2264 2697 2323 haec
2750 2265 3021 2335 subiisti,
3065 2270 3125 2323 te
3172 2266 3447 2340 corrigas
3510 2267 3573 2325 in

1925 2368 2265 2446 posterum.
2310 2361 2424 2431 Qui
2482 2364 2800 2422 confessus
2848 2370 2938 2421 est
2991 2369 3340 2435 peccatum,
3386 2369 3446 2423 et
3496 2366 3575 2423 ﬁ-

1920 2462 2065 2519 dem
2104 2461 2300 2533 dedit,
2350 2475 2416 2519 se
2464 2474 2589 2519 non
2635 2460 2907 2533 amplius
2963 2476 3095 2520 esse
3140 2469 3566 2535 peccaturum,

1922 2575 2123 2633 neque
2175 2559 2358 2617 altari
2409 2558 2929 2627 ministraturum,
2988 2560 3097 2618 sed
3147 2561 3286 2619 laici
3336 2566 3570 2620 sortem

1920 2657 2380 2730 amplexurum.
2424 2656 2649 2716 Deinde
2697 2663 2942 2716 sanctus
2986 2658 3041 2714 ei
3091 2672 3310 2717 manus
3363 2660 3571 2733 impo-

1920 2757 2064 2815 suit.
2104 2756 2216 2825 Qui
2264 2756 2476 2828 paucis
2528 2756 2751 2813 diebus
2794 2760 3043 2814 sanatus
3072 2762 3186 2829 est,
3228 2757 3572 2830 capillique

1920 2854 2142 2927 capitis
2166 2855 2222 2912 ei
2263 2858 2610 2922 creverunt,
2645 2859 2706 2911 et
2742 2853 2805 2911 in
2836 2853 3094 2911 domum
3132 2870 3307 2912 suam
3358 2869 3571 2914 rever-

1919 2968 2023 3011 sus
2075 2950 2445 3024 glorificavit
2494 2952 2709 3021 Deum,
2765 2966 2837 3009 ac
2882 2952 3110 3023 gratias
3160 2952 3282 3025 egit
3327 2959 3563 3012 sancto.

2003 3097 2030 3127 «
2063 3077 2293 3133 Rursus
2336 3074 2461 3133 vidi
2502 3074 2578 3132 ad
2620 3089 2763 3132 eum
2798 3074 3031 3133 adduci
3060 3089 3325 3147 puerum
3367 3090 3401 3132 a
3431 3075 3571 3148 spi-

1919 3174 2043 3233 ritu
2106 3173 2379 3245 maligno
2437 3178 2747 3230 vexatum.
2824 3171 2933 3231 Cui
2995 3177 3243 3231 sanctus
3310 3187 3565 3232 manum

1919 3274 2201 3331 dextram
2243 3272 2305 3330 in
2338 3276 2521 3344 caput
2566 3271 2867 3344 imposuit
2909 3277 2969 3329 et
3017 3272 3333 3330 sinistram
3363 3274 3569 3348 :supra

1918 3386 2051 3443 cor,
2092 3385 2164 3429 ac
2203 3369 2441 3429 tamdiu
2486 3368 2707 3436 oravit,
2739 3370 2937 3427 donec
2959 3369 3205 3429 fecisset
3232 3385 3376 3428 eum
3423 3384 3569 3443 pen-

1919 3470 2068 3527 dere
2104 3468 2165 3526 in
2197 3481 2360 3526 aere.
2400 3467 2556 3525 Puer
2588 3466 2799 3539 igitur,
2833 3468 2991 3525 sicut
3029 3473 3167 3526 uter
3207 3467 3475 3541 inﬂatus,
3508 3468 3570 3526 in

1919 3580 2185 3639 corpore
2230 3565 2662 3637 maximopere
2704 3564 3022 3634 intumuit,
3085 3565 3334 3638 deinde,
3376 3580 3572 3638 quum

1919 3665 2127 3723 subito
2174 3666 2599 3733 exclamasset,
2653 3676 2767 3734 per
2820 3677 3039 3721 omnes
3086 3679 3301 3722 sensus
3344 3678 3572 3736 aquam

1920 3760 2131 3819 emisit
2163 3778 2177 3829 ;
2207 3775 2365 3832 quae
2396 3773 2591 3832 quum
2624 3759 2928 3827 desiisset,
2963 3759 3027 3816 in
3052 3774 3215 3827 eam,
3248 3775 3371 3831 qua
3394 3760 3574 3819 initio

1921 3858 2141 3930 fuerat,
2176 3871 2534 3915 mensuram
2580 3855 2787 3913 rediit.
2852 3856 3131 3927 Eumque
3185 3871 3379 3928 quum
3432 3858 3574 3915 oleo

1921 3961 2132 4014 sancto
2185 3955 2461 4013 unxisset
2517 3958 2577 4011 et
2615 3968 2776 4025 aqua
2820 3953 3144 4010 benedicta
3177 3952 3571 4025 perfudisset,

1924 4054 2083 4128 patri
2125 4052 2420 4118 reddidit,
2452 4066 2523 4109 ac
2566 4050 2775 4120 vetuit,
2808 4065 2884 4109 ne
2915 4064 3171 4108 carnem
3212 4064 3325 4108 nec
3358 4049 3574 4107 vinum

1922 4151 2247 4224 attingeret
2303 4148 2711 4223 quadraginta
2767 4147 3012 4207 diebus.
3070 4148 3269 4206 Puero
3320 4146 3576 4221 quidem

1923 4250 2007 4309 ita
2034 4253 2249 4308 sanato
2268 4262 2376 4306 eos
2404 4246 2666 4307 dimisit.

2005 4394 2035 4429 «
2076 4376 2249 4433 Hunc
2284 4372 2619 4432 Macarium
2674 4386 2968 4445 magnum
3022 4371 3338 4444 quondam
3400 4385 3581 4428 vexa-

1924 4479 2069 4532 runt
2119 4472 2524 4545 cogitationes
2572 4484 2761 4527 vanae
2822 4469 3082 4541 gloriae,
3140 4484 3301 4542 quae
3352 4484 3495 4526 eum
3546 4482 3582 4526 e

1924 4572 2081 4629 cella
2137 4570 2369 4628 eiicere
2422 4572 2753 4635 tentarunt,
2793 4564 2907 4634 73
2944 4571 3001 4624 et
3032 4571 3467 4638 suggesserunt
3496 4565 3576 4630 ei,

1926 4675 1992 4729 ut
2039 4667 2521 4741 dispensationis
2564 4666 2762 4738 gratia
2812 4665 3067 4724 Romam
3120 4666 3427 4736 pergeret,
3461 4662 3585 4719 ius-

1925 4775 2177 4840 tamque
2217 4780 2465 4823 causam
2512 4764 2854 4836 allegarunt
2906 4762 3290 4820 sanationem
3336 4774 3578 4825 eorum,

1925 4866 2034 4940 qui
2088 4864 2177 4922 ibi
2230 4869 2395 4929 sunt,
2446 4862 2861 4921 inﬁrmorum.
2920 4860 3108 4918 Valde
3161 4858 3329 4916 enim
3385 4858 3450 4915 in
3510 4871 3585 4916 eo

1926 4964 2224 5022 adversus
2294 4960 2554 5034 spiritus
2617 4959 2996 5032 operabatur
3054 4958 3251 5030 gratia
3318 4954 3581 5015 Domini.

1928 5061 2130 5133 Longo
2163 5062 2369 5117 autem
2406 5063 2688 5129 tempore
2744 5057 2825 5115 ab
2880 5056 2958 5114 iis
3008 5059 3330 5119 tentatum,
3391 5066 3585 5125 quum

1929 5173 2051 5217 non
2113 5156 2474 5223 obediisset,
2540 5159 2607 5212 ut
2658 5155 3083 5227 egrederetur,
3145 5152 3352 5210 acrius
3404 5151 3588 5222 agita-

1929 5261 2092 5315 runt.
2126 5254 2474 5311 Prostratus
2514 5252 2703 5323 igitur
2742 5258 2995 5309 sanctus
3035 5251 3096 5307 in
3142 5249 3358 5307 limine
3396 5248 3588 5307 cellae

1930 5366 2077 5411 suae
2144 5352 2335 5424 pedes
2405 5350 2571 5408 foras
2627 5350 2857 5417 emisit,
2919 5347 3337 5407 daemonibus
3397 5360 3590 5403 vanae

1929 5451 2169 5525 gloriae
2204 5468 2220 5509 :
2250 5450 2525 5522 Trahite,
2584 5449 2808 5522 inquit,
2844 5461 2943 5505 me
2973 5453 3033 5504 et
3077 5445 3310 5519 vellite,
3343 5446 3593 5503 daemo—

1932 5564 2062 5621 nes,
2122 5548 2173 5606 si
2216 5548 2489 5619 potestis.
2539 5546 2665 5620 Ego
2708 5547 2876 5605 enim
2918 5545 3075 5603 meis
3123 5544 3389 5617 pedibus
3441 5543 3595 5601 alias

1933 5660 2057 5706 non
2112 5645 2321 5706 ablbo.
2383 5645 2491 5705 Sin
2546 5646 2805 5720 potestis
2852 5644 3039 5704 talem
3096 5657 3196 5701 me
3235 5643 3590 5715 deportare,
