4094 6208
451 289 515 344 71
1309 279 1413 337 SS.
1461 276 1942 336 MACARIORUM
1984 275 2320 333 AEGYPTII
2365 278 2449 334 ET
2495 279 2995 338 ALEXANDRINI
3797 287 3867 344 72

449 431 575 490 quo
627 413 837 474 dicitis
871 408 1251 485 perveniam.
1288 409 1487 482 Atque
1538 407 1764 466 iuravit
1808 406 1885 465 iis
1918 424 1932 465 :
1976 406 2096 479 Sic,
2133 402 2180 457 Α
2214 405 2440 466 Christi
2478 422 2591 481 ego
2621 410 2967 479 observavi,
3016 410 3222 471 Marco
3261 414 3655 474 execritatori
3708 432 3866 476 nun-

448 514 673 587 inquit,
734 511 951 569 iacebo
1013 522 1211 580 usque
1258 506 1330 564 ad
1398 519 1745 577 vesperam.
1818 503 1942 561 Nisi
2004 517 2103 561 me

447 608 789 673 moveritis,
819 607 997 666 vobis
1037 621 1160 665 non
1195 605 1510 665 obediam.
1546 604 1747 673 Quum
1787 616 1935 660 vero
1976 603 2103 659 im-

446 713 651 766 motus
695 704 1040 771 mansisset,
1090 717 1231 762 sero
1288 703 1531 775 vesperi
1588 701 1838 760 tandem
1895 713 2100 758 surre-

444 806 554 863 xit.
616 804 731 863 Sed
794 809 970 861 nocte
1018 801 1383 861 adventante
1441 814 1659 857 rursus
1714 814 1856 856 eum
1922 798 2103 856 vehe-

445 901 718 960 mentius
772 902 960 959 etiam
1028 899 1307 957 insectati
1373 902 1535 955 sunt.
1589 897 1790 966 Quare
1854 901 2101 954 sanctus

445 998 734 1065 surrexit,
790 996 1187 1067 duorumque
1228 993 1358 1081 fere
1406 991 1765 1050 modiorum
1824 996 2099 1064 sportam

444 1110 632 1155 arena
676 1094 984 1166 implevit,
1041 1108 1163 1165 qua
1219 1090 1503 1150 humeris
1562 1090 1855 1163 imposita
1907 1096 2098 1147 totam

444 1194 849 1252 solitudinem
909 1189 1200 1264 pervasit.
1247 1187 1356 1247 Cui
1399 1188 1676 1247 occurrit
1718 1187 2099 1246 Theosebius

445 1292 765 1351 Cosmetor
819 1291 1260 1358 Antiochenus,
1312 1293 1412 1345 et:
1459 1286 1639 1356 Quid,
1688 1286 1907 1359 inquit,
1956 1299 2096 1357 por-

444 1394 556 1457 tas,
591 1390 753 1447 abba
780 1386 810 1446 ‘I
834 1387 992 1446 Cede
1022 1387 1179 1444 mihi
1224 1400 1406 1459 onus,
1442 1400 1592 1443 neve
1634 1384 1766 1456 ipse
1806 1383 2047 1441 vexeris
2080 1381 2093 1438 l

442 1487 556 1545 llle
601 1492 809 1544 autem
842 1504 854 1541 :
890 1485 1077 1557 Vexo,
1112 1484 1338 1557 inquit,
1379 1498 1549 1553 eum,
1582 1481 1689 1554 qui
1747 1496 1849 1538 me
1897 1486 2093 1538 vexat.

441 1585 579 1656 Ipse
608 1585 777 1643 enim
801 1598 995 1656 quum
1024 1582 1288 1640 lascivus
1315 1580 1414 1649 sit,
1450 1580 1606 1638 mihi
1644 1579 2098 1653 peregrinatio-

440 1696 549 1741 nes
575 1682 866 1754 suggerit.
904 1681 1004 1739 Sic
1036 1695 1181 1738 vero
1226 1694 1422 1752 quum
1453 1694 1517 1736 se
1544 1678 1812 1735 multum
1843 1690 2098 1749 permo-

440 1781 649 1851 visset,
682 1781 746 1836 in
776 1778 997 1837 cellam
1031 1776 1284 1835 intravit
1312 1778 1582 1835 contrito
1608 1790 1873 1847 corpore
1915 1774 2027 1850 (l).
2069 1795 2091 1826 ι
2130 1754 2170 1808 Β

519 1874 548 1953 §
584 1879 671 1935 t9.
708 1877 870 1934 Haec
914 1878 1237 1948 hucusque
1282 1874 1551 1933 Historia
1592 1874 1904 1939 Lausiaca.
1938 1887 2098 1945 quae

440 1976 503 2034 in
548 1976 873 2033 codicibus
916 1974 1505 2032 Vindobonensibus
1561 1971 1809 2044 legitur,
1842 1972 1959 2029 sub
2008 1972 2099 2028 in-

438 2073 577 2131 dice
640 2091 652 2129 :
718 2073 797 2131 De
852 2072 1120 2130 Macario
1184 2071 1623 2129 Alexandrino.
1681 2069 1973 2141 Sequitur
2034 2069 2097 2126 in

439 2170 655 2229 codice
708 2170 1188 2228 membranaceo
1244 2169 1361 2226 sub
1420 2168 1623 2225 indice
1670 2186 1682 2225 ;
1731 2186 1762 2222 (ι
1807 2168 1885 2224 De
1944 2168 2098 2225 Mar-

440 2282 513 2326 co
549 2291 575 2320 »
611 2265 725 2343 (2),
756 2268 817 2325 in
859 2266 1076 2325 codice
1116 2268 1443 2324 chartaceo
1493 2266 1610 2323 sub
1654 2265 1860 2323 indice
1896 2281 1907 2320 :
1948 2283 1977 2318 «
2020 2266 2098 2322 De

439 2366 644 2424 Marco
683 2365 1094 2423 exercitatore
1156 2359 1303 2439 »(3)
1359 2369 1546 2434 caput
1597 2364 1939 2435 quoddam,
1993 2377 2097 2419 cu-

438 2463 536 2521 ius
584 2464 856 2521 maxima
900 2475 1043 2534 pars
1086 2460 1149 2518 in
1192 2461 1376 2518 editis
1419 2460 1723 2518 Historiae
1772 2460 2097 2518 Lausiacae

436 2562 904 2632 exemplaribus
964 2559 1043 2616 de
1122 2559 1388 2616 Macario
1466 2558 1885 2616 Alexandrino
1950 2558 2091 2629 agit.

435 2658 646 2731 Neque
684 2660 819 2731 ipse
857 2657 1053 2715 codex
1105 2656 1622 2713 membranaceus
1660 2656 1779 2714 sibi
1833 2660 2089 2718 constat.

434 2757 542 2829 qui
582 2770 817 2823 senem,
880 2755 957 2813 de
1004 2769 1129 2827 quo
1179 2759 1493 2825 narratur,
1550 2751 1740 2812 modo
1798 2754 2093 2826 Marcum,

434 2854 624 2912 modo
693 2853 1033 2911 Macarium
1107 2851 1359 2909 indicat.
1439 2851 1813 2909 Chartaceus
1887 2857 2093 2909 autem

432 2966 682 3024 semper
728 2951 985 3024 quidem
1051 2949 1325 3007 Marcum
1381 2949 1681 3013 nominat,
1744 2963 1934 3021 quem
2001 2956 2093 3007 ta-

432 3062 577 3107 men
608 3063 792 3120 saepe
820 3047 844 3096 ὁ
874 3046 1197 3117 μακάριος
1256 3045 1497 3115 μάρκος
1527 3044 1615 3121 (li)
1648 3042 1767 3114 74
1793 3047 2086 3120 appellat.

430 3147 597 3216 Quae
627 3161 821 3218 quum
854 3146 938 3203 ita
964 3145 1108 3212 sint,
1140 3145 1228 3201 fas
1255 3144 1397 3215 erit,
1447 3145 1568 3202 hoc
1597 3158 1848 3217 quoque
1907 3150 2093 3216 caput

430 3244 600 3316 quod
663 3244 726 3301 in
793 3243 1121 3302 codicibus
1188 3242 1775 3300 Vindobonensibus
1832 3260 1845 3299 ε
1918 3261 1948 3296 c
2011 3242 2091 3299 De

431 3350 636 3409 Marco
688 3373 710 3402 ι
756 3349 1145 3415 inscribitur,
1193 3362 1510 3420 apponere
1536 3346 1642 3421 'et,
1696 3362 1845 3406 num
1894 3348 1959 3405 in
2014 3363 2089 3406 eo

429 3448 507 3505 de
541 3449 768 3521 Marco,
798 3462 876 3504 an
930 3447 1008 3504 de
1056 3446 1321 3504 Macario
1380 3452 1692 3514 narretur,
1752 3445 2081 3517 dispicere.

428 3544 601 3614 Quod
652 3545 909 3617 quidem
953 3545 1038 3601 ita
1083 3543 1562 3616 praestabimus,
1592 3547 1660 3601 ut
1695 3548 1932 3602 textum
1987 3557 2088 3601 co-

423 3642 582 3701 dicis
643 3642 1108 3700 membranacei
1182 3641 1369 3699 latine
1434 3641 1748 3699 redditum
1816 3656 2088 3714 appona-

424 3754 586 3814 mus,
615 3741 924 3800 variantes
966 3746 1175 3797 autem
1222 3740 1495 3798 nominis
1532 3740 1699 3797 senis
1742 3739 1911 3798 illius
1956 3740 2087 3798 lec-

424 3838 647 3907 tiones,
707 3854 866 3912 quae
940 3839 1004 3897 in
1065 3838 1281 3897 codice
1351 3838 1679 3896 chartaceo
1748 3838 2082 3910 habentur,

422 3938 541 3995 sub
586 3943 757 3996 textu
810 3942 1199 3994 annotemus.
1239 3937 1323 3994 lta
1371 3936 1541 3994 enim
1590 3935 1828 3995 codicis
1886 3951 2081 3995 mem-

425 4033 716 4092 branacei
779 4034 1048 4092 Historia
1120 4033 1407 4092 Lausiaca
1472 4048 1729 4092 narrare
1791 4037 1988 4109 pergit
2066 4052 2078 4091 :

429 4150 461 4187 «
518 4134 598 4191 De
640 4132 864 4189 eodem
917 4138 1127 4189 sancto
1185 4133 1388 4189 Marco
1441 4146 1663 4203 magno
1716 4132 2082 4190 exercitato-

431 4246 501 4291 re
529 4228 621 4306 (5)
654 4228 757 4286 hic
794 4227 1188 4285 admirabilis
1219 4229 1519 4285 Macarius
1558 4228 1677 4286 hoc
1716 4228 2084 4287 incredibile

432 4328 615 4387 nobis
662 4324 935 4384 narravit
981 4340 993 4378 :
1034 4324 1235 4393 Quum
1287 4338 1486 4395 sacro,
1537 4324 1760 4396 inquit,
1822 4340 2083 4383 munere

2212 520 2399 579 quam
2448 521 2548 564 me
2591 507 2836 565 dedisse
2885 509 3294 582 oblationem,
3346 512 3455 571 sed
3506 515 3758 586 angelus
3808 515 3868 574 ei

2212 602 2398 662 dabat
2446 604 2522 661 de
2570 605 2772 663 altari.
2833 606 2956 679 Ego
3012 622 3158 668 vero
3209 610 3411 669 solum
3465 611 3870 684 splendorem

2214 714 2433 759 manus
2474 702 2599 760 vidi
2646 705 2803 776 eius,
2845 705 2951 778 qui
2995 706 3051 764 ei
3083 706 3463 766 oblationem
3510 710 3716 768 dabat.
3754 711 3868 770 Hic

2210 812 2358 856 vero
2412 800 2651 858 Marcus
2702 816 2899 873 quum
2953 804 3162 862 iunior
3213 811 3375 864 esset
3427 805 3538 883 (6),
3588 812 3762 867 vetus
3813 816 3872 867 et

2211 910 2442 954 novum
2509 904 2946 958 testamentum
3006 903 3370 963 memoriter
3420 906 3666 977 didicit,
3719 907 3879 965 fuit-

2210 1008 2333 1067 que
2363 995 2688 1069 insigniter
2732 998 2902 1056 mitis
2954 1005 3140 1073 atque
3170 1007 3397 1071 castus,
3427 1003 3477 1061 si
3511 1006 3653 1077 quis
3682 1002 3864 1064 alius.

2295 1112 2323 1143 «
2365 1093 2644 1162 Quodam
2693 1095 2794 1153 die
2844 1111 3041 1169 quum
3097 1099 3295 1156 otium
3348 1100 3503 1159 mihi
3552 1108 3734 1172 esset,
3789 1104 3868 1161 ad

2210 1204 2357 1247 eum
2408 1191 2468 1247 in
2509 1199 2787 1250 extrema
2815 1194 2953 1252 eius
3002 1203 3316 1255 senectute
3352 1200 3628 1270 perrexi.
3670 1201 3865 1271 Quem

2210 1303 2402 1361 quum
2452 1304 2587 1362 ego,
2640 1296 2856 1363 utpote
2893 1294 3002 1365 qui
3054 1294 3229 1353 rudis
3276 1310 3501 1365 essem,
3536 1313 3725 1370 supra
3756 1300 3869 1359 ho-

2210 1385 2444 1443 minem
2496 1402 2630 1445 esse
2681 1389 3127 1454 existimarem,
3180 1398 3247 1450 ut
3277 1395 3466 1452 etiam
3516 1396 3651 1463 fuit,
3702 1398 3867 1457 ostio

2208 1484 2402 1542 cellae
2467 1484 2665 1557 ipsius
2719 1486 2933 1545 adsedi
2995 1495 3075 1559 et,
3136 1491 3289 1563 quid
3350 1492 3712 1565 loqueretur
3768 1496 3865 1553 vel

2209 1588 2439 1655 ageret,
2495 1584 2864 1642 auscultavi.
2954 1586 3134 1645 Solus
3198 1588 3389 1661 igitur
3445 1590 3611 1649 intus
3665 1608 3864 1665 quum

2209 1682 2333 1738 iam
2377 1687 2625 1739 centum
2703 1682 2831 1740 fere
2915 1699 3109 1743 annos
3183 1686 3444 1746 haberet
3521 1690 3866 1764 dentesque

2208 1779 2534 1846 amisisset,
2587 1795 2797 1838 secum
2824 1787 2885 1839 et
2929 1797 3075 1841 cum
3107 1785 3361 1844 diabolo
3404 1788 3695 1860 pugnavit
3741 1805 3857 1849 ac:

2207 1876 2366 1946 Quid
2396 1877 2667 1945 tandem,
2720 1879 2947 1951 inquit,
2983 1883 3096 1949 vis,
3149 1883 3309 1941 male
3367 1899 3551 1942 senex
3582 1883 3614 1944 ‘2
3659 1886 3743 1945 En
3772 1888 3858 1945 vi-

2209 1987 2356 2031 num
2390 1975 2602 2032 bibisti
2636 1980 2696 2032 et
2725 1977 2935 2034 oleum
2969 1978 3240 2051 tetigisti.
3277 1980 3434 2050 Quid
3466 1984 3558 2041 vis
3588 1985 3863 2056 amplius

2207 2070 2323 2129 tibi
2377 2072 2623 2142 faciam,
2665 2088 2856 2132 vorax
2904 2074 2967 2131 in
3011 2076 3256 2144 canitie,
3302 2080 3579 2139 serviens
3614 2083 3862 2142 ventri?

2207 2169 2292 2226 lta
2338 2184 2404 2227 se
2448 2169 2583 2242 ipse
2619 2174 3016 2231 contumeliis
3056 2175 3394 2248 castigavit.
3448 2178 3703 2239 Diabolo
3738 2197 3862 2240 au-

2208 2274 2379 2327 tem:
2438 2267 2702 2341 Recede,
2764 2270 2988 2343 inquit,
3046 2288 3080 2329 a
3139 2287 3261 2340 me,
3308 2273 3578 2336 diabole.
3626 2279 3860 2338 Conse-

2207 2364 2394 2424 nuisti
2445 2380 2691 2424 mecum
2741 2368 2803 2425 in
2842 2369 3112 2441 pigritia.
3170 2368 3596 2433 Infirmitatem
3626 2391 3856 2450 corpo-

2206 2464 2295 2521 ris
2351 2463 2504 2521 mihi
2565 2465 2864 2523 inﬂixisti.
2905 2467 3129 2526 Vinum
3179 2478 3238 2527 et
3274 2469 3483 2529 oleum
3522 2488 3621 2532 me
3647 2477 3859 2548 perci-

2208 2574 2358 2633 pere
2402 2562 2625 2620 fecisti.
2686 2563 3117 2636 Voluptarium
3168 2581 3268 2625 me
3312 2570 3663 2631 reddidisti.
3694 2573 3857 2642 Quid

2206 2658 2318 2715 tibi
2364 2658 2619 2731 insuper
2657 2658 2908 2720 debeo?
2938 2662 3104 2722 Nihil
3136 2663 3378 2725 invenis
3418 2667 3485 2725 in
3512 2683 3635 2737 me,
3685 2672 3855 2744 quod

2204 2755 2495 2832 deripere
2525 2758 2697 2815 velis.
2751 2760 2983 2817 Recede
3025 2775 3174 2834 ergo
3217 2778 3252 2821 a
3282 2778 3404 2831 me,
3460 2766 3714 2827 inimice
3745 2769 3855 2828 ho~

2205 2854 2469 2912 minum.
2542 2855 2625 2913 Ac
2677 2858 2866 2915 veluti
2923 2856 3082 2918 latro
3126 2857 3243 2929 75
3277 2862 3398 2921 sibi
3454 2865 3635 2937 ipse:
3696 2872 3856 2940 Age—

2205 2949 2381 3022 dum,
2427 2952 2651 3024 inquit,
2702 2959 2984 3027 nugator,
3028 2958 3091 3015 in
3130 2959 3359 3018 canitie
3398 2967 3644 3022 vorator
3687 2970 3748 3023 et
3788 2964 3852 3022 in

2204 3047 2560 3108 heluatione
2601 3066 2787 3110 senex
2823 3051 2835 3108 l
2870 3054 3176 3123 Quamdiu
3208 3058 3396 3116 etiam
3443 3063 3648 3119 tecum
3683 3076 3796 3121 ero
3824 3059 3854 3120 ?

2285 3164 2315 3198 «
2360 3146 2738 3218 Paphnutius
2766 3166 3020 3224 quoque
3065 3153 3289 3213 Christi
3324 3171 3541 3216 servus
3568 3164 3631 3218 et
3660 3174 3854 3233 prae-

2199 3243 2351 3301 clari
2388 3245 2573 3303 huius
2610 3247 2725 3305 viri
2752 3249 3099 3323 discipulus
3132 3252 3283 3312 haec
3314 3256 3495 3314 nobis
3524 3259 3802 3318 narravit
3834 3275 3848 3316 :

2198 3342 2500 3411 Quodam,
2561 3345 2789 3418 inquit,
2847 3349 2973 3421 die,
3029 3365 3226 3423 quum
3303 3351 3610 3414 Macraius
3676 3358 3852 3417 domi

2198 3440 2262 3497 in
2318 3441 2460 3500 aula
2515 3443 2760 3502 sederet
2815 3444 2907 3521 (7)
2960 3454 3021 3506 et
3049 3464 3331 3509 animum
3382 3453 3503 3512 Deo
3545 3454 3851 3516 intentum

2198 3538 2480 3610 haberet,
2530 3542 2768 3613 hyaena
2819 3547 3096 3604 catulum
3143 3562 3399 3608 caecum
3447 3565 3633 3609 suum
3678 3559 3852 3613 attu-

2197 3636 2287 3703 lit,
2341 3644 2400 3695 et
2443 3638 2603 3697 ostio
2652 3641 2831 3700 aulae
2872 3643 3074 3716 capite
3124 3647 3369 3718 puisato
3419 3649 3691 3722 ingressa
3731 3658 3847 3727 est,

2197 3734 2311 3793 illo
2358 3735 2543 3794 etiam
2592 3738 2868 3799 sedente.
2919 3742 3108 3801 Cuius
3136 3749 3275 3803 ante
3308 3747 3495 3818 pedes
3530 3762 3673 3806 eum
3707 3765 3851 3823 pro-

2196 3842 2362 3900 iecit.
2417 3842 2674 3902 Sanctus
2720 3846 2912 3919 igitur
2963 3849 3267 3910 Macarius
3321 3868 3518 3926 quum
3569 3856 3849 3916 catulum

2196 3942 2534 4015 accepisset
2565 3940 2653 4018 (8)
2686 3944 2947 4019 eiusque
2993 3947 3058 4005 in
3105 3951 3323 4009 oculos
3361 3952 3647 4024 spuisset,
3696 3967 3848 4013 ora-

2195 4039 2302 4105 vit,
2359 4045 2421 4097 et
2467 4041 2675 4098 statim
2731 4045 2974 4102 catulus
3024 4046 3205 4106 vidit.
3265 4048 3458 4118 Quem
3509 4066 3704 4124 quum
3760 4054 3846 4112 la-

2195 4140 2437 4200 ctasset,
2482 4138 2719 4210 hyaena
2749 4142 2925 4199 abiit.
2977 4143 3081 4202 Die
3132 4152 3340 4205 autem
3379 4152 3664 4221 sequenti
3716 4152 3846 4225 pei-

2196 4234 2320 4289 lem
2387 4249 2644 4307 magnae
2709 4239 2843 4296 ovis
2904 4248 3121 4302 sancto
3188 4246 3390 4305 Marco
3455 4248 3663 4307 attulit
3728 4248 3840 4326 (9),

2194 4343 2382 4401 quam
2459 4333 2715 4405 quidem
2790 4337 3019 4410 pellem
3079 4341 3132 4399 is
3214 4350 3428 4404 sancto
3509 4346 3845 4409 Athanasio

430 4426 747 4498 fungerer,
794 4428 1079 4494 tempore
1132 4421 1591 4480 distributionis
1634 4423 2081 4495 mysteriorum
2115 4458 2158 4513 ι)
2192 4428 2491 4503 episcopo
2538 4433 2839 4507 reliquit;
2888 4438 3066 4497 beata
3117 4446 3326 4501 autem
3374 4443 3633 4504 Melania
3680 4446 3841 4505 mihi

499 4674 574 4745 (t)
613 4673 827 4729 Textus
858 4683 1107 4741 graecus
1132 4667 1349 4737 legitur
1368 4668 1523 4725 infra
1544 4670 1602 4725 in
1623 4670 1837 4726 harum
1861 4670 2078 4736 Quaes-

426 4764 657 4818 tionum
690 4758 1033 4832 Appendice
1061 4757 1259 4828 priore
1287 4757 1399 4813 sub
1438 4758 1506 4813 11.

498 4852 579 4922 (2)
619 4851 871 4905 Graece:
904 4846 1277 4921 ΗερὶΜὰρχου.
1304 4846 1385 4901 Cf.
1412 4847 1629 4902 harum
1648 4848 2073 4913 Quaestionum

422 4938 827 5010 Appendicem
860 4935 1118 5007 priorem
1151 4935 1263 4988 sub
1290 4934 1336 4988 II
1369 4951 1419 4989 c.
1450 4940 1612 4991 nota.

495 5027 575 5099 (3)
615 5026 836 5082 Graece
861 5029 984 5096 Περὶ
1010 5031 1102 5076 τοῦ
1134 5025 1345 5095 Μάρκου
1379 5032 1469 5076 τοῦ
1500 5027 1763 5083 άσκήτου,
1804 5025 1885 5081 Cf.
1922 5026 2074 5083 infra

424 5115 838 5189 Appendicem
878 5113 916 5168 l.
949 5113 987 5168 l.

494 5205 571 5277 (4)
616 5205 801 5260 Litera
849 5202 1045 5273 prima
1090 5201 1350 5257 nominis
1399 5204 1622 5274 proprii
1662 5203 1723 5259 in
1763 5205 2071 5261 codicibus

419 5291 722 5348 Vindobb.
758 5289 1098 5343 minuscula
1126 5305 1259 5344 esse
1291 5288 1461 5354 solet,
1498 5291 1653 5345 unde
1685 5307 1905 5348 nomen
1940 5309 2071 5365 pro-

418 5383 614 5454 prium
644 5379 915 5451 Μακάριος
954 5378 1030 5431 ab
1070 5378 1362 5433 adiectivo
1393 5380 1647 5453 μάκαριος
1687 5380 1747 5434 in
1780 5382 1848 5435 iis
1890 5384 2067 5453 scrip-

421 5476 553 5524 tura
592 5483 712 5522 non
739 5463 950 5521 diﬁert.

489 5558 569 5629 (5)
637 5560 759 5627 Βιρὶ
820 5562 909 5607 τοῦ
970 5551 1122 5626 ἁγίου
1188 5556 1372 5608 τούτου
1432 5560 1635 5631 μάρκου
1686 5566 1778 5611 τοῦ
1839 5560 2064 5631 μεγάλου

413 5646 713 5712 dextrae...
756 5644 899 5703 Cod.
945 5644 1206 5702 chartae.
1252 5645 1467 5701 rectius
1514 5663 1529 5701 :
1581 5651 1706 5720 Περὶ
1743 5651 1947 5723 μάρκου
1972 5660 2062 5704 τοῦ

2187 4677 2277 4747 μὲν
2310 4673 2570 4735 ἁσκήτου.
2593 4720 2607 4735 .
2628 4723 2641 4736 ,

2259 4765 2334 4837 (6)
2401 4763 2563 4829 Οὗτος
2622 4765 2680 4821 δὲ
2715 4771 2741 4822 ὁ
2766 4771 2964 4846 μάρκος
2993 4777 3233 4847 νεώτερος
3263 4777 3357 4832 ὤν.
3379 4819 3392 4832 .
3416 4820 3429 4834 .
3474 4777 3621 4835 Cod.
3660 4778 3827 4836 char-

2186 4859 2347 4910 tac.:
2405 4857 2568 4921 Οὗτος
2628 4854 2748 4911 δ’ὶὸ
2805 4864 3063 4935 μακάριος
3116 4865 3315 4938 μάρκον
3374 4871 3616 4940 νεώτερος
3662 4870 3829 4927 ὧν...

2188 4943 2291 4999 Ubi
2350 4947 2547 5017 μάρκον
2601 4948 2865 5019 positum
2916 4966 3046 5007 esse
3099 4968 3208 5024 pro
3248 4955 3466 5030 μάρκος,
3510 4972 3705 5029 neque
3725 4974 3838 5030 pro

2182 5034 2408 5107 μάρκου,
2445 5041 2505 5089 ut
2550 5037 2850 5109 quispiam
2885 5038 3137 5097 fortasse
3186 5043 3520 5114 crediderit,
3546 5061 3577 5100 e
3618 5046 3839 5102 codicis

2184 5123 2478 5194 scriptura
2509 5125 2870 5196 intelligitur.

2254 5214 2459 5281 (7)
2543 5216 2888 5287 καθεζομένου
2963 5224 3055 5269 τοῦ
3110 5226 3372 5295 μακαρίου
3427 5226 3596 5280 οἴκου.
3673 5225 3828 5281 Cod.

2180 5299 2371 5355 chart.
2441 5317 2454 5355 :
2506 5345 2554 5359 ..
2620 5303 2964 5364 καθεζομένου
3012 5312 3104 5358 τοῦ
3132 5314 3393 5384 μακαρίου
3439 5315 3527 5365 καὶ
3572 5309 3835 5366 ἀθανάτου

2178 5390 2402 5462 μάρκου.

2251 5479 2328 5549 (8)
2385 5486 2575 5533 Τοῦτον
2620 5483 2707 5533 τὸν
2757 5485 2981 5553 σκύμνου
3024 5483 3189 5537 λαϐὼν
3236 5488 3263 5539 ὁ
3319 5485 3471 5560 ἅγιος
3520 5487 3823 5564 Μακάριος.

2179 5569 2323 5625 Cod.
2364 5569 2531 5625 chart
2560 5591 2571 5623 :
2605 5576 2670 5626 '1‘.
2711 5590 2762 5628 τ.
2806 5588 2895 5628 σκ.
2936 5571 2988 5631 λ.
3029 5576 3054 5626 ὁ
3082 5574 3225 5647 ἅγιος
3252 5580 3467 5650 μάρκος.

2253 5657 2331 5729 (9)
2356 5659 2576 5731 Ἠνεγκε
2600 5668 2669 5732 τῷ
2696 5658 2824 5734 ἁγίῳ
2848 5664 3031 5737 μάρκῳ
3063 5671 3309 5738 uterque
3334 5666 3549 5725 codex.
