  <div class='ocr_page' id='page_1' title='image "/cluster/home/n/w/nwhite01/storage/ocr_20150623/34/hvd.32044073501835/046.png"; bbox 0 0 4094 6208; ppageno 0'>
   <div class='ocr_carea' id='block_1_1' title="bbox 259 272 3690 333">
    <p class='ocr_par' dir='ltr' id='par_1_1' title="bbox 259 272 3690 333">
     <span class='ocr_line' id='line_1_1' title="bbox 259 272 3690 333; baseline -0.001 -1"><span class='ocrx_word' id='word_1_1' title='bbox 259 278 330 333; x_wconf 79' lang='lat'>73</span> <span class='ocrx_word' id='word_1_2' title='bbox 1864 275 2097 331; x_wconf 84' lang='lat' dir='ltr'><strong>VITAE.</strong></span> <span class='ocrx_word' id='word_1_3' title='bbox 3618 272 3690 327; x_wconf 66' lang='lat'>74</span> 
     </span>
    </p>
   </div>
   <div class='ocr_carea' id='block_1_2' title="bbox 252 403 3687 482">
    <p class='ocr_par' dir='ltr' id='par_1_2' title="bbox 252 403 3687 482">
     <span class='ocr_line' id='line_1_2' title="bbox 252 403 3687 482; baseline -0.001 -17"><span class='ocrx_word' id='word_1_4' title='bbox 252 406 437 473; x_wconf 87' lang='lat' dir='ltr'>dixit,</span> <span class='ocrx_word' id='word_1_5' title='bbox 472 421 540 464; x_wconf 91' lang='lat' dir='ltr'>se</span> <span class='ocrx_word' id='word_1_6' title='bbox 572 420 608 463; x_wconf 90' lang='lat' dir='ltr'>a</span> <span class='ocrx_word' id='word_1_7' title='bbox 639 409 848 464; x_wconf 87' lang='lat' dir='ltr'>sancto</span> <span class='ocrx_word' id='word_1_8' title='bbox 878 404 1213 464; x_wconf 83' lang='lat' dir='ltr'><strong>Athanasio</strong></span> <span class='ocrx_word' id='word_1_9' title='bbox 1256 406 1432 465; x_wconf 85' lang='lat' dir='ltr'>illam</span> <span class='ocrx_word' id='word_1_10' title='bbox 1473 406 1728 482; x_wconf 84' lang='lat' dir='ltr'>pellem,</span> <span class='ocrx_word' id='word_1_11' title='bbox 1756 420 1916 480; x_wconf 91' lang='lat' dir='ltr'>quae</span> <span class='ocrx_word' id='word_1_12' title='bbox 1947 405 1995 458; x_wconf 82' lang='grc' dir='ltr'><strong>Α</strong></span> <span class='ocrx_word' id='word_1_13' title='bbox 2026 418 2136 463; x_wconf 87' lang='lat' dir='ltr'>cus</span> <span class='ocrx_word' id='word_1_14' title='bbox 2160 403 2413 478; x_wconf 86' lang='lat' dir='ltr'>pellem,</span> <span class='ocrx_word' id='word_1_15' title='bbox 2461 407 2540 464; x_wconf 90' lang='lat' dir='ltr'>ab</span> <span class='ocrx_word' id='word_1_16' title='bbox 2568 406 2807 478; x_wconf 85' lang='lat' dir='ltr'>hyaena</span> <span class='ocrx_word' id='word_1_17' title='bbox 2856 406 2980 464; x_wconf 88' lang='lat' dir='ltr'>sibi</span> <span class='ocrx_word' id='word_1_18' title='bbox 3038 404 3335 471; x_wconf 90' lang='lat' dir='ltr'>oblatam,</span> <span class='ocrx_word' id='word_1_19' title='bbox 3371 404 3490 462; x_wconf 88' lang='lat' dir='ltr'>hoc</span> <span class='ocrx_word' id='word_1_20' title='bbox 3545 417 3687 476; x_wconf 86' lang='lat' dir='ltr'>pro-</span> 
     </span>
    </p>
   </div>
   <div class='ocr_carea' id='block_1_3' title="bbox 250 502 1913 578">
    <p class='ocr_par' dir='ltr' id='par_1_3' title="bbox 250 502 1913 578">
     <span class='ocr_line' id='line_1_3' title="bbox 250 502 1913 578; baseline -0.001 -16"><span class='ocrx_word' id='word_1_21' title='bbox 250 518 488 562; x_wconf 89' lang='lat' dir='ltr'>munus</span> <span class='ocrx_word' id='word_1_22' title='bbox 563 505 840 576; x_wconf 82' lang='lat' dir='ltr'>hyaenae</span> <span class='ocrx_word' id='word_1_23' title='bbox 904 504 1367 577; x_wconf 81' lang='lat' dir='ltr'>appellabatur,</span> <span class='ocrx_word' id='word_1_24' title='bbox 1423 505 1764 578; x_wconf 87' lang='lat' dir='ltr'>accepisse.</span> <span class='ocrx_word' id='word_1_25' title='bbox 1850 502 1913 561; x_wconf 88' lang='lat' dir='ltr'><strong>Id</strong></span> 
     </span>
    </p>
   </div>
   <div class='ocr_carea' id='block_1_4' title="bbox 248 600 1916 675">
    <p class='ocr_par' dir='ltr' id='par_1_4' title="bbox 248 600 1916 675">
     <span class='ocr_line' id='line_1_4' title="bbox 248 600 1916 675; baseline -0.001 -14"><span class='ocrx_word' id='word_1_26' title='bbox 248 608 464 661; x_wconf 87' lang='lat' dir='ltr'>autem</span> <span class='ocrx_word' id='word_1_27' title='bbox 540 602 843 659; x_wconf 88' lang='lat' dir='ltr'>Dominus</span> <span class='ocrx_word' id='word_1_28' title='bbox 905 600 1068 670; x_wconf 88' lang='lat' dir='ltr'>fecit,</span> <span class='ocrx_word' id='word_1_29' title='bbox 1134 607 1200 661; x_wconf 91' lang='lat' dir='ltr'>ut</span> <span class='ocrx_word' id='word_1_30' title='bbox 1268 602 1622 675; x_wconf 89' lang='lat' dir='ltr'>gloriosum</span> <span class='ocrx_word' id='word_1_31' title='bbox 1686 602 1916 661; x_wconf 70' lang='lat' dir='ltr'>redde~</span> 
     </span>
    </p>
   </div>
   <div class='ocr_carea' id='block_1_5' title="bbox 249 699 1914 765">
    <p class='ocr_par' dir='ltr' id='par_1_5' title="bbox 249 699 1914 765">
     <span class='ocr_line' id='line_1_5' title="bbox 249 699 1914 765; baseline -0.001 -6"><span class='ocrx_word' id='word_1_32' title='bbox 249 706 346 759; x_wconf 89' lang='lat' dir='ltr'>ret</span> <span class='ocrx_word' id='word_1_33' title='bbox 404 714 658 758; x_wconf 89' lang='lat' dir='ltr'>servum</span> <span class='ocrx_word' id='word_1_34' title='bbox 717 713 929 765; x_wconf 85' lang='lat' dir='ltr'>suum,</span> <span class='ocrx_word' id='word_1_35' title='bbox 991 699 1151 758; x_wconf 82' lang='lat' dir='ltr'>sicut</span> <span class='ocrx_word' id='word_1_36' title='bbox 1197 700 1387 759; x_wconf 90' lang='lat' dir='ltr'>etiam</span> <span class='ocrx_word' id='word_1_37' title='bbox 1446 701 1510 759; x_wconf 92' lang='lat' dir='ltr'>in</span> <span class='ocrx_word' id='word_1_38' title='bbox 1562 701 1693 759; x_wconf 90' lang='lat' dir='ltr'>Elia</span> <span class='ocrx_word' id='word_1_39' title='bbox 1741 705 1803 759; x_wconf 91' lang='lat' dir='ltr'>et</span> <span class='ocrx_word' id='word_1_40' title='bbox 1852 700 1914 758; x_wconf 93' lang='lat' dir='ltr'>in</span> 
     </span>
    </p>
   </div>
   <div class='ocr_carea' id='block_1_6' title="bbox 255 798 701 858">
    <p class='ocr_par' dir='ltr' id='par_1_6' title="bbox 255 798 701 858">
     <span class='ocr_line' id='line_1_6' title="bbox 255 798 701 858; baseline -0.004 -1"><span class='ocrx_word' id='word_1_41' title='bbox 255 798 507 858; x_wconf 86' lang='lat' dir='ltr'>Daniele</span> <span class='ocrx_word' id='word_1_42' title='bbox 534 798 701 855; x_wconf 85' lang='lat' dir='ltr'>fecit.</span> 
     </span>
    </p>
   </div>
   <div class='ocr_carea' id='block_1_7' title="bbox 348 895 1917 971">
    <p class='ocr_par' dir='ltr' id='par_1_7' title="bbox 348 895 1917 971">
     <span class='ocr_line' id='line_1_7' title="bbox 348 895 1917 971; baseline 0.004 -22"><span class='ocrx_word' id='word_1_43' title='bbox 348 916 377 949; x_wconf 76' lang='grc' dir='ltr'>ιι</span> <span class='ocrx_word' id='word_1_44' title='bbox 409 895 745 955; x_wconf 82' lang='lat' dir='ltr'>Dicebatur</span> <span class='ocrx_word' id='word_1_45' title='bbox 798 897 901 955; x_wconf 88' lang='lat' dir='ltr'>hic</span> <span class='ocrx_word' id='word_1_46' title='bbox 948 900 1212 961; x_wconf 84' lang='lat' dir='ltr'>sanctus,</span> <span class='ocrx_word' id='word_1_47' title='bbox 1251 910 1328 954; x_wconf 88' lang='lat' dir='ltr'>ex</span> <span class='ocrx_word' id='word_1_48' title='bbox 1383 911 1509 969; x_wconf 94' lang='lat' dir='ltr'>quo</span> <span class='ocrx_word' id='word_1_49' title='bbox 1568 898 1917 971; x_wconf 84' lang='lat' dir='ltr'>baptizatus</span> 
     </span>
    </p>
   </div>
   <div class='ocr_carea' id='block_1_8' title="bbox 261 994 1899 1069">
    <p class='ocr_par' dir='ltr' id='par_1_8' title="bbox 261 994 1899 1069">
     <span class='ocr_line' id='line_1_8' title="bbox 261 994 1899 1069; baseline -0.002 -14"><span class='ocrx_word' id='word_1_50' title='bbox 261 1000 441 1061; x_wconf 84' lang='lat' dir='ltr'>esset,</span> <span class='ocrx_word' id='word_1_51' title='bbox 479 995 651 1052; x_wconf 83' lang='lat' dir='ltr'>humi</span> <span class='ocrx_word' id='word_1_52' title='bbox 694 1008 820 1052; x_wconf 92' lang='lat' dir='ltr'>non</span> <span class='ocrx_word' id='word_1_53' title='bbox 864 994 1111 1067; x_wconf 86' lang='lat' dir='ltr'>spuisse</span> <span class='ocrx_word' id='word_1_54' title='bbox 1157 1010 1267 1067; x_wconf 88' lang='lat' dir='ltr'>per</span> <span class='ocrx_word' id='word_1_55' title='bbox 1315 995 1630 1069; x_wconf 77' lang='lat' dir='ltr'>sexaginta</span> <span class='ocrx_word' id='word_1_56' title='bbox 1674 1010 1899 1054; x_wconf 90' lang='lat' dir='ltr'>annos.</span> 
     </span>
    </p>
   </div>
   <div class='ocr_carea' id='block_1_9' title="bbox 266 1091 1915 1167">
    <p class='ocr_par' dir='ltr' id='par_1_9' title="bbox 266 1091 1915 1167">
     <span class='ocr_line' id='line_1_9' title="bbox 266 1091 1915 1167; baseline 0.001 -16"><span class='ocrx_word' id='word_1_57' title='bbox 266 1096 469 1152; x_wconf 77' lang='lat' dir='ltr'>Annos</span> <span class='ocrx_word' id='word_1_58' title='bbox 544 1091 717 1151; x_wconf 91' lang='lat' dir='ltr'>enim</span> <span class='ocrx_word' id='word_1_59' title='bbox 808 1093 1219 1167; x_wconf 84' lang='lat' dir='ltr'>quadraginta</span> <span class='ocrx_word' id='word_1_60' title='bbox 1299 1098 1479 1152; x_wconf 89' lang='lat' dir='ltr'>natus</span> <span class='ocrx_word' id='word_1_61' title='bbox 1563 1094 1915 1166; x_wconf 87' lang='lat' dir='ltr'>baptizatus</span> 
     </span>
    </p>
   </div>
   <div class='ocr_carea' id='block_1_10' title="bbox 258 1188 1914 1262">
    <p class='ocr_par' dir='ltr' id='par_1_10' title="bbox 258 1188 1914 1262">
     <span class='ocr_line' id='line_1_10' title="bbox 258 1188 1914 1262; baseline 0.001 -13"><span class='ocrx_word' id='word_1_62' title='bbox 258 1195 350 1249; x_wconf 86' lang='lat' dir='ltr'>est</span> <span class='ocrx_word' id='word_1_63' title='bbox 378 1188 485 1262; x_wconf 68' lang='grc' dir='ltr'>(ί).</span> <span class='ocrx_word' id='word_1_64' title='bbox 515 1190 761 1249; x_wconf 90' lang='lat' dir='ltr'>Statura</span> <span class='ocrx_word' id='word_1_65' title='bbox 804 1196 1013 1250; x_wconf 87' lang='lat' dir='ltr'>autem</span> <span class='ocrx_word' id='word_1_66' title='bbox 1071 1190 1178 1250; x_wconf 89' lang='lat' dir='ltr'>illa</span> <span class='ocrx_word' id='word_1_67' title='bbox 1226 1196 1422 1249; x_wconf 87' lang='lat' dir='ltr'>aetate</span> <span class='ocrx_word' id='word_1_68' title='bbox 1474 1192 1620 1249; x_wconf 86' lang='lat' dir='ltr'>satis</span> <span class='ocrx_word' id='word_1_69' title='bbox 1670 1192 1914 1251; x_wconf 89' lang='lat' dir='ltr'>minuta</span> 
     </span>
    </p>
   </div>
   <div class='ocr_carea' id='block_1_11' title="bbox 252 1288 1915 1363">
    <p class='ocr_par' dir='ltr' id='par_1_11' title="bbox 252 1288 1915 1363">
     <span class='ocr_line' id='line_1_11' title="bbox 252 1288 1915 1363; baseline 0.001 -16"><span class='ocrx_word' id='word_1_70' title='bbox 252 1305 324 1347; x_wconf 89' lang='lat' dir='ltr'>ac</span> <span class='ocrx_word' id='word_1_71' title='bbox 363 1304 507 1347; x_wconf 87' lang='lat' dir='ltr'>rara</span> <span class='ocrx_word' id='word_1_72' title='bbox 546 1288 659 1347; x_wconf 81' lang='lat' dir='ltr'>fuit</span> <span class='ocrx_word' id='word_1_73' title='bbox 694 1306 707 1359; x_wconf 90' lang='lat'><strong>;</strong></span> <span class='ocrx_word' id='word_1_74' title='bbox 744 1288 907 1361; x_wconf 90' lang='lat' dir='ltr'>pilos</span> <span class='ocrx_word' id='word_1_75' title='bbox 953 1290 1018 1347; x_wconf 92' lang='lat' dir='ltr'>in</span> <span class='ocrx_word' id='word_1_76' title='bbox 1046 1292 1181 1349; x_wconf 89' lang='lat' dir='ltr'>solo</span> <span class='ocrx_word' id='word_1_77' title='bbox 1235 1289 1411 1348; x_wconf 89' lang='lat' dir='ltr'>labro</span> <span class='ocrx_word' id='word_1_78' title='bbox 1444 1290 1682 1358; x_wconf 82' lang='lat' dir='ltr'>habuit,</span> <span class='ocrx_word' id='word_1_79' title='bbox 1729 1296 1915 1363; x_wconf 91' lang='lat' dir='ltr'>atque</span> 
     </span>
    </p>
   </div>
   <div class='ocr_carea' id='block_1_12' title="bbox 252 1387 1913 1461">
    <p class='ocr_par' dir='ltr' id='par_1_12' title="bbox 252 1387 1913 1461">
     <span class='ocr_line' id='line_1_12' title="bbox 252 1387 1913 1461; baseline 0.001 -16"><span class='ocrx_word' id='word_1_80' title='bbox 252 1387 315 1445; x_wconf 91' lang='lat' dir='ltr'>in</span> <span class='ocrx_word' id='word_1_81' title='bbox 362 1400 665 1460; x_wconf 87' lang='lat' dir='ltr'>suprema</span> <span class='ocrx_word' id='word_1_82' title='bbox 708 1392 884 1460; x_wconf 91' lang='lat' dir='ltr'>parte</span> <span class='ocrx_word' id='word_1_83' title='bbox 933 1388 1124 1446; x_wconf 90' lang='lat' dir='ltr'>menti</span> <span class='ocrx_word' id='word_1_84' title='bbox 1182 1387 1403 1445; x_wconf 84' lang='lat' dir='ltr'>habuit</span> <span class='ocrx_word' id='word_1_85' title='bbox 1453 1402 1702 1461; x_wconf 92' lang='lat' dir='ltr'>paucos.</span> <span class='ocrx_word' id='word_1_86' title='bbox 1762 1390 1913 1447; x_wconf 87' lang='lat' dir='ltr'>Nam</span> 
     </span>
    </p>
   </div>
   <div class='ocr_carea' id='block_1_13' title="bbox 254 1484 1911 1559">
    <p class='ocr_par' dir='ltr' id='par_1_13' title="bbox 254 1484 1911 1559">
     <span class='ocr_line' id='line_1_13' title="bbox 254 1484 1911 1559; baseline 0.002 -17"><span class='ocrx_word' id='word_1_87' title='bbox 254 1489 521 1559; x_wconf 87' lang='lat' dir='ltr'>propter</span> <span class='ocrx_word' id='word_1_88' title='bbox 578 1484 808 1543; x_wconf 90' lang='lat' dir='ltr'>nimios</span> <span class='ocrx_word' id='word_1_89' title='bbox 844 1485 1308 1544; x_wconf 82' lang='lat' dir='ltr'>exercitationis</span> <span class='ocrx_word' id='word_1_90' title='bbox 1382 1486 1628 1545; x_wconf 89' lang='lat' dir='ltr'>labores</span> <span class='ocrx_word' id='word_1_91' title='bbox 1676 1500 1754 1545; x_wconf 91' lang='lat' dir='ltr'>ne</span> <span class='ocrx_word' id='word_1_92' title='bbox 1802 1486 1911 1559; x_wconf 88' lang='lat' dir='ltr'>pili</span> 
     </span>
    </p>
   </div>
   <div class='ocr_carea' id='block_1_14' title="bbox 251 1581 1287 1657">
    <p class='ocr_par' dir='ltr' id='par_1_14' title="bbox 251 1581 1287 1657">
     <span class='ocr_line' id='line_1_14' title="bbox 251 1581 1287 1657; baseline 0 -17"><span class='ocrx_word' id='word_1_93' title='bbox 251 1581 520 1657; x_wconf 86' lang='lat' dir='ltr'>quidem</span> <span class='ocrx_word' id='word_1_94' title='bbox 545 1583 737 1640; x_wconf 89' lang='lat' dir='ltr'>menti</span> <span class='ocrx_word' id='word_1_95' title='bbox 764 1582 900 1641; x_wconf 89' lang='lat' dir='ltr'>eius</span> <span class='ocrx_word' id='word_1_96' title='bbox 927 1583 1093 1641; x_wconf 91' lang='lat' dir='ltr'>enati</span> <span class='ocrx_word' id='word_1_97' title='bbox 1124 1587 1287 1641; x_wconf 88' lang='lat' dir='ltr'>sunt.</span> 
     </span>
    </p>
   </div>
   <div class='ocr_carea' id='block_1_15' title="bbox 332 1679 1909 1753">
    <p class='ocr_par' dir='ltr' id='par_1_15' title="bbox 332 1679 1909 1753">
     <span class='ocr_line' id='line_1_15' title="bbox 332 1679 1909 1753; baseline 0.004 -19"><span class='ocrx_word' id='word_1_98' title='bbox 332 1699 363 1734; x_wconf 75' lang='grc' dir='ltr'><strong><em>α</em></strong></span> <span class='ocrx_word' id='word_1_99' title='bbox 414 1681 590 1739; x_wconf 88' lang='lat' dir='ltr'>Hunc</span> <span class='ocrx_word' id='word_1_100' title='bbox 630 1684 912 1739; x_wconf 82' lang='lat' dir='ltr'>sanctum</span> <span class='ocrx_word' id='word_1_101' title='bbox 942 1679 1051 1738; x_wconf 85' lang='lat' dir='ltr'>die</span> <span class='ocrx_word' id='word_1_102' title='bbox 1099 1681 1373 1753; x_wconf 90' lang='lat' dir='ltr'>quodam</span> <span class='ocrx_word' id='word_1_103' title='bbox 1416 1683 1675 1740; x_wconf 85' lang='lat' dir='ltr'>conveni</span> <span class='ocrx_word' id='word_1_104' title='bbox 1731 1683 1909 1741; x_wconf 88' lang='lat' dir='ltr'>valde</span> 
     </span>
    </p>
   </div>
   <div class='ocr_carea' id='block_1_16' title="bbox 2027 503 3683 577">
    <p class='ocr_par' dir='ltr' id='par_1_16' title="bbox 2027 503 3683 577">
     <span class='ocr_line' id='line_1_16' title="bbox 2027 503 3683 577; baseline -0.002 -15"><span class='ocrx_word' id='word_1_105' title='bbox 2027 504 2167 577; x_wconf 86' lang='lat' dir='ltr'>logo</span> <span class='ocrx_word' id='word_1_106' title='bbox 2238 507 2412 571; x_wconf 91' lang='lat' dir='ltr'>teste,</span> <span class='ocrx_word' id='word_1_107' title='bbox 2471 503 2528 562; x_wconf 92' lang='lat' dir='ltr'>S.</span> <span class='ocrx_word' id='word_1_108' title='bbox 2603 505 2871 564; x_wconf 89' lang='lat' dir='ltr'>Macario</span> <span class='ocrx_word' id='word_1_109' title='bbox 2944 504 3224 577; x_wconf 90' lang='lat' dir='ltr'>reliquit,</span> <span class='ocrx_word' id='word_1_110' title='bbox 3280 519 3313 560; x_wconf 91' lang='lat' dir='ltr'>a</span> <span class='ocrx_word' id='word_1_111' title='bbox 3365 516 3492 575; x_wconf 90' lang='lat' dir='ltr'>quo</span> <span class='ocrx_word' id='word_1_112' title='bbox 3545 516 3683 559; x_wconf 92' lang='lat' dir='ltr'>eam</span> 
     </span>
    </p>
   </div>
   <div class='ocr_carea' id='block_1_17' title="bbox 2024 600 2793 679">
    <p class='ocr_par' dir='ltr' id='par_1_17' title="bbox 2024 600 2793 679">
     <span class='ocr_line' id='line_1_17' title="bbox 2024 600 2793 679; baseline -0.005 -18"><span class='ocrx_word' id='word_1_113' title='bbox 2024 602 2084 661; x_wconf 93' lang='lat' dir='ltr'>S.</span> <span class='ocrx_word' id='word_1_114' title='bbox 2120 602 2385 660; x_wconf 89' lang='lat' dir='ltr'>Melania</span> <span class='ocrx_word' id='word_1_115' title='bbox 2408 602 2648 674; x_wconf 92' lang='lat' dir='ltr'>accepit</span> <span class='ocrx_word' id='word_1_116' title='bbox 2678 600 2793 679; x_wconf 89' lang='lat'>(9).</span> 
     </span>
    </p>
   </div>
   <div class='ocr_carea' id='block_1_18' title="bbox 2106 698 3667 773">
    <p class='ocr_par' dir='ltr' id='par_1_18' title="bbox 2106 698 3667 773">
     <span class='ocr_line' id='line_1_18' title="bbox 2106 698 3667 773; baseline -0.001 -15"><span class='ocrx_word' id='word_1_117' title='bbox 2106 702 2261 773; x_wconf 89' lang='lat' dir='ltr'>Ergo</span> <span class='ocrx_word' id='word_1_118' title='bbox 2316 701 2375 758; x_wconf 92' lang='lat' dir='ltr'>in</span> <span class='ocrx_word' id='word_1_119' title='bbox 2406 700 2646 767; x_wconf 80' lang='lat' dir='ltr'>codice,</span> <span class='ocrx_word' id='word_1_120' title='bbox 2694 716 2727 757; x_wconf 91' lang='lat' dir='ltr'>e</span> <span class='ocrx_word' id='word_1_121' title='bbox 2768 715 2892 772; x_wconf 91' lang='lat' dir='ltr'>quo</span> <span class='ocrx_word' id='word_1_122' title='bbox 2942 701 3239 773; x_wconf 86' lang='lat' dir='ltr'>prologus</span> <span class='ocrx_word' id='word_1_123' title='bbox 3281 698 3667 770; x_wconf 91' lang='lat' dir='ltr'>compilaba-</span> 
     </span>
    </p>
   </div>
   <div class='ocr_carea' id='block_1_19' title="bbox 2026 797 3680 868">
    <p class='ocr_par' dir='ltr' id='par_1_19' title="bbox 2026 797 3680 868">
     <span class='ocr_line' id='line_1_19' title="bbox 2026 797 3680 868; baseline -0.002 -11"><span class='ocrx_word' id='word_1_124' title='bbox 2026 806 2148 868; x_wconf 89' lang='lat' dir='ltr'>tur,</span> <span class='ocrx_word' id='word_1_125' title='bbox 2182 813 2279 855; x_wconf 88' lang='lat' dir='ltr'>res</span> <span class='ocrx_word' id='word_1_126' title='bbox 2300 797 2446 855; x_wconf 91' lang='lat' dir='ltr'>illae</span> <span class='ocrx_word' id='word_1_127' title='bbox 2477 812 2597 855; x_wconf 93' lang='lat' dir='ltr'>non</span> <span class='ocrx_word' id='word_1_128' title='bbox 2634 798 2840 856; x_wconf 90' lang='lat' dir='ltr'>minus</span> <span class='ocrx_word' id='word_1_129' title='bbox 2864 798 2941 855; x_wconf 91' lang='lat' dir='ltr'>de</span> <span class='ocrx_word' id='word_1_130' title='bbox 2996 800 3197 856; x_wconf 85' lang='lat' dir='ltr'>Marco</span> <span class='ocrx_word' id='word_1_131' title='bbox 3231 801 3514 854; x_wconf 89' lang='lat' dir='ltr'>narratae</span> <span class='ocrx_word' id='word_1_132' title='bbox 3543 810 3680 854; x_wconf 90' lang='lat' dir='ltr'>esse</span> 
     </span>
    </p>
   </div>
   <div class='ocr_carea' id='block_1_20' title="bbox 2024 897 2336 955">
    <p class='ocr_par' dir='ltr' id='par_1_20' title="bbox 2024 897 2336 955">
     <span class='ocr_line' id='line_1_20' title="bbox 2024 897 2336 955; baseline -0.006 -2"><span class='ocrx_word' id='word_1_133' title='bbox 2024 897 2336 955; x_wconf 89' lang='lat' dir='ltr'>videntur.</span> 
     </span>
    </p>
   </div>
   <div class='ocr_carea' id='block_1_21' title="bbox 2103 990 3680 1065">
    <p class='ocr_par' dir='ltr' id='par_1_21' title="bbox 2103 990 3680 1065">
     <span class='ocr_line' id='line_1_21' title="bbox 2103 990 3680 1065; baseline -0.001 -14"><span class='ocrx_word' id='word_1_134' title='bbox 2103 995 2261 1065; x_wconf 88' lang='lat' dir='ltr'>Quid</span> <span class='ocrx_word' id='word_1_135' title='bbox 2301 999 2530 1063; x_wconf 91' lang='lat' dir='ltr'>autem,</span> <span class='ocrx_word' id='word_1_136' title='bbox 2599 994 2650 1053; x_wconf 95' lang='lat' dir='ltr'>si</span> <span class='ocrx_word' id='word_1_137' title='bbox 2707 995 2767 1051; x_wconf 91' lang='lat' dir='ltr'>in</span> <span class='ocrx_word' id='word_1_138' title='bbox 2825 993 3149 1051; x_wconf 88' lang='lat' dir='ltr'>codicibus</span> <span class='ocrx_word' id='word_1_139' title='bbox 3188 990 3680 1051; x_wconf 89' lang='lat' dir='ltr'>Vindobonensi-</span> 
     </span>
    </p>
   </div>
   <div class='ocr_carea' id='block_1_22' title="bbox 2025 1090 3677 1163">
    <p class='ocr_par' dir='ltr' id='par_1_22' title="bbox 2025 1090 3677 1163">
     <span class='ocr_line' id='line_1_22' title="bbox 2025 1090 3677 1163; baseline -0.002 -12"><span class='ocrx_word' id='word_1_140' title='bbox 2025 1094 2142 1151; x_wconf 93' lang='lat' dir='ltr'>bus</span> <span class='ocrx_word' id='word_1_141' title='bbox 2171 1094 2234 1150; x_wconf 92' lang='lat' dir='ltr'>in</span> <span class='ocrx_word' id='word_1_142' title='bbox 2259 1092 2368 1151; x_wconf 91' lang='lat' dir='ltr'>illo</span> <span class='ocrx_word' id='word_1_143' title='bbox 2410 1093 2613 1163; x_wconf 88' lang='lat' dir='ltr'>capite</span> <span class='ocrx_word' id='word_1_144' title='bbox 2660 1098 2935 1151; x_wconf 91' lang='lat' dir='ltr'>erratum</span> <span class='ocrx_word' id='word_1_145' title='bbox 2967 1090 3099 1149; x_wconf 87' lang='lat' dir='ltr'>sit?</span> <span class='ocrx_word' id='word_1_146' title='bbox 3151 1090 3332 1159; x_wconf 85' lang='lat' dir='ltr'>Quid,</span> <span class='ocrx_word' id='word_1_147' title='bbox 3385 1090 3437 1147; x_wconf 89' lang='lat' dir='ltr'>si</span> <span class='ocrx_word' id='word_1_148' title='bbox 3490 1090 3677 1147; x_wconf 88' lang='lat' dir='ltr'>index</span> 
     </span>
    </p>
   </div>
   <div class='ocr_carea' id='block_1_23' title="bbox 2025 1186 3675 1264">
    <p class='ocr_par' dir='ltr' id='par_1_23' title="bbox 2025 1186 3675 1264">
     <span class='ocr_line' id='line_1_23' title="bbox 2025 1186 3675 1264; baseline -0.004 -17"><span class='ocrx_word' id='word_1_149' title='bbox 2025 1190 2172 1248; x_wconf 89' lang='lat' dir='ltr'>ille:</span> <span class='ocrx_word' id='word_1_150' title='bbox 2209 1212 2236 1241; x_wconf 91' lang='grc'>‹‹</span> <span class='ocrx_word' id='word_1_151' title='bbox 2275 1191 2352 1247; x_wconf 88' lang='lat' dir='ltr'>De</span> <span class='ocrx_word' id='word_1_152' title='bbox 2384 1191 2587 1248; x_wconf 89' lang='lat' dir='ltr'>Marco</span> <span class='ocrx_word' id='word_1_153' title='bbox 2639 1210 2669 1245; x_wconf 87' lang='lat'>»</span> <span class='ocrx_word' id='word_1_154' title='bbox 2727 1188 2999 1264; x_wconf 85' lang='lat' dir='ltr'>margini</span> <span class='ocrx_word' id='word_1_155' title='bbox 3058 1186 3411 1259; x_wconf 89' lang='lat' dir='ltr'>adscriptus</span> <span class='ocrx_word' id='word_1_156' title='bbox 3458 1200 3675 1257; x_wconf 90' lang='lat' dir='ltr'>reapse</span> 
     </span>
    </p>
   </div>
   <div class='ocr_carea' id='block_1_24' title="bbox 2023 1282 3677 1361">
    <p class='ocr_par' dir='ltr' id='par_1_24' title="bbox 2023 1282 3677 1361">
     <span class='ocr_line' id='line_1_24' title="bbox 2023 1282 3677 1361; baseline -0.004 -15"><span class='ocrx_word' id='word_1_157' title='bbox 2023 1289 2099 1346; x_wconf 91' lang='lat' dir='ltr'>ad</span> <span class='ocrx_word' id='word_1_158' title='bbox 2128 1288 2325 1345; x_wconf 90' lang='lat' dir='ltr'>solam</span> <span class='ocrx_word' id='word_1_159' title='bbox 2372 1288 2793 1361; x_wconf 88' lang='lat' dir='ltr'>prodigiosam</span> <span class='ocrx_word' id='word_1_160' title='bbox 2846 1286 3094 1345; x_wconf 88' lang='lat' dir='ltr'>Macarii</span> <span class='ocrx_word' id='word_1_161' title='bbox 3139 1283 3546 1343; x_wconf 82' lang='lat' dir='ltr'>Alexandrini</span> <span class='ocrx_word' id='word_1_162' title='bbox 3599 1282 3677 1340; x_wconf 92' lang='lat' dir='ltr'>de</span> 
     </span>
    </p>
   </div>
   <div class='ocr_carea' id='block_1_25' title="bbox 2024 1382 3681 1457">
    <p class='ocr_par' dir='ltr' id='par_1_25' title="bbox 2024 1382 3681 1457">
     <span class='ocr_line' id='line_1_25' title="bbox 2024 1382 3681 1457; baseline -0.003 -15"><span class='ocrx_word' id='word_1_163' title='bbox 2024 1385 2249 1454; x_wconf 91' lang='lat' dir='ltr'>Marco,</span> <span class='ocrx_word' id='word_1_164' title='bbox 2280 1386 2380 1444; x_wconf 92' lang='lat' dir='ltr'>cui</span> <span class='ocrx_word' id='word_1_165' title='bbox 2410 1386 2792 1444; x_wconf 89' lang='lat' dir='ltr'>oblationem</span> <span class='ocrx_word' id='word_1_166' title='bbox 2840 1384 3099 1457; x_wconf 78' lang='lat' dir='ltr'>angelus</span> <span class='ocrx_word' id='word_1_167' title='bbox 3148 1382 3415 1451; x_wconf 88' lang='lat' dir='ltr'>dederit,</span> <span class='ocrx_word' id='word_1_168' title='bbox 3451 1394 3681 1438; x_wconf 89' lang='lat' dir='ltr'>narra-</span> 
     </span>
    </p>
   </div>
   <div class='ocr_carea' id='block_1_26' title="bbox 2024 1480 3679 1556">
    <p class='ocr_par' dir='ltr' id='par_1_26' title="bbox 2024 1480 3679 1556">
     <span class='ocr_line' id='line_1_26' title="bbox 2024 1480 3679 1556; baseline -0.003 -16"><span class='ocrx_word' id='word_1_169' title='bbox 2024 1484 2256 1542; x_wconf 91' lang='lat' dir='ltr'>tionem</span> <span class='ocrx_word' id='word_1_170' title='bbox 2304 1484 2592 1556; x_wconf 86' lang='lat' dir='ltr'>pertinet,</span> <span class='ocrx_word' id='word_1_171' title='bbox 2628 1499 2695 1541; x_wconf 89' lang='lat' dir='ltr'>ac</span> <span class='ocrx_word' id='word_1_172' title='bbox 2727 1483 2970 1541; x_wconf 87' lang='lat' dir='ltr'>librarii</span> <span class='ocrx_word' id='word_1_173' title='bbox 3000 1483 3136 1554; x_wconf 89' lang='lat' dir='ltr'>ipso</span> <span class='ocrx_word' id='word_1_174' title='bbox 3168 1482 3284 1539; x_wconf 91' lang='lat' dir='ltr'>hoc</span> <span class='ocrx_word' id='word_1_175' title='bbox 3327 1480 3558 1546; x_wconf 87' lang='lat' dir='ltr'>indice,</span> <span class='ocrx_word' id='word_1_176' title='bbox 3611 1482 3679 1536; x_wconf 91' lang='lat' dir='ltr'>ut</span> 
     </span>
    </p>
   </div>
   <div class='ocr_carea' id='block_1_27' title="bbox 2022 1579 3678 1650">
    <p class='ocr_par' dir='ltr' id='par_1_27' title="bbox 2022 1579 3678 1650">
     <span class='ocr_line' id='line_1_27' title="bbox 2022 1579 3678 1650; baseline -0.004 -11"><span class='ocrx_word' id='word_1_177' title='bbox 2022 1586 2127 1639; x_wconf 89' lang='lat' dir='ltr'>aut</span> <span class='ocrx_word' id='word_1_178' title='bbox 2196 1596 2423 1639; x_wconf 92' lang='lat' dir='ltr'>nomen</span> <span class='ocrx_word' id='word_1_179' title='bbox 2475 1580 2731 1650; x_wconf 77' lang='grc' dir='ltr'>μακάριος</span> <span class='ocrx_word' id='word_1_180' title='bbox 2792 1581 2855 1638; x_wconf 92' lang='lat' dir='ltr'>in</span> <span class='ocrx_word' id='word_1_181' title='bbox 2913 1579 3108 1650; x_wconf 78' lang='grc' dir='ltr'><strong><em>μάρκος</em></strong></span> <span class='ocrx_word' id='word_1_182' title='bbox 3182 1582 3513 1644; x_wconf 88' lang='lat' dir='ltr'>mutarent,</span> <span class='ocrx_word' id='word_1_183' title='bbox 3573 1579 3678 1634; x_wconf 88' lang='lat' dir='ltr'>aut</span> 
     </span>
    </p>
   </div>
   <div class='ocr_carea' id='block_1_28' title="bbox 2020 1674 3667 1748">
    <p class='ocr_par' dir='ltr' id='par_1_28' title="bbox 2020 1674 3667 1748">
     <span class='ocr_line' id='line_1_28' title="bbox 2020 1674 3667 1748; baseline -0.002 -13"><span class='ocrx_word' id='word_1_184' title='bbox 2020 1680 2156 1737; x_wconf 92' lang='lat' dir='ltr'>voci</span> <span class='ocrx_word' id='word_1_185' title='bbox 2187 1678 2446 1748; x_wconf 75' lang='grc' dir='ltr'>μακάριος</span> <span class='ocrx_word' id='word_1_186' title='bbox 2475 1679 2734 1737; x_wconf 91' lang='lat' dir='ltr'>alteram</span> <span class='ocrx_word' id='word_1_187' title='bbox 2792 1677 2992 1747; x_wconf 79' lang='grc' dir='ltr'>μάρκος</span> <span class='ocrx_word' id='word_1_188' title='bbox 3039 1677 3361 1743; x_wconf 89' lang='lat' dir='ltr'>adderent,</span> <span class='ocrx_word' id='word_1_189' title='bbox 3415 1674 3667 1733; x_wconf 89' lang='lat' dir='ltr'>adducti</span> 
     </span>
    </p>
   </div>
   <div class='ocr_carea' id='block_1_29' title="bbox 246 1759 2204 1857">
    <p class='ocr_par' dir='ltr' id='par_1_29' title="bbox 246 1759 2204 1857">
     <span class='ocr_line' id='line_1_29' title="bbox 246 1759 2204 1857; baseline -0.002 -21"><span class='ocrx_word' id='word_1_190' title='bbox 246 1780 475 1837; x_wconf 82' lang='lat' dir='ltr'>anxius</span> <span class='ocrx_word' id='word_1_191' title='bbox 520 1778 731 1835; x_wconf 90' lang='lat' dir='ltr'>animo</span> <span class='ocrx_word' id='word_1_192' title='bbox 782 1784 844 1836; x_wconf 90' lang='lat' dir='ltr'>et</span> <span class='ocrx_word' id='word_1_193' title='bbox 885 1796 897 1835; x_wconf 91' lang='lat'>:</span> <span class='ocrx_word' id='word_1_194' title='bbox 950 1776 1147 1844; x_wconf 86' lang='lat' dir='ltr'>Abba,</span> <span class='ocrx_word' id='word_1_195' title='bbox 1207 1778 1486 1851; x_wconf 90' lang='lat' dir='ltr'>inquam,</span> <span class='ocrx_word' id='word_1_196' title='bbox 1546 1781 1745 1838; x_wconf 88' lang='lat' dir='ltr'>Marce</span> <span class='ocrx_word' id='word_1_197' title='bbox 1794 1778 1904 1857; x_wconf 78' lang='lat'>(2),</span> <span class='ocrx_word' id='word_1_198' title='bbox 1946 1759 1987 1813; x_wconf 75' lang='grc' dir='ltr'><strong>Β</strong></span> <span class='ocrx_word' id='word_1_199' title='bbox 2020 1774 2204 1834; x_wconf 89' lang='lat' dir='ltr'>suntl</span> 
     </span>
    </p>
   </div>
   <div class='ocr_carea' id='block_1_30' title="bbox 244 1874 1909 1950">
    <p class='ocr_par' dir='ltr' id='par_1_30' title="bbox 244 1874 1909 1950">
     <span class='ocr_line' id='line_1_30' title="bbox 244 1874 1909 1950; baseline 0.001 -16"><span class='ocrx_word' id='word_1_200' title='bbox 244 1876 402 1950; x_wconf 90' lang='lat' dir='ltr'>quid</span> <span class='ocrx_word' id='word_1_201' title='bbox 481 1874 752 1941; x_wconf 86' lang='lat' dir='ltr'>faciam;</span> <span class='ocrx_word' id='word_1_202' title='bbox 817 1889 960 1932; x_wconf 88' lang='lat' dir='ltr'>nam</span> <span class='ocrx_word' id='word_1_203' title='bbox 1014 1876 1289 1949; x_wconf 81' lang='lat' dir='ltr'>aﬂligunt</span> <span class='ocrx_word' id='word_1_204' title='bbox 1345 1891 1445 1935; x_wconf 87' lang='lat' dir='ltr'>me</span> <span class='ocrx_word' id='word_1_205' title='bbox 1503 1878 1909 1950; x_wconf 81' lang='lat' dir='ltr'>cogitationes</span> 
     </span>
    </p>
   </div>
   <div class='ocr_carea' id='block_1_31' title="bbox 244 1972 1901 2042">
    <p class='ocr_par' dir='ltr' id='par_1_31' title="bbox 244 1972 1901 2042">
     <span class='ocr_line' id='line_1_31' title="bbox 244 1972 1901 2042; baseline 0.003 -11"><span class='ocrx_word' id='word_1_206' title='bbox 244 1973 711 2031; x_wconf 88' lang='lat' dir='ltr'>insusurrantes</span> <span class='ocrx_word' id='word_1_207' title='bbox 756 1972 912 2031; x_wconf 91' lang='lat' dir='ltr'>mihi</span> <span class='ocrx_word' id='word_1_208' title='bbox 951 1988 963 2029; x_wconf 91' lang='lat'>:</span> <span class='ocrx_word' id='word_1_209' title='bbox 1013 1973 1177 2031; x_wconf 81' lang='lat' dir='ltr'>Nihil</span> <span class='ocrx_word' id='word_1_210' title='bbox 1225 1974 1414 2042; x_wconf 86' lang='lat' dir='ltr'>facis;</span> <span class='ocrx_word' id='word_1_211' title='bbox 1465 1976 1686 2035; x_wconf 89' lang='lat' dir='ltr'>recede</span> <span class='ocrx_word' id='word_1_212' title='bbox 1735 1976 1901 2036; x_wconf 91' lang='lat' dir='ltr'>hinc.</span> 
     </span>
    </p>
   </div>
   <div class='ocr_carea' id='block_1_32' title="bbox 245 2071 1906 2149">
    <p class='ocr_par' dir='ltr' id='par_1_32' title="bbox 245 2071 1906 2149">
     <span class='ocr_line' id='line_1_32' title="bbox 245 2071 1906 2149; baseline 0.001 -19"><span class='ocrx_word' id='word_1_213' title='bbox 245 2071 695 2131; x_wconf 86' lang='lat' dir='ltr'>Sanctisslmus</span> <span class='ocrx_word' id='word_1_214' title='bbox 748 2072 989 2131; x_wconf 89' lang='lat' dir='ltr'>Marcus</span> <span class='ocrx_word' id='word_1_215' title='bbox 1041 2071 1197 2129; x_wconf 88' lang='lat' dir='ltr'>mihi</span> <span class='ocrx_word' id='word_1_216' title='bbox 1254 2074 1578 2145; x_wconf 86' lang='lat' dir='ltr'>respondit</span> <span class='ocrx_word' id='word_1_217' title='bbox 1604 2072 1738 2149; x_wconf 90' lang='lat'>(3):</span> <span class='ocrx_word' id='word_1_218' title='bbox 1801 2076 1906 2133; x_wconf 91' lang='lat' dir='ltr'>Dic</span> 
     </span>
    </p>
   </div>
   <div class='ocr_carea' id='block_1_33' title="bbox 246 2169 1903 2243">
    <p class='ocr_par' dir='ltr' id='par_1_33' title="bbox 246 2169 1903 2243">
     <span class='ocr_line' id='line_1_33' title="bbox 246 2169 1903 2243; baseline 0.002 -16"><span class='ocrx_word' id='word_1_219' title='bbox 246 2174 335 2236; x_wconf 86' lang='lat' dir='ltr'>tu,</span> <span class='ocrx_word' id='word_1_220' title='bbox 369 2170 598 2242; x_wconf 86' lang='lat' dir='ltr'>inquit,</span> <span class='ocrx_word' id='word_1_221' title='bbox 616 2169 1098 2243; x_wconf 79' lang='lat' dir='ltr'>cogitationibus</span> <span class='ocrx_word' id='word_1_222' title='bbox 1120 2170 1243 2228; x_wconf 89' lang='lat' dir='ltr'>tuis</span> <span class='ocrx_word' id='word_1_223' title='bbox 1267 2188 1279 2226; x_wconf 89' lang='lat'><strong>:</strong></span> <span class='ocrx_word' id='word_1_224' title='bbox 1307 2171 1566 2242; x_wconf 88' lang='lat' dir='ltr'>Propter</span> <span class='ocrx_word' id='word_1_225' title='bbox 1592 2171 1903 2230; x_wconf 86' lang='lat' dir='ltr'>Christum</span> 
     </span>
    </p>
   </div>
   <div class='ocr_carea' id='block_1_34' title="bbox 246 2267 1905 2343">
    <p class='ocr_par' dir='ltr' id='par_1_34' title="bbox 246 2267 1905 2343">
     <span class='ocr_line' id='line_1_34' title="bbox 246 2267 1905 2343; baseline 0.003 -20"><span class='ocrx_word' id='word_1_226' title='bbox 246 2267 522 2340; x_wconf 84' lang='lat' dir='ltr'>parietes</span> <span class='ocrx_word' id='word_1_227' title='bbox 572 2273 690 2343; x_wconf 74' lang='lat'>76</span> <span class='ocrx_word' id='word_1_228' title='bbox 740 2267 1044 2326; x_wconf 90' lang='lat' dir='ltr'>custodio.</span> <span class='ocrx_word' id='word_1_229' title='bbox 1101 2268 1261 2325; x_wconf 86' lang='lat' dir='ltr'>Haec</span> <span class='ocrx_word' id='word_1_230' title='bbox 1305 2268 1563 2341; x_wconf 90' lang='lat' dir='ltr'>quidem</span> <span class='ocrx_word' id='word_1_231' title='bbox 1605 2285 1637 2327; x_wconf 90' lang='lat' dir='ltr'>e</span> <span class='ocrx_word' id='word_1_232' title='bbox 1692 2268 1905 2328; x_wconf 90' lang='lat' dir='ltr'>multis</span> 
     </span>
    </p>
   </div>
   <div class='ocr_carea' id='block_1_35' title="bbox 246 2365 1904 2440">
    <p class='ocr_par' dir='ltr' id='par_1_35' title="bbox 246 2365 1904 2440">
     <span class='ocr_line' id='line_1_35' title="bbox 246 2365 1904 2440; baseline 0.001 -17"><span class='ocrx_word' id='word_1_233' title='bbox 246 2365 619 2437; x_wconf 79' lang='lat' dir='ltr'>magnisque</span> <span class='ocrx_word' id='word_1_234' title='bbox 648 2365 839 2438; x_wconf 82' lang='lat' dir='ltr'>signis</span> <span class='ocrx_word' id='word_1_235' title='bbox 868 2379 940 2422; x_wconf 91' lang='lat' dir='ltr'>ac</span> <span class='ocrx_word' id='word_1_236' title='bbox 962 2366 1413 2426; x_wconf 88' lang='lat' dir='ltr'>certaminibus</span> <span class='ocrx_word' id='word_1_237' title='bbox 1445 2368 1659 2440; x_wconf 89' lang='lat' dir='ltr'>inclyti</span> <span class='ocrx_word' id='word_1_238' title='bbox 1685 2374 1744 2426; x_wconf 93' lang='lat' dir='ltr'>et</span> <span class='ocrx_word' id='word_1_239' title='bbox 1776 2368 1904 2425; x_wconf 88' lang='lat' dir='ltr'>vir-</span> 
     </span>
    </p>
   </div>
   <div class='ocr_carea' id='block_1_36' title="bbox 244 2461 1323 2538">
    <p class='ocr_par' dir='ltr' id='par_1_36' title="bbox 244 2461 1323 2538">
     <span class='ocr_line' id='line_1_36' title="bbox 244 2461 1323 2538; baseline -0.005 -18"><span class='ocrx_word' id='word_1_240' title='bbox 244 2467 380 2520; x_wconf 88' lang='lat' dir='ltr'>tute</span> <span class='ocrx_word' id='word_1_241' title='bbox 405 2462 611 2521; x_wconf 88' lang='lat' dir='ltr'>ornati</span> <span class='ocrx_word' id='word_1_242' title='bbox 642 2462 828 2520; x_wconf 86' lang='lat' dir='ltr'>Marci</span> <span class='ocrx_word' id='word_1_243' title='bbox 858 2461 943 2538; x_wconf 86' lang='grc'>(4)</span> <span class='ocrx_word' id='word_1_244' title='bbox 976 2463 1267 2521; x_wconf 90' lang='lat' dir='ltr'>indicavi.</span> <span class='ocrx_word' id='word_1_245' title='bbox 1295 2485 1323 2515; x_wconf 83' lang='grc'><strong>››</strong></span> 
     </span>
    </p>
   </div>
   <div class='ocr_carea' id='block_1_37' title="bbox 331 2557 1904 2622">
    <p class='ocr_par' dir='ltr' id='par_1_37' title="bbox 331 2557 1904 2622">
     <span class='ocr_line' id='line_1_37' title="bbox 331 2557 1904 2622; baseline 0.003 -4"><span class='ocrx_word' id='word_1_246' title='bbox 331 2557 485 2618; x_wconf 90' lang='lat' dir='ltr'>Cum</span> <span class='ocrx_word' id='word_1_247' title='bbox 527 2559 777 2619; x_wconf 90' lang='lat' dir='ltr'>duobus</span> <span class='ocrx_word' id='word_1_248' title='bbox 832 2561 1158 2619; x_wconf 88' lang='lat' dir='ltr'>codicibus</span> <span class='ocrx_word' id='word_1_249' title='bbox 1198 2561 1785 2622; x_wconf 89' lang='lat' dir='ltr'>Vindobonensibus</span> <span class='ocrx_word' id='word_1_250' title='bbox 1826 2564 1904 2622; x_wconf 92' lang='lat' dir='ltr'>de</span> 
     </span>
    </p>
   </div>
   <div class='ocr_carea' id='block_1_38' title="bbox 246 2657 1905 2734">
    <p class='ocr_par' dir='ltr' id='par_1_38' title="bbox 246 2657 1905 2734">
     <span class='ocr_line' id='line_1_38' title="bbox 246 2657 1905 2734; baseline 0.002 -17"><span class='ocrx_word' id='word_1_251' title='bbox 246 2659 366 2717; x_wconf 87' lang='lat' dir='ltr'>hoc</span> <span class='ocrx_word' id='word_1_252' title='bbox 417 2657 557 2716; x_wconf 91' lang='lat' dir='ltr'>loco</span> <span class='ocrx_word' id='word_1_253' title='bbox 604 2659 1075 2731; x_wconf 87' lang='lat' dir='ltr'>componendus</span> <span class='ocrx_word' id='word_1_254' title='bbox 1104 2663 1196 2717; x_wconf 91' lang='lat' dir='ltr'>est</span> <span class='ocrx_word' id='word_1_255' title='bbox 1241 2660 1463 2719; x_wconf 89' lang='lat' dir='ltr'>tertius</span> <span class='ocrx_word' id='word_1_256' title='bbox 1494 2661 1751 2734; x_wconf 88' lang='lat' dir='ltr'>quidam</span> <span class='ocrx_word' id='word_1_257' title='bbox 1789 2677 1905 2721; x_wconf 87' lang='lat' dir='ltr'>co-</span> 
     </span>
    </p>
   </div>
   <div class='ocr_carea' id='block_1_39' title="bbox 243 2754 1898 2843">
    <p class='ocr_par' dir='ltr' id='par_1_39' title="bbox 243 2754 1898 2843">
     <span class='ocr_line' id='line_1_39' title="bbox 243 2754 1898 2843; baseline 0.002 -28"><span class='ocrx_word' id='word_1_258' title='bbox 243 2757 379 2843; x_wconf 22' lang='lat' dir='ltr'>dex.</span> <span class='ocrx_word' id='word_1_259' title='bbox 398 2754 820 2814; x_wconf 89' lang='lat' dir='ltr'>bibliothecae</span> <span class='ocrx_word' id='word_1_260' title='bbox 869 2756 1204 2815; x_wconf 89' lang='lat' dir='ltr'>Caesareae</span> <span class='ocrx_word' id='word_1_261' title='bbox 1248 2757 1746 2818; x_wconf 88' lang='lat' dir='ltr'>Vindobonensis</span> <span class='ocrx_word' id='word_1_262' title='bbox 1790 2757 1898 2837; x_wconf 83' lang='lat'>(5),</span> 
     </span>
    </p>
   </div>
   <div class='ocr_carea' id='block_1_40' title="bbox 244 2853 1902 2927">
    <p class='ocr_par' dir='ltr' id='par_1_40' title="bbox 244 2853 1902 2927">
     <span class='ocr_line' id='line_1_40' title="bbox 244 2853 1902 2927; baseline 0.004 -16"><span class='ocrx_word' id='word_1_263' title='bbox 244 2855 307 2912; x_wconf 90' lang='lat' dir='ltr'>in</span> <span class='ocrx_word' id='word_1_264' title='bbox 372 2869 503 2927; x_wconf 90' lang='lat' dir='ltr'>quo</span> <span class='ocrx_word' id='word_1_265' title='bbox 578 2853 891 2926; x_wconf 88' lang='lat' dir='ltr'>capitibus</span> <span class='ocrx_word' id='word_1_266' title='bbox 962 2855 1241 2913; x_wconf 88' lang='lat' dir='ltr'>asseticis</span> <span class='ocrx_word' id='word_1_267' title='bbox 1307 2855 1635 2915; x_wconf 90' lang='lat' dir='ltr'>cuiusdam</span> <span class='ocrx_word' id='word_1_268' title='bbox 1718 2859 1902 2917; x_wconf 88' lang='lat' dir='ltr'>Marci</span> 
     </span>
    </p>
   </div>
   <div class='ocr_carea' id='block_1_41' title="bbox 245 2946 1903 3024">
    <p class='ocr_par' dir='ltr' id='par_1_41' title="bbox 245 2946 1903 3024">
     <span class='ocr_line' id='line_1_41' title="bbox 245 2946 1903 3024; baseline 0.002 -23"><span class='ocrx_word' id='word_1_269' title='bbox 245 2951 612 3023; x_wconf 75' lang='lat' dir='ltr'>inscriptis:</span> <span class='ocrx_word' id='word_1_270' title='bbox 648 2954 751 3000; x_wconf 80' lang='grc' dir='ltr'>Τοῦ</span> <span class='ocrx_word' id='word_1_271' title='bbox 987 2951 1192 3021; x_wconf 77' lang='grc' dir='ltr'>μάρκου</span> <span class='ocrx_word' id='word_1_272' title='bbox 1238 2955 1352 3023; x_wconf 81' lang='grc' dir='ltr'>περὶ</span> <span class='ocrx_word' id='word_1_273' title='bbox 1406 2959 1497 3003; x_wconf 78' lang='grc' dir='ltr'>τοῦ</span> <span class='ocrx_word' id='word_1_274' title='bbox 1552 2960 1903 3024; x_wconf 79' lang='grc' dir='ltr'>πνευματικοῦ</span> 
     </span>
    </p>
   </div>
   <div class='ocr_carea' id='block_1_42' title="bbox 243 3047 1905 3129">
    <p class='ocr_par' dir='ltr' id='par_1_42' title="bbox 243 3047 1905 3129">
     <span class='ocr_line' id='line_1_42' title="bbox 243 3047 1905 3129; baseline 0.005 -24"><span class='ocrx_word' id='word_1_275' title='bbox 243 3049 403 3117; x_wconf 69' lang='grc' dir='ltr'>νόμον</span> <span class='ocrx_word' id='word_1_276' title='bbox 443 3047 528 3125; x_wconf 89' lang='lat'>(6)</span> <span class='ocrx_word' id='word_1_277' title='bbox 586 3052 880 3122; x_wconf 87' lang='lat' dir='ltr'>prologus</span> <span class='ocrx_word' id='word_1_278' title='bbox 950 3051 1372 3124; x_wconf 88' lang='lat' dir='ltr'>praemittitur</span> <span class='ocrx_word' id='word_1_279' title='bbox 1443 3050 1529 3129; x_wconf 89' lang='lat'>(7)</span> <span class='ocrx_word' id='word_1_280' title='bbox 1602 3069 1636 3111; x_wconf 92' lang='lat' dir='ltr'>e</span> <span class='ocrx_word' id='word_1_281' title='bbox 1702 3056 1905 3127; x_wconf 88' lang='lat' dir='ltr'>capite</span> 
     </span>
    </p>
   </div>
   <div class='ocr_carea' id='block_1_43' title="bbox 238 3147 1906 3224">
    <p class='ocr_par' dir='ltr' id='par_1_43' title="bbox 238 3147 1906 3224">
     <span class='ocr_line' id='line_1_43' title="bbox 238 3147 1906 3224; baseline 0.003 -19"><span class='ocrx_word' id='word_1_282' title='bbox 238 3147 555 3206; x_wconf 87' lang='lat' dir='ltr'>Historiae</span> <span class='ocrx_word' id='word_1_283' title='bbox 610 3147 960 3215; x_wconf 86' lang='lat' dir='ltr'>Lausiacae,</span> <span class='ocrx_word' id='word_1_284' title='bbox 1013 3149 1183 3221; x_wconf 91' lang='lat' dir='ltr'>quod</span> <span class='ocrx_word' id='word_1_285' title='bbox 1250 3150 1597 3211; x_wconf 90' lang='lat' dir='ltr'>attulimus.</span> <span class='ocrx_word' id='word_1_286' title='bbox 1652 3152 1906 3224; x_wconf 88' lang='lat' dir='ltr'>compi-</span> 
     </span>
    </p>
   </div>
   <div class='ocr_carea' id='block_1_44' title="bbox 240 3243 1906 3318">
    <p class='ocr_par' dir='ltr' id='par_1_44' title="bbox 240 3243 1906 3318">
     <span class='ocr_line' id='line_1_44' title="bbox 240 3243 1906 3318; baseline 0.002 -15"><span class='ocrx_word' id='word_1_287' title='bbox 240 3247 431 3304; x_wconf 89' lang='lat' dir='ltr'>latus.</span> <span class='ocrx_word' id='word_1_288' title='bbox 491 3244 607 3315; x_wconf 86' lang='lat' dir='ltr'>Qui</span> <span class='ocrx_word' id='word_1_289' title='bbox 659 3245 880 3318; x_wconf 85' lang='lat' dir='ltr'>incipit</span> <span class='ocrx_word' id='word_1_290' title='bbox 936 3243 1379 3307; x_wconf 74' lang='grc' dir='ltr'>νθτῠὶδεοῦτος</span> <span class='ocrx_word' id='word_1_291' title='bbox 1434 3246 1458 3297; x_wconf 83' lang='grc' dir='ltr'><em>ὁ</em></span> <span class='ocrx_word' id='word_1_292' title='bbox 1512 3245 1766 3308; x_wconf 64' lang='grc' dir='ltr'>ἀθάνατος</span> <span class='ocrx_word' id='word_1_293' title='bbox 1818 3253 1906 3300; x_wconf 81' lang='grc' dir='ltr'>καὶ</span> 
     </span>
    </p>
   </div>
   <div class='ocr_carea' id='block_1_45' title="bbox 241 3342 1906 3415">
    <p class='ocr_par' dir='ltr' id='par_1_45' title="bbox 241 3342 1906 3415">
     <span class='ocr_line' id='line_1_45' title="bbox 241 3342 1906 3415; baseline 0.003 -23"><span class='ocrx_word' id='word_1_294' title='bbox 241 3344 505 3415; x_wconf 72' lang='grc' dir='ltr'>μακάριος</span> <span class='ocrx_word' id='word_1_295' title='bbox 578 3344 778 3415; x_wconf 77' lang='grc' dir='ltr'>μάρκος</span> <span class='ocrx_word' id='word_1_296' title='bbox 837 3346 1074 3415; x_wconf 75' lang='grc' dir='ltr'>νεώτερος</span> <span class='ocrx_word' id='word_1_297' title='bbox 1139 3343 1205 3393; x_wconf 80' lang='grc' dir='ltr'>ὧν</span> <span class='ocrx_word' id='word_1_298' title='bbox 1285 3342 1511 3395; x_wconf 78' lang='grc' dir='ltr'>παλαιὰν</span> <span class='ocrx_word' id='word_1_299' title='bbox 1576 3349 1665 3396; x_wconf 80' lang='grc' dir='ltr'>καὶ</span> <span class='ocrx_word' id='word_1_300' title='bbox 1728 3350 1906 3403; x_wconf 82' lang='grc' dir='ltr'>καίνην</span> 
     </span>
    </p>
   </div>
   <div class='ocr_carea' id='block_1_46' title="bbox 1028 3444 1494 3521">
    <p class='ocr_par' dir='ltr' id='par_1_46' title="bbox 1028 3444 1494 3521">
     <span class='ocr_line' id='line_1_46' title="bbox 1028 3444 1494 3521; baseline 0 -19"><span class='ocrx_word' id='word_1_301' title='bbox 1028 3444 1183 3502; x_wconf 89' lang='lat' dir='ltr'>Tum</span> <span class='ocrx_word' id='word_1_302' title='bbox 1209 3445 1494 3521; x_wconf 88' lang='lat' dir='ltr'>sequitur</span> 
     </span>
    </p>
   </div>
   <div class='ocr_carea' id='block_1_47' title="bbox 239 3535 1906 3613">
    <p class='ocr_par' dir='ltr' id='par_1_47' title="bbox 239 3535 1906 3613">
     <span class='ocr_line' id='line_1_47' title="bbox 239 3535 1906 3613; baseline 0.002 -24"><span class='ocrx_word' id='word_1_303' title='bbox 239 3557 333 3589; x_wconf 78' lang='grc' dir='ltr'>του</span> <span class='ocrx_word' id='word_1_304' title='bbox 382 3540 477 3608; x_wconf 71' lang='grc' dir='ltr'>ἔφη</span> <span class='ocrx_word' id='word_1_305' title='bbox 530 3538 556 3588; x_wconf 97' lang='lat'>6</span> <span class='ocrx_word' id='word_1_306' title='bbox 606 3540 696 3609; x_wconf 62' lang='grc' dir='ltr'>μὲν</span> <span class='ocrx_word' id='word_1_307' title='bbox 753 3540 1008 3610; x_wconf 77' lang='grc' dir='ltr'>μακάριος</span> <span class='ocrx_word' id='word_1_308' title='bbox 1038 3540 1063 3590; x_wconf 89' lang='lat'>6</span> <span class='ocrx_word' id='word_1_309' title='bbox 1121 3535 1508 3612; x_wconf 72' lang='grc' dir='ltr'>Ἀλεξάνδρινος</span> <span class='ocrx_word' id='word_1_310' title='bbox 1555 3539 1906 3613; x_wconf 78' lang='grc' dir='ltr'>πρεσβύτερος</span> 
     </span>
    </p>
   </div>
   <div class='ocr_carea' id='block_1_48' title="bbox 237 3436 1909 3517">
    <p class='ocr_par' dir='ltr' id='par_1_48' title="bbox 237 3436 1909 3517">
     <span class='ocr_line' id='line_1_48' title="bbox 237 3436 1909 3517; baseline 0.003 -28"><span class='ocrx_word' id='word_1_311' title='bbox 237 3444 451 3510; x_wconf 65' lang='grc' dir='ltr'>γραφὴν</span> <span class='ocrx_word' id='word_1_312' title='bbox 502 3436 960 3496; x_wconf 76' lang='grc' dir='ltr'><strong>ἀπεστήθισεν....</strong></span> <span class='ocrx_word' id='word_1_313' title='bbox 1028 3444 1183 3502; x_wconf 85' lang='lat' dir='ltr'>Tum</span> <span class='ocrx_word' id='word_1_314' title='bbox 1209 3445 1494 3517; x_wconf 85' lang='lat' dir='ltr'>sequitur</span> <span class='ocrx_word' id='word_1_315' title='bbox 1558 3458 1569 3497; x_wconf 76' lang='grc' dir='ltr'>ε</span> <span class='ocrx_word' id='word_1_316' title='bbox 1619 3449 1740 3517; x_wconf 79' lang='grc' dir='ltr'>Περὶ</span> <span class='ocrx_word' id='word_1_317' title='bbox 1791 3446 1909 3495; x_wconf 79' lang='grc' dir='ltr'>τού·</span> 
     </span>
    </p>
   </div>
   <div class='ocr_carea' id='block_1_49' title="bbox 240 3633 1907 3713">
    <p class='ocr_par' dir='ltr' id='par_1_49' title="bbox 240 3633 1907 3713">
     <span class='ocr_line' id='line_1_49' title="bbox 240 3633 1907 3713; baseline 0.004 -28"><span class='ocrx_word' id='word_1_318' title='bbox 240 3640 333 3700; x_wconf 72' lang='grc' dir='ltr'>ὧν,</span> <span class='ocrx_word' id='word_1_319' title='bbox 368 3638 453 3687; x_wconf 79' lang='grc' dir='ltr'>ὅτι</span> <span class='ocrx_word' id='word_1_320' title='bbox 491 3636 676 3709; x_wconf 75' lang='grc' dir='ltr'><em>μάρκῳ</em></span> <span class='ocrx_word' id='word_1_321' title='bbox 726 3643 799 3686; x_wconf 81' lang='grc' dir='ltr'>τῶ</span> <span class='ocrx_word' id='word_1_322' title='bbox 843 3635 1048 3708; x_wconf 77' lang='grc' dir='ltr'>ἀσκητῇ</span> <span class='ocrx_word' id='word_1_323' title='bbox 1095 3633 1346 3689; x_wconf 71' lang='grc' dir='ltr'>οὐδέποτε</span> <span class='ocrx_word' id='word_1_324' title='bbox 1389 3634 1563 3689; x_wconf 74' lang='grc' dir='ltr'><em>ἔδωκα</em></span> <span class='ocrx_word' id='word_1_325' title='bbox 1603 3638 1703 3709; x_wconf 74' lang='grc' dir='ltr'>ἐγὼ</span> <span class='ocrx_word' id='word_1_326' title='bbox 1744 3646 1907 3713; x_wconf 80' lang='grc' dir='ltr'>προσ·</span> 
     </span>
    </p>
   </div>
   <div class='ocr_carea' id='block_1_50' title="bbox 248 3727 1901 3813">
    <p class='ocr_par' dir='ltr' id='par_1_50' title="bbox 248 3727 1901 3813">
     <span class='ocr_line' id='line_1_50' title="bbox 248 3727 1901 3813; baseline 0.008 -38"><span class='ocrx_word' id='word_1_327' title='bbox 248 3728 510 3813; x_wconf 70' lang='grc' dir='ltr'>φοράν....</span> <span class='ocrx_word' id='word_1_328' title='bbox 566 3727 694 3798; x_wconf 91' lang='lat' dir='ltr'>Qua</span> <span class='ocrx_word' id='word_1_329' title='bbox 742 3729 1098 3787; x_wconf 88' lang='lat' dir='ltr'>narratione</span> <span class='ocrx_word' id='word_1_330' title='bbox 1177 3730 1253 3788; x_wconf 92' lang='lat' dir='ltr'>de</span> <span class='ocrx_word' id='word_1_331' title='bbox 1328 3731 1667 3797; x_wconf 89' lang='lat' dir='ltr'>oblatione,</span> <span class='ocrx_word' id='word_1_332' title='bbox 1714 3747 1901 3805; x_wconf 89' lang='lat' dir='ltr'>quam</span> 
     </span>
    </p>
   </div>
   <div class='ocr_carea' id='block_1_51' title="bbox 249 3826 1900 3901">
    <p class='ocr_par' dir='ltr' id='par_1_51' title="bbox 249 3826 1900 3901">
     <span class='ocr_line' id='line_1_51' title="bbox 249 3826 1900 3901; baseline 0.003 -18"><span class='ocrx_word' id='word_1_333' title='bbox 249 3827 461 3884; x_wconf 85' lang='lat' dir='ltr'>Marco</span> <span class='ocrx_word' id='word_1_334' title='bbox 520 3826 654 3884; x_wconf 88' lang='lat' dir='ltr'>seni</span> <span class='ocrx_word' id='word_1_335' title='bbox 716 3827 970 3899; x_wconf 88' lang='lat' dir='ltr'>angelus</span> <span class='ocrx_word' id='word_1_336' title='bbox 1030 3827 1296 3897; x_wconf 88' lang='lat' dir='ltr'>dederit,</span> <span class='ocrx_word' id='word_1_337' title='bbox 1369 3826 1564 3901; x_wconf 84' lang='lat' dir='ltr'>ﬁnita,</span> <span class='ocrx_word' id='word_1_338' title='bbox 1640 3831 1900 3888; x_wconf 87' lang='lat' dir='ltr'>alteram</span> 
     </span>
    </p>
   </div>
   <div class='ocr_carea' id='block_1_52' title="bbox 239 3923 1901 4000">
    <p class='ocr_par' dir='ltr' id='par_1_52' title="bbox 239 3923 1901 4000">
     <span class='ocr_line' id='line_1_52' title="bbox 239 3923 1901 4000; baseline 0.004 -20"><span class='ocrx_word' id='word_1_339' title='bbox 239 3923 398 3996; x_wconf 89' lang='lat' dir='ltr'>legis</span> <span class='ocrx_word' id='word_1_340' title='bbox 446 3924 524 3982; x_wconf 94' lang='lat' dir='ltr'>de</span> <span class='ocrx_word' id='word_1_341' title='bbox 571 3924 779 3982; x_wconf 90' lang='lat' dir='ltr'>catulo</span> <span class='ocrx_word' id='word_1_342' title='bbox 822 3939 892 3981; x_wconf 91' lang='lat' dir='ltr'>ac</span> <span class='ocrx_word' id='word_1_343' title='bbox 947 3925 1108 3999; x_wconf 91' lang='lat' dir='ltr'>pelle</span> <span class='ocrx_word' id='word_1_344' title='bbox 1166 3926 1464 3998; x_wconf 88' lang='lat' dir='ltr'>hyaenae,</span> <span class='ocrx_word' id='word_1_345' title='bbox 1518 3942 1639 4000; x_wconf 87' lang='lat' dir='ltr'>que</span> <span class='ocrx_word' id='word_1_346' title='bbox 1680 3927 1901 3999; x_wconf 90' lang='lat' dir='ltr'>incipit</span> 
     </span>
    </p>
   </div>
   <div class='ocr_carea' id='block_1_53' title="bbox 238 4018 1898 4093">
    <p class='ocr_par' dir='ltr' id='par_1_53' title="bbox 238 4018 1898 4093">
     <span class='ocr_line' id='line_1_53' title="bbox 238 4018 1898 4093; baseline 0.002 -23"><span class='ocrx_word' id='word_1_347' title='bbox 238 4021 500 4080; x_wconf 77' lang='lat' dir='ltr'>verbis;</span> <span class='ocrx_word' id='word_1_348' title='bbox 551 4018 724 4078; x_wconf 74' lang='grc' dir='ltr'>Οὕτως</span> <span class='ocrx_word' id='word_1_349' title='bbox 778 4020 802 4069; x_wconf 86' lang='lat'>6</span> <span class='ocrx_word' id='word_1_350' title='bbox 831 4022 995 4090; x_wconf 70' lang='grc' dir='ltr'>μέγας</span> <span class='ocrx_word' id='word_1_351' title='bbox 1049 4024 1138 4071; x_wconf 77' lang='grc' dir='ltr'>καὶ</span> <span class='ocrx_word' id='word_1_352' title='bbox 1192 4018 1440 4081; x_wconf 75' lang='grc' dir='ltr'>ἀθάνατος</span> <span class='ocrx_word' id='word_1_353' title='bbox 1475 4023 1674 4093; x_wconf 76' lang='grc' dir='ltr'>μάρκος</span> <span class='ocrx_word' id='word_1_354' title='bbox 1714 4038 1726 4050; x_wconf 87' lang='grc'><strong><em>⁸</em></strong></span> <span class='ocrx_word' id='word_1_355' title='bbox 1775 4028 1898 4075; x_wconf 74' lang='grc' dir='ltr'>ποτε</span> 
     </span>
    </p>
   </div>
   <div class='ocr_carea' id='block_1_54' title="bbox 237 4115 1895 4194">
    <p class='ocr_par' dir='ltr' id='par_1_54' title="bbox 237 4115 1895 4194">
     <span class='ocr_line' id='line_1_54' title="bbox 237 4115 1895 4194; baseline 0.004 -27"><span class='ocrx_word' id='word_1_356' title='bbox 237 4117 591 4189; x_wconf 73' lang='grc' dir='ltr'>καθεζομένου</span> <span class='ocrx_word' id='word_1_357' title='bbox 668 4115 715 4167; x_wconf 81' lang='grc' dir='ltr'><strong>ἐν</strong></span> <span class='ocrx_word' id='word_1_358' title='bbox 785 4125 845 4189; x_wconf 82' lang='grc' dir='ltr'>τῇ</span> <span class='ocrx_word' id='word_1_359' title='bbox 908 4118 1035 4190; x_wconf 75' lang='grc' dir='ltr'>αὐλῇ</span> <span class='ocrx_word' id='word_1_360' title='bbox 1096 4126 1185 4179; x_wconf 85' lang='grc' dir='ltr'>τῆς</span> <span class='ocrx_word' id='word_1_361' title='bbox 1237 4118 1417 4182; x_wconf 80' lang='grc' dir='ltr'>κέλλης</span> <span class='ocrx_word' id='word_1_362' title='bbox 1470 4120 1630 4173; x_wconf 77' lang='grc' dir='ltr'>αὐτοῦ</span> <span class='ocrx_word' id='word_1_363' title='bbox 1689 4126 1779 4173; x_wconf 83' lang='grc' dir='ltr'>καί</span> <span class='ocrx_word' id='word_1_364' title='bbox 1825 4131 1895 4194; x_wconf 84' lang='grc' dir='ltr'>τῷ</span> 
     </span>
    </p>
   </div>
   <div class='ocr_carea' id='block_1_55' title="bbox 239 4214 1896 4293">
    <p class='ocr_par' dir='ltr' id='par_1_55' title="bbox 239 4214 1896 4293">
     <span class='ocr_line' id='line_1_55' title="bbox 239 4214 1896 4293; baseline 0.003 -25"><span class='ocrx_word' id='word_1_365' title='bbox 239 4218 341 4286; x_wconf 81' lang='grc' dir='ltr'>θεῷ</span> <span class='ocrx_word' id='word_1_366' title='bbox 392 4214 833 4288; x_wconf 63' lang='grc' dir='ltr'>προσομιλοῦντος</span> <span class='ocrx_word' id='word_1_367' title='bbox 905 4216 1060 4268; x_wconf 77' lang='grc' dir='ltr'><strong>ὕαινα</strong></span> <span class='ocrx_word' id='word_1_368' title='bbox 1116 4220 1202 4268; x_wconf 83' lang='grc' dir='ltr'>τὸν</span> <span class='ocrx_word' id='word_1_369' title='bbox 1269 4217 1455 4280; x_wconf 83' lang='grc' dir='ltr'>ἑαυτῆς</span> <span class='ocrx_word' id='word_1_370' title='bbox 1526 4222 1751 4293; x_wconf 71' lang='grc' dir='ltr'>σκύμνον</span> <span class='ocrx_word' id='word_1_371' title='bbox 1810 4240 1896 4273; x_wconf 90' lang='grc' dir='ltr'>τυ-</span> 
     </span>
    </p>
   </div>
   <div class='ocr_carea' id='block_1_56' title="bbox 236 4314 1894 4389">
    <p class='ocr_par' dir='ltr' id='par_1_56' title="bbox 236 4314 1894 4389">
     <span class='ocr_line' id='line_1_56' title="bbox 236 4314 1894 4389; baseline 0.005 -25"><span class='ocrx_word' id='word_1_372' title='bbox 236 4314 362 4387; x_wconf 63' lang='grc' dir='ltr'>φλὸν</span> <span class='ocrx_word' id='word_1_373' title='bbox 415 4317 539 4365; x_wconf 74' lang='grc' dir='ltr'>ὄντα</span> <span class='ocrx_word' id='word_1_374' title='bbox 584 4316 766 4384; x_wconf 70' lang='grc' dir='ltr'>ἤνεγκε</span> <span class='ocrx_word' id='word_1_375' title='bbox 830 4318 919 4366; x_wconf 80' lang='grc' dir='ltr'>καὶ</span> <span class='ocrx_word' id='word_1_376' title='bbox 969 4315 1143 4389; x_wconf 78' lang='grc' dir='ltr'>ῥίπτει</span> <span class='ocrx_word' id='word_1_377' title='bbox 1202 4315 1357 4368; x_wconf 74' lang='grc' dir='ltr'>αὐτὸν</span> <span class='ocrx_word' id='word_1_378' title='bbox 1425 4317 1494 4379; x_wconf 85' lang='grc' dir='ltr'>εἰς</span> <span class='ocrx_word' id='word_1_379' title='bbox 1562 4322 1677 4379; x_wconf 80' lang='grc' dir='ltr'>τοὺς</span> <span class='ocrx_word' id='word_1_380' title='bbox 1726 4317 1894 4383; x_wconf 72' lang='grc' dir='ltr'><em>πόδας</em></span> 
     </span>
    </p>
   </div>
   <div class='ocr_carea' id='block_1_57' title="bbox 237 4410 1896 4492">
    <p class='ocr_par' dir='ltr' id='par_1_57' title="bbox 237 4410 1896 4492">
     <span class='ocr_line' id='line_1_57' title="bbox 237 4410 1896 4492; baseline 0.005 -29"><span class='ocrx_word' id='word_1_381' title='bbox 237 4420 332 4465; x_wconf 75' lang='grc' dir='ltr'>τοῦ</span> <span class='ocrx_word' id='word_1_382' title='bbox 382 4410 561 4482; x_wconf 72' lang='grc' dir='ltr'>ἁγίου,</span> <span class='ocrx_word' id='word_1_383' title='bbox 597 4411 649 4463; x_wconf 77' lang='grc' dir='ltr'>ὃν</span> <span class='ocrx_word' id='word_1_384' title='bbox 692 4416 781 4464; x_wconf 80' lang='grc' dir='ltr'>καὶ</span> <span class='ocrx_word' id='word_1_385' title='bbox 816 4410 1153 4484; x_wconf 70' lang='grc' dir='ltr'>ἐθεράπευσεν</span> <span class='ocrx_word' id='word_1_386' title='bbox 1184 4415 1209 4465; x_wconf 88' lang='grc' dir='ltr'><strong>ὀ</strong></span> <span class='ocrx_word' id='word_1_387' title='bbox 1249 4414 1398 4486; x_wconf 56' lang='lat' dir='ltr'>ais/to;</span> <span class='ocrx_word' id='word_1_388' title='bbox 1443 4430 1455 4443; x_wconf 86' lang='lat'><strong>&#39;</strong></span> <span class='ocrx_word' id='word_1_389' title='bbox 1494 4424 1555 4488; x_wconf 78' lang='grc' dir='ltr'>τῇ</span> <span class='ocrx_word' id='word_1_390' title='bbox 1592 4417 1707 4479; x_wconf 81' lang='grc' dir='ltr'>ἑξῆς</span> <span class='ocrx_word' id='word_1_391' title='bbox 1728 4420 1896 4492; x_wconf 76' lang='grc' dir='ltr'>ἡμέρᾳ</span> 
     </span>
    </p>
   </div>
   <div class='ocr_carea' id='block_1_58' title="bbox 234 4508 1895 4587">
    <p class='ocr_par' dir='ltr' id='par_1_58' title="bbox 234 4508 1895 4587">
     <span class='ocr_line' id='line_1_58' title="bbox 234 4508 1895 4587; baseline 0.005 -26"><span class='ocrx_word' id='word_1_392' title='bbox 234 4508 437 4561; x_wconf 74' lang='grc' dir='ltr'><strong>κώδιον</strong></span> <span class='ocrx_word' id='word_1_393' title='bbox 488 4508 754 4585; x_wconf 74' lang='grc' dir='ltr'>προϐάτου</span> <span class='ocrx_word' id='word_1_394' title='bbox 804 4510 1029 4582; x_wconf 68' lang='grc' dir='ltr'>μεγάλου</span> <span class='ocrx_word' id='word_1_395' title='bbox 1084 4512 1217 4583; x_wconf 74' lang='grc' dir='ltr'>ἁγίῳ</span> <span class='ocrx_word' id='word_1_396' title='bbox 1272 4516 1471 4583; x_wconf 73' lang='grc' dir='ltr'>ἤνεγκε,</span> <span class='ocrx_word' id='word_1_397' title='bbox 1527 4516 1647 4587; x_wconf 83' lang='grc' dir='ltr'>ὅπερ</span> <span class='ocrx_word' id='word_1_398' title='bbox 1681 4517 1706 4567; x_wconf 90' lang='lat'>6</span> <span class='ocrx_word' id='word_1_399' title='bbox 1752 4517 1895 4587; x_wconf 79' lang='grc' dir='ltr'><strong>ἅγιος</strong></span> 
     </span>
    </p>
   </div>
   <div class='ocr_carea' id='block_1_59' title="bbox 237 4598 1974 4690">
    <p class='ocr_par' dir='ltr' id='par_1_59' title="bbox 237 4598 1974 4690">
     <span class='ocr_line' id='line_1_59' title="bbox 237 4598 1974 4690; baseline -0.004 -30"><span class='ocrx_word' id='word_1_400' title='bbox 237 4611 441 4681; x_wconf 75' lang='grc' dir='ltr'>μάρκος</span> <span class='ocrx_word' id='word_1_401' title='bbox 494 4606 831 4660; x_wconf 72' lang='grc' dir='ltr'>καταλέλοιπε</span> <span class='ocrx_word' id='word_1_402' title='bbox 877 4616 949 4679; x_wconf 87' lang='grc' dir='ltr'>τῷ</span> <span class='ocrx_word' id='word_1_403' title='bbox 998 4608 1131 4681; x_wconf 77' lang='grc' dir='ltr'>ἁγίῳ</span> <span class='ocrx_word' id='word_1_404' title='bbox 1162 4615 1423 4683; x_wconf 79' lang='grc' dir='ltr'>μακαρίῳ,</span> <span class='ocrx_word' id='word_1_405' title='bbox 1452 4615 1579 4685; x_wconf 78' lang='lat' dir='ltr'>Qua</span> <span class='ocrx_word' id='word_1_406' title='bbox 1638 4618 1895 4690; x_wconf 71' lang='lat' dir='ltr'>quidem</span> <span class='ocrx_word' id='word_1_407' title='bbox 1928 4598 1974 4653; x_wconf 83' lang='grc' dir='ltr'>Ι)</span> 
     </span>
    </p>
   </div>
   <div class='ocr_carea' id='block_1_60' title="bbox 238 4708 1898 4791">
    <p class='ocr_par' dir='ltr' id='par_1_60' title="bbox 238 4708 1898 4791">
     <span class='ocr_line' id='line_1_60' title="bbox 238 4708 1898 4791; baseline 0.004 -22"><span class='ocrx_word' id='word_1_408' title='bbox 238 4709 605 4769; x_wconf 83' lang='lat' dir='ltr'>narratione</span> <span class='ocrx_word' id='word_1_409' title='bbox 628 4708 923 4783; x_wconf 83' lang='lat' dir='ltr'>prologus</span> <span class='ocrx_word' id='word_1_410' title='bbox 974 4708 1088 4769; x_wconf 91' lang='lat' dir='ltr'>iste</span> <span class='ocrx_word' id='word_1_411' title='bbox 1141 4713 1512 4771; x_wconf 90' lang='lat' dir='ltr'>terminatur</span> <span class='ocrx_word' id='word_1_412' title='bbox 1560 4712 1672 4791; x_wconf 92' lang='lat'>(8).</span> <span class='ocrx_word' id='word_1_413' title='bbox 1744 4718 1898 4775; x_wconf 92' lang='lat' dir='ltr'>Mar-</span> 
     </span>
    </p>
   </div>
   <div class='ocr_carea' id='block_1_61' title="bbox 303 4945 1857 5019">
    <p class='ocr_par' dir='ltr' id='par_1_61' title="bbox 303 4945 1857 5019">
     <span class='ocr_line' id='line_1_61' title="bbox 303 4945 1857 5019; baseline 0.006 -24"><span class='ocrx_word' id='word_1_414' title='bbox 303 4946 384 5016; x_wconf 84' lang='grc' dir='ltr'>(ί)</span> <span class='ocrx_word' id='word_1_415' title='bbox 419 4949 954 5015; x_wconf 73' lang='grc' dir='ltr'>Τεσσαρακονταιτὴς</span> <span class='ocrx_word' id='word_1_416' title='bbox 990 4948 1094 5019; x_wconf 70' lang='grc' dir='ltr'>γὰρ</span> <span class='ocrx_word' id='word_1_417' title='bbox 1146 4945 1437 5006; x_wconf 78' lang='grc' dir='ltr'>ἐϐαπίσθη.</span> <span class='ocrx_word' id='word_1_418' title='bbox 1474 4950 1622 5008; x_wconf 88' lang='lat' dir='ltr'>Cod.</span> <span class='ocrx_word' id='word_1_419' title='bbox 1686 4952 1857 5009; x_wconf 81' lang='lat' dir='ltr'>chart</span> 
     </span>
    </p>
   </div>
   <div class='ocr_carea' id='block_1_62' title="bbox 246 5031 1899 5117">
    <p class='ocr_par' dir='ltr' id='par_1_62' title="bbox 246 5031 1899 5117">
     <span class='ocr_line' id='line_1_62' title="bbox 246 5031 1899 5117; baseline 0.005 -30"><span class='ocrx_word' id='word_1_420' title='bbox 246 5036 311 5090; x_wconf 83' lang='lat' dir='ltr'>T.</span> <span class='ocrx_word' id='word_1_421' title='bbox 364 5054 424 5105; x_wconf 77' lang='grc' dir='ltr'><strong>γ.</strong></span> <span class='ocrx_word' id='word_1_422' title='bbox 468 5031 764 5091; x_wconf 72' lang='grc' dir='ltr'>ἐϐαπτίσθη</span> <span class='ocrx_word' id='word_1_423' title='bbox 795 5035 820 5085; x_wconf 87' lang='grc' dir='ltr'><strong><em>ὁ</em></strong></span> <span class='ocrx_word' id='word_1_424' title='bbox 849 5038 1075 5105; x_wconf 80' lang='grc' dir='ltr'>γνήσιος</span> <span class='ocrx_word' id='word_1_425' title='bbox 1121 5043 1214 5089; x_wconf 83' lang='grc' dir='ltr'>τοῦ</span> <span class='ocrx_word' id='word_1_426' title='bbox 1259 5044 1493 5111; x_wconf 84' lang='grc' dir='ltr'>Χριστοῦ</span> <span class='ocrx_word' id='word_1_427' title='bbox 1544 5036 1731 5102; x_wconf 82' lang='grc' dir='ltr'>δοῦλος</span> <span class='ocrx_word' id='word_1_428' title='bbox 1768 5044 1899 5117; x_wconf 77' lang='grc' dir='ltr'><strong><em>μάρ-</em></strong></span> 
     </span>
    </p>
   </div>
   <div class='ocr_carea' id='block_1_63' title="bbox 237 5144 346 5178">
    <p class='ocr_par' dir='ltr' id='par_1_63' title="bbox 237 5144 346 5178">
     <span class='ocr_line' id='line_1_63' title="bbox 237 5144 346 5178; baseline 0.037 -3"><span class='ocrx_word' id='word_1_429' title='bbox 237 5144 346 5178; x_wconf 77' lang='grc' dir='ltr'>κος.</span> 
     </span>
    </p>
   </div>
   <div class='ocr_carea' id='block_1_64' title="bbox 303 5143 1309 5285">
    <p class='ocr_par' dir='ltr' id='par_1_64' title="bbox 303 5143 1309 5285">
     <span class='ocr_line' id='line_1_64' title="bbox 303 5143 1309 5285; baseline 0.004 -18"><span class='ocrx_word' id='word_1_430' title='bbox 303 5143 387 5283; x_wconf 59' lang='grc' dir='ltr'>ἵῖ)</span> <span class='ocrx_word' id='word_1_431' title='bbox 431 5208 599 5265; x_wconf 78' lang='grc' dir='ltr'>’Δϐϐᾱ</span> <span class='ocrx_word' id='word_1_432' title='bbox 625 5213 805 5281; x_wconf 81' lang='grc' dir='ltr'>Μάρκε</span> <span class='ocrx_word' id='word_1_433' title='bbox 830 5217 1077 5285; x_wconf 88' lang='lat' dir='ltr'>uterque</span> <span class='ocrx_word' id='word_1_434' title='bbox 1101 5216 1309 5271; x_wconf 84' lang='lat' dir='ltr'>codex.</span> 
     </span>
    </p>
   </div>
   <div class='ocr_carea' id='block_1_65' title="bbox 312 5302 1900 5379">
    <p class='ocr_par' dir='ltr' id='par_1_65' title="bbox 312 5302 1900 5379">
     <span class='ocr_line' id='line_1_65' title="bbox 312 5302 1900 5379; baseline 0.002 -23"><span class='ocrx_word' id='word_1_435' title='bbox 312 5302 397 5373; x_wconf 87' lang='lat'>(3)</span> <span class='ocrx_word' id='word_1_436' title='bbox 436 5302 807 5375; x_wconf 78' lang='grc' dir='ltr'>Ἀποκρίνεται</span> <span class='ocrx_word' id='word_1_437' title='bbox 854 5321 944 5374; x_wconf 85' lang='grc' dir='ltr'><strong>μοι</strong></span> <span class='ocrx_word' id='word_1_438' title='bbox 984 5303 1010 5354; x_wconf 88' lang='lat'>6</span> <span class='ocrx_word' id='word_1_439' title='bbox 1066 5302 1358 5375; x_wconf 76' lang='grc' dir='ltr'>ἁγιώτατος</span> <span class='ocrx_word' id='word_1_440' title='bbox 1412 5307 1612 5379; x_wconf 79' lang='grc' dir='ltr'>μάρκος</span> <span class='ocrx_word' id='word_1_441' title='bbox 1654 5311 1900 5378; x_wconf 88' lang='lat' dir='ltr'>uterque</span> 
     </span>
    </p>
   </div>
   <div class='ocr_carea' id='block_1_66' title="bbox 248 5392 466 5447">
    <p class='ocr_par' dir='ltr' id='par_1_66' title="bbox 248 5392 466 5447">
     <span class='ocr_line' id='line_1_66' title="bbox 248 5392 466 5447; baseline 0 -1"><span class='ocrx_word' id='word_1_442' title='bbox 248 5392 466 5447; x_wconf 83' lang='lat' dir='ltr'>codex.</span> 
     </span>
    </p>
   </div>
   <div class='ocr_carea' id='block_1_67' title="bbox 314 5475 1900 5622">
    <p class='ocr_par' dir='ltr' id='par_1_67' title="bbox 314 5475 1900 5622">
     <span class='ocr_line' id='line_1_67' title="bbox 314 5475 1900 5559; baseline 0.003 -26"><span class='ocrx_word' id='word_1_443' title='bbox 314 5480 394 5549; x_wconf 87' lang='grc'>(3)</span> <span class='ocrx_word' id='word_1_444' title='bbox 549 5486 642 5533; x_wconf 82' lang='grc' dir='ltr'>τοῦ</span> <span class='ocrx_word' id='word_1_445' title='bbox 680 5475 931 5553; x_wconf 76' lang='grc' dir='ltr'>ἀοιδίμου</span> <span class='ocrx_word' id='word_1_446' title='bbox 970 5486 1061 5536; x_wconf 81' lang='grc' dir='ltr'>καὶ</span> <span class='ocrx_word' id='word_1_447' title='bbox 1090 5483 1324 5559; x_wconf 73' lang='grc' dir='ltr'>ἐναρέτου</span> <span class='ocrx_word' id='word_1_448' title='bbox 1350 5485 1622 5557; x_wconf 56' lang='grc' dir='ltr'>μάρκου..ε</span> <span class='ocrx_word' id='word_1_449' title='bbox 1652 5491 1900 5556; x_wconf 90' lang='lat' dir='ltr'>uterque</span> 
     </span>
     <span class='ocr_line' id='line_1_68' title="bbox 314 5568 459 5622; baseline 0 0"><span class='ocrx_word' id='word_1_450' title='bbox 314 5568 459 5622; x_wconf 81' lang='lat' dir='ltr'>dex.</span> 
     </span>
    </p>
   </div>
   <div class='ocr_carea' id='block_1_68' title="bbox 246 5582 459 5625">
    <p class='ocr_par' dir='ltr' id='par_1_68' title="bbox 246 5582 459 5625">
     <span class='ocr_line' id='line_1_69' title="bbox 246 5582 459 5625; baseline -0.005 -1"><span class='ocrx_word' id='word_1_451' title='bbox 246 5582 459 5625; x_wconf 74' lang='grc' dir='ltr'><strong>οοαοι.</strong></span> 
     </span>
    </p>
   </div>
   <div class='ocr_carea' id='block_1_69' title="bbox 321 5658 1899 5733">
    <p class='ocr_par' dir='ltr' id='par_1_69' title="bbox 321 5658 1899 5733">
     <span class='ocr_line' id='line_1_70' title="bbox 321 5658 1899 5733; baseline 0.001 -18"><span class='ocrx_word' id='word_1_452' title='bbox 321 5658 404 5729; x_wconf 74' lang='lat'>(5)</span> <span class='ocrx_word' id='word_1_453' title='bbox 442 5658 592 5715; x_wconf 88' lang='lat' dir='ltr'>Cod.</span> <span class='ocrx_word' id='word_1_454' title='bbox 651 5674 764 5715; x_wconf 87' lang='lat' dir='ltr'>ms.</span> <span class='ocrx_word' id='word_1_455' title='bbox 806 5660 984 5718; x_wconf 89' lang='lat' dir='ltr'>theol.</span> <span class='ocrx_word' id='word_1_456' title='bbox 1027 5677 1226 5733; x_wconf 84' lang='lat' dir='ltr'>graec.</span> <span class='ocrx_word' id='word_1_457' title='bbox 1276 5664 1374 5721; x_wconf 90' lang='lat' dir='ltr'>Nr.</span> <span class='ocrx_word' id='word_1_458' title='bbox 1424 5664 1551 5727; x_wconf 65' lang='lat'>2&#39;76,</span> <span class='ocrx_word' id='word_1_459' title='bbox 1606 5662 1749 5719; x_wconf 89' lang='lat' dir='ltr'>olim</span> <span class='ocrx_word' id='word_1_460' title='bbox 1796 5661 1899 5717; x_wconf 71' lang='lat'>238</span> 
     </span>
    </p>
   </div>
   <div class='ocr_carea' id='block_1_70' title="bbox 2100 1870 3673 1949">
    <p class='ocr_par' dir='ltr' id='par_1_70' title="bbox 2100 1870 3673 1949">
     <span class='ocr_line' id='line_1_71' title="bbox 2100 1870 3673 1949; baseline -0.006 -13"><span class='ocrx_word' id='word_1_461' title='bbox 2100 1872 2210 1942; x_wconf 88' lang='lat'><strong><em>77</em></strong></span> <span class='ocrx_word' id='word_1_462' title='bbox 2260 1876 2435 1944; x_wconf 87' lang='lat' dir='ltr'>Quod</span> <span class='ocrx_word' id='word_1_463' title='bbox 2464 1874 2721 1949; x_wconf 90' lang='lat' dir='ltr'>quidem</span> <span class='ocrx_word' id='word_1_464' title='bbox 2779 1887 2923 1931; x_wconf 91' lang='lat' dir='ltr'>cum</span> <span class='ocrx_word' id='word_1_465' title='bbox 2984 1887 3095 1945; x_wconf 90' lang='lat' dir='ltr'>per</span> <span class='ocrx_word' id='word_1_466' title='bbox 3144 1887 3213 1929; x_wconf 92' lang='lat' dir='ltr'>se</span> <span class='ocrx_word' id='word_1_467' title='bbox 3268 1884 3389 1929; x_wconf 91' lang='lat' dir='ltr'>non</span> <span class='ocrx_word' id='word_1_468' title='bbox 3444 1870 3673 1927; x_wconf 85' lang='lat' dir='ltr'>abhor-</span> 
     </span>
    </p>
   </div>
   <div class='ocr_carea' id='block_1_71' title="bbox 2019 1968 3671 2041">
    <p class='ocr_par' dir='ltr' id='par_1_71' title="bbox 2019 1968 3671 2041">
     <span class='ocr_line' id='line_1_72' title="bbox 2019 1968 3671 2041; baseline -0.005 -10"><span class='ocrx_word' id='word_1_469' title='bbox 2019 1978 2152 2033; x_wconf 90' lang='lat' dir='ltr'>reat</span> <span class='ocrx_word' id='word_1_470' title='bbox 2197 1989 2233 2031; x_wconf 89' lang='lat' dir='ltr'>a</span> <span class='ocrx_word' id='word_1_471' title='bbox 2286 1971 2854 2041; x_wconf 89' lang='lat' dir='ltr'>verisimilitudine,</span> <span class='ocrx_word' id='word_1_472' title='bbox 2907 1975 3079 2028; x_wconf 89' lang='lat' dir='ltr'>textu</span> <span class='ocrx_word' id='word_1_473' title='bbox 3139 1968 3486 2027; x_wconf 90' lang='lat' dir='ltr'>editionum</span> <span class='ocrx_word' id='word_1_474' title='bbox 3537 1982 3671 2024; x_wconf 89' lang='lat' dir='ltr'>ver-</span> 
     </span>
    </p>
   </div>
   <div class='ocr_carea' id='block_1_72' title="bbox 2016 2064 3668 2145">
    <p class='ocr_par' dir='ltr' id='par_1_72' title="bbox 2016 2064 3668 2145">
     <span class='ocr_line' id='line_1_73' title="bbox 2016 2064 3668 2145; baseline -0.006 -14"><span class='ocrx_word' id='word_1_475' title='bbox 2016 2073 2389 2145; x_wconf 89' lang='lat' dir='ltr'>sionumque</span> <span class='ocrx_word' id='word_1_476' title='bbox 2458 2070 2763 2129; x_wconf 88' lang='lat' dir='ltr'>Historiae</span> <span class='ocrx_word' id='word_1_477' title='bbox 2855 2067 3191 2126; x_wconf 86' lang='lat' dir='ltr'>Lausiacae</span> <span class='ocrx_word' id='word_1_478' title='bbox 3261 2064 3668 2138; x_wconf 88' lang='lat' dir='ltr'>comprobari</span> 
     </span>
    </p>
   </div>
   <div class='ocr_carea' id='block_1_73' title="bbox 2015 2160 3668 2239">
    <p class='ocr_par' dir='ltr' id='par_1_73' title="bbox 2015 2160 3668 2239">
     <span class='ocr_line' id='line_1_74' title="bbox 2015 2160 3668 2239; baseline -0.004 -10"><span class='ocrx_word' id='word_1_479' title='bbox 2015 2172 2280 2229; x_wconf 89' lang='lat' dir='ltr'>videtur.</span> <span class='ocrx_word' id='word_1_480' title='bbox 2320 2171 2382 2227; x_wconf 95' lang='lat' dir='ltr'>ln</span> <span class='ocrx_word' id='word_1_481' title='bbox 2413 2174 2585 2227; x_wconf 89' lang='lat' dir='ltr'>textu</span> <span class='ocrx_word' id='word_1_482' title='bbox 2633 2169 2802 2226; x_wconf 92' lang='lat' dir='ltr'>enim</span> <span class='ocrx_word' id='word_1_483' title='bbox 2850 2166 3127 2233; x_wconf 90' lang='lat' dir='ltr'>Meursii,</span> <span class='ocrx_word' id='word_1_484' title='bbox 3180 2163 3470 2224; x_wconf 88' lang='lat' dir='ltr'>Cotelerii</span> <span class='ocrx_word' id='word_1_485' title='bbox 3515 2160 3668 2239; x_wconf 71' lang='lat'>(10),</span> 
     </span>
    </p>
   </div>
   <div class='ocr_carea' id='block_1_74' title="bbox 2019 2262 3666 2339">
    <p class='ocr_par' dir='ltr' id='par_1_74' title="bbox 2019 2262 3666 2339">
     <span class='ocr_line' id='line_1_75' title="bbox 2019 2262 3666 2339; baseline -0.005 -12"><span class='ocrx_word' id='word_1_486' title='bbox 2019 2268 2528 2333; x_wconf 81' lang='lat' dir='ltr'>Fronto-Ducaei.</span> <span class='ocrx_word' id='word_1_487' title='bbox 2624 2273 2810 2339; x_wconf 90' lang='lat' dir='ltr'>atque</span> <span class='ocrx_word' id='word_1_488' title='bbox 2879 2266 2943 2323; x_wconf 94' lang='lat' dir='ltr'>in</span> <span class='ocrx_word' id='word_1_489' title='bbox 3028 2264 3315 2323; x_wconf 87' lang='lat' dir='ltr'>versione</span> <span class='ocrx_word' id='word_1_490' title='bbox 3396 2262 3666 2332; x_wconf 84' lang='lat' dir='ltr'>Herveti,</span> 
     </span>
    </p>
   </div>
   <div class='ocr_carea' id='block_1_75' title="bbox 2016 2359 3672 2437">
    <p class='ocr_par' dir='ltr' id='par_1_75' title="bbox 2016 2359 3672 2437">
     <span class='ocr_line' id='line_1_76' title="bbox 2016 2359 3672 2437; baseline -0.005 -14"><span class='ocrx_word' id='word_1_491' title='bbox 2016 2365 2281 2424; x_wconf 89' lang='lat' dir='ltr'>narratis</span> <span class='ocrx_word' id='word_1_492' title='bbox 2338 2365 2437 2436; x_wconf 91' lang='lat' dir='ltr'>iis,</span> <span class='ocrx_word' id='word_1_493' title='bbox 2496 2364 2729 2437; x_wconf 92' lang='lat' dir='ltr'>quibus</span> <span class='ocrx_word' id='word_1_494' title='bbox 2778 2363 2840 2420; x_wconf 93' lang='lat' dir='ltr'>in</span> <span class='ocrx_word' id='word_1_495' title='bbox 2874 2361 3203 2421; x_wconf 89' lang='lat' dir='ltr'>codicibus</span> <span class='ocrx_word' id='word_1_496' title='bbox 3238 2359 3672 2416; x_wconf 88' lang='lat' dir='ltr'>Vindobonen-</span> 
     </span>
    </p>
   </div>
   <div class='ocr_carea' id='block_1_76' title="bbox 2014 2454 3673 2527">
    <p class='ocr_par' dir='ltr' id='par_1_76' title="bbox 2014 2454 3673 2527">
     <span class='ocr_line' id='line_1_77' title="bbox 2014 2454 3673 2527; baseline -0.006 -5"><span class='ocrx_word' id='word_1_497' title='bbox 2014 2465 2193 2523; x_wconf 87' lang='lat' dir='ltr'>sibus</span> <span class='ocrx_word' id='word_1_498' title='bbox 2236 2464 2496 2521; x_wconf 89' lang='lat' dir='ltr'>historia</span> <span class='ocrx_word' id='word_1_499' title='bbox 2530 2461 2777 2521; x_wconf 87' lang='lat' dir='ltr'>Macarii</span> <span class='ocrx_word' id='word_1_500' title='bbox 2836 2458 3235 2519; x_wconf 80' lang='lat' dir='ltr'>Alexandrini</span> <span class='ocrx_word' id='word_1_501' title='bbox 3269 2457 3504 2526; x_wconf 86' lang='lat' dir='ltr'>ﬁnitur,</span> <span class='ocrx_word' id='word_1_502' title='bbox 3538 2454 3673 2527; x_wconf 90' lang='lat' dir='ltr'>pri-</span> 
     </span>
    </p>
   </div>
   <div class='ocr_carea' id='block_1_77' title="bbox 2015 2553 3671 2633">
    <p class='ocr_par' dir='ltr' id='par_1_77' title="bbox 2015 2553 3671 2633">
     <span class='ocr_line' id='line_1_78' title="bbox 2015 2553 3671 2633; baseline -0.006 -13"><span class='ocrx_word' id='word_1_503' title='bbox 2015 2576 2187 2621; x_wconf 92' lang='lat' dir='ltr'>mum</span> <span class='ocrx_word' id='word_1_504' title='bbox 2221 2561 2497 2619; x_wconf 84' lang='lat' dir='ltr'>narratio</span> <span class='ocrx_word' id='word_1_505' title='bbox 2528 2559 2857 2633; x_wconf 87' lang='lat' dir='ltr'>Paphnutii</span> <span class='ocrx_word' id='word_1_506' title='bbox 2902 2559 2979 2617; x_wconf 90' lang='lat' dir='ltr'>de</span> <span class='ocrx_word' id='word_1_507' title='bbox 3010 2557 3216 2616; x_wconf 88' lang='lat' dir='ltr'>catulo</span> <span class='ocrx_word' id='word_1_508' title='bbox 3264 2571 3335 2613; x_wconf 91' lang='lat' dir='ltr'>ac</span> <span class='ocrx_word' id='word_1_509' title='bbox 3380 2554 3547 2626; x_wconf 92' lang='lat' dir='ltr'>pelle</span> <span class='ocrx_word' id='word_1_510' title='bbox 3591 2553 3671 2610; x_wconf 90' lang='lat' dir='ltr'>ab</span> 
     </span>
    </p>
   </div>
   <div class='ocr_carea' id='block_1_78' title="bbox 2016 2652 3669 2734">
    <p class='ocr_par' dir='ltr' id='par_1_78' title="bbox 2016 2652 3669 2734">
     <span class='ocr_line' id='line_1_79' title="bbox 2016 2652 3669 2734; baseline -0.007 -15"><span class='ocrx_word' id='word_1_511' title='bbox 2016 2662 2256 2734; x_wconf 90' lang='lat' dir='ltr'>hyaena</span> <span class='ocrx_word' id='word_1_512' title='bbox 2336 2656 2601 2718; x_wconf 79' lang='lat' dir='ltr'>Macario</span> <span class='ocrx_word' id='word_1_513' title='bbox 2694 2656 3110 2716; x_wconf 81' lang='lat' dir='ltr'>Alexandrino</span> <span class='ocrx_word' id='word_1_514' title='bbox 3196 2652 3446 2723; x_wconf 87' lang='lat' dir='ltr'>oblatis,</span> <span class='ocrx_word' id='word_1_515' title='bbox 3536 2655 3669 2709; x_wconf 91' lang='lat' dir='ltr'>tum</span> 
     </span>
    </p>
   </div>
   <div class='ocr_carea' id='block_1_79' title="bbox 2014 2751 3668 2834">
    <p class='ocr_par' dir='ltr' id='par_1_79' title="bbox 2014 2751 3668 2834">
     <span class='ocr_line' id='line_1_80' title="bbox 2014 2751 3668 2834; baseline -0.007 -17"><span class='ocrx_word' id='word_1_516' title='bbox 2014 2764 2241 2830; x_wconf 86' lang='lat' dir='ltr'>cetera,</span> <span class='ocrx_word' id='word_1_517' title='bbox 2290 2772 2448 2834; x_wconf 90' lang='lat' dir='ltr'>quae</span> <span class='ocrx_word' id='word_1_518' title='bbox 2478 2757 2540 2814; x_wconf 92' lang='lat' dir='ltr'>in</span> <span class='ocrx_word' id='word_1_519' title='bbox 2571 2755 2894 2814; x_wconf 89' lang='lat' dir='ltr'>codicibus</span> <span class='ocrx_word' id='word_1_520' title='bbox 2946 2768 3143 2826; x_wconf 89' lang='lat' dir='ltr'>usque</span> <span class='ocrx_word' id='word_1_521' title='bbox 3203 2752 3279 2810; x_wconf 90' lang='lat' dir='ltr'>ad</span> <span class='ocrx_word' id='word_1_522' title='bbox 3330 2751 3518 2808; x_wconf 85' lang='lat' dir='ltr'>ﬁnem</span> <span class='ocrx_word' id='word_1_523' title='bbox 3567 2764 3668 2808; x_wconf 92' lang='lat' dir='ltr'>ca-</span> 
     </span>
    </p>
   </div>
   <div class='ocr_carea' id='block_1_80' title="bbox 2017 2847 3672 2931">
    <p class='ocr_par' dir='ltr' id='par_1_80' title="bbox 2017 2847 3672 2931">
     <span class='ocr_line' id='line_1_81' title="bbox 2017 2847 3672 2931; baseline -0.006 -16"><span class='ocrx_word' id='word_1_524' title='bbox 2017 2858 2162 2931; x_wconf 91' lang='lat' dir='ltr'>pitis</span> <span class='ocrx_word' id='word_1_525' title='bbox 2242 2855 2572 2923; x_wconf 87' lang='lat' dir='ltr'>habentur,</span> <span class='ocrx_word' id='word_1_526' title='bbox 2656 2854 3140 2926; x_wconf 87' lang='lat' dir='ltr'>subiunguntur.</span> <span class='ocrx_word' id='word_1_527' title='bbox 3221 2847 3451 2907; x_wconf 91' lang='lat' dir='ltr'>Deinde</span> <span class='ocrx_word' id='word_1_528' title='bbox 3531 2853 3672 2919; x_wconf 90' lang='lat' dir='ltr'>post</span> 
     </span>
    </p>
   </div>
   <div class='ocr_carea' id='block_1_81' title="bbox 2016 2945 3666 3024">
    <p class='ocr_par' dir='ltr' id='par_1_81' title="bbox 2016 2945 3666 3024">
     <span class='ocr_line' id='line_1_82' title="bbox 2016 2945 3666 3024; baseline -0.006 -12"><span class='ocrx_word' id='word_1_529' title='bbox 2016 2956 2207 3013; x_wconf 89' lang='lat' dir='ltr'>verba</span> <span class='ocrx_word' id='word_1_530' title='bbox 2261 2970 2272 3009; x_wconf 90' lang='lat'><strong>:</strong></span> <span class='ocrx_word' id='word_1_531' title='bbox 2335 2972 2365 3007; x_wconf 78' lang='grc' dir='ltr'><strong><em>α</em></strong></span> <span class='ocrx_word' id='word_1_532' title='bbox 2424 2953 2582 3010; x_wconf 85' lang='lat' dir='ltr'>Haec</span> <span class='ocrx_word' id='word_1_533' title='bbox 2641 2951 2899 3024; x_wconf 92' lang='lat' dir='ltr'>quidem</span> <span class='ocrx_word' id='word_1_534' title='bbox 2951 2964 2986 3007; x_wconf 93' lang='lat' dir='ltr'>e</span> <span class='ocrx_word' id='word_1_535' title='bbox 3036 2948 3253 3006; x_wconf 90' lang='lat' dir='ltr'>multis</span> <span class='ocrx_word' id='word_1_536' title='bbox 3303 2952 3363 3005; x_wconf 92' lang='lat' dir='ltr'>et</span> <span class='ocrx_word' id='word_1_537' title='bbox 3425 2945 3666 3018; x_wconf 84' lang='lat' dir='ltr'>magnis</span> 
     </span>
    </p>
   </div>
   <div class='ocr_carea' id='block_1_82' title="bbox 2016 3044 3671 3126">
    <p class='ocr_par' dir='ltr' id='par_1_82' title="bbox 2016 3044 3671 3126">
     <span class='ocr_line' id='line_1_83' title="bbox 2016 3044 3671 3126; baseline -0.008 -15"><span class='ocrx_word' id='word_1_538' title='bbox 2016 3053 2206 3126; x_wconf 85' lang='lat' dir='ltr'>signis</span> <span class='ocrx_word' id='word_1_539' title='bbox 2235 3066 2306 3109; x_wconf 92' lang='lat' dir='ltr'>ac</span> <span class='ocrx_word' id='word_1_540' title='bbox 2357 3048 2808 3108; x_wconf 89' lang='lat' dir='ltr'>certaminibus</span> <span class='ocrx_word' id='word_1_541' title='bbox 2856 3046 3071 3120; x_wconf 90' lang='lat' dir='ltr'>inclyti</span> <span class='ocrx_word' id='word_1_542' title='bbox 3118 3060 3188 3102; x_wconf 90' lang='lat' dir='ltr'>ac</span> <span class='ocrx_word' id='word_1_543' title='bbox 3234 3044 3461 3101; x_wconf 90' lang='lat' dir='ltr'>virtute</span> <span class='ocrx_word' id='word_1_544' title='bbox 3492 3057 3671 3115; x_wconf 85' lang='lat' dir='ltr'>prae-</span> 
     </span>
    </p>
   </div>
   <div class='ocr_carea' id='block_1_83' title="bbox 2018 3139 3669 3219">
    <p class='ocr_par' dir='ltr' id='par_1_83' title="bbox 2018 3139 3669 3219">
     <span class='ocr_line' id='line_1_84' title="bbox 2018 3139 3669 3219; baseline -0.007 -10"><span class='ocrx_word' id='word_1_545' title='bbox 2018 3151 2130 3209; x_wconf 89' lang='lat' dir='ltr'>diti</span> <span class='ocrx_word' id='word_1_546' title='bbox 2184 3145 2447 3207; x_wconf 77' lang='lat' dir='ltr'>Macarii</span> <span class='ocrx_word' id='word_1_547' title='bbox 2500 3145 2840 3219; x_wconf 85' lang='lat' dir='ltr'>signiﬁcavi</span> <span class='ocrx_word' id='word_1_548' title='bbox 2875 3164 2904 3199; x_wconf 77' lang='grc' dir='ltr'>υ</span> <span class='ocrx_word' id='word_1_549' title='bbox 2956 3143 3237 3202; x_wconf 90' lang='lat' dir='ltr'>eiusdem</span> <span class='ocrx_word' id='word_1_550' title='bbox 3290 3141 3538 3200; x_wconf 85' lang='lat' dir='ltr'>Macarii</span> <span class='ocrx_word' id='word_1_551' title='bbox 3590 3139 3669 3197; x_wconf 87' lang='lat' dir='ltr'>de</span> 
     </span>
    </p>
   </div>
   <div class='ocr_carea' id='block_1_84' title="bbox 2020 3238 3665 3320">
    <p class='ocr_par' dir='ltr' id='par_1_84' title="bbox 2020 3238 3665 3320">
     <span class='ocr_line' id='line_1_85' title="bbox 2020 3238 3665 3320; baseline -0.007 -13"><span class='ocrx_word' id='word_1_552' title='bbox 2020 3250 2243 3320; x_wconf 87' lang='lat' dir='ltr'>Marco,</span> <span class='ocrx_word' id='word_1_553' title='bbox 2315 3247 2416 3305; x_wconf 90' lang='lat' dir='ltr'>cui</span> <span class='ocrx_word' id='word_1_554' title='bbox 2472 3244 2858 3303; x_wconf 88' lang='lat' dir='ltr'>oblationem</span> <span class='ocrx_word' id='word_1_555' title='bbox 2909 3241 3164 3315; x_wconf 85' lang='lat' dir='ltr'>angelus</span> <span class='ocrx_word' id='word_1_556' title='bbox 3205 3238 3471 3309; x_wconf 89' lang='lat' dir='ltr'>dederit,</span> <span class='ocrx_word' id='word_1_557' title='bbox 3524 3253 3665 3296; x_wconf 87' lang='lat' dir='ltr'>nar-</span> 
     </span>
    </p>
   </div>
   <div class='ocr_carea' id='block_1_85' title="bbox 2018 3336 3658 3419">
    <p class='ocr_par' dir='ltr' id='par_1_85' title="bbox 2018 3336 3658 3419">
     <span class='ocr_line' id='line_1_86' title="bbox 2018 3336 3658 3419; baseline -0.007 -16"><span class='ocrx_word' id='word_1_558' title='bbox 2018 3346 2176 3405; x_wconf 89' lang='lat' dir='ltr'>ratio</span> <span class='ocrx_word' id='word_1_559' title='bbox 2238 3346 2462 3419; x_wconf 89' lang='lat' dir='ltr'>legitur</span> <span class='ocrx_word' id='word_1_560' title='bbox 2512 3362 2529 3414; x_wconf 84' lang='lat'>;</span> <span class='ocrx_word' id='word_1_561' title='bbox 2587 3358 2657 3401; x_wconf 90' lang='lat' dir='ltr'>ac</span> <span class='ocrx_word' id='word_1_562' title='bbox 2708 3347 2841 3400; x_wconf 89' lang='lat' dir='ltr'>tum</span> <span class='ocrx_word' id='word_1_563' title='bbox 2894 3340 3149 3398; x_wconf 88' lang='lat' dir='ltr'>demum</span> <span class='ocrx_word' id='word_1_564' title='bbox 3204 3339 3323 3397; x_wconf 90' lang='lat' dir='ltr'>sub</span> <span class='ocrx_word' id='word_1_565' title='bbox 3389 3336 3597 3394; x_wconf 90' lang='lat' dir='ltr'>indice</span> <span class='ocrx_word' id='word_1_566' title='bbox 3645 3350 3658 3392; x_wconf 88' lang='lat'><strong>:</strong></span> 
     </span>
    </p>
   </div>
   <div class='ocr_carea' id='block_1_86' title="bbox 2025 3434 3664 3506">
    <p class='ocr_par' dir='ltr' id='par_1_86' title="bbox 2025 3434 3664 3506">
     <span class='ocr_line' id='line_1_87' title="bbox 2025 3434 3664 3506; baseline -0.005 -7"><span class='ocrx_word' id='word_1_567' title='bbox 2025 3467 2047 3499; x_wconf 73' lang='grc'><strong>(</strong></span> <span class='ocrx_word' id='word_1_568' title='bbox 2106 3449 2184 3504; x_wconf 93' lang='lat' dir='ltr'>De</span> <span class='ocrx_word' id='word_1_569' title='bbox 2240 3445 2445 3502; x_wconf 89' lang='lat' dir='ltr'>Marco</span> <span class='ocrx_word' id='word_1_570' title='bbox 2504 3464 2525 3494; x_wconf 77' lang='grc' dir='ltr'>ι</span> <span class='ocrx_word' id='word_1_571' title='bbox 2586 3442 2751 3500; x_wconf 89' lang='lat' dir='ltr'>hunc</span> <span class='ocrx_word' id='word_1_572' title='bbox 2800 3454 3013 3497; x_wconf 92' lang='lat' dir='ltr'>senem</span> <span class='ocrx_word' id='word_1_573' title='bbox 3061 3452 3267 3495; x_wconf 91' lang='lat' dir='ltr'>sacras</span> <span class='ocrx_word' id='word_1_574' title='bbox 3318 3434 3664 3506; x_wconf 88' lang='lat' dir='ltr'>scripturas</span> 
     </span>
    </p>
   </div>
   <div class='ocr_carea' id='block_1_87' title="bbox 2016 3534 3663 3613">
    <p class='ocr_par' dir='ltr' id='par_1_87' title="bbox 2016 3534 3663 3613">
     <span class='ocr_line' id='line_1_88' title="bbox 2016 3534 3663 3613; baseline -0.009 -11"><span class='ocrx_word' id='word_1_575' title='bbox 2016 3544 2369 3603; x_wconf 90' lang='lat' dir='ltr'>edidicisse.</span> <span class='ocrx_word' id='word_1_576' title='bbox 2403 3541 2671 3613; x_wconf 89' lang='lat' dir='ltr'>probum</span> <span class='ocrx_word' id='word_1_577' title='bbox 2725 3544 2785 3596; x_wconf 92' lang='lat' dir='ltr'>et</span> <span class='ocrx_word' id='word_1_578' title='bbox 2815 3543 3054 3597; x_wconf 90' lang='lat' dir='ltr'>castum</span> <span class='ocrx_word' id='word_1_579' title='bbox 3108 3534 3295 3593; x_wconf 85' lang='lat' dir='ltr'>fuisse</span> <span class='ocrx_word' id='word_1_580' title='bbox 3343 3538 3403 3591; x_wconf 92' lang='lat' dir='ltr'>et</span> <span class='ocrx_word' id='word_1_581' title='bbox 3432 3536 3663 3599; x_wconf 85' lang='lat' dir='ltr'>cetera,</span> 
     </span>
    </p>
   </div>
   <div class='ocr_carea' id='block_1_88' title="bbox 2014 3629 3667 3716">
    <p class='ocr_par' dir='ltr' id='par_1_88' title="bbox 2014 3629 3667 3716">
     <span class='ocr_line' id='line_1_89' title="bbox 2014 3629 3667 3716; baseline -0.008 -16"><span class='ocrx_word' id='word_1_582' title='bbox 2014 3657 2175 3716; x_wconf 83' lang='lat' dir='ltr'>quae</span> <span class='ocrx_word' id='word_1_583' title='bbox 2200 3642 2278 3699; x_wconf 93' lang='lat' dir='ltr'>de</span> <span class='ocrx_word' id='word_1_584' title='bbox 2310 3639 2491 3698; x_wconf 90' lang='lat' dir='ltr'>Marci</span> <span class='ocrx_word' id='word_1_585' title='bbox 2541 3651 2754 3697; x_wconf 89' lang='lat' dir='ltr'>secum</span> <span class='ocrx_word' id='word_1_586' title='bbox 2784 3640 2844 3693; x_wconf 90' lang='lat' dir='ltr'>et</span> <span class='ocrx_word' id='word_1_587' title='bbox 2889 3650 3031 3693; x_wconf 91' lang='lat' dir='ltr'>cum</span> <span class='ocrx_word' id='word_1_588' title='bbox 3077 3632 3329 3691; x_wconf 90' lang='lat' dir='ltr'>diabolo</span> <span class='ocrx_word' id='word_1_589' title='bbox 3377 3629 3667 3689; x_wconf 88' lang='lat' dir='ltr'>certami-</span> 
     </span>
    </p>
   </div>
   <div class='ocr_carea' id='block_1_89' title="bbox 2013 3727 3663 3806">
    <p class='ocr_par' dir='ltr' id='par_1_89' title="bbox 2013 3727 3663 3806">
     <span class='ocr_line' id='line_1_90' title="bbox 2013 3727 3663 3806; baseline -0.009 -8"><span class='ocrx_word' id='word_1_590' title='bbox 2013 3741 2199 3798; x_wconf 92' lang='lat' dir='ltr'>nibus</span> <span class='ocrx_word' id='word_1_591' title='bbox 2228 3737 2573 3803; x_wconf 89' lang='lat' dir='ltr'>attulimus,</span> <span class='ocrx_word' id='word_1_592' title='bbox 2626 3748 2823 3806; x_wconf 92' lang='lat' dir='ltr'>usque</span> <span class='ocrx_word' id='word_1_593' title='bbox 2875 3733 2952 3790; x_wconf 88' lang='lat' dir='ltr'>ad</span> <span class='ocrx_word' id='word_1_594' title='bbox 2995 3732 3183 3789; x_wconf 89' lang='lat' dir='ltr'>verba</span> <span class='ocrx_word' id='word_1_595' title='bbox 3224 3747 3236 3785; x_wconf 92' lang='lat'><strong>:</strong></span> <span class='ocrx_word' id='word_1_596' title='bbox 3294 3750 3317 3781; x_wconf 87' lang='grc'><em>‹</em></span> <span class='ocrx_word' id='word_1_597' title='bbox 3352 3727 3663 3797; x_wconf 89' lang='lat' dir='ltr'>Quamdiu</span> 
     </span>
    </p>
   </div>
   <div class='ocr_carea' id='block_1_90' title="bbox 2011 3835 3037 3903">
    <p class='ocr_par' dir='ltr' id='par_1_90' title="bbox 2011 3835 3037 3903">
     <span class='ocr_line' id='line_1_91' title="bbox 2011 3835 3037 3903; baseline -0.011 -8"><span class='ocrx_word' id='word_1_598' title='bbox 2011 3838 2197 3895; x_wconf 91' lang='lat' dir='ltr'>etiam</span> <span class='ocrx_word' id='word_1_599' title='bbox 2229 3842 2432 3893; x_wconf 92' lang='lat' dir='ltr'>tecum</span> <span class='ocrx_word' id='word_1_600' title='bbox 2465 3848 2574 3891; x_wconf 91' lang='lat' dir='ltr'>ero</span> <span class='ocrx_word' id='word_1_601' title='bbox 2609 3858 2634 3880; x_wconf 75' lang='grc' dir='ltr'>ι»</span> <span class='ocrx_word' id='word_1_602' title='bbox 2670 3835 3037 3903; x_wconf 85' lang='lat' dir='ltr'>sequuntur.</span> 
     </span>
    </p>
   </div>
   <div class='ocr_carea' id='block_1_91' title="bbox 2090 3921 3659 4006">
    <p class='ocr_par' dir='ltr' id='par_1_91' title="bbox 2090 3921 3659 4006">
     <span class='ocr_line' id='line_1_92' title="bbox 2090 3921 3659 4006; baseline -0.01 -14"><span class='ocrx_word' id='word_1_603' title='bbox 2090 3937 2246 4006; x_wconf 85' lang='lat' dir='ltr'>Ergo</span> <span class='ocrx_word' id='word_1_604' title='bbox 2302 3932 2362 3989; x_wconf 89' lang='lat' dir='ltr'>in</span> <span class='ocrx_word' id='word_1_605' title='bbox 2420 3929 2805 3989; x_wconf 90' lang='lat' dir='ltr'>editionibus</span> <span class='ocrx_word' id='word_1_606' title='bbox 2856 3925 3099 3999; x_wconf 88' lang='lat' dir='ltr'>graecis</span> <span class='ocrx_word' id='word_1_607' title='bbox 3146 3922 3456 3981; x_wconf 88' lang='lat' dir='ltr'>Historiae</span> <span class='ocrx_word' id='word_1_608' title='bbox 3508 3921 3659 3978; x_wconf 89' lang='lat' dir='ltr'>Lau-</span> 
     </span>
    </p>
   </div>
   <div class='ocr_carea' id='block_1_92' title="bbox 2007 4021 3656 4091">
    <p class='ocr_par' dir='ltr' id='par_1_92' title="bbox 2007 4021 3656 4091">
     <span class='ocr_line' id='line_1_93' title="bbox 2007 4021 3656 4091; baseline -0.009 -1"><span class='ocrx_word' id='word_1_609' title='bbox 2007 4033 2208 4091; x_wconf 85' lang='lat' dir='ltr'>siacae</span> <span class='ocrx_word' id='word_1_610' title='bbox 2291 4035 2351 4087; x_wconf 90' lang='lat' dir='ltr'>et</span> <span class='ocrx_word' id='word_1_611' title='bbox 2416 4030 2477 4086; x_wconf 93' lang='lat' dir='ltr'>in</span> <span class='ocrx_word' id='word_1_612' title='bbox 2535 4027 2817 4085; x_wconf 90' lang='lat' dir='ltr'>versione</span> <span class='ocrx_word' id='word_1_613' title='bbox 2874 4022 3120 4083; x_wconf 87' lang='lat' dir='ltr'>Herveti</span> <span class='ocrx_word' id='word_1_614' title='bbox 3171 4021 3445 4080; x_wconf 90' lang='lat' dir='ltr'>maxima</span> <span class='ocrx_word' id='word_1_615' title='bbox 3510 4032 3656 4091; x_wconf 89' lang='lat' dir='ltr'>pars</span> 
     </span>
    </p>
   </div>
   <div class='ocr_carea' id='block_1_93' title="bbox 2005 4116 3654 4203">
    <p class='ocr_par' dir='ltr' id='par_1_93' title="bbox 2005 4116 3654 4203">
     <span class='ocr_line' id='line_1_94' title="bbox 2005 4116 3654 4203; baseline -0.01 -13"><span class='ocrx_word' id='word_1_616' title='bbox 2005 4131 2250 4203; x_wconf 89' lang='lat' dir='ltr'>capitis,</span> <span class='ocrx_word' id='word_1_617' title='bbox 2282 4128 2451 4201; x_wconf 89' lang='lat' dir='ltr'>quod</span> <span class='ocrx_word' id='word_1_618' title='bbox 2481 4127 2545 4184; x_wconf 90' lang='lat' dir='ltr'>in</span> <span class='ocrx_word' id='word_1_619' title='bbox 2577 4123 2949 4184; x_wconf 91' lang='lat' dir='ltr'>codicibus:</span> <span class='ocrx_word' id='word_1_620' title='bbox 3006 4142 3028 4174; x_wconf 82' lang='grc'><strong>‹</strong></span> <span class='ocrx_word' id='word_1_621' title='bbox 3074 4122 3155 4179; x_wconf 92' lang='lat' dir='ltr'>De</span> <span class='ocrx_word' id='word_1_622' title='bbox 3208 4119 3414 4177; x_wconf 88' lang='lat' dir='ltr'>Marco</span> <span class='ocrx_word' id='word_1_623' title='bbox 3470 4139 3498 4169; x_wconf 73' lang='grc' dir='ltr'>ι)</span> <span class='ocrx_word' id='word_1_624' title='bbox 3554 4116 3654 4173; x_wconf 77' lang='lat' dir='ltr'>in-</span> 
     </span>
    </p>
   </div>
   <div class='ocr_carea' id='block_1_94' title="bbox 2004 4217 3647 4302">
    <p class='ocr_par' dir='ltr' id='par_1_94' title="bbox 2004 4217 3647 4302">
     <span class='ocr_line' id='line_1_95' title="bbox 2004 4217 3647 4302; baseline -0.011 -13"><span class='ocrx_word' id='word_1_625' title='bbox 2004 4229 2310 4302; x_wconf 86' lang='lat' dir='ltr'>scripturn</span> <span class='ocrx_word' id='word_1_626' title='bbox 2334 4231 2446 4298; x_wconf 91' lang='lat' dir='ltr'>est,</span> <span class='ocrx_word' id='word_1_627' title='bbox 2494 4225 2569 4282; x_wconf 90' lang='lat' dir='ltr'>ad</span> <span class='ocrx_word' id='word_1_628' title='bbox 2627 4222 2965 4280; x_wconf 90' lang='lat' dir='ltr'>Macarium</span> <span class='ocrx_word' id='word_1_629' title='bbox 3008 4217 3497 4277; x_wconf 79' lang='lat' dir='ltr'>Alexandrinum</span> <span class='ocrx_word' id='word_1_630' title='bbox 3549 4229 3647 4272; x_wconf 91' lang='lat' dir='ltr'>re-</span> 
     </span>
    </p>
   </div>
   <div class='ocr_carea' id='block_1_95' title="bbox 2006 4316 3652 4397">
    <p class='ocr_par' dir='ltr' id='par_1_95' title="bbox 2006 4316 3652 4397">
     <span class='ocr_line' id='line_1_96' title="bbox 2006 4316 3652 4397; baseline -0.01 -12"><span class='ocrx_word' id='word_1_631' title='bbox 2006 4328 2251 4397; x_wconf 85' lang='lat' dir='ltr'>fertur;</span> <span class='ocrx_word' id='word_1_632' title='bbox 2310 4323 2552 4397; x_wconf 89' lang='lat' dir='ltr'>reliqua</span> <span class='ocrx_word' id='word_1_633' title='bbox 2598 4335 2767 4386; x_wconf 91' lang='lat' dir='ltr'>vero,</span> <span class='ocrx_word' id='word_1_634' title='bbox 2818 4333 2978 4392; x_wconf 91' lang='lat' dir='ltr'>quae</span> <span class='ocrx_word' id='word_1_635' title='bbox 3050 4318 3126 4376; x_wconf 91' lang='lat' dir='ltr'>de</span> <span class='ocrx_word' id='word_1_636' title='bbox 3183 4316 3386 4374; x_wconf 89' lang='lat' dir='ltr'>Marco</span> <span class='ocrx_word' id='word_1_637' title='bbox 3439 4316 3652 4387; x_wconf 89' lang='lat' dir='ltr'>agunt,</span> 
     </span>
    </p>
   </div>
   <div class='ocr_carea' id='block_1_96' title="bbox 2004 4418 3058 4497">
    <p class='ocr_par' dir='ltr' id='par_1_96' title="bbox 2004 4418 3058 4497">
     <span class='ocr_line' id='line_1_97' title="bbox 2004 4418 3058 4497; baseline -0.013 -12"><span class='ocrx_word' id='word_1_638' title='bbox 2004 4440 2166 4485; x_wconf 89' lang='lat' dir='ltr'>novo</span> <span class='ocrx_word' id='word_1_639' title='bbox 2189 4424 2390 4497; x_wconf 87' lang='lat' dir='ltr'>capite</span> <span class='ocrx_word' id='word_1_640' title='bbox 2416 4418 3058 4493; x_wconf 89' lang='lat' dir='ltr'>comprehenduntur.</span> 
     </span>
    </p>
   </div>
   <div class='ocr_carea' id='block_1_97' title="bbox 2091 4507 3652 4582">
    <p class='ocr_par' dir='ltr' id='par_1_97' title="bbox 2091 4507 3652 4582">
     <span class='ocr_line' id='line_1_98' title="bbox 2091 4507 3652 4582; baseline -0.011 0"><span class='ocrx_word' id='word_1_641' title='bbox 2091 4524 2281 4582; x_wconf 83' lang='lat' dir='ltr'>Aliter</span> <span class='ocrx_word' id='word_1_642' title='bbox 2332 4532 2480 4577; x_wconf 91' lang='lat' dir='ltr'>vero</span> <span class='ocrx_word' id='word_1_643' title='bbox 2526 4533 2591 4576; x_wconf 90' lang='lat' dir='ltr'>se</span> <span class='ocrx_word' id='word_1_644' title='bbox 2641 4517 2827 4574; x_wconf 85' lang='lat' dir='ltr'>habet</span> <span class='ocrx_word' id='word_1_645' title='bbox 2884 4514 2947 4571; x_wconf 93' lang='lat' dir='ltr'>in</span> <span class='ocrx_word' id='word_1_646' title='bbox 3004 4511 3302 4569; x_wconf 90' lang='lat' dir='ltr'>Paradiso</span> <span class='ocrx_word' id='word_1_647' title='bbox 3356 4512 3540 4582; x_wconf 88' lang='lat' dir='ltr'>atque</span> <span class='ocrx_word' id='word_1_648' title='bbox 3590 4507 3652 4565; x_wconf 93' lang='lat' dir='ltr'>in</span> 
     </span>
    </p>
   </div>
   <div class='ocr_carea' id='block_1_98' title="bbox 2006 4605 3656 4680">
    <p class='ocr_par' dir='ltr' id='par_1_98' title="bbox 2006 4605 3656 4680">
     <span class='ocr_line' id='line_1_99' title="bbox 2006 4605 3656 4680; baseline -0.012 0"><span class='ocrx_word' id='word_1_649' title='bbox 2006 4621 2290 4680; x_wconf 89' lang='lat' dir='ltr'>versione</span> <span class='ocrx_word' id='word_1_650' title='bbox 2379 4616 2689 4675; x_wconf 87' lang='lat' dir='ltr'>Historiae</span> <span class='ocrx_word' id='word_1_651' title='bbox 2786 4611 3115 4670; x_wconf 88' lang='lat' dir='ltr'>Lausiacae</span> <span class='ocrx_word' id='word_1_652' title='bbox 3216 4607 3491 4678; x_wconf 89' lang='lat' dir='ltr'>antiqua.</span> <span class='ocrx_word' id='word_1_653' title='bbox 3590 4605 3656 4661; x_wconf 90' lang='lat' dir='ltr'>In</span> 
     </span>
    </p>
   </div>
   <div class='ocr_carea' id='block_1_99' title="bbox 2008 4702 3657 4792">
    <p class='ocr_par' dir='ltr' id='par_1_99' title="bbox 2008 4702 3657 4792">
     <span class='ocr_line' id='line_1_100' title="bbox 2008 4702 3657 4792; baseline -0.013 -15"><span class='ocrx_word' id='word_1_654' title='bbox 2008 4718 2240 4792; x_wconf 90' lang='lat' dir='ltr'>quibus</span> <span class='ocrx_word' id='word_1_655' title='bbox 2269 4713 2661 4774; x_wconf 86' lang='lat' dir='ltr'>narrationes</span> <span class='ocrx_word' id='word_1_656' title='bbox 2708 4707 2933 4782; x_wconf 90' lang='lat' dir='ltr'>capitis</span> <span class='ocrx_word' id='word_1_657' title='bbox 2980 4706 3150 4764; x_wconf 89' lang='lat' dir='ltr'>illius</span> <span class='ocrx_word' id='word_1_658' title='bbox 3198 4702 3421 4762; x_wconf 89' lang='lat' dir='ltr'>eodem</span> <span class='ocrx_word' id='word_1_659' title='bbox 3472 4714 3657 4774; x_wconf 89' lang='lat' dir='ltr'>pror-</span> 
     </span>
    </p>
   </div>
   <div class='ocr_carea' id='block_1_100' title="bbox 2011 4948 3655 5105">
    <p class='ocr_par' dir='ltr' id='par_1_100' title="bbox 2011 4948 3655 5105">
     <span class='ocr_line' id='line_1_101' title="bbox 2011 4948 3655 5105; baseline -0.013 -11"><span class='ocrx_word' id='word_1_660' title='bbox 2011 4948 2435 5105; x_wconf 48' lang='lat' dir='ltr'>Chaigtiixcusa</span> <span class='ocrx_word' id='word_1_661' title='bbox 2468 5034 2607 5086; x_wconf 90' lang='lat' dir='ltr'>sunt</span> <span class='ocrx_word' id='word_1_662' title='bbox 2646 5030 2706 5084; x_wconf 89' lang='lat' dir='ltr'>in</span> <span class='ocrx_word' id='word_1_663' title='bbox 2752 5027 2947 5096; x_wconf 81' lang='lat' dir='ltr'>Magn.</span> <span class='ocrx_word' id='word_1_664' title='bbox 2986 5023 3131 5079; x_wconf 89' lang='lat' dir='ltr'>Bibl.</span> <span class='ocrx_word' id='word_1_665' title='bbox 3166 5022 3284 5076; x_wconf 86' lang='lat' dir='ltr'>VV.</span> <span class='ocrx_word' id='word_1_666' title='bbox 3327 5021 3431 5076; x_wconf 87' lang='lat' dir='ltr'>PP.</span> <span class='ocrx_word' id='word_1_667' title='bbox 3466 5016 3655 5075; x_wconf 90' lang='lat' dir='ltr'>Paris.</span> 
     </span>
    </p>
   </div>
   <div class='ocr_carea' id='block_1_101' title="bbox 2008 5121 2426 5196">
    <p class='ocr_par' dir='ltr' id='par_1_101' title="bbox 2008 5121 2426 5196">
     <span class='ocr_line' id='line_1_102' title="bbox 2008 5121 2426 5196; baseline -0.019 -13"><span class='ocrx_word' id='word_1_668' title='bbox 2008 5129 2069 5183; x_wconf 78' lang='grc' dir='ltr'><strong>Τ.</strong></span> <span class='ocrx_word' id='word_1_669' title='bbox 2102 5127 2163 5181; x_wconf 79' lang='grc' dir='ltr'><strong>χι</strong></span> <span class='ocrx_word' id='word_1_670' title='bbox 2194 5140 2259 5196; x_wconf 81' lang='grc' dir='ltr'><strong>ρ.</strong></span> <span class='ocrx_word' id='word_1_671' title='bbox 2304 5121 2426 5177; x_wconf 87' lang='grc'>888.</span> 
     </span>
    </p>
   </div>
   <div class='ocr_carea' id='block_1_102' title="bbox 2080 5206 2903 5287">
    <p class='ocr_par' dir='ltr' id='par_1_102' title="bbox 2080 5206 2903 5287">
     <span class='ocr_line' id='line_1_103' title="bbox 2080 5206 2903 5287; baseline -0.013 -17"><span class='ocrx_word' id='word_1_672' title='bbox 2080 5214 2159 5287; x_wconf 84' lang='grc'>(7)</span> <span class='ocrx_word' id='word_1_673' title='bbox 2209 5215 2272 5267; x_wconf 91' lang='lat' dir='ltr'>In</span> <span class='ocrx_word' id='word_1_674' title='bbox 2304 5208 2528 5267; x_wconf 89' lang='lat' dir='ltr'>codicis</span> <span class='ocrx_word' id='word_1_675' title='bbox 2564 5206 2664 5263; x_wconf 84' lang='lat' dir='ltr'>fol.</span> <span class='ocrx_word' id='word_1_676' title='bbox 2695 5209 2822 5273; x_wconf 75' lang='grc'>247,</span> <span class='ocrx_word' id='word_1_677' title='bbox 2844 5208 2903 5259; x_wconf 83' lang='lat'>2.</span> 
     </span>
    </p>
   </div>
   <div class='ocr_carea' id='block_1_103' title="bbox 2079 5285 3667 5374">
    <p class='ocr_par' dir='ltr' id='par_1_103' title="bbox 2079 5285 3667 5374">
     <span class='ocr_line' id='line_1_104' title="bbox 2079 5285 3667 5374; baseline -0.013 -14"><span class='ocrx_word' id='word_1_678' title='bbox 2079 5285 2154 5374; x_wconf 79' lang='lat'>(8)</span> <span class='ocrx_word' id='word_1_679' title='bbox 2199 5301 2281 5358; x_wconf 87' lang='lat' dir='ltr'>Cf.</span> <span class='ocrx_word' id='word_1_680' title='bbox 2328 5302 2541 5355; x_wconf 87' lang='lat' dir='ltr'>harum</span> <span class='ocrx_word' id='word_1_681' title='bbox 2582 5294 3012 5361; x_wconf 85' lang='lat' dir='ltr'>Quaestionum</span> <span class='ocrx_word' id='word_1_682' title='bbox 3055 5288 3462 5362; x_wconf 83' lang='lat' dir='ltr'>Appendicem</span> <span class='ocrx_word' id='word_1_683' title='bbox 3511 5285 3667 5358; x_wconf 88' lang='lat' dir='ltr'>prio-</span> 
     </span>
    </p>
   </div>
   <div class='ocr_carea' id='block_1_104' title="bbox 2009 5391 2402 5448">
    <p class='ocr_par' dir='ltr' id='par_1_104' title="bbox 2009 5391 2402 5448">
     <span class='ocr_line' id='line_1_105' title="bbox 2009 5391 2402 5448; baseline -0.015 0"><span class='ocrx_word' id='word_1_684' title='bbox 2009 5408 2134 5448; x_wconf 89' lang='lat' dir='ltr'>rem</span> <span class='ocrx_word' id='word_1_685' title='bbox 2169 5391 2284 5445; x_wconf 89' lang='lat' dir='ltr'>sub</span> <span class='ocrx_word' id='word_1_686' title='bbox 2321 5391 2402 5444; x_wconf 90' lang='lat' dir='ltr'>IV.</span> 
     </span>
    </p>
   </div>
   <div class='ocr_carea' id='block_1_105' title="bbox 2081 5472 2951 5551">
    <p class='ocr_par' dir='ltr' id='par_1_105' title="bbox 2081 5472 2951 5551">
     <span class='ocr_line' id='line_1_106' title="bbox 2081 5472 2951 5551; baseline -0.015 -14"><span class='ocrx_word' id='word_1_687' title='bbox 2081 5482 2159 5551; x_wconf 83' lang='lat'>(9)</span> <span class='ocrx_word' id='word_1_688' title='bbox 2197 5478 2285 5536; x_wconf 83' lang='lat' dir='ltr'>Cf.</span> <span class='ocrx_word' id='word_1_689' title='bbox 2328 5492 2511 5549; x_wconf 88' lang='lat' dir='ltr'>supra</span> <span class='ocrx_word' id='word_1_690' title='bbox 2541 5492 2599 5546; x_wconf 89' lang='lat' dir='ltr'>p.</span> <span class='ocrx_word' id='word_1_691' title='bbox 2646 5474 2712 5529; x_wconf 80' lang='lat' dir='ltr'>t6</span> <span class='ocrx_word' id='word_1_692' title='bbox 2744 5476 2867 5527; x_wconf 86' lang='lat' dir='ltr'>not.</span> <span class='ocrx_word' id='word_1_693' title='bbox 2897 5472 2951 5524; x_wconf 85' lang='lat'>2.</span> 
     </span>
    </p>
   </div>
   <div class='ocr_carea' id='block_1_106' title="bbox 2081 5553 3520 5641">
    <p class='ocr_par' dir='ltr' id='par_1_106' title="bbox 2081 5553 3520 5641">
     <span class='ocr_line' id='line_1_107' title="bbox 2081 5553 3520 5641; baseline -0.013 -16"><span class='ocrx_word' id='word_1_694' title='bbox 2081 5570 2195 5641; x_wconf 83' lang='grc'>(10)</span> <span class='ocrx_word' id='word_1_695' title='bbox 2236 5566 2479 5625; x_wconf 89' lang='lat' dir='ltr'>Coteler.</span> <span class='ocrx_word' id='word_1_696' title='bbox 2517 5563 2664 5620; x_wconf 87' lang='lat' dir='ltr'>Eccl.</span> <span class='ocrx_word' id='word_1_697' title='bbox 2698 5561 2903 5619; x_wconf 82' lang='lat' dir='ltr'>Graec.</span> <span class='ocrx_word' id='word_1_698' title='bbox 2942 5560 3091 5614; x_wconf 88' lang='lat' dir='ltr'>Mon.</span> <span class='ocrx_word' id='word_1_699' title='bbox 3116 5558 3176 5613; x_wconf 89' lang='lat' dir='ltr'>T.</span> <span class='ocrx_word' id='word_1_700' title='bbox 3212 5554 3282 5612; x_wconf 85' lang='grc' dir='ltr'>ΙΙΙ</span> <span class='ocrx_word' id='word_1_701' title='bbox 3312 5553 3520 5627; x_wconf 70' lang='lat' dir='ltr'>p.162.</span> 
     </span>
    </p>
   </div>
  </div>
