4080 6208
437 294 508 348 75
1152 310 1153 319 ι
1306 282 1404 339 SS.
1447 278 1934 338 MACARIORUM
1973 276 2303 335 AEGYPTII
2344 281 2430 336 ET
2466 281 2975 339 ALEXANDRINI
3783 280 3855 333 ‘76

436 436 540 480 sus
630 419 853 477 ordine
932 419 1279 488 sequuntur
1349 416 1537 484 atque
1610 409 1673 467 in
1760 408 2089 467 codicibus
2125 410 2167 460 Α
2201 414 2568 483 sequuntur,
2624 412 2701 469 ad
2751 410 3085 469 Macarium
3129 406 3618 467 Alexandrinum
3668 422 3859 480 spec—

435 514 1043 577 Vindobonensibus.
1092 513 1301 585 Neque
1376 524 1524 569 vero
1581 508 1909 566 Paradisus
1964 504 2089 567 sibi

437 620 695 684 constat,
756 613 862 685 qui
915 612 1156 683 pariter
1211 616 1395 682 atque
1447 608 1643 665 codex
1689 606 2093 663 membrana—

440 728 588 772 ceus
642 709 1132 769 Vindobonensis
1194 722 1422 766 nomen
1476 706 1642 764 senis
1695 704 1882 763 modo
1938 704 2095 761 Mar-

441 826 606 875 cum,
685 809 872 867 modo
944 808 1280 865 Macarium
1352 805 1607 863 indicat.
1683 804 1834 860 Nam
1898 816 2093 874 quum

442 909 719 982 primum
778 908 856 965 de
904 902 1104 963 Marco
1148 908 1478 967 narrasset,
1550 907 1764 975 postea
1824 899 2091 958 scribit:

446 1026 475 1062 α
511 1008 602 1064 Ad
657 1007 820 1063 hunc
853 1003 1169 1077 [Marcum]
1230 1016 1374 1061 cum
1424 1001 1734 1059 venissem
1791 999 2097 1057 dicerem-

445 1120 599 1177 que:
640 1105 812 1161 Abba
840 1098 1089 1160 Macari.
1143 1146 1155 1160 .
1211 1146 1223 1158 .
1276 1145 1288 1157 .
1343 1103 1556 1167 »,tum
1580 1099 1642 1156 in
1677 1098 1796 1155 ﬁne
1825 1096 2091 1168 capitis:

453 1220 476 1251 ι
512 1200 672 1256 Haec
716 1212 913 1269 pauca
961 1197 1037 1254 de
1092 1194 1306 1253 multis
1364 1210 1438 1252 ex
1493 1194 1672 1252 factis
1728 1191 1921 1250 sancti
1968 1186 2100 1250 Μα-

445 1293 594 1353 carii
637 1294 730 1352 vel
762 1294 944 1352 dictis
969 1292 1336 1365 signiﬁcavi.
1383 1311 1412 1347 »
1447 1293 1671 1351 Contra
1704 1291 1768 1348 in
1818 1288 2102 1347 versione

449 1392 753 1452 Historiae
805 1390 1132 1449 Lausiacae
1185 1390 1441 1463 antiqua
1500 1394 1700 1448 totum
1777 1393 1964 1459 caput
2025 1386 2101 1443 ad

446 1489 783 1548 Macarium
836 1489 1126 1558 refertur,
1181 1488 1289 1561 qui
1340 1488 1612 1545 Palladio
1670 1492 1809 1544 ante
1880 1485 2103 1543 cellam

448 1592 585 1648 eius
623 1590 875 1647 sedente
913 1593 972 1644 et
1011 1587 1396 1644 auscultante
1444 1599 1656 1643 secum
1703 1591 1763 1643 et
1793 1598 1937 1642 cum
1979 1584 2105 1641 dia-

452 1689 599 1746 bolo
630 1687 744 1745 ista
788 1684 1221 1743 confabulatus
1260 1684 1363 1755 sit,
1409 1688 1470 1741 et
1498 1682 1597 1740 cui
1640 1684 1825 1759 plane
1869 1683 2103 1749 omnia,

451 1800 611 1857 quae
666 1784 869 1855 capite
918 1783 1027 1840 illo
1074 1782 1403 1845 habentur,
1458 1782 1845 1839 conveniant.
1900 1781 2109 1852 Neque

452 1886 515 1942 in
565 1898 637 1941 ea
686 1881 869 1939 Marci
916 1880 1149 1938 mentio
1192 1876 1280 1946 ﬁt,
1327 1879 1443 1936 nisi
1473 1885 1559 1946 ut,
1603 1894 1762 1951 quae
1806 1878 2110 1937 Macarius

453 1983 530 2040 de
569 1994 645 2039 eo
689 1978 996 2049 retulerit,
1043 1982 1418 2050 narrentur;
1452 1976 1682 2050 quibus
1729 1977 2106 2050 adiungitur,

454 2081 750 2146 Marcum,
812 2092 1007 2149 quum
1076 2076 1319 2133 iuvenis
1398 2080 1579 2142 esset,
1651 2091 1700 2131 s.
1769 2076 2112 2147 scripturas

454 2175 807 2241 edidicisse,
851 2178 911 2232 et
954 2173 1280 2246 insigniter
1322 2178 1713 2231 mansuetum
1767 2178 1828 2231 et
1874 2178 2111 2232 castum

458 2275 678 2332 fuisse.

537 2367 657 2437 78
722 2370 879 2439 Quid
963 2368 1151 2441 igitur
1196 2366 1227 2427 ἢ
1276 2369 1432 2427 Num
1507 2375 1871 2437 statuemus,
1954 2369 2111 2427 facta

456 2469 641 2528 Marci
716 2466 1029 2526 mentione
1094 2466 1388 2525 librarios
1458 2467 1747 2525 inductos
1802 2482 1959 2537 esse,
2018 2473 2108 2537 ut,

457 2582 615 2639 quae
647 2564 913 2624 Macario
943 2564 1342 2633 conveniunt,
1381 2566 1587 2622 Marco
1613 2565 1971 2635 tribuerint,
2009 2580 2107 2635 an,

456 2665 621 2737 quod
664 2665 729 2721 in
770 2664 867 2730 iis,
909 2678 1070 2735 quae
1110 2663 1503 2734 antecedunt,
1538 2663 1613 2720 de
1665 2663 1931 2721 Macario
1975 2678 2115 2721 nar-

454 2768 659 2820 ratum
706 2766 817 2829 est,
877 2759 1141 2818 Macario
1183 2759 1504 2830 tribuisse,
1534 2776 1693 2833 quae
1736 2762 1815 2819 ad
1842 2763 2112 2820 Marcum

456 2864 736 2933 spectant
767 2858 799 2917 ‘2

536 2958 696 3015 Haec
754 2956 1035 3029 quaestio
1082 2956 1289 3029 primo
1342 2956 1597 3029 quidem
1644 2957 1940 3030 adspectu
1972 2957 2118 3015 satis

456 3055 753 3129 perplexa
812 3068 945 3112 esse
1002 3054 1252 3112 videtur
1302 3072 1315 3121 ;
1378 3055 1508 3122 sed,
1584 3057 1635 3113 si
1689 3062 1973 3114 accurate
2028 3055 2119 3113 di-

456 3152 880 3222 stinxerimus,
938 3152 1115 3209 facile
1164 3152 1459 3210 solvetur.
1507 3153 1707 3211 Ruﬁni
1750 3154 1916 3211 enim
1965 3155 2119 3212 Con'

457 3252 803 3309 tinuatione
881 3250 1191 3307 Historiae
1284 3248 1752 3308 Ecclesiasticae
1838 3252 2115 3322 Eusebii,

461 3363 621 3421 quae
666 3347 863 3405 multo
911 3351 1051 3403 ante
1100 3346 1435 3404 Historiam
1481 3347 1837 3405 Lausiacam
1884 3349 2115 3421 scripta

461 3452 573 3509 est,
626 3445 986 3510 edocemur,
1044 3443 1251 3501 catulo
1309 3444 1590 3515 hyaenae
1637 3445 1853 3503 oculos
1906 3461 1938 3501 a
1997 3446 2115 3503 Ma-

461 3543 632 3602 cario
662 3541 1083 3598 Alexandrino
1124 3540 1439 3599 restitutos
1493 3557 1647 3600 esse.
1702 3543 1849 3600 Nam
1906 3544 2058 3616 legis
2098 3563 2110 3601 :

475 3661 501 3693 «
542 3640 710 3697 idem
758 3640 893 3711 ipse
939 3639 1239 3697 Macarius
1281 3640 1531 3698 leaenae
1586 3642 1947 3713 speluncam
2009 3642 2115 3699 lia-

465 3738 603 3797 buit
650 3737 913 3796 cellulae
965 3734 1160 3815 [suae]
1212 3738 1500 3795 vicinam.
1562 3738 1630 3797 Et
1687 3740 1955 3811 quadam
2017 3740 2117 3797 die

464 3835 703 3895 catulos
748 3849 893 3893 suos
935 3850 1153 3894 caecos
1201 3837 1279 3894 ad
1328 3851 1471 3894 eum
1503 3838 1710 3896 bellua
1738 3838 2029 3911 producit
2059 3843 2119 3895 et

467 3940 608 3993 ante
652 3934 840 4008 pedes
869 3935 1005 3993 eius
1035 3934 1231 4007 ponit.
1284 3936 1358 3993 At
1389 3937 1498 3995 ille
1525 3951 1720 4010 quum
1768 3936 2119 3994 intellexis-

467 4040 579 4100 set,
634 4047 749 4104 pro
806 4033 1098 4091 caecitate
1155 4034 1484 4092 oculorum
1548 4036 1808 4093 bestiam
1876 4035 2119 4107 suppli-

469 4145 632 4197 care,
670 4131 905 4201 rogavit
957 4130 1308 4198 Dominum,
1344 4139 1410 4189 ut
1440 4133 1530 4190 eis
1571 4133 1861 4190 redderet
1890 4133 2116 4189 visum.

469 4229 599 4297 Quo
676 4232 928 4296 recepto
1005 4232 1269 4283 matrem
1339 4233 1667 4299 sequentes
1728 4229 1988 4285 redeunt
2044 4228 2120 4284 ad

468 4324 852 4397 Speluncam.
921 4324 988 4381 Et
1043 4324 1226 4397 paulo
1280 4331 1418 4396 post
1489 4326 1623 4396 ipsa
1692 4340 1836 4383 cum
1903 4325 2123 4383 catulis

470 4423 599 4480 suis
655 4421 1013 4493 regrediens
1059 4422 1253 4495 pelles
1299 4422 1511 4481 ovium
1552 4422 1782 4481 lanatas
1824 4423 2125 4496 plurimas
2159 4467 2200 4521 Β

471 4521 637 4579 velut
712 4534 940 4578 munus
1010 4534 1124 4593 pro
1196 4526 1483 4592 suscepta
1541 4520 1736 4593 gratia
1787 4521 1863 4579 ad
1912 4535 2122 4579 senem

472 4619 672 4677 defert
722 4631 936 4677 morsu
989 4618 1118 4676 oris
1161 4623 1424 4689 evectas,
1488 4624 1548 4676 et
1595 4624 1734 4675 ante
1783 4619 1948 4677 fores
1990 4619 2126 4676 eius

472 4716 772 4789 depositis
842 4716 1121 4774 abscedit
1195 4713 1303 4791 (1).
1368 4735 1398 4771 »
1460 4716 1725 4774 Dubium
1789 4732 1933 4774 sane
1992 4732 2125 4775 esse

472 4816 574 4872 vix
620 4819 843 4887 potest,
887 4814 1041 4886 quin
1084 4813 1345 4873 eandem
1390 4814 1549 4872 hanc
1600 4815 1985 4874 sanationem
2016 4831 2128 4874 ca-

474 4913 749 4969 tulorum
826 4911 1075 4969 leaenae
1148 4926 1338 4983 supra
1413 4912 1723 4970 Palladius
1798 4913 2121 4987 signiﬁcet.

472 5008 649 5078 Quod
680 5009 729 5066 si
760 5012 1020 5077 constat,
1072 5010 1347 5069 dubitari
1381 5010 1653 5082 amplius
1686 5012 1923 5084 nequit,
1975 5013 2127 5083 quin

473 5114 681 5165 cetera
732 5122 1006 5180 quoque,
1061 5123 1221 5181 quae
1270 5108 1471 5181 capite
1514 5109 1632 5167 isto
1682 5108 1935 5167 Palladii
1988 5122 2130 5167 nar-

476 5204 783 5264 rationem
842 5205 921 5263 de
968 5206 1175 5265 catulo
1228 5207 1505 5280 hyaenae
1559 5209 1633 5265 ad
1696 5206 1881 5265 ﬁnem
1933 5221 2129 5279 usque

550 5488 624 5559 (1)
666 5488 795 5543 Ruf.
830 5488 967 5545 Hist.
1014 5488 1162 5544 Eccl.
1205 5489 1308 5544 lib.
1343 5505 1378 5543 ιι
1408 5504 1540 5557 cap.
1575 5491 1608 5542 4
1639 5486 1737 5542 ed.
1782 5484 1953 5540 Basil.
1990 5487 2027 5539 l.
2064 5501 2122 5555 p.

478 5578 603 5643 243,
630 5576 817 5633 Ruﬁni
851 5581 1001 5651 Opp.
1035 5578 1127 5634 ed.
1162 5577 1407 5633 Vallarsi
1432 5592 1490 5647 p.
1523 5579 1647 5641 272,
1681 5574 1873 5644 Migne
1908 5573 2123 5631 Patrol.

476 5668 534 5723 T.
566 5668 677 5726 XXI
708 5683 772 5741 p.
815 5667 938 5725 512.

2202 515 2381 568 tent:
2435 524 2603 580 eum,
2662 526 2739 568 ex
2791 524 2915 583 quo
2972 508 3320 581 baptizatus
3381 506 3481 574 sit,
3543 506 3861 577 sexaginta

2204 622 2397 665 annos
2446 622 2567 665 non
2618 608 2793 667 humi
2847 608 3110 681 spuisse,
3181 618 3377 663 annos
3448 603 3864 678 quadraginta

2204 713 2417 763 natum
2463 707 2844 779 baptizatum
2890 720 3046 776 esse,
3100 710 3335 762 statura
3366 703 3540 762 brevi
3586 703 3774 760 fuisse
3801 707 3865 761 et

2204 809 2430 870 cetera,
2479 820 2639 877 quae
2680 819 2878 876 usque
2925 803 3001 861 ad
3045 802 3231 860 ﬁnem
3281 800 3504 873 capitis
3544 801 3858 874 leguntur.

2207 902 2359 959 Nam
2414 903 2570 960 ordo
2622 903 2810 961 totius
2862 902 3049 960 huius
3099 900 3400 959 orationis
3450 899 3740 974 postulat,
3796 902 3866 957 ut

2208 1000 2359 1058 haec
2438 1000 2514 1058 de
2589 1003 2810 1059 eodem
2881 1014 3027 1058 sene
3110 998 3556 1071 intelligantur,
3637 1012 3670 1054 a
3737 1012 3867 1069 quo

2208 1098 2373 1157 oculi
2422 1098 2629 1157 catulo
2667 1099 2944 1172 hyaenae
2990 1096 3259 1155 restituti
3289 1098 3454 1154 sunt.
3496 1094 3606 1152 Illa
3635 1108 3788 1153 vero
3814 1096 3869 1152 si

2210 1197 2287 1254 de
2344 1197 2610 1255 Macario
2666 1195 3062 1269 intelligenda
3132 1200 3294 1262 sunt,
3351 1207 3564 1251 senem
3617 1207 3871 1265 quoque

2210 1300 2460 1352 centum
2524 1307 2855 1365 annorum,
2908 1293 3016 1366 qui
3087 1307 3152 1350 se
3215 1296 3275 1351 et
3344 1289 3670 1349 diabolum
3740 1296 3870 1347 tam

2214 1394 2438 1450 acerbe
2487 1392 2855 1463 increpavit,
2905 1389 3242 1449 Macarium
3284 1389 3478 1448 fuisse
3526 1389 3707 1446 facile
3754 1394 3877 1446 sta-

2214 1494 2369 1547 tues.
2431 1490 2579 1547 Nam
2631 1490 3040 1562 quadraginta
3092 1488 3258 1549 anni.
3330 1500 3491 1559 quos
3568 1485 3875 1544 Macarius

2217 1594 2355 1645 ante
2407 1588 2785 1659 baptismum
2836 1588 3010 1657 vixit,
3059 1591 3116 1645 et
3155 1584 3494 1658 sexaginta,
3532 1598 3689 1656 quos
3720 1582 3874 1640 vixit

2220 1692 2475 1758 accepto
2534 1687 2874 1759 baptismo,
2951 1685 3001 1744 si
3074 1688 3542 1757 computantur,
3617 1686 3875 1739 centum

2222 1797 2414 1841 annos
2438 1783 2732 1841 efﬁciunt.

2301 1878 2420 1949 79
2454 1882 2664 1953 Itaque
2707 1879 2770 1939 in
2802 1880 2933 1939 sola
2981 1880 3238 1953 antiqua
3290 1878 3577 1937 versione
3634 1881 3873 1936 rectam

2223 1978 2488 2037 inveniri
2544 1979 2868 2037 nominum
2915 1979 3291 2051 scripturam
3334 1976 3654 2048 intelligis,
3689 1990 3875 2034 cunc-

2222 2082 2430 2150 taque,
2483 2092 2642 2150 quae
2694 2077 2898 2149 capite
2946 2076 3054 2134 illo
3105 2076 3395 2134 codicum
3438 2073 3876 2132 Vindobonen-

2222 2176 2435 2234 sium:
2493 2194 2521 2230 ‹
2580 2176 2659 2233 De
2703 2176 2906 2233 Marco
2956 2192 2985 2228 »
3037 2174 3338 2246 inscripto
3394 2172 3724 2242 habentur,
3794 2172 3873 2230 ad

2225 2273 2561 2331 Macarium
2670 2271 3161 2330 Alexandrinum
3270 2276 3573 2343 spectare,
3670 2284 3877 2342 neque

2222 2373 2480 2430 omnino
2534 2372 2805 2429 Marcum
2864 2370 2926 2428 in
2979 2370 3183 2442 capite
3231 2367 3565 2435 nominari,
3624 2367 3743 2425 nisi
3806 2372 3878 2425 ut

2223 2469 2311 2541 id,
2358 2469 2525 2541 quod
2557 2469 2633 2526 de
2665 2482 2740 2527 eo
2786 2469 3089 2526 Macarius
3118 2467 3370 2531 dixerit,
3408 2468 3718 2533 narretur,
3770 2464 3877 2524 cui

2224 2567 2480 2641 quidem
2532 2566 2876 2625 narrationi
2934 2565 3269 2633 Palladius,
3320 2565 3617 2633 Marcum,
3677 2577 3877 2635 quum

2224 2666 2465 2723 iuvenis
2503 2668 2682 2732 esset,
2727 2680 2775 2721 s.
2814 2664 3157 2736 scripturas
3185 2662 3540 2734 edidicisse,
3582 2677 3654 2719 ac
3694 2675 3879 2719 sanc-

2226 2764 2397 2822 titate
2428 2767 2488 2820 et
2516 2763 2792 2821 castitate
2818 2762 3123 2834 insignem
3155 2760 3365 2832 fuisse,
3399 2759 3732 2818 addiderit.

2308 2862 2429 2920 Nec
2467 2876 2617 2933 non,
2670 2866 2737 2920 ut
2784 2861 2939 2918 illud
2988 2865 3175 2933 caput
3227 2858 3310 2917 ita
3365 2860 3875 2931 interpretemur,

2231 2961 2420 3018 etiam
2473 2974 2664 3018 nexus
2722 2958 3094 3016 narrationis
3152 2956 3402 3015 Palladii
3459 2957 3537 3015 de
3594 2955 3883 3014 Macariis

2230 3060 2493 3117 suadere
2551 3058 2816 3115 videtur.
2868 3056 3020 3114 Nam
3066 3055 3426 3124 Palladium,
3474 3054 3607 3127 qui,
3654 3067 3869 3126 quam-

2231 3157 2339 3214 diu
2385 3155 2689 3215 Macarius
2724 3155 3059 3227 Aegyptius
3092 3153 3340 3220 vixerit,
3384 3155 3713 3219 memorat,
3773 3166 3879 3225 pa-

2230 3255 2402 3323 riter,
2449 3259 2601 3326 quot
2646 3267 2840 3311 annos
2886 3252 3189 3310 Macarius
3242 3250 3694 3309 Alexandrinus
3741 3249 3884 3308 atti-

2225 3351 2405 3424 gerit,
2478 3350 2783 3408 indicasse
2854 3354 3339 3407 consentaneum
3411 3352 3521 3405 est.
3602 3346 3878 3414 Accedit,

2226 3450 2392 3522 quod
2439 3448 2713 3506 narratio
2745 3446 2999 3505 Palladii
3030 3447 3107 3505 de
3139 3446 3403 3505 Macario
3436 3444 3880 3509 Alexandrino.

2226 3548 2275 3605 si
2327 3548 2479 3605 illud
2536 3552 2724 3619 caput
2771 3545 2847 3604 ad
2901 3547 3175 3604 Marcum
3217 3545 3508 3611 refertur,
3560 3544 3721 3602 iusto
3762 3542 3885 3601 ﬁne

2229 3660 2484 3717 prorsus
2524 3649 2738 3704 caret:
2776 3648 3013 3709 contra,
3062 3643 3112 3700 si
3162 3643 3239 3699 ad
3295 3641 3630 3700 Macarium
3682 3640 3885 3712 perti-

2226 3748 2350 3811 net,
2403 3744 2623 3800 ambae
2672 3742 2747 3799 de
2811 3740 3093 3799 Macariis
3154 3739 3416 3798 Palladii
3495 3738 3886 3798 narrationes

2229 3841 2550 3915 praeclare
2582 3840 2847 3898 invicem
2874 3840 2995 3897 sibi
3029 3838 3428 3912 respondent.

2309 3939 2583 3997 Tertium
2634 3939 2905 4011 denique
2956 3942 3017 3995 et
3073 3937 3503 3995 ﬁrmissimum
3553 3948 3888 4008 argumen-

2231 4044 2361 4097 tum
2421 4037 2761 4109 repetimus
2818 4052 2851 4093 a
2908 4037 3273 4101 Sozomeno,
3346 4034 3455 4107 qui
3512 4047 3748 4103 senem,
3805 4034 3886 4091 de

2232 4158 2357 4217 quo
2445 4142 2562 4199 isto
2635 4142 2838 4214 capite
2937 4148 3248 4212 narratur,
3332 4141 3671 4200 Macarium
3750 4155 3889 4199 esse

2233 4245 2446 4312 aperte
2498 4238 2677 4296 docet
2750 4238 3132 4296 Sozomenus
3177 4240 3393 4297 enim:
3437 4259 3457 4292 ι
3518 4239 3687 4298 Alter
3739 4237 3887 4312 [Ma-

2232 4337 2437 4395 carius
2487 4333 2963 4414 Alexandrinus]
3022 4351 3171 4396 vero
3218 4356 3273 4405 »,
3328 4338 3552 4411 inquit,
3614 4357 3637 4389 ε
3683 4336 3889 4395 serius

2235 4436 2490 4509 quidem
2546 4436 2875 4509 presbyter
2942 4436 3136 4494 factus
3210 4442 3320 4493 est.
3397 4436 3517 4495 Sed
3590 4435 3888 4494 omnibus

2237 4534 2364 4591 fere
2420 4534 2706 4592 arctioris
2758 4534 3131 4606 disciplinae
3185 4533 3738 4591 exercitationibus
3793 4537 3890 4591 est

2237 4631 2624 4705 perfunctus,
2681 4647 2945 4705 quarum
3001 4634 3155 4691 alias
3208 4631 3341 4704 ipse
3400 4631 3882 4702 excogitaverat,

2236 4731 2537 4804 quasdam
2587 4732 2664 4787 ab
2717 4729 2857 4787 aliis
2910 4733 3193 4800 acceptas
3250 4732 3417 4784 tanto
3463 4725 3671 4783 studio
3704 4740 3890 4787 exco-

2240 4831 2459 4895 luerat,
2520 4832 2586 4886 ut
2632 4844 2701 4884 ea:
2757 4825 2940 4883 nimia
2990 4823 3135 4883 cutis
3189 4820 3467 4880 ariditate
3517 4820 3632 4898 pili
3688 4820 3893 4882 barbae

2237 4931 2289 4985 ei
2357 4943 2467 4984 non
2532 4922 2905 4983 succreverint
2983 4922 3092 4998 (2).
3158 4940 3187 4976 υ
3271 4921 3385 4979 Ubi
3467 4920 3887 4982 Sozomenum

2242 5024 2574 5083 Historiam
2625 5022 2977 5079 Lausiacam
3025 5035 3059 5078 e
3105 5020 3309 5093 capite
3358 5020 3478 5079 isto
3508 5022 3888 5095 compilasse

2241 5122 2635 5179 manifestum
2710 5123 2821 5176 est.
2890 5117 3117 5186 Quodsi
3173 5122 3381 5177 autem
3440 5133 3533 5189 ea,
3596 5134 3757 5192 quae
3810 5120 3890 5178 de

2242 5220 2436 5277 barba
2488 5217 2652 5275 senis
2703 5216 2766 5274 in
2817 5215 3019 5288 capite
3075 5216 3401 5275 Lausiacae
3450 5216 3760 5291 leguntur,
3809 5218 3888 5277 ad

2308 5483 2386 5553 (l)
2428 5484 2659 5539 8020m.
2692 5481 2831 5538 Hist.
2858 5480 3009 5537 Eccl.
3032 5479 3137 5537 lib.
3169 5482 3390 5554 lllcap.
3413 5482 3481 5536 14
3502 5480 3887 5538 ed.Valesius

2237 5587 2297 5644 p.
2331 5571 2454 5627 516.
