4080 6208
184 313 254 369 π

1783 306 2010 364 VITAE.
3533 310 3600 363 78

186 441 536 502 Macarium
580 442 883 513 spectant,
917 437 1079 512 quis,
1121 438 1275 511 quin
1314 443 1520 497 cetera
1568 451 1840 511 quoque,
1879 433 1924 488 Α
1959 438 2162 497 solum
2213 445 2338 498 tres
2386 441 2660 516 integros
2689 456 2904 508 annos,
2938 441 3047 499 sed
3090 440 3279 498 etiam
3311 443 3436 496 tres
3478 437 3610 496 fere

184 555 347 614 quae
401 539 517 598 illo
569 539 773 612 capite
825 538 1245 607 continentur,
1301 537 1363 595 in
1421 537 1690 596 eundem
1740 551 1850 593 ca-
1959 551 2154 594 annos
2185 538 2462 597 indicare
2494 555 2672 613 posse
2721 539 2828 616 (3).
2866 538 3120 598 Etiamsi
3154 551 3303 595 vero
3333 537 3453 595 hoc
3485 540 3611 594 sta-

183 639 358 703 dant,
391 636 668 709 amplius
695 633 1060 694 dubitabit?

267 735 492 807 Itaque
529 732 935 806 perspicuum
979 736 1096 803 est,
1148 731 1214 790 in
1245 730 1574 790 codicibus
1616 729 1852 788 Vindo-

185 832 584 892 bonensibus
637 844 752 904 pro
799 828 1064 900 Μακάριος
1116 830 1272 889 falso
1342 830 1647 902 scriptum
1719 843 1852 886 esse

1960 639 2232 706 tuamus,
2265 643 2432 697 certe
2464 644 2666 696 tamen
2709 642 2846 695 ante
2882 650 3112 695 annum
3158 636 3273 693 400
3307 633 3618 692 Palladius

1962 747 2037 790 ex
2064 733 2315 792 Cellulis
2341 750 2465 794 non
2495 737 2778 795 decessit.

2045 832 2243 905 Atque
2325 849 2468 890 cum
2555 835 2669 892 hac
2751 839 3108 905 temporum
3193 827 3617 902 descriptione

187 930 431 1000 Μάρκος.
486 929 643 998 Quid
702 927 962 1001 quidem
1009 942 1190 986 error
1239 943 1383 986 cum
1429 942 1502 985 ex
1542 926 1856 985 adﬁnitate
1963 931 2203 1002 optime
2245 932 2619 990 conveniunt
2667 931 2920 990 Palladii
2975 929 3186 996 verba,
3232 929 3438 1000 ipsum
3487 931 3617 984 tre-

189 1030 540 1087 verborum
572 1032 705 1084 tum
737 1041 815 1084 ex
859 1025 1106 1084 indice:
1165 1045 1193 1078 α
1249 1025 1329 1084 De
1365 1026 1568 1084 Marco
1597 1046 1622 1079 ι)
1679 1030 1858 1082 natus

191 1131 306 1192 est,
343 1139 537 1198 quem
581 1137 727 1183 cum
766 1123 1062 1182 librarius
1092 1128 1198 1182 aut
1228 1123 1442 1190 lector,
1475 1123 1628 1181 facta
1671 1119 1855 1180 Marci

193 1224 520 1282 mentione
577 1224 834 1296 longum
885 1226 1069 1294 caput
1135 1218 1202 1278 de
1265 1217 1550 1280 Macariis
1615 1220 1859 1278 ﬁnitum

1966 1028 2169 1086 decim
2248 1045 2441 1088 annos
2524 1031 2902 1087 monachum
2987 1028 3196 1098 fuisse,
3283 1030 3616 1096 antequam

1968 1127 2300 1200 episcopus
2353 1128 2527 1186 ﬁeret
2577 1127 2685 1205 (4).
2745 1129 2788 1186 Ε
2842 1126 3095 1185 Cellulis
3137 1124 3305 1182 enim
3355 1122 3616 1179 afﬂictae

1969 1225 2344 1283 valetudinis
2410 1241 2616 1296 causa,
2682 1233 2750 1284 ut
2815 1226 2949 1298 ipse
3035 1227 3268 1291 narrat,
3349 1219 3618 1278 Alexan-

192 1335 332 1380 esse
388 1325 583 1385 ratus,
638 1320 704 1379 in
762 1320 1042 1393 margine
1092 1319 1544 1392 adscripsisset,
1601 1331 1862 1389 corrup-

194 1419 323 1478 tela
354 1418 759 1491 postmodum
790 1416 1112 1476 intextum
1141 1417 1434 1476 facillime
1463 1417 1738 1490 irrepsit.

1971 1323 2197 1390 driam,
2259 1323 2483 1382 deinde
2540 1324 2929 1383 medicorum
3002 1320 3263 1380 consilio
3332 1317 3618 1376 Hieroso-

1973 1421 2139 1493 lyma
2169 1420 2366 1493 petiit,
2406 1423 2574 1480 unde
2603 1436 2798 1494 quum
2831 1420 2894 1478 in
2946 1418 3298 1490 Bithyniam
3324 1414 3612 1479 venisset,

282 1514 407 1585 80
461 1517 662 1587 Quam
737 1515 995 1589 quidem
1065 1516 1512 1589 corruptelam.
1575 1515 1743 1588 quod
1802 1515 1863 1570 in
1975 1519 2307 1592 episcopus
2353 1520 2677 1578 ordinatus
2729 1523 2818 1577 est
2867 1517 2975 1594 (5).
3033 1517 3425 1590 Quapropter
3471 1524 3617 1570 eum

205 1615 700 1674 membranaceo
769 1613 986 1672 codice
1072 1614 1260 1672 modo
1330 1612 1600 1684 Μακάριος
1679 1613 1868 1670 modo

2017 1632 2139 1675 nno
2223 1621 2356 1690 post
2441 1617 2775 1675 adventum
2856 1631 3040 1675 suum
3124 1614 3307 1672 tertio
3377 1611 3624 1670 decimo

204 1713 426 1784 Μάρκος
485 1713 736 1785 legitur,
794 1713 1114 1784 antiquam
1173 1727 1330 1783 esse,
1383 1712 1490 1770 sed
1544 1711 1868 1784 paullatim

2010 1720 2328 1788 iegyptum
2378 1715 2726 1788 reliquisse,
2779 1720 2840 1772 et
2887 1728 3050 1772 anno
3097 1710 3206 1769 401
3265 1709 3634 1782 episcopum

207 1819 457 1870 tantum
511 1811 848 1881 genuinam
901 1824 1116 1868 vocem
1174 1828 1187 1869 :
1239 1809 1507 1878 Μακάριος
1553 1815 1721 1868 textu
1771 1823 1873 1865 ex-

2010 1810 2094 1881 31
2158 1814 2384 1871 factum
2442 1829 2575 1871 esse
2609 1818 3094 1871 consentaneum
3149 1808 3415 1866 videtur.
3463 1807 3641 1862 Prae-

212 1910 476 1983 pulisse,
525 1912 591 1966 ut
620 1913 712 1966 est
760 1907 825 1964 in
861 1908 1077 1966 codice
1107 1908 1459 1979 chartaceo,
1502 1905 1871 1965 credideris.
1985 1917 2153 1968 terea
2201 1926 2362 1969 anno
2409 1909 2528 1968 400
2577 1911 2925 1969 Palladium
2978 1906 3384 1966 Alexandriae
3425 1902 3638 1967 fuisse,

216 2004 591 2067 Auctoritati
658 2011 866 2063 autem
939 2005 1230 2064 codicum
1304 2003 1874 2063 Vindobonensium
1986 2008 2064 2066 iis
2109 2023 2382 2081 quoque,
2431 2024 2592 2081 quae
2637 2009 2714 2067 de
2760 2012 2960 2065 morte
3005 2003 3244 2078 Evagrii
3297 2001 3430 2074 ipse
3473 2004 3644 2058 retu-

215 2105 551 2165 Lausiacae
595 2101 706 2162 illo
750 2117 966 2161 errore
995 2103 1098 2162 vix
1137 2103 1482 2177 quidquam
1515 2103 1873 2174 derogatur,

207 2217 488 2278 quorum
551 2201 748 2259 virtus
817 2201 881 2258 in
957 2215 1033 2260 eo
1101 2202 1499 2275 potissimum
1571 2199 1872 2264 cernitur,

209 2303 380 2376 quod
431 2316 533 2359 res
581 2300 746 2359 iusto
796 2299 1018 2358 ordine
1067 2299 1337 2371 integras
1376 2304 1650 2365 narrant,
1707 2298 1875 2371 quod

208 2401 271 2458 in
325 2397 720 2457 editionibus
758 2396 996 2469 graecis
1044 2400 1105 2453 et
1158 2397 1222 2454 in
1270 2397 1516 2454 Herveti
1565 2395 1874 2460 versione,

210 2503 277 2556 ut
305 2496 702 2569 saepissime,
738 2494 823 2552 ita
853 2493 955 2552 hic
985 2508 1263 2566 quoque,
1300 2494 1714 2553 desideratur.

289 2595 408 2654 Sed
449 2593 624 2660 haec,
659 2607 820 2666 quae
863 2590 1172 2650 Palladius
1202 2593 1279 2650 de
1320 2592 1587 2650 Macario
1621 2591 1881 2650 Alexan-

207 2695 398 2753 drino
479 2691 712 2756 retulit,
775 2705 940 2748 nunc
1000 2690 1258 2763 quidem
1319 2691 1636 2748 hactenus.
1716 2689 1878 2746 Beli-

209 2806 410 2865 quum
479 2796 597 2862 est,
656 2793 722 2847 ut
779 2789 855 2846 ad
913 2803 987 2846 ea
1047 2787 1413 2846 illustranda
1480 2803 1676 2862 pauca
1747 2802 1877 2846 mo-

211 2903 504 2948 neamus.

291 2986 322 3065 g
377 2985 481 3045 20.
542 2987 623 3044 Ac
669 2985 952 3059 primum
1002 2983 1261 3058 quidem
1307 2998 1405 3056 eo,
1438 2984 1607 3057 quod
1676 2984 1880 3042 Palla-

213 3083 360 3146 dius
434 3090 670 3154 narrat,
723 3097 788 3140 se
845 3096 1068 3140 novem
1127 3096 1321 3140 annos
1378 3082 1442 3140 in
1502 3081 1712 3140 Celliis
1770 3096 1878 3140 seu
1918 3123 1956 3180 ί.

219 3182 479 3242 Cellulis
545 3180 794 3252 vixisse,
848 3179 1179 3238 diﬁicultas
1249 3180 1555 3252 quaedam
1616 3181 1882 3238 chrono-

220 3283 427 3354 logica
479 3279 774 3336 nascitur.
838 3277 1145 3336 Palladius
1188 3278 1382 3346 enim,
1437 3278 1544 3350 qui
1599 3293 1665 3335 se
1720 3292 1882 3336 anno

219 3382 335 3440 388
391 3377 836 3437 Alexandriam
887 3375 1130 3434 venisse
1180 3376 1314 3448 ipse
1365 3380 1649 3445 testatur,
1691 3377 1880 3434 etiam

221 3478 438 3544 tradit.
491 3491 583 3546 se,
642 3479 973 3547 antequam
1031 3473 1096 3531 in
1153 3471 1420 3532 Cellulas
1472 3474 1697 3536 abiret.
1760 3479 1885 3532 tres

221 3591 426 3636 annos
508 3573 750 3632 circum
825 3569 1259 3630 Alexandriam
1334 3569 1444 3648 (1),
1521 3578 1581 3630 et
1654 3588 1884 3631 annum

225 3677 546 3748 integrum
575 3673 640 3730 in
672 3676 880 3729 monte
912 3669 1143 3729 Nitriae
1175 3667 1262 3746 (2)
1295 3670 1626 3729 habitasse.
1659 3672 1884 3744 Quare,

225 3775 278 3832 si
335 3771 488 3831 anni
547 3773 1017 3842 computantur,
1075 3773 1217 3826 ante
1270 3783 1507 3826 annum
1569 3769 1676 3827 401
1744 3767 1887 3828 Cel-

232 3871 392 3930 lulas
437 3883 562 3928 non
631 3865 958 3940 reliquisse
1006 3865 1276 3924 videtur.
1333 3867 1551 3924 Fateor
1603 3867 1887 3942 quidem,

234 3969 427 4026 verba
484 3982 498 4021 :
549 3960 664 4015 Ἐπὶ
696 3963 785 4018 ἔτη
819 3964 961 4034 τρία,
1010 3963 1242 4036 quibus
1290 3962 1692 4022 habitationis
1742 3979 1892 4024 suae

237 4066 482 4124 circum
556 4061 995 4122 Alexandriam
1060 4067 1310 4133 tempus
1371 4061 1696 4135 signiﬁcat,
1774 4077 1894 4122 non

309 4271 390 4338 (I)
421 4266 563 4323 Hist.
588 4266 760 4321 Laus.
797 4263 891 4320 ed.
920 4265 1130 4320 Meurs.
1164 4279 1290 4336 cap.
1321 4266 1350 4318 8
1375 4265 1526 4336 Opp.
1556 4266 1763 4321 Meurs.
1787 4264 1824 4320 l.
1855 4267 1898 4321 I.

247 4374 308 4429 p.
347 4359 481 4414 360.

316 4447 393 4517 (2)
425 4443 574 4500 Ibid.
606 4459 672 4515 p.
714 4446 836 4498 361.

1988 2104 2081 2177 lit,
2111 2107 2438 2179 probabile
2467 2107 2532 2164 ﬁt
2557 2104 2675 2182 (6).

2067 2204 2185 2262 Sed
2233 2204 2572 2276 quominus
2630 2205 2688 2261 id
2744 2207 3108 2269 statuamus,
3173 2195 3502 2273 prohiberi
3556 2194 3644 2252 vi-

1989 2303 2213 2360 demur
2268 2302 2404 2360 loco
2470 2302 2700 2373 dialogi
2756 2303 2832 2360 de
2891 2301 2950 2359 S.
3014 2295 3438 2370 Chrysostomi
3493 2292 3642 2364 vita,

1989 2415 2200 2473 quem,
2251 2400 2512 2458 testibus
2566 2400 2831 2470 Georgio
2892 2396 3310 2456 Alexandrino
3367 2398 3427 2451 et
3487 2391 3644 2449 Pho-

1988 2499 2076 2558 tio
2132 2497 2245 2574 (7),
2308 2498 2617 2556 Palladius
2685 2498 3018 2570 episcopus
3077 2494 3346 2566 scripsit.
3407 2491 3470 2548 In
3525 2490 3644 2546 hoc

1989 2597 2157 2656 enim
2227 2596 2474 2668 dialogo
2537 2595 2784 2668 legitur,
2839 2595 3078 2666 synodo
3131 2588 3645 2660 ConstantinOpo-

1991 2695 2215 2753 litanae
2267 2695 2602 2752 indictione
2646 2692 2747 2750 XII
2802 2692 3051 2750 habitae
3093 2687 3449 2748 interfuisse
3501 2680 3647 2741 Pal-

1990 2791 2211 2850 ladium
2257 2795 2573 2868 episcopum
2625 2785 2982 2866 Helenopolis
3027 2786 3140 2866 (8),
3171 2801 3330 2859 quae
3361 2789 3452 2842 est
3493 2783 3647 2840 urbs

1990 2891 2336 2964 Bithyniae.
2400 2887 2526 2946 Viri
2591 2888 2780 2960 igitur
2832 2887 3021 2953 docti,
3084 2883 3401 2957 imprimis
3460 2881 3644 2938 Baro-

1990 2990 2132 3048 nius
2168 2985 2253 3065 (9)
2285 2993 2344 3046 et
2390 2986 2826 3044 Tillemontius
2871 2983 3030 3060 (10).
3077 2998 3200 3042 non
3256 2979 3642 3046 dubitarunt,

1991 3089 2157 3146 hunc
2223 3083 2624 3156 Helenopolis
2680 3083 3048 3155 episcopum
3119 3079 3391 3138 eundem
3444 3075 3646 3132 facere

1952 3169 2136 3245 'eum
2201 3184 2507 3256 scriptore
2575 3181 2878 3239 Historiae
2942 3178 3288 3237 Lausiacae.
3340 3171 3645 3245 Quoniam

1993 3299 2142 3342 vero
2183 3282 2441 3341 indictio
2467 3280 2596 3340 XIII
2629 3278 2707 3337 ab
2754 3278 2881 3336 VIII
2919 3276 3169 3337 Calend.
3199 3271 3483 3333 Octobris
3507 3271 3549 3329 i.
3585 3285 3642 3328 e.

1995 3382 2170 3441 XXIV
2201 3379 2588 3452 Septembris
2618 3375 2912 3454 (ii)anni
2941 3374 3058 3434 399
3082 3373 3315 3444 incepit
3345 3368 3496 3447 (12),
3523 3367 3646 3426 Til-

1997 3478 2352 3545 lemontius,
2412 3474 2943 3538 Montet‘alconius,
2997 3471 3279 3531 Neander
3335 3467 3645 3540 synodum

1997 3592 2210 3636 mense
2282 3575 2438 3634 Maio
2491 3573 2633 3632 anni
2708 3570 2826 3630 400
2879 3571 3158 3629 habitam
3231 3582 3365 3626 esse
3422 3570 3645 3624 statue-

1996 3682 2141 3735 runt
2173 3672 2299 3751 (I3)
2372 3674 2653 3746 Scriptor
2707 3685 2854 3728 vero
2897 3669 3058 3727 vitae
3102 3669 3161 3726 S.
3196 3663 3640 3739 Chrysostomi.

1998 3789 2158 3848 quae
2190 3773 2252 3830 in
2285 3771 2402 3829 AA.
2451 3768 2553 3828 SS.
2605 3768 2757 3826 Boll.
2807 3767 3143 3836 invenitur,
3187 3777 3400 3821 mense
3433 3760 3648 3820 Martio

2001 3877 2104 3930 aut
2166 3867 2361 3941 Aprili
2407 3867 2548 3924 anni
2601 3864 2718 3922 399
2767 3878 2906 3922 eam
2948 3863 3136 3922 fuisse
3181 3862 3517 3919 arbitratus
3559 3862 3652 3914 est

2001 3971 2084 4028 ob
2129 3965 2548 4031 difﬁcultates,
2598 3977 2757 4034 quae
2812 3960 3122 4032 synodum
3168 3972 3329 4016 anno
3379 3954 3496 4014 400
3549 3955 3656 4012 ita-

2005 4069 2200 4126 bitam
2224 4078 2359 4122 esse
2380 4076 2502 4121 non
2529 4061 2863 4120 admittunt
2891 4056 3039 4136 (14).

2011 4283 2122 4324 con
2158 4268 2217 4322 Τ.
2261 4264 2368 4320 XIII
2414 4278 2471 4334 p.
2514 4259 2582 4316 50
2629 4275 2742 4332 sq.,
2795 4257 3066 4316 Galland.
3101 4256 3242 4313 Bibl.
3295 4255 3404 4310 PP.
3445 4255 3505 4309 T.
3541 4254 3654 4309 VIII

2013 4373 2074 4428 p.
2107 4356 2231 4410 298.
2265 4352 2395 4407 300.

1939 4471 1985 4526 D
2087 4445 2164 4515 (9)
2195 4446 2401 4498 Baron.
2455 4438 2667 4495 Annal.
2734 4453 2787 4494 a.
2843 4435 2967 4492 388.
3000 4435 3130 4491 400.
3194 4433 3319 4489 403.
3366 4431 3489 4488 404.
3523 4430 3652 4487 405.

318 4537 393 4606 (3)
451 4531 732 4588 Matthiae
789 4530 958 4587 Ausi.
1017 4529 1246 4586 Griech.
1307 4531 1675 4588 Grammatik
1737 4532 1832 4589 ed.
1865 4532 1911 4587 Ii
2017 4533 2136 4589 406.

248 4625 303 4680 τ.
347 4623 392 4678 II
444 4623 573 4678 586.
853 4657 863 4667 .

321 4715 398 4784 (4)
425 4712 574 4767 Hist.
616 4709 786 4764 Laus.
813 4707 915 4764 ed.
963 4710 1180 4766 Meurs.
1221 4708 1459 4780 prolog.
1499 4711 1656 4782 Opp.
1685 4710 1902 4767 Meurs.

257 4802 298 4857 l.
335 4802 376 4856 Ι.
412 4816 476 4872 ρ.
507 4798 638 4855 340.

323 4891 400 4961 (5)
431 4888 587 4943 Ibid.
627 4902 767 4958 cap.
802 4889 872 4942 44
897 4888 1052 4958 Opp.
1095 4889 1306 4944 Meurs.
1347 4885 1388 4942 l.
1425 4887 1470 4944 Ι.
1512 4902 1572 4958 ρ.
1604 4887 1732 4941 472.

324 4981 402 5050 (6)
439 4976 598 5033 Ibid.
632 4992 769 5046 cap.
811 4979 878 5031 88
909 4975 1058 5048 Opp.
1084 4976 1293 5031 Meurs.
1325 4975 1366 5030 l.
1417 4976 1463 5032 Ι.
1503 4991 1566 5048 p.
1611 4979 1713 5030 550
1744 4991 1912 5048 sqq.;

257 5068 572 5127 ‘l'illemont
619 5065 924 5122 Mémoires
989 5066 1054 5120 T.
1132 5066 1171 5119 X
1229 5080 1288 5136 p.
1343 5067 1446 5120 368
1500 5080 1670 5136 sqq.,
1719 5081 1777 5136 p.
1813 5069 1916 5121 796

259 5161 390 5214 Not.
428 5161 487 5210 7.

327 5249 404 5316 (7)
438 5245 658 5315 Georg.
692 5241 1122 5297 Alexandrinus
1148 5241 1207 5297 in
1241 5242 1366 5297 Vita
1399 5244 1460 5297 S.
1516 5242 1604 5297 Jo.
1641 5241 1922 5312 Chrysos-

259 5334 427 5390 tomi.
475 5333 716 5388 Photius
749 5329 808 5385 in
837 5329 985 5386 Bibl.
1013 5345 1086 5385 ex
1125 5346 1248 5385 rec.
1273 5329 1518 5386 Bekker.
1554 5330 1740 5386 Berol.
1788 5333 1922 5385 1824

261 5439 318 5493 p.
351 5425 446 5488 78,
476 5421 535 5476 b.
566 5419 650 5475 Ci.
684 5420 740 5475 S.
773 5417 864 5473 .lo.
894 5418 1192 5489 Chrysost.
1237 5419 1388 5491 Opp.
1420 5420 1512 5475 ed.
1549 5419 1921 5476 Montfaucon

263 5512 321 5566 Τ.
355 5509 474 5568 XIII
501 5507 693 5565 Praef.
725 5524 784 5579 p.
819 5523 877 5563 xt
908 5524 998 5579 sq.

330 5603 407 5671 (8)
463 5597 692 5655 Pallad.
754 5597 898 5652 Dial.
954 5597 1029 5652 de
1086 5597 1206 5654 vita
1253 5599 1311 5653 S.
1369 5599 1458 5654 Jo.
1515 5598 1924 5668 Chrysostomi

266 5705 395 5763 cap.
425 5689 515 5746 13.
556 5687 646 5744 14.
682 5688 740 5744 S.
767 5687 857 5742 Jo.
911 5686 1219 5757 Chrysost.
1280 5685 1436 5758 Opp.
1488 5685 1584 5744 ed.
1628 5685 1922 5744 Montfau-

2091 4621 2204 4692 (10)
2225 4619 2533 4675 Tillemont
2564 4615 2869 4672 Mémoires
2900 4615 2959 4669 Τ.
2998 4615 3058 4667 Xl
3093 4628 3145 4682 p.
3177 4609 3283 4666 500
3317 4625 3449 4680 sqq.

2093 4709 2205 4780 (11)
2250 4707 2436 4762 Ideler
2474 4705 2681 4762 Lehrb.
2734 4703 2794 4758 d.
2851 4700 3244 4769 Cttronologie
3294 4696 3484 4753 Berlin
3527 4696 3664 4751 1831

2023 4816 2081 4872 p.
2105 4798 2206 4852 412
2241 4796 2368 4862 ;Du
2400 4796 2594 4864 Cange
2627 4793 2885 4848 Glossar.
2923 4809 2976 4848 s.
3027 4807 3083 4845 v.
3120 4787 3382 4845 indictio.

2095 4887 2200 4957 (12)
2243 4888 2357 4940 AA.
2395 4884 2488 4940 SS.
2521 4883 2665 4938 Boil.
2702 4885 2859 4954 Sept.
2914 4883 2976 4936 Τ.
3015 4880 3084 4934 IV
3115 4896 3174 4952 p.
3207 4878 3335 4943 545,
3395 4875 3455 4932 b.
3509 4873 3679 4931 Tille-

2027 4981 2193 5032 mont
2224 4974 2528 5030 Mémoires
2555 4973 2615 5025 T.
2660 4971 2730 5024 XI
2760 4987 2818 5042 p.
2854 4970 2976 5024 158.
3014 4970 3136 5023 582.

2099 5064 2210 5136 (i3)
2242 5063 2556 5118 Tillemont
2584 5061 2621 5115 Ι.
2657 5061 2695 5114 1.
2731 5077 2789 5131 ρ.
2813 5060 2908 5114 581
2927 5074 3059 5130 sqq.
3096 5060 3229 5114 Not.
3267 5057 3356 5110 59.
3391 5053 3683 5111 Montfau-

2029 5169 2139 5209 con
2173 5154 2232 5208 in
2273 5152 2400 5206 Vitu
2434 5153 2494 5206 S.
2543 5151 2630 5204 Jo.
2665 5147 3097 5220 Chrysostomi,
3147 5148 3204 5201 S.
3238 5145 3326 5200 Jo.
3376 5145 3682 5215 Chrysost.

2029 5241 2179 5314 Opp.
2206 5239 2696 5296 ed.Montfaucon
2725 5239 2784 5294 T.
2828 5237 2940 5293 XIII
2970 5251 3027 5307 p.
3064 5234 3164 5289 137
3205 5249 3336 5305 sqq.
3388 5232 3679 5297 Neander,

2035 5331 2144 5384 Der
2171 5330 2227 5385 h.
2261 5329 2392 5385 Joh.
2423 5329 2884 5400 Chrysostomus
2919 5342 2976 5380 u.
3007 5325 3102 5379 die
3134 5323 3342 5378 Kircbe
3375 5321 3434 5376 in
3467 5320 3684 5376 dessen

2031 5418 2296 5475 Zeitalter
2328 5417 2518 5472 Berlin
2553 5417 2687 5470 I822
2707 5418 2766 5471 Τ.
2792 5416 2837 5468 II
2878 5431 2935 5485 p.
2971 5415 3040 5468 ’Π
3067 5428 3198 5484 sqq.

2103 5509 2210 5575 (14)
2239 5512 2352 5561 AA.
2387 5507 2486 5563 SS.
2545 5505 2686 5562 Boll.
2734 5507 2893 5576 Sept.
2949 5506 3006 5557 T.
3064 5503 3134 5555 IV
3169 5517 3228 5574 p.
3261 5500 3364 5555 543
3419 5516 3558 5572 sqq.
3600 5498 3680 5554 Cf.

2034 5596 2186 5652 Cave
2213 5602 2268 5650 et
2291 5596 2506 5653 Oudin.
2533 5611 2582 5651 s.
2615 5610 2671 5650 v.
2696 5593 3170 5664 Chrysostomus.
3203 5588 3522 5646 Bollandus
3545 5589 3682 5642 Jan.

2033 5688 2096 5743 Τ.
2125 5686 2147 5739 Ι
2178 5700 2235 5758 p.
2272 5685 2410 5741 1007
2437 5683 2740 5756 synodum
2773 5679 3491 5752 ConstantinOpolitanam
3519 5689 3680 5729 anno
