4094 6208
420 229 487 285 79
1285 226 1387 281 SS.
1430 222 1917 281 M'ACARIORUM
1957 223 2292 279 AEGYPTII
2335 223 2422 279 ET
2461 221 2954 280 ALEXANDRlNI
3754 226 3835 281 80

482 354 598 425 82
672 358 867 428 Atque
938 355 1257 422 Baronius,
1316 354 1773 421 Tillemontius,
1827 352 2040 420 ceteri,
2084 353 2129 406 A
2160 347 2457 426 episcopo
2514 353 2660 411 inde
2704 368 2737 411 a
2791 357 3095 428 tempore,
3147 364 3274 426 quo
3328 352 3389 411 S.
3450 353 3836 424 Chrysosto-

404 463 472 515 ut
539 454 876 513 Palladium
954 453 1279 511 Lausiacae
1335 453 1708 524 scriptorem
1785 452 2053 509 eundem
2163 466 2302 509 mus
2354 453 2414 509 in
2446 452 2703 509 exilium
2765 450 2992 508 missus
3034 455 3150 520 est,
3198 450 3240 509 i.
3278 466 3333 508 e.
3389 451 3468 508 ab
3507 466 3669 510 anno
3703 452 3836 511 404

404 555 673 611 facerent
719 565 863 607 cum
893 551 1001 608 illo
1062 551 1458 624 Helenopolis
1501 551 1822 622 episcopo,
1878 564 2055 621 prae-
2162 549 2461 607 accidisse
2491 550 2774 621 dialogus
2804 548 3017 618 tradit,
3060 548 3125 605 in
3174 549 3499 607 Lausiacae
3543 550 3842 623 scripto—

400 651 584 722 cipue
659 649 811 707 locis
889 648 1268 721 quibusdam
1352 649 1659 707 Historiae
1730 648 2056 706 Lausiacae
2165 663 2299 705 rem
2356 648 2594 719 optime
2654 648 2898 705 cadere.
2959 645 3069 705 Ille
3133 647 3301 705 enim
3362 654 3619 721 propter
3668 663 3841 707 cau-

402 748 635 805 inducti
690 753 853 814 sunt,
907 762 1067 820 quos
1137 747 1440 820 genuinos
1512 761 1649 804 esse
1717 746 1816 802 vix
1886 752 2058 803 certo
2165 760 2297 803 sam
2383 748 2441 802 S.
2533 745 2957 817 Chrysostomi
3041 745 3276 804 Roman
3363 745 3561 818 petiit,
3658 747 3841 805 unde

407 848 666 903 constat.
718 846 763 903 E
829 859 1101 917 quorum
1133 859 1397 903 numero
1426 850 1517 903 est
1548 845 1725 903 locus
1757 842 2055 907 Paradisi,
2168 844 2363 901 redux
2432 843 2625 901 factus
2694 843 2757 900 in
2825 843 3046 900 urbem
3115 843 3381 914 Syenem
3464 844 3528 901 in
3619 845 3843 917 Aegy-

408 956 558 1015 quo,
615 948 945 1014 postquam
1012 944 1342 1015 prophetia
1422 942 1675 1001 Joannis
1750 942 1811 999 in
1879 940 2059 1012 Lyco,
2170 947 2278 1015 pto
2336 954 2534 1014 prope
2592 940 2942 1013 Blemmyes
2996 940 3178 999 sitam
3237 941 3300 999 in
3358 942 3621 1000 exilium
3673 942 3847 1000 abiit

412 1040 778 1099 Pallladium
824 1040 1192 1113 episcopum
1250 1039 1405 1108 fore,
1453 1045 1700 1098 narrata
1749 1043 1859 1107 est,
1912 1039 2065 1095 haec
2175 1039 2528 1111 multosque
2558 1038 2667 1096 diu
2713 1052 3043 1110 perpessus
3090 1042 3184 1096 est
3211 1039 3459 1097 labores
3500 1038 3660 1116 (l0).
3719 1040 3849 1097 At—

414 1140 704 1209 leguntur
753 1122 768 1191 ἐ
836 1156 866 1191 ‹‹
922 1139 987 1195 ln
1035 1153 1160 1211 quo
1216 1135 1627 1215 [episcopatui
1681 1135 2068 1207 tempestatis
2176 1152 2299 1211 que
2349 1136 2659 1195 Palladius
2707 1136 3032 1194 Lausiacae
3072 1136 3341 1208 scriptor
3390 1152 3457 1196 se
3506 1138 3740 1196 Romae
3778 1142 3849 1196 et

422 1236 615 1303 illius,
672 1249 831 1307 quae
878 1236 996 1293 sub
1049 1241 1261 1295 sancto
1310 1236 1543 1295 Joanne
1594 1239 1905 1293 commota
1954 1238 2065 1299 est,
2178 1235 2416 1306 Syenae
2449 1235 2638 1292 fuisse
2685 1233 2819 1306 ipse
2864 1239 3121 1292 testatur
3166 1232 3319 1310 (11).
3356 1235 3629 1307 Accedit,
3661 1236 3845 1308 quod

420 1333 673 1391 interfui
705 1334 940 1391 malis»
972 1330 1083 1409 (1).
1110 1335 1280 1393 Idem
1312 1336 1578 1393 habetur
1602 1334 1859 1405 quidem
1883 1332 2073 1390 etiam
2182 1332 2507 1391 Lausiacae
2537 1332 2829 1404 scriptori
2872 1332 3136 1390 Joannes
3188 1332 3252 1390 in
3296 1333 3454 1405 Lyco
3497 1333 3843 1406 praedixit,

426 1432 489 1489 in
553 1446 777 1503 graeco
849 1432 1094 1490 Meursii
1166 1438 1336 1490 textu
1387 1430 1527 1508 (2);
1602 1433 1709 1490 sed
1779 1432 2078 1488 Hervetus
2184 1432 2415 1503 ipsum,
2449 1429 2500 1487 si
2547 1434 2881 1503 episcopus
2926 1430 3120 1488 factus
3147 1434 3328 1503 esset,
3381 1431 3608 1491 multos
3653 1432 3849 1490 labo-

430 1531 582 1589 haec
623 1530 905 1602 profert:
961 1553 982 1583 ι
1026 1532 1249 1603 Dignus
1280 1530 1529 1588 habitus
1557 1545 1696 1587 sum
1725 1528 2081 1587 ordinatio-
2188 1542 2288 1587 res
2359 1528 2865 1601 calamitatesque
2944 1542 3389 1601 perpessurum
3464 1543 3597 1587 esse
3666 1526 3839 1603 (12).

430 1643 527 1698 ne,
560 1643 723 1701 quae
762 1642 931 1687 meas
962 1630 1123 1687 vires
1165 1632 1441 1701 superat,
1490 1626 1551 1684 in
1592 1645 1716 1684 eum
1758 1643 1953 1683 casum
1981 1628 2080 1682 ino-

426 1721 639 1791 cidens,
739 1742 899 1802 quem
992 1722 1236 1782 Joannes

428 1828 521 1879 rat
551 1820 661 1899 (3).
699 1842 728 1877 »
763 1823 930 1891 Quae
960 1824 1217 1895 quidem
1252 1824 1457 1896 lectio,
1488 1839 1686 1897 quum
1718 1830 1847 1883 toto
1877 1822 2081 1894 capite

426 1921 502 1978 de
543 1922 776 1979 Joanne
816 1922 881 1979 in
926 1921 1082 1993 Lyco
1122 1928 1431 1989 narretur,
1470 1921 1863 1994 probabilior
1901 1920 2081 1978 vide-

425 2024 548 2077 tur.
605 2016 953 2093 (Quomodo
1004 2019 1251 2077 codices
1300 2019 1815 2078 Vindobonenses
1875 2018 2081 2076 locum

425 2115 779 2181 exhibeant,
819 2131 941 2174 non
978 2116 1382 2192 examinavi,)
1412 2116 1647 2175 Rursus
1682 2121 1743 2174 et
1785 2115 2084 2174 Baronius

425 2218 485 2269 et
538 2213 973 2272 Tillemontius
1003 2214 1251 2272 tradunt
1291 2211 1404 2290 (4),
1462 2214 1839 2287 scriptorem
1884 2212 2084 2270 Histo-

428 2309 559 2367 riae
612 2310 938 2368 Lausiacae
991 2311 1220 2369 Romae
1276 2313 1361 2370 ob
1408 2327 1659 2370 causam
1714 2311 1771 2369 S.
1833 2309 2084 2369 Joannis

431 2404 906 2485 [Chrysostomi]
933 2414 1281 2466 morantem
1308 2424 1342 2467 a
1374 2410 1630 2468 Piniano
1664 2408 1965 2467 Melaniae
1992 2406 2085 2463 iu-

431 2506 627 2563 nioris
672 2506 896 2563 marito
926 2512 1254 2578 exceptum
1299 2521 1455 2565 esse.
1492 2507 1669 2576 Quod
1717 2506 1975 2578 quidem
2021 2503 2085 2560 in

432 2603 707 2661 editione
753 2605 1004 2662 Meursii
1037 2603 1124 2679 (ὅ)
1169 2610 1228 2662 et
1273 2605 1337 2662 in
1384 2604 1672 2662 Paradiso
1704 2602 1791 2677 (6)
1835 2603 2081 2674 legitur,

431 2701 539 2759 sed
595 2702 768 2758 deest
828 2702 890 2758 in
961 2700 1285 2760 codicibus
1344 2701 1928 2760 Vindobonensibus
1996 2697 2084 2774 (7)

431 2805 492 2856 et
544 2798 607 2855 in
652 2799 907 2872 antiqua
956 2799 1267 2858 versione.
1326 2799 1598 2872 Denique
1655 2797 2088 2857 Tillemontius

431 2897 767 2955 Historiam
838 2897 1193 2955 Lausiacam
1264 2898 1327 2955 in
1398 2896 1726 2955 codicibus
1811 2891 2086 2954 Palladio

430 2990 795 3070 Helenopolis
866 2992 1114 3071 episcopo
1198 2995 1391 3053 tribui
1467 2995 1648 3054 docet
1718 2993 1828 3072 (8),
1915 2993 2085 3066 quod

430 3106 553 3150 non
620 3092 879 3151 omnino
944 3108 1163 3151 verum
1209 3096 1346 3162 est;
1416 3107 1559 3151 nam
1612 3093 1863 3151 codices
1934 3092 2089 3149 Vin-

429 3190 823 3248 dobonenses
922 3205 1061 3248 eam
1164 3186 1433 3247 Palladio
1515 3187 1766 3266 episcopo
1868 3190 2087 3248 inscri-

436 3286 589 3343 bunt
610 3284 720 3362 (9).

518 3467 632 3539 83
694 3472 916 3531 Fateor
967 3487 1062 3543 ea,
1126 3486 1287 3545 quae
1345 3471 1619 3531 Palladio
1687 3472 2090 3545 Helenopolis

438 3724 537 3780 401
573 3724 840 3780 habitam
872 3739 1001 3780 esse
1017 3726 1265 3796 putavit,
1283 3726 1444 3799 quod
1460 3727 1707 3799 quidem
1732 3742 1927 3801 neque
1950 3744 2087 3783 cum

446 3815 640 3869 verbis
676 3814 898 3885 dialogi
931 3814 990 3887 (l.
1026 3815 1114 3887 1.),
1150 3832 1272 3888 quo
1302 3823 1423 3871 tum
1476 3818 1796 3872 tumultum
1849 3824 2092 3890 propter

438 3904 688 3960 Gainam
718 3903 1047 3960 barbarum
1078 3904 1260 3962 fuisse
1290 3907 1559 3972 traditur,
1588 3922 1785 3979 neque
1807 3924 1945 3963 cum
1972 3912 2091 3962 tota

437 3994 568 4065 ejus
591 3995 874 4064 temporis
893 3994 1287 4063 chronologia
1313 3997 1616 4053 convenit.

513 4086 584 4147 (1)
613 4083 823 4137 Parad.
855 4099 987 4153 cap.
1023 4082 1112 4150 22,
1162 4084 1277 4138 VV.
1328 4084 1435 4137 PP.
1470 4088 1663 4140 Rosw.
1719 4100 1778 4154 p.
1825 4084 1949 4140 966.
1986 4085 2080 4142 Cf.

439 4169 675 4224 Baronii
703 4170 918 4227 Annal.
953 4186 1008 4225 a.
1040 4171 1145 4226 388
1174 4187 1189 4234 ;
1220 4170 1535 4227 Tillemont
1583 4173 1893 4227 Mémoires
1931 4175 1989 4227 Τ.
2028 4174 2090 4227 XI

440 4273 501 4327 p.
544 4258 666 4313 516.

510 4346 586 4415 (2)
616 4346 760 4401 Hist.
789 4346 966 4402 Laus.
1008 4345 1103 4401 ed.
1140 4348 1355 4402 Meurs.
1393 4362 1526 4418 cap.
1567 4348 1636 4402 44
1678 4348 1829 4420 Opp.
1876 4352 2089 4409 Meurs.

440 4432 539 4487 1.1.
575 4449 634 4505 p.
667 4432 797 4491 472.

512 4522 585 4594 (3)
630 4523 779 4579 Ibid.
808 4539 864 4597 p.
899 4524 1023 4590 4Ἰ1,
1058 4524 1173 4580 VV.
1242 4526 1340 4581 PP.
1379 4528 1568 4582 Rosw.
1603 4525 1704 4582 lib.
1767 4528 1882 4582 VlIl
1925 4545 1976 4584 c.
2019 4529 2087 4584 43

438 4626 498 4683 p.
539 4612 668 4681 740,
692 4615 745 4668 2.

509 4703 586 4775 (4)
620 4705 832 4759 Baron.
870 4702 1087 4759 Annal.
1142 4720 1196 4759 a.
1249 4704 1394 4770 388;
1436 4705 1747 4762 Tillemont
1782 4708 2088 4764 Mémoires

439 4793 497 4845 Τ.
536 4792 601 4846 x1
624 4807 682 4863 p.
715 4794 841 4847 545.

406 4874 409 4879 ’
513 4880 585 4950 (5)
608 4880 758 4936 Hist.
803 4883 969 4936 Laus.
1003 4881 1097 4937 ed.
1133 4884 1339 4937 Meurs.
1376 4897 1503 4952 cap.
1540 4882 1645 4938 123
1674 4885 1824 4955 Opp.
1870 4888 2082 4943 Meurs.

433 4968 472 5024 Ι.
504 4973 541 5023 1.
558 4986 616 5039 p.
644 4970 769 5029 604.

506 5059 585 5131 (6)
614 5062 755 5132 Cap.
780 5061 869 5124 49,
899 5058 1020 5115 VV.
1054 5061 1160 5115 PP.
1192 5064 1389 5116 Rosw.
1423 5077 1480 5131 p.
1515 5063 1640 5129 980,
1676 5065 1726 5117 1.

504 5147 685 5216 (7)Cl‘.
718 5148 989 5204 Palladii
1030 5150 1357 5205 Historiam
1416 5151 1772 5207 Lausiacam
1809 5153 1890 5207 ad
1928 5152 2086 5206 codi-

431 5237 513 5291 cis
543 5237 997 5293 Vindobonensis
1008 5239 1183 5304 ﬁdem
1198 5254 1231 5294 a
1246 5239 1409 5293 nobis
1426 5240 1680 5295 breviter
1692 5240 2079 5307 delinealam,

429 5325 584 5381 infra
596 5327 732 5381 huic
746 5332 983 5381 nostrae
997 5327 1242 5382 editioni
1257 5328 1543 5384 Historiae
1573 5330 1896 5385 Lauciacae
1915 5345 2081 5401 prae-

436 5415 713 5486 positam.

505 5503 581 5573 (8)
608 5502 917 5558 Tillemont
944 5503 1251 5559 Memoires
1283 5502 1321 5560 l.
1346 5507 1391 5560 l.
1434 5519 1492 5576 p.
1528 5506 1650 5561 500.

514 5592 590 5662 (9)
612 5590 1035 5665 ’Λντίογραφον
1063 5592 1413 5655 ἐπιστολῆς
1449 5598 1813 5667 γραφείσης
1844 5599 2075 5685 Audeat

2193 1626 2464 1697 Denique
2515 1626 2692 1691 illud,
2741 1627 2908 1697 quod
2960 1625 3269 1684 Palladius
3319 1626 3650 1685 Lausiacae
3696 1628 3857 1685 scri-

1329 1722 1415 1803 [in
1518 1722 1699 1802 Lyco]
1780 1720 2081 1801 praedixe-
2114 1713 2152 1765 Β
2195 1731 2333 1796 ptor
2398 1730 2633 1793 narrat,
2689 1739 2777 1792 se,
2852 1732 3185 1798 postquam
3248 1724 3581 1797 episcopus
3652 1725 3858 1784 factus

2194 1837 2305 1896 per
2352 1822 2643 1881 undecim
2676 1837 2920 1881 menses
2964 1822 3027 1879 in
3074 1823 3231 1880 cella
3278 1822 3606 1881 tenebrosa
3654 1823 3860 1880 latue-

2191 1922 2296 1993 rit,
2356 1921 2753 1979 recordatum
2816 1936 2952 1978 esse
3005 1920 3179 1978 verbi
3241 1921 3405 1979 beati
3459 1920 3716 1979 Joannis
3785 1922 3855 1979 in

2192 2020 2351 2092 Lyco
2380 2016 2537 2093 (l3),
2586 2018 2824 2091 optime
2875 2019 2953 2075 de
2992 2019 3163 2076 exilii
3211 2023 3524 2091 tempore,
3558 2032 3683 2090 quo
3713 2018 3853 2076 Pal-

2193 2116 2418 2188 ladius,
2473 2116 2869 2188 Helenopolis
2934 2116 3291 2189 episcopus,
3365 2115 3429 2173 in
3504 2116 3852 2189 Aegyptum

2193 2215 2496 2272 abductus
2525 2219 2637 2281 est,
2668 2214 2792 2271 dici
2824 2218 3044 2286 potest.

2278 2405 2349 2462 At
2401 2401 2545 2468 alia,
2600 2418 2761 2475 quae
2804 2404 2881 2460 de
2936 2402 3209 2461 Palladio
3260 2402 3661 2475 Helenopolis
3715 2402 3854 2472 epi-

2194 2516 2385 2573 scopo
2439 2503 2501 2560 in
2562 2502 2808 2574 dialogo
2866 2500 3174 2573 leguntur,
3233 2514 3376 2558 eum
3442 2500 3684 2559 scilicet
3742 2515 3850 2573 sy-

2196 2600 2360 2659 nodo
2414 2600 2513 2657 isti
2571 2598 3287 2672 Constantinopolitanae
3340 2598 3724 2668 interfuisse,
3783 2599 3851 2657 in

2198 2698 2526 2756 Lausiacae
2594 2698 2967 2770 scriptorem
3033 2697 3260 2755 cadere
3318 2704 3657 2770 nequeunt.
3717 2697 3851 2756 Pri-

2197 2810 2370 2853 mum
2414 2797 2583 2853 enim
2626 2796 2965 2867 descriptio
3018 2802 3398 2869 temporum,
3454 2810 3578 2872 qua
3634 2795 3738 2854 hic
3783 2796 3851 2854 in

2196 2893 2464 2952 Historia
2498 2894 2785 2952 Lausiaea
2824 2894 2959 2966 ipse
3006 2895 3221 2961 utitur,
3265 2898 3477 2966 aperte
3517 2898 3842 2966 repugnat.

2198 2992 2427 3050 Deinde
2506 2992 2813 3050 Palladius
2882 2991 3209 3050 Lausiacae
3273 2991 3566 3064 scriptor,
3648 3004 3848 3063 quum

2198 3086 2570 3147 Alexandria
2618 3088 3139 3161 proﬁcisceretur,
3198 3088 3523 3160 hydropisi
3593 3087 3848 3147 labora-

2198 3187 2301 3243 bat
2353 3183 2503 3261 (14),
2562 3186 2645 3244 ita
2692 3191 2759 3245 ut
2811 3200 2956 3245 eum
3004 3187 3107 3244 vix
3154 3187 3473 3254 reducem,
3516 3190 3847 3258 postquam

2196 3297 2412 3340 recens
2480 3283 2811 3355 episcopus
2881 3284 3203 3343 ordinatus
3258 3289 3370 3351 est,
3433 3284 3511 3342 ad
3592 3297 3848 3341 causam

2201 3380 2447 3437 Antonii
2526 3381 2752 3453 Ephesi
2840 3382 3119 3454 episcOpi
3212 3381 3703 3454 disceptandam,
3780 3380 3846 3438 id

2197 3477 2367 3549 quod
2407 3477 2688 3551 dialogus
2739 3479 2950 3549 tradit,
2997 3495 3031 3538 a
3082 3479 3321 3553 synodo
3367 3480 3635 3539 electum
3686 3493 3844 3546 esse,

2198 3730 2619 3798 πραιποσίτῳ
2671 3728 2844 3799 παρὰ
2902 3723 3286 3778 Παλλαδίου
3338 3724 3706 3778 ἐπισκόπου
3751 3745 3847 3779 πε·

2199 3821 2262 3890 ρὶ
2314 3815 2478 3888 βίου
2530 3812 2858 3890 διαφόρων
2916 3815 3307 3873 ἀσκητικῶν
3360 3819 3456 3867 καὶ
3511 3816 3709 3867 ὁσίων
3739 3835 3847 3867 πα-

2199 3925 2226 3958 τ
2239 3914 2380 3978 ρῶν.
2426 3906 2505 3960 Cf.
2541 3905 2806 3960 Palladii
2847 3906 3171 3961 Historiam
3209 3905 3556 3960 Lausiacam
3588 3904 3669 3959 ad
3694 3904 3845 3959 codi-

2199 3998 2281 4052 cis
2333 3996 2791 4050 Vindobonensis
2819 3995 2993 4063 ﬁdem
3024 4010 3060 4050 α
3089 3995 3259 4052 nobis
3300 3994 3555 4051 breviter
3589 3992 3846 4050 delinea-

2200 4088 2317 4139 tam
2350 4082 2505 4138 infra
2535 4084 2572 4138 1.
2605 4087 2643 4138 Ι.

2268 4171 2377 4242 (10)
2412 4172 2633 4227 Pallad.
2668 4170 2812 4227 Dial.
2855 4171 2929 4228 de
2961 4172 3076 4229 vita
3108 4174 3163 4228 S.
3198 4171 3289 4228 Jo.
3340 4171 3641 4244 Chrysost.
3696 4186 3748 4226 c.
3785 4171 3842 4226 3.

2198 4261 2250 4314 4.
2276 4259 2369 4317 20.
2409 4262 2469 4317 8.
2507 4262 2596 4316 Jo.
2626 4261 2930 4334 Chrysost.
2959 4262 3109 4332 Opp.
3139 4262 3238 4317 ed.
3287 4261 3601 4318 Montfauc.
3644 4263 3704 4317 Τ.
3732 4261 3844 4317 XIII

2202 4367 2255 4421 p.
2302 4351 2360 4404 11
2389 4366 2557 4422 sqq.,
2593 4351 2657 4403 ’Π
2687 4366 2844 4422 sqq.,
2870 4350 3147 4406 Galland.
3187 4349 3336 4406 Bibl.
3370 4351 3469 4406 PP.
3508 4352 3570 4406 Τ.
3615 4349 3733 4403 VIII
3765 4365 3827 4422 p.

2121 4406 2165 4461 D
2198 4406 2301 4493 .267
2328 4406 2629 4511 sqq..‘380.
2674 4406 2802 4496 32.1..

2269 4528 2379 4600 (11)
2424 4528 2563 4584 Hist.
2644 4528 2823 4584 Laus.
2903 4527 3136 4601 Prolog.
3198 4528 3348 4600 Opp.
3403 4527 3616 4583 Meurs.
3689 4525 3729 4582 l.
3786 4527 3832 4584 Ι.

2199 4632 2256 4687 p.
2290 4617 2415 4673 339.

2267 4709 2381 4775 (12)
2420 4707 2571 4762 Ibid.
2605 4723 2741 4777 cap.
2767 4707 2835 4763 44
2863 4723 2920 4779 p.
2956 4706 3081 4762 471.

2269 4797 2381 4867 (1))
2424 4795 2574 4852 Ibid.
2605 4796 2641 4850 1.
2665 4796 2706 4849 1.

2268 4886 2383 4957 (14)
2420 4885 2723 4940 Palladius
2756 4886 2942 4941 tribus
2970 4886 3143 4941 annis
3175 4891 3499 4956 postquam
3543 4883 3835 4939 Joannem

2197 4975 2254 5030 in
2286 4977 2440 5047 Lyco
2472 4975 2691 5040 invisit,
2727 4974 2761 5029 i.
2825 4990 2877 5028 e.
2908 4979 3159 5030 exeunte
3191 4990 3352 5029 anno
3384 4974 3489 5030 397
3531 4972 3626 5043 (cf.
3665 4988 3842 5046 supra

2195 5084 2258 5137 p.
2294 5068 2406 5131 21),
2442 5064 2647 5133 splene
2677 5071 2733 5118 et
2761 5064 3073 5120 stomacho
3118 5064 3391 5120 laborare
3458 5063 3675 5132 coepit.
3738 5054 3842 5128 Qui

2195 5155 2443 5210 morbus
2485 5153 2700 5208 deinde
2724 5154 2780 5208 in
2803 5153 3153 5224 hydropisin
3184 5155 3370 5216 vertit,
3402 5152 3560 5208 unde
3590 5168 3625 5206 a
3660 5151 3842 5207 fratri-

2191 5242 2304 5298 bus
2325 5241 2747 5297 Alexandriam
2778 5242 2998 5295 missus
3027 5241 3397 5297 medicorum
3423 5239 3673 5296 consilio
3687 5240 3837 5295 aeris

2193 5332 2514 5387 subtilioris
2555 5331 2749 5401 gratia
2789 5336 3043 5386 exeunte
3104 5346 3265 5387 anno
3307 5330 3433 5395 400,
3482 5335 3545 5385 ut
3594 5328 3833 5401 patebit,

2192 5428 2294 5476 aut
2327 5422 2563 5476 ineunte
2598 5421 2694 5476 401
2735 5419 3141 5491 Hierosolyma
3174 5426 3231 5475 et
3265 5420 3324 5475 in
3358 5418 3693 5490 Bithyniam
3740 5433 3835 5474 ve-

2191 5510 2296 5565 nit.
2321 5511 2460 5566 Hist.
2486 5510 2667 5567 Laus.
2709 5509 2751 5565 l.
2782 5510 2823 5563 l.
