4080 6208
198 279 250 336 11
1182 231 1205 250 ρ
1797 281 1840 336 ν

1958 280 2032 338 ιΕ.
3535 278 3606 334 82

183 415 281 468 aut
319 410 602 470 instante
641 415 871 470 aestate
912 417 1036 470 tam
1069 411 1320 485 longum
1353 412 1479 473 iter
1521 409 1839 484 Ephesum
1874 407 1921 462 A
1951 411 2031 470 tis
2105 409 2345 478 nititur,
2420 411 2778 470 coniectura
2847 409 3086 483 Optime
3159 407 3316 469 solvi
3399 408 3600 470 vides.

179 507 538 580 suscepisse
587 508 702 582 (1),
747 524 971 583 parum
999 510 1342 570 verisimile
1385 509 1464 569 sit
1512 507 1632 580 84
1681 509 1840 570 Difﬁ-

175 607 444 664 cultates
492 613 703 665 autem
747 609 1120 681 expediendi
1161 610 1313 671 haec
1345 619 1537 674 restat
1581 614 1702 672 via.
1736 612 1842 671 So-

174 710 387 763 crates
447 705 642 763 refert
691 704 806 782 (2),
859 707 1202 768 Palladium
1235 712 1610 787 episcopum
1665 713 1844 772 Hele-

175 803 402 875 nopoli
456 804 779 864 Asounam
823 807 1193 866 translatum
1237 825 1392 868 esse.
1452 811 1636 884 Quid,
1695 812 1747 868 si
1779 811 1844 868 id

172 901 251 958 ad
355 901 706 960 Palladium
800 903 1166 978 episcopum
1249 908 1479 983 dialogi
1586 911 1846 982 scripto—

175 1013 314 1056 rem
416 999 748 1070 pertineat,
840 1016 912 1060 ac
1001 1004 1216 1077 paullo
1314 1013 1454 1080 post
1534 1009 1844 1082 synodum

178 1096 567 1168 Ephesinam
618 1113 779 1158 anno
821 1101 929 1160 401
986 1101 1262 1162 habitam
1313 1105 1539 1166 factum
1571 1106 1672 1175 sit,
1708 1107 1845 1165 Pal-

179 1189 394 1253 ladius
440 1210 593 1254 vero
647 1196 972 1257 Lauslacae
1024 1201 1295 1274 scriptor
1345 1204 1462 1263 hoc
1515 1206 1652 1277 ipso
1677 1219 1839 1264 anno

180 1292 239 1349 in
271 1293 418 1351 eius
443 1293 656 1352 locum
686 1295 767 1353 sit
795 1295 1126 1358 suffectus?

253 1391 470 1463 Atque
519 1405 656 1450 rem
705 1393 787 1450 ita
830 1409 896 1451 se
947 1395 1178 1454 habere
1225 1397 1512 1474 dialogus
1542 1400 1648 1459 ille
1678 1417 1842 1474 quo-

178 1488 532 1547 dammodo
601 1491 897 1550 ostendit.
963 1493 1109 1553 Cuis
1164 1495 1432 1569 scriptor
1503 1499 1719 1558 Photio
1783 1505 1845 1558 et

181 1583 464 1659 Georgio
537 1587 958 1651 Alexandrino
1035 1593 1296 1652 testibus
1368 1601 1461 1654 est
1530 1592 1844 1656 Palladius

177 1681 478 1760 episcopus
546 1683 660 1759 (3),
734 1687 798 1745 in
868 1690 1194 1750 codicibus
1260 1688 1570 1752 Palladius
1638 1694 1846 1771 episco-

174 1799 281 1858 pus
371 1778 906 1860 Helenapolitanus,
969 1785 1038 1845 ab
1091 1787 1234 1848 aliis
1305 1789 1488 1850 etiam
1557 1792 1844 1871 episcopus

176 1877 535 1958 Asponensc's
603 1878 790 1941 dict-us
855 1882 966 1960 (4).
1036 1887 1090 1946 ls
1141 1887 1331 1961 igitur
1383 1890 1443 1948 in
1490 1891 1738 1965 dialogo
1781 1908 1846 1951 se

178 1979 441 2038 Romam
531 1980 811 2052 primum
881 1985 1120 2045 venisse
1201 1985 1293 2062 (ὅ)
1367 1989 1452 2047 ait
1525 1989 1844 2063 aliquanto

182 2083 321 2149 post
374 2077 723 2138 Palladium
785 2081 1373 2155 Helenopolitanum
1446 2088 1840 2162 episcopum,

182 2187 372 2247 quem
427 2177 551 2233 sub
608 2177 964 2238 Innocentio
1012 2180 1172 2254 Papa
1230 2184 1320 2242 ibi
1377 2185 1562 2244 fuisse
1593 2188 1677 2245 ob
1700 2201 1844 2245 cau-

179 2286 314 2330 sam
386 2273 450 2332 S.
528 2271 955 2347 Chrysostomi
1001 2276 1116 2355 (6),
1144 2285 1205 2339 et
1238 2296 1315 2341 eo
1359 2287 1666 2357 tempore,
1718 2299 1844 2357 quo

181 2370 472 2443 dialogus
534 2372 904 2442 instituitur,
974 2377 1140 2448 apud
1203 2379 1552 2454 Blemmyes
1605 2381 1666 2440 in
1725 2383 1840 2441 Ae-

183 2473 374 2541 gypto
427 2469 696 2528 detineri
749 2469 845 2548 (7)
873 2473 1112 2533 scribit.
1165 2477 1358 2536 Porro
1405 2479 1680 2552 scriptor
1709 2480 1843 2538 dia-

187 2566 308 2638 logi
361 2582 395 2623 a
426 2565 762 2628 Theodoro
817 2570 1106 2644 diacono,
1163 2589 1440 2647 quocum
1501 2577 1683 2637 illum
1712 2593 1840 2637 ser-

185 2677 439 2724 monem
487 2668 827 2733 conseruit,
887 2684 1071 2743 saepe
1130 2686 1244 2744 per
1299 2689 1488 2734 canos
1538 2691 1705 2745 $1.108,
1773 2683 1841 2736 ut

184 2776 401 2821 verum
463 2764 650 2828 dicat,
705 2780 893 2824 senex
944 2769 1309 2831 obsecratur
1359 2770 1472 2850 (8),
1505 2775 1674 2848 quod
1705 2777 1841 2834 sine

183 2860 374 2920 dubio
426 2862 492 2920 in
524 2862 868 2922 Palladium
899 2866 1229 2928 Lausiacae
1280 2871 1677 2945 scriptorem,
1730 2875 1840 2947 qui

185 2964 310 3016 tum
353 2959 462 3017 vix
519 2974 717 3018 annos
762 2962 1172 3036 quadraginta
1213 2973 1392 3028 natus
1421 2975 1578 3042 erat,
1617 2973 1842 3030 cadere

184 3072 301 3116 non
361 3063 594 3130 potest.
651 3059 824 3119 Unde
875 3061 1038 3120 inter
1092 3065 1250 3124 duos
1318 3066 1488 3128 illius
1538 3071 1843 3143 temporis

2031 505 2148 578 85
2208 509 2784 582 Quomodocunque
2837 523 2984 566 vero
3037 523 3138 566 res
3167 522 3232 566 se
3284 507 3492 579 habet,
3525 523 3603 566 ex

1953 608 2052 680 iis,
2107 622 2265 681 quae
2341 607 2817 680 disputavimus,
2896 607 3014 664 hoc
3084 605 3298 679 liquet,
3372 606 3601 664 iustam

1951 721 2202 765 causam
2274 720 2396 764 non
2439 719 2597 772 esse,
2657 720 2770 763 cur
2825 719 2970 762 cum
3017 703 3415 762 Tillemontio
3476 701 3602 779 (10)

1952 804 2376 876 chronologia,
2435 816 2594 876 quae
2626 802 2691 860 in
2734 802 2994 860 historia
3026 802 3316 860 Lausiaca
3347 800 3596 874 legitur,

1953 902 2170 960 relicta
2236 906 2598 974 statuamus,
2677 900 3029 957 Palladium
3101 898 3389 957 [.ausiaca
3453 899 3602 956 scri-

1955 1004 2199 1074 ptorem
2229 1014 2389 1057 anno
2447 1001 2561 1056 399
2619 998 2992 1055 Alexandria
3041 996 3389 1068 profectum
3439 1010 3598 1065 esse,

1957 1100 2208 1158 ineunte
2249 1111 2412 1157 anno
2459 1098 2574 1156 400
2619 1097 2988 1169 episcopum
3029 1108 3161 1152 esse
3209 1093 3600 1164 ordinatum,

1955 1202 2017 1255 et
2066 1194 2132 1255 in
2159 1197 2419 1256 Nitriam
2477 1209 2638 1254 anno
2687 1195 2801 1252 390
2865 1192 3131 1250 venisse.
3191 1191 3386 1249 lmmo
3448 1191 3602 1248 haec

1956 1295 2160 1368 potius
2207 1295 2472 1353 tenenda
2522 1299 2613 1352 est
2655 1291 3082 1364 chronologia,
3113 1288 3458 1348 Palladium
3504 1302 3604 1345 se-

1953 1393 2159 1452 cundo
2219 1392 2548 1450 Theodosii
2600 1391 2797 1464 Magni
2847 1389 3196 1458 consulatu,
3259 1387 3368 1460 qui
3426 1384 3604 1444 ince-

1956 1492 2101 1564 pita
2153 1490 2438 1549 Calendis
2477 1488 2790 1548 Januariis
2815 1487 2958 1546 anni
2991 1488 3107 1546 388
3152 1483 3306 1564 (11),
3337 1485 3607 1543 Alexan-

1953 1590 2156 1647 driam
2206 1588 2543 1661 appulisse,
2599 1601 2761 1645 anno
2793 1588 2902 1644 391
2949 1585 3010 1643 in
3042 1585 3323 1657 Nitriam,
3357 1597 3431 1641 ac
3459 1582 3607 1641 sub-

1954 1692 2248 1760 sequente
2316 1686 2378 1743 in
2449 1685 2718 1743 Cellulas
2811 1684 3078 1750 venisse,
3152 1695 3441 1753 annoque
3485 1679 3596 1738 401

1881 1776 1921 1830 Β
1955 1785 2322 1858 episcopum
2381 1784 2441 1840 in
2493 1782 2797 1857 Bytbynia
2820 1781 3182 1840 ordinatum
3216 1793 3375 1849 esse,
3435 1777 3601 1836 unde

1955 1885 2143 1942 etiam
2193 1882 2526 1942 Historiam
2585 1880 2963 1952 Lausiacam,
2991 1886 3059 1937 ut
3085 1873 3423 1952 supra(12)
3473 1875 3600 1932 iam

1956 1981 2309 2053 docuimus,
2359 1994 2520 2039 anno
2592 1981 2700 2037 421
2751 1978 3047 2050 scriptam
3117 1989 3252 2034 esse
3318 1988 3352 2032 e
3393 1972 3604 2031 verbis

1956 2077 2214 2140 Palladii
2246 2079 2596 2139 conficitur.

2034 2269 2190 2349 $21.
2267 2270 2441 2341 Quod
2498 2271 2549 2328 si
2616 2273 2709 2326 est
2776 2267 3194 2338 exploratum,
3261 2258 3598 2319 Macarium

1954 2369 2444 2430 Alexandrinum
2522 2367 2740 2426 saltem
2809 2377 3008 2437 usque
3065 2361 3142 2420 ad
3193 2372 3429 2418 annum
3479 2357 3597 2415 395

1951 2467 2351 2541 superstitem
2401 2466 2587 2524 fuisse
2661 2466 2940 2537 apparet.
2998 2460 3150 2520 Nam
3220 2463 3349 2516 tres
3409 2467 3604 2513 annos

1949 2581 2094 2625 cum
2153 2565 2426 2625 Palladio
2497 2564 2560 2622 in
2634 2561 2894 2622 Cellulis
2943 2558 3100 2617 vixit
3159 2558 3220 2612 in
3289 2553 3468 2632 quiete
3513 2548 3605 2608 de-

1943 2680 2076 2740 gens
2145 2663 2297 2740 (13).
2375 2664 2572 2736 Atque
2642 2661 2793 2734 quin
2862 2664 2984 2716 tres
3028 2654 3216 2730 primi
3247 2652 3416 2722 anni,
3446 2663 3606 2724 quos

1951 2763 2262 2822 Palladius
2306 2762 2369 2820 in
2421 2758 2677 2820 Cellulis
2705 2756 3106 2830 transigebat,
3141 2751 3598 2829 signiﬁcentur,

1951 2875 2074 2918 non
2101 2860 2279 2918 tacile
2309 2859 2628 2917 dubitatis.
2693 2857 2900 2914 Necte
2953 2849 3590 2922 Hierosolymitanum

1953 2959 2092 3026 iter,
2146 2958 2316 3034 quod
2373 2955 2677 3014 Palladius
2731 2954 2900 3012 circa
2965 2965 3198 3008 annum
3247 2946 3366 3005 394
3417 2944 3604 3003 insti-

1953 3055 2068 3114 tuit
2117 3054 2268 3132 (14),
2320 3053 2660 3127 quominus
2715 3056 2841 3110 tres
2893 3048 3134 3122 primos
3163 3058 3358 3104 annos
3415 3041 3604 3100 fuisse

186 3155 492 3215 Palladios
565 3156 972 3232 Helenopolis
1040 3163 1372 3236 episcopos
1446 3136 1842 3242 distinguen-
1877 3136 1919 3193 C
1953 3154 2145 3219 dicas.
2199 3151 2521 3225 impediet
2601 3148 2906 3208 Palladius
2952 3145 3145 3242 enim.
3201 3141 3311 3215 qui
3369 3151 3596 3242 nover_In

181 3253 323 3312 dum
363 3270 508 3313 esse
555 3256 885 3328 probabile
924 3264 1017 3317 est
1069 3258 1180 3336 (9).
1241 3262 1414 3333 Quod
1467 3266 1518 3324 si
1569 3272 1833 3336 constat,

177 3352 618 3413 difﬁcultatem
705 3355 836 3423 iila,
927 3371 1090 3431 quae
1179 3361 1544 3422 testimonio
1621 3365 1839 3424 Socra-

242 3519 322 3590 (1)
381 3521 636 3577 Pallad-
665 3521 811 3579 Dial.
871 3538 1005 3595 cap.
1055 3525 1143 3582 13.
1182 3529 1262 3580 14.
1296 3528 1352 3583 8.
1382 3527 1679 3600 Chrysost.
1717 3528 1755 3584 l.
1789 3532 1833 3586 l.

179 3625 235 3678 p.
264 3610 334 3666 49
358 3628 528 3684 sqq.,
549 3613 819 3669 Galland.
841 3613 989 3670 Bibl.
1017 3614 1182 3670 PP.1.
1217 3617 1254 3670 l.
1291 3631 1348 3688 p.
1376 3615 1501 3670 298.
1548 3620 1674 3674 299.
1715 3618 1841 3676 300.

245 3702 326 3772 (2)
395 3703 561 3758 Socr.
631 3704 777 3760 Hist.
835 3703 984 3759 Eccl.
1055 3703 1157 3760 lib.
1226 3704 1318 3760 VII
1385 3722 1512 3777 cap.
1578 3710 1647 3762 36
1673 3707 1769 3763 ed.
1797 3707 1839 3762 Ι.

177 3804 234 3859 p.
266 3793 402 3849 381.

246 3881 327 3953 (3)
357 3879 445 3937 Ci.
475 3897 663 3955 supra
692 3898 751 3954 p.
775 3882 864 3937 81.

248 3970 329 4040 (4)
361 3971 613 4026 Emeric.
648 3973 830 4041 Bigot.
863 3970 938 4026 de
981 3969 1249 4026 Palladio
1279 3971 1566 4042 episcopo
1595 3971 1843 4026 Heleno-

177 4059 449 4130 politano
469 4059 660 4115 Praef.
683 4061 742 4115 in
766 4059 909 4116 Bibl.
930 4059 1206 4116 Galland.
1226 4059 1267 4115 l.
1285 4061 1328 4116 1.
1351 4060 1582 4129 Proleg.
1604 4076 1664 4132 p.
1688 4062 1839 4116 XXV.

246 4150 326 4219 (5)
357 4152 508 4221 Cap.
541 4152 589 4214 1,
623 4151 682 4206 S.
713 4151 1008 4221 Cbrysost.
1055 4151 1209 4221 Opp.
1235 4149 1276 4206 1.
1311 4150 1356 4205 1.
1389 4167 1449 4221 p.
1481 4153 1534 4215 3,
1570 4149 1838 4206 Galland.

178 4238 319 4294 Bibl.
351 4239 460 4293 PP.
497 4238 537 4294 l.
571 4241 615 4294 1.
641 4255 702 4311 p.
736 4239 870 4297 261.

246 4329 322 4400 (6)
358 4330 511 4400 Cap.
551 4334 603 4395 3,
647 4330 710 4386 S.
763 4329 1070 4401 Cbrysost.
1107 4327 1264 4400 Opp.
1303 4327 1347 4385 1.
1389 4331 1436 4385 1.
1482 4345 1546 4401 p.
1590 4329 1674 4394 11,
1708 4328 1841 4384 Gal-

177 4415 342 4474 land.
381 4417 544 4474 Bibl.
578 4418 687 4476 PP.
729 4417 772 4472 l.
817 4422 862 4475 l.
897 4433 960 4490 p.
997 4418 1125 4474 267.

1954 3265 2169 3316 annos,
2224 3263 2584 3324 quanquam
2641 3245 3008 3318 saepissime
3038 3240 3274 3299 interea
3315 3235 3602 3311 peregri-

1955 3354 2133 3408 natus
2178 3346 2294 3417 86
2346 3355 2459 3415 est,
2516 3343 2575 3401 in
2628 3343 2881 3404 Cellulis
2910 3339 3279 3413 transegisse
3330 3351 3397 3394 se
3462 3349 3604 3393 nar-

1954 3538 2010 3590 et
2033 3535 2277 3604 propter
2305 3524 2618 3582 ecclesiam
2641 3519 2945 3578 aerumnis
2972 3515 3124 3574 afﬁci
3155 3516 3293 3604 ipse
3313 3515 3374 3570 S.
3418 3511 3607 3604 Chry_-

1954 3601 2538 3677 sostomustraditin
2556 3628 2656 3683 ep.
2697 3609 2854 3666 1481.
2891 3613 2933 3664 1.
2972 3623 3034 3678 p.
3070 3607 3199 3663 686.
3240 3603 3443 3658 Eidem
3483 3601 3607 3657 Pal-

1953 3710 2116 3768 ladio
2161 3709 2224 3765 S.
2278 3707 2734 3776 Chrysostomus
2793 3697 2987 3768 (annis
3030 3694 3336 3762 404-107)
3391 3692 3606 3764 episto-

1953 3802 2072 3857 lam
2091 3797 2346 3868 scripsit,
2376 3793 2436 3847 in
2454 3793 2628 3863 cujus
2650 3789 2765 3843 fine
2792 3786 2953 3857 petit,
2978 3790 3038 3838 ut
3075 3784 3276 3856 ipsum
3305 3779 3605 3836 Palladius

1953 3891 2027 3944 de
2066 3885 2397 3941 valetudine
2442 3896 2550 3935 sua
2576 3877 2885 3934 certiorem
2939 3873 3139 3928 faciat.
3183 3874 3290 3939 Ep.
3325 3869 3500 3923 1131.
3549 3871 3592 3924 1.

1953 3996 2016 4052 p.
2045 3979 2172 4032 656.
2199 3976 2361 4039 Quae
2378 3971 2619 4044 quidem
2644 3967 2702 4021 in
2721 3966 3131 4052 aegrotantem
3151 3958 3430 4052 Historiae
3450 3956 3607 4011 Lau-

1953 4045 2148 4122 siacae
2199 4061 2546 4132 scriptorem
2576 4055 2801 4126 optime
2840 4050 3087 4106 cadunt.
3138 4045 3414 4109 Plurima,
3443 4057 3606 4115 quae

1951 4155 2059 4212 viri
2077 4152 2235 4209 docti
2251 4152 2324 4205 de
2355 4146 2618 4203 Palladio
2637 4144 3038 4215 disputarunt,
3057 4137 3202 4206 legis
3221 4136 3372 4206 Opp.
3390 4136 3575 4191 Meurs
3591 4173 3605 4186 .

1950 4247 2016 4302 T.
2057 4243 2175 4299 VIII
2204 4257 2268 4314 p.
2304 4239 2406 4296 650
2444 4253 2578 4309 sqq.
2611 4233 2702 4291 Cf.
2736 4230 2988 4289 Emeric.
3024 4229 3218 4295 Bigot.
3260 4224 3304 4279 l.
3350 4227 3402 4314 il.

2026 4333 2139 4404 (10)
2206 4310 2515 4388 'riuemom
2581 4323 2890 4380 Memoires
2940 4321 3006 4376 Τ.
3076 4317 3140 4372 χι
3186 4315 3262 4371 de
3337 4310 3605 4369 Palladio

1953 4438 2011 4494 p.
2046 4420 2324 4478 300—533
2357 4425 2414 4475 et
2442 4415 2697 4490 passim.

241 4509 318 4576 (τ)
337 4508 491 4578 Cap.
518 4507 605 4566 20.
627 4507 692 4564 S.
718 4507 1024 4578 Chrysost.
1053 4508 1210 4580 Opp.
1237 4507 1280 4563 1.
1302 4506 1349 4564 Ι.
1373 4522 1438 4578 p.
1460 4506 1838 4573 77,Galland,

2021 4510 2135 4582 (11)
2165 4512 2329 4566 Teste
2373 4505 2729 4563 Cassiodoro
2770 4499 2908 4557 inde
2938 4497 3016 4553 ab
3067 4512 3124 4554 a.
3159 4512 3216 4549 ιι.
3248 4494 3343 4548 601
3387 4505 3610 4582 consu-

188 4595 331 4650 Bibl.
372 4596 487 4651 PP.
527 4596 657 4651 1.1.
697 4595 930 4667 p.320.

246 4684 322 4754 (8)
367 4685 519 4756 Cap.
567 4688 620 4749 4,
668 4685 732 4743 S.
786 4685 1091 4756 Chrysost.
1151 4685 1304 4756 Opp.
1330 4684 1369 4741 l.
1418 4685 1457 4741 1.
1491 4689 1672 4757 p.16,
1706 4684 1840 4742 Gal-

180 4772 340 4830 land.
379 4773 532 4830 Bibl.
591 4773 697 4828 PP.
741 4773 787 4830 l.
842 4777 886 4831 1.
949 4777 1166 4846 p.270.
1205 4775 1331 4840 271,
1379 4776 1686 4846 etpassim
1736 4791 1842 4847 per

180 4861 516 4932 dialogum.

242 4952 318 5022 (9)
369 4951 435 5007 1d
473 4950 799 5020 Gregorius
853 4951 1285 5009 Alexandrinus
1325 4956 1382 5008 et
1423 4952 1666 5008 Photius
1709 4969 1839 5010 sen-

179 5041 319 5096 sisse
365 5039 670 5106 videntur,
703 5041 807 5113 qui
838 5043 1190 5113 scriptorem
1220 5039 1444 5111 dialogi
1492 5043 1838 5114 simpliciter

181 5129 530 5186 Palladium
545 5129 888 5200 episcopum
905 5130 1131 5185 dicunt.
1150 5136 1226 5186 Ac
1239 5131 1482 5186 Pholius
1499 5131 1835 5188 Palladium

177 5220 531 5292 episcOpum
565 5217 1121 5289 Helenopolitauum
1161 5225 1338 5275 antea
1369 5219 1544 5291 (Bibl.
1582 5236 1654 5275 ex
1703 5237 1823 5278 rec.

180 5306 506 5379 Bekkerip.
537 5311 622 5372 18,
654 5307 692 5362 b
715 5307 1082 5364 laudaverat.
1115 5308 1444 5365 Palladium
1482 5311 1833 5381 episcOpum

177 5409 305 5452 eum
357 5397 555 5453 tribus
609 5395 743 5451 aliis
772 5399 1062 5470 episcopis
1111 5399 1174 5456 S.
1208 5398 1629 5469 Chrysostomo
1663 5398 1835 5467 pulso

183 5488 421 5542 Romam
455 5487 693 5542 venisse
717 5485 1101 5542 Innocentius
1136 5487 1298 5557 Papa
1318 5487 1476 5543 clero
1507 5487 1834 5544 Constanti-

181 5579 564 5648 nOpolitanae
591 5576 876 5633 ecclesiae
907 5576 1168 5649 scripsit.
1215 5579 1277 5636 S.
1322 5578 1630 5650 Cbrysost.
1671 5579 1826 5650 Opp.

183 5666 274 5722 ed.
310 5667 698 5724 lontl’aucon
726 5666 792 5722 Τ.
821 5664 890 5721 H1
916 5681 982 5739 p.
1023 5668 1153 5723 524.
1193 5667 1463 5724 Eundem
1493 5673 1733 5740 propter
1774 5681 1838 5722 se

1950 4579 2103 4656 latus
2118 4579 2166 4655 ia
2185 4597 2456 4654 Calendis
2486 4593 2781 4652 Januariis
2822 4587 3058 4657 incepit.
3084 4583 3352 4641 Cassiod.
3385 4579 3606 4638 Chron.

1950 4687 2101 4761 Opp.
2133 4686 2395 4744 Cassiod.
2426 4683 2517 4738 ed.
2550 4684 2687 4738 1656
2714 4695 2768 4751 p.
2803 4679 2924 4734 681.
2955 4675 3048 4731 ed.
3079 4671 3350 4761 Garetip.
3391 4667 3607 4761 p.384,

1955 4754 2140 4847 Migne
2211 4772 2419 4830 Patrol.
2466 4774 2526 4827 T.
2553 4771 2698 4826 LXIX
2737 4785 2796 4840 p.
2834 4765 2986 4822 1223.
3021 4761 3109 4817 Cf.
3180 4757 3365 4847 Ideler
3391 4754 3606 4847 Lehrb.

1948 4866 2009 4922 d.
2030 4843 2444 4932 VCbronologie
2470 4877 2534 4930 p.
2570 4857 2700 4916 3'28.
2741 4857 2824 4914 Ei.
2868 4848 3206 4909 Handbuch
3236 4846 3342 4902 der
3374 4843 3607 4932 mathe-

1949 4954 2280 5011 matischen
2310 4930 2376 5007 ιι.
2407 4947 2788 5005 technischen
2815 4939 3208 5008 Chronologie
3247 4933 3440 4990 Berlin
3470 4930 3604 4988 1825

1945 5047 2011 5101 Τ.
2051 5043 2190 5114 11p.
2229 5044 2356 5096 149.
2393 5039 2469 5094 De
2499 5052 2659 5094 anno
2691 5033 2794 5092 388
2831 5032 2911 5089 cf.
2953 5043 3138 5102 supra
3164 5043 3228 5099 p.
3267 5027 3334 5079 58
3371 5026 3498 5078 not.
3535 5021 3596 5114 3.

2017 5113 2134 5204 (12))
2186 5131 2247 5186 P.
2313 5129 2406 5183 24.
2469 5125 2707 5182 Plurimi
2751 5138 2885 5178 eam
2931 5119 3109 5181 falso,
3150 5123 3210 5170 ut
3257 5117 3375 5169 iam
3421 5113 3606 5183 patet,

1945 5236 2106 5277 anno
2153 5219 2258 5275 4‘20
2305 5223 2409 5273 aut
2433 5216 2537 5270 419
2589 5213 2874 5284 scriptam
2923 5225 3058 5265 esse
3087 5205 3453 5266 statuerunt;
3498 5213 3609 5253 an-

1945 5326 2084 5366 num
2102 5309 2198 5364 421
2228 5306 2732 5362 indicaruntCave
2758 5300 3042 5357 etOudin.
3070 5315 3123 5353 s.
3160 5311 3220 5351 v.
3263 5287 3603 5352 Palladius,

1945 5403 2005 5456 et.
2023 5397 2299 5467 Rettberg
2333 5395 2390 5450 in
2421 5394 2602 5448 libro:
2637 5391 2786 5461 Allg.
2837 5386 3166 5460 Encyklop.
3222 5397 3285 5437 v.
3338 5376 3520 5436 Ersch
3546 5393 3608 5432 ιι.

1949 5487 2173 5544 Gruber
2205 5503 2232 5540 s
2264 5501 2326 5542 v.
2363 5482 2706 5540 Palladius.

2020 5575 2132 5647 (13)
2166 5574 2246 5629 Cf.
2281 5589 2465 5645 supra
2495 5587 2555 5644 p.
2586 5573 2677 5627 66.

2025 5664 2140 5737 (14)
2169 5662 2250 5719 Cf.
2285 5678 2469 5736 supra
2491 5678 2550 5734 p.
2578 5661 2640 5716 21
2661 5703 2674 5716 .
2715 5661 2810 5716 22.
