4080 6208
486 262 553 319 83
1359 255 1461 314 SS.
1504 255 1986 313 MACARIORUM
2026 255 2357 315 AEGYP'I‘II
2400 257 2485 313 ET
2527 258 3020 316 ALEXANDBINI
3828 254 3897 309 84

487 396 599 457 rat,
650 390 837 449 etiam
889 394 1016 449 tres
1063 402 1131 447 se
1161 402 1355 447 annos
1399 401 1543 446 cum
1594 386 1860 446 Macario
1905 386 2130 444 vixisse
2165 387 2209 440 Α
2240 387 2321 446 de
2371 394 2429 445 te
2461 388 2745 447 audirem
2780 408 2811 444 »
2863 387 2975 465 (7).
3040 388 3243 458 Quare
3297 391 3437 459 post
3493 399 3725 444 annum
3784 385 3900 443 395

486 490 694 548 dicere
752 489 973 561 potuit,
1019 487 1133 545 etsi
1180 487 1289 545 illo
1338 492 1620 559 tempore
1652 486 1842 544 breve
1894 485 2012 543 iter
2045 485 2132 542 in-
2244 485 2629 557 baptizatum
2659 501 2793 543 esse
2822 501 2968 545 eum
2996 500 3177 558 aegre
3202 483 3569 543 credideris.

487 588 776 645 stituerit.
841 584 1178 643 Macarium
1229 582 1292 640 in
1334 582 1515 661 quiete
1571 580 1776 639 sedisse
1826 584 1929 640 vix
1960 580 2134 641 aliud
2326 584 2646 642 Fabricius
2717 582 2828 659 (8),
2917 588 3150 642 Caveus
3215 582 3328 661 (9),
3390 582 3670 641 Oudinus
3748 579 3902 655 (10),

487 684 831 756 quidquam
886 682 1209 756 signiﬁcat,
1265 683 1381 739 nisi
1435 696 1578 739 eum
1626 694 1889 739 munere
1933 693 2135 738 sacer-
2244 681 2322 738 de
2377 681 2583 740 Nessel
2641 682 2795 758 (11),
2833 682 3210 756 Pritius(t2)
3239 682 3447 740 nescio
3499 678 3734 753 quibus
3765 678 3903 736 fulti

488 782 641 839 dotii
691 782 753 839 in
786 796 969 839 usum
1001 781 1264 838 fratrum
1293 786 1550 853 propter
1591 784 1971 837 senectutem
2001 784 2134 835 tum
2246 778 2593 838 rationibus
2645 782 2917 847 tradunt,
3001 781 3335 839 Macarium
3415 777 3905 836 Alexandrinum

489 894 611 937 non
667 879 941 951 amplius
999 879 1279 937 functum
1337 893 1470 936 esse
1529 876 1639 953 (l).
1702 876 2137 935 Tillemontius
2246 891 2408 935 anno
2464 880 2579 936 404
2632 894 2666 935 e
2720 880 2843 937 vita
2890 879 3254 937 decessisse.
3316 878 3435 937 Sed
3493 877 3595 933 vix
3632 874 3904 933 dubium

489 992 522 1034 e
580 977 789 1034 verbis
840 976 1097 1034 Palladii
1155 976 1481 1043 conclusit,
1534 976 1739 1034 tribus
1783 974 1908 1032 illis
1960 973 2137 1031 annis
2244 980 2357 1042 est,
2415 977 2565 1049 quin
2624 978 2687 1034 in
2742 991 2889 1036 eum
2941 992 3225 1036 errorem
3287 977 3430 1035 ideo
3463 973 3699 1033 inducti
3751 972 3903 1039 sint,

488 1074 717 1147 elapsis
774 1073 1109 1131 Macarium
1160 1074 1395 1132 obiisse
1450 1074 1561 1149 (2),
1595 1073 1759 1131 unde
1780 1086 1952 1130 mors
2002 1072 2139 1129 eius
2247 1074 2416 1147 quod
2472 1075 2533 1132 in
2593 1081 2761 1134 textu
2791 1090 3014 1148 graeco
3047 1075 3293 1134 Meursii
3327 1073 3481 1149 (t3),
3513 1074 3574 1131 in
3620 1070 3918 1130 versione

490 1173 555 1230 in
624 1186 854 1230 annum
921 1171 1035 1230 395
1092 1172 1363 1240 caderet,
1439 1177 1498 1231 et
1566 1172 1825 1245 quidem
1880 1174 2139 1229 testante
2250 1171 2494 1231 Herveti
2567 1174 2697 1249 (14)
2773 1181 2959 1247 atque
3006 1174 3068 1231 in
3119 1173 3411 1232 Paradiso
3466 1170 3593 1247 (15)
3658 1169 3908 1241 legitur,

492 1270 930 1342 Martyrologio
977 1270 1039 1327 in
1096 1270 1169 1327 ιν
1194 1275 1337 1329 ante
1370 1271 1522 1329 Non.
1570 1270 1914 1334 ianuarias,
1950 1266 2130 1326 Grae-
2252 1270 2586 1328 Macarium
2621 1270 3105 1330 Alexandrinum
3149 1271 3417 1330 Macario
3450 1267 3755 1341 Aegyptio
3803 1267 3916 1324 iu-

489 1368 579 1426 cis
636 1368 903 1426 Menaeis
958 1368 1219 1426 testibus
1250 1368 1313 1426 in
1365 1369 1491 1427 XIV
1531 1374 1671 1427 ante
1728 1367 1978 1426 Calend.
2036 1365 2140 1423 Fe-
2253 1368 2496 1426 niorem
2527 1369 2737 1428 fuisse.
2774 1369 2839 1428 Id
2894 1384 3041 1428 vero
3071 1370 3123 1427 si
3153 1370 3388 1436 fuisset,
3424 1382 3569 1426 eum
3610 1371 3750 1439 post
3791 1379 3920 1423 an—

491 1462 908 1537 bruarias(3).
970 1466 1087 1524 Sed
1121 1482 1269 1525 num
1327 1467 1600 1525 everbis
1658 1465 1911 1525 Palladii
1984 1460 2140 1521 illud
2252 1480 2401 1523 num
2459 1468 2574 1525 300
2650 1471 2888 1535 natum,
2966 1472 3103 1541 post
3160 1482 3392 1526 annum
3454 1467 3569 1523 340
3630 1463 3913 1536 baptiza-

494 1569 657 1622 recte
710 1563 917 1635 colligi
972 1563 1188 1635 possit,
1251 1565 1315 1622 in
1370 1565 1633 1623 dubium
1693 1565 1831 1623 iure
1860 1567 2133 1621 vocalur.
2251 1571 2383 1621 tum
2456 1580 2609 1635 esse,
2674 1572 2735 1623 et
2806 1572 2946 1624 ante
3012 1581 3243 1624 annum
3301 1567 3415 1623 348
3470 1569 3701 1622 tantam
3766 1559 3912 1617 vir-

495 1661 830 1720 Macarium
900 1662 1067 1720 enim
1138 1668 1275 1734 post
1344 1663 1486 1722 illos
1552 1668 1677 1721 tres
1700 1676 1895 1720 annos
1930 1660 2138 1718 statim
2252 1662 2397 1720 tutis
2450 1664 2678 1720 famam
2731 1662 2930 1721 multis
2984 1660 3187 1721 abhinc
3237 1661 3406 1720 annis
3456 1662 3757 1720 habuisse
3788 1672 3904 1716 ne-

492 1760 766 1817 animam
810 1760 1047 1817 efﬂasse
1097 1760 1408 1819 Palladius
1454 1776 1577 1819 non
1634 1761 1809 1830 dicit,
1859 1760 1966 1816 sed
2021 1759 2139 1815 hoc
2170 1743 2212 1797 Β
2248 1774 2418 1818 cesse
2463 1768 2645 1831 esset,
2705 1762 2871 1834 quod
2907 1776 2940 1819 a
2972 1760 3521 1819 verisimilitudine
3574 1760 3756 1831 plane
3801 1756 3915 1813 ab-

492 1857 1094 1915 mluszacarium
1162 1859 1532 1931 Aegyptium
1602 1874 1763 1917 anno
1832 1863 1973 1916 ante
2020 1855 2140 1912 ad—
2252 1861 2485 1917 horret.
2548 1844 2739 1917 lllud
2784 1874 2952 1929 vero,
3017 1861 3352 1918 Macarium
3414 1856 3907 1916 Alexandrinum

493 1960 746 2012 ventum
796 1954 994 2025 ipsius
1048 1956 1113 2013 in
1143 1956 1543 2015 solitudinem
1601 1963 1921 2015 mortuum
1963 1969 2137 2026 esse;
2255 1956 2556 2029 Aegyptio
2608 1958 2923 2016 iuniorem
2981 1958 3193 2027 fuisse,
3229 1971 3432 2030 neque
3485 1956 3546 2013 in
3580 1954 3911 2013 codicibus

490 2066 635 2111 cum
689 2052 952 2110 Macario
982 2059 1189 2111 autem
1270 2054 1707 2128 Alexandrino,
1763 2053 2143 2114 Cellularum
2254 2053 2858 2125 Vindobonensibus,
2932 2070 3131 2127 neque
3180 2055 3243 2112 in
3309 2054 3563 2126 antiqua
3617 2052 3907 2109 versione

493 2150 888 2223 presbytero,
935 2166 1001 2209 se
1052 2158 1177 2209 tres
1222 2167 1415 2212 annos
1446 2154 1691 2212 vixisse.
1725 2155 1908 2225 Quid,
1942 2155 1993 2212 si
2027 2155 2145 2211 Ma-
2257 2150 2544 2210 habetur.
2624 2152 3057 2211 Tillemontius
3122 2152 3459 2211 Macarium
3534 2148 3908 2209 Alexandri-

497 2247 705 2306 carius
764 2248 1243 2317 Alexandrinus,
1277 2252 1385 2323 qui
1442 2252 1712 2311 Palladio
1758 2258 1909 2311 teste
1960 2249 2050 2325 (4)
2081 2252 2143 2308 in
2257 2265 2405 2307 num
2433 2254 2627 2307 aetate
2686 2251 2874 2309 fuisse
2905 2252 3217 2309 minorem
3252 2251 3393 2309 ideo
3428 2249 3685 2322 putavit,
3740 2245 3912 2319 quod

497 2346 692 2405 Nitria
749 2352 811 2404 et
884 2347 944 2403 in
998 2345 1295 2406 interiore
1348 2355 1513 2407 vasta
1561 2352 1903 2409 solitudine
1958 2351 2147 2408 cellas
2256 2347 2592 2419 scriptores
2641 2363 2787 2405 eum
2839 2363 3090 2421 semper
3146 2355 3283 2422 post
3336 2346 3671 2406 Macarium
3722 2346 3918 2417 Aegy-

500 2444 740 2510 habuit,
800 2449 935 2515 post
992 2445 1130 2503 illos
1190 2450 1318 2504 tres
1349 2462 1542 2505 annos
1586 2449 1649 2506 in
1682 2448 1868 2505 aliam
1920 2448 2145 2505 cellam
2260 2446 2459 2517 ptium
2505 2447 3139 2505 commemoraverint
3203 2445 3337 2522 (16)
3406 2447 3571 2504 item.
3617 2446 3920 2502 Sozome-

500 2540 897 2611 abiit‘?Quid
947 2542 997 2599 si
1050 2544 1405 2617 congressui
1460 2545 1727 2604 fratrum
1776 2545 2035 2604 omnino
2084 2558 2149 2603 se
2260 2558 2377 2602 nus
2422 2545 2713 2615 explicat,
2776 2546 2905 2617 qui,
2972 2551 3301 2619 postquam
3358 2544 3434 2601 de
3488 2543 3752 2602 Macario
3794 2542 3925 2598 Ae-

505 2636 858 2697 subduxit‘?
888 2641 1130 2706 Fateor,
1190 2642 1569 2701 Tillemontii
1619 2644 1986 2702 sententiam
2039 2657 2151 2699 ve-
2261 2641 2476 2714 gyptio
2522 2642 2893 2713 disputavit:
2964 2663 2985 2694 ι
3046 2643 3347 2701 Macarius
3371 2666 3425 2713 »,
3461 2642 3687 2715 inquit,
3725 2661 3746 2693 ι
3776 2638 3925 2697 Ale-

508 2738 841 2796 risimilem
890 2740 1146 2812 quidem
1198 2755 1355 2807 esse,
1407 2743 1515 2801 sed
1573 2749 1809 2802 certam
1865 2757 2003 2801 eam
2050 2757 2154 2801 ne-
2264 2739 2608 2797 xandrinus
2698 2740 2903 2798 serius
2982 2742 3239 2813 quidem
3331 2740 3657 2813 presbyter
3726 2737 3929 2795 factus

509 2851 823 2910 quaquam
855 2838 1143 2898 dixerim.
2265 2843 2397 2896 est:
2454 2835 2603 2914 (t7).
2672 2840 2869 2913 Atque
2918 2840 3107 2897 etiam
3167 2838 3511 2897 verisimile
3570 2842 3683 2907 est,
3719 2836 3915 2894 Maca-

590 2935 718 3002 Sin,
751 2935 1129 2994 Tillemontii
1152 2938 1517 3009 opinionem
1549 2942 1765 3008 secuti,
1802 2940 2152 3007 statuimus,
2268 2936 2434 2994 rium
2474 2933 2594 3004 88
2654 2937 3141 2995 Alexandrinum
3211 2943 3346 3010 post
3403 2937 3740 2996 Macarium
3796 2937 3914 2992 Ae—

512 3033 847 3091 Macarium
882 3034 1369 3094 Alexandrinum
1428 3052 1642 3097 mense
1683 3039 1977 3097 Januario
2009 3036 2155 3096 anni
2195 3096 2230 3108 ,_
2268 3035 2554 3108 gyptium
2612 3030 2985 3095 monachum
3043 3038 3270 3095 factum
3342 3051 3499 3094 esse.
3580 3032 3924 3092 Macarium

510 3130 627 3189 395
684 3131 808 3188 vita
854 3132 1215 3202 decessisse,
1266 3135 1536 3192 eundem
1588 3142 2002 3194 anteannum
2043 3135 2158 3193 295
2191 3096 2231 3153 Ο
2270 3096 2418 3191 vero
2487 3133 2973 3191 Alexandrinum
3045 3134 3345 3207 Aegyptio
3416 3138 3562 3192 natu
3612 3132 3929 3190 minorem

512 3231 750 3293 natum,
786 3234 846 3285 et
875 3234 1013 3286 ante
1036 3244 1267 3287 annum
1300 3233 1414 3289 335
1445 3232 1823 3304 baptizatum
1846 3247 2002 3297 esse,
2043 3238 2160 3289 sta-
2270 3230 2480 3299 fuisse,
2545 3230 2668 3287 iam
2711 3232 2875 3303 apud
2936 3230 3304 3290 Makrizium
3362 3232 3513 3305 legis
3592 3228 3740 3307 (I8).
3775 3229 3929 3300 Nec,

513 3330 762 3381 tuamus
788 3340 1037 3383 necesse
1061 3334 1152 3383 est
1201 3328 1348 3383 Nam
1383 3329 1653 3387 Palladio
1681 3335 1933 3388 auctore
1968 3343 2161 3387 annos
2273 3328 2437 3384 unde
2494 3342 2676 3385 error
2735 3330 2791 3388 in
2827 3330 2933 3386 illa
2988 3330 3292 3388 Historiae
3346 3330 3670 3388 Lausiacae
3719 3343 3937 3385 exem-

514 3420 920 3493 quadraginta
950 3427 1127 3479 natus
1178 3424 1557 3495 baptismum
1584 3428 1876 3499 suscepit.
1929 3441 2003 3485 ex
2037 3441 2162 3498 quo
2274 3424 2475 3496 plaria
2540 3426 2890 3498 irrepserit,
2960 3434 3133 3486 certo
3192 3428 3443 3486 dixeris.
3512 3427 3661 3496 Quia
3716 3432 3934 3485 autem

512 3518 732 3575 saltem
785 3519 1098 3590 sexaginta
1155 3535 1347 3578 annos
1405 3522 1556 3581 vixit
1606 3522 1718 3599 (5).
1770 3524 2017 3582 Macarii
2056 3524 2163 3583 illo
2273 3526 2690 3580 Sozomenum
2735 3539 2829 3591 ea,
2864 3540 3023 3597 quae
3066 3526 3141 3583 de
3176 3526 3457 3583 Macariis
3487 3526 3693 3594 habet,
3726 3539 3760 3581 e
3789 3525 3937 3582 Pal-

517 3615 590 3671 ad
640 3615 1119 3675 Tabennesiotas
1171 3618 1392 3676 itinere
1444 3622 1804 3687 edocemur,
1842 3638 1988 3681 eum
2024 3627 2165 3680 ante
2278 3622 2427 3678 iadii
2487 3622 2757 3680 Historia
2810 3624 3101 3682 Lausiaca
3152 3625 3527 3697 compilasse
3599 3622 3937 3680 manifesto

516 3727 747 3770 annum
798 3712 934 3781 348,
990 3730 1114 3787 quo
1173 3715 1539 3776 Pachomius
1578 3720 1746 3777 diem
1796 3736 2164 3793 supremum
2278 3725 2466 3792 patet,
2491 3721 3005 3787 additamentum,
3056 3725 3390 3782 Macarium
3444 3721 3938 3780 Alexandrinum

516 3809 811 3887 obiit(6),
872 3808 983 3878 87
1044 3827 1267 3885 magna
1316 3817 1476 3873 vitae
1522 3819 1928 3877 monachicae
1984 3820 2168 3878 laude
2278 3818 2478 3878 serius
2510 3822 2945 3893 presbyterum
2977 3837 3109 3879 esse
3140 3823 3391 3888 factum,
3430 3824 3553 3881 iam
3600 3819 3939 3878 Sozomeni

519 3908 838 3975 ﬂoruisse;
898 3911 1130 3969 etenim
1195 3913 1564 3974 Pachomius
1641 3917 1740 3974 ei:
1826 3914 2164 3985 «Multis»,
2278 3920 2563 3992 tempore
2620 3919 2682 3976 in
2740 3918 3027 3978 Lausiaca
3084 3922 3390 3980 exstitisse
3438 3920 3767 3993 probabile
3812 3922 3935 3977 est.

520 4006 743 4080 inquit,
785 4005 1037 4066 «abhinc
1086 4014 1257 4067 annis
1309 4013 1482 4086 cupii
1560 4022 1618 4073 te
1672 4016 1905 4086 videre,
1968 4032 2167 4089 quum
2362 4016 2518 4093 $22.
2569 4018 2687 4078 Sed
2737 4019 2814 4077 ad
2863 4020 3248 4078 narrationes
3300 4020 3466 4093 ipsas
3525 4020 3603 4078 de
3661 4018 3941 4077 Macario

592 4226 671 4296 (1)
706 4226 889 4281 Simili
923 4228 1101 4282 modo
1128 4229 1420 4298 Ephraem
1454 4236 1556 4283 τὸν
1597 4235 1848 4304 ἥσυχον
1889 4233 1983 4287 ἀεὶ
2032 4235 2170 4298 ἐξα-

2351 4237 2463 4306 (11)
2497 4236 2802 4307 Supplem.
2833 4239 3163 4293 Comment.
3200 4238 3472 4294 Lambec.
3508 4236 3759 4292 Vindob.
3798 4239 3945 4293 1690

526 4322 644 4373 σχῆ
664 4333 773 4365 σαι
846 4313 990 4383 βίον
1062 4316 1294 4372 dicitur.
1368 4320 1506 4375 Hist.
1576 4321 1747 4375 Laus.
1805 4323 1901 4380 ed.
1956 4326 2165 4379 Meurs.
2278 4326 2336 4379 T.
2373 4325 2415 4379 11
2446 4324 2505 4378 in
2547 4324 2739 4380 indice
2780 4325 3157 4396 alphabetico
3184 4346 3228 4381 s.
3276 4345 3329 4383 v.
3364 4326 3667 4383 Macarius
3706 4326 3943 4395 iunior.

524 4418 669 4511 cap;
696 4403 970 4511 ttlii‘fipp.
1005 4406 1209 4511 Meu‘rs.
1234 4405 1270 4461 1.
1378 4425 1428 4478 p.
1466 4410 1588 4511 5'22.
1624 4501 1659 4511 ﬁ
2200 4456 2245 4511 Ο
2351 4413 2463 4486 (t2)
2504 4416 2559 4469 S.
2593 4415 2825 4470 Macarii
2854 4417 3123 4487 Aegyptii
3156 4418 3371 4488 Opusc.
3406 4422 3462 4471 et
3491 4415 3946 4488 Apophthegm.

598 4491 672 4563 (2)
739 4490 1053 4547 Tillemout
1118 4494 1427 4552 Memoires
1460 4499 1552 4554 ed.
1623 4501 1919 4558 Bruxelles
1958 4505 2016 4557 T.
2056 4502 2169 4559 Vlll
2204 4490 2245 4511 υ
2284 4502 2435 4573 Lips.
2470 4503 2601 4559 1699
2636 4502 2818 4558 Praef.
2851 4510 2874 4572 ε
2906 4505 3017 4558 VII.

524 4580 587 4636 P.
621 4580 689 4635 ΙΙΙ
717 4595 776 4652 p.
822 4579 980 4637 1078.

2355 4594 2465 4664 (13)
2496 4596 2637 4664 Cap.
2666 4597 2734 4649 20
2765 4595 2917 4665 Opp.
2950 4597 3157 4650 Meurs.
3191 4595 3227 4649 l.
3263 4594 3300 4649 l.
3334 4612 3390 4668 ρ.
3427 4598 3548 4651 389.

596 4672 676 4742 (3)
701 4670 781 4726 Cf.
815 4669 969 4725 infra
999 4671 1353 4742 CaputVlII.
2358 4685 2468 4753 (14)
2512 4682 2680 4749 lbid.,
2729 4687 2783 4738 et
2832 4684 2945 4738 VV.
2989 4686 3089 4740 PP.
3138 4686 3333 4739 Rosw.
3380 4683 3483 4739 lib.
3528 4683 3645 4737 VIII
3691 4698 3824 4754 cap.
3882 4687 3952 4739 19

598 4760 673 4832 (4)
708 4760 984 4841 Supra'p.
1013 4760 1100 4816 69.
1868 4818 1876 4826 .
2287 4789 2345 4844 p.
2376 4776 2501 4841 7t9,
2532 4776 2583 4826 2.

596 4850 676 4919 (5)
717 4850 816 4904 Cf4
845 4867 1028 4924 supra
1053 4852 1081 4925 §
1110 4855 1172 4907 19
1205 4869 1260 4924 ρ.
1290 4858 1357 4909 75
1384 4870 1516 4927 sqq.
2359 4862 2470 4932 (i5)
2500 4863 2606 4915 vv.
2639 4861 2735 4916 PP.
2772 4864 2963 4917 Rosw.
2998 4876 3132 4930 cap.
3162 4864 3192 4915 6
3225 4876 3281 4931 p.
3313 4862 3435 4922 950,
3476 4864 3521 4913 1.

599 4938 676 5009 (6)
742 4942 857 4995 ΛΑ.
928 4942 1020 4997 SS.
1090 4942 1225 4997 Boll.
1268 4944 1372 4999 Mai
1438 4947 1498 5000 T.
1570 4945 1634 5000 lII
1676 4951 1871 5017 p.290
1898 4950 2167 5021 sqq.,cf.

2359 4951 2470 5021 (16)
2535 4970 2562 5001 ‹‹
2624 4949 2783 5005 Celui
2825 4949 3231 5003 d'Alexandrie
3287 4950 3438 5003 aéte
3483 4954 3956 5021 apparemment

529 5026 840 5084 Tillemont
896 5031 1198 5087 Mémoires
1256 5032 1349 5087 ed.
1412 5034 1587 5090 Brux.
1642 5037 1702 5091 Τ.
1757 5036 1849 5093 νη
1913 5039 1965 5094 Ρ.
2013 5039 2078 5094 III
2117 5057 2175 5111 p.
2288 5040 2623 5111 postérieur
2654 5042 2682 5094 ὸ
2729 5038 2877 5092 celui
2918 5037 3199 5108 d’Egypte
3241 5040 3403 5094 aussi
3444 5037 3578 5094 bien
3624 5054 3777 5110 pour
3805 5037 3955 5093 l’en—

530 5116 687 5174 1933-
2290 5133 2409 5185 trée
2468 5130 2622 5184 dans
2677 5128 2735 5184 la
2803 5127 3058 5183 solitude
3114 5144 3231 5198 que
3287 5144 3437 5199 pour
3498 5128 3555 5184 la
3606 5129 3955 5193 naissance,

602 5205 679 5278 (7)
720 5206 800 5263 Cf.
845 5224 1028 5280 supra
1068 5225 1125 5281 p.
1168 5211 1255 5265 71.
2290 5219 2607 5291 puisqu’on
2640 5218 2691 5272 le
2734 5223 2851 5271 met
2883 5217 3150 5286 toujours
3184 5221 3355 5289 apres
3387 5217 3611 5273 l’autre.
3646 5237 3673 5268 io
3711 5217 3959 5272 Mémoi-

600 5296 678 5365 (8)
720 5298 868 5353 Bibl.
917 5296 1122 5353 Graec.
1165 5298 1258 5355 ed.
1305 5300 1553 5355 Harless.
1597 5304 1655 5358 T.
1702 5302 1819 5359 Vill
1850 5304 2177 5376 Hamburg.
2292 5323 2383 5361 res
2404 5309 2463 5361 Τ.
2499 5306 2609 5359 VIII
2641 5306 2703 5362 P.
2732 5306 2861 5376 lllp
2902 5307 3051 5361 1043.

531 5383 782 5451 1802,4⁰,
807 5402 864 5457 p.
885 5389 987 5443 365
1009 5405 1056 5445 s.
1082 5404 1136 5442 v.
1164 5390 1464 5446 Macarius
1492 5391 2142 5450 iuniorAlexandﬁnu:

2167 5438 2177 5448 .
2362 5396 2478 5465 (17)
2508 5395 2646 5449 Hist.
2683 5396 2833 5448 Eccl.
2864 5393 2964 5448 lib.
3000 5395 3065 5448 111
3096 5412 3227 5467 cap.
3268 5399 3329 5451 14
3355 5395 3447 5449 ed.
3480 5396 3521 5449 Ι.
3560 5411 3616 5466 p.
3648 5399 3769 5449 516.

604 5476 681 5545 (9)
707 5476 937 5546 Scriptt.
959 5476 1168 5532 eccles.
1197 5478 1454 5534 Hist.litt.
1481 5496 1599 5534 s.v.
1630 5481 2178 5553 Macariusjunior.
2365 5486 2477 5556 (18)
2506 5484 2729 5539 Macrizi
2757 5483 3101 5539 Geschichte
3140 5485 3245 5539 der
3274 5487 3493 5556 Capten
3533 5500 3586 5538 v.
3620 5484 3785 5539 Ferd.
3821 5486 3958 5539 Wﬁ-

604 5563 716 5635 (10)
756 5564 1088 5711 ϐοωΙιῗξειιι.
1131 5566 1205 5621 de
1247 5568 1479 5640 Scriptt.
1518 5568 1728 5626 eccles.
1762 5588 1809 5626 s.
1842 5587 1897 5625 v.
1926 5572 2184 5629 Macarii
2295 5572 2547 5630 stenfeld
2573 5572 2832 5644 Gotting.
2873 5576 3005 5661 1846
3038 5589 3094 5646 p.
3132 5578 3247 5630 110.
3297 5580 3413 5630 111.

604 5668 650 5710 εδ
679 5669 890 5711 monac
936 5670 975 5710 ι.

534 5659 650 5711 tres
679 5656 975 5711 monachi.
