4094 6208
524 262 590 315 87
1399 257 1499 312 FS.
1545 257 2030 314 MACARIORUM
2074 256 2404 314 AEGYPTII
2442 256 2529 310 ET
2570 256 3065 312 ALEXANDRINI
3874 263 3952 317 88

521 388 650 447 Hoc
677 386 886 456 etiam,
914 387 1081 458 quod
1113 385 1174 442 in
1205 387 1445 458 graecis
1477 386 1883 456 editionibus,
1919 389 2166 447 Herveti
2197 385 2246 454 ,Α
2277 386 2473 461 olera,
2525 400 2686 458 quae
2729 389 2950 457 sponte
2997 391 3337 444 nascuntur
3384 387 3446 444 in
3499 390 3689 458 terra,
3735 403 3948 462 neque

523 487 807 544 versione
860 489 917 541 et
974 484 1036 540 in
1113 484 1401 542 Paradiso
1472 485 1762 556 habetur,
1831 487 2165 545 Macarium

525 582 1008 642 Alexandrinum
1049 581 1383 639 virtutibus
1413 585 1571 640 vitae
1606 585 2006 642 monachicae
2051 586 2166 642 Ma-

517 680 687 737 cario
711 681 986 751 Aegypto
1003 680 1433 738 antecelluisse
1456 676 1574 755 (l),
1599 681 1659 738 in
1687 682 2010 740 codicibus
2032 683 2165 740 Vin-

515 778 982 836 dobonensibus
1011 783 1068 834 et
1104 775 1454 835 inversione
1482 780 1736 852 antiqua
1768 795 1888 838 non
1917 781 2159 853 legitur.

596 873 760 951 3‘23.
822 875 904 932 Ad
957 875 1229 946 singulas
1281 880 1491 932 autem
1547 878 1952 946 narrationes,
2010 894 2166 951 quas

515 973 590 1030 de
652 972 918 1030 Macario
982 972 1399 1031 Alexandrino
1455 989 1488 1031 e
1547 975 1834 1033 Lausiaca
1901 975 2163 1035 Palladii

517 1071 915 1144 protulimus,
966 1070 1364 1129 illustrandas
1413 1073 1566 1130 haec
1613 1073 2164 1132 animadvertenda

515 1174 679 1227 sunt.

598 1267 806 1324 Primo
859 1267 1232 1325 abstinentia
1279 1267 1528 1326 Macarii
1582 1269 1981 1327 Alexandrini
2037 1285 2163 1328 ma-

512 1378 786 1436 gnopere
855 1364 1270 1437 praedicatur.
1327 1366 1440 1435 Qui
1510 1383 1692 1425 usum
1752 1369 2165 1428 Tabennesio-

511 1465 714 1519 tarum
786 1477 896 1534 per
941 1467 1131 1520 totam
1180 1463 1716 1536 quadragesimam
1763 1467 1955 1524 coctis
2005 1467 2165 1524 cibis

513 1573 577 1616 se
621 1560 1064 1618 abstinentium
1131 1565 1400 1629 secutus,
1456 1568 1693 1634 septem
1741 1564 1920 1621 annis
1982 1565 2160 1633 nihil,

510 1657 681 1729 quod
733 1657 856 1728 igni
915 1658 1236 1716 admotum
1286 1664 1464 1726 esset,
1519 1661 1812 1728 comedit,
1876 1662 1983 1719 sed
2033 1663 2164 1720 sola

2281 498 2525 556 panem,
2595 499 2706 541 nec
2760 483 3070 556 legumen,
3124 499 3327 556 neque
3387 500 3460 541 ex
3499 486 3804 544 fructibus
3847 502 3946 544 ar-

2279 582 2501 639 borum
2555 582 2925 653 quidquam,
2997 597 3196 655 neque
3243 583 3503 641 omnino
3556 598 3650 650 ea,
3708 585 3944 657 quibus

2276 678 2401 751 igni
2449 679 2717 737 admotis
2775 680 3061 739 homines
3114 687 3472 752 vescuntur,
3523 683 3791 740 comedit
3825 687 3937 753 (9).

2275 775 2577 847 Serapion
2630 775 2952 834 Sindonita
3011 783 3257 849 praeter
3315 793 3538 851 panem
3595 783 3656 836 et
3706 794 3939 852 aquam

2275 873 2431 930 nihil
2476 875 2743 945 sumpsit
2787 871 2935 950 (l0).
2983 875 3302 948 Evagrius,
3345 890 3419 932 ex
3466 891 3591 948 quo
3631 877 3694 934 in
3726 877 3945 936 solitu-

2274 969 2483 1027 dinem
2515 969 2630 1037 92
2673 972 2860 1041 venit,
2897 987 3097 1044 neque
3131 973 3433 1031 lactucam
3476 974 3696 1045 tetigit,
3737 990 3945 1047 neque

2276 1069 2587 1126 minutum
2660 1070 2818 1135 olus,
2913 1084 3024 1127 nec
3099 1069 3299 1128 viride
3371 1072 3743 1144 quidquam,
3825 1089 3941 1131 nec

2277 1166 2566 1232 fructum,
2600 1182 2711 1224 nec
2744 1182 2955 1237 uvam,
2990 1182 3102 1225 nec
3142 1169 3479 1241 lavacrum,
3513 1185 3624 1227 nec
3653 1185 3935 1238 carnem,

2275 1278 2387 1321 nec
2443 1278 2693 1336 panem,
2747 1279 2860 1322 nec
2913 1265 3152 1335 vinum,
3188 1280 3390 1338 neque
3446 1268 3702 1325 omnino
3758 1269 3945 1340 quid-

2273 1376 2460 1435 quam
2492 1377 2567 1419 ex
2608 1362 2704 1429 iis,
2762 1378 2924 1435 quae
2977 1378 3088 1435 per
3135 1367 3338 1437 ignem
3383 1370 3727 1434 transeunt,
3765 1381 3944 1439 prae-

2274 1465 2368 1518 ter
2409 1460 2717 1532 quaedam
2756 1462 2931 1519 olera
2969 1462 3164 1520 cruda
3219 1468 3277 1519 et
3341 1464 3660 1521 modicum
3709 1479 3936 1538 aquae.

2273 1557 2706 1617 Sextodecimo
2788 1565 2998 1618 autem
3084 1561 3446 1618 huiusmodi
3525 1565 3685 1620 vitae
3773 1578 3938 1622 anno

2273 1671 2466 1728 quum
2517 1661 2774 1728 propter
2827 1658 3114 1730 corporis
3161 1659 3593 1732 stomachique
3647 1661 3936 1718 imbecil-

508 1755 701 1812 cruda
729 1754 901 1814 olera
932 1753 1043 1822 91
1082 1763 1140 1812 et
1171 1756 1506 1829 legumina,
1542 1758 1591 1815 si
1620 1774 1781 1830 quae
1805 1760 1965 1816 forte
1997 1761 2162 1818 inve-
2201 1741 2239 1794 Β
2277 1754 2510 1811 litatem
2554 1769 2778 1826 panem
2826 1756 3080 1828 quidem
3133 1757 3453 1829 tetigisset,
3507 1765 3680 1815 cocta
3729 1765 3938 1817 tamen

510 1853 719 1924 nisset,
754 1854 1105 1911 liuinectata
1135 1855 1419 1927 gustavit.
1457 1855 1540 1914 Ac
1567 1871 1763 1929 quum
1796 1857 2158 1929 audivisset,

509 1951 760 2008 fratrem
837 1951 1147 2023 quendam
1239 1953 1466 2010 libram
1548 1955 1723 2025 panis
1801 1954 2155 2024 comedere,

507 2048 893 2120 buccellatis,
941 2064 1102 2122 quae
1142 2051 1384 2122 habuit,
1435 2052 1496 2108 in
1542 2052 1819 2125 lagenam
1865 2053 2162 2112 immissis

506 2147 902 2205 solummodo
968 2153 1232 2218 tantum,
1305 2155 1605 2220 quantum
1687 2166 1874 2208 manu
1939 2150 2162 2209 efferre

508 2250 770 2317 poterat,
867 2246 1161 2312 comedit,
1248 2247 1574 2320 tribusque
1659 2247 1834 2306 annis
1891 2255 2161 2320 quatuor

511 2347 750 2402 tantum
799 2342 889 2399 vel
947 2344 1225 2415 quinque
1276 2345 1604 2404 unciarum
1655 2347 1812 2405 cibis
1844 2363 1992 2405 usus
2043 2353 2154 2405 est.

506 2440 634 2500 Olei
679 2445 886 2497 autem
919 2443 1259 2500 sextarium
1298 2457 1460 2500 anno
1493 2443 1552 2501 in
1586 2443 1953 2502 alimentum
2002 2461 2160 2504 con-

507 2541 794 2611 sumpsit.
833 2538 959 2596 lam
1011 2541 1083 2597 ad
1135 2541 1360 2598 libram
1411 2542 1742 2599 duodecim
1785 2543 2004 2601 unciae
2057 2559 2158 2601 re-

507 2637 697 2695 deunt
730 2635 838 2712 (2).
893 2638 975 2696 Ac
1005 2637 1200 2696 Ξέστης
1230 2655 1340 2697 seu
1375 2641 1713 2698 sextarium
1763 2642 1885 2699 olei
1929 2642 2160 2700 duode-

507 2734 721 2806 viginti
775 2735 902 2793 t‘ere
953 2736 1165 2794 uncias
1206 2737 1424 2795 habuit
1470 2735 1579 2814 (3).
1634 2738 1803 2797 Unde
1847 2741 2160 2798 abstinen-

510 2832 661 2890 tiam
738 2833 983 2891 Macarii
1058 2835 1393 2892 maximam
1471 2835 1659 2894 fuisse
1734 2845 1993 2910 apparet
2041 2837 2152 2914 (li).

507 2929 628 2987 Nec
673 2931 874 2987 solum
910 2931 1050 2989 oleo
1079 2946 1257 2990 senes
1286 2933 1347 2990 in
1392 2932 1783 3003 alimentum,
1814 2937 1921 2992 sed
1967 2937 2156 2994 etiam

504 3026 581 3083 ad
641 3029 998 3099 unguendas
1062 3035 1121 3086 et
1178 3030 1520 3089 moliendas
1572 3032 1650 3090 ab
1692 3047 1884 3105 opere
1939 3049 2156 3091 manus

506 3123 597 3181 uti
651 3124 935 3183 solebant
985 3123 1125 3202 (5);
1174 3142 1208 3184 a
1256 3143 1380 3200 quo
1433 3144 1544 3186 usu
1594 3131 1716 3187 iam
1749 3134 1805 3189 8.
1859 3132 2156 3190 Antonius

504 3236 573 3280 se
626 3222 924 3280 abstinuit
980 3221 1088 3297 (6).
1150 3225 1232 3282 Ac
1284 3227 1474 3284 coctis
1538 3227 1696 3286 cibis
1747 3229 1924 3287 multi
1977 3244 2155 3287 senes

506 3319 601 3377 usi
651 3334 774 3376 non
821 3335 954 3378 esse
1007 3320 1321 3378 dicuntur.
1379 3323 1463 3380 Ex
1511 3325 1740 3396 quibus
1790 3328 2155 3383 Ammonius

504 3416 650 3476 inde
681 3432 712 3475 a
747 3417 1063 3475 iuventute
1095 3433 1289 3490 usque
1337 3421 1414 3477 ad
1448 3428 1714 3480 mortem
1744 3425 1894 3481 solis
1944 3425 2157 3482 crudis

501 3514 662 3573 cibis
711 3515 1098 3585 vescebatur,
1159 3533 1272 3575 nec
1319 3534 1618 3592 unquam,
1679 3522 1848 3593 quod
1880 3522 2006 3592 igni
2037 3523 2156 3580 ad-

502 3618 743 3670 motum
831 3620 1014 3684 esset,
1085 3616 1357 3673 comedit
1432 3623 1676 3688 praeter
1765 3634 1987 3690 panem
2045 3620 2150 3691 (7).

505 3711 743 3782 Moyses
805 3713 998 3770 abbas
1052 3727 1127 3769 ex
1202 3713 1440 3772 latrone
1521 3716 1864 3774 monachus
1935 3717 2148 3787 factus,

504 3822 698 3880 quum
755 3811 1100 3882 plurimum
1162 3819 1528 3884 operaretur
1587 3820 1647 3872 et
1705 3815 2153 3888 quinquaginta

502 3906 816 3965 orationes
887 3909 1170 3980 quotidie
1255 3917 1595 3984 perageret.
1675 3913 1831 3970 nihil
1909 3919 2153 3986 praeter

499 4004 737 4062 siccum
841 4007 1170 4065 duodecim
1257 4010 1583 4067 unciarum
1671 4025 1896 4083 panem
1985 4026 2152 4069 sum-

505 4100 626 4172 psit
686 4099 789 4177 (8).
855 4104 1076 4176 Apollo
1152 4106 1345 4163 abbas
1418 4122 1542 4164 non
1626 4109 1897 4180 amplius
1963 4123 2151 4181 quam

2271 1851 2446 1909 olera
2505 1852 2583 1912 ad
2635 1858 2901 1910 mortem
2984 1869 3182 1926 usque
3250 1868 3372 1911 non
3441 1856 3707 1928 gustavit
3783 1854 3935 1930 (11).

2274 1949 2671 2008 Philoromus
2760 1952 3033 2024 denique
3111 1955 3440 2024 presbyter
3508 1954 3699 2011 coctis
3775 1955 3940 2013 cibis

2270 2046 2695 2119 duodeviginti
2749 2049 2926 2107 annis
2985 2063 3051 2107 se
3094 2049 3392 2108 abstinuit
3451 2048 3603 2126 (12).

2353 2146 2654 2203 Macarius
2752 2147 3226 2216 Alexandrinus,
3325 2153 3390 2205 ut
3469 2148 3728 2206 omnino
3811 2165 3938 2209 non

2275 2242 2436 2299 vesci
2482 2244 2682 2316 cupiit
2725 2245 2892 2317 quod
2954 2251 3158 2302 tamen
3212 2246 3485 2303 humana
3535 2254 3755 2304 natura
3809 2263 3936 2306 non

2270 2340 2656 2406 admittebat,
2708 2343 2789 2400 ita
2830 2343 3017 2400 etiam
3067 2344 3127 2400 in
3160 2358 3382 2402 somno
3439 2345 3746 2403 vincendo
3779 2346 3937 2418 quid

2271 2444 2476 2510 posset
2523 2439 2797 2511 experiri
2840 2441 3072 2507 statuit,
3132 2441 3400 2513 totisque
3445 2443 3656 2513 viginti
3701 2442 3934 2501 diebus

2268 2536 2384 2593 sub
2431 2538 2607 2594 coelo
2641 2538 2866 2610 degens
2910 2537 3064 2596 nihil
3105 2540 3362 2597 omnino
3409 2539 3707 2598 dormivit
3757 2557 3770 2609 ;
3821 2542 3936 2599 sed

2269 2640 2656 2706 postremum
2702 2641 2958 2694 naturae
3005 2651 3148 2694 eum
3199 2637 3423 2695 cedere
3472 2653 3719 2696 necesse
3789 2639 3930 2696 fuit.

2270 2731 2521 2789 Noctem
2593 2747 2740 2790 vero
2827 2735 3192 2807 saepissime
3265 2735 3661 2808 pervigilasse
3745 2738 3934 2794 multi

2267 2843 2445 2886 senes
2497 2829 2800 2888 feruntur.
2868 2832 2948 2888 Ex
3018 2833 3249 2903 quibus
3319 2832 3681 2900 Dorotheus,
3758 2835 3931 2905 apud

2266 2941 2453 2999 quem
2554 2928 2863 2986 Palladius
2962 2929 3285 2988 Lausiacae
3369 2931 3640 3002 scriptor
3729 2946 3934 3003 pr0pe

2268 3025 2704 3084 Alexandriam
2787 3027 2963 3092 vixit,
3046 3043 3078 3083 a
3166 3029 3483 3086 iuventute
3570 3043 3768 3101 usque
3855 3030 3934 3086 ad

2265 3130 2645 3181 senectutem
2729 3139 3047 3196 nunquam
3119 3133 3339 3196 sponte
3418 3126 3740 3193 dormivit,
3817 3127 3932 3185 sed

2267 3235 2388 3278 non
2444 3222 2557 3279 nisi
2619 3223 2780 3280 inter
2845 3224 3231 3295 operandum
3293 3224 3385 3281 vel
3463 3225 3936 3282 comedendum

2264 3320 2480 3376 oculos
2531 3335 2751 3378 somno
2810 3336 3029 3393 parum
3089 3322 3457 3380 connivebat
3513 3321 3661 3398 (13).
3731 3324 3934 3381 Porro

2267 3417 2562 3475 Arsenius
2615 3434 2800 3476 unam
2851 3419 3052 3476 somni
3107 3420 3327 3477 horam
3372 3426 3626 3478 strenuo
3683 3421 3937 3478 exerci-

2266 3516 2448 3573 tatori
2527 3516 2811 3574 sut‘ticerc
2895 3518 3237 3590 perhibuit,
3315 3523 3499 3590 atque
3583 3519 3714 3590 ipse
3802 3525 3932 3576 tota

2265 3618 2444 3672 nocte
2506 3613 2865 3685 pervigilata
2933 3629 3115 3672 mane
3185 3629 3406 3686 parum
3481 3617 3702 3674 sedens
3772 3617 3930 3674 dor—

2265 3710 2441 3768 mivit
2495 3709 2647 3782 (lli).
2711 3711 2763 3767 S.
2848 3712 3148 3769 Antonius
3199 3712 3471 3784 denique
3527 3717 3719 3771 totam
3775 3728 3928 3786 per-

2264 3823 2450 3880 saepe
2492 3814 2734 3866 noctem
2768 3809 3118 3867 insomnem
3151 3811 3328 3868 duxit
3358 3808 3508 3885 (15).
3551 3812 3926 3884 Quanquam

2263 3921 2475 3964 senem
2573 3905 2846 3978 aliquem
2935 3921 3156 3964 somno
3242 3907 3352 3973 sic,
3437 3915 3502 3966 ut
3584 3909 3926 3967 Macarium

2267 4003 2778 4072 Alexandrinum,
2834 4004 3212 4061 abstinuisse
3268 4020 3390 4063 non
3444 4006 3676 4064 inveni.

2343 4102 2620 4159 Tertium
2673 4101 2946 4174 denique
3001 4117 3286 4160 summae
3345 4103 3592 4162 Macarii
3646 4104 3925 4164 Alexan-

574 4389 657 4458 (1)
702 4389 838 4444 Hist.
902 4388 1076 4444 Laus.
1133 4390 1225 4446 ed.
1261 4393 1471 4448 Meurs.
1516 4391 1552 4445 l.
1605 4396 1642 4446 l.
1699 4393 1893 4448 Versio
1926 4395 2151 4450 Herveti
2190 4447 2232 4465 η
2265 4395 2627 4462 Regularum
2661 4394 2753 4449 ed.
2790 4399 2939 4464 Aug.
2983 4393 3262 4450 Vindelic.
3315 4395 3448 4449 l759
3491 4396 3549 4449 Τ.
3592 4395 3609 4446 Ι
3645 4410 3701 4465 p.
3737 4394 3830 4458 31,
3876 4402 3923 4450 1.

499 4476 536 4532 l.
572 4479 614 4532 Ι.
659 4478 914 4532 Paradis.
949 4478 984 4532 Ι.
1019 4479 1055 4534 Ι.

574 4566 654 4637 (2)
684 4567 915 4622 Boeckh
947 4569 1248 4640 Metrolog.
1279 4571 1812 4641 Untersuchungen
1839 4570 1984 4626 Berl.
2015 4571 2148 4629 1838

503 4671 562 4728 p.
604 4658 703 4713 160
734 4674 866 4730 sqq.

576 4747 654 4816 (3)
685 4747 835 4801 Ibid.
865 4763 922 4819 p.
946 4753 1004 4802 l7
1027 4765 1158 4820 sqq.
1185 4748 1273 4804 Cf.
1294 4750 1492 4820 Steph.
1518 4749 1692 4806 Thes.
1718 4767 1763 4804 s.
1782 4764 1878 4803 vv.
1904 4752 2107 4808 Ξέστη
2126 4771 2147 4812 ς

508 4838 566 4890 et
595 4836 870 4907 Οὐγκία,

573 4925 651 4995 (4)
696 4926 982 4993 Evagrius
1015 4927 1468 4999 quatuordecim
1510 4929 1682 4982 annis
1718 4929 1932 4984 libram
1972 4930 2149 4999 panis

501 5014 769 5086 quotidie
795 5031 864 5069 ac
879 5016 1062 5071 tribus
1079 5017 1372 5073 mensibus
1389 5019 1712 5073 sextarium
1737 5018 1850 5073 olei
1867 5035 2146 5074 consum-

500 5103 634 5176 psit.
669 5104 813 5158 Hist.
848 5103 1019 5159 Laus.
1064 5106 1158 5160 ed.
1210 5109 1419 5162 Meurs.
1453 5123 1586 5178 cap.
1622 5109 1693 5165 88
1746 5109 1894 5178 Opp.
1940 5110 2143 5162 Meurs.

503 5193 540 5248 Ι.
573 5196 609 5248 l.
640 5209 698 5264 p.
720 5194 843 5251 353.
872 5193 1195 5250 Dorotbeus
1223 5212 1403 5251 senex
1426 5196 1695 5268 quotidie
1715 5212 1820 5253 sex
1836 5197 2147 5253 unciarum

501 5297 724 5354 panem
766 5283 1024 5338 comedit
1069 5300 1138 5340 ac
1183 5285 1489 5341 modicum
1541 5300 1734 5355 aquae
1785 5286 1950 5340 bibit.
1997 5285 2144 5340 Ibid.

502 5386 633 5443 cap.
685 5371 716 5424 2
757 5389 815 5443 p.
863 5376 981 5428 349.
1038 5373 1240 5428 Abbas
1289 5372 1464 5438 Elias,
1522 5389 1698 5428 senex
1744 5390 1930 5446 quum
1965 5381 2144 5440 esset,

499 5463 680 5516 trium
703 5461 1018 5518 unciarum
1047 5478 1265 5533 panem
1279 5468 1333 5517 et
1357 5468 1471 5517 tres
1487 5462 1648 5518 oleas
1667 5463 1930 5534 quotidie
1954 5480 2148 5519 come-

497 5549 600 5604 dit.
637 5549 784 5603 Ibid.
819 5566 876 5621 p.
911 5551 1032 5606 493.

571 5637 650 5711 (5)
689 5639 912 5708 Regula
949 5640 1004 5696 8.
1056 5638 1358 5696 Pachomii
1401 5656 1533 5713 cap.
1579 5641 1734 5706 XCII,
1770 5640 1951 5698 Holst.
2004 5641 2146 5697 Cod.

2337 4486 2417 4551 (6)
2460 4485 2582 4538 Vita
2632 4485 2686 4539 S.
2723 4484 2957 4537 Antonii
2989 4499 3122 4554 cap.
3156 4489 3209 4550 7,
3259 4484 3313 4539 S.
3347 4484 3562 4538 Athan.
3599 4484 3752 4555 Opp.
3787 4485 3850 4538 T.
3910 4485 3929 4539 Ι

2265 4575 2328 4629 Ρ.
2353 4575 2396 4628 ll
2422 4589 2480 4644 p.
2525 4573 2650 4628 638.

2337 4663 2411 4734 (7)
2459 4663 2596 4717 Hist.
2632 4663 2803 4717 Laus.
2836 4661 2929 4716 ed.
2987 4664 3192 4718 Meurs.
3239 4677 3374 4733 cap.
3427 4664 3489 4716 14
3519 4662 3667 4733 Opp.
3708 4664 3931 4718 Meurs.

2264 4751 2304 4805 Ι.
2349 4756 2388 4807 l.
2427 4768 2485 4821 p.
2514 4751 2640 4806 377.

2334 4841 2412 4912 (8)
2454 4840 2601 4895 Ibid.
2631 4856 2763 4909 cap.
2797 4840 2864 4895 23
2898 4838 3102 4910 p.416.

2337 4930 2418 4999 (9)
2460 4929 2607 4984 Ibid.
2639 4945 2771 5001 cap.
2808 4933 2872 4984 53
2907 4944 2965 4999 p.
3001 4927 3125 4982 496.

2337 5019 2447 5088 (10)
2474 5017 2627 5074 lbid.
2669 5033 2801 5088 cap.
2848 5020 2915 5073 84
2940 5033 2997 5087 p.
3034 5018 3156 5072 542.

2338 5109 2451 5178 (11)
2495 5106 2638 5162 Ibid.
2679 5123 2813 5179 cap.
2842 5107 2908 5161 88
2936 5125 2994 5176 p.
3026 5107 3152 5162 553.

2336 5197 2447 5267 (12)
2493 5197 2640 5251 lbid.
2675 5211 2805 5266 cap.
2847 5199 2937 5251 ll3
2973 5212 3028 5266 p.
3073 5195 3198 5250 584.

2259 5356 2262 5360 η
2337 5286 2449 5357 (13)
2492 5284 2641 5340 lbid.
2671 5300 2802 5355 cap.
2831 5288 2862 5338 2
2894 5300 2952 5354 p.
2991 5285 3117 5340 352.

2261 5445 2264 5449 _
2335 5376 2449 5446 (14)
2491 5376 2601 5427 VV.
2634 5377 2733 5429 PP.
2768 5376 2957 5429 Rosw.
2993 5373 3095 5429 lib.
3131 5373 3373 5427 Vlibell.
3404 5375 3458 5436 4,
3491 5371 3542 5424 2.
3579 5375 3631 5428 3.

2335 5464 2448 5534 (l5)
2481 5462 2606 5516 Vita
2638 5465 2694 5517 S.
2735 5463 2974 5518 Antonii
3006 5477 3140 5533 cap.
3183 5468 3236 5526 7,
3270 5463 3325 5517 S.
3358 5460 3574 5516 Athan.
3611 5461 3768 5532 Opp.
3803 5461 3869 5516 T.
3908 5463 3928 5517 Ι

2265 5555 2323 5607 Ρ.
2354 5552 2398 5605 ΙΙ
2432 5566 2491 5622 ρ.
2524 5551 2648 5606 638.
