4094 6208
181 269 231 326 89

159 396 288 458 drini
319 393 766 454 exercitationis
798 398 1234 465 argumentum
1273 392 1392 451 hoc
1435 395 1549 461 est,
1577 387 1746 463 quod
1776 385 1822 438 A

155 500 363 571 propter
403 492 602 552 solam
641 490 939 550 ultionem
984 492 1204 550 culicis
1259 489 1590 563 pungentis
1642 502 1748 546 sex

153 606 350 650 menses
412 590 613 648 nudus
675 588 738 646 in
793 588 1020 662 palude
1075 589 1270 648 Scetis
1335 588 1513 646 sedit.
1576 585 1749 646 Unde

150 703 306 763 quum
355 691 705 754 reverteret,
738 701 774 743 a
819 686 1135 745 culicibus
1172 689 1304 745 toto
1352 698 1620 756 corpore
1665 681 1748 741 ita

153 787 452 843 vulneratus
496 783 634 846 fuit,
691 787 760 841 ut
799 797 873 841 ex
922 783 1053 841 sola
1091 797 1244 840 voce
1283 785 1744 855 agnosceretur,

155 891 200 941 et
257 879 622 955 elephantiasi
680 879 971 939 laborare
1038 880 1382 938 videretur.
1447 879 1528 936 Ita
1599 890 1749 934 vero

162 980 313 1037 etiam
369 978 665 1051 Evagrius,
736 979 845 1051 qui
926 993 960 1035 a
1026 977 1250 1051 spiritu
1324 974 1749 1050 blasphemiae

163 1074 256 1147 93
321 1075 607 1150 quondam
685 1082 940 1134 vexatus
1030 1075 1255 1134 diebus
1342 1073 1750 1148 quadraginta

161 1180 339 1232 tectum
411 1187 527 1232 non
621 1173 938 1246 ingressus
1031 1178 1188 1243 erat,
1269 1179 1398 1232 toto
1481 1183 1750 1244 corpore

157 1269 336 1330 muscis
382 1270 672 1329 scatuisse
733 1271 1003 1329 traditur
1062 1266 1172 1347 (l).
1231 1269 1531 1342 Idemque
1602 1269 1750 1325 Eva-

151 1369 302 1443 grius,
392 1383 423 1426 a
511 1369 822 1428 daemone
908 1369 1339 1428 fornicationis
1429 1366 1750 1440 quondam

152 1472 372 1531 vexatus,
412 1465 636 1524 hiemis
691 1471 982 1538 tempore
1026 1471 1151 1524 tota
1202 1471 1381 1523 nocte
1440 1463 1500 1521 in
1561 1468 1750 1536 puteo

150 1565 280 1621 stetit
338 1559 437 1639 (2).
498 1563 616 1622 Sed
693 1578 1089 1636 nequaquam
1157 1563 1467 1622 Palladius
1519 1561 1603 1619 ita
1662 1560 1749 1618 in-

151 1660 462 1733 telligendus
497 1667 611 1728 est,
649 1666 719 1718 ut
751 1661 998 1726 dixerit,
1031 1662 1370 1720 Macarium
1414 1674 1518 1717 sex
1573 1672 1753 1716 men-

153 1758 287 1815 sibus
329 1758 387 1815 in
434 1758 682 1831 paludis
727 1773 888 1832 aqua
931 1759 1206 1817 sedisse:
1243 1759 1375 1826 sed,
1423 1763 1486 1816 ut
1533 1759 1754 1830 sponte
1788 1734 1829 1788 Β

152 1856 328 1926 elucet,
377 1856 535 1928 apud
597 1856 861 1928 paludes
925 1855 1020 1912 vel
1085 1856 1150 1914 in
1199 1857 1337 1929 ripa
1397 1854 1746 1929 paludium.

151 1953 274 2021 Quas
320 1954 589 2026 regiones
642 1954 959 2012 culicibus
1005 1954 1270 2027 aliisque
1322 1953 1573 2011 insectis
1645 1952 1754 2010 ho-

152 2050 361 2109 diedum
424 2052 750 2111 abundare
826 2052 1105 2110 Minutoli
1171 2052 1404 2110 indicat
1476 2048 1583 2128 (3).
1665 2049 1756 2106 Li-

153 2149 353 2207 brarius
417 2155 648 2220 autem,
707 2150 814 2222 qui
886 2150 1223 2208 Macarium
1289 2150 1353 2208 in
1422 2147 1757 2222 paludibus

155 2255 364 2320 propter
439 2249 742 2322 spiritum
828 2248 1259 2307 fornicationis
1341 2247 1574 2307 sedisse
1647 2244 1756 2302 tin-

151 2344 215 2401 xit
251 2341 347 2421 (It),
381 2346 730 2405 Palladium
765 2345 920 2404 falso
969 2347 1090 2404 isto
1141 2346 1330 2405 modo
1376 2345 1757 2404 intellexisse

153 2443 365 2503 videtur.
405 2445 706 2518 Idemque
747 2445 1051 2504 Macarius
1103 2445 1564 2504 Alexandrinus
1606 2443 1760 2500 alias

151 2541 213 2598 ob
247 2543 409 2600 aliam
450 2558 708 2602 causam
749 2544 812 2602 in
861 2541 1056 2602 Scetis
1105 2543 1364 2616 paludes
1405 2547 1755 2617 secessisse,

153 2639 281 2697 unde
317 2640 614 2700 culicibus
650 2641 1040 2714 perforatum
1084 2641 1385 2699 Macarius
1426 2642 1762 2715 Aegyptius

154 2736 210 2792 ad
252 2734 452 2797 fratres
512 2739 863 2809 reduxerit,
923 2739 987 2796 in
1053 2739 1610 2812 Apophthegmatis
1671 2739 1761 2818 (5)

159 2834 362 2907 legitur.

215 2931 311 2990 Sed
372 2934 492 2992 iam
583 2935 668 2994 de
765 2934 874 2994 illo
955 2934 1330 3007 cepotaphio
1392 2935 1615 2995 Jannes
1707 2943 1766 2997 et

157 3028 407 3090 Mambres
470 3047 828 3107 magorum,
888 3033 1058 3106 quod
1125 3048 1160 3090 a
1236 3048 1301 3090 se
1371 3034 1573 3092 visum
1631 3049 1766 3094 esse

159 3125 404 3186 Macarius
437 3130 571 3204 ipse
612 3130 891 3190 Palladio
949 3129 1184 3198 retulit,
1235 3130 1646 3204 disputemus.
1682 3133 1767 3192 Eo

160 3225 286 3282 enim
311 3231 550 3287 nomine
609 3244 644 3286 a
686 3229 936 3287 Iudaeis
989 3226 1152 3302 magi
1211 3229 1598 3298 dicebantur,
1633 3231 1765 3304 qui-

159 3320 369 3384 buscum
408 3329 604 3386 Moses
644 3333 710 3386 et
749 3328 950 3386 Aaron
1003 3340 1219 3386 coram
1267 3327 1584 3387 Pharaone
1624 3343 1767 3402 pro-

160 3418 302 3491 digiis
371 3430 833 3484 concertarunt.
919 3424 1004 3483 Ex
1074 3439 1198 3498 qua
1274 3425 1632 3498 traditione,
1700 3432 1768 3485 ut

161 3523 286 3575 recte
351 3521 521 3581 docet
609 3523 1065 3592 Theodoretus,
1156 3522 1378 3581 Paulus
1446 3523 1767 3595 apostolus

160 3617 366 3676 nomina
401 3620 503 3678 illa
547 3620 612 3679 in
667 3619 934 3694 epistola
979 3621 1053 3678 ad
1087 3619 1485 3679 Timotheum
1520 3621 1766 3679 desum-

161 3711 270 3782 psit,
341 3729 550 3775 omnes
612 3718 970 3790 increpans,
1040 3717 1172 3790 qui,
1233 3719 1766 3791 quemadmodum

158 3807 334 3869 Jannes
380 3820 436 3872 et
491 3816 809 3874 Mambres
870 3813 1022 3874 Mosi
1091 3815 1454 3886 restiterint,
1506 3816 1591 3874 ita
1647 3816 1766 3888 ipsi

223 4039 284 4108 (1)
320 4043 447 4098 Hist.
468 4043 648 4100 Laus.
680 4043 772 4100 ed.
806 4046 1020 4100 Meurs.
1060 4059 1192 4116 cap.
1243 4043 1314 4099 88
1362 4043 1520 4116 Opp.
1555 4044 1768 4101 Meurs.

165 4122 195 4179 l.
220 4124 254 4180 l.
288 4145 338 4202 p.
368 4136 487 4189 553.

217 4218 276 4289 (2)
310 4220 439 4279 Ibid.
465 4223 502 4278 Ι.
530 4224 570 4278 Ι.

219 4305 280 4376 (3)
312 4310 465 4367 Reise
506 4327 647 4367 zum
697 4310 939 4382 Tempel
987 4309 1092 4366 des
1133 4311 1363 4382 Jupiter
1410 4316 1672 4366 Ammon
1711 4311 1772 4366 in

167 4390 248 4448 der
271 4395 564 4470 libyschen
583 4403 785 4456 Wﬁste
810 4398 1042 4457 u.nach
1071 4400 1526 4472 Oberaegypteu
1557 4415 1616 4472 p.
1644 4403 1772 4456 205.

218 4483 283 4556 (4)
311 4487 387 4544 Cf.
420 4506 606 4562 supra
637 4505 697 4562 p.
723 4490 814 4545 89.

220 4573 283 4644 (5)
333 4577 383 4632 S.
444 4595 498 4635 v.
544 4579 853 4635 Macarius
889 4579 1224 4650 Aegyptius
1276 4576 1304 4650 ς
1360 4578 1465 4634 XXI
1519 4577 1766 4635 Coteler.

171 4659 288 4716 Eccl.
313 4663 503 4724 Graec.
535 4668 693 4725 Mou.
725 4668 786 4724 T.
819 4668 840 4722 ι
868 4683 928 4740 p.
985 4669 1092 4725 537
1125 4682 1261 4740 sqq.
1328 4666 1412 4723 Cf.
1463 4667 1616 4723 infra
1669 4666 1773 4724 Ca-

170 4754 252 4816 put
275 4752 380 4812 VII.

222 4836 355 4907 (6)11
389 4845 640 4902 Timoth.
685 4849 739 4912 3,
781 4848 831 4902 8.
863 4843 956 4900 Ad
1007 4861 1191 4917 quem
1246 4843 1512 4916 Apostoli
1568 4844 1770 4900 locum

169 4924 517 4989 Theodorelus
533 4935 681 4990 haec
703 4934 966 5006 scripsit:
995 4936 1081 4986 Τὰ
1114 4937 1338 5005 μέντοι
1367 4935 1612 4985 τούτων
1645 4933 1771 4985 al.6-

171 5032 306 5082 ματα
350 5021 454 5074 οὐκ
501 5021 566 5075 ἔκ
621 5031 738 5086 τῆς
795 5025 973 5083 θείας
1023 5029 1260 5097 γραφῆς
1324 5023 1700 5096 μεμάθηκεν
1745 5023 1771 5074 ὁ

173 5101 305 5168 θείσς
339 5107 718 5177 ἀπόστολος,
767 5110 890 5164 ἀλλ’
923 5130 978 5164 εκ
1006 5119 1078 5171 τῆ
1104 5130 1125 5172 ς
1163 5110 1457 5184 ἀγράφου
1489 5119 1610 5163 τῶν
1639 5112 1772 5165 Ἰου-

175 5187 338 5248 δαίων
382 5196 860 5262 διδασκαλίας.
912 5201 1016 5258 Ed.
1056 5200 1341 5257 Noesselt.
1377 5199 1553 5257 Halae
1612 5201 1768 5266 1771,

176 5280 233 5345 εδ,
258 5286 308 5340 Τ.
331 5286 396 5343 III
429 5306 485 5361 p.
521 5293 644 5345 689.

226 5371 287 5442 (7)
315 5379 369 5431 lu
399 5379 593 5435 Matth.
625 5379 855 5436 Comm.
905 5379 1098 5436 Series
1141 5379 1322 5451 §Il7.
1369 5379 1528 5448 Orig.
1603 5379 1762 5450 Opp.

175 5457 332 5519 ed.de
355 5464 410 5522 la
450 5469 571 5524 Rue
606 5471 791 5525 Paris.
831 5471 962 5523 1740
988 5469 1049 5524 Τ.
1083 5468 1153 5523 III
1183 5484 1248 5540 p.
1298 5468 1425 5536 916,
1451 5467 1514 5527 2.

230 5549 292 5620 (8)
311 5555 486 5613 Tract.
517 5556 873 5614 Menachoth
894 5573 1032 5631 cap.
1066 5557 1154 5612 IX.

228 5636 290 5710 (9)
314 5641 508 5718 Praep.
552 5662 764 5721 evang.
792 5646 883 5713 IX,
915 5649 969 5717 8,
1024 5648 1116 5704 ed.
1163 5645 1484 5704 Heinichen
1543 5645 1771 5720 Lipsiae

1713 257 1943 316 VITAE.

3456 273 3528 327 90

1863 389 2111 448 veritati
2166 390 2452 450 resistant
2500 389 2612 470 (6).
2671 394 2838 464 Quae
2895 395 3162 468 apostoli
3225 399 3414 458 verba
3448 399 3526 459 ad

1863 486 2097 546 librum
2143 490 2580 562 apocryphum
2639 510 2660 544 ι
2713 492 2962 552 Jamnes
3006 500 3066 551 et
3121 495 3433 556 Mambres
3491 516 3522 552 υ

1860 585 2233 658 inscriptum
2307 588 2642 659 respicere,
2709 589 2988 662 Origines
3047 593 3372 664 perhibuit
3407 593 3520 674 (7).

1859 682 2030 742 Unde
2094 691 2280 757 patet,
2339 685 2760 753 traditionem,
2819 703 2942 760 qua
2998 691 3222 749 Jannes
3275 697 3336 749 et
3405 688 3525 762 94

1861 782 2166 840 Mambres
2223 783 2384 856 magi
2457 784 2604 842 Mosi
2665 787 3060 847 adversantes
3115 792 3524 865 vocabantur,

1859 879 2010 936 satis
2063 881 2382 953 antiquam
2441 881 2654 940 fuisse.
2712 884 2910 957 Atque
2972 887 3194 946 eodem
3266 891 3522 950 nomine

1861 978 2022 1049 magi
2075 977 2178 1036 isti
2218 993 2253 1036 a
2309 979 2696 1053 Targumista
2747 982 3076 1057 Jonathan,
3111 1000 3224 1044 nec
3282 1003 3404 1046 non
3459 989 3525 1046 in

1861 1074 2121 1136 Talmud
2168 1077 2546 1152 Babylonico
2576 1075 2666 1156 (8)
2707 1081 3125 1152 appellantur.
3158 1083 3277 1142 Nec
3319 1085 3524 1144 solum

1861 1173 2024 1244 apud
2087 1173 2381 1245 Judaeos,
2456 1177 2563 1234 sed
2628 1178 2817 1235 etiam
2877 1179 3046 1251 apud
3112 1180 3403 1255 Graecos,
3463 1190 3524 1241 et

1861 1270 2027 1341 apud
2083 1271 2390 1330 Romanos
2434 1273 2660 1332 Jannes
2702 1282 2762 1333 et
2814 1275 3121 1336 Mambres
3162 1278 3346 1339 laude
3393 1295 3524 1338 ma-

1861 1366 2033 1439 gicae
2069 1369 2220 1426 artis
2253 1369 2619 1430 ﬂoruerunt.
2655 1373 2804 1431 Nam
2841 1373 3067 1433 Jannes
3108 1381 3169 1433 et
3216 1377 3522 1436 Mambres

1863 1479 2076 1536 magos
2160 1466 2399 1526 artibus
2483 1469 2742 1542 maigcis
2816 1472 3206 1541 excelluisse,
3294 1482 3356 1533 et
3438 1478 3520 1536 ab

1865 1562 2312 1635 Aegyptiorum
2358 1566 2593 1637 populo
2647 1566 2893 1625 Musaeo
2949 1568 3156 1645 (Mosi)
3195 1572 3520 1644 oppositos

1863 1673 2014 1721 esse,
2077 1660 2419 1721 Numenius
2485 1664 2941 1737 Pythagoraeus
2999 1667 3058 1724 in
3150 1667 3520 1744 fragmento,

1864 1757 2030 1829 quod
2099 1761 2193 1815 est
2265 1761 2432 1832 apud
2490 1759 2827 1820 Eusebium
2921 1762 3032 1838 (9),
3091 1767 3365 1840 scripsit.
3446 1772 3529 1827 Ac

1867 1853 2102 1912 Plinius
2135 1851 2266 1930 (10)
2305 1881 2314 1913 ;
2362 1877 2390 1907 ‹‹
2438 1857 2558 1928 Est,
2601 1879 2622 1909 ι
2663 1859 2887 1932 inquit,
2925 1880 2954 1912 «
2995 1865 3055 1918 et
3093 1862 3218 1920 alia
3267 1864 3528 1936 Magices

1865 1950 2052 2009 factio
2093 1967 2129 2010 a
2170 1955 2332 2011 Mose
2369 1959 2430 2012 et
2465 1956 2682 2014 Jamne
2714 1962 2775 2014 et
2811 1957 3028 2030 Jotape
3074 1958 3324 2019 Judaeis
3369 1976 3529 2032 pen-

1866 2049 2039 2107 dens.
2095 2071 2115 2101 ι
2170 2051 2668 2126 Abulpharagius
2716 2055 2780 2113 in
2845 2057 3087 2129 Dynast.
3145 2057 3185 2114 I.
3247 2061 3528 2119 Artemo-

1867 2147 2043 2205 nium
2113 2149 2427 2220 quendam
2510 2152 2740 2220 laudat,
2821 2153 2928 2226 qui
3015 2153 3226 2214 Mosen
3308 2157 3525 2216 decem

1867 2259 2061 2303 annos
2089 2251 2300 2304 natum
2345 2263 2378 2306 a
2420 2249 2548 2308 ﬁlia
2592 2249 2934 2310 Pharaonis
2972 2252 3193 2311 Jannes
3232 2259 3294 2312 et
3333 2255 3524 2314 Mam-

1869 2344 2014 2400 bres
2068 2343 2456 2416 sapientibus
2504 2345 2954 2407 instituendum
3008 2351 3303 2410 traditum
3352 2367 3529 2412 essue

1867 2439 2156 2497 docuerit
2218 2439 2371 2518 (11).
2433 2445 2633 2517 Atque
2690 2444 2753 2502 in
2812 2455 3020 2505 vetere
3083 2448 3390 2507 Midrasch
3451 2450 3526 2509 ad

1869 2536 2062 2594 Exod.
2112 2537 2231 2606 XV,
2286 2542 2355 2600 10
2423 2563 2442 2594 ι
2495 2543 2762 2601 Joannes
2816 2549 2878 2602 et
2930 2545 3193 2604 Mamres
3241 2565 3271 2601 »
3319 2561 3531 2622 magos

1870 2634 2232 2695 submersos
2267 2651 2402 2698 esse
2442 2639 2504 2698 in
2539 2640 2698 2698 mari
2743 2642 2939 2700 rubro
2997 2650 3311 2715 narratur,
3368 2660 3532 2718 quo-

1871 2747 2017 2791 cum
2087 2741 2302 2793 catena
2378 2739 2630 2796 arabica
2701 2753 2818 2796 ms.
2902 2739 2964 2798 in
3053 2742 3534 2802 Pentateuchum

1872 2830 2183 2892 convenit.
2226 2832 2290 2891 in
2338 2849 2462 2907 qua
2515 2835 2668 2894 haec
2724 2836 3068 2896 habentur:
3116 2859 3146 2889 «
3204 2839 3366 2898 Haec
3418 2854 3536 2899 no-

1873 2926 2044 2984 mina
2077 2941 2426 3004 magorum,
2473 2932 2583 3005 qui
2639 2937 2940 2992 steterunt
2986 2940 3201 2994 contra
3273 2937 3526 2996 Mosen:

1879 3024 2195 3094 Deiannes,
2268 3029 2592 3087 Jambaras
2657 3036 2718 3088 et
2801 3029 3089 3088 Sarudas.
3155 3033 3312 3090 Deus
3383 3047 3532 3092 vero

1875 3135 1982 3180 eos
2049 3124 2323 3194 perdidit
2382 3126 2448 3184 in
2508 3126 2668 3184 mari
2754 3126 2947 3186 rubro
3033 3125 3182 3203 (12).
3244 3148 3268 3182 ι
3360 3129 3533 3188 Unde

1876 3218 2270 3281 Hammundo
2324 3219 2458 3299 (I3)
2520 3223 2722 3282 visum
2774 3228 2887 3296 est,
2938 3225 3105 3297 apud
3186 3225 3529 3284 Palladium

1875 3335 1994 3398 pro
2042 3320 2364 3389 κηποτάφιον
2422 3322 2752 3396 legendum
2816 3335 2952 3381 esse
3010 3320 3306 3392 κενοτάφιον
3365 3323 3410 3382 ἱ,
3473 3339 3530 3385 θ,

1873 3424 2284 3497 sepulchrum
2360 3434 2646 3479 vacuum.
2721 3420 2833 3479 Cui
2898 3421 3152 3480 Palladii
3231 3421 3526 3491 narratio,

1877 3519 2212 3580 daemones
2281 3519 2533 3588 dixisse,
2589 3519 2669 3576 ab
2743 3518 2897 3592 ipsis
2970 3533 3185 3594 magos
3258 3519 3350 3578 ibi
3433 3535 3533 3579 se-

1876 3619 2086 3693 pultos
2135 3631 2290 3685 esse,
2341 3622 2646 3690 repugnat
2701 3615 2844 3692 (14).
2907 3617 3326 3690 Sepulchrum
3380 3633 3532 3678 vero

1876 3717 1942 3775 in
2025 3718 2210 3777 horto
2279 3715 2616 3774 arboribus
2684 3715 2944 3782 consito,
3005 3717 3221 3788 quales
3305 3716 3530 3774 etiam-

1877 3812 1994 3884 95
2079 3829 2243 3874 nunc
2316 3812 2729 3886 pulcherrimi
2795 3813 2860 3869 in
2928 3812 3188 3872 Oasibus
3254 3813 3532 3885 plantan-

1881 4043 2039 4108 1842,
2068 4042 2152 4107 4ο,
2183 4042 2243 4097 Τ.
2285 4039 2333 4094 ll
2375 4056 2435 4110 p.
2470 4040 2558 4094 42.

1953 4131 2064 4202 (10)
2096 4132 2222 4186 Nat.
2257 4131 2398 4184 Hist.
2430 4129 2580 4193 XXX,
2615 4132 2669 4197 2,
2695 4128 2798 4184 ed".
2836 4127 2910 4183 de
2932 4127 3325 4199 Grandsagne
3343 4127 3528 4185 Paris.

1885 4221 2020 4276 1829
2048 4220 2109 4274 Τ.
2146 4218 2266 4273 VIII
2293 4235 2352 4289 p.
2384 4221 2511 4274 288.
2534 4217 2618 4274 Cf.
2653 4223 2828 4274 notas
2860 4218 2941 4273 ibi
2969 4217 3048 4273 ad
3080 4217 3117 4272 I.
3156 4218 3200 4276 I.
3240 4217 3528 4275 adiectas.

1953 4307 2069 4380 (tl)
2103 4306 2485 4364 Bar-Hebraei
2511 4307 2728 4364 Chron.
2774 4307 2930 4378 Dyu.
2969 4307 3064 4362 ed.
3110 4307 3321 4363 Kirsch
3370 4307 3528 4380 Lips.

1808 4431 1852 4486 ο
1886 4398 2031 4454 1788
2072 4415 2131 4469 ρ.
2165 4398 2260 4454 14.

1953 4486 2066 4559 (12)
2095 4488 2272 4543 Henr.
2313 4485 2671 4541 Hammond.
2704 4483 2784 4540 ad
2803 4485 2844 4539 ll
2871 4483 3125 4542 Timoth.
3155 4489 3209 4554 3,
3242 4485 3299 4541 8.

1953 4575 2070 4648 (13)
2097 4574 2248 4630 Ibid.

1953 4665 2064 4736 (14)
2092 4667 2396 4733 Magorum
2450 4662 2699 4718 nomina
2748 4662 2913 4734 apud
2969 4662 3163 4717 varios
3209 4661 3530 4733 scriptores

1878 4754 2041 4810 varie
2070 4752 2362 4824 leguntur.
2396 4751 2458 4806 In
2488 4752 2550 4806 N.
2583 4751 2642 4806 Τ.
2662 4750 2942 4820 leguntur
2982 4747 3018 4802 ’l
3039 4757 3188 4808 αννῆ
3211 4768 3233 4810 ς
3259 4754 3316 4806 et
3352 4748 3528 4822 ἰαμ-

1882 4841 2063 4916 βρῆς,
2098 4848 2277 4913 atque
2301 4842 2362 4895 in
2386 4838 2525 4895 solis
2555 4838 2798 4894 duobus
2845 4837 3024 4893 codd.
3066 4837 3280 4908 legitur
3333 4845 3532 4912 Μαμ-

1881 4929 2159 5006 βρῆς.Ιι]
2186 4928 2454 4998 Vulgata,
2501 4926 2821 4997 Evangelio
2880 4927 3189 4983 Nicodemi
3247 4933 3304 4983 et
3361 4928 3527 4999 apud

1881 5021 2083 5077 Patres
2112 5017 2367 5074 habetur
2422 5017 2594 5073 lectio
2642 5017 2940 5073 Mambres
3003 5022 3184 5089 atque
3225 5018 3528 5075 interdum

1879 5110 2142 5166 Jamnes.
2192 5107 2255 5162 In
2280 5106 2546 5162 Peschito
2570 5111 2862 5161 vocantur
2894 5106 3100 5162 :Jom’s
3132 5107 3528 5173 etJambaris,

1881 5199 1941 5255 in
1967 5195 2243 5264 'I‘almud,
2277 5195 2623 5264 Targumim
2655 5200 2712 5250 et
2737 5194 2906 5250 libris
2939 5195 3179 5250 rabbin.
3214 5212 3228 5251 :
3272 5195 3444 5253 Jam's
3476 5203 3532 5253 et

1877 5287 2161 5353 Jambris,
2218 5287 2484 5364 Jamnes,
2554 5283 2790 5348 Jannis,
2857 5285 3110 5350 Jannes,
3175 5285 3376 5350 Jonas,
3437 5287 3534 5340 Jo-

1880 5379 2097 5449 r-hane,
2129 5375 2374 5440 Jac/tne,
2401 5372 2672 5430 Jochana
2700 5381 2755 5431 et
2782 5374 3034 5438 Mamre,
3059 5373 3352 5440 Jambros,
3377 5373 3536 5431 J0m-

1884 5467 2032 5532 bros,
2064 5466 2360 5522 Jambres.
2390 5463 2472 5519 Cf.
2505 5462 2757 5520 Coteler.
2793 5465 2989 5519 Patres
3021 5462 3345 5535 Apostolic.
3380 5463 3534 5519 Con-

1882 5557 2064 5612 stitut.
2087 5556 2294 5627 Apost.
2330 5552 2475 5618 VIII,
2512 5557 2539 5607 1
2566 5552 2662 5608 ed.
2694 5557 2870 5609 Antv.
2931 5553 3070 5608 1700
3111 5552 3171 5606 Τ.
3230 5551 3251 5605 Ι
3301 5568 3361 5623 p.
3405 5555 3529 5609 388.

1885 5644 2036 5717 Allg.
2067 5645 2390 5717 Encyclop.
2421 5657 2485 5698 ν.
2513 5641 2718 5713 lErsch
2743 5657 2806 5699 u.
2867 5639 3098 5700 Gruber
3123 5658 3172 5697 s.
3204 5657 3257 5698 v.
3289 5641 3533 5700 Jannes.
