4094 6208
536 258 600 311 91
1392 247 1496 303 SS.
1539 244 2025 303 MACARIORUM
2076 240 2408 299 AEGYPTII
2448 243 2535 299 ET
2574 245 3062 304 ALEXANDRINI
3887 256 3966 311 92

534 390 637 444 tur
682 381 794 459 (1),
853 380 1123 455 positum
1175 390 1447 449 saxoque
1499 375 1826 449 quadrato,
1896 386 2022 446 quo
2067 372 2189 430 ho-
2221 371 2259 420 Α
2299 374 2468 430 ctum
2502 388 2647 431 cum
2702 374 3119 436 daemonibus
3177 377 3340 449 iniit,
3364 379 3472 437 sed
3534 378 3752 442 illa.ut
3805 382 3957 444 dae-

534 482 790 541 diedum
851 477 1148 550 Aegyptia
1212 481 1619 534 monumenta
1682 477 1994 531 exstructa
2044 485 2187 529 con-

533 580 884 651 spiciuntur
928 573 1039 651 (2),
1088 574 1479 633 aediﬁcatum
1540 571 1674 630 fuit.
1717 571 1838 629 Nec
1896 583 2018 627 non
2074 583 2186 640 pu-

408 738 415 745 ,
532 684 650 743 teo,
688 675 795 748 qui
852 674 981 732 fere
1036 673 1095 731 in
1144 673 1321 731 nullo
1377 671 1484 729 tali
1538 669 1792 741 Aegypti
1849 666 2184 739 sepulchro

530 774 922 833 desideratur
960 772 1018 846 (3
1016 769 1073 847 ),
1105 775 1398 829 ornatum
1434 769 1569 837 fuit,
1606 767 2003 837 multumque
2042 764 2180 822 auri

528 872 592 930 in
633 874 1045 930 monumento
1090 867 1440 941 depositum
1481 880 1615 925 esse
1655 866 1817 923 fama
1862 864 2022 923 tulit.
2062 864 2181 934 Ap-

526 968 974 1046 pr0pinquanti
1056 981 1209 1025 vero
1277 964 1542 1024 Macario
1604 961 1990 1034 septuaginta
2053 961 2181 1019 fere

525 1069 862 1127 daemones
943 1080 977 1124 e
1054 1068 1460 1122 monumento
1543 1059 1775 1133 egressi
1861 1057 2181 1130 variisque

526 1167 749 1224 formis
822 1163 1087 1237 praediti
1165 1164 1594 1225 occurrerunt,
1651 1156 1781 1215 alii.
1815 1157 2173 1221 clamantes,

524 1264 630 1322 alii
662 1263 1037 1329 exsilientes,
1072 1259 1178 1318 alii
1224 1273 1448 1330 magno
1483 1255 1730 1313 fremitu
1766 1254 1826 1312 in
1852 1268 1999 1312 eum
2020 1255 2173 1311 den-

521 1361 689 1421 tibus
735 1351 1115 1424 stridentes;
1150 1357 1340 1415 ceteri
1389 1360 1683 1427 tanquam
1728 1353 1900 1411 corvi
1954 1351 2172 1409 volan-

518 1466 609 1518 tes
660 1459 797 1518 eius
845 1457 1041 1516 vultui
1115 1454 1507 1513 insultarunt.
1580 1449 1902 1510 Consimili
1962 1454 2169 1506 autem

519 1558 709 1618 modo
784 1556 844 1615 S.
920 1554 1188 1613 Antonio
1251 1552 1311 1611 in
1378 1549 1714 1621 sepulchro
1780 1548 2164 1620 pernoctanti

516 1657 853 1715 daemones
923 1654 985 1711 in
1057 1653 1259 1710 forma
1325 1650 1600 1713 leonum,
1659 1660 1973 1712 ursorum,
2042 1646 2168 1704 leo-

514 1756 884 1827 pardorum,
968 1757 1317 1812 taurorum,
1401 1752 1790 1818 serpentum,
1874 1743 2163 1816 aspidum

510 1852 913 1923 scorpionum
952 1849 1137 1907 adtue
1176 1847 1472 1919 luporum
1526 1846 1956 1916 apparuerunt
2009 1840 2159 1897 den-

509 1950 800 2021 tibusque
835 1948 897 2005 in
936 1960 1080 2004 eum
1128 1945 1469 2003 striderunt
1496 1940 1608 2016 (1.).
1657 1941 2000 2011 Eidemque
2046 1937 2164 1995 An-

508 2048 682 2107 tonio
730 2047 794 2104 in
846 2043 1100 2103 castello
1173 2041 1449 2115 quodam
1500 2039 1746 2112 degenti
1826 2037 2163 2094 daemones

509 2145 857 2203 clamarunt
902 2162 914 2199 :
970 2164 997 2194 «
1037 2142 1083 2199 E
1137 2139 1364 2199 nostris
1401 2137 1624 2196 recede
1662 2135 1919 2195 sedibus
1954 2134 1965 2192 l
2001 2133 2158 2203 Quid

508 2242 621 2301 tibi
661 2255 805 2300 cum
851 2253 1065 2298 eremo
1101 2236 1131 2297 εἴ
1176 2239 1427 2296 Nostras
1477 2248 1795 2307 nunquam
1848 2232 2012 2289 feres
2056 2232 2158 2289 in-

505 2338 699 2398 sidias
740 2360 761 2390 ι
825 2335 933 2414 (5).
974 2337 1197 2395 [isdem
1238 2336 1366 2392 fere
1408 2333 1620 2390 verbis
1667 2332 2003 2389 daemones
2054 2329 2156 2387 isti

504 2437 839 2496 Macarium
885 2433 1372 2494 Alexandrinum
1425 2434 1825 2503 exceperunt.
1875 2428 2152 2497 Quorum

503 2536 760 2608 quidem
805 2548 932 2599 eos,
978 2531 1085 2605 qui
1127 2530 1437 2595 volabant,
1472 2542 1614 2586 cum
1655 2526 1882 2597 corvis,
1922 2526 2155 2598 quibus

499 2632 609 2690 illa
664 2647 916 2690 eremus
972 2628 1315 2689 hodiedum
1371 2625 1646 2685 abundat
1688 2622 1800 2700 (6),
1851 2623 2149 2682 Macarius

497 2735 840 2803 comparat.
910 2732 1111 2800 Atque
1195 2739 1527 2784 corvorum
1598 2721 1840 2795 species
1899 2721 2150 2780 daemo-

498 2831 683 2888 nibus
723 2828 888 2886 haud
945 2841 1089 2885 raro
1144 2822 1463 2884 tribuntur
1504 2823 1614 2897 (7).
1646 2820 1987 2893 Sepulchra
2032 2821 2149 2879 de-

495 2929 687 3001 nique
716 2929 1247 2997 monumentaque
1285 2920 1403 2991 96
1430 2922 1624 2980 eremi
1667 2935 1701 2977 a
1733 2920 2147 2979 daemonibus

2297 484 2515 529 mones
2562 473 2947 545 recederent,
3004 480 3224 548 sponte
3283 477 3597 549 promisit.
3662 479 3959 542 Diabolus

2296 568 2431 639 iste,
2471 570 2576 642 qui
2619 570 2884 630 Macario
2922 579 3403 633 monumentum
3445 576 3697 635 intranti
3739 579 3957 641 stricto

2292 667 2498 737 gladio
2552 668 2805 726 obviam
2864 670 3106 728 venisse
3161 671 3224 729 in
3276 673 3540 741 duabus,
3584 680 3653 732 ut
3706 679 3957 737 monui-

2292 779 2454 831 mus,
2496 765 2820 824 Lausiacae
2871 768 3264 827 versionibus
3304 770 3455 828 falso
3486 773 3773 841 traditur,
3808 776 3951 834 dae-

2291 876 2437 921 mon
2482 863 2777 937 princeps
2815 880 2951 924 esse
2982 866 3249 938 videtur,
3281 868 3393 941 qui
3434 872 3694 928 testante
3733 870 3791 930 8.
3833 873 3955 932 An-

2289 961 2486 1030 tonio,
2517 962 2742 1020 ceteris
2774 962 3189 1023 daemonibus
3219 967 3553 1039 superatis,
3610 968 3745 1042 ipse
3778 989 3811 1024 «
3837 972 3947 1029 ad-

2289 1060 2455 1118 venit
2533 1060 2828 1119 horribili
2886 1057 3111 1133 forma,
3146 1067 3213 1121 ut
3266 1069 3573 1124 terrorem
3658 1068 3945 1137 incutiat,

2287 1158 2607 1231 multaque
2659 1158 2914 1228 iactitat,
2969 1161 3078 1220 sed
3130 1163 3453 1236 mentitur,
3508 1180 3625 1225 nec
3678 1168 3947 1227 extime-

2284 1256 2549 1314 scendus
2573 1262 2685 1326 est,
2719 1258 2869 1330 quia
2898 1272 3012 1331 per
3041 1260 3266 1319 Christi
3304 1262 3565 1334 gratiam
3607 1279 3760 1322 vana
3798 1272 3948 1326 sunt

2282 1353 2572 1412 omnium
2601 1356 2980 1414 daemonum
3014 1358 3343 1417 molimina
3376 1380 3405 1415 »
3438 1359 3587 1436 (l1).
3620 1363 3735 1423 Res
3758 1380 3937 1433 vero,

2280 1466 2436 1523 quas
2492 1453 2793 1512 Macarius
2854 1463 3333 1514 monumentum
3378 1458 3722 1532 ingresssus
3768 1463 3939 1522 inve.

2280 1549 2393 1619 nit,
2451 1549 2677 1608 cadum
2734 1566 2999 1611 aeneum
3051 1560 3267 1614 catena
3335 1556 3539 1615 ferrea
3600 1573 3676 1617 ex
3746 1567 3940 1632 puteo

2278 1649 2672 1720 pendentem,
2707 1651 2994 1723 malaque
3037 1651 3411 1712 intrinsecus
3450 1670 3674 1725 vacua,
3718 1672 3754 1716 a
3802 1659 3936 1717 Pal-

2280 1745 2449 1811 ladio
2480 1744 2601 1816 ῥόαι
2638 1754 2874 1817 vocata,
2909 1748 3154 1822 aliaque
3192 1751 3501 1812 eiusmodi
3552 1754 3615 1813 in
3669 1754 3935 1832 Aegypti

2273 1844 2625 1916 sepulchris
2692 1845 3032 1905 hodiedum
3090 1848 3385 1921 inveniri,
3434 1865 3558 1909 non
3612 1858 3702 1910 est
3757 1857 3930 1927 quod

2274 1942 2561 2014 pluribus
2589 1943 2817 2001 dicam.
2855 1947 2939 2002 Ac
2962 1945 3130 2003 fraus
3160 1946 3265 2004 illa
3295 1948 3555 2021 diaboli,
3591 1951 3699 2024 qui
3737 1968 3931 2012 arun-

2273 2040 2449 2097 dines
2502 2040 2660 2113 signi
2717 2056 2902 2100 causa
2965 2042 3027 2101 in
3102 2044 3200 2101 via
3272 2046 3506 2118 positas
3564 2049 3927 2125 collegerat,

2271 2139 2569 2212 virgoque
2635 2139 2865 2198 munda
2942 2145 3105 2200 veste
3172 2143 3411 2212 induta,
3470 2160 3631 2218 quae
3700 2164 3927 2209 urnam

2270 2251 2430 2309 aqua
2491 2236 2825 2295 stillantem
2876 2238 2942 2296 in
2999 2240 3495 2314 capitegestans
3537 2245 3769 2304 fessum
3830 2264 3928 2306 se-

2268 2349 2410 2391 nem
2460 2339 2585 2393 tres
2635 2333 2768 2393 dies
2829 2339 3229 2409 provocabat,
3273 2355 3421 2413 grex
3480 2342 3751 2416 denique
3807 2347 3924 2405 bu-

2266 2432 2579 2500 balorum,
2613 2433 2722 2506 qui
2760 2434 2860 2492 siti
2901 2449 3276 2511 oppressum
3311 2440 3589 2508 nutrivit,
3623 2442 3920 2503 virtutem

2261 2536 2322 2588 et
2372 2532 2781 2589 constantiam
2830 2533 3079 2591 Macarii
3141 2536 3512 2611 divinaeque
3565 2541 3803 2612 gratiae
3856 2546 3916 2602 ei

2261 2628 2616 2701 impertitae
2690 2630 3184 2703 magnitudinem
3257 2636 3608 2696 ostendunt.
3693 2639 3912 2700 Bubali

2258 2733 2467 2785 autem
2512 2727 2753 2785 circum
2799 2727 3031 2788 Nitriae
3079 2732 3340 2803 paludes
3386 2734 3732 2795 hodiedum
3775 2754 3911 2797 cre-

2258 2825 2520 2883 berrimi
2561 2832 2704 2883 sunt
2738 2823 2894 2902 (12).
2928 2826 3218 2888 Narratio
3259 2845 3407 2889 vero
3452 2831 3598 2891 libri
3647 2837 3912 2896 secundi

2254 2924 2333 2981 de
2373 2923 2597 2981 eodem
2654 2931 3061 2984 monumento
3114 2942 3150 2984 a
3208 2929 3472 2988 Macario
3523 2932 3658 2992 viso
3714 2934 3903 3002 fama,

497 3025 831 3093 inhabitari
884 3037 1234 3095 eorumque
1286 3021 1349 3078 in
1400 3023 1698 3092 potestate
1750 3017 1991 3087 haberi,
2050 3017 2139 3076 Si-
2176 3064 2214 3118 Ο
2253 3026 2320 3079 ut
2377 3018 2728 3092 docuimus,
2780 3023 2958 3082 valde
3008 3024 3343 3097 depravata
3388 3028 3642 3088 Palladii
3695 3047 3913 3091 narra-

494 3124 636 3182 wah
675 3121 849 3181 Oasis
887 3121 1131 3179 incolae
1170 3120 1529 3177 etiamnunc
1584 3117 1848 3175 credunt
1890 3117 1907 3188 ί
1917 3116 1999 3191 8).
2041 3116 2143 3173 Mi.

493 3236 635 3278 rum
692 3225 807 3287 est,
843 3219 1011 3292 quod
1065 3217 1367 3276 Macarius
1421 3212 1855 3284 daemonibus,
1890 3214 2144 3287 cognito

493 3324 902 3375 monumento
928 3331 993 3373 se
1033 3328 1429 3372 recessurum
1465 3328 1620 3381 esse,
1653 3310 1771 3369 ﬁde
1818 3312 1961 3368 data
2000 3324 2143 3382 pro-

494 3416 682 3473 misit.
734 3416 887 3473 Nam
926 3413 1263 3471 daemones
1308 3411 1567 3469 omnino
1619 3424 1739 3468 non
1797 3408 2143 3467 audiendos

492 3528 630 3572 esse
658 3514 717 3572 8.
751 3511 1054 3570 Antonius
1083 3509 1294 3567 docuit
1319 3508 1430 3586 (9).
1463 3509 1528 3565 ln
1568 3508 1820 3579 antiqua
1856 3506 2142 3564 versione

491 3611 794 3669 Macarius
818 3611 972 3668 haec
1008 3612 1243 3666 tantum
1284 3606 1473 3664 verba
1508 3621 1521 3661 :
1561 3607 1871 3676 «Oportet
1905 3619 2006 3661 me
2044 3604 2139 3663 in-

488 3709 661 3782 gredi
693 3713 753 3766 et
782 3707 996 3766 videre
1023 3726 1049 3761 ι
1086 3703 1502 3777 respondisse.
1522 3704 1985 3775 daemonesque
2016 3716 2139 3759 non

486 3821 712 3866 curans
762 3807 1045 3873 intrasse,
1090 3803 1459 3877 perhibetur
1507 3799 1654 3878 (10).
1704 3801 1879 3870 Quod
1931 3806 2139 3860 tamen

484 3908 678 3966 textui
736 3906 1049 3971 codicum,
1075 3904 1427 3961 editionum
1482 3905 1961 3973 ceterarumque
2003 3913 2140 3957 ver-

483 4006 733 4065 sionum
795 4007 1122 4078 repugnat.
1185 4001 1397 4074 Neque
1458 3999 1762 4058 Macarius
1826 4012 1968 4057 vere
2032 4012 2139 4071 pa-

484 4296 548 4351 In
576 4293 782 4351 codice
812 4291 1277 4347 membranaceo
1305 4289 1459 4343 Vind
1495 4288 1595 4343 ob.
1625 4286 1788 4355 magi
1823 4284 2023 4341 vocari
2056 4284 2133 4339 vi-

485 4382 1017 4439 denturz’lawﬁ;
1058 4382 1165 4429 καὶ
1214 4374 1559 4451 Ἰαμβρῆςι
1599 4377 1656 4429 in
1711 4373 1915 4429 codice
1964 4373 2133 4429 char-

480 4478 616 4529 taco
649 4472 941 4527 vocantur
972 4468 1188 4525 ἰαννῆ
1221 4471 1335 4518 καὶ
1358 4463 1671 4538 Ἰαμβρῆ.
1706 4464 1780 4517 De
1804 4462 1914 4517 illis
1939 4464 2131 4532 magis

479 4577 635 4635 quae
664 4561 771 4615 viri
804 4558 961 4614 docti
993 4558 1395 4628 disputarunt,
1436 4554 1672 4622 collegit
1734 4551 2038 4606 Fabricius
2071 4552 2125 4605 in

477 4652 632 4708 libro
668 4672 679 4703 :
711 4649 851 4705 Cod.
888 4646 1305 4717 Pseudoepigr.
1342 4642 1408 4698 V.
1450 4646 1508 4697 T.
1548 4640 1756 4697 Bamb.
1790 4641 1923 4694 1722
1952 4640 2127 4711 p.813

478 4757 612 4813 sqq.
648 4742 725 4794 De
773 4737 985 4793 iisdem
1022 4736 1261 4805 scripsit
1315 4730 1606 4802 Zenlgraf.
1651 4747 1663 4784 ;
1695 4732 1851 4800 Disp.
1885 4728 2021 4783 hist.
2052 4729 2124 4784 de

475 4831 685 4885 Jamne
712 4832 767 4882 et
786 4825 1023 4881 Jambre
1051 4824 1449 4879 celeberrimis
1470 4820 1897 4891 Aegyptiorum
1928 4820 2123 4887 magis

476 4916 712 4974 Witteb.
750 4915 908 4980 1669,
934 4916 1011 4968 4ο.
1036 4914 1084 4967 J.
1112 4915 1173 4968 G.
1194 4910 1529 4966 Michaelis:
1565 4910 1720 4962 Diss.
1755 4907 1829 4961 de
1857 4902 2047 4961 Janne
2069 4913 2123 4963 et

472 5005 715 5062 Jambre
730 5005 978 5060 famosis
1000 5000 1424 5073 Aegyptiorum
1448 4998 1640 5065 magis
1666 4997 2015 5061 Halae1747,
2042 4999 2120 5053 4ο.

544 5092 903 5167 (1)Minutoli
945 5092 1109 5145 Reise
1132 5105 1264 5145 zum
1291 5085 1530 5157 Tempel
1573 5086 1679 5140 des
1709 5086 1935 5157 Jupiter
1986 5089 2120 5139 Am-

476 5200 617 5239 mon
649 5183 706 5237 in
730 5182 836 5236 der
857 5178 1162 5251 libyschen
1190 5179 1385 5231 Wﬁste
1414 5174 1644 5229 u.nach
1664 5174 2116 5245 Oberaegypten

470 5274 679 5345 p.173.
712 5270 795 5327 Cf.
822 5270 988 5339 Sulp.
1018 5270 1149 5324 Sev.
1181 5265 1326 5319 Dial.
1358 5265 1377 5317 Ι
1409 5279 1544 5334 cap.
1566 5267 1632 5320 13
1667 5262 1936 5318 Galland.
1970 5262 2110 5317 Bibl.

476 5364 575 5417 PP.
604 5364 666 5417 T.
702 5360 819 5414 VIII
854 5374 910 5430 p.
938 5358 1061 5421 406,
1104 5360 1157 5423 2,
1189 5356 1381 5425 Migne
1414 5351 1625 5408 Patrol.
1657 5353 1715 5407 T.
1774 5354 1855 5407 ΧΧ
1896 5368 1953 5422 p.
1994 5354 2110 5406 192.

538 5452 618 5520 (2)
646 5448 909 5504 Minutoli
931 5447 967 5501 ι.
1002 5446 1042 5500 ι.
1077 5462 1136 5516 p.
1169 5446 1257 5501 61.

538 5540 614 5609 (ε)
648 5538 796 5594 Ibid.
826 5553 883 5610 p.
924 5538 1014 5592 44.
1038 5540 1125 5591 61.

536 5628 617 5707 (4)
651 5628 756 5685 Viti
788 5628 847 5684 s.
878 5623 1115 5683 Antonii
1158 5638 1292 5697 cap.
1329 5626 1381 5694 9,
1418 5622 1473 5679 s.
1496 5619 1714 5678 Athan.
1754 5619 1907 5692 Opp.
1947 5620 2004 5675 τ.
2060 5617 2101 5673 1.

2249 3118 2405 3179 tioni
2461 3120 2889 3193 posthabenda
2938 3126 3051 3179 est.
3097 3125 3296 3196 Atque
3350 3124 3539 3184 istum
3581 3141 3914 3201 magorum

2252 3215 2505 3273 hortum
2560 3217 2852 3276 manibus
2900 3215 3011 3286 97
3080 3220 3526 3293 Aegyptiorum
3584 3225 3911 3301 iussuque,

2249 3318 2318 3370 ut
2364 3312 2630 3384 videtur,
2667 3314 3006 3374 Pharaonis
3060 3317 3430 3377 adornatum
3459 3321 3669 3392 fuisse,
3704 3340 3741 3382 a
3782 3326 3914 3384 Pal-

2250 3408 2417 3467 ladio
2471 3410 2636 3469 haud
2667 3412 2935 3471 obscure
2974 3414 3284 3475 indicatur
3313 3435 3329 3491 ;
3361 3434 3553 3492 quare
3590 3423 3669 3480 ab
3712 3424 3915 3484 hortis

2251 3506 2529 3579 magicis,
2558 3509 2668 3580 qui
2701 3509 2865 3568 haud
2890 3526 3035 3571 raro
3056 3512 3366 3588 leguntur,
3398 3518 3505 3576 ille
3530 3519 3914 3594 distinguen-

2248 3604 2365 3662 dus
2392 3619 2528 3663 esse
2561 3605 2811 3665 videtur
2854 3606 2999 3685 (13).
3035 3610 3153 3671 Sed
3194 3614 3272 3672 ad
3311 3620 3515 3674 cetera
3553 3619 3907 3679 veniamus.

2329 3703 2634 3762 Macarius
2691 3706 2998 3779 aspidem,
3058 3726 3092 3767 a
3140 3726 3264 3783 qua
3311 3713 3374 3770 in
3426 3720 3616 3787 puteo
3662 3718 3741 3776 ad
3800 3733 3911 3778 re-

2246 3801 2550 3860 creandos
2593 3803 2813 3863 fratres
2868 3805 3163 3867 fodiendo
3216 3812 3647 3882 mordebatur,
3676 3815 3823 3875 inde
3873 3833 3911 3877 a

2246 3898 2532 3959 faucibus
2578 3915 2839 3974 prorsus
2900 3903 3252 3978 discerpsit.
3315 3908 3497 3982 Isque
3549 3926 3685 3971 mos
3738 3916 3908 3988 apud

2247 3998 2624 4058 Mamelucos
2652 4000 2993 4060 hodiedum
3037 4003 3327 4076 obtinuit,
3363 4008 3472 4080 qui
3512 4024 3547 4066 a
3576 4011 3913 4086 scorpione

2244 4288 2302 4339 P.
2338 4286 2383 4341 Il
2413 4302 2472 4359 p.
2504 4288 2609 4343 640
2638 4306 2775 4364 sqq.

2279 4376 2391 4449 ,(5)
2424 4376 2578 4435 Ibid.
2621 4395 2755 4451 cap.
2800 4384 2861 4437 13
2893 4396 2950 4452 p.
2988 4382 3110 4438 642.

2312 4465 2392 4534 (6)
2425 4468 2690 4523 Minutoli
2725 4469 2764 4526 l.
2792 4471 2838 4524 Ι.
2882 4472 3092 4542 p.186.

2313 4555 2388 4627 (7)
2420 4556 2499 4610 Cf.
2532 4558 2589 4613 S.
2622 4559 2855 4613 Hieron.
2888 4559 3255 4617 Commentt.
3289 4564 3347 4618 in
3395 4564 3498 4622 lib.
3529 4569 3642 4623 Job
3694 4571 3751 4625 in
3785 4571 3907 4628 line

2236 4658 2371 4713 cap.
2407 4648 2492 4700 38.
2523 4645 2751 4701 Grimm
2786 4647 3073 4704 Deutsche
3097 4651 3458 4725 Mythologie
3490 4657 3598 4713 Ed.
3627 4658 3673 4713 Il
3693 4677 3749 4732 p.
3773 4663 3904 4717 949.

2310 4733 2385 4796 (8)
2416 4734 2682 4789 Minutoli
2709 4735 2748 4789 1.
2783 4736 2828 4791 Ι.
2873 4754 2931 4807 p.
2963 4739 3052 4793 82.

2308 4822 2382 4913 (9)
2416 4824 2542 4877 Vita
2570 4824 2623 4878 S.
2660 4824 2900 4881 Antonii
2940 4844 3075 4900 cap.
3109 4832 3195 4885 24.
3253 4833 3343 4889 25.
3391 4834 3447 4888 8.
3488 4834 3701 4893 Athan.
3744 4838 3902 4913 Opp.

2230 4908 2270 4964 l.
2305 4910 2348 4961 Ι.
2386 4926 2442 4981 p.
2483 4914 2586 4966 650
2611 4928 2744 4984 sqq.

2303 4998 2420 5066 (ιο)
2464 4999 2575 5056 vv.
2618 5002 2721 5058 PP.
2749 5004 2949 5058 aosw.
2984 5020 3044 5077 p.
3071 5011 3195 5072 992,
3230 5012 3275 5063 1.

2303 5086 2568 5156 (11)Vita
2601 5088 2659 5142 S.
2690 5090 2928 5146 Antonii
2961 5109 3096 5165 cap.
3130 5095 3410 5172 241.1.p.
3436 5100 3561 5155 650.

2300 5175 2413 5245 (12)
2443 5175 2702 5231 Minutoli
2756 5178 2876 5235 1.1.
2930 5197 2991 5253 p.
3044 5182 3169 5239 206.
3231 5186 3315 5241 Cf.
3379 5190 3522 5247 Hist.
3566 5191 3735 5247 Laus.
3796 5193 3895 5251 ed.

2230 5266 2442 5320 Meurs.
2476 5280 2610 5335 cap.
2644 5267 2731 5321 51.

2298 5354 2410 5423 (13)
2448 5358 2552 5407 Eos
2580 5370 2701 5409 non
2728 5364 3002 5414 accurate
3025 5360 3392 5433 distinguere
3424 5366 3655 5422 videtur
3676 5369 3898 5427 Duent-

2223 5443 2431 5587 zer‘ig2
2454 5442 2607 5498 libro
2641 5455 2655 5496 :
2696 5444 2796 5501 Die
2830 5448 2978 5519 Sage
3012 5465 3148 5506 von.
3205 5455 3299 5508 Dr.
3350 5455 3647 5512 Jobannes
3690 5460 3892 5519 Faust.

2223 5547 2282 5587 ο.
2445 5572 2457 5586 .

2223 5547 2282 5602 p.
2334 5535 2457 5587 192.
