4080 6208
155 262 212 317 93
1773 256 2005 316 νιτΑΕ.
3493 260 3565 316 94

147 389 383 462 puncti,
470 393 540 447 ut
605 387 850 447 vulneri
936 387 1326 454 medeantur,
1401 388 1801 462 scorpionem
1835 382 2250 465 Afuisse(7).
2293 391 2641 465 lisaemque
2685 392 2814 451 fere
2865 390 3094 459 verbis,
3156 389 3387 463 quibus
3438 388 3562 448 Ma-

140 488 348 560 ipsum
423 501 619 560 super
705 500 922 545 recens
1001 487 1224 546 vulnus
1285 492 1615 546 conterunt
1691 485 1796 563 (l).

133 585 602 658 Scorpionibus
648 589 857 642 autem
909 599 1159 644 eremus
1202 585 1309 644 illa
1357 585 1632 644 abundat
1684 583 1794 661 (Ξ).

210 683 254 740 Ε
298 683 514 742 tribus
570 682 766 753 cellis,
813 697 970 756 quas
1019 683 1081 741 in
1125 683 1426 742 interiore
1474 693 1642 742 vasta
1691 697 1802 742 so-

127 781 422 847 litudine,
460 781 522 838 in
573 780 784 839 Celliis
829 785 891 840 et
950 783 1011 839 in
1055 785 1266 840 monte
1314 781 1546 840 Nitriae
1599 783 1798 840 Maca-

125 881 258 937 rius
317 878 780 938 Alexandrinus
848 879 1094 950 habuit,
1144 893 1288 950 una,
1363 879 1425 938 in
1505 893 1630 952 qua
1687 893 1800 952 per

121 976 679 1050 quadragesimam
708 977 772 1034 in
801 977 1076 1035 tenebris
1131 975 1407 1048 sedebat,
1478 977 1641 1036 ostio
1693 993 1800 1035 ca-

123 1075 280 1133 ruit.
324 1075 537 1134 Cellae
557 1076 729 1133 enim
784 1074 1315 1134 monasteriorum
1363 1075 1534 1134 illius
1592 1076 1798 1148 regio-

123 1173 214 1230 nis
246 1173 548 1230 fenestris
601 1172 794 1232 hodie
853 1187 1104 1246 quoque
1143 1180 1376 1242 carent,
1443 1173 1529 1231 ita
1567 1179 1634 1231 ut
1690 1174 1795 1231 lux

121 1277 365 1330 tantum
401 1285 520 1342 per
571 1271 805 1330 ostium
870 1271 1058 1329 intret
1107 1268 1214 1347 (3).
1273 1271 1548 1344 Eamque
1601 1272 1795 1330 Maca-

119 1371 192 1428 rii
221 1371 534 1428 cellulam
567 1369 632 1427 in
684 1370 986 1428 interiore
1025 1374 1196 1427 vasta
1243 1369 1581 1429 solitudine
1609 1371 1793 1428 sitam

117 1467 314 1526 fuisse
360 1467 716 1525 verisimile
741 1473 853 1526 est.
921 1468 1123 1526 Altera
1189 1475 1398 1526 autem
1449 1468 1513 1526 in
1557 1468 1787 1536 Celliis,

118 1573 180 1624 ut
238 1565 528 1638 videtur,
578 1565 696 1623 sita
749 1565 1184 1638 angustissima
1227 1565 1366 1639 fuit,
1425 1567 1487 1625 in
1533 1582 1656 1640 qua
1688 1566 1793 1626 ille

117 1679 188 1721 ne
239 1664 482 1737 pedem
522 1663 783 1736 quidem
839 1664 1173 1722 extendere
1244 1670 1511 1736 poterat.
1577 1665 1794 1737 Cujus-

121 1762 512 1822 modicellis
559 1761 666 1819 alii
710 1775 962 1834 quoque
1008 1776 1188 1821 senes
1246 1763 1339 1821 usi
1393 1777 1528 1821 esse
1579 1763 1792 1822 dicun-

116 1867 217 1919 tur
249 1856 374 1935 (4).
449 1861 515 1918 In
559 1859 741 1918 tertia
797 1859 1068 1932 denique
1123 1861 1301 1926 cella,
1367 1861 1616 1920 duabus
1669 1861 1794 1920 illis

116 1959 462 2033 ampliore,
527 1957 833 2017 Macarius
881 1958 1284 2016 adventantes
1312 1959 1578 2033 excepit,
1621 1961 1791 2032 quod

120 2059 178 2116 in
209 2057 453 2116 cellam
490 2055 725 2114 Nitriae
755 2056 1006 2123 montis,
1049 2070 1241 2128 quem
1277 2053 1536 2129 plurimi
1563 2063 1624 2115 et
1651 2071 1789 2115 mo-

117 2154 308 2214 nachi
339 2162 404 2213 et
442 2154 757 2228 peregrini
807 2153 1008 2212 visere
1041 2155 1351 2226 solebant,
1408 2157 1647 2228 optime
1691 2171 1790 2214 ca-

115 2256 232 2313 dit.
277 2255 438 2326 Erga
478 2267 660 2325 quos,
706 2252 759 2310 si
811 2253 889 2310 ad
943 2252 1152 2324 ipsum
1205 2253 1607 2326 accedebant,
1669 2255 1792 2312 Ma-

116 2355 365 2412 carium
445 2350 934 2409 Alexandrinum
1025 2349 1390 2411 hilariorem
1486 2354 1789 2426 Aegyptio

116 2451 393 2510 Macario
447 2448 660 2515 fuisse,
698 2454 885 2521 atque
959 2448 1310 2508 urbanitate
1358 2451 1629 2524 quadam
1686 2450 1788 2510 iu-

116 2551 333 2607 niores
388 2547 471 2604 ad
530 2545 932 2618 disciplinam
993 2547 1429 2607 monachicam
1472 2548 1783 2614 allexisse,

115 2649 414 2705 Socrates
441 2645 656 2703 nescio
678 2644 843 2703 unde
872 2645 1112 2718 accepit
1157 2643 1264 2722 (5).

191 2747 278 2803 De
329 2744 574 2814 virgine
614 2743 1049 2802 Thessalonica
1097 2743 1386 2812 oriunda,
1439 2759 1629 2818 quam
1661 2745 1789 2802 Ma-

113 2844 322 2902 carius
386 2839 848 2899 Alexandrinus
900 2841 1042 2899 oleo
1093 2847 1306 2900 sancto
1363 2843 1539 2901 unxit
1585 2842 1788 2916 preci-

115 2944 358 3013 busque
413 2940 630 3011 viginti
678 2938 928 2997 dierum
977 2941 1235 3004 sanavit,
1298 2953 1422 2998 non
1475 2947 1566 2998 est
1611 2940 1783 3013 quod

115 3041 543 3113 disputemus.
579 3037 781 3106 Quare
831 3037 909 3094 ad
968 3037 1421 3096 monasterium
1471 3038 1786 3097 Pachumii

119 3154 150 3194 a
177 3142 299 3213 98
327 3135 606 3195 Macario
659 3132 930 3193 invisum
977 3140 1383 3194 transeamus.
1419 3135 1593 3206 Quod
1635 3151 1786 3209 per-

121 3250 342 3310 magno
412 3248 681 3293 numero
745 3234 1201 3293 monachorum
1274 3235 1592 3294 afﬂuxisse
1642 3250 1790 3294 con-

121 3340 352 3393 stanter
402 3332 676 3392 traditur
723 3329 846 3407 (6).
915 3331 1255 3391 Macarium
1309 3333 1568 3406 quidem
1623 3339 1790 3392 veste

124 3431 398 3505 operarii
480 3430 768 3489 indutum
853 3429 1224 3488 Pachomius
1279 3436 1519 3503 septem
1569 3431 1792 3490 diebus

124 3531 458 3590 admittere
498 3529 725 3587 noluit.
813 3528 928 3588 Ubi
1005 3527 1488 3596 animadvertas,
1563 3525 1792 3588 Pacho-

128 3628 226 3685 mii
299 3627 544 3699 regula,
603 3631 668 3684 ut
717 3625 970 3684 saeculo
1019 3627 1500 3685 renunciaturus
1553 3640 1794 3698 paucos

132 3726 260 3784 dies
318 3730 468 3782 ante
525 3724 775 3782 ianuam
855 3725 1217 3782 monasterii
1285 3731 1640 3783 remaneret
1696 3724 1792 3782 di-

131 3837 452 3896 gnumque
521 3836 588 3878 se
669 3835 803 3880 esse
880 3821 1256 3888 ostenderet,
1334 3821 1792 3894 praescriptum

198 4041 277 4109 (1)
309 4036 576 4095 Iinntoli
607 4037 645 4093 l.
673 4037 714 4091 Ι.
741 4055 799 4111 p.
827 4037 916 4092 77.

201 4131 281 4199 (2)
311 4128 466 4183 Ibid.
497 4142 555 4197 p.
584 4127 709 4182 204.

193 4219 276 4284 (3)
307 4215 706 4273 Tischendorl
737 4222 793 4271 et
848 4215 1188 4272 Wilkinson
1244 4215 1284 4272 l.
1314 4217 1353 4271 l.
1403 4233 1586 4287 supra
1636 4233 1694 4290 p.
1737 4222 1789 4273 2.

196 4307 276 4378 (4)
336 4305 593 4361 Passim.
650 4305 981 4362 Marcianus
1025 4307 1085 4361 in
1131 4305 1281 4362 cella
1331 4321 1452 4362 non
1503 4306 1793 4378 ampliore

1911 490 2153 548 carium
2213 489 2600 555 Pachomius,
2661 489 2998 562 aliquando
3061 489 3390 546 Palaemon
3447 487 3558 546 Pa-

1909 588 2233 646 chomium
2303 585 2415 664 (8),
2487 587 2552 646 S.
2616 588 2917 647 Antonius
2986 586 3243 645 Paulum
3318 584 3562 657 simpli-

1910 700 2047 743 cem
2079 687 2168 758 (9)
2227 685 2607 758 repulerant.
2672 683 3046 743 Pachomius
3093 686 3154 742 in
3205 684 3312 742 illa
3341 696 3561 741 narra-

1911 784 2077 842 tione
2151 785 2444 858 spiritum
2530 783 2896 856 prophetiae
2949 783 3242 842 habuisse
3299 781 3554 851 dicitur,

1908 883 2074 954 quod
2105 887 2166 941 et
2204 884 2266 941 in
2293 883 2419 940 vita
2442 883 2578 940 eius
2605 881 3072 954 quodammodo
3101 882 3368 940 traditur
3399 879 3549 958 (10).

1910 982 1994 1039 Ac
2024 981 2312 1040 monachi
2346 979 2709 1038 monasterii
2747 978 2916 1038 illius
2965 992 3175 1037 ramos
3204 979 3555 1052 palmarum

1909 1084 2189 1145 tractant,
2220 1079 2389 1152 quod
2421 1079 2484 1136 in
2538 1077 2934 1136 monasteriis
2970 1077 3030 1134 S.
3097 1076 3344 1134 Antonii
3404 1077 3557 1137 alio-

1907 1192 2175 1250 rumque
2203 1191 2422 1235 senum
2449 1175 2582 1234 ﬁeri
2627 1176 2867 1234 solebat
2908 1172 3058 1250 (ll).
3098 1174 3294 1246 Atque
3327 1174 3388 1232 in
3413 1175 3557 1233 Ter-

1906 1276 2122 1345 raneh,
2163 1289 2324 1348 quae
2379 1280 2472 1331 est
2528 1275 2680 1332 urbs
2729 1287 2924 1345 prope
2968 1272 3224 1330 Nitriam
3284 1272 3421 1338 sita,
3483 1287 3557 1330 ex

1904 1373 2112 1443 iunco,
2147 1374 2254 1446 qui
2302 1373 2362 1430 in
2413 1373 2548 1443 ejus
2593 1371 2928 1444 paludibus
2967 1369 3394 1428 creberrimus
3438 1374 3552 1435 est,

1902 1475 2137 1544 tapetes
2162 1469 2578 1528 venustissimi
2609 1469 2813 1526 adhuc
2837 1469 3130 1526 texuntur
3161 1465 3310 1542 (l2).

1983 1569 2376 1640 Propositum
2418 1566 2691 1635 Macarii,
2745 1565 3024 1638 quinque
3102 1565 3328 1624 diebus
3408 1580 3554 1625 cum

1902 1665 2040 1725 solo
2070 1666 2189 1724 Deo
2219 1663 2625 1723 conversandi
2676 1667 2994 1736 totamque
3034 1668 3307 1720 mentem
3357 1663 3419 1720 in
3477 1678 3554 1722 eo

1904 1765 2038 1823 solo
2097 1762 2424 1836 deligendi,
2496 1762 2680 1820 tertio
2745 1761 2848 1818 die
2918 1761 3208 1826 daemon,
3268 1762 3331 1818 in
3378 1761 3550 1819 llam-

1904 1877 2069 1921 mam
2110 1862 2271 1935 ignis
2311 1875 2665 1925 conversus,
2743 1859 2994 1916 irritum
3046 1857 3209 1916 fecit.
3268 1858 3383 1926 Qui
3421 1865 3556 1918 sto-

1904 1975 2098 2026 ream,
2133 1959 2195 2016 in
2227 1974 2349 2032 qua
2378 1973 2564 2016 senex
2590 1959 2810 2024 stabat,
2853 1956 3220 2024 combussit,
3280 1970 3554 2028 eumque

1901 2058 2110 2132 ipsum
2157 2057 2424 2115 adurere
2481 2056 2651 2114 visus
2721 2060 2833 2113 est.
2898 2053 3067 2114 Unde
3114 2054 3282 2111 hunc
3345 2053 3552 2125 ignem

1903 2171 2024 2217 non
2059 2157 2425 2228 phantasma
2453 2153 2780 2212 daemonis
2811 2151 3026 2224 fuisse,
3074 2151 3180 2209 sed
3215 2151 3340 2209 vim
3383 2165 3554 2209 com-

1903 2255 2164 2315 burendi
2227 2253 2519 2312 habuisse
2572 2250 2938 2310 credideris.
3002 2251 3340 2308 Daemones
3379 2263 3548 2316 vero,

1899 2354 2006 2427 qui
2040 2353 2240 2411 varias
2284 2350 2543 2409 omnino
2599 2349 2867 2408 induunt
2921 2349 3157 2407 formas
3197 2344 3350 2423 (l3),
3394 2347 3555 2419 ignis

1897 2450 2107 2524 specie
2149 2449 2516 2523 apparuisse
2567 2453 2753 2520 atque
2803 2445 3168 2504 incendium
3225 2444 3548 2513 excitasse,

1898 2549 2050 2608 alibi
2083 2548 2247 2606 haud
2280 2547 2459 2606 facile
2499 2546 2684 2619 leges.

1977 2652 2098 2725 99
2149 2645 2448 2704 Sacerdos
2494 2644 2626 2710 ille,
2660 2642 2769 2716 qui
2817 2641 3132 2701 fornicans
3187 2655 3361 2700 sacra
3413 2655 3554 2713 per-

1897 2752 2128 2818 egerat,
2161 2757 2284 2803 non
2328 2742 2444 2800 nisi
2504 2742 2646 2800 data
2696 2741 2838 2810 fide,
2901 2754 3160 2798 munera
3213 2737 3555 2797 sacerdotis

1897 2859 1963 2903 se
1994 2858 2115 2902 non
2167 2841 2441 2914 amplius
2489 2840 2815 2898 obiturum
2844 2853 3002 2906 esse,
3055 2853 3090 2896 a
3139 2837 3404 2896 Macario
3459 2851 3556 2894 sa-

1898 2947 2098 3000 natur.
2152 2939 2388 2998 Veteris
2436 2938 2604 2996 enim
2660 2936 2960 2996 ecclesiae
3017 2933 3350 3006 disciplina
3409 2934 3550 3004 fuit,

1897 3046 1965 3099 ut
2035 3036 2345 3103 sacerdos,
2424 3034 2534 3108 qui
2591 3033 2798 3093 carnis
2847 3036 3171 3104 peccatum
3222 3036 3328 3088 aut
3379 3030 3549 3088 aliud

1897 3153 2080 3212 grave
2104 3135 2344 3194 crimen
2396 3133 2821 3200 commiserat,
2857 3145 2892 3188 a
2945 3128 3296 3186 ministerio
3337 3127 3553 3186 altaris

1898 3235 2346 3310 prohiberetur
2415 3239 2477 3289 et
2539 3229 2616 3288 ad
2698 3228 3002 3287 laicorum
3038 3225 3550 3286 communionem

1900 3334 2308 3406 redigeretur.
2369 3328 2560 3388 Cuius
2607 3326 2901 3400 exempla
2969 3328 3114 3384 sunt
3179 3324 3242 3382 in
3300 3325 3556 3383 Decreto

1899 3430 2172 3491 Gratiani
2205 3425 2332 3505 (14)
2359 3432 2420 3486 et
2472 3427 2534 3485 in
2569 3426 2747 3484 libris
2802 3421 3354 3497 poenitentialibus
3398 3420 3553 3497 (15).

1903 3531 2205 3588 Macarius
2257 3525 2595 3592 infelicem,
2664 3523 2766 3582 cui
2827 3521 3286 3581 tunestissimus
3335 3519 3551 3579 cancri

1901 3627 2165 3686 morbus
2191 3625 2275 3684 ob
2306 3623 2468 3682 istud
2533 3628 2855 3695 peccatum
2891 3625 3027 3678 erat
3067 3619 3362 3686 inﬂictus,
3405 3632 3558 3676 num

1899 3725 2114 3784 credat
2141 3725 2333 3781 Deum
2359 3736 2516 3785 esse,
2571 3733 2762 3791 quem
2815 3717 2972 3776 nihil
3027 3717 3207 3776 lateat
3245 3731 3360 3774 nec
3390 3717 3562 3788 quis-

1901 3837 2088 3896 quam
2124 3819 2390 3880 illudere
2419 3817 2633 3891 possit,
2693 3829 2971 3886 numque
3020 3818 3350 3886 cognoscat
3403 3827 3560 3886 pec-

1902 4041 2179 4098 absentes
2206 4036 2422 4092 vidisse
2447 4034 2506 4090 in
2528 4033 2655 4090 eius
2677 4032 2795 4087 vita
2811 4045 2988 4103 capp.
3011 4032 3044 4086 4
3069 4033 3122 4086 et
3155 4033 3186 4086 6
3217 4028 3253 4086 l.
3278 4029 3326 4086 l.
3348 4044 3410 4103 p.
3430 4029 3555 4098 308,

1903 4133 1954 4186 1.
1996 4130 2119 4193 314,
2158 4131 2190 4182 2
2229 4125 2461 4195 legitur.

1974 4217 2090 4292 (ll)
2111 4217 2250 4272 Hist.
2270 4215 2450 4270 Laus.
2476 4211 2570 4269 ed.
2586 4214 2796 4269 Meurs.
2813 4227 2946 4284 cap.
2966 4211 3158 4268 40.29.
3179 4214 3294 4266 2ac
3309 4209 3558 4282 passim.

1973 4307 2088 4379 (ιε)
2121 4302 2378 4363 Minutoli
2409 4302 2519 4359 1.1.
2554 4317 2612 4374 p.
2656 4301 2771 4357 189.
2803 4306 2930 4358 202.

129 4411 379 4492 corpore
425 4411 537 4450 suo
584 4410 648 4450 se
680 4395 989 4450 inclusisse
1033 4393 1245 4466 legitur
1285 4395 1398 4450 VV.
1443 4395 1549 4450 PP.
1597 4397 1790 4452 Bosw.
1827 4438 1871 4492 Β
1973 4395 2095 4491 (13).
2123 4393 2326 4465 Specie
2360 4390 2497 4464 galli
2527 4389 2836 4492 gallinacei
2869 4386 3437 4492 adhibitadiabolus
3464 4387 3563 4492 Pa-

128 4483 228 4540 lib.
265 4485 338 4538 ιχ
368 4499 506 4554 cap.
534 4485 588 4538 3.

198 4577 270 4641 (5)
314 4575 483 4628 Socr.
533 4571 676 4628 Hist.
723 4571 875 4628 Eccl.
926 4572 995 4626 ιν
1035 4588 1162 4644 cap.
1213 4575 1279 4627 23
1325 4571 1426 4630 ed.
1488 4571 1679 4628 Vales.
1731 4590 1788 4645 p.

136 4665 274 4822 23f6.)
311 4751 461 4807 Hist.
487 4751 665 4808 Laus.
702 4749 797 4807 ed.
851 4753 1055 4807 Meurs.
1104 4766 1238 4824 cap.
1270 4751 1339 4806 39
1365 4751 1424 4806 in
1470 4751 1606 4817 line,
1637 4751 1788 4824 Opp.

129 4840 337 4895 leurs.
369 4839 413 4896 l.
456 4839 497 4894 l.
542 4856 600 4910 p.
638 4839 764 4894 456.
807 4839 937 4894 Vita
977 4841 1032 4896 S.
1076 4839 1378 4896 Pachomii
1411 4855 1542 4912 cap.
1578 4845 1630 4906 5,
1662 4843 1782 4898 AA.

130 4931 221 4986 SS.
277 4929 422 4985 Boll.
458 4929 588 4983 Mai.
640 4929 698 4982 T.
748 4927 818 4982 Ill
858 4944 918 5000 p.
951 4929 1076 4984 310.
1125 4930 1181 4984 5.
1232 4929 1462 4985 Hieron.
1511 4929 1700 4986 Praef.
1731 4929 1790 4984 in

128 5018 392 5090 regulam
439 5017 496 5072 S.
537 5016 847 5073 Pachomii
893 5017 1150 5074 Holsten.
1213 5017 1354 5073 Cod.
1408 5018 1610 5087 Regul.
1657 5021 1716 5075 Τ.
1767 5019 1790 5073 Ι

133 5111 552 5266 μ’(ξξᾟεευιε.
600 5198 658 5251 S.
711 5195 1016 5251 Pachomii
1059 5210 1192 5267 cap.
1243 5194 1312 5250 49
1374 5194 1676 5250 Hosten.l.
1731 5197 1778 5252 1.

131 5301 164 5355 p
191 5289 415 5444 (gina
449 5379 506 5432 S.
542 5373 851 5429 Pachomii
881 5389 1015 5445 cap.
1045 5375 1097 5438 l,
1134 5372 1172 5428 l.
1203 5373 1243 5428 Ι.
1277 5390 1331 5444 p.
1361 5377 1485 5441 297,
1517 5374 1569 5428 1.

191 5468 269 5536 (9)
301 5467 448 5523 Hist.
488 5465 669 5520 Laus.
719 5462 816 5518 ed.
846 5464 1050 5518 Meurs.
1093 5478 1221 5534 cap.
1257 5467 1324 5519 29
1372 5465 1524 5534 Opp.
1559 5463 1774 5518 Meurs.

127 5551 162 5608 L
339 5559 746 5703 ltjzbomium
783 5655 880 5698 res
908 5639 1175 5699 occultas
1211 5639 1564 5713 cognovisse
1607 5643 1787 5714 atque

1901 4483 2208 4541 chomium
2233 4487 2458 4536 tentare
2483 4485 2754 4535 conatur.
2777 4479 2904 4534 Vita
2927 4480 2981 4536 S.
3013 4477 3314 4533 Pachomii
3342 4491 3470 4547 cap.
3504 4480 3561 4532 2.

1901 4575 1960 4628 In
1995 4572 2190 4628 forma
2221 4569 2459 4640 vaporis
2488 4568 2796 4625 diabolum
2832 4583 3121 4639 apparere
3163 4566 3338 4621 tradit
3368 4565 3559 4622 Delrio

1902 4661 2158 4732 Disquis.
2195 4660 2408 4729 magic.
2444 4657 2545 4712 lib.
2581 4659 2622 4712 11
2655 4659 2817 4723 0.28
2849 4658 2902 4713 S.
2941 4660 2971 4710 2
3005 4673 3062 4727 p.
3103 4658 3228 4710 302.
3259 4653 3354 4708 ed.
3380 4653 3422 4705 Ι.

1971 4749 2085 4823 (14)
2117 4751 2260 4805 Can.
2289 4753 2320 4804 9
2349 4747 2489 4801 Dist.
2528 4748 2563 4801 L
2592 4763 2604 4802 :
2643 4766 2667 4796 α
2702 4746 2807 4812 Qui
2855 4745 3035 4814 igitur
3066 4749 3195 4816 post
3239 4747 3558 4813 acceptum

1901 4853 2142 4893 sacrum
2173 4836 2442 4892 ordinem
2474 4834 2678 4905 lapsus
2701 4834 2760 4888 in
2790 4839 3103 4905 peccatum
3133 4831 3330 4887 carnis
3362 4829 3555 4896 fuerit,

1900 4943 2068 4982 sacro
2094 4926 2303 4980 ordine
2334 4924 2414 4979 ita
2460 4929 2676 4986 careat,
2711 4927 2773 4977 ut
2801 4923 2877 4977 ad
2909 4920 3114 4976 altaris
3159 4920 3557 4976 ministerium

1901 5017 2144 5073 ulterius
2188 5029 2307 5069 non
2337 5012 2606 5068 accedat.
2647 5035 2672 5061 ››
2705 5013 2853 5067 Tum
2885 5009 3029 5064 ibid.
3059 5025 3200 5064 can.
3245 5010 3348 5064 l0:
3384 5031 3412 5059 «
3456 5009 3558 5064 Sin

1899 5114 2100 5161 autem
2113 5120 2251 5160 eum
2267 5100 2904 5158 iraternitastuatalem
2926 5097 3355 5171 poenitentiam
3380 5112 3557 5167 agere

1897 5193 2266 5263 cognoverit.
2295 5196 2356 5246 ut
2379 5191 2430 5245 ei
2458 5191 2608 5245 iuste
2636 5189 2714 5243 ad
2749 5187 3153 5258 recipiendam
3188 5187 3340 5241 inter
3369 5185 3555 5240 laicos

1897 5280 2391 5339 communionem
2415 5286 2471 5335 et
2492 5283 2630 5334 ante
2649 5277 2872 5333 exitum
2899 5276 3116 5332 debeat
3137 5274 3424 5340 misereri,
3445 5274 3556 5329 hoc

1896 5373 1956 5427 in
1991 5379 2125 5427 tuae
2147 5367 2528 5424 fraternitatis
2553 5365 2836 5438 ponimus
2868 5369 3181 5436 potestate.
3220 5383 3246 5413 »
3278 5363 3366 5419 Cf.
3406 5362 3556 5420 ibid.

1897 5476 2035 5519 can.
2064 5459 2121 5517 8.
2172 5459 2392 5515 11.12.

1965 5551 2084 5622 (15)
2123 5549 2250 5604 Lib.
2311 5546 2534 5604 Poenit.
2571 5543 2862 5600 Theodori
2905 5543 3182 5599 Cantuar.
3230 5541 3386 5597 XVlIl
3427 5540 3453 5604 1
3503 5541 3556 5597 1.

1900 5639 2002 5696 Die
2013 5638 2214 5696 latein.
2230 5633 2844 5694 Poenitentialbt‘icher
2863 5633 2968 5693 der
2979 5630 3417 5704 Angelsachsen
3437 5645 3560 5694 von
