4094 6208
499 252 570 307 95
1380 240 1486 296 ss.
1530 236 2010 293 MACARIORUM
2048 232 2385 293 AEGYPTII
2427 235 2514 290 ET
2552 236 3046 297 ALEXANDRINI

3840 248 3921 306 96

496 386 703 441 catum
744 388 948 439 suum,
993 372 1350 443 interrogat.
1404 368 1572 438 Quae
1601 380 1799 439 quum
1832 365 2151 423 annuisset
2179 363 2223 415 A
2260 364 2361 430 rit,
2418 365 2700 425 invenire
2744 382 2872 426 non
2924 371 3121 442 potui.
3181 372 3292 430 Cui
3352 373 3707 444 Macarium,
3757 377 3917 449 quid

494 487 555 541 et
582 482 827 553 peccata
858 470 1178 529 confessus
1206 473 1389 536 esset,
1447 465 1671 524 morbo
1698 465 2003 523 liberatus
2028 468 2145 520 est.

501 575 801 650 Equidem
863 570 962 627 his
1024 566 1273 623 Macarii
1330 563 1923 635 interrogationibus
1971 561 2147 620 ordi-

498 689 638 734 nem
702 670 779 728 ad
833 666 1103 726 dandam
1151 663 1596 736 poenitentiam
1654 666 1788 718 tum
1847 659 2144 718 usitatum

493 768 798 831 contineri
825 762 1206 824 crediderim
1241 781 1255 829 ;
1288 774 1428 818 nam
1453 759 1700 817 inlibro
1716 756 2143 830 poenitentiali

490 870 690 929 Bedae
724 860 1070 940 presbyteri
1120 858 1153 935 (
1158 858 1215 934 1)
1262 857 1551 916 sacerdos
1601 855 1918 914 consimili
1954 854 2143 913 modo

492 966 915 1042 poenitentem
969 960 1269 1033 primum,
1362 970 1512 1014 num
1544 955 1608 1012 in
1659 955 1849 1012 Deum
1906 953 2140 1019 credat,

494 1066 766 1137 denique
797 1072 947 1118 num
979 1062 1229 1129 peccata
1262 1054 1381 1125 ipsi
1408 1052 1651 1111 demitti
1680 1052 1847 1118 velit,
1880 1051 2146 1109 interro-

491 1162 933 1237 gareiubetur.
996 1155 1130 1213 Alio
1187 1152 1394 1210 cancri
1439 1152 1685 1217 morbo,
1716 1149 1825 1222 qui
1855 1143 2146 1217 φαγέδαινα

495 1259 957 1321 nominabatur,
1008 1252 1356 1325 Stephanus
1408 1249 1591 1322 Libys
1644 1262 1869 1320 genere
1920 1260 2144 1319 aegro-

496 1365 657 1419 tasse
684 1355 909 1428 legitur
938 1350 1047 1427 (2).

574 1459 654 1514 De
680 1456 899 1513 iuvene
932 1449 1040 1507 illo
1080 1463 1113 1504 a
1143 1446 1450 1505 daemone
1481 1450 1721 1509 vexato,
1777 1456 1968 1515 quem
2029 1442 2149 1499 Ma-

492 1556 701 1616 carius
729 1550 1019 1609 manibus
1062 1546 1125 1602 in
1179 1549 1367 1616 caput
1395 1548 1457 1600 et
1484 1556 1594 1600 cor
1651 1540 1788 1613 ejus
1836 1540 2149 1612 impositis

491 1653 747 1722 sanavit,
794 1651 1031 1705 nonest
1060 1641 1229 1715 quod
1284 1642 1686 1699 disseramus.
1752 1638 1977 1696 Mirum
2040 1652 2148 1695 au-

2257 467 2555 534 portaret,
2616 465 3031 539 interroganti
3074 483 3451 542 responsum
3509 473 3719 532 datum
3778 481 3913 532 est:

2260 578 2292 613 «
2340 560 2503 620 Vexo
2530 576 2699 632 eum,
2751 566 2859 636 qui
2915 580 3015 623 me
3082 574 3260 626 vexat
3309 588 3364 623 υ.
3429 570 3759 630 Consimile
3809 587 3920 630 re-

2255 672 2557 730 sponsum
2624 661 2938 721 Palladius
2982 664 3062 721 ab
3110 664 3370 735 Isidoro,
3430 683 3619 740 quem
3650 669 3918 728 interro-

2254 762 2523 828 gaverat,
2575 773 2689 817 cur
2734 766 2933 818 aetate
2972 763 3312 822 admodum
3340 773 3667 839 provectus
3687 780 3919 841 corpu-

2256 854 2499 912 sculum
2520 862 2892 925 contereret,
2927 860 3044 918 hoc
3071 863 3347 935 accepit:
3412 885 3435 916 ε
3500 864 3562 922 id
3610 879 3709 923 me
3751 865 3920 924 occi-

2256 951 2368 1019 dit,
2401 966 2516 1025 ego
2546 954 2758 1025 ipsum
2787 957 3070 1015 occidam
3102 958 3189 1035 (6)
3212 980 3266 1020 ».

2336 1050 2429 1121 Et,
2492 1051 2645 1110 haec
2718 1054 2980 1126 quidem
3057 1064 3233 1115 erant
3290 1059 3636 1119 adnotanda
3686 1063 3761 1120 ad
3814 1077 3916 1133 ea,

2257 1149 2503 1220 quaein
2552 1151 2880 1210 codicibus
2910 1151 3495 1216 Vindobonensibus
3551 1181 3579 1210 «
3640 1159 3722 1217 De
3782 1161 3904 1217 Ma-

2259 1247 2431 1305 cario
2471 1248 2890 1309 Alexandrino
2923 1269 2953 1306 ››
2989 1253 3288 1327 inscripta
3338 1256 3646 1328 leguntur.
3682 1258 3773 1315 Ad
3807 1274 3911 1316 ce-

2260 1349 2413 1414 tera,
2449 1360 2610 1419 quae
2665 1350 2783 1406 sub
2836 1350 2989 1408 falso
3024 1346 3230 1409 indice
3278 1369 3291 1408 :
3334 1374 3356 1406 ι
3394 1355 3472 1412 De
3505 1356 3704 1414 Marco
3764 1377 3792 1408 »
3830 1372 3909 1414 ex

2259 1442 2484 1501 iisdem
2560 1446 2885 1506 codicibus
2960 1450 3337 1521 protulimus
3391 1460 3451 1510 et
3516 1454 3591 1511 ad
3641 1454 3913 1512 eundem

2262 1541 2598 1600 Macarium
2637 1545 3123 1606 Alexandrinum
3167 1555 3449 1622 spectare
3497 1553 3910 1625 ostendimus,

2260 1640 2412 1697 haec
2440 1642 2996 1703 animadvertenda
3027 1651 3198 1705 sunt.

489 1706 747 1819 temwid,’
767 1744 933 1820 quod
977 1706 1282 1813 seq-uitur,
1335 1738 1617 1809 cuipiam
1669 1736 1977 1802 videatur,
2028 1750 2142 1794 cur
2184 1706 2227 1761 B
2341 1737 2618 1797 Primum
2674 1741 2946 1799 similem
3016 1745 3278 1816 gratiam
3327 1748 3743 1819 perspiciendi
3801 1764 3911 1807 cu-

486 1848 756 1909 Macario
836 1839 1255 1900 Alexandrino
1305 1838 1370 1894 in
1433 1841 1709 1893 mentem
1766 1834 1982 1892 venire
2038 1849 2142 1907 po-

491 1947 703 2016 tuerit,
754 1942 929 2000 adire
982 1938 1239 1997 Romam
1304 1931 1599 2001 οἰκονομίας
1674 1932 1893 2004 gratia,
1958 1936 2025 1989 ut
2084 1933 2147 1990 in

488 2050 661 2105 textu
716 2053 940 2114 graeco
988 2036 1234 2109 legitur.
1282 2032 1461 2091 Sede
1507 2029 1569 2089 S.
1632 2030 2018 2103 Hieronymo
2048 2030 2146 2088 di-

488 2146 744 2208 scimus,
792 2155 868 2198 eo
912 2144 1219 2208 tempore,
1272 2146 1400 2205 quo
1469 2136 1631 2189 totus
1698 2129 1916 2188 Oriens
1973 2130 2146 2202 100

492 2239 817 2300 monachis
876 2236 1185 2298 adluebat,
1240 2230 1473 2288 Romae
1532 2234 1717 2301 atque
1775 2226 2036 2286 omnino
2082 2224 2147 2281 in

488 2339 819 2400 Occidente
889 2330 1323 2390 monachicam
1395 2327 1589 2383 vitam
1657 2325 1721 2383 in
1776 2324 1997 2397 primis
2046 2322 2146 2380 in-

489 2434 819 2498 cunabulis
849 2431 1134 2490 iacuisse.
1186 2427 1353 2496 Quae
1406 2424 1550 2481 inde
1595 2425 1674 2481 ab
1708 2420 2147 2481 Alexandrinis

491 2532 898 2610 presbyteris,
949 2542 1109 2601 papa
1160 2524 1492 2582 Athanasio
1542 2537 1615 2579 ac
1672 2527 1887 2594 postea
1958 2519 2146 2577 Petro

484 2634 620 2692 eius
670 2640 1055 2693 successore,
1104 2622 1213 2696 qui
1262 2622 1491 2679 Romae
1536 2620 1857 2677 exulantes
1906 2619 1967 2676 8.
2030 2616 2147 2674 An-

488 2730 643 2791 tonii
715 2728 904 2787 vitam
960 2723 1381 2793 divulgarunt,
1443 2718 1646 2789 prima
1703 2717 1769 2774 in
1817 2715 2145 2775 Occidente

490 2828 669 2888 initia
699 2825 885 2898 cepit.
922 2822 1073 2880 Nam
1107 2821 1333 2877 Romae
1391 2830 1575 2873 nemo
1626 2821 1884 2887 propter
1916 2813 2007 2871 rei
2040 2826 2145 2870 no-

488 2929 741 2985 vitatem
772 2918 1259 2995 ignominiosum
1308 2914 1403 2971 vel
1446 2918 1629 2985 turpe
1683 2926 1911 2971 nomen
1956 2911 2145 2969 adsu-

490 3036 753 3083 mereeo
785 3033 981 3092 usque
1020 3029 1207 3073 ausus
1246 3017 1378 3070 erat
1437 3008 1543 3087 (3).
1607 3011 1769 3068 Haec
1812 3024 2009 3083 quum
2062 3008 2144 3065 ita

486 3137 553 3181 se
611 3118 898 3187 habeant,
972 3113 1231 3172 ubinam
1279 3108 1583 3168 Macarius
1623 3108 1983 3167 uberiorem
2040 3107 2147 3164 ho-

489 3220 691 3279 mines
745 3213 1005 3275 sanandi
1071 3217 1131 3268 et
1182 3211 1304 3267 Deo
1380 3206 1827 3265 reconciliandi
1878 3219 2146 3263 messem

491 3316 770 3376 invenire
824 3310 1045 3385 potuit,
1098 3321 1288 3380 quam
1340 3305 1589 3371 Romae,
1662 3304 1829 3362 unde
1870 3302 2143 3371 Ruﬁnus,

490 3418 547 3475 S.
586 3415 1024 3484 Hieronymus,
1078 3404 1363 3473 Melania,
1400 3401 1704 3468 Marcella,
1751 3401 1957 3467 Paula,
2010 3399 2140 3463 alii,

488 3520 556 3575 ut
585 3525 805 3571 senum
849 3509 1040 3566 vitam
1093 3506 1544 3574 cognoscerent
1599 3505 1661 3557 et
1716 3499 2141 3568 imitarentur,

485 3613 548 3671 in
585 3613 928 3682 Aegyptum
960 3596 1387 3662 ventitabant?
1445 3596 1643 3656 Verba
1696 3602 1989 3672 οἰκονομίας
2010 3611 2146 3673 gra-

490 3708 575 3769 tia
602 3723 728 3767 non
754 3706 831 3765 ad
862 3698 1392 3774 dispensationem
1442 3710 1657 3754 rerum
1711 3693 2135 3761 terrestrium,

492 3823 620 3883 quo
649 3819 832 3865 sensu
861 3816 978 3860 vox
1030 3799 1135 3857 illa
1160 3803 1251 3856 est
1294 3797 1356 3854 in
1390 3791 1653 3854 Palladii
1686 3794 1889 3865 capite
1920 3792 1996 3850 de
2028 3790 2147 3851 Se-

490 3905 779 3979 rapione,
828 3915 974 3960 sene
1027 3894 1299 3969 regionis
1354 3893 1707 3954 Arsenoitis
1753 3890 1867 3967 (4),
1915 3891 2023 3949 sed
2068 3890 2145 3948 ad

491 4003 1019 4077 dispensationem
1078 3996 1405 4059 virtutum,
1448 4007 1604 4065 quas
1652 4005 1686 4048 a
1739 3990 1982 4049 Christo
2027 3990 2149 4047 Ma-

492 4101 702 4161 carius
738 4099 1083 4169 acceperat,
1136 4090 1477 4149 retulerim.
1538 4089 1709 4147 Sicut
1759 4102 1909 4146 vero
1944 4089 2147 4146 Maca-

494 4198 627 4257 rius
663 4209 853 4253 arena
915 4188 1197 4248 humeris
1247 4187 1541 4257 imposita
1587 4186 1993 4257 cogitationes
2045 4200 2148 4244 xe-

496 4292 803 4353 nodoxiae
848 4285 1254 4359 impugnavit,
1312 4283 1397 4340 ita
1450 4281 1835 4339 Palaemonis
1890 4282 2140 4341 hortatu

496 4388 865 4450 Pachomius
893 4397 1147 4442 arenam
1206 4380 1511 4453 portando
1541 4381 1820 4452 abegisse
1849 4394 2145 4440 somnum
2182 4424 2222 4476 υ

498 4488 725 4563 legitur
762 4484 869 4562 (5).
907 4481 1054 4552 Quis
1106 4479 1214 4539 ille
1246 4478 1625 4538 Theosebius
1669 4484 1983 4538 cosmetor
2006 4478 2148 4537 fue—

500 4734 602 4788 Dr.
638 4731 726 4785 Fr.
752 4728 1130 4782 Kunstmann
1161 4718 1345 4776 Mainz
1387 4719 1521 4774 1844
1551 4735 1611 4790 p.
1644 4719 1734 4774 56.
1770 4718 1925 4775 Beda
1953 4719 2027 4775 de
2056 4735 2151 4774 re-

501 4820 717 4876 mediis
757 4818 1163 4888 peccatorum,
1197 4809 1341 4863 ibid.
1393 4824 1451 4879 p.
1491 4812 1609 4864 135.
1663 4808 1887 4865 Similia
1926 4809 1984 4863 in
2016 4808 2148 4864 aliis

494 4908 661 4965 libris
690 4900 1211 4978 poenitentialibus
1236 4897 1549 4966 leguntur.

570 4994 825 5068 (1)1bid.
855 5008 913 5063 p.
947 4989 1071 5045 146.

565 5086 643 5158 (2)
673 5086 810 5139 Hist.
846 5083 1021 5136 Laus.
1052 5077 1146 5131 ed.
1188 5077 1394 5130 Meurs.
1438 5088 1576 5145 cap.
1626 5074 1687 5127 21
1720 5075 1874 5145 Opp.
1924 5076 2133 5130 Meurs.

494 5177 556 5233 ι).
586 5175 623 5230 l.
654 5190 712 5245 p.
742 5171 868 5227 440.

570 5265 648 5335 (3)
681 5263 738 5316 S.
766 5259 1006 5314 Hieron.
1055 5268 1149 5323 ep.
1184 5249 1301 5304 127.

567 5354 642 5422 (4)
675 5351 816 5404 Hist.
852 5349 1025 5400 Laus.
1060 5343 1152 5396 ed.
1208 5341 1415 5394 Meurs.
1464 5352 1597 5407 cap.
1632 5340 1698 5390 2'7
1730 5336 1881 5406 Opp.
1924 5338 2142 5395 Meurs.

496 5439 794 5601 P-(gglita
843 5524 900 5578 S.
933 5514 1236 5575 Pachomii
1274 5528 1409 5585 cap.
1448 5517 1496 5579 1,
1542 5511 1655 5564 AA.
1686 5510 1785 5566 SS.
1834 5512 1973 5569 Boil.
2008 5515 2141 5573 Mai,

495 5618 560 5676 Τ.
593 5616 663 5673 lll
694 5630 753 5687 p.
784 5610 907 5666 297.

2258 1835 2451 1893 iusvis
2486 1839 2773 1896 monachi
2800 1840 2877 1898 ad
2906 1851 3287 1901 sacramenta
3331 1845 3675 1903 accedentis
3726 1860 3902 1904 men-

2258 1939 2384 1991 tem
2414 1934 2707 2008 Eulogius
2740 1940 3067 2011 presbyter
3120 1941 3465 2012 possedisse
3515 1943 3681 2013 101
3746 1944 3898 2016 legi-

2258 2036 2357 2089 tur
2384 2030 2493 2101 (7,.
2520 2032 2787 2093 Ammon
2818 2051 3091 2109 quoque,
3121 2053 3317 2111 quum
3369 2040 3743 2098 sacriﬁcium
3812 2043 3903 2101 ot-

2257 2126 2465 2190 t'erret,
2506 2130 2661 2189 vidit
2680 2134 2971 2205 angelum
3015 2141 3280 2194 stantem
3326 2136 3389 2195 in
3413 2139 3626 2196 dextra
3652 2139 3888 2205 altaris,

2257 2224 2603 2301 fratresque
2655 2231 2729 2288 ad
2785 2247 3029 2290 sacram
3068 2238 3578 2294 communionem
3608 2238 3903 2296 acceden-

2253 2330 2346 2383 tes
2377 2325 2440 2383 in
2512 2326 2677 2386 libro
2723 2335 3039 2389 notantem
3088 2331 3208 2407 (8).
3282 2333 3456 2391 Alius
3496 2336 3686 2393 etiam
3717 2351 3904 2395 senex

2254 2422 2623 2483 sacriﬁcanti
2674 2427 2793 2484 sibi
2840 2443 2875 2485 a
2919 2428 3138 2489 dextra
3180 2436 3239 2490 et
3284 2447 3319 2488 a
3362 2432 3614 2490 sinistra
3655 2434 3907 2507 angelos

2254 2520 2565 2580 adstantes
2637 2525 2861 2583 vidisse
2914 2535 3203 2587 narratur
3247 2528 3359 2605 (9).
3429 2530 3515 2588 Ac
3569 2532 3903 2589 Macarium

2255 2619 2617 2691 dignitatem
2673 2624 2768 2680 vel
2808 2623 3242 2697 indignitatem
3272 2641 3517 2697 eorum,
3552 2630 3660 2701 qui
3692 2629 3771 2687 ad
3820 2631 3908 2687 al-

2254 2721 2385 2774 tare
2423 2720 2825 2794 accedebant,
2878 2726 3240 2795 cognovisse
3294 2725 3555 2798 legimus
3594 2727 3758 2786 libro
3817 2742 3914 2785 se-

2254 2815 2461 2873 cundo
2506 2814 2655 2891 (10).
2711 2819 2886 2887 Quod
2918 2820 3084 2879 idem
3141 2822 3220 2881 de
3275 2824 3477 2882 Marco
3530 2839 3677 2883 sene
3725 2825 3913 2884 8οιο-

2256 2926 2476 2971 menus
2495 2913 2628 2991 (11)
2657 2917 2891 2988 retulit,
2928 2918 3270 2977 Palladium
3306 2929 3576 2980 secutus.

2338 3011 2473 3069 lstis
2520 3020 2730 3071 autem
2802 3017 3010 3074 verbis
3065 3014 3367 3086 πολιοφςὲγε,
3420 3016 3563 3089 lips,
3622 3021 3908 3091 φαγὸγηρε,

2256 3110 2488 3182 quibus
2540 3112 2866 3182 Macarius,
2920 3128 3118 3185 quum
3161 3117 3223 3173 in
3262 3122 3536 3174 extrema
3590 3124 3908 3177 senectute

2257 3207 2322 3265 in
2363 3208 2517 3266 cella
2562 3210 2827 3278 sederet,
2892 3226 2959 3270 se
2998 3213 3133 3284 ipse
3165 3215 3497 3287 increpuit,
3547 3213 3608 3273 S.
3645 3216 3913 3275 Antonio

2258 3310 2321 3363 et
2373 3307 2561 3366 Paulo
2613 3308 2889 3382 simplici
2941 3311 3311 3370 daemonem
3368 3314 3681 3385 quendam
3720 3315 3912 3373 male-

2258 3402 2490 3463 dixisse
2540 3407 2690 3480 legis
2734 3408 2883 3483 (12).
2950 3408 3159 3482 Neque
3208 3410 3549 3483 incongrue
3618 3410 3696 3469 iis
3746 3411 3915 3469 dicta

2256 3505 2731 3579 contumeliosa,
2827 3507 3060 3580 quibus
3145 3522 3390 3566 summa
3465 3508 3914 3569 incontinentia

2256 3601 2665 3675 signiﬁcetur,
2708 3618 2949 3664 cernas.

2338 3701 2418 3758 De
2446 3703 2652 3759 caecis
2707 3703 2982 3773 hyaenae
3012 3703 3105 3761 vel
3137 3703 3389 3763 leaenae
3431 3705 3651 3764 catulis
3702 3720 3737 3763 a
3767 3720 3915 3765 sene

2254 3799 2452 3856 eremi
2502 3800 2731 3857 sanatis
2769 3799 2957 3858 etiam
2999 3799 3302 3872 Sulpitius
3370 3801 3632 3860 Severus
3706 3803 3915 3860 tradi-

2256 3896 2346 3955 dit
2398 3895 2549 3971 (13),
2613 3897 2722 3969 qui
2770 3911 2982 3954 senem
3035 3898 3251 3957 oculos
3310 3912 3533 3957 eorum
3588 3900 3912 3958 restituen-

2255 4000 2383 4052 tem
2467 4008 2589 4053 non
2693 3994 3055 4061 nominavit,
3136 4001 3406 4055 attamen
3501 4013 3625 4054 eum
3700 3994 3915 4056 duobus

2254 4088 2490 4150 Nitriae
2564 4088 2858 4149 monachis
2917 4088 3055 4149 olim
3145 4095 3207 4148 in
3280 4093 3615 4153 monasterii
3683 4112 3914 4153 conver-

2252 4197 2475 4249 satzone
2527 4206 2727 4248 carum
2806 4193 2862 4246 et
2936 4187 3297 4265 familiarem
3352 4189 3551 4267 fuisse,
3596 4197 3645 4250 et
3693 4189 3911 4251 duode-

2253 4288 2365 4346 cim
2407 4306 2586 4349 annos
2642 4285 2706 4345 in
2754 4295 3005 4344 extremo
3057 4284 3159 4344 illo
3201 4284 3413 4346 deserto
3460 4286 3709 4347 Blembis
3769 4307 3905 4348 con-

2254 4391 2411 4463 tigua
2440 4383 2834 4444 anachoretam
2895 4383 3179 4443 habitasse
3228 4388 3333 4445 ait.
3390 4387 3503 4447 Ubi
3558 4402 3671 4461 pro
3704 4384 3899 4445 Blem-

2258 4483 2340 4543 bi:
2410 4486 2474 4544 in
2525 4484 2893 4547 collectione
2946 4484 3259 4544 Rosweidi
3305 4485 3484 4560 falso,
3535 4492 3602 4546 ut
3647 4486 3905 4559 Opinor,

2332 4722 2405 4795 (6)
2435 4723 2576 4777 Hist.
2626 4722 2801 4777 Laus.
2845 4720 2939 4778 ed.
2990 4722 3201 4778 Meurs.
3254 4738 3389 4795 cap.
3426 4726 3458 4778 2
3511 4724 3656 4795 Opp.
3695 4725 3909 4781 Meurs.

2255 4810 2295 4867 l.
2323 4811 2371 4867 Ι.
2409 4826 2467 4882 p.
2498 4810 2622 4866 349.

2329 4900 2407 4971 (7)
2432 4898 2579 4954 Ibid.
2613 4915 2746 4971 cap.
2779 4898 2848 4954 76
2879 4914 2937 4971 p.
2966 4899 3089 4955 537.

2326 4989 2407 5058 (8)
2438 4987 2587 5042 Ibid.
2617 5004 2751 5059 cap.
2787 4989 2857 5044 73
2887 5005 2945 5060 p.
2968 4989 3097 5044 536.

2326 5078 2404 5146 (9)
2432 5077 2537 5130 VV.
2564 5076 2668 5131 PP.
2700 5079 2893 5132 Bosw.
2925 5077 3029 5133 lib.
3060 5078 3106 5133 X
3135 5094 3275 5151 cap.
3318 5079 3418 5135 199
3450 5094 3509 5152 p.
3536 5079 3657 5142 927,
3694 5080 3749 5134 2.

2329 5164 2439 5236 (10)
2466 5165 2548 5219 Cf.
2578 5165 2731 5221 infra
2756 5165 2945 5238 Caput
2979 5168 3070 5224 IV.

2327 5254 2439 5323 (11)
2473 5254 2703 5310 Sozom.
2738 5256 2875 5313 Hist.
2910 5256 3128 5312 Eccles.
3161 5256 3265 5313 lib.
3292 5260 3355 5313 Vl
3389 5274 3525 5329 cap.
3564 5261 3631 5314 29
3663 5257 3758 5313 ed.
3796 5258 3909 5314 Va-

2253 5340 2360 5398 les.
2390 5359 2445 5412 p.
2479 5341 2601 5397 681.

2324 5431 2439 5502 (1'2)
2469 5432 2615 5489 Hist.
2657 5433 2833 5489 Laus.
2855 5434 2949 5490 ed.
2980 5437 3191 5491 Meurs.
3224 5452 3354 5507 cap.
3384 5435 3451 5491 29
3474 5452 3533 5508 p.
3559 5436 3687 5493 436.

2326 5519 2442 5589 (13)
2472 5520 2618 5575 Dial.
2653 5523 2672 5575 l
2702 5539 2835 5595 cap.
2869 5525 2935 5580 15
2978 5524 3248 5581 Galland.
3285 5525 3430 5581 Bibl.
3465 5525 3560 5581 PP.
3597 5524 3661 5581 T.
3694 5524 3811 5581 VIII
3839 5541 3903 5600 p.

2254 5609 2379 5675 407,
2414 5611 2466 5676 1,
2507 5610 2698 5681 ligna
2729 5612 2940 5673 Patrol.
2972 5616 3032 5672 Τ.
3061 5616 3156 5672 XX
3186 5630 3253 5689 ρ.
3292 5616 3417 5672 193.
