4094 6208
189 250 252 303 97
1794 270 2021 327 VITAE.

3542 317 3613 370 98

181 377 492 450 Memphis
539 376 629 455 (l)
661 384 751 439 est
785 400 798 449 ;
833 397 973 442 nam
1019 385 1336 447 desertum
1386 391 1657 466 Memphi
1687 411 1846 454 con—
1879 397 1923 449 Α
1955 399 2358 464 desideraret.
2406 411 2803 478 Postmodum
2858 423 2922 482 in
2980 426 3099 486 hoc
3157 430 3295 492 loco
3351 450 3474 496 non
3518 409 3642 501 est.

179 474 421 546 tignum
455 477 560 534 vix
593 487 940 539 extremum
988 487 1327 544 vocaveris.
1384 489 1467 547 Ac
1497 490 1840 568 desertum,

1953 497 2120 557 visus
2149 500 2270 569 leo,
2303 509 2408 564 sed
2441 524 2628 582 quam
2675 516 2946 588 plurima
2997 525 3223 586 damna
3252 531 3467 594 intulit

173 571 236 629 in
267 588 399 645 quo
431 577 808 634 anachoreta
831 579 1096 641 vivebat.
1123 599 1158 640 a
1190 583 1383 643 Nitria
1408 588 1584 661 longe
1609 590 1841 651 distare
1952 595 2228 656 minibus
2257 609 2316 660 et
2344 571 2640 667 iumentis
2666 571 2773 689 (r7).
2810 637 2840 669 »

173 684 318 728 cum
374 672 684 744 Sulpitius
727 672 991 736 Severus
1047 679 1180 752 ipse
1230 691 1462 751 narrat,
1509 691 1639 745 tum
1693 690 1839 749 inde

2031 693 2222 754 Porro
2274 715 2548 774 causam,
2604 723 2718 766 cur
2747 713 3069 788 Macarius,
3126 738 3202 781 ex
3243 742 3372 799 quo
3405 731 3604 806 bapti-

177 774 367 840 patet,
395 770 566 842 quod
595 771 686 829 illi
716 773 949 834 Nitriae
981 780 1266 837 monachi
1296 783 1562 854 septimo
1583 786 1835 846 demum
1951 793 2124 850 zatus
2191 802 2282 853 est
2350 770 2661 874 tempore,
2720 770 3110 887 septuaginta
3177 770 3372 883 armis
3405 770 3599 892 ἶιαυνῐὲἰ

179 879 394 924 mense
435 867 498 925 id
552 868 923 930 invenerunt
954 871 1064 950 (2).
1113 877 1402 936 Blembos
1451 896 1596 941 vero
1627 884 1837 958 Sulpi-

184 963 312 1021 tius
358 964 615 1023 Severus
667 967 1018 1042 Blemmyes
1081 987 1301 1033 vocare
1355 978 1624 1055 videtur,
1673 983 1837 1042 Stra-

185 1058 346 1119 bone
396 1068 652 1123 testante
709 1064 800 1140 (3)
857 1068 1232 1142 Aethiopum
1287 1075 1592 1146 subditos,
1662 1079 1832 1150 102

179 1159 497 1232 Aegyptiis
544 1160 865 1222 ﬁnitimos.
922 1166 1160 1224 Etenim
1211 1169 1516 1244 Sulpitius
1571 1175 1836 1235 Severus
1945 1196 2067 1240 non
2121 1188 2282 1246 enati
2333 1204 2467 1250 esse
2517 1159 2970 1280 legunturts—i.

175 1256 386 1329 paullo
461 1265 618 1330 post,
692 1261 1146 1324 adolescentem
1218 1270 1556 1345 quendam,
1635 1286 1830 1346 quum

166 1353 232 1411 in
288 1356 574 1429 Aegypto
655 1358 944 1418 tribunus
1013 1370 1195 1436 esset,
1276 1364 1662 1445 frequentibus
1729 1368 1832 1427 ad-

163 1468 394 1509 versum
480 1450 734 1513 Blembos
803 1457 1252 1535 expeditionibus
1317 1469 1626 1539 quaedam
1696 1485 1830 1529 ere-

159 1551 248 1608 mi
313 1550 452 1610 Ioca
506 1555 838 1626 contigisse
888 1557 997 1632 (Ii),
1063 1567 1291 1620 narrat.
1351 1564 1519 1633 Quae
1574 1569 1828 1640 expedi-

156 1646 368 1706 tiones
398 1650 553 1721 quin
592 1658 806 1710 contra
853 1655 1210 1730 'Blemmyes
1256 1664 1575 1734 nomades,
1609 1664 1824 1724 ﬁnium

1949 903 2072 946 non
2121 896 2382 964 spuerit,
2430 899 2617 960 aliam
2653 906 2770 965 nisi
2809 918 2874 968 ut
2921 916 3365 980 continentiam
3397 933 3602 987 osten-

1946 987 2142 1055 deret,
2195 1005 2313 1050 non
2377 995 2648 1059 invenio.
2713 1004 2830 1063 Sed
2888 1009 2999 1080 pili
3060 1014 3292 1076 barbae
3361 1024 3444 1080 ob
3499 1026 3600 1084 ni-

1948 1083 2136 1144 miam
2193 1093 2698 1158 exercitationem
2757 1103 2947 1164 etiam
3015 1108 3233 1171 Joanni
3305 1117 3369 1175 in
3439 1120 3596 1194 Lyco

3027 1207 3254 1270 Ultima
3326 1215 3598 1292 denique

1945 1279 2055 1336 ista
2129 1287 2403 1346 narratio
2461 1291 2539 1349 de
2600 1279 3104 1374 cogitationibus,
3175 1325 3336 1381 quae
3405 1279 3601 1376 Palla-

1942 1375 2117 1435 dium
2147 1381 2322 1440 abire
2366 1386 2682 1458 iusserint,
2717 1397 2884 1467 quod
2929 1401 3084 1461 nihil
3113 1375 3323 1478 ageret
3355 1411 3418 1470 in
3451 1413 3596 1473 soli-

1941 1475 2176 1543 tudine,
2247 1481 2416 1541 varie
2502 1489 2747 1549 exculta
2830 1496 2983 1555 alibi
3061 1475 3314 1576 quoque
3377 1522 3597 1570 occur-

1939 1571 2152 1680 τηρ).
2345 1677 2357 1680 _
3081 1571 3097 1572 ί
3210 1571 3228 1576 “
3393 1670 3414 1680 _

2017 1667 2047 1745 ξ
2092 1672 2188 1730 ει..
2247 1675 2312 1732 Et
2343 1677 2496 1738 haec
2535 1683 2790 1754 quidem
2841 1691 2917 1748 ad
2949 1701 3136 1766 caput
3193 1670 3449 1761 Palladii
3516 1706 3594 1765 de

161 1745 432 1821 Aegypti
466 1750 731 1819 accolas,
767 1752 961 1811 factae
987 1755 1130 1818 sint,
1165 1757 1264 1815 vix
1297 1759 1563 1820 dubium
1593 1768 1686 1821 est
1707 1761 1820 1840 (5).
1861 1749 1903 1802 Β
1937 1766 2204 1829 Macario
2301 1745 2718 1840 Alexandrino
2800 1745 3594 1862 i1i£s£§n3u1§fm§i§ésn§§

159 1842 280 1901 Sed
327 1845 672 1904 Macarium
714 1849 1203 1911 Alexandrinum
1252 1855 1587 1917 duodecim
1631 1876 1826 1920 annos

160 1941 224 1998 in
283 1941 402 1999 ista
475 1943 866 2017 Blemmyum
939 1964 1154 2009 eremo
1218 1954 1658 2014 anachoretam
1727 1959 1828 2015 vi-

157 2038 348 2111 xisse,
381 2039 448 2096 id
493 2042 662 2112 quod
693 2043 843 2102 alibi
890 2060 1010 2105 non
1052 2049 1339 2117 traditur,
1393 2053 1528 2112 solo
1558 2054 1826 2129 Sulpitio

158 2141 315 2195 teste
369 2152 495 2195 non
543 2140 969 2214 crediderim;
1023 2145 1079 2202 is
1106 2146 1273 2205 enim
1331 2165 1462 2208 rem
1517 2152 1674 2209 fama
1728 2169 1825 2211 ac-

155 2234 349 2307 cepit,
398 2250 590 2308 quam
634 2238 908 2298 Palladio
942 2242 1322 2315 Paphnutius
1351 2289 1365 2314 ,
1417 2249 1661 2308 Macarii
1720 2252 1821 2309 di-

155 2331 468 2404 scipulus,
517 2336 752 2399 retulit.
803 2339 911 2410 qui
945 2340 1305 2415 Macarium,
1357 2360 1551 2418 quum
1600 2350 1822 2408 catulis

151 2431 372 2488 oculos
434 2431 811 2502 restitueret,
881 2433 1038 2493 domi
1095 2437 1156 2494 in
1207 2438 1345 2498 aula
1392 2441 1563 2501 cellae
1642 2443 1820 2521 ipsius

151 2525 391 2585 sedisse
425 2529 603 2586 dixit.
655 2531 1114 2594 Familiaritatis
1152 2543 1360 2598 autem
1401 2557 1618 2599 senum
1673 2559 1817 2602 cum

149 2624 301 2682 ieris
345 2624 623 2698 plurima
655 2631 943 2702 exempla
995 2631 1400 2695 inveniuntur
1446 2636 1554 2714 (6).
1593 2640 1816 2699 Ludol—

149 2721 246 2779 fus
291 2737 554 2796 quoque
602 2740 798 2798 quum
830 2743 988 2787 saec.
1021 2730 1148 2789 XIV
1201 2733 1605 2794 Palaestinam
1660 2739 1816 2796 invi-

148 2826 333 2892 seret,
381 2821 463 2880 de
514 2825 697 2880 terris
738 2825 989 2885 Jordani
1043 2828 1472 2890 adiacentibus
1504 2835 1654 2892 haec
1684 2839 1808 2894 tra-

146 2917 344 2977 didit:
417 2938 449 2972 «
483 2921 683 2993 Supra
725 2923 958 2982 ﬂuxum
1011 2925 1299 2986 Jordanis
1350 2936 1491 2988 sunt
1540 2933 1812 3001 plurima

1934 1872 2131 1925 erant.
2189 1869 2414 1946 Restat,
2463 1882 2530 1934 ut
2585 1887 2857 1952 quatuor
2907 1891 3319 1968 narrationes,
3361 1898 3592 1970 quibus

1934 1967 2171 2022 textum
2231 1983 2265 2025 a
2321 1971 2587 2034 Meursio
2639 1978 2877 2041 editum
2942 1985 3313 2063 Hervetique
3358 1967 3586 2056 versio-

1935 2077 2075 2119 nem
2125 2064 2187 2122 in
2236 2066 2344 2127 illo
2385 2073 2588 2144 capite
2633 2078 2957 2140 codicibus
3003 2085 3589 2154 Vindobonensibus

1932 2161 2280 2235 ceterisque
2331 2169 2724 2232 versionibus
2771 2178 3250 2252 locupletiorem
3301 2203 3437 2249 esse
3478 2192 3587 2251 do-

1931 2257 2200 2332 cuimus,
2257 2266 2706 2329 examinemus.
2778 2275 2944 2343 Quae
3023 2281 3280 2352 quidem
3361 2289 3587 2361 capitis

1932 2352 2112 2413 initio
2143 2365 2281 2429 post
2332 2361 2584 2423 Palladii
2617 2370 2827 2439 verba,
2885 2375 3133 2435 Macarii
3183 2352 3586 2446 Alexandrini

1937 2449 2107 2520 103
2149 2456 2270 2514 alia
2297 2473 2362 2516 se
2404 2461 2614 2534 ipsum
2646 2467 2873 2527 vidisse
2902 2486 3094 2544 opera
3121 2482 3182 2535 et
3231 2480 3425 2554 signa,
3461 2485 3583 2544 alia

1929 2564 1994 2606 se
2037 2554 2117 2610 ab
2161 2553 2262 2626 iis,
2310 2558 2417 2631 qui
2463 2575 2586 2620 una
2626 2579 2769 2624 cum
2815 2581 2891 2627 eo
2934 2570 3224 2648 vixerint,
3258 2577 3580 2657 didicisse,

1926 2647 2010 2706 ita
2039 2647 2327 2724 leguntur
2360 2671 2373 2712 :

2011 2767 2040 2798 ‹‹
2075 2747 2132 2806 Is
2174 2764 2369 2822 quum
2401 2759 2566 2828 apud
2599 2766 2842 2832 patrem
2891 2765 3228 2830 Antonium
3281 2788 3578 2850 magnum

1923 2844 2156 2904 electos
2241 2853 2554 2922 quondam
2631 2859 2877 2930 palmae
2944 2879 3176 2941 ramos,
3242 2844 3416 2944 quos
3473 2875 3582 2936 ille

1920 2945 2241 3014 tractabat,
2312 2949 2586 3019 vidisset,
2646 2970 2840 3015 unum
2911 2961 2991 3018 ab
3041 2978 3119 3022 eo
3183 2969 3579 3042 manipulum

2573 3015 2582 3019 '
2916 3015 2983 3018 ’τῆ
3046 3015 3114 3022 *ν
3183 3015 3572 3042 --ανκ-ιιιυιιιιιιι

146 3015 534 3075 Graecorum
593 3026 655 3076 et
713 3019 1268 3082 Schismaticorum
1327 3031 1698 3087 monasteria
1751 3035 1812 3088 et
1847 3065 1886 3119 ρ
1921 3053 2244 3100 ramorum
2275 3047 2473 3117 petiit.
2526 3051 2635 3108 Cui
2684 3056 2987 3116 Antonius
3030 3075 3045 3116 :
3091 3063 3410 3135 Scriptum
3460 3076 3572 3143 est,

149 3114 506 3143 Λ-ΛινιέοΑ-ἷη
563 3118 827 3143 η-ηιὲΑ-.ι
911 3120 1074 3143 1.--.Α-
1136 3126 1391 3143 -__._J_,_-
1436 3126 1468 3143 II
1543 3142 1548 3143 ,
1625 3141 1657 3143 η
1721 3127 1733 3140 ι
1922 3137 1934 3143 -
2081 3140 2090 3143 -
2217 3141 2258 3143 ,μ

148 3114 510 3174 eremitoria
560 3118 852 3188 gratiosa.
903 3120 1082 3179 Juxta
1129 3126 1398 3182 eundem
1433 3126 1666 3185 ﬂuxum
1717 3127 1810 3186 in-

148 3212 567 3269 numerabilia
663 3222 1004 3275 cernuntur
1098 3220 1398 3278 animalia
1499 3223 1806 3283 silvestria

146 3322 326 3380 parva
374 3314 443 3367 et
492 3323 712 3382 magna
759 3314 929 3372 omni
983 3330 1242 3389 vespere
1287 3334 1351 3376 se
1407 3321 1802 3394 adaquantia,

145 3406 503 3477 specialiter
569 3409 801 3478 leones,
857 3411 1093 3485 vulpes,
1152 3417 1452 3488 capreoli,
1513 3419 1679 3477 cervi
1745 3424 1808 3478 et

145 3503 412 3575 lepores,
455 3506 630 3577 capri
676 3507 991 3568 silvestres
1042 3517 1103 3568 et
1156 3513 1516 3573 huiusmodi
1564 3519 1804 3575 anima-

146 3599 242 3667 lia,
275 3615 446 3673 quae
501 3601 670 3661 iuxta
715 3604 1000 3665 homines
1051 3611 1346 3669 incedunt
1392 3618 1458 3670 ut
1510 3613 1804 3672 animalia

144 3697 509 3757 domestica.
569 3701 633 3758 In
691 3703 913 3761 eodem
977 3706 1112 3764 loco
1182 3711 1578 3782 temporibus
1647 3712 1805 3770 meis

142 3801 311 3854 trans
358 3800 572 3871 ripam
624 3799 911 3860 Jordanis
952 3804 1048 3861 leo
1087 3805 1348 3865 adsidue
1375 3823 1508 3866 esse
1538 3809 1798 3878 solebat,

142 3900 198 3952 et
227 3894 529 3953 homines
577 3901 962 3957 transeuntes
1005 3903 1244 3974 aspexit
1272 3909 1333 3961 et
1370 3907 1569 3964 cauda
1618 3907 1805 3965 blan-

142 3991 318 4049 diens
365 4006 550 4052 more
591 3996 765 4052 canis
811 4003 872 4054 et
911 4012 1032 4056 non
1077 4000 1253 4074 fugit,
1288 4017 1400 4061 nec
1446 4004 1524 4062 de
1555 4004 1656 4062 die
1687 4005 1804 4063 ali-

143 4090 244 4147 cui
305 4090 551 4163 aliquid
625 4092 836 4151 damni
905 4095 1135 4155 intulit.
1206 4099 1476 4159 Tandem
1544 4102 1802 4174 quidam

143 4188 506 4259 sagittarius
549 4196 778 4258 noster,
814 4193 1025 4251 volens
1073 4209 1218 4254 eum
1266 4200 1505 4257 terrere
1551 4204 1610 4258 et
1661 4199 1804 4259 irri-

141 4291 296 4351 tare,
349 4285 638 4358 sagittam
691 4289 918 4347 emisit.
991 4291 1108 4350 Leo
1173 4309 1238 4351 se
1300 4309 1422 4353 non
1490 4299 1796 4364 movebat,

1917 3137 2144 3212 inquit,
2213 3141 2345 3200 Non
2427 3150 2834 3222 concupisces
2916 3169 3018 3214 res
3094 3162 3370 3231 proximi
3455 3168 3570 3226 tui.

1916 3236 2089 3305 Quod
2137 3239 2342 3298 solum
2399 3257 2592 3316 quum
2635 3247 2915 3320 dixisset,
2968 3257 3128 3314 rami
3181 3273 3402 3321 omnes
3444 3269 3578 3323 sta-

1917 3335 2028 3392 tim
2072 3340 2366 3410 tanquam
2415 3342 2542 3415 igni
2593 3349 2908 3408 torrefacti
2959 3359 3122 3412 sunt.
3169 3356 3236 3415 Id
3295 3360 3402 3419 ubi
3456 3363 3576 3423 An-

1917 3434 2124 3492 tonius
2178 3435 2354 3505 vidit,
2415 3439 2705 3512 Macario,
2780 3447 2954 3517 Ecce,
3016 3451 3241 3528 inquit,
3313 3459 3576 3532 spiritus

1916 3531 2231 3604 requievit
2265 3550 2456 3608 super
2486 3543 2565 3610 te,
2613 3542 2866 3617 erisque
2895 3549 3052 3608 mihi
3084 3551 3381 3629 deinceps
3428 3559 3575 3618 hae-

1917 3642 2016 3686 res
2040 3630 2341 3690 virtutum
2373 3648 2684 3696 mearum.

1995 3744 2026 3780 «
2064 3728 2342 3788 Eundem
2391 3747 2659 3806 corpore
2689 3740 2868 3798 valde
2913 3742 3314 3819 defatigatum
3359 3751 3422 3809 in
3472 3768 3569 3812 so-

1915 3823 2179 3883 litudine
2207 3827 2496 3887 diabolus
2525 3832 2786 3907 invenit,
2835 3838 3066 3911 eique:
3115 3845 3288 3907 Ecce,
3338 3847 3564 3922 inquit,

1911 3922 2172 3993 gratiam
2229 3926 2477 3984 Antonii
2551 3932 2892 4006 accepisti;
2949 3952 3062 3996 cur
3133 3942 3384 4000 tandem
3441 3959 3564 4004 non

1912 4019 2107 4077 uteris
2153 4021 2472 4092 dignitate,
2524 4034 2709 4100 atque
2753 4045 2790 4088 a
2846 4033 2969 4092 Deo
3020 4035 3235 4096 cibum
3292 4045 3354 4099 et
3399 4042 3564 4102 vires

1912 4117 1986 4174 ad
2046 4118 2168 4176 iter
2225 4119 2705 4192 ingrediendum
2764 4131 2923 4202 petis
2973 4131 3004 4192 εἰ
3050 4135 3160 4194 Hic
3203 4143 3411 4196 autem
3464 4155 3559 4199 re-

1910 4216 2161 4287 spondit
2212 4236 2225 4275 :
2282 4217 2488 4279 Virtus
2548 4237 2687 4282 mea
2735 4233 2795 4284 et
2848 4229 2984 4289 laus
3040 4246 3179 4292 mea
3238 4236 3560 4299 Dominus.

1912 4313 1997 4370 Tu
2066 4319 2273 4372 autem
2344 4331 2420 4374 ne
2485 4323 2816 4382 tentaveris
2880 4341 3130 4388 servum
3180 4334 3280 4392 Dei
3329 4335 3342 4394 t
3396 4337 3566 4397 Fecit

144 4382 248 4439 sed
300 4383 381 4440 ad
437 4384 724 4455 sagittam
778 4387 1100 4462 adorabat,
1153 4397 1214 4450 et
1268 4407 1411 4451 cum
1462 4393 1566 4452 ille
1598 4395 1805 4456 denuo
1837 4413 1880 4466 D
1913 4424 2061 4483 ergo
2090 4411 2402 4489 diabolus,
2437 4421 2504 4474 ut
2544 4418 2603 4475 ei
2655 4382 3021 4492 phantasma
3062 4439 3418 4503 appareret,
3467 4450 3568 4494 ca-

145 4479 434 4552 sagittam
493 4480 826 4549 emitteret,
877 4483 976 4544 leo
1037 4501 1103 4544 se
1158 4489 1394 4547 directe
1445 4497 1662 4550 contra
1714 4509 1807 4551 sa—

147 4576 363 4648 gittam
414 4579 634 4646 erexit,
669 4581 843 4653 quasi
872 4597 982 4641 ore
1012 4589 1072 4642 et
1101 4587 1369 4659 pedibus
1397 4603 1534 4646 eam
1583 4605 1810 4664 capere

219 4729 292 4796 (i)
339 4727 466 4783 VV.
501 4727 601 4782 PP.
634 4731 828 4788 Rosw.
859 4730 961 4787 lib.
1004 4733 1074 4786 IV
1102 4750 1236 4807 cap.
1259 4740 1290 4792 8
1315 4753 1376 4810 p.
1411 4741 1536 4808 540,
1564 4740 1616 4794 2.

222 4817 298 4884 (2)
343 4815 496 4871 Dial.
527 4816 695 4881 1,1.1.

225 4906 302 4973 (3)
345 4903 692 4976 Geograph.
723 4907 827 4964 lib.
859 4911 997 4966 XVII
1025 4911 1212 4969 initio.

229 4995 305 5062 (4)
345 4993 502 5048 Dial.
543 4992 566 5047 Ι
601 5010 735 5066 cap.
775 4997 840 5051 22
873 4999 1141 5057 Galland.
1198 5001 1343 5059 Bibl.
1379 5006 1486 5062 PP.
1532 5005 1570 5061 l.
1615 5006 1658 5060 l.
1690 5007 1817 5073 408,

163 5081 211 5147 Ξ,
242 5083 440 5150 Migne
482 5081 522 5136 l.
553 5082 602 5139 Ι.
645 5099 703 5153 p.
732 5085 857 5140 197.

1919 4509 2118 4566 melus
2167 4523 2360 4568 onera
2413 4512 2696 4574 baiulans
2742 4523 2802 4576 et
2854 4535 3071 4582 errans
3123 4541 3237 4598 per
3283 4530 3571 4592 solitudi-

1920 4619 2083 4672 nem,
2120 4607 2356 4666 habens
2383 4612 2595 4669 omnia
2624 4614 2700 4671 ad
2741 4631 2926 4675 usum
2969 4625 3348 4684 necessaria.
3403 4628 3572 4696 Quae

1924 4771 2106 4812 mano
2139 4757 2564 4823 praebuerunt.
2595 4783 2624 4815 »
2651 4763 2733 4820 Cf.
2759 4769 2994 4840 Vopisc.
3026 4775 3328 4833 Aurelian.
3361 4778 3453 4834 33.
3484 4781 3572 4836 41.

1997 4849 2072 4914 (6)
2112 4847 2892 4942 Nonnullalegisinisiulpitii
2914 4860 3108 4917 Severi
3135 4865 3284 4922 Dial.
3318 4867 3360 4921 Ι.
3394 4884 3573 4942 capp.

1930 4933 2014 4989 I3.
2044 4934 2132 4989 14.
2163 4935 2296 4990 Alia
2328 4937 2518 4994 multa
2557 4939 2616 4996 in
2649 4941 2765 5000 VV.
2798 4944 2902 5000 PP.
2937 4960 3285 5013 occurrunt.

1997 5028 2074 5090 (7)
2112 5023 2345 5079 Ludolﬁ
2379 5029 2624 5082 rectoris
2651 5032 2942 5090 ecclesiae
2982 5036 3347 5108 parochialis
3378 5045 3440 5101 in
3478 5049 3585 5103 Su-

1930 5109 2104 5167 chem
2135 5113 2220 5168 De
2247 5113 2457 5172 itinere
2497 5125 2741 5175 sanctae
2783 5125 2984 5182 terrae
3022 5126 3193 5185 liber.
3223 5132 3388 5189 Nach
3425 5135 3584 5193 alten

233 5173 310 5242 (ὅ)
345 5170 575 5227 Minius
608 5173 760 5243 (Nat'
790 5176 933 5232 Hist“
963 5178 1103 5249 V'B)
1129 5179 1468 5252 Blemmyas
1493 5187 1730 5254 geniem
1763 5186 1822 5242 in
1933 5200 2387 5257 Handschriften
2434 5170 2758 5278 vberichtiwg't
2783 5170 3587 5287 EELXE:.§Z§LL$§°§OZ"E

239 5260 511 5287 ..ιε..;ι...-
549 5263 783 5287 .-.ηηιε
818 5265 1179 5287 manu.--”
1322 5271 1335 5287 .
1368 5271 1400 5287 ..
1468 5278 1478 5287 .
1691 5275 1724 5287 ..

167 5260 512 5316 conﬁnibus
536 5263 786 5334 Aegypti
817 5265 1188 5325 habitantem
1213 5271 1506 5374 perhibet,
1543 5292 1571 5324 (ι
1600 5275 1824 5374 quibus
1937 5289 1996 5343 ιτ,
2025 5289 2238 5361 Deyks.
2270 5291 2488 5362 sums.
2528 5260 2758 5369 1851“;
2785 5260 3201 5374 ὧνξᾷῗνουυνῗ

171 5349 493 5404 traduntur
520 5352 719 5421 capita
767 5352 998 5421 abesse,
1031 5372 1132 5412 ore
1162 5363 1219 5414 et
1247 5359 1438 5415 oculis
1485 5363 1709 5433 pectori
1738 5364 1828 5420 af-

170 5437 320 5493 ﬁxis.
350 5459 380 5489 υ
411 5438 785 5511 Vopiscusin
802 5442 1070 5500 Probo”
1092 5461 1104 5499 :
1123 5446 1534 5521 «Blemmyas,
1559 5471 1583 5501 υ
1610 5450 1825 5524 inquit,

175 5546 203 5577 ι
228 5528 407 5584 etiam
429 5528 688 5598 subegit,
705 5545 966 5602 quorum
991 5535 1261 5606 captivos
1282 5539 1535 5594 Romam
1554 5541 1830 5598 transmi-

173 5616 267 5671 sit.
301 5617 412 5683 Qui
452 5616 792 5674 mirabilem
815 5621 905 5676 sui
931 5622 1129 5679 visum
1149 5630 1424 5698 stupente
1463 5629 1689 5702 populo
1719 5633 1830 5687 Ro-

462 5731 704 5790 PATBOL.
744 5734 847 5791 Gn.
887 5737 1135 5797 XXXIV.

2007 5378 2084 5450 (8)
2123 5379 2261 5436 Hist.
2285 5380 2458 5439 Laus.
2489 5383 2586 5441 ed.
2610 5388 2830 5445 Meurs.
2863 5406 2996 5463 cap.
3024 5395 3093 5449 44-
3120 5393 3275 5468 Opp.
3305 5398 3519 5457 Meurs.
3545 5401 3590 5462 l.

1938 5467 1978 5521 Ι.
2013 5483 2072 5539 ρ.
2104 5469 2234 5525 473.

1946 5555 1952 5563 ’
2012 5557 2088 5629 (9)
2120 5558 2388 5653 VV._PP.
2415 5563 2612 5653 Dosw.
2654 5564 2756 5623 lib.
2789 5569 2860 5625 Ill
2889 5585 3075 5653 capp.
3116 5573 3246 5632 106.
3275 5575 3402 5634 107.
3443 5581 3594 5649 108;

1937 5646 2021 5704 ib.
2060 5647 2310 5704 Vlibell.
2338 5650 2394 5718 7,
2431 5651 2524 5708 35.

3283 5764 3322 5818 4
