4094 6208
521 234 592 290 99
1399 235 1502 289 SS.
1541 233 2026 291 MACARIORUM
2066 235 2397 293 AEGYPTII
2439 236 2523 291 ET
2562 237 3048 293 ALEXANDRINI

3818 241 3914 297 100

507 367 763 441 quidem
796 379 992 438 prope
1034 364 1392 432 Macarium,
1440 379 1630 438 quem
1670 365 1931 432 viderat,
1986 367 2162 424 adse-
2195 366 2237 418 A
2271 382 2345 424 ex
2377 368 2534 425 urbe
2593 367 2965 426 Alexandria
3009 368 3339 442 oriundus,
3399 369 3772 442 appellatur.
3833 372 3910 430 Ac

510 467 622 525 dit.
683 466 816 537 Ipse
877 463 1241 534 phantasma
1287 479 1441 531 esse,
1497 467 1562 520 ut
1613 469 1768 536 erat,
1814 466 2163 536 suspicatus

509 562 783 622 substitit
829 562 904 618 ad
935 562 1266 630 orandum,
1298 567 1484 634 atque
1531 563 1846 634 extemplo
1885 563 2164 621 camelus

512 667 679 719 terra
699 660 994 731 absorpta
1018 667 1131 717 est.

591 777 620 810 «
675 757 845 814 Idem
896 758 1197 814 Macarius
1225 754 1490 814 πολιτικὸς
1530 759 1846 830 quondam
1890 759 2056 816 venit
2086 759 2160 816 ad

513 855 850 916 Macarium
917 870 1233 928 magnum.
1296 857 1495 914 Ambo
1555 871 1751 928 quum
1805 857 2011 915 Nilum
2072 871 2165 915 es-

508 961 646 1015 sent
689 954 1139 1021 transmissuri,
1196 954 1421 1021 evenit,
1471 959 1538 1012 ut
1596 955 1940 1012 maximum
2013 969 2165 1027 pon-

511 1060 720 1112 tonem
775 1051 1271 1125 ingrederentur,
1326 1052 1386 1109 in
1445 1067 1634 1124 quem
1687 1054 1996 1112 intrarunt
2056 1053 2164 1110 tri-

512 1153 664 1211 buni
711 1165 856 1209 cum
902 1164 1125 1222 magno
1173 1151 1354 1221 fastu,
1405 1151 1513 1223 qui
1546 1152 1808 1209 rliedam
1853 1152 2164 1210 habebant

509 1257 703 1310 totam
760 1263 1038 1322 aeneam,
1081 1253 1143 1307 et
1196 1264 1391 1322 equos
1446 1250 1638 1308 frenis
1680 1251 1890 1308 aureis
1937 1251 2161 1309 instru-

511 1356 664 1416 ctos,
699 1363 770 1406 ac
826 1348 1060 1404 milites
1102 1350 1405 1419 quosdam
1456 1349 1752 1405 satellites
1808 1362 2162 1420 puerosque

511 1447 841 1520 torquibus
891 1451 949 1503 et
1004 1445 1210 1503 aureis
1243 1447 1415 1504 zonis
1444 1452 1716 1504 ornatos.
1753 1447 2010 1504 Tribuni
2045 1448 2161 1522 igi-

506 1552 611 1605 tur
660 1545 996 1602 monachos
1046 1543 1386 1616 conspicati
1442 1544 1758 1602 veteribus
1805 1546 2028 1617 pannis
2069 1545 2162 1602 in-

508 1646 711 1710 dutos,
768 1644 875 1714 qui
934 1645 997 1699 in
1039 1641 1262 1713 angulo
1319 1642 1641 1716 sedebant,
1694 1642 2158 1715 simplicitatem

2274 463 2433 520 duae
2463 463 2610 521 illae
2643 465 2886 537 priores
2934 465 3324 524 narrationes
3369 466 3521 523 alibi
3574 481 3697 525 non
3752 482 3914 540 repe-

2273 561 2570 634 riuntur;
2622 561 2900 634 reliquae
2943 577 3092 621 vero
3141 564 3258 630 bis,
3307 564 3502 622 altera
3552 565 3802 637 quidem
3844 567 3915 623 de

2274 658 2543 717 tribunis
2587 658 2750 717 libro
2793 660 3067 718 secundo
3115 658 3202 736 (2)
3249 667 3310 720 et
3358 667 3528 719 sexto
3579 661 3688 738 (3),
3735 663 3915 720 altera

2274 755 2351 812 de
2395 770 2512 813 uva
2551 756 2716 813 libro
2747 757 3021 814 secundo
3049 755 3144 832 (4)
3181 763 3241 815 et
3292 759 3477 816 tertio
3517 756 3612 834 (5)
3659 759 3915 817 Roswei-

2273 852 2495 910 dianae
2543 853 2928 911 collectionis
2993 855 3076 912 ita
3109 856 3416 928 leguntur,
3465 861 3531 914 ut
3581 871 3656 913 ex
3703 857 3916 914 eodem

2271 965 2493 1022 graeco
2551 951 2718 1009 fonte
2774 966 2878 1009 eas
2930 966 3217 1011 manasse
3275 954 3606 1026 probabile
3661 954 3758 1011 sit.
3810 955 3915 1012 No-

2274 1063 2416 1106 men
2471 1046 2697 1105 urbicus
2750 1049 2835 1126 (6)
2898 1051 3161 1109 Macario
3232 1065 3354 1109 non
3407 1052 3663 1124 quidem
3719 1053 3779 1109 in
3846 1053 3912 1109 li-

2274 1145 2391 1204 bro
2429 1147 2724 1214 secundo,
2756 1147 2866 1205 sed
2910 1147 2974 1204 in
3024 1148 3188 1206 libro
3243 1154 3419 1207 sexto
3466 1149 3737 1208 inditum
3779 1159 3912 1220 est;

2275 1244 2336 1301 in
2390 1244 2661 1304 Historia
2724 1245 3011 1303 Lausiaca
3068 1252 3302 1317 autem,
3364 1253 3430 1306 ut
3486 1262 3629 1306 mox
3686 1248 3918 1306 videbi-

2273 1356 2433 1409 mus,
2469 1357 2696 1400 nomen
2745 1339 3004 1400 πολιτικὸς
3034 1345 3227 1402 semel
3267 1345 3324 1402 ei
3369 1345 3690 1404 tribuitur.
3724 1347 3917 1415 Quare

2271 1441 2650 1514 posteriores
2714 1442 2874 1499 duae
2936 1442 3322 1502 narrationes
3383 1443 3532 1516 quin
3597 1445 3675 1502 ad
3733 1446 3918 1502 Maca-

2270 1540 2436 1596 rium
2484 1540 2976 1598 Alexandrinum
3016 1546 3313 1614 spectent,
3347 1542 3449 1599 vix
3479 1543 3742 1601 dubium
3789 1559 3917 1600 esse

2271 1643 2493 1709 potest,
2546 1637 2735 1711 idque
2777 1640 3004 1706 solum,
3053 1654 3176 1698 non
3219 1641 3379 1698 duae
3421 1642 3666 1712 priores
3706 1642 3783 1700 de
3811 1656 3912 1700 eo-

506 1756 725 1800 eorum
770 1740 1012 1796 beatam
1049 1739 1528 1811 praedicarunt;
1589 1755 1875 1813 unusque
1925 1756 1999 1798 ex
2050 1743 2160 1798 tri-
2195 1745 2237 1799 Β
2269 1736 2412 1793 dem
2470 1737 2760 1804 referant,
2821 1739 3169 1810 quaeritur.
3231 1737 3408 1806 Quod
3465 1740 3608 1797 inde
3665 1741 3913 1812 pendet,

507 1841 692 1898 bunis
746 1856 759 1896 :
819 1837 1008 1904 Beati,
1061 1839 1284 1909 inquit,
1348 1853 1455 1896 vos
1515 1839 1684 1906 estis,
1744 1839 1854 1910 qui
1925 1840 2157 1899 mundo

503 1936 805 1996 illusistis.
859 1936 969 1994 Cui
1024 1936 1324 1994 Macarius
1378 1933 1644 1994 πολιτικός
1695 1938 2018 2009 respondit
2065 1939 2156 1995 di-

500 2052 646 2095 cens
707 2052 720 2092 :
778 2037 898 2094 Nos
955 2034 1213 2107 quidem
1268 2036 1504 2093 mundo
1564 2035 1900 2106 illusimus,
1978 2037 2156 2096 vobis

501 2141 708 2193 autem
783 2133 983 2190 illusit
1048 2133 1339 2191 mundus.
1401 2133 1566 2192 Scito
1619 2139 1824 2192 tamen
1874 2150 1995 2194 non
2048 2140 2153 2194 tua

498 2237 741 2304 sponte,
774 2231 881 2288 sed
927 2231 1290 2302 prophetice
1323 2237 1383 2289 te
1434 2233 1552 2290 hoc
1591 2232 1822 2305 diyisse
1845 2251 1862 2303 ;
1919 2235 2148 2291 etenim

498 2333 686 2388 ambo
740 2329 1004 2398 Μακάριοι
1051 2343 1371 2387 vocamur.
1437 2331 1568 2399 Quo
1627 2346 1918 2390 sermone
1969 2348 2150 2390 com—

497 2434 764 2501 punctus
822 2428 1134 2495 tribunus,
1196 2426 1574 2500 simulatque
1628 2429 1886 2489 domum
1957 2432 2141 2498 venit,

495 2528 697 2584 exutis
721 2525 996 2584 vestibus
1023 2527 1212 2582 vitam
1255 2527 1683 2584 monachicam
1729 2529 1957 2601 delegit
1987 2532 2147 2587 mul-

493 2629 710 2696 tasque
731 2623 877 2680 fecit
900 2623 1350 2695 eleemosynas.

573 2741 603 2775 «
663 2722 828 2783 Alias
876 2720 1154 2787 missam,
1212 2736 1335 2794 qua
1387 2721 1550 2779 vesci
1606 2721 1909 2794 cupierat,
1957 2739 2141 2781 uvam

489 2825 828 2892 recentem,
883 2819 1330 2877 continentiam
1402 2820 1734 2878 ostendens
1791 2836 1991 2889 suam,
2064 2824 2139 2881 ad

488 2920 743 2976 fratrem
775 2917 1088 2989 quendam
1137 2923 1581 2990 aegrotantem,
1617 2919 1723 2991 qui
1763 2915 1934 2988 104
1973 2922 2136 2979 idem

485 3032 635 3075 uvas
687 3015 1103 3082 desiderabat,
1150 3016 1341 3072 misit.
1381 3019 1577 3089 Atque
1607 3017 1711 3075 hic
1742 3033 1922 3075 uvam
1973 3035 2137 3077 sum-

2269 1848 2418 1892 num
2470 1834 2795 1902 Macarius,
2851 1836 2912 1894 S.
2970 1837 3220 1894 Antonii
3273 1837 3619 1910 discipulus
3659 1839 3915 1912 eiusque

2266 1932 2484 1990 haeres
2529 1934 2850 2001 virtutum,
2886 1949 3046 1992 unus
3092 1948 3168 1992 ex
3211 1938 3439 1994 nostris
3480 1937 3762 1994 Macariis
3791 1938 3914 1995 fue-

2265 2031 2367 2090 rit.
2415 2030 2491 2088 At
2521 2032 2639 2090 hoc
2669 2046 2794 2090 non
2840 2032 3052 2100 fuisse,
3087 2033 3246 2090 infra
3291 2033 3566 2093 dilucide
3611 2035 3912 2107 probabi-

2263 2144 2423 2188 mus.
2509 2131 2664 2203 Ergo
2727 2131 2880 2189 duas
2954 2131 3126 2202 prios
3193 2133 3582 2191 narrationes
3643 2134 3720 2191 ad
3807 2149 3911 2193 no-

2261 2233 2421 2286 stros
2451 2229 2748 2287 Macarios
2773 2243 2894 2287 non
2927 2231 3240 2302 pertinere
3268 2231 3357 2306 (7)
3391 2237 3609 2303 sponte
3639 2237 3827 2304 patet.

2346 2324 2516 2394 105
2542 2324 2569 2402 ξ
2595 2328 2694 2386 25.
2725 2327 2831 2384 His
2862 2328 3072 2401 igitur,
3101 2343 3263 2401 quae
3283 2328 3344 2386 in
3376 2330 3665 2388 codicum
3695 2346 3765 2388 ac
3789 2332 3912 2389 sin-

2255 2427 2540 2498 gularum
2599 2427 2906 2485 Historiae
2963 2428 3297 2487 Lausiacae
3371 2430 3720 2488 editionum
3771 2447 3907 2489 ver-

2255 2525 2628 2598 sionumque
2680 2527 2884 2598 capite
2942 2548 2953 2586 :
3021 2529 3099 2584 De
3164 2527 3427 2586 Macario
3488 2529 3907 2589 Alexandrino

2254 2623 2567 2697 leguntur,
2596 2625 2658 2681 in
2693 2623 2971 2682 medium
3001 2624 3281 2697 prolatis,
3316 2625 3442 2683 iam
3477 2633 3541 2683 ut
3566 2628 3642 2684 ad
3668 2634 3909 2686 ceteros

2253 2721 2438 2778 etiam
2512 2723 2836 2780 Lausiacae
2923 2723 3110 2791 locos,
3177 2725 3408 2796 quibus
3491 2725 3905 2784 Macariorum

2253 2821 2486 2878 mentio
2540 2820 2624 2888 ﬁt,
2678 2820 2955 2879 animum
3015 2823 3433 2890 advertamus,
3479 2823 3637 2881 ordo
3681 2825 3907 2898 dispu-

2249 2919 2499 2976 tationis
2530 2921 2846 2991 postulare
2880 2919 3144 2977 videtur.
3197 2919 3434 2988 Quibus
3479 2920 3736 2992 quidem
3782 2936 3904 2981 non

2248 3017 2550 3074 Macarius
2605 3018 2958 3090 Aegyptius,
3012 3019 3116 3076 sed
3178 3017 3484 3078 Macarius
3531 3020 3908 3078 Alexandri-

484 3129 586 3172 ma
633 3129 774 3172 cum
828 3114 1060 3171 laetitia
1113 3120 1430 3185 acceptam
1481 3111 1586 3171 alii
1637 3114 1814 3173 fratri
1867 3119 2134 3175 eundem
2170 3110 2208 3165 C
2247 3129 2362 3172 nus
2390 3115 2576 3172 aliive
2606 3116 2855 3173 Macarii
2889 3123 3335 3177 memorantur.

483 3213 697 3270 cibum
771 3212 1083 3284 appetenti
1155 3212 1401 3268 obtulit.
1464 3212 1580 3268 Sed
1653 3218 1713 3270 et
1768 3214 1888 3281 hic,
1953 3230 2134 3272 uvam

481 3317 718 3377 nactus,
774 3309 939 3367 idem
1012 3309 1176 3376 fecit,
1239 3311 1350 3366 etsi
1404 3310 1542 3380 ipse
1597 3325 1668 3366 ea
1724 3313 1886 3369 vesci
1959 3313 2135 3371 valde

480 3407 792 3480 cupiebat.
829 3408 1030 3475 Quum
1074 3420 1224 3464 vero
1269 3405 1565 3478 deinceps
1611 3409 1687 3464 ad
1738 3409 1967 3467 multos
2014 3410 2134 3467 fra-

479 3511 606 3564 tres
659 3520 813 3563 uvae
891 3507 1338 3577 pervenissent,
1398 3518 1508 3561 nec
1567 3504 1733 3562 ullus
1789 3521 1891 3563 eas
1947 3509 2132 3566 edere

479 3604 802 3670 voluisset,
857 3604 1135 3675 ultimus,
1187 3602 1296 3674 qui
1336 3608 1681 3675 acceperat,
1733 3618 1838 3661 eas
1885 3606 1960 3662 ad
2007 3607 2128 3662 Ma-

479 3701 719 3760 carium
780 3701 1042 3766 remisit,
1088 3708 1379 3774 tanquam
1435 3715 1726 3773 magnum
1781 3702 1837 3760 ei
1894 3705 2130 3762 donum

478 3801 834 3874 largiturus.
867 3800 980 3869 Qui
1013 3800 1276 3873 cognitis
1318 3798 1454 3857 uvis
1494 3813 1691 3873 reque
1733 3801 1978 3860 curiose
2028 3802 2133 3860 in—

475 3900 704 3973 quisita
754 3899 1015 3956 miratus
1044 3898 1271 3971 gratias
1320 3898 1441 3956 Deo
1480 3900 1564 3955 ob
1594 3904 1822 3956 tantam
1876 3901 2130 3960 illorum

475 3997 919 4054 continentiam
973 3996 1117 4067 egit,
1181 4012 1292 4053 nec
1350 3997 1483 4067 ipse
1549 3997 1807 4068 quidem
1867 4013 1972 4056 eas
2029 4015 2128 4058 co-

477 4093 690 4150 medit.
730 4112 750 4144 ι

559 4190 762 4256 Vides,
811 4205 886 4245 ex
931 4191 1199 4260 quatuor
1247 4189 1416 4245 hisce
1465 4190 1931 4249 narrationibus
1973 4193 2126 4251 duas

478 4288 722 4359 priores
769 4286 845 4342 ad
892 4285 1224 4343 illacarium
1255 4285 1314 4342 S.
1373 4285 1645 4351 Antonii,
1703 4288 1879 4344 cuius
1927 4289 2125 4362 digni-

475 4390 662 4442 tatem
716 4383 893 4456 quasi
967 4382 1382 4440 haereditarie
1440 4390 1784 4456 acceperat,
1843 4386 2124 4460 discipu-

2328 3213 2412 3269 Ac
2438 3213 2713 3284 primum
2752 3215 3008 3287 quidem
3048 3215 3347 3273 Macarius
3391 3216 3497 3274 ille
3546 3217 3901 3289 presbyter,

2245 3312 2715 3383 ptochotrophii
2788 3313 3188 3370 Alexandrini
3269 3315 3618 3385 praefactus
3691 3322 3753 3373 et
3821 3317 3904 3374 ab

2243 3409 2658 3466 adolescentia
2702 3410 3068 3481 lapidarius,
3105 3410 3180 3469 de
3223 3425 3349 3484 quo
3405 3412 3717 3470 Palladius
3761 3429 3904 3471 nar-

2245 3511 2336 3564 rat
2369 3506 2477 3583 (8),
2531 3521 2672 3565 cum
2723 3510 2950 3566 nostris
2993 3510 3239 3568 duobus
3286 3511 3570 3569 Macariis
3625 3527 3701 3569 ne
3753 3527 3904 3571 con-

2243 3605 2556 3663 fundatur.
2617 3605 2738 3664 Nec
2792 3621 2915 3664 non
2969 3608 3075 3665 ille
3127 3607 3339 3666 iunior
3399 3610 3723 3676 Macarius,
3787 3612 3902 3684 qui

2243 3702 2482 3759 iuvenis
2554 3703 2935 3776 undeviginti
3005 3719 3312 3762 annorum
3393 3706 3648 3764 caedem
3721 3708 3900 3768 invo-

2241 3800 2574 3858 luntariam
2607 3801 2835 3858 fecerat
2867 3799 2973 3876 (9),
3008 3803 3086 3859 ab
3118 3801 3245 3860 illis
3278 3803 3749 3876 distinguendus
3779 3813 3896 3864 est.

2241 3899 2542 3956 Macarius
2586 3899 3042 3958 Alexandrinus
3091 3898 3222 3977 (10)
3252 3907 3460 3959 autem
3505 3909 3902 3962 memoratur

2241 3996 2302 4052 in
2359 3997 2560 4068 capite
2617 3999 2742 4067 Περὶ
2788 3993 2992 4046 Παύλου
3044 3998 3369 4071 inscripto,
3437 4001 3602 4071 quod
3673 4015 3708 4058 e
3780 4016 3903 4060 co-

2236 4093 2484 4150 dicibus
2541 4096 3121 4154 Vindobonensibus
3178 4097 3366 4155 latine
3417 4099 3731 4158 redditum
3785 4115 3904 4172 ap-

2235 4191 2530 4262 ponimus
2558 4210 2569 4249 :

2318 4290 2552 4348 «Mons
2599 4297 2689 4350 est
2740 4293 2803 4351 in
2845 4294 3118 4367 Aegypto
3168 4294 3483 4353 abducens
3535 4295 3597 4352 in
3647 4303 3897 4356 vastam

2233 4386 2426 4446 Scetis
2499 4390 2923 4464 solitudinem,
2989 4391 3097 4464 qui
3157 4392 3424 4451 Pherme
3481 4395 3892 4467 appellatur;

473 4485 603 4540 lum
651 4488 951 4555 spectare,
987 4487 1223 4540 ceteras
1276 4496 1423 4540 vero
1454 4483 1607 4540 duas
1659 4485 1734 4541 ad
1786 4484 2119 4546 Macarium
2158 4483 2202 4507 ν
2232 4485 2294 4542 in
2358 4502 2482 4559 quo
2543 4489 2658 4545 viri
2702 4489 2832 4547 fere
2884 4491 3201 4563 quingenti
3256 4491 3497 4564 sedent,
3546 4492 3654 4564 qui
3707 4507 3896 4550 exer-

469 4578 754 4656 πολιτικόν,
788 4583 829 4639 i.
866 4597 919 4639 e.
964 4596 1039 4639 ex
1090 4582 1247 4640 urbe
1294 4581 1659 4653 oriundum,
1710 4598 1836 4656 quo
1866 4585 2119 4645 nomine
2229 4592 2466 4644 centur.
2539 4585 2624 4643 Ex
2693 4589 2923 4658 quibus
2993 4589 3236 4662 Paulus,
3307 4590 3649 4648 monachus
3719 4592 3896 4663 opti-

467 4683 809 4742 Sozomeno
878 4685 1032 4740 teste
1101 4678 1192 4756 (1)
1264 4679 1566 4739 Macarius
1635 4682 2113 4759 Alexandrinus,
2227 4697 2387 4751 mus,
2444 4691 2572 4744 toto
2629 4691 2914 4760 tempore
2977 4702 3091 4746 suo
3148 4687 3308 4746 hanc
3383 4688 3570 4746 vitam
3631 4689 3885 4762 agebat.

2222 4922 2378 4976 Bone
2416 4920 2476 4977 in
2501 4921 2791 4992 Legendis
2815 4923 3042 4995 poetice
3073 4922 3405 4995 descriptis.

2288 5011 2363 5083 (8)
2404 5011 2544 5067 Hist.
2577 5012 2749 5068 Laus.
2783 5011 2877 5066 ed.
2911 5015 3119 5069 Meurs.
3154 5029 3287 5085 cap.
3320 5018 3374 5069 7.

2288 5100 2363 5172 (9)
2401 5100 2551 5156 lbid.
2585 5117 2720 5174 cap.
2757 5101 2850 5159 t8.

2284 5191 2392 5263 (10)
2436 5191 2764 5247 Palladium
2787 5197 3027 5247 secutus
3043 5191 3336 5249 iuniorem
3351 5192 3519 5248 illum
3535 5194 3876 5252 Macarium

2211 5295 2246 5335 a
2277 5281 2493 5334 nostris
2518 5281 2781 5336 Macariis
2807 5281 2960 5336 bene
2981 5281 3291 5352 distinguit
3322 5283 3686 5338 Sozomenus
3718 5285 3878 5340 Hist.

2211 5369 2362 5423 Eccl.
2385 5369 2486 5424 lib.
2515 5369 2819 5441 chap.29
2843 5370 2937 5425 ed.
2969 5370 3163 5426 Vales.
3193 5387 3254 5442 p.
3297 5370 3418 5427 681.
3452 5371 3876 5429 Sozomenum

2205 5459 2471 5530 sequitur
2491 5459 2855 5532 Nicephorus
2876 5460 3148 5517 Callistus
3170 5461 3319 5519 Eccl.
3335 5462 3475 5516 Hist.
3495 5462 3595 5518 lib.
3612 5463 3677 5518 Xl
3711 5478 3866 5535 cap.

2202 5547 2294 5605 35.

532 4923 608 4984 ll)
649 4925 873 4981 Sozom.
903 4925 1044 4982 Hist.
1078 4924 1228 4981 Eccl.
1261 4923 1366 4981 lib.
1404 4925 1474 4980 ill
1513 4939 1645 4998 cap.
1683 4925 1747 4982 14
1787 4925 1882 4982 ed.
1917 4926 2107 4983 Vales.

462 5030 520 5086 p.
557 5014 685 5072 515.

529 5103 605 5175 (2)
644 5103 794 5176 Cap.
833 5105 921 5168 29,
951 5101 1068 5160 VV.
1107 5104 1213 5160 PP.
1243 5105 1443 5160 Rosw.
1493 5121 1558 5176 p.
1595 5104 1720 5170 482,
1754 5107 1806 5159 l.

525 5193 606 5264 (3)
647 5192 849 5248 Libell.
885 5192 980 5256 ιιι,
1015 5193 1080 5246 ιδ
1105 5208 1165 5264 p.
1196 5193 1320 5262 656,
1357 5193 1410 5248 2.

524 5282 604 5354 (4)
647 5283 785 5353 Cap.
823 5282 890 5337 29
922 5299 980 5352 p.
1014 5283 1136 5347 481,
1174 5285 1224 5339 ι.

522 5372 600 5442 (5)
643 5373 784 5441 Cap.
816 5371 883 5425 42
928 5387 984 5442 p.
1017 5372 1143 5435 507,
1173 5375 1225 5424 2.

522 5462 598 5531 (6)
640 5461 1025 5532 lnNicephori
1058 5459 1518 5530 CallistiEccles.
1551 5459 1819 5520 Hist.lib.
1859 5463 1926 5518 IX
1958 5478 2092 5534 cap.

447 5551 516 5605 44
547 5540 1030 5604 versionelatina
1057 5549 1306 5617 legitur;
1348 5549 1655 5604 Macarius
1697 5552 1981 5607 urbanus.

517 5638 598 5710 (7)
638 5636 804 5693 Illam
827 5651 976 5692 uvae
996 5636 1303 5693 historiam
1317 5637 1495 5692 nimis
1517 5638 1698 5695 libere
1719 5641 1992 5711 exposuit
2016 5642 2086 5698 ΙΙ.
