4094 6208
230 310 331 367 {Ol

1833 306 2070 364 VITAE.

3551 315 3652 371 10⁸2

225 441 558 515 Nunquam
615 456 779 515 opus
845 442 1064 515 attigit,
1115 458 1229 501 nec
1287 442 1603 515 negotium
1675 452 1879 497 susce-
1918 435 1963 487 Α
1994 436 2377 496 editionibus
2430 454 2623 512 supra
2676 438 2767 517 (2)
2818 441 3081 514 egimus,
3140 442 3216 500 ad
3266 443 3470 501 solum
3518 445 3653 503 Ma-

224 538 338 612 pit.
392 553 598 612 neque
656 541 735 598 ab
805 540 1017 612 aliquo
1068 555 1345 613 unquam
1405 539 1644 608 accepit
1701 536 1883 610 quid-

221 651 437 709 quam,
473 642 723 709 praeter
762 639 929 710 quod
964 638 1100 710 ipso
1146 639 1247 696 die
1290 639 1671 697 comederet.
1717 636 1884 707 Opus

221 740 434 792 autem
506 736 971 794 exercitationis
1043 736 1180 793 eius
1233 735 1346 793 fuit
1420 748 1604 793 orare
1662 747 1881 806 perpe-

223 837 353 891 tuo.
408 837 610 905 Atque
662 839 921 891 statutas
972 834 1244 891 habebat
1300 848 1515 905 preces
1552 836 1878 902 trecentas,

228 946 385 1003 quas
412 931 531 989 hoc
578 931 769 989 modo
818 932 1213 990 numeravit:
1270 932 1544 990 calculos
1591 930 1881 989 collectos

232 1030 371 1087 sinu
420 1027 637 1099 tenuit,
696 1044 967 1101 quorum
1035 1044 1231 1088 unum
1285 1034 1425 1103 post
1470 1042 1879 1100 unamquam-

230 1140 353 1199 que
391 1127 740 1185 orationem
784 1127 1033 1186 abiecit.
1071 1127 1179 1185 Vir
1227 1126 1513 1186 utilitatis
1560 1143 1633 1185 ac
1689 1127 1875 1184 collo-

224 1225 356 1299 quii
413 1224 763 1298 spiritualis
815 1226 1010 1297 gratia
1061 1226 1352 1284 convenit
1414 1231 1691 1284 sanctum
1751 1225 1873 1281 Ma-

214 1322 460 1379 carium
511 1318 797 1389 πολιτικὸν,
858 1322 957 1380 cui
1016 1338 1029 1379 :
1090 1324 1285 1389 Abba,
1342 1324 1566 1397 inquit,
1620 1322 1870 1394 Macari,

208 1418 459 1491 aﬂiigor
486 1420 688 1477 valde.
753 1420 864 1488 Qui
905 1420 1115 1479 dicere
1165 1436 1310 1479 eum
1352 1421 1555 1491 coegit
1596 1434 1869 1489 causam,

204 1516 293 1574 ob
343 1530 542 1588 quam
585 1517 960 1575 tristaretur.
1016 1519 1066 1575 is
1112 1519 1300 1591 igitur
1348 1538 1361 1577 :
1414 1518 1477 1575 in
1534 1517 1672 1576 vico
1719 1531 1875 1590 quo-

203 1614 383 1683 dam,
453 1615 682 1686 inquit,
752 1616 925 1687 virgo
993 1616 1251 1685 habitat,
1323 1631 1486 1689 quae
1554 1617 1874 1674 tricesimo

202 1727 375 1771 anno
426 1714 550 1770 iam
605 1719 949 1771 exercetur.
998 1714 1192 1783 Quam
1245 1714 1425 1772 multi
1475 1714 1629 1772 mihi
1664 1727 1875 1771 narra-

204 1817 358 1868 runt
423 1810 598 1869 nullo
653 1811 779 1868 alio
824 1811 925 1868 die
980 1813 1099 1868 nisi
1153 1811 1412 1870 sabbato
1459 1818 1520 1871 et
1557 1812 1875 1871 dominica
1912 1792 1952 1845 Β

201 1907 434 1966 cibum
477 1922 750 1975 sumere,
792 1908 899 1966 sed
930 1915 1061 1968 toto
1095 1908 1265 1978 106
1311 1917 1596 1983 tempore
1626 1911 1876 1968 trahens

202 2006 651 2064 hebdomadas
703 2021 773 2065 ac
834 2014 972 2079 post
1030 2009 1309 2081 quinque
1354 2008 1491 2067 dies
1540 2008 1874 2067 comedens

202 2105 537 2162 orationes
588 2104 735 2162 facit
783 2105 1221 2178 septingentas.
1284 2107 1409 2165 Hoc
1460 2122 1658 2179 quum
1715 2106 1877 2164 didi-

198 2203 443 2269 cerim,
498 2203 830 2275 reprobavi
900 2217 999 2260 me
1070 2204 1203 2276 ipse
1274 2207 1688 2277 perpendens,
1748 2219 1872 2272 me,

197 2299 540 2358 hominem
588 2301 955 2367 maioribus,
994 2316 1184 2373 quam
1232 2302 1362 2375 illa,
1408 2304 1696 2376 corporis
1730 2302 1876 2361 viri-

198 2399 321 2456 bus
401 2398 806 2470 instructum,
866 2400 1081 2471 plures
1147 2397 1442 2458 trecentis
1487 2400 1878 2459 orationibus

194 2495 420 2553 facere
461 2510 584 2553 non
641 2496 937 2568 potuisse.
1002 2498 1401 2570 Respondens
1449 2504 1697 2557 sanctus
1759 2500 1879 2557 Ma-

194 2594 425 2651 carius
482 2611 495 2651 :
559 2594 702 2665 Ego,
777 2594 1003 2667 inquit,
1077 2597 1533 2668 sexagesimum
1599 2611 1714 2669 ago
1774 2612 1878 2656 an-

193 2707 382 2758 num,
425 2706 499 2750 ex
545 2707 669 2764 quo
722 2697 978 2750 statutas
1024 2700 1275 2751 centum
1330 2695 1643 2752 orationes
1691 2696 1875 2769 facio,

194 2804 434 2863 eaque,
506 2805 669 2861 quae
726 2795 866 2848 sunt
921 2792 995 2848 ad
1063 2792 1434 2850 alimentum
1503 2795 1872 2863 necessaria,

193 2889 364 2946 meis
417 2887 572 2945 mihi
627 2889 918 2945 manibus
962 2904 1284 2961 comparo,
1321 2905 1391 2949 ac
1424 2890 1722 2948 fratribus
1773 2892 1879 2948 de-

195 2986 406 3043 bitam
444 3000 545 3042 me
571 2986 842 3044 adeundi
883 2988 1130 3059 c0piam
1180 2988 1395 3055 reddo,
1443 3003 1554 3045 nec
1599 3002 1697 3045 me
1738 3002 1877 3045 mea

1992 533 2233 592 carium
2280 536 2774 596 Alexandrinum
2815 554 2949 597 esse
2995 541 3417 600 referendum.
3453 542 3648 601 Porro

1992 633 2197 705 capite
2262 634 2681 707 subsequente
2754 634 2840 714 (3)
2912 638 3220 697 Historiae
3291 639 3643 715 Lausiacae,

1991 729 2157 802 quod
2214 732 2338 797 Περὶ
2393 728 2643 800 Εὐλογίου
2697 735 2785 781 καὶ
2849 738 2940 782 τοῦ
3006 732 3357 803 λελωϐημένου
3416 738 3506 786 καὶ
3553 744 3644 795 τῆς

1989 827 2209 895 κρίσεως
2269 832 2360 876 τοῦ
2436 824 2587 896 ἁγίου
2651 828 2927 879 Ἀντωνίου
2987 832 3376 904 inscribitur,
3438 836 3644 894 Maca-

1991 926 2122 983 rius
2168 927 2228 985 S.
2285 928 2531 987 Antonii
2574 929 2921 1002 discipulus
2965 931 3323 989 nominatur
3351 948 3385 991 a
3414 931 3642 993 Cronio

1989 1024 2285 1097 quodam,
2319 1027 2427 1098 qui
2480 1026 2751 1086 Palladio
2809 1028 2961 1086 haec
2994 1028 3250 1088 retulit:
3299 1050 3321 1081 α
3386 1030 3484 1089 Est
3525 1047 3641 1091 au-

1989 1126 2112 1180 tem
2188 1118 2393 1200 [mons
2443 1124 2504 1185 S.
2589 1122 2863 1202 Antonii]
2923 1127 3086 1185 inter
3156 1126 3537 1202 Babylonem
3581 1137 3643 1188 et

1987 1219 2346 1279 Heracleam
2393 1222 2549 1280 situs
2595 1224 2659 1280 in
2709 1227 2875 1281 vasta
2923 1224 3284 1299 solitudine,
3316 1240 3475 1298 quae
3523 1226 3641 1285 fert

1986 1318 2061 1375 ad
2103 1316 2267 1384 107
2309 1333 2479 1377 mare
2510 1322 2791 1379 Rubrum
2840 1337 2910 1380 ac
2956 1321 3209 1395 triginta
3252 1323 3383 1381 fere
3414 1324 3641 1383 millia-

1986 1416 2080 1473 ria
2107 1416 2293 1474 distat
2320 1431 2355 1474 a
2381 1417 2593 1477 fluvio.
2622 1419 2711 1477 Ad
2742 1419 3193 1478 monasterium
3220 1420 3412 1493 igitur
3440 1437 3638 1497 quum

1983 1513 2289 1571 venissem
2338 1529 2537 1588 prope
2584 1517 2843 1574 fluvium
2891 1518 3080 1575 situm
3116 1534 3186 1576 ac
3230 1518 3432 1591 Pispir
3460 1536 3639 1579 voca-

1983 1614 2139 1678 tum,
2192 1612 2300 1670 ubi
2350 1612 2644 1686 discipuli
2698 1615 2834 1673 eius
2879 1616 3177 1674 sedebant
3229 1617 3530 1677 Macarius
3577 1626 3639 1678 et

1984 1708 2252 1776 Amatas,
2299 1711 2407 1782 qui
2451 1712 2636 1769 etiam
2687 1718 2969 1771 sanctum
3019 1712 3361 1773 Antonium
3416 1715 3636 1775 defun-

1981 1812 2151 1864 ctum
2199 1810 2605 1881 sepelierunt,
2656 1811 2933 1884 quinque
2977 1813 3222 1880 diebus,
3258 1819 3326 1871 ut
3353 1820 3635 1873 sanctum

1984 1904 2320 1962 Antonium
2351 1905 2777 1974 convenirem,
2802 1892 3182 1980 exspectavi.
3222 1909 3380 1978 Quid
3411 1910 3484 1967 ad
3518 1911 3637 1971 hoc

1982 2003 2433 2061 monasterium
2484 2005 2671 2062 modo
2704 2011 2843 2077 post
2884 2006 3124 2074 decem,
3161 2008 3351 2066 modo
3382 2014 3519 2081 post
3550 2010 3639 2067 vi-

1980 2100 2158 2173 ginti,
2192 2100 2507 2159 interdum
2547 2107 2607 2159 et
2648 2108 2791 2175 post
2818 2104 3267 2177 quinquaginta
3299 2106 3434 2165 dies
3460 2122 3638 2166 acce-

1982 2200 2131 2256 dere
2160 2197 2506 2265 dicebatur,
2542 2206 2729 2271 prout
2760 2202 2918 2259 Deus
2946 2218 3090 2260 eum
3131 2208 3337 2276 ageret
3385 2205 3461 2262 ad
3493 2206 3638 2264 sub-

1983 2295 2361 2353 veniendum
2394 2296 2493 2364 iis,
2525 2298 2635 2370 qui
2683 2312 2758 2357 eo
2796 2300 3193 2358 advenerant.
3231 2301 3395 2359 Varii
3429 2307 3636 2361 autem

1986 2394 2207 2451 fratres
2268 2396 2351 2452 ob
2420 2395 2625 2454 varias
2680 2398 3073 2456 necessitates
3123 2414 3641 2476 conveneramus,

1986 2507 2061 2549 ex
2090 2494 2323 2565 quibus
2356 2498 2417 2550 et
2473 2490 2766 2567 Eulogius
2817 2496 3271 2555 Alexandrinus
3302 2498 3439 2567 fuit,
3493 2514 3638 2558 cum

1985 2605 2186 2664 eoque
2234 2590 2395 2649 alius
2442 2592 2745 2650 membris
2796 2608 3074 2652 mancus.
3129 2614 3159 2648 »
3220 2595 3375 2654 Tum
3427 2612 3634 2674 causa,

1985 2702 2099 2747 cur
2155 2687 2451 2761 Eulogius
2507 2690 2859 2748 mutilatum
2919 2691 3243 2750 hominem
3290 2694 3365 2751 ad
3426 2708 3640 2753 mona-

1984 2787 2248 2845 sterium
2294 2804 2324 2839 «
2376 2788 2570 2860 Magni
2626 2810 2652 2839 ››
2702 2789 3054 2858 adduxerit,
3112 2792 3390 2863 exposita
3449 2792 3640 2851 Palla-

1984 2884 2125 2942 dius
2155 2885 2240 2941 ita
2271 2885 2471 2957 pergit
2505 2901 2518 2941 :
2559 2906 2588 2937 ‹‹
2636 2886 2874 2955 Evenit,
2907 2894 2974 2945 ut
3002 2888 3199 2946 altero
3232 2889 3335 2947 die
3380 2905 3640 2965 magnus

1987 2982 2308 3053 Antonius,
2368 2981 2720 3055 chlamyde,
2775 2985 2934 3043 sicut
3001 2983 3268 3044 Cronius
3337 2990 3634 3060 narravit,

192 3083 659 3143 conscientiam
712 3084 941 3141 indicat
984 3084 1395 3158 negligentem
1443 3100 1596 3143 esse.
1649 3086 1734 3143 Tu
1776 3100 1877 3142 ve-
1909 3112 1948 3166 ρ
1984 3078 2248 3152 pellicea
2301 3080 2566 3139 amictus
2621 3095 2763 3139 sero
2818 3083 3062 3154 vesperi
3121 3082 3381 3143 veniret.
3438 3087 3638 3159 Atque

195 3196 294 3247 ro,
364 3196 570 3253 quum
629 3187 934 3239 trecentas
994 3183 1306 3242 orationes
1366 3184 1596 3241 faciens
1644 3200 1677 3241 a
1730 3198 1874 3242 con-

194 3280 475 3338 scientia
517 3279 837 3352 iudicaris,
871 3286 974 3337 aut
1028 3297 1149 3340 non
1201 3296 1358 3354 pure
1411 3296 1513 3339 eas
1564 3285 1625 3339 te
1669 3279 1873 3339 facere

196 3378 452 3449 prodis,
499 3383 626 3448 aut,
661 3379 946 3449 quamvis
984 3379 1197 3451 plures
1238 3377 1704 3453 facerefpossis,
1746 3393 1871 3437 non

193 3476 417 3533 facere
443 3474 497 3550 (l
514 3472 553 3547 ).
595 3494 625 3529 »

276 3574 404 3631 Hic
462 3572 768 3630 Macarius
834 3568 1095 3631 πολιτικός
1180 3574 1220 3631 i.
1298 3590 1350 3631 e.
1415 3573 1871 3632 Alexandrinus

191 3669 586 3744 appellatur.
644 3670 817 3740 Quod
870 3686 1239 3744 cognomen,
1293 3673 1636 3730 Sozomeno
1688 3677 1864 3741 teste,

191 3767 505 3834 Macario,
577 3774 642 3825 ut
698 3768 992 3839 vidimus,
1079 3769 1496 3828 Alexandrino
1573 3769 1862 3837 inditum,

190 3867 315 3925 hoc
370 3871 619 3923 tantum
669 3867 975 3925 Historiae
1041 3867 1365 3926 Lausiacae
1420 3870 1557 3926 loco
1614 3868 1861 3941 legitur.

184 3965 313 4023 Sed
358 3963 443 4021 ad
497 3963 603 4020 illa
638 3965 886 4022 Macarii
926 3965 1115 4022 verba
1159 3966 1617 4024 animadvertas
1657 3965 1868 4022 dicen-

179 4063 289 4131 tis,
336 4062 800 4133 sexagesimum
834 4063 928 4135 agi
964 4078 1218 4133 annum,
1267 4080 1340 4121 ex
1384 4078 1511 4136 quo
1554 4076 1693 4120 eam
1742 4062 1863 4120 sibi

181 4160 357 4217 vitae
406 4158 687 4231 regulam
735 4160 1231 4232 praescripserit.
1268 4161 1440 4219 Unde
1495 4159 1856 4228 Macarium,

181 4258 297 4331 qui
358 4270 563 4316 annos
609 4257 1016 4330 quadraginta
1070 4264 1247 4316 natus
1300 4257 1680 4331 baptismum
1729 4273 1862 4316 sus-

180 4360 477 4427 ceperat,
540 4369 700 4413 anno
753 4361 914 4413 vrtae
962 4371 1109 4415 suae
1154 4357 1494 4415 centesimo
1539 4357 1599 4413 h.
1653 4371 1715 4414 e.
1760 4370 1860 4414 eo-

1983 3177 2295 3249 ingressus
2345 3182 2438 3236 est
2493 3178 2942 3237 monasterium
2991 3195 3195 3239 suum.
3258 3182 3383 3240 Hac
3428 3189 3637 3242 autem

1982 3276 2046 3332 in
2105 3275 2371 3334 Macario
2424 3275 2735 3349 discipulo
2781 3292 2895 3336 suo
2948 3277 3026 3337 de
3069 3278 3168 3351 iis,
3211 3278 3317 3353 qui
3368 3280 3640 3341 advene-

1980 3378 2144 3446 rant,
2229 3372 2671 3447 interrogando
2766 3378 3061 3435 utebatur
3156 3380 3630 3452 consuetudine,

1980 3478 2047 3529 ut
2102 3472 2442 3530 monachos
2511 3476 2761 3531 vocaret
2827 3474 3446 3548 Hierosolymitanos,
3507 3493 3635 3536 sae-

1978 3569 2222 3627 culares
2253 3584 2399 3627 vero
2442 3569 2806 3643 Aegyptios.
2851 3571 3105 3645 Magnus
3135 3572 3325 3646 igitur
3360 3590 3372 3629 :
3408 3573 3634 3633 Macari

1978 3666 2191 3737 frater,
2236 3667 2465 3739 inquit,
2510 3674 2893 3728 veneruntne
2946 3671 3069 3729 huc
3108 3668 3303 3744 aliqui
3356 3672 3576 3732 fratres
3605 3672 3635 3731 ?

1978 3764 2321 3837 Respondit
2365 3782 2377 3821 :
2417 3762 2752 3824 Venerunt.
2806 3766 2919 3824 Ille
2974 3784 2987 3825 :
3035 3768 3266 3826 Suntne
3316 3768 3629 3843 Aegyptii,

1975 3877 2053 3920 an
2112 3863 2663 3935 Hierosolymitani
2711 3863 2741 3925 ?
2798 3864 2997 3938 Eique
3041 3867 3289 3940 signum
3342 3868 3625 3937 dederat,

1974 3966 2043 4018 ut
2066 3974 2195 4028 eos,
2246 3961 2482 4033 quibus
2513 3961 2723 4020 minus
2771 3963 3006 4036 negotii
3062 3971 3246 4034 esset,
3283 3963 3626 4038 Aegyptios

1972 4073 2106 4117 esse
2162 4059 2417 4117 diceret.
2483 4059 2682 4133 Atque
2734 4061 2812 4118 ad
2869 4062 3203 4135 Aegyptios
3256 4063 3422 4136 quod
3479 4077 3625 4137 spe-

1970 4160 2114 4228 ctat,
2163 4156 2477 4216 Macario:
2533 4157 2716 4230 Para,
2746 4158 2971 4232 inquit,
3026 4160 3279 4228 lentem,
3328 4166 3387 4218 et
3428 4160 3507 4221 da
3544 4161 3623 4220 iis

1969 4255 2323 4315 comedere.
2361 4255 2592 4313 Deinde
2621 4271 2767 4315 cum
2811 4257 2890 4316 iis
2928 4258 3277 4317 orationem
3330 4258 3616 4332 faciebat,

1968 4367 2201 4426 eosque
2255 4352 2628 4412 dimittebat.
2689 4355 2859 4413 Tunc
2928 4355 3231 4414 Macarius
3304 4357 3382 4414 de
3438 4358 3622 4416 nobis

181 4454 336 4511 dem
405 4453 538 4509 fere
589 4458 899 4525 tempore,
960 4468 1083 4527 quo
1143 4470 1265 4512 una
1323 4469 1467 4515 cum
1519 4468 1594 4513 eo
1660 4452 1857 4510 Palla-
1892 4463 1935 4517 Ι)
1966 4452 2049 4509 ob
2106 4450 2465 4509 mutilatum
2514 4452 2701 4510 illum
2731 4455 3102 4527 respondit:
3152 4455 3319 4513 Mixti
3368 4456 3611 4514 adsunt.

181 4550 336 4609 dius
392 4548 454 4608 in
497 4545 751 4609 Cellulis
796 4552 968 4623 vixit,
1002 4552 1155 4610 illud
1189 4552 1376 4610 Paulo
1420 4552 1550 4610 seni
1598 4564 1856 4622 respon-

178 4664 331 4707 sum
387 4648 657 4719 dedisse,
708 4650 1111 4721 perspicuum
1163 4654 1274 4708 est.
1330 4651 1591 4708 Pherme
1648 4653 1855 4706 autem

182 4762 401 4813 mons,
462 4747 572 4819 qui
628 4747 688 4804 in
734 4747 1137 4806 solitudinem
1197 4748 1392 4806 Scetis
1445 4748 1760 4821 vergebat,
1820 4760 1857 4804 a

180 4842 457 4903 Cellulis
506 4844 668 4902 haud
713 4843 979 4903 multum
1023 4846 1243 4904 abfuit.
1290 4847 1334 4903 E
1387 4845 1619 4918 quibus
1666 4844 1855 4902 etiam

178 4943 406 5001 denuo
471 4942 818 5009 conﬁcitur,
870 4943 1036 5001 istud
1089 4948 1297 5017 caput,
1359 4943 1529 5017 quod
1585 4942 1703 5001 sub
1757 4941 1856 4998 in-

179 5042 331 5100 dice
390 5051 406 5089 :
484 5036 573 5097 De
636 5035 836 5099 Marco
899 5041 964 5100 in
1027 5042 1354 5102 codicibus
1435 5039 1859 5115 plurimisque

256 5322 346 5392 (1)
384 5322 863 5390 Textusgraecus
885 5321 1098 5391 legitur
1123 5321 1275 5378 infra
1295 5321 1355 5377 in
1377 5321 1599 5378 harum
1631 5321 1861 5387 Quaes-

185 5409 792 5481 tionumAppendice
812 5411 1006 5482 priore
1031 5411 1163 5468 sub.
1182 5412 1278 5480 Ill,
1306 5413 1358 5469 1.
1389 5411 1468 5468 Cf.
1500 5410 1643 5467 Hist.
1681 5410 1857 5467 Laus.

185 5498 285 5553 ed.
325 5499 542 5553 Meurs.
577 5514 711 5570 cap.
745 5500 839 5565 23,
869 5502 958 5554 24.

261 5587 354 5659 (2)
389 5586 417 5659 ς
446 5588 516 5643 19
541 5604 602 5659 p.
634 5587 705 5643 78
732 5605 871 5662 sqq.

260 5675 347 5748 (3)
388 5675 467 5731 Cf.
490 5677 769 5735 Palladii
792 5678 1119 5737 Historiam
1137 5679 1497 5738 La‘usiacam
1523 5678 1604 5736 ad
1640 5677 1861 5736 codicis

1966 4548 2071 4606 Sin
2141 4548 2388 4606 dicebat
2456 4567 2471 4608 :
2531 4549 3080 4623 Hierosolymitani
3150 4556 3314 4621 sunt,
3371 4558 3618 4611 sanctus

1965 4660 2080 4719 per
2134 4647 2325 4703 totam
2382 4652 2628 4705 noctem
2691 4648 2967 4721 sedebat,
3023 4648 3098 4706 ad
3152 4663 3408 4722 eosque,
3459 4665 3619 4722 quae

1965 4744 2045 4801 ad
2094 4744 2357 4802 salutem
2410 4745 2743 4816 pertinent,
2801 4745 3196 4818 loquebatur.
3250 4745 3361 4803 Illa
3409 4751 3617 4804 autem

1965 4855 2227 4914 vespera
2255 4843 2507 4915 Magnus
2535 4843 2755 4901 sedens
2784 4857 3003 4901 omnes
3032 4843 3427 4901 arcessivit...
3459 4840 3546 4922 (4)
3585 4862 3615 4898 n

2046 4939 2157 4997 Hic
2194 4939 2384 5012 igitur
2427 4941 2727 4998 Macarius
2764 4941 2823 4999 S.
2873 4941 3121 5000 Antonii
3156 4940 3439 5000 minister
3478 4942 3616 5009 fuit,

1967 5039 2154 5110 atque
2200 5036 2265 5094 in
2294 5038 2601 5097 coenobio
2632 5038 3027 5111 Pispiritano,
3080 5039 3250 5113 quod
3291 5046 3384 5099 est
3422 5054 3621 5114 prope

1973 5316 2419 5376 Vindobonemis
2444 5318 2623 5389 ﬁdem
2654 5319 2909 5377 breviter
2940 5320 3302 5378 delineatam
3330 5321 3487 5379 infra
3516 5337 3623 5379 no-

1968 5413 2124 5464 strae
2154 5408 2395 5464 editioni
2419 5409 2701 5465 Historice
2726 5410 3056 5467 Lausiacae
3084 5413 3510 5483 praepostiam.

2039 5497 2114 5569 (4)
2152 5499 2361 5553 Textus
2395 5512 2645 5568 graecus
2671 5503 2763 5554 est
2791 5499 2945 5556 infra
2986 5499 3046 5555 in
3071 5499 3287 5557 harum
3315 5502 3626 5567 Quaestio-

1968 5602 2117 5643 num
2146 5587 2491 5659 Appendice
2522 5587 2720 5659 priore
2752 5589 2867 5646 sub
2893 5589 2994 5658 ΙΙΙ,
3026 5589 3080 5644 2.
