4080 6208
483 321 550 374 10
1329 314 1430 370 SS.
1480 315 1580 368 NH
1613 313 1961 369 HRFORUVI
2010 314 2094 367 AE

2219 311 2336 367 ’Tli
2380 314 2462 368 ΕΓ
2504 311 2993 369 ΑῐλῗΧΑἪὙὶῙΝΙ

3793 321 3895 376 104

481 461 654 505 mare
703 446 1006 513 Rubrum,
1045 441 1365 512 habitavit,
1403 443 1683 502 Macariis
1729 443 2029 515 Aegyptio
2073 447 2133 500 et
2163 442 2207 494 Α
2246 440 2399 498 toris
2449 442 2706 514 figuram
2757 442 3092 502 simulavit.
3147 445 3312 503 Unus
3371 451 3576 505 autem
3641 451 3841 509 accito
3879 467 3898 512 :

483 543 901 602 Alexandrino
991 542 1049 599 in
1141 542 1370 600 eremis
1446 542 1670 614 Libyae
1742 541 2124 613 degentibus.

482 643 676 710 Quem
710 641 964 713 quidem
1011 640 1048 697 S
1124 639 1368 697 Antonii
1409 639 1764 696 ministrum
1809 653 1930 696 non
1978 639 2131 695 fuis-

480 755 544 798 se
599 739 934 796 Macarium
990 738 1383 811 Aegyptium,
1433 752 1509 794 ex
1549 737 1646 802 iis,
1681 752 1840 809 quae
1883 737 1959 794 de
2013 737 2131 794 hoc

484 837 789 895 Palladius
837 836 1069 902 retulit,
1145 837 1292 892 satis
1337 836 1674 907 colligitur.
1749 835 1958 908 Neque
2012 836 2128 892 Ma-

481 935 724 994 carium
781 933 1266 991 Alexandrinum
1333 933 1523 990 fuisse
1577 947 1719 991 eum
1797 933 2128 1004 probabile

480 1038 592 1108 est,
626 1034 816 1106 quod,
851 1032 901 1089 si
935 1032 1170 1100 fuisset,
1213 1028 1386 1097 108
1427 1029 1733 1087 Palladius
1772 1031 1835 1087 in
1873 1031 2074 1102 capite
2109 1047 2120 1086 :

483 1152 513 1186 «
563 1133 642 1188 De
692 1129 959 1187 Macario
992 1127 1474 1187 Alexandrino»
1526 1128 1824 1200 inscripto
1878 1129 1940 1185 id
1998 1129 2127 1186 lau-

481 1230 629 1287 dare
673 1242 794 1286 non
843 1227 1174 1286 omisisset.
1210 1226 1328 1284 Sed
1373 1227 1431 1284 S.
1481 1227 1726 1284 Antonii
1771 1227 2124 1284 ministrum

479 1329 673 1385 alium
721 1325 980 1384 omnino
1023 1325 1192 1382 illius
1242 1325 1542 1397 temporis
1592 1325 1922 1382 Macarium
1969 1325 2128 1382 fuis—

479 1441 564 1500 se,
609 1440 684 1483 ex
728 1425 826 1492 iis,
861 1439 1021 1497 quae
1066 1423 1227 1480 infra
1277 1423 1354 1480 de
1403 1437 1478 1480 eo
1521 1423 1924 1494 disseremus,
1958 1423 2124 1481 clare

475 1524 730 1597 patebit.

558 1622 831 1695 Denique
923 1621 1225 1679 Macarius
1319 1621 1650 1694 presbyter
1743 1625 2126 1678 memoratur

474 1723 538 1779 in
601 1722 825 1792 capite,
885 1720 1052 1792 quod
1122 1719 1491 1776 inscribitur
1547 1735 1559 1773 :
1632 1719 1754 1788 Περὶ
1816 1716 2117 1777 Οὐάλεντος.

2244 538 2468 597 Dilexit
2520 545 2599 607 te,
2647 541 2872 612 inquit,
2902 541 3179 600 Christus
3216 545 3299 602 ob
3332 545 3492 604 vitae
3535 552 3676 606 tuae
3728 549 3899 608 inte-

2240 637 2528 708 gritatem
2598 639 3073 711 institutumque
3140 647 3318 699 tuum
3373 651 3430 701 et
3500 646 3766 718 advenit,
3829 654 3899 704 ut

2243 738 2299 790 te
2328 735 2570 804 videat;
2606 737 2904 809 egredere
2955 752 2989 794 e
3035 738 3190 796 cella
3236 754 3530 813 eumque,
3580 742 3630 800 si
3673 746 3896 816 procul

2239 836 2502 891 stantem
2567 835 2822 898 videris.
2891 839 3314 906 procumbens
3389 840 3600 898 adora.
3682 843 3893 914 Egres-

2240 947 2347 990 sus
2394 931 2588 1005 igitur
2636 947 2670 990 e
2700 932 2856 990 cella
2900 935 3265 993 comitatum
3313 936 3467 995 vidit
3525 937 3696 1007 109
3743 942 3896 998 lam-

2240 1029 2430 1102 padas
2485 1030 2816 1088 ferentium
2889 1037 2948 1088 et
2999 1033 3201 1104 spatio
3274 1034 3402 1092 fere
3473 1037 3654 1094 stadii
3722 1039 3897 1096 Anti-

2237 1126 2564 1192 christum,
2627 1142 2815 1200 quem
2867 1132 3288 1201 procumbens
3341 1134 3641 1192 adoravit.
3706 1136 3894 1195 Miser

2238 1231 2444 1283 autem
2501 1230 2824 1298 tantopere
2877 1229 3171 1286 subactus
3224 1236 3284 1287 et
3349 1231 3645 1305 deceptae
3717 1249 3890 1292 men-

2236 1324 2315 1381 tis
2373 1323 2507 1393 fuit,
2560 1332 2626 1382 ut
2677 1325 2778 1381 die
2821 1325 3236 1397 subsequente
3291 1329 3528 1387 veniret
3581 1331 3642 1388 in
3691 1334 3888 1390 eccle-

2236 1421 2392 1478 siam
2425 1427 2485 1478 et
2516 1436 2728 1479 coram
2759 1423 3055 1482 omnibus
3093 1425 3330 1483 diceret
3363 1444 3376 1482 :
3414 1427 3557 1484 Mihi
3592 1443 3889 1489 commu-

2236 1519 2422 1576 nione
2465 1533 2625 1591 opus
2670 1535 2791 1578 non
2840 1527 2981 1594 est;
3023 1521 3336 1580 Christum
3383 1526 3551 1583 enim
3603 1528 3727 1586 vidi
3777 1531 3889 1587 ho-

2235 1616 2357 1674 die.
2428 1618 2598 1676 Tunc
2663 1629 2869 1691 patres
2950 1622 3475 1693 comprehensum
3555 1641 3698 1683 eum
3776 1644 3889 1699 per

2233 1719 2481 1789 tempus
2523 1717 2777 1789 aliquod
2823 1719 2989 1775 ferro
3034 1720 3383 1779 vinxerunt.
3421 1723 3531 1780 Cui
3570 1725 3888 1784 continuis

472 1820 661 1878 Cuius
728 1825 968 1892 partem
1040 1833 1072 1874 e
1142 1816 1464 1874 codicibus
1541 1797 2195 1874 VindobonensibusB
2231 1814 2458 1872 deinde
2519 1815 2812 1886 precibus
2861 1831 2974 1888 pro
3032 1832 3107 1875 eo
3166 1818 3339 1876 factis
3397 1825 3457 1878 et
3509 1823 3884 1882 multimoda

469 1916 862 1988 desumptam
916 1931 987 1972 ac
1032 1915 1219 1972 latine
1267 1915 1574 1972 redditam
1627 1915 1984 1972 adscribere
2037 1916 2119 1973 li-

469 2021 604 2073 ceat
638 2034 648 2072 :
689 2034 718 2069 ‹‹
772 2015 990 2072 Valens
1036 2013 1314 2086 quidam,
1348 2027 1572 2085 genere
1617 2012 2015 2080 Palaestinus,
2053 2013 2113 2070 in

466 2113 867 2172 solitudinem
925 2111 1243 2185 profectus
1303 2111 1555 2182 longum
1607 2116 1853 2182 tempus
1907 2111 2112 2169 nobis-

463 2226 607 2269 cum
657 2210 975 2268 habitavit.
1012 2209 1125 2278 Qui
1168 2223 1363 2281 quum
1414 2210 1684 2266 maxima
1727 2209 1972 2267 vivendi
2014 2226 2114 2267 se-

463 2309 721 2366 veritate
784 2322 1093 2365 summam
1161 2307 1487 2364 asceticam
1558 2307 1744 2363 vitam
1803 2309 2110 2380 suscepis-

462 2411 576 2480 set,
610 2421 762 2464 vana
815 2406 892 2462 de
941 2420 1006 2462 se
1058 2403 1354 2476 opinione
1411 2419 1481 2460 ac
1537 2405 1831 2475 superbia
1885 2421 1920 2461 a
1971 2406 2113 2463 dae-

462 2519 648 2562 mone
693 2505 911 2561 irrisus
957 2509 1016 2560 et
1064 2503 1168 2559 tali
1215 2502 1564 2573 perniciosa
1614 2501 1805 2559 animi
1859 2505 2110 2560 calami-

461 2607 581 2660 tate
636 2602 810 2658 brevi
875 2606 1158 2672 tempore
1212 2600 1508 2670 deceptus
1563 2604 1674 2669 est,
1729 2607 1794 2656 ut
1859 2601 2109 2673 angelos

458 2714 604 2756 cum
652 2699 790 2770 ipso
845 2698 1225 2769 conversari,
1259 2703 1320 2754 et
1371 2697 1430 2752 in
1483 2697 1704 2768 quovis
1757 2696 2107 2757 ministerio

456 2797 579 2870 ipsi
658 2797 958 2854 inservire
1017 2796 1290 2852 iactaret.
1351 2795 1404 2851 ls
1456 2795 1773 2866 quondam
1830 2802 2104 2867 sportam

454 2910 784 2968 consuens,
847 2901 914 2951 ut
983 2894 1119 2951 eius
1187 2893 1338 2950 socii
1411 2900 1762 2958 narrarunt,
1834 2896 2100 2967 vesperi,

453 3008 649 3067 quum
726 2992 957 3049 multae
1029 2991 1321 3048 tenebrae
1392 2997 1618 3063 essent,
1698 3006 1900 3058 acum,
1982 3009 2102 3066 qua

450 3091 811 3160 consuebat,
867 3090 1094 3147 amisit.
1149 3090 1276 3156 Qua
1335 3104 1456 3146 non
1515 3089 1781 3159 inventa,
1835 3089 2098 3152 daemon

450 3191 507 3246 ei
558 3190 912 3261 lampadem
971 3188 1137 3252 fecit,
1191 3202 1317 3259 qua
1359 3202 1540 3244 acum
1592 3189 1849 3259 reperit,
1897 3190 1980 3245 ita
2033 3197 2098 3247 ut
2137 3163 2175 3217 C

449 3288 641 3344 miser
692 3286 806 3342 iste
862 3285 1057 3354 magis
1104 3284 1289 3338 etiam
1346 3299 1502 3341 vano
1558 3291 1803 3340 tumore
1854 3286 2096 3343 inﬂare-

447 3389 570 3442 tur.
625 3384 725 3440 Dei
771 3388 978 3440 autem
1009 3381 1399 3453 providentia
1443 3381 1812 3438 fraternitati
1843 3385 2096 3442 calami-

447 3485 540 3538 tas
578 3482 713 3538 eius
749 3479 933 3537 citius
984 3477 1308 3535 manifesta
1358 3479 1514 3536 facta
1558 3485 1666 3535 est.
1724 3480 1873 3536 Nam
1935 3481 2093 3539 acci-

442 3579 554 3653 dit,
597 3585 664 3637 ut
703 3578 978 3650 hospites
1007 3577 1262 3650 quidam
1297 3575 1597 3634 fratribus
1639 3577 1875 3635 fructus
1905 3582 2093 3639 aesti-

442 3691 550 3735 vos
607 3676 915 3734 afferrent.
978 3676 1254 3742 Quorum
1331 3675 1726 3746 manipulum
1796 3676 2091 3736 dominus

439 3774 744 3833 Macarius
783 3774 1110 3847 presbyter
1155 3773 1492 3845 unicuique
1535 3773 1597 3830 in
1641 3773 1932 3832 cellulam
1976 3779 2088 3835 mi-

439 3875 540 3950 sit,
591 3879 950 3947 pariterque
1001 3874 1233 3930 misero
1284 3872 1543 3929 Valenti.
1599 3873 1708 3930 Hic
1752 3889 1920 3946 eum,
1977 3878 2084 3949 qui

436 3973 747 4045 attulerat,
804 3973 1156 4029 verberavit
1211 3977 1270 4028 et
1323 3973 1699 4030 contumelia
1747 3974 2020 4033 afﬁciens
2068 3996 2080 4035 :

438 4072 564 4138 Dic,
617 4068 842 4140 inquit,
902 4070 1169 4126 Macario
1227 4084 1240 4124 :
1290 4068 1372 4125 Te
1415 4070 1689 4126 deterior
1743 4087 1864 4128 non
1916 4089 2080 4147 sum,

431 4167 600 4240 quod
674 4172 736 4223 tu
806 4165 961 4222 mihi
1035 4179 1294 4222 munera
1348 4165 1573 4223 mittas.
1636 4168 1836 4234 Quum
1893 4171 2082 4241 igitur

433 4269 680 4322 sanctus
733 4263 1035 4318 Macarius
1088 4276 1231 4318 eum
1285 4263 1613 4332 deceptum
1671 4277 1804 4320 esse
1859 4280 2078 4338 cogno-

430 4362 638 4430 visset,
672 4359 826 4417 abiit
877 4359 952 4415 ad
998 4373 1140 4414 eum
1191 4359 1664 4430 cohortandum,
1701 4365 1805 4418 et:
1863 4363 2078 4422 Valens

427 4462 640 4532 frater,
682 4458 906 4530 inquit,
961 4457 1179 4514 illusus
1217 4471 1322 4525 es;
1369 4457 1582 4514 desine
1630 4463 1689 4514 et
1735 4459 2074 4532 deprecare

427 4560 616 4617 Deum
667 4556 679 4613 l
733 4556 846 4626 Qui
907 4555 1396 4613 admonitionem
1449 4556 1585 4612 eius
1633 4570 1755 4614 non
1807 4560 2066 4634 audivit,

421 4658 526 4715 sed
580 4655 946 4714 inobediens
989 4653 1320 4710 oblocutus
1365 4660 1477 4711 est.
1538 4654 1827 4712 Diabolus
1880 4657 2068 4730 igitur

415 4770 611 4828 quum
685 4759 1078 4825 compertum
1164 4751 1443 4820 haberet,
1522 4751 1858 4810 maximam
1943 4756 2061 4814 sibi

413 4851 595 4908 fidem
669 4865 811 4907 eum
867 4849 1180 4915 habuisse,
1253 4848 1511 4920 ﬁguram
1576 4849 1913 4909 Salvatoris
1972 4853 2061 4912 in-

409 4949 566 5019 duit,
628 4953 689 5006 et
745 4955 928 5006 noctu
983 4947 1058 5004 ad
1113 4961 1256 5004 eum
1315 4945 1377 5003 in
1437 4947 1865 5019 phantasmate
1914 4967 2057 5010 cum

2230 1911 2627 1984 despectione
2698 1915 2943 1986 vitaque
3011 1919 3359 1976 austeriore
3431 1933 3651 1977 vanam
3734 1922 3885 1994 opi-

2229 2009 2478 2067 nionem
2530 2011 2920 2076 ademerunt,
2972 2013 3054 2070 ita
3107 2020 3174 2071 ut
3231 2023 3576 2077 sanaretur.
3629 2021 3883 2078 Contra-

2226 2108 2337 2165 riis
2404 2109 2572 2166 enim
2629 2113 2943 2168 contraria
2999 2113 3377 2171 conveniunt
3453 2115 3877 2176 medicamen-

2223 2212 2283 2263 ta
2315 2203 2422 2283 (1).
2460 2226 2488 2260 ››

2305 2323 2606 2380 Macarius
2690 2324 2796 2382 ille
2873 2327 3201 2399 presbyter
3285 2329 3596 2387 Valentem
3678 2336 3878 2392 corri-

2223 2422 2400 2493 piens
2446 2429 2507 2478 et
2543 2423 2905 2494 admonens,
2941 2428 3090 2498 quin
3146 2428 3446 2486 Macarius
3501 2431 3878 2491 Alexandri-

2222 2535 2352 2582 nus,
2434 2523 2759 2593 presbyter
2829 2524 3233 2592 Cellularum,
3311 2527 3522 2601 fuerit,
3592 2531 3872 2590 dubitari

2220 2617 2318 2674 vix
2407 2623 2631 2690 potest.
2717 2619 2868 2676 Nam
2965 2622 3277 2680 Valentem
3362 2626 3424 2683 in
3509 2628 3871 2698 solitudine,

2219 2713 2282 2770 in
2366 2731 2486 2787 qua
2560 2717 2866 2775 Palladius
2950 2719 3120 2786 vixit,
3191 2722 3251 2778 h.
3315 2737 3368 2780 e.
3445 2724 3506 2780 in
3592 2727 3870 2795 Cellulis,

2218 2813 2402 2886 longo
2493 2821 2776 2887 tempore
2870 2816 3178 2876 habitasse
3273 2821 3557 2894 legimus.
3644 2825 3866 2898 Sequi-

2217 2917 2318 2969 tur
2370 2913 2643 2971 narratio
2699 2913 2776 2971 de
2836 2915 3099 2988 Herone,
3157 2919 3264 2989 qui
3322 2937 3352 2972 «
3412 2921 3664 2979 beatum
3719 2924 3873 2981 Eva-

2213 3009 2420 3082 grium
2493 3033 2517 3061 η
2605 3013 2917 3069 consimili
3002 3017 3378 3074 contumelia
3463 3019 3667 3077 atfecit
3751 3023 3864 3097 (2).

2214 3109 2328 3166 Ubi
2385 3110 2681 3167 Hervetus
2738 3111 2800 3167 in
2857 3113 3135 3185 margine
3204 3115 3558 3190 adscripsit,
3618 3120 3867 3193 Evagrii

2211 3206 2348 3264 loco
2393 3208 2453 3264 in
2504 3209 2643 3264 aliis
2693 3209 3017 3267 codicibus
3065 3231 3094 3265 «
3157 3213 3490 3272 Macarium
3543 3219 3870 3290 presbyte-

2210 3317 2348 3359 rum
2383 3323 2413 3356 »
2472 3305 2588 3377 legi
2633 3305 2739 3381 i3).
2798 3307 2963 3374 Quae
3003 3311 3363 3383 corruptela
3412 3317 3629 3385 procul
3665 3315 3865 3376 dubio

2206 3401 2350 3457 inde
2416 3409 2554 3459 nata
2615 3409 2724 3474 est,
2801 3406 2966 3477 quod
3033 3408 3235 3480 capite
3305 3413 3702 3470 antecedente
3779 3416 3863 3473 de

2205 3499 2470 3558 Macario
2502 3503 2892 3573 presbytero,
2927 3504 2990 3560 in
3027 3520 3214 3576 quem
3258 3507 3474 3566 Valens
3513 3513 3863 3584 superbiis—

2202 3602 2313 3664 set,
2389 3605 2705 3656 narratum
2768 3608 2920 3658 erat.
2989 3603 3346 3662 Editionum
3414 3623 3662 3681 quoque
3721 3627 3862 3669 ver-

2201 3695 2574 3768 sionumque
2625 3697 2776 3756 locis
2824 3699 2947 3756 illis
2999 3701 3298 3760 nomina:
3349 3705 3653 3764 Macarius
3701 3706 3859 3757 πο)ι-

2198 3796 2363 3861 τικός,
2425 3793 2727 3853 Macarius
2777 3797 2835 3855 S.
2897 3799 3142 3855 Antonii
3211 3800 3582 3874 discipulus,
3644 3808 3858 3864 Maca—-

2201 3891 2330 3950 rius
2389 3895 2739 3967 presbyter,
2791 3895 3008 3953 eadem
3081 3899 3532 3970 reperiuntur;
3595 3905 3857 3977 antiqua

2196 3996 2402 4048 autem
2443 3993 2645 4051 versio
2690 3993 2980 4052 historias
3016 3995 3093 4052 de
3135 3996 3321 4056 Paulo
3365 4004 3426 4056 et
3468 4000 3544 4057 de
3599 4001 3852 4063 Valente

2192 4090 2424 4147 omisit.

2270 4203 2395 4258 lam
2427 4219 2574 4277 ergo
2605 4206 2682 4262 ad
2715 4208 2900 4265 finem
2934 4223 3144 4267 rerum
3169 4213 3247 4270 de
3281 4215 3547 4274 Macario
3581 4217 3846 4279 Alexan-

2190 4296 2372 4357 drino
2429 4317 2463 4359 e
2529 4304 2693 4362 libro
2750 4305 3006 4364 Palladii
3064 4313 3637 4382 cognoscendarum
3698 4332 3847 4389 per-

2187 4397 2489 4456 venimus.
2525 4401 2934 4461 Transeamus
2976 4406 3164 4478 igitur
3191 4410 3266 4466 ad
3319 4409 3523 4469 Rufini
3556 4415 3840 4475 testimo-

2106 4517 2148 4571 ι)
2182 4494 2286 4550 nia
2315 4496 2390 4552 de
2419 4497 2697 4556 Macariis
2729 4502 3027 4575 Aegyptio
3057 4510 3118 4562 et
3149 4506 3586 4568 Alexandrino.

2815 4638 3053 4697 CAPUT
3087 4641 3176 4697 IV.

2175 4752 2466 4800 RUFINUS
2524 4758 2604 4800 DE
2664 4759 2930 4803 SANC'I‘IS
2992 4763 3305 4808 MACARIIS
3356 4766 3687 4813 AEGYP'I‘IO
3744 4771 3832 4815 ET

2751 4861 3241 4906 ALEXANDRINO.

2247 4949 2403 5029 $26.
2463 4957 2527 5013 ln
2580 4957 2743 5016 libro
2787 4962 3061 5018 secundo
3115 4962 3226 5018 VV.
3280 4963 3386 5020 PP.
3435 4967 3831 5029 collectionis

406 5049 580 5106 mille
628 5046 1040 5103 daemonibus
1099 5045 1417 5118 lampadas
1473 5046 1816 5106 ferentibus
1865 5053 2048 5126 venit,

402 5152 729 5219 rotamque
759 5145 1002 5216 igneam
1033 5143 1321 5209 ostendit,
1356 5143 1419 5201 in
1464 5159 1585 5216 qua
1616 5147 1820 5204 media
1850 5148 2053 5207 Salva-

2165 5052 2630 5113 Rosweidianae
2703 5057 2780 5114 de
2850 5059 3131 5116 Macariis
3208 5061 3359 5120 haec
3439 5065 3732 5137 leguntur
3811 5088 3826 5129 :

2167 5170 2194 5202 ι
2227 5150 2571 5211 Narrabant
2617 5160 2823 5212 autem
2857 5156 3036 5213 nobis
3073 5155 3246 5225 110
3288 5162 3546 5232 quidam
3578 5178 3654 5222 ex
3700 5181 3824 5238 pa-

2156 5438 2301 5478 num
2329 5426 2672 5496 Appendice
2705 5427 2897 5497 priore
2933 5430 3048 5487 sub
3078 5433 3168 5499 Ill,
3201 5433 3234 5488 4
3264 5449 3279 5499 ;
3317 5433 3454 5490 Hist.
3497 5437 3667 5492 Laus.
3713 5440 3822 5500 ed.

2155 5513 2366 5570 Meurs.
2400 5529 2534 5584 cap.
2567 5515 2656 5569 33.

2223 5602 2300 5674 (3)
2345 5603 2458 5660 VV.
2492 5607 2595 5663 PP.
2627 5609 2821 5663 Rosw.
2857 5626 2916 5681 p.
2955 5611 3080 5680 734,
3114 5614 3166 5668 1.

475 5423 551 5495 (1)
591 5423 801 5476 'l‘extus
828 5437 1078 5493 graecus
1099 5419 1314 5490 legitur
1338 5421 1565 5476 infrain
1594 5422 1811 5478 harum
1837 5426 2037 5490 Quaes

393 5515 624 5573 tionum
642 5511 984 5583 Appendice
1015 5512 1203 5582 priore
1229 5511 1341 5565 sub
1362 5511 1456 5576 Ill,
1484 5512 1536 5566 3.
1559 5511 1640 5565 Cf.
1675 5514 1824 5571 Hist.
1859 5517 2038 5570 Laus.

387 5603 482 5661 ed.
517 5602 742 5658 Meurs.
788 5617 920 5673 cap.
953 5601 1037 5655 32.

457 5695 529 5755 (2)
567 5695 779 5748 Textus
820 5707 1070 5763 graecus
1113 5694 1307 5746 exstat
1364 5690 1423 5745 in
1474 5689 1688 5746 harum
1729 5692 2036 5756 Quaestio-
