4094 6208
261 288 352 345 105

1806 264 2036 321 VITAE.

3546 269 3646 325 106

260 416 458 482 tribus,
510 412 617 486 qui
683 409 771 468 ibi
878 404 969 483 [in
1017 398 1296 479 Cellulis]
1352 404 1550 471 erant,
1602 397 1769 472 quod
1814 394 1878 453 in
1922 395 1968 449 A
2000 400 2102 456 tur
2121 396 2234 475 (2).
2272 420 2298 450 ι)
2332 400 2689 474 Sequuntur
2718 410 2844 465 ιι-θε
2892 409 3283 469 narrationes
3311 409 3388 469 de
3431 408 3642 483 puella

256 510 529 573 locisillis
557 510 675 568 duo
696 505 942 565 Macarii
976 502 1150 577 quasi
1183 500 1308 559 duo
1344 497 1502 557 coeli
1548 494 1882 555 luminaria

258 609 629 673 remisissent,
700 621 779 663 ex
848 603 1081 677 quibus
1150 614 1311 658 unus
1380 595 1713 668 Aegyptius
1774 607 1879 665 ge-

1997 497 2058 554 in
2080 512 2306 569 equam
2340 504 2592 569 mutata,
2650 504 2725 561 de
2784 506 2989 578 puella
3041 511 3307 575 minore,
3356 508 3537 567 cuius
3566 520 3646 567 ex

1994 609 2259 668 corpore
2308 600 2615 656 vermium
2677 600 3003 661 innumera
3067 605 3403 665 multitudo
3454 604 3639 664 ebul-

257 723 385 769 uere
455 711 512 765 et
578 703 924 776 discipulus
991 698 1154 759 beati
1211 695 1461 755 Antonii
1516 694 1653 765 fuit,
1724 692 1883 750 alius
1993 692 2203 767 liebat,
2281 700 2342 752 et
2405 696 2482 753 de
2558 705 2807 759 mortuo
2844 702 3097 761 homine
3144 704 3221 760 ad
3261 703 3638 762 Nieracitam

262 803 698 867 Alexandrinus.
776 800 1015 870 Quibus
1068 801 1136 855 ut
1207 792 1511 854 vocabula
1583 788 1875 856 nominis,

266 907 332 964 ita
358 904 603 962 virtutes
635 899 829 958 animi
855 902 916 956 et
942 894 1305 956 coelestium
1354 891 1692 965 gratiarum
1740 903 1879 946 ma—

268 1000 571 1076 gniﬁcentia
622 996 1065 1057 concordabat.
1117 993 1387 1065 Uterqne
1440 990 1609 1047 enim
1681 986 1877 1045 Maca-

266 1102 383 1168 rius,
406 1104 662 1171 uterque
718 1093 1129 1155 abstinentiae
1198 1088 1514 1149 exercitiis
1570 1091 1631 1145 et
1682 1085 1875 1143 virtu-

262 1198 393 1257 tibus
438 1195 625 1254 animi
672 1192 1017 1266 aequaliter
1070 1188 1349 1262 pollens;
1382 1186 1502 1244 hoc
1550 1184 1685 1243 solo
1714 1183 1875 1241 alius

252 1293 619 1370 praecellens,
683 1290 854 1364 quod
951 1288 1126 1362 quasi
1193 1283 1640 1344 haereditatem
1734 1295 1872 1353 gra-

249 1394 445 1451 tiarum
501 1395 560 1448 et
645 1389 954 1446 virtutum
1026 1383 1190 1443 beati
1277 1380 1524 1440 Antonii
1586 1378 1870 1453 posside-

246 1493 333 1549 bat
357 1488 449 1567 (ι).
488 1510 513 1541 ››

313 1587 386 1645 En
413 1586 746 1646 Macarium
807 1580 1178 1657 Aegyptium
1236 1579 1293 1638 S.
1371 1576 1621 1635 Antonii
1660 1574 1866 1647 magni

241 1685 589 1758 discipulum
620 1684 1054 1753 virtutumque
1099 1680 1235 1737 eius
1258 1676 1435 1750 quasi
1477 1674 1811 1732 haeredem
1848 1670 1861 1728 1

1993 791 2375 851 haereticum
2467 796 2881 857 refellendum
2969 800 3330 859 resuscitato
3403 818 3415 859 :
3476 814 3638 874 quae

1988 889 2107 948 tria
2131 892 2376 949 Macarii
2410 891 2694 967 Aegyptii
2748 896 3051 955 miracula
3082 899 3207 955 iam
3233 914 3309 956 ex
3355 898 3637 958 Palladio

1986 990 2392 1062 cognovimus
2467 990 2575 1068 (3).
2638 993 2876 1052 Finitur
2929 995 3184 1053 demum
3235 997 3512 1055 narratio
3564 997 3638 1055 1i-

1986 1087 2085 1144 bri
2140 1089 2396 1147 secundi
2447 1090 2523 1148 de
2577 1092 2842 1149 Macario
2893 1093 3193 1165 Aegyptio
3248 1093 3344 1151 his
3382 1093 3631 1152 verbis:

1988 1186 2229 1244 «Multa
2273 1187 2461 1244 etiam
2515 1194 2573 1246 et
2616 1189 2737 1247 alia
2792 1190 3152 1249 ferebantur
3190 1192 3267 1249 de
3315 1206 3411 1255 eo,
3476 1205 3637 1264 quae

1982 1283 2170 1342 nimis
2223 1286 2466 1357 prolixa
2488 1292 2629 1345 sunt
2672 1288 2749 1345 ad
2775 1288 3204 1355 scribendum,
3258 1289 3365 1346 sed
3420 1300 3496 1346 ex
3538 1288 3637 1347 his
3682 1344 3683 1347 η

1981 1383 2160 1454 pauci
2188 1384 2375 1441 etiam
2401 1391 2607 1444 cetera
2653 1386 2789 1444 eius
2830 1401 3023 1459 opera
3054 1392 3396 1446 noscuntur
3435 1384 3554 1462 (Ii).
3599 1404 3631 1440 ιι

2058 1480 2257 1539 Nemo
2302 1481 2580 1554 profecto
2610 1484 2949 1557 dubitabit,
2998 1485 3152 1557 quin
3195 1484 3299 1543 hic
3330 1484 3634 1544 Macarius

1980 1578 2319 1653 Aegyptius
2380 1580 2546 1638 idem
2618 1581 2715 1648 sit,
2792 1583 2869 1641 de
2947 1597 3074 1655 quo
3158 1598 3346 1655 supra
3416 1582 3629 1642 retulit

1979 1676 2306 1735 Palladius.
2373 1678 2572 1747 Quare
2627 1678 2766 1737 iure
2797 1680 3078 1757 oﬁ‘endit,
3112 1682 3280 1754 quod
3331 1679 3632 1739 Macarius

240 1753 408 1852 Quarti
477 1795 610 1840 rem
692 1785 1026 1851 antequam
1109 1772 1540 1846 expediamus,
1591 1770 1857 1848 reliqua.
1904 1753 1945 1807 Β
1983 1776 2315 1848 Aegyptius
2341 1775 2505 1835 libro
2534 1778 2810 1837 secundo
2867 1778 2926 1837 s.
2982 1753 3229 1837 Antonii
3279 1778 3628 1850 discipulus

240 1896 373 1955 quae
418 1880 491 1938 de
546 1877 817 1937 Macario
874 1873 1184 1950 Aegyptio
1244 1873 1308 1930 in
1368 1871 1533 1929 libro
1590 1869 1865 1927 secundo

240 1979 695 2051 subiunguntur,
723 1973 1055 2033 audiamus
1085 1990 1099 2030 :

304 2096 329 2130 «
400 2076 545 2134 Hinc
622 2073 897 2144 denique
982 2070 1211 2138 ferunt,
1292 2065 1630 2139 aliquando
1666 2079 1863 2137 quum

235 2176 615 2235 homicidium
676 2174 739 2231 in
792 2172 945 2231 locis
986 2170 1207 2229 vicinis
1265 2165 1485 2225 fuisset
1514 2166 1860 2224 admissum

232 2281 282 2333 et
341 2274 643 2334 innocenti
684 2271 935 2331 cuidam
979 2269 1435 2343 impingeretur
1476 2266 1716 2323 crimen
1747 2265 1859 2322 ad-

232 2373 407 2437 missi,
460 2371 819 2445 confugisse
864 2369 943 2427 ad
1000 2368 1139 2426 eius
1169 2365 1463 2424 cellulam
1519 2377 1689 2427 eum,
1748 2363 1857 2436 qui

230 2472 572 2530 calumniam
621 2469 995 2543 patiebatur.
1057 2464 1341 2523 Adfuisse
1380 2464 1568 2521 etiam
1600 2476 1707 2519 eos
1747 2460 1855 2534 qui

230 2572 636 2643 perurgebant,
725 2566 1054 2637 allegantes
1132 2566 1194 2620 et
1254 2562 1547 2622 dicentes.
1606 2559 1854 2633 pericli-

229 2669 325 2725 tari
368 2682 428 2726 se
476 2667 663 2735 ipsos,
700 2664 820 2723 nisi
869 2661 1396 2735 comprehensum
1455 2658 1697 2731 legibus
1722 2663 1850 2715 tra-

228 2765 411 2824 derent
467 2763 883 2824 homicidam.
942 2761 997 2819 ls
1052 2773 1222 2827 vero,
1283 2758 1386 2816 cui
1440 2758 1679 2816 crimen
1734 2755 1849 2814 im—

228 2863 586 2937 pingebatur,
648 2875 796 2919 cum
845 2856 1252 2917 sacramentis
1302 2855 1672 2921 afﬁrmabat,
1702 2869 1849 2912 con-

225 2961 392 3019 scium
440 2975 505 3019 se
558 2974 688 3019 non
743 2972 877 3016 esse
918 2954 1237 3029 sanguinis
1305 2953 1504 3011 illius.
1576 2952 1647 3009 Et
1699 2965 1843 3009 cum

227 3058 312 3116 diu
338 3061 410 3117 ab
463 3065 732 3131 utraque
762 3060 936 3128 parte
982 3059 1302 3112 certamen
1352 3053 1712 3115 haberetur,
1749 3050 1841 3107 in-

224 3158 540 3230 terrogabat
572 3160 829 3214 sanctus
875 3150 1198 3217 Macarius,
1264 3150 1375 3209 ubi
1428 3149 1709 3222 sepultus
1751 3162 1843 3206 es-

223 3261 295 3313 set
333 3256 431 3329 qui
480 3253 812 3313 dicebatur
862 3250 1133 3310 occisus.
1205 3249 1485 3321 Cumque
1532 3248 1843 3318 designas-

222 3359 330 3411 sent
380 3353 605 3423 locum,
656 3365 800 3409 cum
855 3348 1171 3415 omnibus,
1229 3347 1335 3419 qui
1380 3346 1457 3403 ad
1491 3359 1840 3418 perurgen-

223 3450 345 3509 dum
401 3451 724 3509 hominem
800 3451 1117 3513 venerant,
1204 3444 1405 3518 pergit
1482 3445 1559 3502 ad
1635 3445 1840 3516 sepul-

220 3550 429 3616 chrum,
461 3554 652 3622 atque
678 3546 765 3605 ibi
799 3545 934 3603 ﬁxis
956 3543 1239 3617 genibus,
1289 3541 1572 3600 invocato
1632 3541 1837 3599 Chris-

220 3646 280 3703 sti
328 3648 593 3714 nomine,
659 3645 744 3702 ait
803 3642 877 3701 ad
933 3656 1065 3714 eos,
1124 3640 1230 3713 qui
1288 3640 1604 3698 astabant:
1667 3639 1837 3698 Nunc

221 3743 483 3803 Dominus
533 3742 844 3809 ostendet,
906 3740 957 3798 si
1000 3753 1144 3797 vere
1202 3753 1348 3796 reus
1403 3743 1494 3795 est
1538 3738 1664 3808 hic,
1728 3738 1837 3810 qui

222 3848 554 3917 perurgetur
608 3857 647 3899 a
714 3839 915 3899 vobis.
988 3836 1058 3895 Et
1103 3836 1338 3895 elevata
1386 3850 1536 3895 voce
1588 3852 1663 3893 ex
1723 3851 1837 3895 no-

222 3938 361 3998 mine
402 3939 627 3999 clamat
688 3936 1082 3995 defunctum.
1169 3934 1449 4007 Cumque
1500 3934 1558 3991 ei
1612 3932 1690 3992 de
1737 3949 1835 3992 se-

219 4038 448 4108 pulchro
513 4040 771 4097 vocatus
833 4032 1280 4106 respondisset,
1372 4032 1456 4091 ait
1500 4032 1577 4089 ad
1634 4046 1830 4091 eum:

220 4133 317 4192 Per
362 4137 541 4196 ﬁdem
594 4135 825 4195 Christi
874 4140 935 4191 te
986 4133 1287 4200 obtestor,
1340 4136 1404 4189 ut
1456 4130 1649 4199 dicas,
1680 4131 1731 4188 si
1756 4131 1835 4189 ab

220 4232 315 4291 hoc
354 4236 631 4303 homine,
682 4233 789 4307 qui
853 4231 1235 4290 calumniam
1290 4231 1544 4303 patitur,
1591 4228 1836 4289 occisus

219 4345 272 4388 es
295 4328 321 4386 ἢ
341 4333 502 4392 Tunc
538 4333 649 4391 ille
700 4331 778 4389 de
830 4329 1168 4402 sepulchro
1199 4329 1367 4386 clara
1399 4342 1548 4387 voce
1579 4343 1832 4402 respon-

217 4428 291 4486 dit
340 4432 545 4490 dicens
608 4448 622 4487 :

218 4525 273 4582 Et
340 4543 473 4587 cum
545 4526 961 4599 obstupefacti
1030 4538 1248 4583 omnes
1308 4524 1686 4583 decidissent
1755 4525 1832 4583 ad

219 4627 414 4683 terram
454 4642 524 4686 ac
575 4625 842 4698 pedibus
891 4624 1027 4682 eius
1070 4622 1571 4695 advolverentur,
1616 4636 1835 4695 rogare

217 4730 541 4794 coeperunt,
603 4728 670 4782 ut
720 4722 1131 4793 interrogaret
1193 4732 1358 4786 eum,
1416 4735 1449 4777 a
1520 4733 1646 4793 quo
1675 4725 1837 4778 esset

217 4820 451 4878 occisus.
490 4820 841 4879 Tuneille:
896 4818 1041 4884 Hoc,
1106 4816 1328 4890 inquit,
1381 4831 1502 4874 non
1558 4817 1839 4876 interro-

219 4917 388 4987 gabo;
421 4918 857 4985 suiﬁcit,enim
903 4916 1081 4981 mihi,
1136 4904 1202 4973 u't
1245 4915 1544 4974 innocens
1608 4912 1838 4974 libere-

216 5016 335 5080 tur;
362 5030 476 5075 non
503 5022 595 5074 est
615 5023 822 5074 autem
852 5029 1088 5086 meum,
1126 5013 1168 5082 1
1188 5013 1231 5082 1
1249 5012 1292 5081 1
1332 5019 1399 5072 ut
1449 5028 1593 5072 reus
1615 5014 1838 5086 proda-

279 5222 343 5294 (1)
372 5225 477 5280 VV.
500 5228 600 5281 PP.
633 5227 817 5281 Rosw.
846 5223 948 5280 lib.
978 5223 1025 5279 ΙΙ
1052 5239 1185 5295 cap.
1222 5222 1291 5278 28
1315 5240 1375 5294 p.
1406 5223 1535 5287 479,
1564 5223 1616 5277 2.
1645 5223 1838 5280 Ruﬁni

226 5307 349 5452 ῗῖρ.
372 5313 465 5371 ed.
507 5314 746 5371 Vallarsi
776 5330 835 5385 p.
888 5315 1012 5379 193,
1052 5314 1239 5383 Migne
1273 5311 1484 5369 Patro].
1520 5312 1580 5367 T.
1614 5312 1733 5369 XXI
1777 5330 1834 5385 p.

282 5402 309 5454 9
332 5418 415 5474 sq.

283 5488 350 5559 (2)
374 5492 482 5550 VV.
522 5492 628 5547 PP.
654 5496 857 5550 Rosw.
898 5492 997 5548 1.1.
1036 5509 1050 5560 ;
1084 5491 1280 5549 Ruﬁni
1312 5493 1464 5564 Opp.
1493 5492 1587 5547 ed.
1624 5490 1842 5550 Vallar-
1922 5528 1938 5546 .

231 5574 267 5629 si
294 5576 325 5633 l.
343 5580 401 5646 1.,
430 5581 612 5652 Migne
646 5581 682 5636 l.
718 5582 759 5639 1.
794 5597 857 5655 p.
900 5582 1050 5642 450..
1344 5621 1358 5638 .

289 5666 358 5738 (3)
390 5671 471 5729 Cf.
499 5688 680 5745 supra
700 5674 891 5744 Caput
918 5688 959 5730 ιι
986 5674 1042 5747 §§
1079 5674 1163 5730 i2.
1194 5673 1283 5732 13.
1323 5674 1417 5733 ti.
1465 5675 1553 5733 17.

1974 1875 2443 1948 gratiarumque
2499 1875 2635 1934 eius
2708 1892 2779 1934 ac
2836 1876 3137 1936 virtutum
3192 1876 3367 1949 quasi
3409 1876 3630 1934 haeres

1974 1977 2251 2039 vocatur,
2324 1970 2502 2031 cuius
2567 1974 2885 2047 dignitatis
2980 1974 3296 2033 Palladius
3387 1973 3624 2033 nullam

1974 2072 2156 2144 plane
2206 2071 2587 2129 mentionem
2644 2072 2815 2131 fecit.
2886 2073 3126 2131 Etenim
3185 2072 3449 2145 legimus
3487 2071 3627 2144 qui-

1971 2170 2114 2228 dem
2148 2168 2210 2229 in
2259 2169 2605 2228 Meursiana
2638 2170 2941 2229 Historiae
2994 2170 3319 2230 Lausiacae
3348 2170 3623 2229 editione

1970 2268 2047 2327 de
2108 2266 2373 2327 Macario
2432 2269 2727 2341 quodam,
2784 2284 2973 2342 quem
3004 2270 3305 2327 virtutum
3364 2282 3621 2326 suarum

1968 2365 2305 2425 haeredem
2366 2366 2497 2425 t'ore
2546 2369 2605 2425 S.
2662 2368 2963 2427 Antonius
3011 2367 3147 2440 ipse
3196 2366 3616 2439 praedixerit;

1967 2465 2074 2523 sed
2127 2465 2334 2524 locum
2388 2466 2675 2539 spurium
2730 2481 2864 2525 esse
2894 2465 3275 2531 censuimus,
3310 2464 3619 2523 narratio-

1966 2579 2236 2637 nemque
2278 2564 2545 2623 Macario
2586 2564 3005 2623 Alexandrino
3044 2564 3124 2622 ab
3168 2562 3616 2636 interpolatore

1964 2664 2263 2722 tributam
2306 2662 2677 2735 Pispiritano
2736 2663 2953 2735 magis,
2992 2676 3182 2735 quam
3218 2661 3447 2720 nostris
3471 2674 3617 2718 con-

1960 2762 2173 2820 venire
2218 2760 2501 2819 Macariis
2557 2758 2667 2836 (5).
2733 2761 2813 2819 De
2860 2760 3123 2819 Macario
3167 2765 3374 2818 autem
3414 2759 3613 2832 Aegy-

1959 2860 2089 2933 ptio
2121 2859 2278 2918 nihil
2320 2858 2579 2917 omnino
2627 2858 2938 2917 eiusmodi
2985 2862 3400 2916 memoratum
3460 2857 3609 2915 huc-

1954 2972 2152 3031 usque
2178 2957 2548 3015 invenimus.

2034 3056 2180 3115 Rem
2214 3070 2247 3112 a
2300 3055 2555 3114 Socrate
2606 3054 2890 3128 expediri
2931 3053 3097 3111 haud
3139 3058 3376 3111 temere
3406 3052 3607 3110 credi-

1951 3154 2142 3221 deris,
2222 3156 2329 3227 qui
2407 3166 2601 3225 quum
2674 3152 2938 3225 reliqua,
2990 3166 3151 3224 quae
3194 3150 3272 3209 de
3320 3148 3605 3208 Macariis

1952 3254 2163 3325 refert,
2194 3266 2267 3309 ex
2311 3250 2490 3309 libris
2544 3249 2787 3323 Evagrii
2842 3254 3160 3308 mutuatus
3215 3248 3317 3320 sit,
3376 3248 3530 3306 haec
3568 3262 3603 3304 e

1949 3352 2115 3410 libro
2166 3350 2440 3408 secundo
2481 3348 2891 3420 assumpsisse
2945 3348 3192 3406 videtur
3244 3361 3256 3403 :
3317 3364 3346 3399 «
3406 3346 3599 3403 Porro

1948 3450 2112 3507 inter
2157 3447 2516 3518 monachos,
2552 3446 2659 3519 qui
2689 3460 2764 3505 eo
2796 3451 3081 3519 tempore
3129 3443 3438 3515 vixerunt,
3471 3442 3597 3500 duo

1947 3547 2122 3605 fuere
2187 3545 2559 3604 sanctissimi
2622 3545 2842 3603 eodem
2902 3543 3157 3602 nomine
3202 3541 3590 3613 nuncupati;

1945 3649 2208 3717 uterque
2303 3644 2472 3701 enim
2536 3641 2837 3701 Macarius
2905 3642 3253 3701 dicebatur.
3318 3641 3596 3710 Quorum

1946 3743 2099 3800 alter
2151 3757 2222 3798 ex
2295 3741 2622 3813 superiore
2699 3742 2998 3813 Aegypto,
3054 3740 3212 3799 alter
3285 3753 3361 3796 ex
3435 3738 3595 3796 urbe

1946 3838 2319 3899 Alexandria
2348 3843 2481 3896 erat
2508 3837 2840 3897 oriundus.
2880 3838 3198 3896 'Ceterum
3224 3837 3411 3894 ambo
3442 3849 3593 3907 prae

1943 3936 2167 3995 ceteris
2205 3936 2477 3994 illustres
2525 3935 2778 3993 fuerunt
2826 3938 2959 3992 tum
2991 3938 3251 4006 propter
3278 3932 3590 3991 abstinen-

1944 4035 2117 4105 tiam,
2172 4038 2307 4092 tum
2364 4034 2446 4092 ob
2504 4047 2712 4092 mores
2741 4037 2800 4091 et
2856 4031 3422 4101 conversationem,
3452 4034 3589 4088 tum

1941 4134 2026 4193 ob
2077 4132 2402 4197 miracula,
2448 4146 2608 4205 quae
2670 4145 2782 4205 per
2821 4145 3045 4190 eorum
3087 4144 3309 4188 manus
3365 4142 3586 4202 perpe-

1941 4230 2286 4290 trabantur.
2378 4229 2711 4303 Aegyptius
2783 4229 3041 4301 quidem
3116 4227 3418 4287 Macarius
3499 4230 3590 4285 tot

1938 4330 2177 4389 sanavit
2235 4343 2472 4402 aegros,
2552 4330 2644 4387 tot
2717 4328 3003 4387 obsessos
3072 4343 3108 4385 a
3180 4326 3591 4385 daemonibus

686 4443 807 4487 non
859 4443 927 4485 se
980 4440 1115 4485 esse
1168 4427 1248 4483 ab
1291 4440 1366 4485 eo
1411 4427 1827 4485 interfectum.
1866 4464 1911 4519 Β
1942 4427 2255 4500 liberavit,
2296 4431 2464 4501 112
2500 4433 2587 4499 ut,
2617 4440 2778 4500 quae
2815 4440 2928 4499 per
2957 4426 3217 4499 gratiam
3251 4424 3352 4483 Dei
3380 4423 3586 4497 gessit,

1948 4530 2303 4599 separatum
2328 4522 2880 4598 opusidesiderent
2916 4522 3025 4600 (6).
3060 4544 3089 4579 »
3135 4522 3303 4592 Quae
3333 4523 3591 4596 quidem

1947 4625 2216 4684 Socratis
2263 4624 2449 4681 verba
2509 4623 2593 4681 ita
2645 4637 2789 4681 cum
2844 4622 3010 4681 libro
3067 4623 3340 4680 secundo
3386 4620 3594 4678 conci-

1947 4727 2122 4795 nunt,
2155 4726 2223 4779 ut
2263 4721 2566 4793 suspicari
2612 4721 2812 4788 liceat,
2866 4720 3045 4788 illud,
3080 4720 3249 4793 quod
3276 4721 3590 4785 narratur,

1948 4820 2280 4879 Macarium
2336 4820 2706 4893 Aegyptium
2763 4820 2822 4879 S.
2905 4818 3157 4877 Antonii
3212 4817 3595 4891 discipulum

1936 4911 2376 4991 'virtutumque
2445 4919 2580 4977 eius
2630 4918 2805 4991 quasi
2865 4918 3201 4977 haeredem
3264 4917 3475 4986 fuisse,
3530 4911 3599 4975 in

1947 5017 2218 5090 genuino
2268 5031 2490 5090 graeco
2548 5017 2694 5075 libri
2742 5016 2999 5076 secundi
3060 5021 3254 5090 textu,
3313 5030 3440 5090 quo
3492 5015 3600 5075 So-

2020 5229 2102 5300 (4)
2135 5230 2241 5283 VV.
2272 5229 2588 5283 PP.Rosw.
2616 5226 2865 5293 1.1.480,
2895 5230 2928 5281 2
2952 5244 2965 5295 ;
2992 5226 3299 5285 Vallarsil.
3332 5228 3374 5283 Ι.
3400 5228 3601 5299 p.196,

1930 5317 2140 5387 Migne
2181 5317 2217 5372 l.
2262 5317 2309 5372 1.
2351 5332 2409 5389 p.
2444 5317 2573 5372 452,
2846 5360 2850 5364 Α

2022 5407 2102 5476 (5)
2136 5405 2220 5462 Cf.
2250 5421 2433 5478 supra
2467 5408 2657 5478 Caput
2684 5406 2755 5461 III
2792 5422 2850 5478 p.
2884 5408 2983 5465 102
3008 5422 3151 5480 sqq.

2025 5494 2101 5565 (6)
2134 5496 2300 5553 Socr.
2342 5497 2479 5551 Hist.
2524 5494 2675 5551 Eccl.
2709 5496 2812 5553 lib.
2847 5495 2920 5552 ιν
2978 5512 3105 5570 cap.
3160 5501 3227 5553 23
3269 5497 3364 5555 ed.
3414 5496 3604 5555 Vales.

1955 5600 2021 5657 p.
2059 5586 2185 5640 234.
