4094 6208
483 265 579 319 111

1340 264 1442 318 SS.
1487 260 1969 317 MACARIOHUM
2011 260 2342 318 AEGYPTII
2385 265 2473 319 EI‘
2515 263 3000 319 ALEXANDRINI

3786 261 3892 318 1-12

482 403 818 448 conversus
873 390 948 446 ad
1003 391 1350 448 orationem
1403 389 1581 462 petiit
1636 404 1669 445 a
1727 388 2006 451 Domino,
2065 393 2131 445 ut
2162 385 2206 436 Α
2241 405 2362 460 que
2407 391 2786 462 conceperit,
2839 405 2913 447 ex
2951 389 3241 446 illusione
3272 388 3650 445 daemonum
3691 387 3882 459 ﬁant;

483 488 605 545 sibi
659 488 1034 559 ostenderet,
1106 489 1156 546 si
1227 489 1343 547 hoc
1413 501 1629 545 verum
1700 491 1881 550 esset,
1962 485 2130 557 quod

482 586 782 657 gloriatus
809 590 900 643 est
928 586 1214 644 daemon.
1269 587 1434 644 Abiit
1478 601 1623 658 ergo
1669 585 1744 641 ad
1781 585 2127 653 collectam,

485 683 592 741 ubi
625 699 659 740 a
698 683 998 741 fratribus
1041 684 1289 756 vigiliae
1332 686 1751 752 celebrantur,
1799 688 1859 738 et
1902 682 2128 738 iterum

485 782 549 838 in
596 780 878 839 oratione
933 782 1262 839 Dominum
1316 783 1707 854 deprecatur,
1767 786 1832 837 ut
1870 780 1990 837 sibi
2031 795 2128 836 ve-

485 879 730 936 ritatem
782 879 957 935 verbi
1029 878 1216 937 huius
1262 879 1563 937 ostendat.
1629 879 1697 935 Et
1752 892 1917 944 ecce,
1980 877 2132 934 vidit

483 992 597 1050 per
639 981 829 1035 totam
878 976 1204 1033 ecclesiam
1252 979 1430 1049 quasi
1486 977 1775 1049 parvulos
1826 975 2128 1047 quosdam

487 1075 784 1148 puerulos
832 1073 1161 1145 Aethiopes
1207 1080 1400 1133 tetros
1451 1075 1809 1133 discurrere
1866 1083 1983 1132 nuc
2033 1080 2130 1132 at—

487 1187 607 1243 que
651 1171 820 1238 illuc,
874 1175 934 1227 et
975 1171 1143 1228 velut
1182 1172 1493 1230 volitando
1532 1172 1785 1229 deferri.
1821 1172 2007 1229 Moris
2037 1174 2129 1228 est

487 1273 695 1326 autem
752 1269 908 1325 inibi
977 1269 1334 1327 sedentibus
1395 1270 1635 1327 cunctis
1696 1271 1775 1327 ab
1819 1284 1944 1328 uno
2001 1268 2126 1326 dici

484 1367 819 1439 psalmum,
865 1366 1090 1424 ceteris
1131 1367 1226 1424 vel
1283 1367 1683 1426 audientibus
1729 1368 1823 1425 vel
1869 1380 2130 1438 respon-

488 1464 800 1522 dentibus.
893 1465 1313 1523 Discurrentes
1389 1480 1536 1537 ergo
1621 1465 1714 1522 illi
1797 1464 2133 1535 Aethiopes

492 1562 739 1635 pueruli
801 1563 1061 1635 singulis
1125 1561 1479 1639 quibusque
1549 1563 1908 1620 sedentibus
1980 1563 2134 1619 allu-

489 1660 738 1730 debant,
781 1665 843 1717 et
888 1660 939 1716 si
987 1661 1087 1717 cui
1132 1662 1379 1719 duobus
1408 1660 1683 1733 digitulis
1722 1661 1938 1718 oculos
1965 1675 2135 1719 com-
2163 1701 2202 1754 Β

492 1757 880 1829 pressissent,
928 1758 1134 1815 statim
1183 1758 1566 1816 dormitabat
1598 1777 1611 1825 ;
1647 1759 1698 1815 si
1747 1759 1847 1816 cui
1896 1773 2042 1816 vero
2069 1758 2131 1816 in

491 1870 560 1914 os
604 1854 1056 1912 immersissent
1109 1855 1394 1928 digitum,
1453 1857 1716 1914 oscitare
1760 1871 1903 1914 eum
1952 1857 2130 1913 facie-

491 1955 658 2011 bant.
699 1952 816 2011 Ubi
863 1967 1011 2010 vero
1065 1959 1204 2024 post
1253 1954 1561 2026 psalmum
1603 1954 1681 2010 ad
1729 1955 2034 2011 orandum
2067 1969 2132 2012 se

490 2051 898 2124 proiecissent
941 2051 1182 2118 fratres,
1235 2053 1684 2123 percurrebant
1725 2051 2134 2110 nihilominus

489 2149 787 2221 singulos,
841 2155 902 2207 et
953 2154 1093 2206 ante
1145 2149 1337 2207 alium
1395 2151 1699 2208 iacentem
1747 2150 1811 2206 in
1851 2149 2134 2208 oratione

489 2247 670 2318 quasi
720 2246 1056 2304 mulierum
1095 2248 1302 2318 specie
1347 2249 1730 2318 ferebantur,
1763 2253 1902 2306 ante
1941 2249 2134 2306 alium

491 2343 668 2416 quasi
718 2344 1111 2402 aediﬁcantes
1158 2351 1343 2417 atque
1394 2351 1708 2418 portantes
1751 2345 2014 2418 aliquid,
2066 2360 2137 2403 ac

490 2442 732 2500 diversa
772 2457 1058 2514 quaeque
1103 2448 1348 2515 agentes
1397 2445 1801 2516 apparebant.
1840 2444 1910 2500 Et
1943 2458 2136 2516 quae-

490 2553 737 2612 cunque
795 2540 1131 2598 daemones
1179 2541 1359 2612 quasi
1413 2540 1683 2598 ludendo
1742 2542 2132 2609 formasscnt,

490 2639 647 2696 haec
694 2643 942 2696 orantes
981 2639 1070 2696 illi
1113 2639 1176 2696 in
1216 2639 1425 2696 cordis
1455 2639 1549 2697 sui
1581 2639 1952 2710 cogitatione
1991 2652 2136 2696 ver-

489 2737 708 2794 sabant
738 2757 753 2803 ;
789 2752 822 2793 a
871 2736 1189 2794 nonnullis
1234 2741 1465 2806 tamen,
1500 2737 1607 2793 ubi
1639 2737 1876 2808 aliquid
1911 2736 2137 2794 horum

489 2846 673 2905 agere
723 2833 1095 2905 coepissent,
1164 2834 1340 2904 quasi
1423 2834 1481 2890 vi
1557 2835 1826 2907 quadam
1904 2829 2140 2906 repulsi

494 2931 870 3003 praecipites
918 2931 1372 2988 deiiciebantur
1412 2932 1517 3003 ita,
1558 2935 1623 2988 ut
1667 2945 1780 2989 nec
1805 2937 1968 2988 stare
1997 2932 2143 3003 qui—

2239 490 2318 546 ab
2376 489 2472 545 his
2522 494 2752 556 autem,
2811 489 2916 560 qui
2972 486 3143 544 omni
3197 483 3481 543 custodia
3538 500 3648 543 cor
3704 499 3892 542 suum

2239 592 2506 653 servant,
2558 588 2695 644 tetri
2750 585 3141 657 repelluntur
3185 582 3537 654 Aethiopes.
3568 584 3689 641 Deo
3719 583 3892 640 enim

2239 686 2566 744 coniuncta
2613 700 2785 741 mens
2832 688 2891 740 et
2935 684 2997 739 in
3045 682 3186 754 ipso
3219 686 3501 752 tempore
3550 680 3893 753 praecipue

2214 782 2538 858 _orationis
2586 783 2840 848 intenta,
2893 780 3046 837 nihil
3093 781 3391 850 alienum,
3445 779 3601 836 nihil
3659 792 3894 850 super-

2238 880 2430 938 fluum
2468 881 2686 952 recipit
2732 877 2836 954 (1).
2881 900 2901 930 ι
2941 878 3396 941 Animadverte,
3445 877 3708 934 eandem
3755 891 3890 934 rem

2237 978 2314 1034 ad
2353 978 2613 1034 verbum
2663 978 2726 1034 in
2775 976 3238 1034 Rosweidianae
3282 973 3671 1031 collectionis
3722 973 3891 1031 libro

2236 1075 2675 1133 tertio-haberi
2714 1071 2819 1150 (‘2).
2857 1074 2946 1132 Ad
2995 1073 3340 1134 collectam.
3387 1086 3603 1143 graece
3648 1067 3886 1132 σύναξιν,

2236 1188 2358 1244 qua
2404 1172 2609 1230 omnis
2654 1177 2992 1229 conventus
3029 1170 3104 1227 ad
3158 1170 3423 1241 quodvis
3469 1183 3713 1226 sacrum
3768 1168 3890 1225 mi-

2239 1270 2563 1327 nisterium
2608 1269 2973 1340 intelligitur
3020 1265 3130 1342 (3),
3181 1266 3555 1324 Cellularum
3588 1265 3882 1324 monachi

2238 1370 2370 1426 solo
2416 1368 2518 1424 die
2577 1366 2819 1424 sabbati
2887 1373 2947 1423 et
3020 1363 3335 1422 dominica
3401 1364 3879 1432 conveniebant,

2238 1466 2461 1524 ceteris
2488 1480 2634 1523 vero
2668 1465 2892 1522 diebus
2939 1463 3164 1536 singuli
3199 1463 3260 1519 in
3291 1462 3464 1520 cellis
3508 1464 3636 1520 suis
3666 1476 3884 1519 rema—

2243 1565 2468 1622 nebant
2507 1560 2614 1638 (1.).
2665 1562 2782 1620 Sed
2827 1563 3019 1620 altera
3069 1561 3130 1618 in
3191 1558 3357 1617 libro
3408 1560 3681 1618 secundo
3734 1559 3892 1618 haec

2243 1663 2516 1720 narratio
2558 1660 2842 1732 sequitur
2876 1675 2888 1715 :

2327 1779 2356 1813 α
2404 1759 2584 1817 Aliud
2630 1772 2880 1830 quoque
2940 1757 3140 1814 multo
3197 1755 3547 1813 terribilius
3601 1755 3894 1822 addebat,

2243 1857 2412 1931 quod
2465 1856 2718 1914 vidisset
2774 1870 2848 1913 eo
2903 1860 3206 1926 tempore,
3264 1867 3388 1926 quo
3449 1853 3669 1910 fratres
3721 1868 3898 1910 acce-

2245 1955 2471 2014 debant
2528 1955 2602 2011 ad
2663 1957 3051 2011 sacramenta
3101 1969 3112 2008 :
3170 1952 3275 2009 ubi
3338 1951 3762 2022 porrexissent
3816 1952 3896 2008 ad

2244 2052 2711 2124 suscipiendum
2771 2051 3026 2123 palmas,
3085 2051 3147 2107 in
3197 2048 3641 2107 nonnullorum
3696 2049 3896 2106 mani—

2247 2154 2363 2211 bus
2420 2151 2887 2223 praevenientes
2952 2149 3285 2220 Aethiopes
3337 2147 3640 2205 carbones
3702 2147 3900 2219 depo-

2247 2264 2416 2316 nere,
2476 2263 2704 2319 corpus
2779 2251 3009 2317 autem,
3081 2245 3250 2318 quod
3321 2244 3478 2302 tradi
3553 2245 3898 2302 sacerdotis

2247 2347 2535 2404 manibus
2609 2345 2960 2413 videbatur,
3041 2343 3247 2400 redire
3322 2343 3398 2399 ad
3463 2343 3702 2399 altare:
3756 2341 3898 2398 aliis

2245 2460 2416 2514 vero,
2462 2459 2620 2516 quos
2667 2443 3000 2500 meliorum
3048 2441 3268 2498 merita
3314 2441 3629 2506 iuvabant,
3679 2446 3896 2497 exten-

2247 2542 2538 2600 dentibus
2592 2556 2810 2598 manus
2861 2540 2935 2596 ad
2976 2540 3172 2596 altare
3220 2540 3395 2610 longe
3427 2538 3721 2595 recedere
3752 2539 3897 2595 dae-

2252 2655 2466 2699 mones
2520 2645 2580 2696 et
2631 2654 2774 2696 cum
2830 2638 3058 2710 ingenti
3124 2634 3296 2704 118
3353 2643 3518 2694 metu
3584 2637 3891 2706 refugere.

2256 2739 2552 2812 Angelum
2605 2738 2773 2794 enim
2820 2735 3067 2793 Domini
3125 2735 3411 2792 assistere
3463 2735 3757 2792 cernebat
3805 2734 3900 2790 al-

2247 2837 2390 2902 tari,
2440 2835 2547 2908 qui
2595 2849 2736 2891 cum
2769 2833 3124 2891 sacerdotis
3174 2847 3360 2890 manu
3414 2847 3588 2890 suam
3639 2846 3892 2904 quoque

2253 2949 2504 2992 manum
2570 2933 2632 2989 in
2699 2937 3232 2989 sacramentorum
3295 2931 3738 2987 distributione
3798 2945 3896 2986 su-

489 3029 631 3086 dem
676 3042 937 3105 prorsus
979 3034 1084 3085 aut
1137 3029 1400 3086 transire
1441 3029 1613 3087 iuxta
1661 3043 1766 3086 eos
1815 3029 2134 3087 auderent.
2175 3047 2212 3101 c
2253 3036 2648 3106 perponeret.
2705 3031 2787 3087 Ex
2847 3029 2964 3086 hoc
3022 3029 3141 3085 iam
3204 3027 3544 3098 permansit
3601 3028 3655 3083 ei
3695 3042 3729 3082 a
3778 3028 3898 3085 Deo

494 3125 648 3183 Aliis
686 3140 833 3182 vero
885 3122 1051 3192 117
1099 3126 1288 3183 etiam
1330 3125 1595 3183 infirmis
1625 3125 1925 3183 fratribus
1952 3140 2141 3197 supra

490 3223 764 3281 cervices
807 3227 868 3279 et
913 3222 1098 3280 dorsa
1130 3223 1448 3289 ludebant,
1494 3223 1641 3295 quia
1684 3237 1804 3280 non
1853 3229 2030 3280 erant
2079 3223 2139 3280 in

491 3318 774 3377 oratione
816 3333 926 3375 sua
958 3317 1199 3375 intenti.
1236 3319 1396 3376 Haec
1425 3334 1568 3376 cum
1603 3320 1857 3376 vidisset
1897 3325 2142 3376 sanctus

494 3415 816 3483 Macarius,
864 3415 1168 3487 ingemuit
1213 3416 1502 3487 graviter,
1553 3421 1613 3473 et
1659 3417 1963 3487 lacrymas
1991 3430 2137 3488 pro-

494 3513 759 3570 fundens
807 3512 883 3569 ad
934 3512 1313 3570 Dominum:
1365 3513 1643 3585 Respice,
1697 3513 1803 3579 ait,
1861 3514 2140 3584 Domine,

493 3615 649 3668 etne
691 3608 897 3680 sileas,
941 3625 1142 3682 neque
1187 3610 1491 3684 mitigeris
1537 3612 1711 3668 Deus.
1748 3612 2043 3683 Exsurge,
2079 3619 2144 3669 ut

491 3707 930 3780 dispergantur
978 3708 1216 3766 inimici
1267 3707 1380 3779 tui,
1428 3713 1487 3766 et
1536 3713 1602 3766 ut
1648 3709 1942 3781 fugianta
1987 3709 2144 3766 facie

492 3809 598 3863 tua
631 3822 647 3879 ;
679 3805 976 3879 quoniam
1020 3806 1228 3863 anima
1272 3811 1481 3865 nostra
1517 3807 1796 3879 repletur
1839 3807 2146 3865 illusioni-

495 3905 633 3962 bus.
684 3904 822 3962 Post
865 3903 1214 3962 orationem
1264 3910 1472 3963 tamen
1529 3905 1976 3963 examinandae
2043 3921 2144 3963 ve-

495 4002 697 4059 ritatis
760 4002 957 4073 gratia
1019 4016 1303 4060 seorsum
1364 4003 1633 4061 evocatis
1685 4002 1945 4074 singulis
1998 4004 2146 4075 qui-

495 4100 738 4170 busque
783 4099 1102 4167 fratribus,
1155 4104 1295 4156 ante
1334 4114 1604 4171 quorum
1648 4101 1864 4156 faciem
1909 4101 2147 4156 viderat

501 4195 839 4252 daemones
885 4197 1134 4254 diverso
1176 4196 1390 4254 habitu
1437 4201 1493 4254 et
1538 4197 1729 4253 variis
1773 4196 2149 4267 imaginibus

504 4291 808 4362 ludentes,
879 4291 1141 4364 requirit
1201 4292 1280 4349 ab
1328 4293 1438 4360 eis,
1488 4293 1539 4349 si
1595 4293 1658 4349 in
1712 4293 1992 4350 oratione
2051 4293 2146 4351 vel

485 4380 871 4447 aediﬁcandi
952 4389 1355 4460 cogitationes
1432 4388 1788 4461 habuerint,
1859 4391 1953 4447 vel
2033 4390 2151 4449 iter
2187 4373 2226 4426 Ι)

503 4486 747 4560 agendi,
790 4487 884 4546 vel
935 4485 1060 4544 alia
1102 4487 1376 4560 diversa,
1425 4502 1586 4560 quae
1617 4487 1960 4560 unicuique
1992 4488 2149 4545 ima-

500 4585 707 4660 ginata
745 4601 858 4658 per
895 4586 1231 4645 daemones
1273 4585 1530 4653 viderat,
1567 4591 1628 4643 et
1673 4585 1896 4657 singuli
1928 4600 2149 4644 eorum

502 4685 587 4742 ita
642 4683 1097 4743 conﬁtebantur
1155 4685 1219 4742 in
1273 4685 1462 4743 corde
1507 4698 1619 4742 suo
1669 4683 1879 4754 fuisse,
1931 4689 1996 4742 ut
2046 4684 2152 4742 ille

503 4784 819 4855 arguebat.
868 4784 940 4842 Et
977 4787 1123 4841 tunc
1164 4778 1547 4840 intellectum
1581 4786 1691 4848 est,
1737 4782 1903 4854 quod
1936 4797 2153 4840 omnes

508 4893 700 4937 vanae
776 4886 836 4938 et
903 4881 1254 4952 superfluae
1331 4879 1753 4951 cogitationes,
1836 4894 1990 4951 quas
2055 4878 2148 4936 vel

511 4986 901 5058 psalmorum
953 4988 1047 5045 vel
1091 4987 1445 5046 orationum
1499 4991 1780 5059 tempore
1823 4987 2160 5058 unusquis-

583 5189 661 5260 (1)
697 5188 812 5245 VV.
840 5187 953 5242 PP.
978 5191 1167 5245 Rosw.
1199 5187 1309 5244 lib.
1360 5187 1585 5259 Il.|cap.
1613 5189 1682 5242 29
1712 5203 1770 5258 p.
1804 5188 1925 5251 481,
1959 5188 1992 5241 2
2022 5200 2155 5259 sq.;

499 5277 742 5341 .Vallarsi
774 5278 812 5334 Ι.
843 5279 882 5332 l.
914 5293 973 5348 p.
1010 5278 1130 5344 198,
1164 5279 1350 5349 Migne
1382 5278 1417 5332 l.
1452 5278 1492 5334 l.
1528 5293 1587 5348 p.
1621 5278 1747 5335 453.

569 5368 640 5435 (2)
683 5367 833 5422 lbid.
865 5366 971 5423 lib.
1021 5369 1082 5422 lll
1116 5383 1248 5438 cap.
1282 5368 1350 5422 43
1376 5383 1432 5439 p.
1480 5368 1600 5433 507,
1634 5369 1692 5423 2.

493 5509 501 5516 ,
600 5455 673 5526 (3)
720 5457 989 5511 Binterim
1027 5456 1271 5512 Deukw.
1311 5459 1375 5513 T.
1408 5457 1477 5510 ιν
1509 5457 1564 5509 Ρ.
1603 5456 1712 5528 lp.
1748 5459 1869 5512 557.

575 5544 805 5629 ἔρδω.
848 5545 960 5601 ΡΡ.
995 5547 1187 5601 Rosw.
1221 5544 1324 5601 lib.
1353 5545 1395 5599 ll
1423 5561 1552 5616 cap.
1581 5546 1728 5616 22p.
1759 5547 1883 5610 478,
1915 5545 1938 5600 1
1978 5560 1993 5612 ;
2021 5543 2159 5600 Val-

498 5635 638 5695 larsi
669 5634 706 5690 l.
740 5637 784 5691 l.
820 5651 879 5706 p.
911 5636 1030 5698 187,
1076 5634 1262 5705 Migne
1288 5634 1328 5692 l.
1360 5637 1503 5707 l.,_p.
1537 5633 1758 5705 mgsq.

2250 3129 2445 3202 gratia
2484 3127 2618 3192 ista,
2671 3134 2736 3184 ut
2776 3127 2837 3183 in
2870 3127 3096 3197 vigiliis
3133 3126 3395 3184 fratrum
3425 3126 3813 3198 psalmorum
3841 3130 3900 3182 et

2251 3225 2550 3285 orationis
2591 3232 2895 3296 tempore,
2939 3224 2988 3280 si
3030 3223 3171 3295 quis
3217 3223 3385 3280 aliud
3416 3223 3651 3294 aliquid
3683 3238 3901 3280 secun-

2252 3325 2402 3382 dum
2453 3325 2808 3381 illusionem
2886 3323 3262 3379 daemonum
3331 3321 3394 3378 in
3474 3321 3660 3378 corde
3732 3320 3901 3392 cogi-

2253 3429 2459 3492 tasset,
2511 3427 2890 3494 agnosceret,
2942 3427 3000 3476 et
3061 3420 3486 3477 accedentium
3557 3419 3632 3476 ad
3703 3418 3901 3476 altare

2254 3522 2347 3577 vel
2415 3521 2808 3592 indignitates
2872 3533 3013 3575 eum
3087 3517 3180 3575 vel
3255 3518 3473 3575 merita
3555 3531 3675 3574 non
3741 3516 3897 3573 late-

2256 3623 2391 3676 rent
2448 3617 2554 3695 (5).
2600 3639 2622 3670 ι
2686 3617 2901 3674 Simile
2975 3616 3125 3687 quid
3207 3631 3396 3687 supra
3475 3615 3553 3672 de
3628 3613 3897 3672 Macario

2259 3717 2674 3776 Alexandrino
2735 3715 3134 3786 percepimus
3183 3711 3292 3789 (6).
3361 3715 3628 3770 Abbates
3688 3717 3900 3769 autem

2256 3815 2708 3874 monachorum
2751 3825 3012 3869 suorum
3060 3826 3157 3868 res
3200 3812 3472 3869 occultas
3519 3823 3898 3882 cognoscere

2256 3913 2419 3971 haud
2454 3927 2596 3970 raro
2625 3909 3062 3969 credebantur.

2337 4009 2747 4082 Congressum
2789 4005 3059 4079 denique
3105 4008 3515 4066 Macariorum
3545 4020 3688 4064 cum
3734 4005 3902 4063 duo-

2259 4109 2374 4165 bus
2399 4107 2668 4163 tribunis
2693 4121 2887 4177 quum
2915 4107 3183 4176 scriptor
3213 4105 3358 4162 libri
3383 4104 3636 4162 secundi
3663 4117 3907 4160 narras-

2258 4209 2371 4271 set,
2398 4209 2584 4275 caput
2612 4203 2688 4260 de
2720 4203 3004 4260 Macariis
3046 4203 3176 4260 ﬁnit
3206 4203 3303 4260 his
3333 4203 3539 4260 verbis
3575 4220 3586 4257 :
3625 4223 3654 4255 «
3697 4200 3818 4258 Sed
3850 4208 3911 4259 et

2253 4302 2479 4367 multa,
2542 4306 2608 4359 ut
2663 4300 2956 4367 diximus,
3014 4302 3135 4358 alia
3192 4302 3269 4359 de
3333 4302 3635 4372 operibus
3707 4299 3906 4357 sancti

2262 4399 2508 4457 Macarii
2580 4398 2980 4456 Alexandrini
3042 4397 3361 4455 mirabilia
3437 4399 3740 4466 feruntur,
3833 4410 3908 4452 ex

2261 4497 2490 4570 quibus
2544 4497 2841 4556 nonnulla
2902 4496 2965 4553 in
3035 4496 3110 4554 XI
3192 4496 3354 4553 libro
3441 4493 3908 4553 Ecclesiasticae

2263 4593 2567 4653 Historiae
2611 4595 2863 4664 inserta,
2917 4594 3022 4665 qui
3075 4594 3374 4664 requiret,
3413 4592 3680 4650 inveniet
3707 4588 3829 4667 (7).
3876 4610 3904 4644 »

2261 4694 2345 4751 Ex
2389 4694 2620 4766 quibus
2662 4692 2749 4762 id,
2794 4693 2962 4764 quod
3013 4691 3285 4748 diximus
3333 4688 3443 4766 (8),
3503 4689 3906 4762 perspicuum

2261 4797 2373 4858 est,
2427 4791 2487 4848 in
2534 4791 3004 4848 Continuatione
3055 4790 3130 4845 de
3173 4789 3437 4846 Macario
3487 4786 3910 4845 Alexandrino

2263 4889 2548 4947 Ruﬁnum
2619 4887 2923 4946 retulisse.
2984 4888 3112 4944 lam
3185 4885 3483 4958 expositis
3561 4882 3658 4955 iis,
3742 4899 3911 4956 quae

2265 4986 2515 5045 Ruﬁnus
2571 4986 2758 5044 habet
2800 4986 2876 5043 de
2953 4985 3236 5042 Macariis
3290 5014 3368 5026 —
3420 4997 3562 5040 nam
3635 4982 3696 5038 iu
3773 4982 3915 5039 eius

2337 5186 2410 5259 (5)
2452 5185 2566 5241 VV.
2597 5185 2711 5242 PP.
2745 5187 2942 5240 Rosw.
2981 5184 3090 5243 lib.
3119 5184 3164 5238 Il
3197 5198 3330 5255 cap.
3359 5185 3424 5237 29
3455 5197 3514 5253 p.
3547 5182 3716 5247 482,1
3744 5199 3758 5246 ;
3786 5181 3920 5237 Val-

2262 5275 2405 5331 larsi
2433 5276 2470 5330 l.
2503 5278 2546 5332 l.
2587 5292 2650 5346 p.
2694 5275 2814 5340 199,
2850 5275 3035 5344 Migue
3063 5273 3107 5328 l.
3150 5274 3197 5329 l.
3234 5289 3297 5343 p.
3330 5275 3453 5327 455.

2337 5367 2407 5434 (6)
2450 5364 2529 5419 Cf.
2566 5380 2746 5434 supra
2777 5365 2964 5433 Caput
2995 5362 3058 5416 lIl
3093 5379 3150 5433 p.
3181 5363 3278 5417 74.
3319 5361 3444 5417 1Ο1.

2333 5456 2410 5525 (‘7)
2455 5453 2570 5509 VV.
2604 5453 2712 5509 PP.
2739 5455 2926 5507 Bosw.
2960 5451 3067 5506 lib.
3095 5452 3138 5505 II
3166 5467 3298 5521 cap.
3331 5450 3400 5506 '29
3426 5465 3487 5521 p.
3522 5451 3643 5511 1182,
3674 5450 3708 5500 2
3743 5465 3754 5512 ;
3790 5449 3920 5503 Val-

2262 5543 2398 5601 larsi
2424 5543 2461 5597 1.
2499 5546 2536 5597 l.
2565 5559 2631 5614 p.
2670 5544 2795 5609 200,
2826 5542 3017 5611 Migne
3054 5539 3098 5597 1.
3136 5544 3173 5596 l.

2344 5633 2421 5702 (Β)
2463 5633 2651 5704 Supra
2681 5633 2788 5694 $27
2824 5632 2880 5686 in
2910 5630 3047 5699 fine,
3079 5646 3140 5701 p.
3175 5631 3294 5686 114.
