4080 6208
234 234 325 288 113

212 559 351 618 nihil
386 559 699 617 invenitur
736 591 797 598 —-
831 558 908 615 ad
935 563 1137 615 cetera
1169 562 1579 615 transeamus.

843 654 1082 714 CAPUT
1126 654 1189 711 V.

1794 227 2029 285 Vi'l’AE.

220 360 648 435 Apologiarum
714 354 1216 435 [Invectivamm]
1294 359 1357 417 in
1410 358 1469 417 S.
1546 358 1850 429 Hierony-
1883 358 1929 411 A
1964 362 2157 426 ctum,
2192 359 2595 433 interrogavit
2624 377 2745 430 me,
2779 377 2968 435 quam
3013 348 3096 421 ob
3147 377 3398 421 causam
3429 376 3615 421 acce—
3734 376 3735 379 ‘

216 476 375 520 mum
393 459 574 518 libris
589 465 935 530 praeterea,
968 472 1127 531 quae
1144 470 1334 529 supra
1352 456 1711 515 monuimus
1734 453 1842 533 (1),

3513 205 3649 286 ιμ’

1960 462 2209 529 ptarum
2240 459 2495 531 quidem
2528 462 2607 518 ab
2632 460 2994 520 hominibus
3020 461 3394 519 iniuriarum
3419 463 3608 520 remi-

1954 555 2251 615 niscendo
2307 558 2647 617 memoriae
2704 559 2831 616 vim
2881 574 2951 617 ac
2982 557 3334 618 facultatem
3362 560 3423 617 in
3469 561 3607 619 ani-

1955 666 2058 711 mo
2107 668 2682 728 corrumperemus,
2740 662 3023 731 acceptas
3076 672 3225 715 vero
3258 673 3293 715 a
3350 658 3604 718 daemo-

205 770 541 819 svwmus,
626 769 679 813 s.
770 767 1230 819 HIERONYMUS,
1319 767 1677 813 assumus
1763 768 1842 811 DE
1952 751 2138 809 nibus
2181 752 2442 811 iniurias
2472 754 2817 812 memoriae
2872 755 3382 813 commendantes
3420 756 3600 815 illae-

273 868 541 913 SANCTIS
604 867 917 912 suemus
977 866 1302 911 AEGYPTIO
1385 867 1465 909 ετ
1547 867 1843 909 ALEXAN-
1948 849 1998 906 si
2044 864 2459 910 maneremus.
2508 850 2787 925 Cumque
2831 868 2941 925 ego
2973 854 3369 911 haesitassem
3414 854 3597 928 igna-

270 967 488 1010 DRINO.

1949 962 2055 1005 rus
2110 950 2259 1021 quid
2321 952 2823 1023 respondendum
2889 956 3068 1018 esset,
3145 953 3589 1027 petiissemque

269 1049 294 1128 ξ
334 1052 427 1108 29.
483 1051 812 1123 Evagrium
855 1056 953 1109 ter
1008 1053 1244 1108 tantum
1297 1048 1375 1106 de
1423 1049 1688 1107 Macario
1738 1050 1837 1107 Io-
1945 1046 2186 1114 abillo,
2232 1054 2296 1105 ut
2345 1049 2477 1120 ipse
2506 1049 2659 1107 mihi
2719 1051 2854 1107 eius
2885 1050 2974 1109 rei
3040 1064 3293 1107 causam
3323 1065 3592 1123 expone-

198 1148 308 1221 qui,
378 1162 576 1219 supra
646 1148 1007 1207 monuimus
1077 1145 1204 1221 (2);
1280 1146 1613 1205 Macarium
1686 1160 1834 1206 vero
1944 1150 2038 1202 ret
2094 1162 2105 1200 :

197 1247 545 1318 Aegyptium
582 1246 703 1304 dici
747 1246 827 1303 ab
866 1260 962 1313 eo,
1008 1245 1383 1303 videbimus.
1430 1242 1725 1315 Evagrius
1767 1244 1829 1302 in
1938 1249 2152 1301 contra
2235 1250 2539 1312 naturam,

194 1346 337 1402 libro
358 1344 639 1402 secundo
685 1345 884 1402 multo
915 1358 990 1401 ex
1033 1348 1316 1415 tempore
1359 1343 1437 1399 ab
1483 1341 1664 1399 beato
1708 1342 1829 1399 Ma-

192 1443 359 1505 cario,
430 1459 599 1520 quem
669 1439 1120 1518 famosissimum
1191 1443 1253 1496 in
1321 1436 1429 1496 Dei
1481 1442 1679 1515 gratia
1744 1438 1826 1497 si-

2187 1143 2362 1215 Quia,
2450 1146 2673 1219 inquit,
2755 1146 2929 1218 prior
3008 1145 3265 1220 quidem
3344 1148 3587 1208 affectio

2647 1245 2957 1318 posterior
3027 1260 3175 1304 vero
3243 1247 3586 1306 secundum

1936 1340 2129 1399 animi
2162 1348 2445 1401 naturam
2494 1349 2586 1401 est
2608 1341 2722 1419 (9).
2778 1366 2805 1397 »
2840 1345 3009 1403 Idem
3056 1345 3302 1403 Macarii
3347 1345 3584 1404 dictum

1934 1437 2086 1510 legis
2115 1440 2626 1512 apud-Socratem
2659 1439 2811 1519 (10),
2848 1444 3020 1514 12θ
3046 1444 3111 1501 in
3142 1443 3260 1501 VV.
3291 1444 3394 1501 PP.
3418 1444 3583 1503 libro

180 1545 387 1617 gnisque
454 1546 507 1597 et
582 1536 898 1597 virtutibus
968 1537 1245 1613 insignem
1313 1535 1499 1614 fuisse
1564 1534 1820 1595 omnibus
1928 1537 2149 1609 quinto
2177 1535 2309 1614 (It)
2339 1539 2951 1613 etseptimo(12),in
2979 1541 3301 1600 sententiis
3330 1542 3581 1600 Patrum

181 1644 345 1695 notum
394 1642 496 1706 sit,
549 1640 895 1698 instructus
949 1653 1083 1696 esse
1144 1644 1316 1714 119
1370 1637 1637 1695 traditur
1684 1634 1813 1712 (3);

181 1744 295 1793 uter
319 1752 463 1796 vero
498 1737 919 1795 Macariorum
948 1735 1211 1800 dicatur,
1259 1750 1293 1793 e
1323 1734 1490 1793 libro
1514 1734 1809 1803 secundo,

1926 1649 2081 1706 quas
2103 1637 2461 1695 Rosweidus
2488 1637 2674 1697 habet
2710 1640 2857 1711 (I3),
2891 1645 2952 1698 et
2981 1638 3045 1697 in
3078 1639 3583 1713 Apophtliegma-

1925 1731 2003 1791 tis
2031 1734 2387 1793 aCoteIerio
2411 1735 2598 1794 editis
2644 1732 2790 1804 (14),
2848 1736 2965 1794 hoc
2994 1738 3127 1796 solo
3185 1736 3574 1805 discrimine,

183 1836 266 1906 qui
310 1842 652 1908 utrumque
697 1834 1032 1892 Macarium
1086 1852 1115 1887 «
1169 1832 1579 1891 abstinentiae
1627 1847 1813 1890 exer-
1921 1832 2086 1903 quod
2122 1837 2369 1905 praeter
2419 1832 2738 1891 Socratem
2794 1834 2988 1893 ceteri
3040 1834 3391 1908 Evagrium,
3470 1834 3572 1893 cui

179 1932 315 1989 oitiis
340 1937 397 1989 et
425 1931 775 1989 virtutibus
818 1930 1008 1987 animi
1041 1930 1387 2003 aequaliter
1434 1928 1730 2002 polluisse
1776 1948 1806 1984 ››

180 2028 443 2101 gloriatur
516 2028 636 2105 (li),
710 2043 837 2088 non
905 2028 1239 2101 colligitur.
1314 2027 1587 2093 Accedit,
1638 2028 1808 2099 quod

181 2128 335 2185 verba
399 2128 476 2185 de
567 2128 839 2186 Macario
922 2126 1167 2199 Evagrii
1255 2129 1660 2199 praeceptore
1744 2125 1808 2184 in

178 2240 362 2295 graeco
413 2226 565 2285 libri
630 2226 887 2284 secundi
964 2230 1153 2291 textu,
1226 2224 1407 2283 cuius
1467 2224 1807 2297 fragmenta

177 2322 479 2381 Cotelerius
499 2323 724 2387 edidit,
777 2322 1002 2381 desunt
1032 2319 1140 2399 (5).
1179 2322 1389 2395 Neque
1432 2320 1588 2379 illud
1617 2320 1805 2380 etiam

176 2419 296 2477 satis
340 2426 631 2479 constare
683 2420 950 2486 videtur,
1009 2419 1153 2478 libri
1206 2418 1461 2477 secundi
1518 2418 1727 2477 verbis
1788 2436 1799 2475 :

182 2536 199 2567 ι
231 2516 484 2576 Vidimus
515 2518 613 2576 ibi
658 2522 720 2577 et
742 2517 1271 2589 sapientissimum
1316 2516 1610 2576 virum...
1646 2517 1805 2574 Eva—

176 2617 345 2686 grium
400 2638 428 2671 »
489 2614 584 2691 (6)
638 2616 1065 2689 comprobari,
1118 2615 1446 2687 Evagrium
1495 2613 1805 2674 habitasse

176 2711 223 2768 in
246 2713 496 2781 Cellulis,
545 2716 633 2773 de
662 2728 929 2787 quarum
974 2714 1297 2773 monachis
1332 2726 1609 2785 eousque
1654 2728 1804 2770 nar-

178 2818 342 2869 ratum
391 2820 567 2883 erat;
652 2827 794 2870 nam
864 2819 925 2871 et
994 2812 1364 2870 vocabulum
1425 2807 1505 2867 ibi
1572 2810 1635 2869 in
1680 2811 1799 2868 fra-

174 2916 379 2978 gmento
399 2925 634 2983 graeco
654 2910 1047 2968 desideratur
1062 2906 1175 2985 (7).
1204 2908 1307 2967 Sin
1330 2913 1539 2967 autem
1571 2907 1682 2966 illa
1711 2915 1798 2966 te-

1920 1930 2223 1988 Macarius
2245 1931 2407 1989 istud
2435 1931 2614 2005 dixit,
2644 1945 2773 1991 non
2823 1933 3168 1991 nominant.

2001 2028 2280 2086 Alterum
2350 2028 2425 2086 de
2488 2030 2755 2089 Macario
2808 2030 3195 2089 enuntiatum
3280 2030 3573 2103 Evagrius

1917 2125 2155 2184 ibidem
2212 2126 2331 2185 hoc
2379 2127 2650 2201 suggerit
2704 2146 2776 2185 ;‹
2813 2128 3053 2187 Accessi
3108 2128 3246 2201 ipso
3325 2127 3567 2185 fervido

1917 2223 2181 2281 meridie
2210 2224 2286 2282 ad
2341 2232 2622 2284 sanctum
2668 2231 2907 2297 patrem
2966 2226 3324 2294 Macarium,
3375 2229 3437 2284 et
3465 2225 3567 2283 siti

1915 2320 2317 2379 vehementer
2369 2337 2709 2395 oppressus
2755 2338 2983 2397 aquam
3048 2324 3195 2394 petii
3244 2324 3321 2381 ad
3348 2323 3565 2382 biben-

1913 2418 2085 2476 dum.
2173 2419 2225 2476 ls
2304 2426 2512 2479 autem
2573 2421 2889 2490 :Umbra,
2966 2421 3189 2495 inquit,
3239 2426 3566 2480 contentus

1912 2520 2062 2574 esto.
2115 2517 2285 2575 Multi
2333 2517 2525 2585 enim,
2573 2520 2680 2592 qui
2728 2534 2889 2578 nunc
2922 2520 3040 2578 iter
3065 2518 3299 2577 faciunt
3329 2519 3567 2576 velna-

1913 2615 2138 2688 vigant,
2192 2617 2380 2674 etiam
2431 2617 2617 2676 huius
2664 2626 2875 2677 carent
2931 2618 3173 2677 solatio.
3235 2618 3380 2676 Dein
3440 2618 3565 2676 dis-

1912 2713 2151 2784 putanti
2182 2714 2336 2772 mihi
2388 2722 2450 2773 et
2513 2716 2590 2773 de
2633 2717 3006 2775 abstinentia
3060 2731 3205 2775 cum
3242 2730 3317 2775 eo
3346 2716 3563 2774 confe-

1911 2811 2117 2867 renti:
2150 2812 2421 2877 Conﬁde,
2462 2813 2683 2885 inquit,
2736 2814 2818 2871 ﬁli
2858 2819 3065 2881 ;totos
3119 2812 3332 2886 viginti
3365 2828 3559 2873 annos

1910 2921 2112 2980 neque
2178 2923 2337 2980 pane
2405 2925 2605 2983 neque
2663 2927 2822 2984 aqua
2889 2927 3089 2983 neque
3142 2926 3363 2969 somno
3411 2926 3559 2969 usus

178 3020 313 3065 mere
338 3023 403 3067 ac
435 3023 635 3081 prave
681 3008 745 3066 in
773 3022 995 3081 graeco
1027 3008 1374 3080 fragmento
1405 3006 1798 3105 omittantur,
1829 3050 1871 3105 Ο
1908 3027 2047 3072 sum
2094 3014 2172 3072 ad
2221 3014 2588 3074 satietatem.
2645 3018 2795 3076 Nam
2837 3032 3061 3090 panem
3116 3032 3328 3075 meum
3384 3022 3556 3077 certo

176 3104 390 3162 minime
431 3111 651 3164 tamen
697 3106 1003 3179 sequitur,
1053 3105 1392 3164 Macarium
1434 3100 1799 3161 Alexandri-

176 3218 277 3257 num
314 3203 493 3262 fuisse
527 3208 1007 3277 praeceptorem
1052 3202 1333 3275 Evagrii;
1378 3217 1453 3259 ex
1484 3216 1559 3260 eo
1601 3201 1795 3268 enim,

177 3300 305 3367 quod
334 3307 476 3359 tunc
520 3299 825 3373 Evagrius
869 3302 931 3359 in
974 3300 1231 3359 Celluiis
1272 3300 1445 3367 vixit,
1480 3299 1541 3357 id
1588 3298 1777 3373 colllg

178 3411 269 3454 non
309 3406 517 3469 potest,
570 3397 912 3472 praecipue
954 3412 1149 3471 quum
1181 3398 1291 3456 illo
1334 3402 1618 3469 tempore
1662 3396 1794 3455 Ma-

174 3494 293 3551 carii
321 3497 435 3555 iam
469 3496 706 3555 mortui
729 3502 950 3554 essent.
987 3495 1269 3555 Socrates
1289 3508 1437 3552 vero
1461 3494 1791 3566 Evagrium

178 3591 538 3653 Macariorum
570 3595 861 3668 Aegyptii
889 3601 951 3653 et
982 3593 1377 3653 Alexandrini
1403 3593 1787 3667 discipulum

176 3698 329 3757 vocat,
356 3708 389 3749 a
415 3694 674 3767 quibus,
704 3708 901 3766 quum
931 3698 1110 3751 antea
1139 3692 1290 3751 solis
1331 3692 1541 3750 verbis
1589 3691 1787 3764 philo-

174 3789 422 3858 scphatus
440 3797 627 3859 esset,
650 3805 719 3849 re
742 3791 875 3864 ipsa
897 3790 1325 3864 philosophari
1351 3790 1641 3848 didicerit
1669 3788 1781 3866 (8).

237 3885 300 3943 De
326 3888 584 3948 Macario
633 3889 927 3961 Evagrius
956 3887 1019 3946 in
1065 3888 1234 3961 libri,
1266 3888 1366 3946 cui
1402 3886 1618 3945 titulus
1644 3892 1735 3945 est
1768 3904 1783 3948 :

174 3997 193 4029 ι
221 3982 400 4056 Capita
428 3989 705 4059 practica
733 3988 811 4045 ad
859 3986 1231 4053 Anatolium,
1283 4008 1311 4037 »
1356 3984 1583 4057 capite,
1616 3984 1786 4058 quod

176 4095 196 4127 α
231 4077 401 4142 Plini;
437 4090 689 4153 μοναχῶν
728 4081 890 4153 ἁγίων
935 4104 965 4140 ››
1015 4084 1401 4150 inscribitur,
1451 4084 1605 4141 haec
1650 4097 1788 4142 me-

175 4186 334 4237 morat
364 4202 375 4237 :

233 4292 257 4325 α
301 4279 623 4353 Aegyptius
668 4295 854 4338 senex
904 4279 1227 4351 Macarius,
1286 4294 1392 4337 vas
1440 4279 1596 4339 illud
1656 4278 1787 4337 ele-

224 4456 285 4522 (ί)
320 4458 497 4529 Supra
526 4461 639 4526 526
672 4476 735 4531 p.
780 4459 905 4517 H2.

234 4542 295 4610 (Ξ)
331 4545 410 4604 Cf.
444 4550 521 4610 l7
559 4564 624 4618 p.
664 4550 757 4604 32.

223 4631 283 4693 (3)
316 4634 425 4691 VV.
460 4636 575 4695 PP.
610 4637 802 4693 Rosw.
846 4638 949 4693 lib.
982 4640 1183 4711 IIcap.
1209 4644 1282 4697 27
1316 4658 1375 4715 p.
1400 4643 1527 4709 479,
1561 4646 1636 4709 2;
1668 4646 1781 4700 Ru-

172 4714 247 4772 ﬁni
278 4722 418 4793 Opp.
455 4725 553 4782 ed.
598 4725 924 4798 Vallarsip.
968 4729 1071 4784 192
1113 4748 1125 4795 ;
1162 4714 1351 4800 Migne
1382 4731 1418 4788 1.
1450 4733 1492 4788 ι.
1534 4748 1592 4787 η.
1640 4736 1769 4789 ita.

221 4808 399 4877 (4)(21.
438 4829 623 4886 supra
648 4831 709 4885 p.
751 4817 879 4873 110.
1758 4840 1775 4893 ;

222 4896 285 4965 (5)
322 4901 559 4960 Coteler.
594 4903 742 4960 Eccl.
773 4906 979 4962 Graec.
1020 4908 1180 4963 Men.
1208 4909 1273 4964 T.
1311 4908 1381 4962 III
1418 4924 1484 4980 p.
1526 4910 1629 4966 176
1650 4926 1740 4982 sq.

171 4981 293 5053 Opp.
328 4991 527 5047 leurs.
570 4992 611 5048 l.
654 4993 700 5050 l.
750 5010 812 5065 p.
854 4995 984 5051 644.

224 5075 284 5141 i6)
318 5076 422 5133 νγ.
453 5081 549 5136 PP.
574 5084 772 5137 Rosw.
808 5082 852 5141 l.
892 5084 942 5140 Ι.
980 5100 992 5149 ;
1023 5082 1274 5140 Vallarsi
1306 5085 1344 5141 I.
1370 5088 1433 5150 1.,
1456 5087 1642 5156 Migne
1669 5086 1773 5143 1.1.

174 5170 221 5225 p.
248 5164 337 5218 H8
365 5182 455 5238 sq.

225 5250 288 5318 l7)
322 5255 558 5312 Coteler.
595 5260 637 5313 ι.
678 5260 723 5315 l.
764 5261 960 5332 ;Opp.
999 5265 1215 5319 Meurs.
1261 5262 1303 5321 I.
1338 5264 1383 5320 Ι.

232 5336 292 5427 {8)
327 5343 479 5399 Socr.
520 5347 657 5402 Hist.
693 5348 847 5405 Eccl.
876 5349 981 5405 lib.
1016 5352 1085 5404 IV
1105 5367 1230 5421 cap.
1264 5353 1332 5409 23
1356 5352 1455 5411 ed.
1491 5355 1529 5409 1.
1556 5370 1616 5427 p.
1641 5360 1763 5414 234.

245 5426 308 5497 (9)
342 5430 514 5502 Caput
540 5435 719 5499 XCIII,
741 5436 983 5494 Coteler.
1018 5440 1172 5497 Eccl.
1206 5440 1415 5501 Graec.
1438 5426 1594 5503 Mon.
1616 5448 1678 5503 Τ.
1702 5447 1774 5502 III

189 5516 415 5590 P-993q.,
430 5521 696 5579 Gailand.
718 5524 857 5581 Bibl.
876 5526 1055 5584 PP.T.
1076 5528 1244 5602 VIip.
1262 5534 1383 5587 565.
1403 5534 1622 5590 Harum
1639 5551 1773 5591 nar-

182 5602 432 5666 rationum
447 5612 778 5673 versionem
798 5631 833 5672 a
844 5616 1017 5675 nobis
1029 5620 1382 5691 castigatam
1399 5621 1773 5685 exhibemus.

1911 3112 2186 3184 pondere
2240 3115 2509 3182 comedi,
2566 3130 2791 3188 aquam
2847 3113 2978 3173 bibi
3014 3118 3180 3174 certa
3239 3129 3551 3181 mensura,

1908 3224 1979 3267 ac
2009 3211 2209 3268 somni
2243 3212 2531 3284 exiguam
2591 3217 2831 3285 partem
2872 3212 3211 3271 suti'uratus
3253 3226 3392 3270 sum
3449 3212 3547 3271 in-

1904 3306 2196 3366 clinanda
2223 3322 2323 3366 me
2344 3310 2420 3367 ad
2450 3311 2717 3381 parietes
2745 3307 2891 3379 (I5).
2930 3329 2959 3364 υ
3010 3310 3186 3381 Quod
3212 3309 3377 3368 idem
3405 3324 3553 3367 nar-

1904 3410 2077 3464 ratur
2102 3422 2136 3464 a
2163 3407 2606 3482 Socrate(l6)et
2633 3410 2695 3467 in
2719 3409 2881 3468 libro
2912 3416 3084 3469 sexto
3109 3408 3226 3466 VV.
3266 3409 3367 3467 PP.
3396 3407 3548 3485 (17).

1901 3502 2120 3576 Legem
2158 3512 2366 3563 autem
2414 3506 2565 3575 cibi,
2647 3514 2830 3579 potus
2883 3512 2942 3565 et
2972 3507 3175 3566 somni
3232 3507 3550 3567 desiderio

1900 3616 2218 3675 nunquam
2275 3605 2532 3663 omnino
2583 3605 2998 3665 satisfaciendi
3048 3612 3258 3678 postea
3301 3603 3549 3665 Colum-

1898 3700 2097 3757 banus
2126 3701 2448 3759 monachis
2472 3701 2601 3761 suis
2639 3703 3050 3776 praescripsit
3075 3704 3220 3780 (18).

1974 3797 2219 3855 Tertius
2268 3799 2538 3870 denique
2601 3800 2796 3873 locus,
2847 3814 2971 3873 que
3018 3801 3355 3859 Macarium
3398 3802 3547 3859 Eva-

1892 3894 2067 3966 grius
2107 3901 2581 3967 commemorat,
2638 3897 2703 3954 in
2773 3897 3055 3955 eiusdem
3111 3898 3258 3956 libri
3311 3898 3537 3970 capite,

1894 3991 2063 4064 quod
2094 4010 2124 4045 ς(
2158 3994 2479 4061 Θιωρήματα
2504 3993 2765 4062 πρακτικοί
2800 4015 2828 4049 υ
2859 3994 3245 4065 inscribitur,
3277 3995 3380 4053 hic
3408 4000 3535 4064 est;

1980 4110 2011 4142 «
2060 4090 2351 4149 Nonnulli
2393 4096 2535 4150 sunt
2575 4108 2649 4150 ex
2703 4092 3118 4152 daemonibus
3170 4094 3537 4165 immundis,

1894 4188 2001 4261 qui
2074 4188 2423 4261 legentibus
2487 4204 2739 4263 semper
2794 4191 3089 4262 assident,
3140 4196 3539 4265 mentemque

1891 4300 2114 4345 eorum
2171 4288 2463 4361 abripere
2539 4295 2863 4357 conantur,
2942 4296 3191 4364 sumpta
3238 4305 3539 4364 saepenu-

1960 4473 2066 4535 (IO)
2106 4470 2273 4527 Socr.
2315 4471 2461 4528 Hist.
2499 4472 2653 4528 Eccl.
2693 4472 2735 4530 l.
2776 4474 2823 4530 I.
2859 4489 2922 4545 p.
2958 4475 3088 4530 235.

1958 4561 2069 4629 (11)
2108 4558 2233 4616 VV.
2266 4559 2378 4617 PP.
2405 4562 2601 4617 Rosw.
2630 4561 2736 4617 lib.
2768 4562 3014 4619 Vlibell.
3045 4567 3129 4629 10,
3153 4564 3223 4619 34
3247 4579 3307 4635 p.
3340 4565 3535 4629 599,2.

1960 4649 2072 4718 (12)
2112 4648 2261 4704 Ibid.
2298 4665 2435 4719 cap.
2478 4655 2564 4714 37,
2598 4651 2627 4703 4
2656 4667 2714 4720 p.
2748 4650 2871 4715 681,
2900 4652 2953 4707 2.

1959 4737 2074 4807 (13)
2116 4737 2265 4793 Ibid.
2296 4744 2444 4793 sent.
2481 4739 2547 4793 15
2586 4756 2642 4809 p.
2680 4740 2838 4805 1003,
2866 4741 2918 4795 1.
3162 4806 3169 4809 _

1957 4826 2071 4893 (14)
2113 4826 2354 4882 Coteler.
2392 4828 2540 4882 Eccl.
2585 4830 2785 4884 Graec.
2822 4830 2976 4883 Mon.
3007 4829 3068 4885 T.
3105 4830 3124 4884 I
3166 4845 3223 4901 p.
3260 4830 3366 4886 546
3396 4847 3442 4885 s.
3478 4846 3532 4888 v.

1886 4915 2193 4971 Macarius
2247 4917 2583 4987 Aegyptius
2625 4919 2650 4982 ε
2701 4918 2906 4973 XXXVI
2946 4933 2960 4983 ;
3010 4917 3163 4975 infra
3210 4918 3269 4974 in
3318 4920 3534 4976 harum

1887 5005 2315 5069 Quaestionum
2340 5006 2679 5075 Appendice
2700 5006 2885 5062 altera
2910 5008 3021 5062 sub
3050 5006 3141 5062 III.

1956 5093 2068 5164 (15)
2108 5092 2248 5166 Cap.
2286 5093 2469 5159 XCIV,
2504 5092 2748 5150 Coteler.
2784 5094 2933 5151 Eccl.
2958 5094 3164 5155 Graec.
3189 5098 3341 5154 Mon.
3372 5098 3432 5154 Τ.
3459 5097 3533 5153 IlI

1886 5195 1945 5252 p.
1980 5181 2106 5252 100,
2131 5182 2403 5239 Gailand.
2430 5182 2572 5239 Bibl.
2603 5183 2711 5238 PP.
2738 5183 2772 5240 l.
2800 5184 2842 5239 Ι.

1957 5268 2067 5340 (16)
2110 5272 2271 5327 Socr.
2310 5273 2449 5328 Hist.
2478 5272 2626 5329 Eccl.
2656 5272 2692 5328 l.
2723 5273 2765 5328 Ι.

1952 5358 2067 5430 (t7)
2106 5359 3528 5437 VV.PP.Rosw.lib.VIlibel|.4,i7.18p.659,2sq.

1957 5449 2066 5520 (18)
2105 5448 2457 5507 Columbani
2480 5451 2620 5507 abb.
2653 5453 2858 5522 regula
2883 5452 3246 5510 coenobialis
3264 5469 3396 5525 cap.
3422 5452 3455 5509 3
3477 5462 3533 5512 et

1886 5537 1946 5593 in
1996 5536 2133 5593 ﬁne.
2190 5538 2467 5597 Holstenii
2521 5540 2663 5598 Cod.
2715 5543 2983 5617 Regular.
3028 5546 3089 5601 T.
3129 5544 3150 5599 Ι
3200 5558 3262 5616 p.
3308 5543 3432 5615 170,
3476 5548 3526 5601 9.

1882 5627 2013 5701 .m,
2046 5629 2100 5687 ι.
