4080 6208
491 281 595 335 115

1345 273 1447 329 SS.
1494 270 1982 329 MACABIORUM
2017 266 2350 326 AEGYPTII
2391 269 2480 324 ET
2521 270 3015 330 ALEXANDRINI

3793 273 3911 329 116

488 421 664 468 mero
705 407 1028 466 occasione
1075 420 1147 463 ex
1203 405 1356 476 ipsis
1407 403 1637 462 divinis
1690 401 2023 475 scripturis
2069 401 2134 457 in
2169 396 2214 449 A
2246 399 2518 472 positum
2548 400 2919 474 virginitatis
2961 409 3067 464 aut
3110 404 3424 464 viduitatis
3467 404 3804 463 servandae
3849 409 3922 462 et

490 523 676 580 prava
745 505 1005 578 cogitata
1079 503 1430 561 desinentes
1506 501 1818 560 interdum
1883 513 2135 573 quoque

485 611 696 663 contra
763 617 1004 662 morem
1078 602 1342 660 oscitare
1411 604 1574 673 121
1656 603 1903 671 cogunt,
1950 602 2136 670 atque

484 702 918 775 gravissimum
966 714 1255 757 somnum
1306 698 1651 755 immittunt
1692 710 2068 769 magnopere
2098 710 2132 752 a

482 803 777 858 consueto
848 798 1188 860 diversum,
1237 797 1446 868 idque,
1517 801 1584 853 ut
1641 795 1702 853 in
1755 793 2133 867 quibusdam

482 897 778 955 fratribus
808 896 1266 967 deprehensum
1321 898 1432 957 est,
1486 897 1705 951 natura
1737 889 2135 949 ineﬁ'abiliter

481 994 805 1051 renitente.
890 993 1063 1062 Quod
1135 1007 1255 1066 ego
1320 1005 1462 1050 cum
1523 992 1880 1063 frequenter
1920 990 2134 1048 obser-

479 1107 740 1154 vassem,
805 1090 937 1163 ipse
1005 1090 1308 1162 comperi.
1369 1090 1706 1161 Capessunt
1799 1087 2133 1159 palpebras

481 1205 622 1248 cum
657 1194 784 1249 toto
817 1189 1040 1260 capite,
1083 1190 1273 1261 idque
1321 1188 1584 1260 proprio
1630 1200 1896 1258 corpore
1951 1183 2132 1256 frige-

480 1289 705 1345 factant
738 1309 752 1358 ;
786 1287 1124 1345 admodum
1173 1287 1340 1345 enim
1400 1285 1623 1358 frigida
1677 1289 1821 1342 sunt
1878 1284 2134 1340 daemo-

481 1400 630 1444 num
682 1400 969 1455 corpora,
1024 1390 1084 1442 et
1132 1384 1424 1457 crystallo
1463 1384 1715 1448 similia,
1760 1382 1925 1440 unde
1955 1385 2016 1438 et
2035 1395 2130 1438 ca-

481 1489 591 1556 put
637 1483 940 1540 sentimus
993 1483 1155 1540 velut
1226 1481 1550 1540 cucurbita
1607 1480 2001 1538 medicorum
2046 1483 2132 1535 at-

478 1586 741 1639 tractum
773 1595 914 1638 cum
959 1581 1248 1639 stridore.
1303 1578 1437 1638 Hoc
1493 1583 1700 1637 autem
1751 1578 2002 1645 faciunt,
2041 1581 2128 1648 ut,

476 1680 527 1737 si
584 1680 839 1737 insitum
903 1679 1112 1736 calvae
1170 1678 1444 1735 calorem
1490 1677 1566 1734 ad
1615 1691 1682 1734 se
1713 1676 1882 1747 ipsos
1931 1679 2130 1732 traxe-

477 1777 620 1842 rint,
711 1777 1050 1848 palpebrae
1133 1777 1398 1833 humore
1477 1775 1734 1832 demum
1778 1779 1836 1830 et
1898 1773 2130 1845 frigore

476 1875 786 1933 relaxatae
816 1874 1253 1932 circumfluant
1282 1873 1539 1945 pupillis
1567 1869 1917 1931 oculorum.
1975 1871 2128 1939 Qua-

475 1987 542 2030 re
573 1973 909 2044 palpebras
931 1986 1116 2043 saepe
1149 1971 1200 2028 si
1227 1970 1625 2038 contrectavi,
1686 1969 1890 2027 inveni
1936 1969 2129 2026 instar

472 2069 745 2141 crystalli
825 2073 1198 2144 compactas,
1257 2073 1577 2140 totamque
1622 2067 1840 2125 faciem
1895 2066 2127 2124 mortui

473 2167 745 2225 similem
795 2170 854 2223 et
911 2166 1256 2224 horridam.
1316 2167 1598 2223 Attamen
1655 2179 1914 2224 somnus
1955 2169 2129 2222 natu-

473 2265 622 2322 ralis
695 2277 961 2336 corpora
1045 2263 1343 2329 calefacit,
1415 2277 1838 2336 sanorumque
1923 2262 2126 2318 vultus

475 2361 704 2419 nitidos
734 2361 960 2426 reddit,
1019 2360 1187 2433 quod
1247 2361 1380 2432 ipsa
1433 2375 1684 2433 quoque
1741 2358 2124 2432 experientia

468 2458 787 2516 discimus.
823 2458 939 2516 Sed
971 2457 1062 2514 illi
1119 2464 1334 2515 contra
1386 2464 1668 2514 naturam
1729 2472 1802 2514 ex
1858 2471 1970 2514 ore
2021 2457 2122 2513 ni-

473 2557 669 2613 mium
749 2555 1016 2613 distento
1089 2555 1519 2613 oscitationem
1599 2555 1895 2624 efficiunt,
1975 2559 2122 2612 atte-

471 2660 727 2710 nuantes
754 2669 840 2722 se,
902 2659 961 2710 et
1014 2653 1310 2712 interiora
1364 2653 1495 2711 oris
1545 2657 1939 2724 occupantes.
1998 2652 2122 2724 Ego

467 2751 724 2823 quidem
783 2752 1061 2810 nondum
1115 2752 1230 2808 hoc
1302 2750 1601 2814 intellexi,
1654 2750 1768 2807 etsi
1820 2764 2120 2821 persaepe

469 2863 686 2921 passus
715 2849 882 2915 sim;
935 2855 995 2906 at
1050 2855 1330 2906 sanctum
1392 2848 1724 2905 Macarium
1783 2848 1990 2905 audivi
2041 2848 2118 2904 de

467 2947 584 3003 hoc
616 2946 769 3002 mihi
813 2946 1192 3018 loquentem,
1255 2947 1361 3018 qui
1416 2946 1491 3003 ad
1551 2960 1684 3004 rem
1731 2945 2116 3017 probandam

466 3043 667 3101 attulit
735 3044 1132 3101 oscitantium
1207 3043 1747 3112 consuetudinem,
1815 3059 1885 3101 0s
1942 3044 2117 3115 signo

465 3142 672 3198 crucis
719 3142 1041 3199 muniendi
1074 3157 1149 3198 ex
1215 3142 1549 3199 traditione
1596 3138 1849 3214 antiqua
1898 3143 2118 3199 imme-

468 3239 713 3297 moriali
744 3236 860 3314 (l).
903 3239 1190 3299 Ceterum
1238 3240 1449 3297 omnia
1482 3240 1585 3296 illa
1645 3239 1939 3310 patimur,
1969 3240 2117 3311 quia

467 3335 716 3392 lectioni
749 3351 868 3393 non
913 3337 1288 3394 attendimus
1333 3336 1677 3407 vigilanter,
1725 3350 1926 3408 neque
1981 3351 2115 3394 san~

466 3437 562 3489 cta
610 3433 711 3489 Dei
758 3433 877 3490 vivi
932 3435 1181 3505 eloquia
1239 3448 1350 3490 nos
1404 3433 1607 3503 legere
1656 3433 1836 3490 nobis
1883 3433 2114 3490 conscii

470 3544 686 3586 sumus
715 3531 822 3604 (2).
875 3549 903 3583 η
960 3531 1118 3587 Haec
1176 3531 1431 3603 quidem
1477 3531 1714 3602 Evagrii
1775 3533 2009 3588 notatio
2039 3531 2115 3588 ad

467 3631 831 3684 vetustatem
895 3628 1383 3695 consuetudinis,
1465 3643 1588 3701 qua
1662 3629 1992 3685 oscitantes
2048 3643 2118 3686 os

463 3724 637 3796 signo
711 3725 915 3782 crucis
989 3726 1238 3783 munire
1295 3727 1519 3794 solent,
1580 3727 2117 3798 comprobandam

459 3822 821 3893 gravissima
853 3829 962 3880 est.
995 3825 1140 3882 Uter
1166 3839 1311 3882 vero
1365 3821 1791 3884 Macariorum
1835 3825 1942 3882 illa
1973 3826 2119 3882 Eva-

461 3921 596 3993 grio
671 3921 1053 3993 exposuerit,
1117 3928 1287 3980 certo
1335 3923 1436 3980 vix
1493 3923 1874 3993 deﬁnietur;
1928 3939 2120 3996 quan-

460 4034 647 4091 quam
707 4034 848 4076 cum
920 4021 1213 4092 Evagrius
1257 4023 1353 4078 bis
1383 4020 1721 4079 Macarium
1749 4023 2118 4095 Aegyptium

468 4115 756 4173 laudibus
809 4118 1117 4187 extulerit,
1191 4118 1353 4175 haud
1412 4119 1752 4191 incongrue
1816 4121 2110 4186 creditur,

464 4212 564 4268 hic
594 4227 864 4284 quoque,
903 4215 1008 4271 ubi
1055 4215 1430 4285 simpliciter
1461 4218 1712 4273 Macarii
1755 4219 1989 4274 mentio
2027 4218 2111 4284 ﬁt,

458 4309 728 4366 eundem
759 4309 1042 4380 intelligi.
1094 4308 1209 4368 Sed
1255 4311 1584 4370 audiamus
1626 4329 1786 4371 nunc
1816 4330 1909 4381 ea,
1955 4330 2115 4386 quae

463 4406 643 4464 nobis
687 4408 943 4478 praebet
969 4407 1025 4464 8.
1056 4408 1489 4480 Hieronymus.

543 4505 698 4577 §30.
762 4505 816 4561 Is
875 4505 1171 4563 Macarios
1229 4507 1456 4578 passim
1529 4509 1592 4566 in
1654 4509 1955 4580 epistolis,
2005 4480 2187 4567 sedD

463 4603 670 4661 obiter
747 4609 985 4663 tantum
1073 4612 1545 4663 commemorat.
1645 4608 1710 4664 In
1775 4608 2113 4666 Palaestina

463 4701 623 4760 vitae
645 4702 1046 4760 monachicae
1076 4703 1211 4774 ipse
1257 4718 1322 4760 se
1352 4703 1628 4772 dederat,
1673 4721 1860 4778 quam
1909 4722 2115 4779 quan—

465 4805 525 4858 ta
581 4801 910 4858 dulcedine
967 4801 1292 4874 amplexus
1352 4803 1449 4869 sit,
1506 4804 1642 4861 eius
1697 4806 1999 4876 epistolae
2053 4807 2108 4862 2.

467 4899 657 4955 3.14.
733 4899 832 4954 22.
883 4899 979 4962 24,
1039 4914 1200 4971 quae
1255 4915 1476 4958 omnes
1530 4907 1670 4960 ante
1714 4918 1945 4962 annum
2001 4905 2114 4962 384

465 4995 733 5069 scriptae
772 4998 950 5070 122,
976 5002 1116 5056 sunt
1139 4996 1248 5073 (3),
1269 5000 1622 5066 ostendunt,
1659 5016 1770 5058 nec
1793 5016 1911 5061 non
1933 5004 2112 5069 aliae,

465 5109 621 5166 quas
643 5098 855 5166 postea
884 5094 1156 5165 scripsit,
1197 5097 1630 5168 comprobant.
1672 5099 1900 5158 Romae
1921 5115 2117 5174 quum

469 5198 845 5261 moraretur,
879 5193 1237 5262 complures
1283 5194 1528 5252 nobiles
1568 5195 1832 5254 feminas
1895 5198 1972 5256 ad
2002 5211 2119 5270 pro

544 5375 618 5444 (1)
662 5375 876 5429 Graece
914 5376 1089 5427 εκατὰ
1119 5376 1351 5447 ἀρχαίαν
1393 5373 1691 5448 παράδοσιν
1730 5377 1976 5452 ἂῤῥητον.

541 5463 618 5534 (2)
654 5462 800 5533 Cap.
845 5462 1032 5524 LXVI,
1088 5463 1333 5520 Coteler.
1387 5466 1537 5520 Eccl.
1591 5469 1796 5525 Graec.
1847 5472 1997 5526 Mon.
2048 5473 2112 5526 T.

472 5552 543 5608 ΙΙΙ
571 5567 632 5622 p.
673 5550 741 5607 88
763 5567 877 5624 sq.,
902 5551 1171 5609 Galland.
1201 5553 1347 5610 Bibl.
1391 5554 1498 5610 PP.
1530 5555 1634 5611 1.1.
1670 5573 1728 5628 p.
1772 5559 1899 5614 561.

557 5641 629 5713 (3)
673 5640 763 5699 Cf.
791 5641 848 5698 S.
868 5641 1104 5698 Hieron.
1125 5642 1592 5716 Opp.ed.Migne
1607 5647 2126 5721 T.lPraef.p.qu.

2245 498 2322 556 ad
2375 497 2828 570 simpliciorem
2902 502 3089 561 vitam
3158 503 3453 574 traduxit,
3523 507 3915 574 quapropter

2247 597 2426 655 multi
2473 612 2620 656 eum
2667 599 3078 673 obiurgabam
3131 599 3239 678 (4).
3303 602 3370 659 In
3429 602 3692 674 epistola
3749 616 3914 674 qua—

2246 695 2386 752 dam
2431 695 2598 754 circa
2633 712 2864 756 annum
2906 701 3020 758 395
3061 700 3289 773 scripta
3336 701 3411 757 de
3453 717 3482 753 α
3537 699 3793 772 Aegypti
3851 703 3914 755 et

2246 795 2750 868 Mesopotamiae,
2809 799 3007 870 Ponti,
3080 799 3511 872 Cappadociae
3579 803 3641 856 et
3695 800 3913 856 Arme-

2244 893 2382 950 niae
2427 894 2821 953 examinibus
2869 898 3318 956 monachorum
3376 918 3398 950 ι
3455 896 3731 969 loquitur
3776 892 3905 968 (5);

2243 991 2349 1049 sed
2379 996 2439 1049 et
2470 992 2532 1048 in
2578 993 2750 1051 Italia
2793 996 3132 1054 monachos
3177 1010 3296 1053 non
3342 995 3637 1064 defuisse,
3681 1008 3755 1051 ex
3803 991 3906 1059 iis,

2242 1104 2402 1161 quae
2448 1090 2526 1148 de
2581 1090 2870 1150 defuncta
2922 1092 3179 1151 Fabiola
3234 1107 3396 1150 anno
3451 1093 3564 1150 398
3621 1091 3905 1160 tradidit,

2243 1187 2542 1246 discimus
2610 1186 2718 1264 (6).
2795 1190 2921 1248 Iam
3005 1205 3079 1248 ex
3151 1188 3249 1249 his
3319 1190 3559 1262 paucis,
3631 1202 3908 1260 quanam

2241 1286 2567 1343 occasione
2635 1287 2775 1344 data
2847 1288 2905 1346 8.
2983 1288 3399 1358 Hieronymus
3486 1286 3907 1344 Macariorum

2244 1383 2624 1441 mentionem
2665 1385 2898 1453 fecerit,
2947 1386 3242 1459 colliges;
3295 1391 3398 1444 aut
3452 1385 3621 1443 enim
3673 1383 3907 1456 amico,

2241 1483 2346 1553 qui
2390 1483 2466 1539 ad
2522 1497 2804 1540 eremum
2863 1485 3270 1543 Macariorum
3321 1489 3690 1554 accesserat,
3744 1496 3908 1540 con-

2240 1580 2603 1652 gratulatur,
2655 1589 2760 1640 aut
2800 1582 3035 1641 amicos
3087 1583 3483 1641 Occidentem
3536 1595 3750 1639 versus
3797 1581 3909 1637 ha-

2243 1677 2506 1736 bitantes
2575 1679 2650 1737 ad
2761 1682 3048 1752 exempla
3101 1696 3322 1739 eorum
3378 1685 3648 1738 revocat.
3711 1679 3905 1736 Locos

2238 1781 2464 1849 quanta
2507 1777 2826 1849 potuimus
2867 1779 3185 1851 diligentia
3225 1780 3411 1837 hosce
3449 1777 3901 1848 congessimus.

2319 1874 2605 1932 Primum
2661 1876 2782 1934 huc
2828 1882 3065 1948 spectat
3103 1877 3366 1948 epistola
3408 1878 3439 1934 3
3483 1875 3558 1932 ad
3611 1873 3900 1932 Ruﬁnum

2243 1973 2725 2045 Aquileiensem,
2812 1990 3000 2047 quem
3085 1974 3146 2031 in
3223 1977 3570 2047 Aegyptum
3655 1972 3902 2030 venisse

2238 2070 2296 2128 8.
2330 2071 2743 2143 Hieronymus
2786 2073 3090 2142 audierat,
3137 2078 3366 2130 aestate
3411 2071 3554 2130 anni
3601 2072 3714 2128 374
3746 2069 3902 2128 scri-

2239 2173 2360 2240 pta,
2415 2169 2476 2226 in
2522 2185 2643 2242 qua
2699 2185 2712 2225 :
2764 2189 2794 2224 α
2853 2171 3078 2238 Prima,
3128 2192 3152 2224 ι
3218 2170 3442 2242 inquit,
3505 2187 3534 2222 (ί
3592 2167 3898 2239 inopinati

2236 2267 2444 2338 gaudii
2502 2269 2582 2324 ab
2625 2268 2960 2326 Heli-odoro
3011 2268 3199 2326 fratre
3249 2267 3404 2325 mihi
3476 2272 3567 2324 est
3617 2266 3898 2324 nuntiata

2235 2363 2514 2421 felicitas.
2567 2366 2696 2422 Non
2739 2366 3073 2424 credebam
3117 2373 3384 2431 certum,
3433 2365 3602 2437 quod
3647 2371 3894 2422 certum

2234 2477 2369 2519 esse
2397 2464 2753 2534 cupiebam,
2791 2465 3159 2534 praesertim
3185 2478 3383 2537 quum
3427 2469 3486 2520 et
3518 2463 3623 2519 ille
3653 2462 3734 2519 ab
3766 2461 3894 2518 alio

2232 2576 2297 2617 se
2327 2561 2597 2618 audiisse
2623 2561 2879 2624 diceret,
2914 2568 2974 2620 et
3020 2562 3108 2619 rei
3144 2561 3384 2620 novitas
3428 2560 3612 2618 ﬁdem
3659 2573 3897 2617 sermo-

2233 2658 2327 2717 nis
2392 2659 2686 2716 auferret.
2742 2659 3007 2717 Rursum
3079 2674 3379 2731 suspensa
3447 2665 3607 2725 vota,
3678 2663 3900 2714 nutan-

2229 2765 2480 2829 temque
2530 2762 2802 2814 mentem
2848 2757 3103 2828 quidam
3155 2755 3628 2826 Alexandrinus,
3678 2769 3897 2812 mona-

2228 2855 2403 2919 chus,
2451 2854 2558 2926 qui
2603 2855 2680 2912 ad
2731 2855 3063 2926 Aegyptios
3105 2855 3512 2924 confessores,
3567 2859 3627 2911 et
3677 2853 3894 2910 volun-

2228 2958 2350 3010 tate
2381 2953 2503 3010 iam
2533 2957 2858 3024 martyres,
2896 2952 2998 3025 pio
3031 2952 3231 3024 plebis
3263 2952 3389 3010 iam
3419 2951 3658 3010 dudum
3688 2952 3894 3008 fuerat

2227 3051 2626 3110 transmissus
2676 3051 3005 3123 obsequio,
3068 3051 3429 3108 manifestus
3485 3050 3562 3108 ad
3621 3048 3895 3108 creduli-

2228 3153 2415 3205 tatem
2481 3148 2681 3206 nuntii
2753 3155 2970 3206 auctor
3017 3148 3374 3220 impulerat.
3437 3149 3657 3206 Fateor
3707 3152 3767 3204 et
3823 3146 3892 3205 in

2227 3246 2345 3303 hoc
2403 3259 2606 3303 meam
2661 3245 2900 3303 labasse
2955 3246 3344 3304 sententiam.
3422 3246 3573 3303 Nam
3629 3259 3770 3303 cum
3833 3249 3895 3302 et

2228 3343 2491 3414 patriam
2520 3347 2690 3400 tuam
2719 3343 3034 3414 ignoraret
3062 3351 3122 3402 et
3153 3359 3402 3412 nomen,
3452 3345 3514 3402 in
3559 3357 3634 3402 eo
3678 3348 3888 3402 tamen

2229 3439 2368 3511 plus
2407 3439 2736 3498 videbatur
2777 3441 3021 3509 afferre,
3068 3443 3238 3514 quod
3277 3443 3497 3501 eadem
3547 3441 3882 3509 asserebat,

2226 3553 2385 3610 quae
2443 3538 2566 3595 iam
2619 3539 2781 3596 alius
2837 3539 3236 3598 indicaverat.
3301 3541 3573 3598 Tandem
3631 3539 3892 3611 plenum

2229 3637 2504 3694 veritatis
2535 3637 2778 3709 pondus
2803 3639 3012 3709 erupit
3061 3660 3073 3696 :
3110 3639 3398 3697 Ruﬁnum
3443 3639 3611 3696 enim
3655 3636 3890 3694 Nitriae

2227 3749 2361 3793 esse
2412 3739 2473 3792 et
2519 3735 2594 3792 ad
2652 3736 2902 3792 beatum
2963 3737 3313 3807 perrexisse
3373 3736 3708 3795 Macarium
3756 3749 3905 3792 cre-

2231 3833 2341 3890 bra
2399 3834 2890 3892 commeantium
2963 3835 3298 3894 multitudo
3371 3833 3700 3892 referebat.
3777 3831 3900 3890 Hic

2229 3946 2378 3990 vero
2448 3938 2571 3990 tota
2639 3931 3024 3990 credulitatis
3093 3933 3268 3990 frena
3335 3932 3555 3998 laxavi,
3623 3935 3683 3988 et
3748 3935 3901 3987 tunc

2230 4045 2376 4088 vere
2405 4036 2724 4101 aegrotum
2767 4045 2900 4087 esse
2946 4045 3044 4087 me
3089 4031 3283 4089 dolui.
3335 4031 3404 4088 Et
3449 4029 3566 4088 nisi
3599 4043 3699 4087 me
3741 4032 3903 4086 atte-

2229 4128 2396 4184 nuati
2455 4127 2742 4198 corporis
2801 4126 2963 4185 vires
3021 4129 3293 4200 quadam
3349 4128 3654 4199 compede
3719 4141 3905 4198 prae-

2229 4225 2563 4295 pedissent,
2633 4238 2746 4280 nec
2800 4225 3044 4282 mediae
3117 4227 3321 4284 fervor
3382 4223 3556 4292 123
3619 4224 3901 4289 aestatis,

2225 4336 2338 4378 nec
2397 4320 2826 4392 navigantibus
2881 4338 3129 4395 semper
3187 4324 3494 4384 incertum
3563 4337 3735 4381 mare
3793 4320 3905 4394 pia

2223 4418 2615 4476 festinatione
2657 4419 2963 4490 gradienti
3021 4421 3311 4480 valuisset
3367 4423 3692 4480 obsistere.
3741 4421 3907 4479 Cre-

2224 4516 2332 4573 das
2391 4516 2569 4579 mihi,
2622 4516 2832 4583 frater,
2891 4534 3013 4576 non
3066 4520 3156 4577 sic
3208 4526 3572 4592 tempestate
3630 4519 3906 4577 iactatus

2227 4620 2475 4686 portum
2520 4621 2704 4672 nauta
2738 4622 3110 4689 prospectat,
3163 4633 3283 4676 non
3327 4619 3417 4676 sic
3449 4617 3719 4676 sitientia
3761 4618 3903 4674 im—

2226 4713 2367 4770 bres
2414 4727 2559 4769 arva
2611 4713 2985 4781 desiderant,
3048 4731 3158 4773 nec
3218 4716 3306 4774 sic
3363 4731 3554 4774 curvo
3613 4715 3900 4774 assidens

2226 4811 2417 4869 littori
2469 4810 2649 4868 anxia
2693 4811 2891 4870 filium
2940 4821 3135 4871 mater
3183 4819 3499 4885 exspectat
3545 4813 3652 4892 (7).
3716 4833 3744 4867 »
3801 4813 3900 4872 Ibi

2227 4909 2596 4967 alterutrum
2668 4926 2744 4968 ex
2813 4911 3039 4968 nostris
3109 4912 3413 4979 Macariis,
3487 4917 3548 4971 et
3615 4913 3905 4972 fortassis

2227 5009 2486 5080 quidem
2534 5007 3038 5076 Alexandrinum,
3096 5009 3203 5082 qui
3268 5025 3466 5082 prope
3514 5011 3778 5071 Nitriam
3831 5012 3905 5070 in

2227 5119 2441 5163 eremo
2482 5103 2860 5162 Cellularum
2905 5105 3075 5172 vixit,
3113 5105 3373 5179 intelligi
3420 5109 3482 5166 in
3528 5114 3744 5182 aperto
3775 5115 3898 5170 est.

2228 5202 2515 5261 Ruﬁnum
2560 5216 2706 5260 vero
2749 5202 2917 5260 circa
2967 5203 3228 5262 Nitriam
3276 5220 3419 5263 cum
3470 5207 3717 5266 duobus
3767 5208 3904 5268 Ma-

2305 5386 2381 5455 (4)
2419 5384 2502 5439 cr.
2534 5386 2639 5454 Ep.
2672 5383 2760 5438 es.
2798 5383 2886 5437 73.
2919 5383 3012 5440 45.
3053 5386 3140 5441 39.
3170 5387 3258 5441 54.

2307 5474 2383 5544 (ὃ)
2425 5472 2526 5542 Ep.
2557 5472 2645 5535 58,
2677 5474 2731 5528 8.
2763 5472 2995 5528 Hieron.
3031 5476 3187 5547 Opp.
3221 5476 3316 5531 ed.
3350 5476 3393 5532 Ι.
3422 5480 3480 5533 Τ.
3512 5478 3613 5549 Ip.
3645 5479 3772 5534 581.

2313 5562 2392 5632 (6)
2434 5564 2536 5632 Ep.
2579 5561 2672 5627 73,
2713 5561 2772 5616 s.
2810 5562 3042 5620 Hieron.
3075 5566 3221 5638 Opp.
3257 5566 3346 5622 ed.
3373 5566 3415 5620 ι.
3447 5569 3507 5632 T,
3535 5567 3558 5622 1
3590 5586 3647 5639 p.
3681 5568 3808 5625 694.

2312 5652 2387 5723 (7)
2429 5651 2484 5709 S.
2509 5651 2747 5711 Hieron.
2772 5653 2922 5726 Opp.
2956 5653 3056 5714 ed.
3086 5655 3130 5711 1.
3160 5655 3226 5713 Τ.
3274 5656 3294 5711 I
3319 5670 3380 5727 p.
3414 5656 3518 5714 332
3548 5673 3638 5731 sq.
