  <div class='ocr_page' id='page_1' title='image "/cluster/home/n/w/nwhite01/storage/ocr_20150623/34/hvd.32044073501835/068.png"; bbox 0 0 4094 6208; ppageno 0'>
   <div class='ocr_carea' id='block_1_1' title="bbox 158 264 249 325">
    <p class='ocr_par' dir='ltr' id='par_1_1' title="bbox 158 264 249 325">
     <span class='ocr_line' id='line_1_1' title="bbox 158 264 249 325; baseline -0.066 0"><span class='ocrx_word' id='word_1_1' title='bbox 158 264 249 325; x_wconf 79' lang='grc'>117</span> 
     </span>
    </p>
   </div>
   <div class='ocr_carea' id='block_1_2' title="bbox 1739 264 1968 323">
    <p class='ocr_par' dir='ltr' id='par_1_2' title="bbox 1739 264 1968 323">
     <span class='ocr_line' id='line_1_2' title="bbox 1739 264 1968 323; baseline -0.004 -2"><span class='ocrx_word' id='word_1_2' title='bbox 1739 264 1968 323; x_wconf 74' lang='lat' dir='ltr'><strong>VITAE.</strong></span> 
     </span>
    </p>
   </div>
   <div class='ocr_carea' id='block_1_3' title="bbox 3463 268 3566 323">
    <p class='ocr_par' dir='ltr' id='par_1_3' title="bbox 3463 268 3566 323">
     <span class='ocr_line' id='line_1_3' title="bbox 3463 268 3566 323; baseline 0 0"><span class='ocrx_word' id='word_1_3' title='bbox 3463 268 3566 323; x_wconf 80' lang='grc'><strong>118</strong></span> 
     </span>
    </p>
   </div>
   <div class='ocr_carea' id='block_1_4' title="bbox 148 391 3565 477">
    <p class='ocr_par' dir='ltr' id='par_1_4' title="bbox 148 391 3565 477">
     <span class='ocr_line' id='line_1_4' title="bbox 148 391 3565 477; baseline 0 -22"><span class='ocrx_word' id='word_1_4' title='bbox 148 396 333 455; x_wconf 83' lang='lat' dir='ltr'><strong>cariis</strong></span> <span class='ocrx_word' id='word_1_5' title='bbox 391 408 800 469; x_wconf 78' lang='lat' dir='ltr'><strong>congressum</strong></span> <span class='ocrx_word' id='word_1_6' title='bbox 845 409 978 455; x_wconf 90' lang='lat' dir='ltr'><strong>esse</strong></span> <span class='ocrx_word' id='word_1_7' title='bbox 1028 396 1481 470; x_wconf 80' lang='lat' dir='ltr'><strong>persecutionis</strong></span> <span class='ocrx_word' id='word_1_8' title='bbox 1532 412 1566 455; x_wconf 93' lang='lat' dir='ltr'><strong>a</strong></span> <span class='ocrx_word' id='word_1_9' title='bbox 1618 394 1803 455; x_wconf 91' lang='lat' dir='ltr'><strong>Lucio</strong></span> <span class='ocrx_word' id='word_1_10' title='bbox 1833 391 1881 445; x_wconf 81' lang='grc' dir='ltr'><strong>Α</strong></span> <span class='ocrx_word' id='word_1_11' title='bbox 1916 397 2205 459; x_wconf 88' lang='lat' dir='ltr'><strong>Historici</strong></span> <span class='ocrx_word' id='word_1_12' title='bbox 2251 400 2699 477; x_wconf 84' lang='lat' dir='ltr'><strong>Thucydidem,</strong></span> <span class='ocrx_word' id='word_1_13' title='bbox 2738 399 3123 472; x_wconf 75' lang='lat' dir='ltr'><strong>Sallustium,</strong></span> <span class='ocrx_word' id='word_1_14' title='bbox 3157 398 3565 472; x_wconf 72' lang='lat' dir='ltr'><strong>Herodotum,</strong></span> 
     </span>
    </p>
   </div>
   <div class='ocr_carea' id='block_1_5' title="bbox 149 494 1803 567">
    <p class='ocr_par' dir='ltr' id='par_1_5' title="bbox 149 494 1803 567">
     <span class='ocr_line' id='line_1_5' title="bbox 149 494 1803 567; baseline -0.001 -14"><span class='ocrx_word' id='word_1_15' title='bbox 149 496 341 553; x_wconf 87' lang='lat' dir='ltr'><strong>factae</strong></span> <span class='ocrx_word' id='word_1_16' title='bbox 413 498 723 566; x_wconf 88' lang='lat' dir='ltr'><strong>tempore,</strong></span> <span class='ocrx_word' id='word_1_17' title='bbox 790 508 915 567; x_wconf 93' lang='lat' dir='ltr'><strong>quo</strong></span> <span class='ocrx_word' id='word_1_18' title='bbox 970 494 1234 566; x_wconf 88' lang='lat' dir='ltr'><strong>epistola</strong></span> <span class='ocrx_word' id='word_1_19' title='bbox 1303 495 1359 554; x_wconf 92' lang='grc'><strong>8.</strong></span> <span class='ocrx_word' id='word_1_20' title='bbox 1438 495 1803 567; x_wconf 89' lang='lat' dir='ltr'><strong>Hieronymi</strong></span> 
     </span>
    </p>
   </div>
   <div class='ocr_carea' id='block_1_6' title="bbox 144 592 1807 667">
    <p class='ocr_par' dir='ltr' id='par_1_6' title="bbox 144 592 1807 667">
     <span class='ocr_line' id='line_1_6' title="bbox 144 592 1807 667; baseline 0.001 -17"><span class='ocrx_word' id='word_1_21' title='bbox 144 594 383 667; x_wconf 82' lang='lat' dir='ltr'><strong>scripta</strong></span> <span class='ocrx_word' id='word_1_22' title='bbox 440 598 554 659; x_wconf 90' lang='lat' dir='ltr'><strong>est,</strong></span> <span class='ocrx_word' id='word_1_23' title='bbox 608 593 735 651; x_wconf 89' lang='lat' dir='ltr'><strong>iam</strong></span> <span class='ocrx_word' id='word_1_24' title='bbox 787 606 822 650; x_wconf 93' lang='lat' dir='ltr'><strong>e</strong></span> <span class='ocrx_word' id='word_1_25' title='bbox 877 592 1075 652; x_wconf 86' lang='lat' dir='ltr'><strong>Ruﬁni</strong></span> <span class='ocrx_word' id='word_1_26' title='bbox 1134 594 1605 653; x_wconf 89' lang='lat' dir='ltr'><strong>Continuatione</strong></span> <span class='ocrx_word' id='word_1_27' title='bbox 1664 593 1807 651; x_wconf 88' lang='lat' dir='ltr'><strong>His-</strong></span> 
     </span>
    </p>
   </div>
   <div class='ocr_carea' id='block_1_7' title="bbox 145 688 1799 765">
    <p class='ocr_par' dir='ltr' id='par_1_7' title="bbox 145 688 1799 765">
     <span class='ocr_line' id='line_1_7' title="bbox 145 688 1799 765; baseline -0.002 -16"><span class='ocrx_word' id='word_1_28' title='bbox 145 693 345 749; x_wconf 90' lang='lat' dir='ltr'><strong>toriae</strong></span> <span class='ocrx_word' id='word_1_29' title='bbox 403 689 871 749; x_wconf 88' lang='lat' dir='ltr'><strong>Ecclesiasticae</strong></span> <span class='ocrx_word' id='word_1_30' title='bbox 928 690 1179 751; x_wconf 86' lang='lat' dir='ltr'><strong>Eusebii</strong></span> <span class='ocrx_word' id='word_1_31' title='bbox 1238 691 1637 765; x_wconf 81' lang='lat' dir='ltr'><strong>percepimus</strong></span> <span class='ocrx_word' id='word_1_32' title='bbox 1690 688 1799 764; x_wconf 77' lang='grc'>(1).</span> 
     </span>
    </p>
   </div>
   <div class='ocr_carea' id='block_1_8' title="bbox 224 788 1809 861">
    <p class='ocr_par' dir='ltr' id='par_1_8' title="bbox 224 788 1809 861">
     <span class='ocr_line' id='line_1_8' title="bbox 224 788 1809 861; baseline 0 -13"><span class='ocrx_word' id='word_1_33' title='bbox 224 790 429 848; x_wconf 85' lang='lat' dir='ltr'><strong>Porro</strong></span> <span class='ocrx_word' id='word_1_34' title='bbox 485 788 794 846; x_wconf 88' lang='lat' dir='ltr'><strong>laudanda</strong></span> <span class='ocrx_word' id='word_1_35' title='bbox 844 794 938 847; x_wconf 87' lang='lat' dir='ltr'><strong>est</strong></span> <span class='ocrx_word' id='word_1_36' title='bbox 998 789 1263 861; x_wconf 89' lang='lat' dir='ltr'><strong>epistola</strong></span> <span class='ocrx_word' id='word_1_37' title='bbox 1316 791 1416 855; x_wconf 78' lang='lat'><strong>22,</strong></span> <span class='ocrx_word' id='word_1_38' title='bbox 1469 790 1547 849; x_wconf 92' lang='lat' dir='ltr'><strong>de</strong></span> <span class='ocrx_word' id='word_1_39' title='bbox 1607 795 1809 848; x_wconf 86' lang='lat' dir='ltr'><strong>custo-</strong></span> 
     </span>
    </p>
   </div>
   <div class='ocr_carea' id='block_1_9' title="bbox 147 886 1803 960">
    <p class='ocr_par' dir='ltr' id='par_1_9' title="bbox 147 886 1803 960">
     <span class='ocr_line' id='line_1_9' title="bbox 147 886 1803 960; baseline 0.001 -16"><span class='ocrx_word' id='word_1_40' title='bbox 147 887 379 945; x_wconf 91' lang='lat' dir='ltr'><strong>dienda</strong></span> <span class='ocrx_word' id='word_1_41' title='bbox 448 886 800 958; x_wconf 78' lang='lat' dir='ltr'><strong>virginitate</strong></span> <span class='ocrx_word' id='word_1_42' title='bbox 857 887 932 944; x_wconf 91' lang='lat' dir='ltr'><strong>ad</strong></span> <span class='ocrx_word' id='word_1_43' title='bbox 1002 887 1400 946; x_wconf 88' lang='lat' dir='ltr'><strong>Eustachium</strong></span> <span class='ocrx_word' id='word_1_44' title='bbox 1479 887 1803 960; x_wconf 76' lang='lat' dir='ltr'><strong>virginem,</strong></span> 
     </span>
    </p>
   </div>
   <div class='ocr_carea' id='block_1_10' title="bbox 155 982 1811 1058">
    <p class='ocr_par' dir='ltr' id='par_1_10' title="bbox 155 982 1811 1058">
     <span class='ocr_line' id='line_1_10' title="bbox 155 982 1811 1058; baseline -0.001 -15"><span class='ocrx_word' id='word_1_45' title='bbox 155 985 375 1043; x_wconf 84' lang='lat' dir='ltr'><strong>Paulae</strong></span> <span class='ocrx_word' id='word_1_46' title='bbox 422 982 853 1042; x_wconf 81' lang='lat' dir='ltr'><strong>nobilissimae</strong></span> <span class='ocrx_word' id='word_1_47' title='bbox 912 985 1075 1058; x_wconf 90' lang='lat' dir='ltr'><strong>apud</strong></span> <span class='ocrx_word' id='word_1_48' title='bbox 1128 984 1437 1044; x_wconf 89' lang='lat' dir='ltr'><strong>Romanos</strong></span> <span class='ocrx_word' id='word_1_49' title='bbox 1489 990 1811 1043; x_wconf 73' lang='lat' dir='ltr'><strong>matronae</strong></span> 
     </span>
    </p>
   </div>
   <div class='ocr_carea' id='block_1_11' title="bbox 159 1080 1807 1154">
    <p class='ocr_par' dir='ltr' id='par_1_11' title="bbox 159 1080 1807 1154">
     <span class='ocr_line' id='line_1_11' title="bbox 159 1080 1807 1154; baseline 0 -15"><span class='ocrx_word' id='word_1_50' title='bbox 159 1081 372 1147; x_wconf 84' lang='lat' dir='ltr'><strong>ﬁliam,</strong></span> <span class='ocrx_word' id='word_1_51' title='bbox 404 1096 569 1143; x_wconf 86' lang='lat' dir='ltr'><strong>anno</strong></span> <span class='ocrx_word' id='word_1_52' title='bbox 607 1083 723 1139; x_wconf 70' lang='lat'><strong>384</strong></span> <span class='ocrx_word' id='word_1_53' title='bbox 753 1080 1004 1154; x_wconf 90' lang='lat' dir='ltr'><strong>scripta.</strong></span> <span class='ocrx_word' id='word_1_54' title='bbox 1039 1083 1185 1140; x_wconf 91' lang='lat' dir='ltr'><strong>Eam</strong></span> <span class='ocrx_word' id='word_1_55' title='bbox 1231 1082 1400 1141; x_wconf 87' lang='lat' dir='ltr'><strong>enim</strong></span> <span class='ocrx_word' id='word_1_56' title='bbox 1442 1082 1807 1151; x_wconf 88' lang='lat' dir='ltr'><strong>admonens,</strong></span> 
     </span>
    </p>
   </div>
   <div class='ocr_carea' id='block_1_12' title="bbox 164 1179 1812 1253">
    <p class='ocr_par' dir='ltr' id='par_1_12' title="bbox 164 1179 1812 1253">
     <span class='ocr_line' id='line_1_12' title="bbox 164 1179 1812 1253; baseline 0.001 -15"><span class='ocrx_word' id='word_1_57' title='bbox 164 1186 225 1238; x_wconf 89' lang='lat' dir='ltr'><strong>ut</strong></span> <span class='ocrx_word' id='word_1_58' title='bbox 255 1179 580 1236; x_wconf 82' lang='lat' dir='ltr'><strong>avaritiam</strong></span> <span class='ocrx_word' id='word_1_59' title='bbox 612 1181 781 1249; x_wconf 86' lang='lat' dir='ltr'><strong>vitet,</strong></span> <span class='ocrx_word' id='word_1_60' title='bbox 816 1181 874 1238; x_wconf 93' lang='lat' dir='ltr'><strong>S.</strong></span> <span class='ocrx_word' id='word_1_61' title='bbox 903 1180 1317 1253; x_wconf 83' lang='lat' dir='ltr'><strong>Hieronymus</strong></span> <span class='ocrx_word' id='word_1_62' title='bbox 1344 1181 1555 1240; x_wconf 88' lang='lat' dir='ltr'><strong>addit:</strong></span> <span class='ocrx_word' id='word_1_63' title='bbox 1589 1199 1619 1235; x_wconf 77' lang='grc' dir='ltr'>α</span> <span class='ocrx_word' id='word_1_64' title='bbox 1653 1180 1812 1252; x_wconf 86' lang='lat' dir='ltr'><strong>Quid</strong></span> 
     </span>
    </p>
   </div>
   <div class='ocr_carea' id='block_1_13' title="bbox 157 1278 1813 1351">
    <p class='ocr_par' dir='ltr' id='par_1_13' title="bbox 157 1278 1813 1351">
     <span class='ocr_line' id='line_1_13' title="bbox 157 1278 1813 1351; baseline 0.001 -16"><span class='ocrx_word' id='word_1_65' title='bbox 157 1284 297 1335; x_wconf 90' lang='lat' dir='ltr'><strong>ante</strong></span> <span class='ocrx_word' id='word_1_66' title='bbox 324 1292 450 1335; x_wconf 94' lang='lat' dir='ltr'><strong>non</strong></span> <span class='ocrx_word' id='word_1_67' title='bbox 499 1278 718 1350; x_wconf 86' lang='lat' dir='ltr'><strong>plures</strong></span> <span class='ocrx_word' id='word_1_68' title='bbox 766 1292 960 1337; x_wconf 89' lang='lat' dir='ltr'><strong>annos</strong></span> <span class='ocrx_word' id='word_1_69' title='bbox 1003 1278 1234 1338; x_wconf 87' lang='lat' dir='ltr'><strong>Nitriae</strong></span> <span class='ocrx_word' id='word_1_70' title='bbox 1271 1284 1513 1351; x_wconf 90' lang='lat' dir='ltr'><strong>gestum</strong></span> <span class='ocrx_word' id='word_1_71' title='bbox 1558 1279 1662 1347; x_wconf 86' lang='lat' dir='ltr'><strong>sit,</strong></span> <span class='ocrx_word' id='word_1_72' title='bbox 1718 1292 1813 1336; x_wconf 90' lang='lat' dir='ltr'><strong>re-</strong></span> 
     </span>
    </p>
   </div>
   <div class='ocr_carea' id='block_1_14' title="bbox 152 1374 1815 1450">
    <p class='ocr_par' dir='ltr' id='par_1_14' title="bbox 152 1374 1815 1450">
     <span class='ocr_line' id='line_1_14' title="bbox 152 1374 1815 1450; baseline 0 -17"><span class='ocrx_word' id='word_1_73' title='bbox 152 1376 455 1433; x_wconf 81' lang='lat' dir='ltr'><strong>feremus.</strong></span> <span class='ocrx_word' id='word_1_74' title='bbox 510 1374 776 1444; x_wconf 83' lang='lat' dir='ltr'><strong>Quidam</strong></span> <span class='ocrx_word' id='word_1_75' title='bbox 834 1391 907 1433; x_wconf 87' lang='lat' dir='ltr'><strong>ex</strong></span> <span class='ocrx_word' id='word_1_76' title='bbox 957 1376 1256 1435; x_wconf 84' lang='lat' dir='ltr'><strong>fratribus</strong></span> <span class='ocrx_word' id='word_1_77' title='bbox 1311 1378 1560 1449; x_wconf 88' lang='lat' dir='ltr'><strong>parcior</strong></span> <span class='ocrx_word' id='word_1_78' title='bbox 1620 1376 1815 1450; x_wconf 89' lang='lat' dir='ltr'><strong>magis</strong></span> 
     </span>
    </p>
   </div>
   <div class='ocr_carea' id='block_1_15' title="bbox 148 1474 1814 1548">
    <p class='ocr_par' dir='ltr' id='par_1_15' title="bbox 148 1474 1814 1548">
     <span class='ocr_line' id='line_1_15' title="bbox 148 1474 1814 1548; baseline 0 -17"><span class='ocrx_word' id='word_1_79' title='bbox 148 1488 345 1548; x_wconf 90' lang='lat' dir='ltr'><strong>quam</strong></span> <span class='ocrx_word' id='word_1_80' title='bbox 402 1474 676 1545; x_wconf 85' lang='lat' dir='ltr'><strong>avarior,</strong></span> <span class='ocrx_word' id='word_1_81' title='bbox 737 1478 798 1531; x_wconf 89' lang='lat' dir='ltr'><strong>et</strong></span> <span class='ocrx_word' id='word_1_82' title='bbox 866 1474 1147 1533; x_wconf 89' lang='lat' dir='ltr'><strong>nesciens</strong></span> <span class='ocrx_word' id='word_1_83' title='bbox 1204 1474 1452 1547; x_wconf 75' lang='lat' dir='ltr'><strong>triginta</strong></span> <span class='ocrx_word' id='word_1_84' title='bbox 1507 1474 1814 1547; x_wconf 83' lang='lat' dir='ltr'><strong>argenteis</strong></span> 
     </span>
    </p>
   </div>
   <div class='ocr_carea' id='block_1_16' title="bbox 147 1571 1814 1646">
    <p class='ocr_par' dir='ltr' id='par_1_16' title="bbox 147 1571 1814 1646">
     <span class='ocr_line' id='line_1_16' title="bbox 147 1571 1814 1646; baseline 0.001 -16"><span class='ocrx_word' id='word_1_85' title='bbox 147 1572 490 1630; x_wconf 85' lang='lat' dir='ltr'><strong>Dominum</strong></span> <span class='ocrx_word' id='word_1_86' title='bbox 569 1571 912 1638; x_wconf 89' lang='lat' dir='ltr'><strong>venditum,</strong></span> <span class='ocrx_word' id='word_1_87' title='bbox 988 1578 1238 1630; x_wconf 85' lang='lat' dir='ltr'><strong>centum</strong></span> <span class='ocrx_word' id='word_1_88' title='bbox 1308 1573 1567 1639; x_wconf 91' lang='lat' dir='ltr'><strong>solidos,</strong></span> <span class='ocrx_word' id='word_1_89' title='bbox 1655 1587 1814 1646; x_wconf 93' lang='lat' dir='ltr'><strong>quos</strong></span> 
     </span>
    </p>
   </div>
   <div class='ocr_carea' id='block_1_17' title="bbox 144 1670 1806 1745">
    <p class='ocr_par' dir='ltr' id='par_1_17' title="bbox 144 1670 1806 1745">
     <span class='ocr_line' id='line_1_17' title="bbox 144 1670 1806 1745; baseline -0.002 -17"><span class='ocrx_word' id='word_1_90' title='bbox 144 1672 274 1729; x_wconf 89' lang='lat' dir='ltr'><strong>lino</strong></span> <span class='ocrx_word' id='word_1_91' title='bbox 334 1671 611 1729; x_wconf 83' lang='lat' dir='ltr'><strong>texendo</strong></span> <span class='ocrx_word' id='word_1_92' title='bbox 663 1670 1061 1743; x_wconf 89' lang='lat' dir='ltr'><strong>acquisierat,</strong></span> <span class='ocrx_word' id='word_1_93' title='bbox 1123 1672 1401 1730; x_wconf 90' lang='lat' dir='ltr'><strong>moriens</strong></span> <span class='ocrx_word' id='word_1_94' title='bbox 1453 1671 1806 1745; x_wconf 84' lang='lat' dir='ltr'><strong>dereliquit.</strong></span> 
     </span>
    </p>
   </div>
   <div class='ocr_carea' id='block_1_18' title="bbox 1916 495 3568 572">
    <p class='ocr_par' dir='ltr' id='par_1_18' title="bbox 1916 495 3568 572">
     <span class='ocr_line' id='line_1_18' title="bbox 1916 495 3568 572; baseline -0.001 -18"><span class='ocrx_word' id='word_1_95' title='bbox 1916 495 2511 559; x_wconf 23' lang='lat' dir='ltr'><strong>Livium.,Oratores</strong></span> <span class='ocrx_word' id='word_1_96' title='bbox 2559 499 2823 572; x_wconf 85' lang='lat' dir='ltr'><strong>Lysiam,</strong></span> <span class='ocrx_word' id='word_1_97' title='bbox 2873 500 3157 568; x_wconf 83' lang='lat' dir='ltr'><strong>Graecos,</strong></span> <span class='ocrx_word' id='word_1_98' title='bbox 3214 496 3568 555; x_wconf 90' lang='lat' dir='ltr'><strong>Demosthe-</strong></span> 
     </span>
    </p>
   </div>
   <div class='ocr_carea' id='block_1_19' title="bbox 1916 591 3569 666">
    <p class='ocr_par' dir='ltr' id='par_1_19' title="bbox 1916 591 3569 666">
     <span class='ocr_line' id='line_1_19' title="bbox 1916 591 3569 666; baseline -0.001 -15"><span class='ocrx_word' id='word_1_99' title='bbox 1916 607 2082 662; x_wconf 88' lang='lat' dir='ltr'><strong>nem,</strong></span> <span class='ocrx_word' id='word_1_100' title='bbox 2116 596 2419 655; x_wconf 89' lang='lat' dir='ltr'><strong>Tullium.</strong></span> <span class='ocrx_word' id='word_1_101' title='bbox 2462 599 2533 656; x_wconf 89' lang='lat' dir='ltr'><strong>Et</strong></span> <span class='ocrx_word' id='word_1_102' title='bbox 2575 603 2644 656; x_wconf 90' lang='lat' dir='ltr'><strong>ut</strong></span> <span class='ocrx_word' id='word_1_103' title='bbox 2690 597 2767 655; x_wconf 89' lang='lat' dir='ltr'><strong>ad</strong></span> <span class='ocrx_word' id='word_1_104' title='bbox 2799 605 3007 656; x_wconf 90' lang='lat' dir='ltr'><strong>nostra</strong></span> <span class='ocrx_word' id='word_1_105' title='bbox 3046 596 3390 665; x_wconf 88' lang='lat' dir='ltr'><strong>veniamus,</strong></span> <span class='ocrx_word' id='word_1_106' title='bbox 3421 591 3569 666; x_wconf 89' lang='lat' dir='ltr'><strong>epi-</strong></span> 
     </span>
    </p>
   </div>
   <div class='ocr_carea' id='block_1_20' title="bbox 1916 691 3563 769">
    <p class='ocr_par' dir='ltr' id='par_1_20' title="bbox 1916 691 3563 769">
     <span class='ocr_line' id='line_1_20' title="bbox 1916 691 3563 769; baseline -0.001 -19"><span class='ocrx_word' id='word_1_107' title='bbox 1916 693 2088 769; x_wconf 83' lang='lat' dir='ltr'><strong>scOpi</strong></span> <span class='ocrx_word' id='word_1_108' title='bbox 2166 700 2227 752; x_wconf 90' lang='lat' dir='ltr'><strong>et</strong></span> <span class='ocrx_word' id='word_1_109' title='bbox 2299 696 2651 768; x_wconf 87' lang='lat' dir='ltr'><strong>presbyteri</strong></span> <span class='ocrx_word' id='word_1_110' title='bbox 2726 696 2993 754; x_wconf 88' lang='lat' dir='ltr'><strong>habeant</strong></span> <span class='ocrx_word' id='word_1_111' title='bbox 3060 696 3121 752; x_wconf 93' lang='lat' dir='ltr'><strong>in</strong></span> <span class='ocrx_word' id='word_1_112' title='bbox 3202 691 3563 765; x_wconf 82' lang='lat' dir='ltr'><strong>exemplum</strong></span> 
     </span>
    </p>
   </div>
   <div class='ocr_carea' id='block_1_21' title="bbox 1918 790 3567 866">
    <p class='ocr_par' dir='ltr' id='par_1_21' title="bbox 1918 790 3567 866">
     <span class='ocr_line' id='line_1_21' title="bbox 1918 790 3567 866; baseline 0 -19"><span class='ocrx_word' id='word_1_113' title='bbox 1918 791 2250 863; x_wconf 87' lang='lat' dir='ltr'><strong>Apostolos</strong></span> <span class='ocrx_word' id='word_1_114' title='bbox 2296 800 2355 851; x_wconf 92' lang='lat' dir='ltr'><strong>et</strong></span> <span class='ocrx_word' id='word_1_115' title='bbox 2406 794 2782 866; x_wconf 86' lang='lat' dir='ltr'><strong>apostolicos</strong></span> <span class='ocrx_word' id='word_1_116' title='bbox 2812 794 3003 865; x_wconf 92' lang='lat' dir='ltr'><strong>viros,</strong></span> <span class='ocrx_word' id='word_1_117' title='bbox 3036 806 3309 866; x_wconf 88' lang='lat' dir='ltr'><strong>quorum</strong></span> <span class='ocrx_word' id='word_1_118' title='bbox 3361 790 3567 849; x_wconf 85' lang='lat' dir='ltr'><strong>bono-</strong></span> 
     </span>
    </p>
   </div>
   <div class='ocr_carea' id='block_1_22' title="bbox 1918 889 3563 961">
    <p class='ocr_par' dir='ltr' id='par_1_22' title="bbox 1918 889 3563 961">
     <span class='ocr_line' id='line_1_22' title="bbox 1918 889 3563 961; baseline 0 -15"><span class='ocrx_word' id='word_1_119' title='bbox 1918 903 2050 946; x_wconf 90' lang='lat' dir='ltr'><strong>rem</strong></span> <span class='ocrx_word' id='word_1_120' title='bbox 2096 891 2482 961; x_wconf 86' lang='lat' dir='ltr'><strong>possidentes</strong></span> <span class='ocrx_word' id='word_1_121' title='bbox 2533 892 2769 950; x_wconf 89' lang='lat' dir='ltr'><strong>habere</strong></span> <span class='ocrx_word' id='word_1_122' title='bbox 2816 891 3090 950; x_wconf 83' lang='lat' dir='ltr'><strong>nitantur</strong></span> <span class='ocrx_word' id='word_1_123' title='bbox 3140 897 3201 947; x_wconf 90' lang='lat' dir='ltr'><strong>et</strong></span> <span class='ocrx_word' id='word_1_124' title='bbox 3243 889 3563 947; x_wconf 89' lang='lat' dir='ltr'><strong>meritum.</strong></span> 
     </span>
    </p>
   </div>
   <div class='ocr_carea' id='block_1_23' title="bbox 1920 983 3572 1063">
    <p class='ocr_par' dir='ltr' id='par_1_23' title="bbox 1920 983 3572 1063">
     <span class='ocr_line' id='line_1_23' title="bbox 1920 983 3572 1063; baseline -0.001 -20"><span class='ocrx_word' id='word_1_125' title='bbox 1920 983 2039 1044; x_wconf 86' lang='lat' dir='ltr'><strong>Nos</strong></span> <span class='ocrx_word' id='word_1_126' title='bbox 2084 994 2293 1047; x_wconf 89' lang='lat' dir='ltr'><strong>autem</strong></span> <span class='ocrx_word' id='word_1_127' title='bbox 2344 990 2685 1048; x_wconf 85' lang='lat' dir='ltr'><strong>habeamus</strong></span> <span class='ocrx_word' id='word_1_128' title='bbox 2735 990 3040 1063; x_wconf 88' lang='lat' dir='ltr'><strong>propositi</strong></span> <span class='ocrx_word' id='word_1_129' title='bbox 3091 988 3284 1046; x_wconf 87' lang='lat' dir='ltr'><strong>nostri</strong></span> <span class='ocrx_word' id='word_1_130' title='bbox 3334 985 3572 1059; x_wconf 86' lang='lat' dir='ltr'><strong>princi-</strong></span> 
     </span>
    </p>
   </div>
   <div class='ocr_carea' id='block_1_24' title="bbox 1924 1084 3563 1156">
    <p class='ocr_par' dir='ltr' id='par_1_24' title="bbox 1924 1084 3563 1156">
     <span class='ocr_line' id='line_1_24' title="bbox 1924 1084 3563 1156; baseline -0.001 -13"><span class='ocrx_word' id='word_1_131' title='bbox 1924 1099 2031 1156; x_wconf 89' lang='lat' dir='ltr'><strong>pes</strong></span> <span class='ocrx_word' id='word_1_132' title='bbox 2082 1086 2301 1147; x_wconf 83' lang='lat' dir='ltr'><strong>Paulos</strong></span> <span class='ocrx_word' id='word_1_133' title='bbox 2347 1094 2407 1145; x_wconf 91' lang='lat' dir='ltr'><strong>et</strong></span> <span class='ocrx_word' id='word_1_134' title='bbox 2467 1089 2787 1155; x_wconf 76' lang='lat' dir='ltr'><strong>Antonios,</strong></span> <span class='ocrx_word' id='word_1_135' title='bbox 2847 1088 3135 1155; x_wconf 90' lang='lat' dir='ltr'><strong>Iulianos,</strong></span> <span class='ocrx_word' id='word_1_136' title='bbox 3190 1084 3563 1153; x_wconf 89' lang='lat' dir='ltr'><strong>Hilariones,</strong></span> 
     </span>
    </p>
   </div>
   <div class='ocr_carea' id='block_1_25' title="bbox 1924 1182 3567 1260">
    <p class='ocr_par' dir='ltr' id='par_1_25' title="bbox 1924 1182 3567 1260">
     <span class='ocr_line' id='line_1_25' title="bbox 1924 1182 3567 1260; baseline 0.001 -20"><span class='ocrx_word' id='word_1_137' title='bbox 1924 1183 2219 1243; x_wconf 88' lang='lat' dir='ltr'><strong>Macarios</strong></span> <span class='ocrx_word' id='word_1_138' title='bbox 2251 1184 2359 1260; x_wconf 92' lang='lat'><strong>(7).</strong></span> <span class='ocrx_word' id='word_1_139' title='bbox 2399 1206 2429 1241; x_wconf 89' lang='lat'><strong>»</strong></span> <span class='ocrx_word' id='word_1_140' title='bbox 2457 1186 2651 1255; x_wconf 86' lang='lat' dir='ltr'><strong>Quem</strong></span> <span class='ocrx_word' id='word_1_141' title='bbox 2683 1185 2991 1245; x_wconf 89' lang='lat' dir='ltr'><strong>lulianum</strong></span> <span class='ocrx_word' id='word_1_142' title='bbox 3029 1184 3214 1249; x_wconf 86' lang='lat' dir='ltr'><strong>dicat,</strong></span> <span class='ocrx_word' id='word_1_143' title='bbox 3262 1182 3513 1255; x_wconf 81' lang='lat' dir='ltr'><strong>ambigo</strong></span> <span class='ocrx_word' id='word_1_144' title='bbox 3550 1198 3567 1251; x_wconf 90' lang='lat'><strong>;</strong></span> 
     </span>
    </p>
   </div>
   <div class='ocr_carea' id='block_1_26' title="bbox 1923 1282 3571 1357">
    <p class='ocr_par' dir='ltr' id='par_1_26' title="bbox 1923 1282 3571 1357">
     <span class='ocr_line' id='line_1_26' title="bbox 1923 1282 3571 1357; baseline -0.001 -19"><span class='ocrx_word' id='word_1_145' title='bbox 1923 1295 1999 1338; x_wconf 91' lang='lat' dir='ltr'><strong>an</strong></span> <span class='ocrx_word' id='word_1_146' title='bbox 2048 1282 2205 1340; x_wconf 87' lang='lat' dir='ltr'><strong>forte</strong></span> <span class='ocrx_word' id='word_1_147' title='bbox 2254 1283 2654 1357; x_wconf 86' lang='lat' dir='ltr'><strong>Edessenum,</strong></span> <span class='ocrx_word' id='word_1_148' title='bbox 2702 1285 2780 1342; x_wconf 89' lang='lat' dir='ltr'><strong>de</strong></span> <span class='ocrx_word' id='word_1_149' title='bbox 2844 1298 2971 1357; x_wconf 93' lang='lat' dir='ltr'><strong>quo</strong></span> <span class='ocrx_word' id='word_1_150' title='bbox 3019 1283 3401 1340; x_wconf 87' lang='lat' dir='ltr'><strong>Sozomenus</strong></span> <span class='ocrx_word' id='word_1_151' title='bbox 3446 1284 3571 1337; x_wconf 90' lang='lat' dir='ltr'><strong>tra-</strong></span> 
     </span>
    </p>
   </div>
   <div class='ocr_carea' id='block_1_27' title="bbox 1922 1377 3570 1455">
    <p class='ocr_par' dir='ltr' id='par_1_27' title="bbox 1922 1377 3570 1455">
     <span class='ocr_line' id='line_1_27' title="bbox 1922 1377 3570 1455; baseline -0.001 -19"><span class='ocrx_word' id='word_1_152' title='bbox 1922 1380 2014 1438; x_wconf 90' lang='lat' dir='ltr'><strong>dit</strong></span> <span class='ocrx_word' id='word_1_153' title='bbox 2050 1377 2139 1455; x_wconf 87' lang='lat'><strong>(8)</strong></span> <span class='ocrx_word' id='word_1_154' title='bbox 2188 1377 2218 1436; x_wconf 79' lang='lat'><strong><em>?</em></strong></span> <span class='ocrx_word' id='word_1_155' title='bbox 2262 1381 2598 1440; x_wconf 84' lang='lat' dir='ltr'><strong>Macarium</strong></span> <span class='ocrx_word' id='word_1_156' title='bbox 2648 1397 2796 1441; x_wconf 90' lang='lat' dir='ltr'><strong>vero</strong></span> <span class='ocrx_word' id='word_1_157' title='bbox 2848 1380 3335 1440; x_wconf 81' lang='lat' dir='ltr'><strong>Alexandrinum</strong></span> <span class='ocrx_word' id='word_1_158' title='bbox 3384 1377 3570 1439; x_wconf 88' lang='lat' dir='ltr'><strong>intel-</strong></span> 
     </span>
    </p>
   </div>
   <div class='ocr_carea' id='block_1_28' title="bbox 1922 1475 3575 1553">
    <p class='ocr_par' dir='ltr' id='par_1_28' title="bbox 1922 1475 3575 1553">
     <span class='ocr_line' id='line_1_28' title="bbox 1922 1475 3575 1553; baseline 0 -20"><span class='ocrx_word' id='word_1_159' title='bbox 1922 1476 2028 1549; x_wconf 91' lang='lat' dir='ltr'><strong>ligi</strong></span> <span class='ocrx_word' id='word_1_160' title='bbox 2080 1509 2135 1519; x_wconf 88' lang='lat'><strong>-—</strong></span> <span class='ocrx_word' id='word_1_161' title='bbox 2166 1493 2501 1538; x_wconf 90' lang='lat' dir='ltr'><strong>numerum</strong></span> <span class='ocrx_word' id='word_1_162' title='bbox 2550 1481 2859 1553; x_wconf 89' lang='lat' dir='ltr'><strong>pluralem</strong></span> <span class='ocrx_word' id='word_1_163' title='bbox 2905 1494 3020 1553; x_wconf 93' lang='lat' dir='ltr'><strong>pro</strong></span> <span class='ocrx_word' id='word_1_164' title='bbox 3066 1476 3366 1550; x_wconf 89' lang='lat' dir='ltr'><strong>singulari</strong></span> <span class='ocrx_word' id='word_1_165' title='bbox 3404 1475 3575 1549; x_wconf 82' lang='lat' dir='ltr'><strong>posi-</strong></span> 
     </span>
    </p>
   </div>
   <div class='ocr_carea' id='block_1_29' title="bbox 1922 1574 3569 1651">
    <p class='ocr_par' dir='ltr' id='par_1_29' title="bbox 1922 1574 3569 1651">
     <span class='ocr_line' id='line_1_29' title="bbox 1922 1574 3569 1651; baseline -0.001 -18"><span class='ocrx_word' id='word_1_166' title='bbox 1922 1580 2054 1635; x_wconf 92' lang='lat' dir='ltr'><strong>tum</strong></span> <span class='ocrx_word' id='word_1_167' title='bbox 2098 1590 2234 1634; x_wconf 89' lang='lat' dir='ltr'><strong>esse</strong></span> <span class='ocrx_word' id='word_1_168' title='bbox 2279 1582 2499 1649; x_wconf 92' lang='lat' dir='ltr'><strong>sponte</strong></span> <span class='ocrx_word' id='word_1_169' title='bbox 2548 1578 2744 1651; x_wconf 89' lang='lat' dir='ltr'><strong>liquet</strong></span> <span class='ocrx_word' id='word_1_170' title='bbox 2798 1608 2878 1619; x_wconf 93' lang='lat'>—</span> <span class='ocrx_word' id='word_1_171' title='bbox 2925 1592 3000 1635; x_wconf 83' lang='lat' dir='ltr'><strong>ex</strong></span> <span class='ocrx_word' id='word_1_172' title='bbox 3050 1578 3212 1647; x_wconf 90' lang='lat' dir='ltr'><strong>loco,</strong></span> <span class='ocrx_word' id='word_1_173' title='bbox 3267 1574 3375 1647; x_wconf 89' lang='lat' dir='ltr'><strong>qui</strong></span> <span class='ocrx_word' id='word_1_174' title='bbox 3423 1588 3569 1632; x_wconf 91' lang='lat' dir='ltr'><strong>cum</strong></span> 
     </span>
    </p>
   </div>
   <div class='ocr_carea' id='block_1_30' title="bbox 1921 1673 3446 1749">
    <p class='ocr_par' dir='ltr' id='par_1_30' title="bbox 1921 1673 3446 1749">
     <span class='ocr_line' id='line_1_30' title="bbox 1921 1673 3446 1749; baseline -0.001 -17"><span class='ocrx_word' id='word_1_175' title='bbox 1921 1678 2136 1732; x_wconf 89' lang='lat' dir='ltr'><strong>nostro</strong></span> <span class='ocrx_word' id='word_1_176' title='bbox 2165 1674 2580 1734; x_wconf 84' lang='lat' dir='ltr'><strong>conferendus</strong></span> <span class='ocrx_word' id='word_1_177' title='bbox 2608 1682 2719 1747; x_wconf 90' lang='lat' dir='ltr'><strong>est,</strong></span> <span class='ocrx_word' id='word_1_178' title='bbox 2752 1682 3050 1749; x_wconf 89' lang='lat' dir='ltr'><strong>sequente</strong></span> <span class='ocrx_word' id='word_1_179' title='bbox 3078 1673 3446 1733; x_wconf 89' lang='lat' dir='ltr'><strong>conieceris.</strong></span> 
     </span>
    </p>
   </div>
   <div class='ocr_carea' id='block_1_31' title="bbox 138 1748 3573 1846">
    <p class='ocr_par' dir='ltr' id='par_1_31' title="bbox 138 1748 3573 1846">
     <span class='ocr_line' id='line_1_31' title="bbox 138 1748 3573 1846; baseline 0.001 -21"><span class='ocrx_word' id='word_1_180' title='bbox 138 1768 379 1827; x_wconf 88' lang='lat' dir='ltr'><strong>initum</strong></span> <span class='ocrx_word' id='word_1_181' title='bbox 433 1774 524 1826; x_wconf 90' lang='lat' dir='ltr'><strong>est</strong></span> <span class='ocrx_word' id='word_1_182' title='bbox 579 1768 740 1826; x_wconf 91' lang='lat' dir='ltr'><strong>inter</strong></span> <span class='ocrx_word' id='word_1_183' title='bbox 790 1769 1128 1828; x_wconf 87' lang='lat' dir='ltr'><strong>monachos</strong></span> <span class='ocrx_word' id='word_1_184' title='bbox 1167 1769 1502 1829; x_wconf 90' lang='lat' dir='ltr'><strong>consilium</strong></span> <span class='ocrx_word' id='word_1_185' title='bbox 1545 1801 1623 1809; x_wconf 91' lang='lat'><strong>—</strong></span> <span class='ocrx_word' id='word_1_186' title='bbox 1666 1782 1808 1826; x_wconf 91' lang='lat' dir='ltr'><strong>nam</strong></span> <span class='ocrx_word' id='word_1_187' title='bbox 1842 1748 1882 1802; x_wconf 76' lang='grc' dir='ltr'>Β</span> <span class='ocrx_word' id='word_1_188' title='bbox 2001 1771 2241 1829; x_wconf 88' lang='lat' dir='ltr'><strong>Etenim</strong></span> <span class='ocrx_word' id='word_1_189' title='bbox 2271 1773 2493 1831; x_wconf 91' lang='lat' dir='ltr'><strong>eodem</strong></span> <span class='ocrx_word' id='word_1_190' title='bbox 2528 1788 2791 1846; x_wconf 83' lang='lat' dir='ltr'><strong>prorsus</strong></span> <span class='ocrx_word' id='word_1_191' title='bbox 2835 1748 3022 1831; x_wconf 85' lang='lat' dir='ltr'><strong>modo</strong></span> <span class='ocrx_word' id='word_1_192' title='bbox 3059 1772 3121 1832; x_wconf 92' lang='lat' dir='ltr'><strong>S.</strong></span> <span class='ocrx_word' id='word_1_193' title='bbox 3156 1771 3573 1842; x_wconf 87' lang='lat' dir='ltr'><strong>Hieronymus</strong></span> 
     </span>
    </p>
   </div>
   <div class='ocr_carea' id='block_1_32' title="bbox 139 1866 1810 1941">
    <p class='ocr_par' dir='ltr' id='par_1_32' title="bbox 139 1866 1810 1941">
     <span class='ocr_line' id='line_1_32' title="bbox 139 1866 1810 1941; baseline -0.001 -16"><span class='ocrx_word' id='word_1_194' title='bbox 139 1868 199 1925; x_wconf 90' lang='lat' dir='ltr'><strong>in</strong></span> <span class='ocrx_word' id='word_1_195' title='bbox 249 1867 491 1925; x_wconf 86' lang='lat' dir='ltr'><strong>eodem</strong></span> <span class='ocrx_word' id='word_1_196' title='bbox 541 1867 680 1925; x_wconf 90' lang='lat' dir='ltr'><strong>loco</strong></span> <span class='ocrx_word' id='word_1_197' title='bbox 728 1867 977 1925; x_wconf 88' lang='lat' dir='ltr'><strong>circiter</strong></span> <span class='ocrx_word' id='word_1_198' title='bbox 1023 1868 1300 1941; x_wconf 90' lang='lat' dir='ltr'><strong>quinque</strong></span> <span class='ocrx_word' id='word_1_199' title='bbox 1350 1868 1547 1926; x_wconf 91' lang='lat' dir='ltr'><strong>millia</strong></span> <span class='ocrx_word' id='word_1_200' title='bbox 1594 1866 1810 1924; x_wconf 87' lang='lat' dir='ltr'><strong>divisis</strong></span> 
     </span>
    </p>
   </div>
   <div class='ocr_carea' id='block_1_33' title="bbox 137 1964 1804 2038">
    <p class='ocr_par' dir='ltr' id='par_1_33' title="bbox 137 1964 1804 2038">
     <span class='ocr_line' id='line_1_33' title="bbox 137 1964 1804 2038; baseline -0.001 -16"><span class='ocrx_word' id='word_1_201' title='bbox 137 1964 398 2023; x_wconf 87' lang='lat' dir='ltr'><strong>cellulis</strong></span> <span class='ocrx_word' id='word_1_202' title='bbox 458 1964 824 2023; x_wconf 88' lang='lat' dir='ltr'><strong>habitabant</strong></span> <span class='ocrx_word' id='word_1_203' title='bbox 876 1997 954 2006; x_wconf 94' lang='lat'><strong><em>—</em></strong></span> <span class='ocrx_word' id='word_1_204' title='bbox 1002 1965 1153 2038; x_wconf 91' lang='lat' dir='ltr'><strong>quid</strong></span> <span class='ocrx_word' id='word_1_205' title='bbox 1211 1965 1371 2023; x_wconf 84' lang='lat' dir='ltr'><strong>facto</strong></span> <span class='ocrx_word' id='word_1_206' title='bbox 1410 1980 1569 2038; x_wconf 91' lang='lat' dir='ltr'><strong>opus</strong></span> <span class='ocrx_word' id='word_1_207' title='bbox 1621 1968 1804 2024; x_wconf 83' lang='lat' dir='ltr'><strong>esset.</strong></span> 
     </span>
    </p>
   </div>
   <div class='ocr_carea' id='block_1_34' title="bbox 138 2062 1801 2135">
    <p class='ocr_par' dir='ltr' id='par_1_34' title="bbox 138 2062 1801 2135">
     <span class='ocr_line' id='line_1_34' title="bbox 138 2062 1801 2135; baseline -0.002 -14"><span class='ocrx_word' id='word_1_208' title='bbox 138 2064 254 2121; x_wconf 81' lang='lat' dir='ltr'><strong>Alii</strong></span> <span class='ocrx_word' id='word_1_209' title='bbox 321 2062 716 2135; x_wconf 85' lang='lat' dir='ltr'><strong>pauperibus</strong></span> <span class='ocrx_word' id='word_1_210' title='bbox 773 2062 1241 2122; x_wconf 87' lang='lat' dir='ltr'><strong>distribuendos</strong></span> <span class='ocrx_word' id='word_1_211' title='bbox 1301 2078 1434 2122; x_wconf 88' lang='lat' dir='ltr'><strong>esse</strong></span> <span class='ocrx_word' id='word_1_212' title='bbox 1490 2064 1801 2129; x_wconf 89' lang='lat' dir='ltr'><strong>dicebant,</strong></span> 
     </span>
    </p>
   </div>
   <div class='ocr_carea' id='block_1_35' title="bbox 134 2159 1807 2233">
    <p class='ocr_par' dir='ltr' id='par_1_35' title="bbox 134 2159 1807 2233">
     <span class='ocr_line' id='line_1_35' title="bbox 134 2159 1807 2233; baseline -0.001 -15"><span class='ocrx_word' id='word_1_213' title='bbox 134 2161 234 2218; x_wconf 88' lang='lat' dir='ltr'><strong>alii</strong></span> <span class='ocrx_word' id='word_1_214' title='bbox 304 2160 549 2218; x_wconf 90' lang='lat' dir='ltr'><strong>dandos</strong></span> <span class='ocrx_word' id='word_1_215' title='bbox 600 2159 919 2227; x_wconf 90' lang='lat' dir='ltr'><strong>ecclesiae,</strong></span> <span class='ocrx_word' id='word_1_216' title='bbox 975 2160 1259 2219; x_wconf 89' lang='lat' dir='ltr'><strong>nonnulli</strong></span> <span class='ocrx_word' id='word_1_217' title='bbox 1306 2161 1668 2233; x_wconf 89' lang='lat' dir='ltr'><strong>parentibus</strong></span> <span class='ocrx_word' id='word_1_218' title='bbox 1713 2174 1807 2216; x_wconf 92' lang='lat' dir='ltr'><strong>re-</strong></span> 
     </span>
    </p>
   </div>
   <div class='ocr_carea' id='block_1_36' title="bbox 136 2258 1807 2317">
    <p class='ocr_par' dir='ltr' id='par_1_36' title="bbox 136 2258 1807 2317">
     <span class='ocr_line' id='line_1_36' title="bbox 136 2258 1807 2317; baseline -0.001 0"><span class='ocrx_word' id='word_1_219' title='bbox 136 2259 510 2317; x_wconf 82' lang='lat' dir='ltr'><strong>mittendos.</strong></span> <span class='ocrx_word' id='word_1_220' title='bbox 546 2259 851 2317; x_wconf 86' lang='lat' dir='ltr'><strong>Macarius</strong></span> <span class='ocrx_word' id='word_1_221' title='bbox 888 2272 1038 2317; x_wconf 89' lang='lat' dir='ltr'><strong>vero</strong></span> <span class='ocrx_word' id='word_1_222' title='bbox 1071 2264 1130 2317; x_wconf 91' lang='lat' dir='ltr'><strong>et</strong></span> <span class='ocrx_word' id='word_1_223' title='bbox 1169 2259 1399 2317; x_wconf 89' lang='lat' dir='ltr'><strong>Pambo</strong></span> <span class='ocrx_word' id='word_1_224' title='bbox 1428 2264 1489 2317; x_wconf 88' lang='lat' dir='ltr'><strong>et</strong></span> <span class='ocrx_word' id='word_1_225' title='bbox 1532 2258 1807 2316; x_wconf 88' lang='lat' dir='ltr'><strong>Isidorus</strong></span> 
     </span>
    </p>
   </div>
   <div class='ocr_carea' id='block_1_37' title="bbox 132 2355 1806 2428">
    <p class='ocr_par' dir='ltr' id='par_1_37' title="bbox 132 2355 1806 2428">
     <span class='ocr_line' id='line_1_37' title="bbox 132 2355 1806 2428; baseline -0.001 -14"><span class='ocrx_word' id='word_1_226' title='bbox 132 2363 187 2414; x_wconf 88' lang='lat' dir='ltr'><strong>et</strong></span> <span class='ocrx_word' id='word_1_227' title='bbox 212 2355 448 2417; x_wconf 85' lang='lat' dir='ltr'><strong>ceteri.</strong></span> <span class='ocrx_word' id='word_1_228' title='bbox 491 2370 651 2428; x_wconf 91' lang='lat' dir='ltr'><strong>quos</strong></span> <span class='ocrx_word' id='word_1_229' title='bbox 683 2359 890 2428; x_wconf 89' lang='lat' dir='ltr'><strong>patres</strong></span> <span class='ocrx_word' id='word_1_230' title='bbox 920 2362 1159 2423; x_wconf 90' lang='lat' dir='ltr'><strong>vocant,</strong></span> <span class='ocrx_word' id='word_1_231' title='bbox 1204 2362 1415 2415; x_wconf 90' lang='lat' dir='ltr'><strong>sancto</strong></span> <span class='ocrx_word' id='word_1_232' title='bbox 1468 2356 1531 2414; x_wconf 92' lang='lat' dir='ltr'><strong>in</strong></span> <span class='ocrx_word' id='word_1_233' title='bbox 1572 2355 1664 2413; x_wconf 91' lang='lat' dir='ltr'><strong>eis</strong></span> <span class='ocrx_word' id='word_1_234' title='bbox 1707 2356 1806 2413; x_wconf 84' lang='lat' dir='ltr'><strong>lo-</strong></span> 
     </span>
    </p>
   </div>
   <div class='ocr_carea' id='block_1_38' title="bbox 131 2452 1807 2527">
    <p class='ocr_par' dir='ltr' id='par_1_38' title="bbox 131 2452 1807 2527">
     <span class='ocr_line' id='line_1_38' title="bbox 131 2452 1807 2527; baseline 0 -16"><span class='ocrx_word' id='word_1_235' title='bbox 131 2459 374 2527; x_wconf 85' lang='lat' dir='ltr'><strong>quente</strong></span> <span class='ocrx_word' id='word_1_236' title='bbox 435 2452 671 2524; x_wconf 89' lang='lat' dir='ltr'><strong>Spiritu</strong></span> <span class='ocrx_word' id='word_1_237' title='bbox 734 2454 1168 2525; x_wconf 89' lang='lat' dir='ltr'><strong>decreverunt,</strong></span> <span class='ocrx_word' id='word_1_238' title='bbox 1225 2452 1619 2512; x_wconf 85' lang='lat' dir='ltr'><strong>infodiendos</strong></span> <span class='ocrx_word' id='word_1_239' title='bbox 1672 2465 1807 2512; x_wconf 86' lang='lat' dir='ltr'><strong>esse</strong></span> 
     </span>
    </p>
   </div>
   <div class='ocr_carea' id='block_1_39' title="bbox 130 2550 1805 2611">
    <p class='ocr_par' dir='ltr' id='par_1_39' title="bbox 130 2550 1805 2611">
     <span class='ocr_line' id='line_1_39' title="bbox 130 2550 1805 2611; baseline -0.002 0"><span class='ocrx_word' id='word_1_240' title='bbox 130 2568 286 2611; x_wconf 86' lang='lat' dir='ltr'><strong>cum</strong></span> <span class='ocrx_word' id='word_1_241' title='bbox 320 2552 587 2609; x_wconf 90' lang='lat' dir='ltr'><strong>domino</strong></span> <span class='ocrx_word' id='word_1_242' title='bbox 632 2565 745 2610; x_wconf 89' lang='lat' dir='ltr'><strong>suo</strong></span> <span class='ocrx_word' id='word_1_243' title='bbox 784 2551 1059 2609; x_wconf 86' lang='lat' dir='ltr'><strong>dicentes</strong></span> <span class='ocrx_word' id='word_1_244' title='bbox 1092 2567 1104 2606; x_wconf 90' lang='lat'>:</span> <span class='ocrx_word' id='word_1_245' title='bbox 1148 2550 1413 2609; x_wconf 90' lang='lat' dir='ltr'><strong>Pecunia</strong></span> <span class='ocrx_word' id='word_1_246' title='bbox 1452 2558 1555 2609; x_wconf 89' lang='lat' dir='ltr'><strong>tua</strong></span> <span class='ocrx_word' id='word_1_247' title='bbox 1599 2557 1805 2609; x_wconf 90' lang='lat' dir='ltr'><strong>tecum</strong></span> 
     </span>
    </p>
   </div>
   <div class='ocr_carea' id='block_1_40' title="bbox 134 2648 1804 2720">
    <p class='ocr_par' dir='ltr' id='par_1_40' title="bbox 134 2648 1804 2720">
     <span class='ocr_line' id='line_1_40' title="bbox 134 2648 1804 2720; baseline -0.001 -13"><span class='ocrx_word' id='word_1_248' title='bbox 134 2651 207 2707; x_wconf 81' lang='lat' dir='ltr'><strong>sit</strong></span> <span class='ocrx_word' id='word_1_249' title='bbox 271 2650 337 2707; x_wconf 86' lang='lat' dir='ltr'><strong>in</strong></span> <span class='ocrx_word' id='word_1_250' title='bbox 416 2648 855 2720; x_wconf 87' lang='lat' dir='ltr'><strong>perditionem.</strong></span> <span class='ocrx_word' id='word_1_251' title='bbox 912 2649 1033 2707; x_wconf 82' lang='lat' dir='ltr'><strong>Nec</strong></span> <span class='ocrx_word' id='word_1_252' title='bbox 1064 2649 1183 2706; x_wconf 92' lang='lat' dir='ltr'><strong>hoc</strong></span> <span class='ocrx_word' id='word_1_253' title='bbox 1245 2649 1585 2707; x_wconf 89' lang='lat' dir='ltr'><strong>crudeliter</strong></span> <span class='ocrx_word' id='word_1_254' title='bbox 1642 2648 1804 2720; x_wconf 43' lang='lat' dir='ltr'><strong>quis.</strong></span> 
     </span>
    </p>
   </div>
   <div class='ocr_carea' id='block_1_41' title="bbox 131 2748 1806 2822">
    <p class='ocr_par' dir='ltr' id='par_1_41' title="bbox 131 2748 1806 2822">
     <span class='ocr_line' id='line_1_41' title="bbox 131 2748 1806 2822; baseline -0.002 -16"><span class='ocrx_word' id='word_1_255' title='bbox 131 2762 329 2822; x_wconf 88' lang='lat' dir='ltr'><strong>quam</strong></span> <span class='ocrx_word' id='word_1_256' title='bbox 366 2751 547 2820; x_wconf 89' lang='lat' dir='ltr'><strong>putet</strong></span> <span class='ocrx_word' id='word_1_257' title='bbox 595 2748 823 2805; x_wconf 89' lang='lat' dir='ltr'><strong>factum</strong></span> <span class='ocrx_word' id='word_1_258' title='bbox 859 2766 873 2805; x_wconf 86' lang='lat'>:</span> <span class='ocrx_word' id='word_1_259' title='bbox 919 2751 1126 2805; x_wconf 91' lang='lat' dir='ltr'><strong>tantus</strong></span> <span class='ocrx_word' id='word_1_260' title='bbox 1172 2754 1427 2805; x_wconf 90' lang='lat' dir='ltr'><strong>cunctos</strong></span> <span class='ocrx_word' id='word_1_261' title='bbox 1472 2760 1584 2819; x_wconf 90' lang='lat' dir='ltr'><strong>per</strong></span> <span class='ocrx_word' id='word_1_262' title='bbox 1613 2750 1806 2805; x_wconf 91' lang='lat' dir='ltr'><strong>totam</strong></span> 
     </span>
    </p>
   </div>
   <div class='ocr_carea' id='block_1_42' title="bbox 136 2844 1808 2919">
    <p class='ocr_par' dir='ltr' id='par_1_42' title="bbox 136 2844 1808 2919">
     <span class='ocr_line' id='line_1_42' title="bbox 136 2844 1808 2919; baseline -0.002 -16"><span class='ocrx_word' id='word_1_263' title='bbox 136 2848 496 2919; x_wconf 82' lang='lat' dir='ltr'><strong>Aegyptum</strong></span> <span class='ocrx_word' id='word_1_264' title='bbox 574 2849 778 2902; x_wconf 90' lang='lat' dir='ltr'><strong>terror</strong></span> <span class='ocrx_word' id='word_1_265' title='bbox 845 2844 1088 2911; x_wconf 87' lang='lat' dir='ltr'><strong>invasit,</strong></span> <span class='ocrx_word' id='word_1_266' title='bbox 1146 2852 1215 2904; x_wconf 88' lang='lat' dir='ltr'><strong>ut</strong></span> <span class='ocrx_word' id='word_1_267' title='bbox 1279 2859 1473 2902; x_wconf 92' lang='lat' dir='ltr'><strong>unum</strong></span> <span class='ocrx_word' id='word_1_268' title='bbox 1533 2844 1808 2902; x_wconf 89' lang='lat' dir='ltr'><strong>solidum</strong></span> 
     </span>
    </p>
   </div>
   <div class='ocr_carea' id='block_1_43' title="bbox 134 2940 1810 3018">
    <p class='ocr_par' dir='ltr' id='par_1_43' title="bbox 134 2940 1810 3018">
     <span class='ocr_line' id='line_1_43' title="bbox 134 2940 1810 3018; baseline -0.001 -18"><span class='ocrx_word' id='word_1_269' title='bbox 134 2944 465 3002; x_wconf 82' lang='lat' dir='ltr'><strong>dimisisse</strong></span> <span class='ocrx_word' id='word_1_270' title='bbox 496 2942 576 2999; x_wconf 90' lang='lat' dir='ltr'><strong>sit</strong></span> <span class='ocrx_word' id='word_1_271' title='bbox 602 2942 888 3000; x_wconf 90' lang='lat' dir='ltr'><strong>criminis</strong></span> <span class='ocrx_word' id='word_1_272' title='bbox 918 2940 1030 3018; x_wconf 71' lang='lat'><strong>(2).</strong></span> <span class='ocrx_word' id='word_1_273' title='bbox 1085 2966 1111 2994; x_wconf 75' lang='grc' dir='ltr'>ι)</span> <span class='ocrx_word' id='word_1_274' title='bbox 1160 2944 1497 3001; x_wconf 88' lang='lat' dir='ltr'><strong>Macarium</strong></span> <span class='ocrx_word' id='word_1_275' title='bbox 1547 2942 1810 3000; x_wconf 82' lang='lat' dir='ltr'><strong>Alexan-</strong></span> 
     </span>
    </p>
   </div>
   <div class='ocr_carea' id='block_1_44' title="bbox 136 3039 1808 3113">
    <p class='ocr_par' dir='ltr' id='par_1_44' title="bbox 136 3039 1808 3113">
     <span class='ocr_line' id='line_1_44' title="bbox 136 3039 1808 3113; baseline -0.002 -13"><span class='ocrx_word' id='word_1_276' title='bbox 136 3043 407 3101; x_wconf 88' lang='lat' dir='ltr'><strong>drinum</strong></span> <span class='ocrx_word' id='word_1_277' title='bbox 458 3040 841 3099; x_wconf 90' lang='lat' dir='ltr'><strong>Cellularum</strong></span> <span class='ocrx_word' id='word_1_278' title='bbox 889 3040 1328 3113; x_wconf 88' lang='lat' dir='ltr'><strong>presbyterum</strong></span> <span class='ocrx_word' id='word_1_279' title='bbox 1388 3040 1493 3099; x_wconf 90' lang='lat' dir='ltr'><strong>hic</strong></span> <span class='ocrx_word' id='word_1_280' title='bbox 1545 3039 1808 3112; x_wconf 83' lang='lat' dir='ltr'><strong>intelligi</strong></span> 
     </span>
    </p>
   </div>
   <div class='ocr_carea' id='block_1_45' title="bbox 138 3137 1810 3214">
    <p class='ocr_par' dir='ltr' id='par_1_45' title="bbox 138 3137 1810 3214">
     <span class='ocr_line' id='line_1_45' title="bbox 138 3137 1810 3214; baseline -0.002 -17"><span class='ocrx_word' id='word_1_281' title='bbox 138 3146 430 3214; x_wconf 85' lang='lat' dir='ltr'><strong>apparet.</strong></span> <span class='ocrx_word' id='word_1_282' title='bbox 467 3139 623 3197; x_wconf 88' lang='lat' dir='ltr'><strong>Nam</strong></span> <span class='ocrx_word' id='word_1_283' title='bbox 672 3138 737 3196; x_wconf 93' lang='lat' dir='ltr'><strong>in</strong></span> <span class='ocrx_word' id='word_1_284' title='bbox 770 3144 980 3197; x_wconf 90' lang='lat' dir='ltr'><strong>monte</strong></span> <span class='ocrx_word' id='word_1_285' title='bbox 1017 3139 1249 3197; x_wconf 88' lang='lat' dir='ltr'><strong>Nitriae</strong></span> <span class='ocrx_word' id='word_1_286' title='bbox 1296 3138 1525 3198; x_wconf 88' lang='lat' dir='ltr'><strong>Pambo</strong></span> <span class='ocrx_word' id='word_1_287' title='bbox 1573 3137 1810 3195; x_wconf 88' lang='lat' dir='ltr'><strong>habita-</strong></span> 
     </span>
    </p>
   </div>
   <div class='ocr_carea' id='block_1_46' title="bbox 141 3233 1811 3313">
    <p class='ocr_par' dir='ltr' id='par_1_46' title="bbox 141 3233 1811 3313">
     <span class='ocr_line' id='line_1_46' title="bbox 141 3233 1811 3313; baseline -0.001 -19"><span class='ocrx_word' id='word_1_288' title='bbox 141 3239 221 3297; x_wconf 87' lang='lat' dir='ltr'><strong>vit</strong></span> <span class='ocrx_word' id='word_1_289' title='bbox 278 3234 404 3313; x_wconf 84' lang='lat'><strong>(3),</strong></span> <span class='ocrx_word' id='word_1_290' title='bbox 462 3236 743 3295; x_wconf 88' lang='lat' dir='ltr'><strong>Isidorus</strong></span> <span class='ocrx_word' id='word_1_291' title='bbox 808 3238 1029 3295; x_wconf 90' lang='lat' dir='ltr'><strong>cellam</strong></span> <span class='ocrx_word' id='word_1_292' title='bbox 1086 3236 1307 3295; x_wconf 86' lang='lat' dir='ltr'><strong>habuit</strong></span> <span class='ocrx_word' id='word_1_293' title='bbox 1355 3233 1468 3313; x_wconf 77' lang='grc'>(4).</span> <span class='ocrx_word' id='word_1_294' title='bbox 1525 3235 1811 3307; x_wconf 85' lang='lat' dir='ltr'><strong>Quinque</strong></span> 
     </span>
    </p>
   </div>
   <div class='ocr_carea' id='block_1_47' title="bbox 142 3330 1811 3395">
    <p class='ocr_par' dir='ltr' id='par_1_47' title="bbox 142 3330 1811 3395">
     <span class='ocr_line' id='line_1_47' title="bbox 142 3330 1811 3395; baseline -0.001 -3"><span class='ocrx_word' id='word_1_295' title='bbox 142 3351 294 3395; x_wconf 87' lang='lat' dir='ltr'><strong>vero</strong></span> <span class='ocrx_word' id='word_1_296' title='bbox 342 3334 556 3393; x_wconf 87' lang='lat' dir='ltr'><strong>millia</strong></span> <span class='ocrx_word' id='word_1_297' title='bbox 590 3335 1041 3394; x_wconf 89' lang='lat' dir='ltr'><strong>monachorum</strong></span> <span class='ocrx_word' id='word_1_298' title='bbox 1074 3339 1352 3393; x_wconf 89' lang='lat' dir='ltr'><strong>montem</strong></span> <span class='ocrx_word' id='word_1_299' title='bbox 1384 3334 1561 3393; x_wconf 89' lang='lat' dir='ltr'><strong>illum</strong></span> <span class='ocrx_word' id='word_1_300' title='bbox 1610 3330 1811 3391; x_wconf 88' lang='lat' dir='ltr'><strong>Cellu-</strong></span> 
     </span>
    </p>
   </div>
   <div class='ocr_carea' id='block_1_48' title="bbox 142 3429 1804 3507">
    <p class='ocr_par' dir='ltr' id='par_1_48' title="bbox 142 3429 1804 3507">
     <span class='ocr_line' id='line_1_48' title="bbox 142 3429 1804 3507; baseline -0.004 -14"><span class='ocrx_word' id='word_1_301' title='bbox 142 3435 364 3507; x_wconf 85' lang='lat' dir='ltr'><strong>lasque</strong></span> <span class='ocrx_word' id='word_1_302' title='bbox 413 3433 750 3492; x_wconf 87' lang='lat' dir='ltr'><strong>incoluisse</strong></span> <span class='ocrx_word' id='word_1_303' title='bbox 802 3432 1037 3505; x_wconf 89' lang='lat' dir='ltr'><strong>pariter</strong></span> <span class='ocrx_word' id='word_1_304' title='bbox 1088 3432 1397 3491; x_wconf 89' lang='lat' dir='ltr'><strong>Palladius</strong></span> <span class='ocrx_word' id='word_1_305' title='bbox 1448 3432 1659 3491; x_wconf 89' lang='lat' dir='ltr'><strong>retulit</strong></span> <span class='ocrx_word' id='word_1_306' title='bbox 1694 3429 1804 3507; x_wconf 84' lang='lat'><strong>(5).</strong></span> 
     </span>
    </p>
   </div>
   <div class='ocr_carea' id='block_1_49' title="bbox 150 3529 1812 3601">
    <p class='ocr_par' dir='ltr' id='par_1_49' title="bbox 150 3529 1812 3601">
     <span class='ocr_line' id='line_1_49' title="bbox 150 3529 1812 3601; baseline -0.002 -9"><span class='ocrx_word' id='word_1_307' title='bbox 150 3529 325 3601; x_wconf 73' lang='grc'><strong>124</strong></span> <span class='ocrx_word' id='word_1_308' title='bbox 358 3532 656 3591; x_wconf 82' lang='lat' dir='ltr'><strong>Ceterum</strong></span> <span class='ocrx_word' id='word_1_309' title='bbox 689 3530 855 3589; x_wconf 91' lang='lat' dir='ltr'><strong>idem</strong></span> <span class='ocrx_word' id='word_1_310' title='bbox 900 3531 979 3589; x_wconf 91' lang='lat' dir='ltr'><strong>de</strong></span> <span class='ocrx_word' id='word_1_311' title='bbox 1012 3530 1246 3589; x_wconf 86' lang='lat' dir='ltr'><strong>Nitriae</strong></span> <span class='ocrx_word' id='word_1_312' title='bbox 1277 3530 1582 3589; x_wconf 91' lang='lat' dir='ltr'><strong>monacho</strong></span> <span class='ocrx_word' id='word_1_313' title='bbox 1625 3541 1812 3589; x_wconf 88' lang='lat' dir='ltr'><strong>avaro</strong></span> 
     </span>
    </p>
   </div>
   <div class='ocr_carea' id='block_1_50' title="bbox 143 3626 1579 3704">
    <p class='ocr_par' dir='ltr' id='par_1_50' title="bbox 143 3626 1579 3704">
     <span class='ocr_line' id='line_1_50' title="bbox 143 3626 1579 3704; baseline -0.004 -16"><span class='ocrx_word' id='word_1_314' title='bbox 143 3629 205 3688; x_wconf 92' lang='lat' dir='ltr'><strong>in</strong></span> <span class='ocrx_word' id='word_1_315' title='bbox 239 3630 360 3690; x_wconf 84' lang='lat' dir='ltr'><strong>VV.</strong></span> <span class='ocrx_word' id='word_1_316' title='bbox 397 3630 507 3687; x_wconf 87' lang='lat' dir='ltr'><strong>PP.</strong></span> <span class='ocrx_word' id='word_1_317' title='bbox 545 3629 744 3687; x_wconf 86' lang='lat' dir='ltr'><strong>Rosvv.</strong></span> <span class='ocrx_word' id='word_1_318' title='bbox 774 3628 939 3687; x_wconf 89' lang='lat' dir='ltr'><strong>libro</strong></span> <span class='ocrx_word' id='word_1_319' title='bbox 962 3628 1142 3687; x_wconf 90' lang='lat' dir='ltr'><strong>tertio</strong></span> <span class='ocrx_word' id='word_1_320' title='bbox 1172 3628 1439 3686; x_wconf 88' lang='lat' dir='ltr'><strong>traditur</strong></span> <span class='ocrx_word' id='word_1_321' title='bbox 1468 3626 1579 3704; x_wconf 86' lang='lat'><strong>(6).</strong></span> 
     </span>
    </p>
   </div>
   <div class='ocr_carea' id='block_1_51' title="bbox 224 3724 1804 3807">
    <p class='ocr_par' dir='ltr' id='par_1_51' title="bbox 224 3724 1804 3807">
     <span class='ocr_line' id='line_1_51' title="bbox 224 3724 1804 3807; baseline -0.003 -20"><span class='ocrx_word' id='word_1_322' title='bbox 224 3728 434 3787; x_wconf 83' lang='lat' dir='ltr'><strong>Etiam</strong></span> <span class='ocrx_word' id='word_1_323' title='bbox 468 3726 533 3784; x_wconf 92' lang='lat' dir='ltr'><strong>in</strong></span> <span class='ocrx_word' id='word_1_324' title='bbox 559 3726 824 3807; x_wconf 78' lang='lat' dir='ltr'><strong>epistola</strong></span> <span class='ocrx_word' id='word_1_325' title='bbox 870 3728 968 3798; x_wconf 79' lang='lat'><strong>58,</strong></span> <span class='ocrx_word' id='word_1_326' title='bbox 1018 3724 1185 3787; x_wconf 89' lang='lat' dir='ltr'><strong>circa</strong></span> <span class='ocrx_word' id='word_1_327' title='bbox 1228 3740 1460 3783; x_wconf 90' lang='lat' dir='ltr'><strong>annum</strong></span> <span class='ocrx_word' id='word_1_328' title='bbox 1502 3727 1616 3784; x_wconf 83' lang='lat'><strong>395</strong></span> <span class='ocrx_word' id='word_1_329' title='bbox 1656 3740 1804 3784; x_wconf 89' lang='lat' dir='ltr'><strong>con-</strong></span> 
     </span>
    </p>
   </div>
   <div class='ocr_carea' id='block_1_52' title="bbox 145 3822 1811 3898">
    <p class='ocr_par' dir='ltr' id='par_1_52' title="bbox 145 3822 1811 3898">
     <span class='ocr_line' id='line_1_52' title="bbox 145 3822 1811 3898; baseline -0.001 -15"><span class='ocrx_word' id='word_1_330' title='bbox 145 3828 411 3898; x_wconf 81' lang='lat' dir='ltr'><strong>scripta,</strong></span> <span class='ocrx_word' id='word_1_331' title='bbox 465 3825 770 3883; x_wconf 84' lang='lat' dir='ltr'><strong>Macarios</strong></span> <span class='ocrx_word' id='word_1_332' title='bbox 830 3824 891 3882; x_wconf 96' lang='grc'><strong>8.</strong></span> <span class='ocrx_word' id='word_1_333' title='bbox 952 3824 1369 3898; x_wconf 88' lang='lat' dir='ltr'><strong>Hieronymus</strong></span> <span class='ocrx_word' id='word_1_334' title='bbox 1420 3828 1617 3882; x_wconf 90' lang='lat' dir='ltr'><strong>vocat.</strong></span> <span class='ocrx_word' id='word_1_335' title='bbox 1697 3822 1811 3882; x_wconf 91' lang='lat' dir='ltr'><strong>Ubi</strong></span> 
     </span>
    </p>
   </div>
   <div class='ocr_carea' id='block_1_53' title="bbox 147 3921 1814 3996">
    <p class='ocr_par' dir='ltr' id='par_1_53' title="bbox 147 3921 1814 3996">
     <span class='ocr_line' id='line_1_53' title="bbox 147 3921 1814 3996; baseline -0.001 -16"><span class='ocrx_word' id='word_1_336' title='bbox 147 3924 305 3996; x_wconf 88' lang='lat' dir='ltr'><strong>legis</strong></span> <span class='ocrx_word' id='word_1_337' title='bbox 339 3939 353 3979; x_wconf 92' lang='lat'><strong>:</strong></span> <span class='ocrx_word' id='word_1_338' title='bbox 390 3940 418 3975; x_wconf 73' lang='grc' dir='ltr'><strong>α</strong></span> <span class='ocrx_word' id='word_1_339' title='bbox 450 3922 558 3980; x_wconf 90' lang='lat' dir='ltr'><strong>Sin</strong></span> <span class='ocrx_word' id='word_1_340' title='bbox 591 3928 798 3980; x_wconf 84' lang='lat' dir='ltr'><strong>autem</strong></span> <span class='ocrx_word' id='word_1_341' title='bbox 828 3922 1009 3993; x_wconf 90' lang='lat' dir='ltr'><strong>cupis</strong></span> <span class='ocrx_word' id='word_1_342' title='bbox 1037 3936 1171 3980; x_wconf 90' lang='lat' dir='ltr'><strong>esse</strong></span> <span class='ocrx_word' id='word_1_343' title='bbox 1200 3921 1369 3995; x_wconf 91' lang='lat' dir='ltr'><strong>quod</strong></span> <span class='ocrx_word' id='word_1_344' title='bbox 1402 3922 1655 3992; x_wconf 88' lang='lat' dir='ltr'><strong>diceris,</strong></span> <span class='ocrx_word' id='word_1_345' title='bbox 1686 3935 1814 3979; x_wconf 81' lang='lat' dir='ltr'><strong>mo-</strong></span> 
     </span>
    </p>
   </div>
   <div class='ocr_carea' id='block_1_54' title="bbox 150 4019 1815 4093">
    <p class='ocr_par' dir='ltr' id='par_1_54' title="bbox 150 4019 1815 4093">
     <span class='ocr_line' id='line_1_54' title="bbox 150 4019 1815 4093; baseline -0.002 -13"><span class='ocrx_word' id='word_1_346' title='bbox 150 4022 415 4087; x_wconf 87' lang='lat' dir='ltr'><strong>nachus,</strong></span> <span class='ocrx_word' id='word_1_347' title='bbox 476 4020 541 4077; x_wconf 90' lang='lat' dir='ltr'><strong>id</strong></span> <span class='ocrx_word' id='word_1_348' title='bbox 596 4025 689 4078; x_wconf 91' lang='lat' dir='ltr'><strong>est</strong></span> <span class='ocrx_word' id='word_1_349' title='bbox 738 4020 933 4087; x_wconf 85' lang='lat' dir='ltr'><strong>solus,</strong></span> <span class='ocrx_word' id='word_1_350' title='bbox 994 4020 1146 4093; x_wconf 92' lang='lat' dir='ltr'><strong>quid</strong></span> <span class='ocrx_word' id='word_1_351' title='bbox 1200 4020 1348 4078; x_wconf 91' lang='lat' dir='ltr'><strong>facis</strong></span> <span class='ocrx_word' id='word_1_352' title='bbox 1407 4019 1473 4078; x_wconf 90' lang='lat' dir='ltr'><strong>in</strong></span> <span class='ocrx_word' id='word_1_353' title='bbox 1526 4019 1815 4092; x_wconf 90' lang='lat' dir='ltr'><strong>urbibus,</strong></span> 
     </span>
    </p>
   </div>
   <div class='ocr_carea' id='block_1_55' title="bbox 149 4116 1818 4193">
    <p class='ocr_par' dir='ltr' id='par_1_55' title="bbox 149 4116 1818 4193">
     <span class='ocr_line' id='line_1_55' title="bbox 149 4116 1818 4193; baseline -0.002 -15"><span class='ocrx_word' id='word_1_354' title='bbox 149 4136 313 4193; x_wconf 89' lang='lat' dir='ltr'><strong>quae</strong></span> <span class='ocrx_word' id='word_1_355' title='bbox 359 4120 583 4192; x_wconf 89' lang='lat' dir='ltr'><strong>utique</strong></span> <span class='ocrx_word' id='word_1_356' title='bbox 630 4133 754 4176; x_wconf 91' lang='lat' dir='ltr'><strong>non</strong></span> <span class='ocrx_word' id='word_1_357' title='bbox 797 4123 938 4176; x_wconf 89' lang='lat' dir='ltr'><strong>sunt</strong></span> <span class='ocrx_word' id='word_1_358' title='bbox 968 4120 1245 4177; x_wconf 89' lang='lat' dir='ltr'><strong>solorum</strong></span> <span class='ocrx_word' id='word_1_359' title='bbox 1300 4116 1678 4184; x_wconf 89' lang='lat' dir='ltr'><strong>habitacula,</strong></span> <span class='ocrx_word' id='word_1_360' title='bbox 1709 4117 1818 4175; x_wconf 90' lang='lat' dir='ltr'><strong>sed</strong></span> 
     </span>
    </p>
   </div>
   <div class='ocr_carea' id='block_1_56' title="bbox 152 4214 1818 4289">
    <p class='ocr_par' dir='ltr' id='par_1_56' title="bbox 152 4214 1818 4289">
     <span class='ocr_line' id='line_1_56' title="bbox 152 4214 1818 4289; baseline -0.001 -14"><span class='ocrx_word' id='word_1_361' title='bbox 152 4219 511 4277; x_wconf 91' lang='lat' dir='ltr'><strong>multorum</strong></span> <span class='ocrx_word' id='word_1_362' title='bbox 550 4214 581 4274; x_wconf 59' lang='grc' dir='ltr'><em>ἢ</em></span> <span class='ocrx_word' id='word_1_363' title='bbox 632 4217 826 4275; x_wconf 87' lang='lat' dir='ltr'><strong>Habet</strong></span> <span class='ocrx_word' id='word_1_364' title='bbox 883 4216 1379 4289; x_wconf 89' lang='lat' dir='ltr'><strong>unumquodque</strong></span> <span class='ocrx_word' id='word_1_365' title='bbox 1427 4214 1818 4288; x_wconf 86' lang='lat' dir='ltr'><strong>propositum</strong></span> 
     </span>
    </p>
   </div>
   <div class='ocr_carea' id='block_1_57' title="bbox 157 4312 1822 4388">
    <p class='ocr_par' dir='ltr' id='par_1_57' title="bbox 157 4312 1822 4388">
     <span class='ocr_line' id='line_1_57' title="bbox 157 4312 1822 4388; baseline -0.003 -16"><span class='ocrx_word' id='word_1_366' title='bbox 157 4316 489 4388; x_wconf 87' lang='lat' dir='ltr'><strong>principes</strong></span> <span class='ocrx_word' id='word_1_367' title='bbox 544 4329 710 4374; x_wconf 92' lang='lat' dir='ltr'><strong>suos.</strong></span> <span class='ocrx_word' id='word_1_368' title='bbox 771 4314 1031 4374; x_wconf 90' lang='lat' dir='ltr'><strong>Romani</strong></span> <span class='ocrx_word' id='word_1_369' title='bbox 1089 4314 1281 4372; x_wconf 89' lang='lat' dir='ltr'><strong>duces</strong></span> <span class='ocrx_word' id='word_1_370' title='bbox 1336 4312 1662 4371; x_wconf 90' lang='lat' dir='ltr'><strong>imitentur</strong></span> <span class='ocrx_word' id='word_1_371' title='bbox 1714 4313 1822 4370; x_wconf 90' lang='lat' dir='ltr'><strong>Ca-</strong></span> 
     </span>
    </p>
   </div>
   <div class='ocr_carea' id='block_1_58' title="bbox 158 4408 2539 4488">
    <p class='ocr_par' dir='ltr' id='par_1_58' title="bbox 158 4408 2539 4488">
     <span class='ocr_line' id='line_1_58' title="bbox 158 4408 2539 4488; baseline -0.001 -17"><span class='ocrx_word' id='word_1_372' title='bbox 158 4413 397 4480; x_wconf 90' lang='lat' dir='ltr'><strong>millos,</strong></span> <span class='ocrx_word' id='word_1_373' title='bbox 447 4412 794 4485; x_wconf 86' lang='lat' dir='ltr'><strong>Fabricios,</strong></span> <span class='ocrx_word' id='word_1_374' title='bbox 825 4412 1111 4484; x_wconf 86' lang='lat' dir='ltr'><strong>Regulos,</strong></span> <span class='ocrx_word' id='word_1_375' title='bbox 1156 4410 1499 4483; x_wconf 90' lang='lat' dir='ltr'><strong>Scipiones.</strong></span> <span class='ocrx_word' id='word_1_376' title='bbox 1536 4411 1825 4469; x_wconf 86' lang='lat' dir='ltr'><strong>Philoso-</strong></span> <span class='ocrx_word' id='word_1_377' title='bbox 1864 4458 1904 4488; x_wconf 67' lang='lat' dir='ltr'><strong>n</strong></span> <span class='ocrx_word' id='word_1_378' title='bbox 1939 4412 2118 4485; x_wconf 88' lang='lat' dir='ltr'><strong>logiis</strong></span> <span class='ocrx_word' id='word_1_379' title='bbox 2166 4408 2539 4488; x_wconf 68' lang='lat' dir='ltr'><strong>[lnvectivisl</strong></span> 
     </span>
    </p>
   </div>
   <div class='ocr_carea' id='block_1_59' title="bbox 161 4509 1822 4584">
    <p class='ocr_par' dir='ltr' id='par_1_59' title="bbox 161 4509 1822 4584">
     <span class='ocr_line' id='line_1_59' title="bbox 161 4509 1822 4584; baseline -0.002 -16"><span class='ocrx_word' id='word_1_380' title='bbox 161 4512 268 4583; x_wconf 88' lang='lat' dir='ltr'><strong>phi</strong></span> <span class='ocrx_word' id='word_1_381' title='bbox 347 4516 706 4584; x_wconf 88' lang='lat' dir='ltr'><strong>proponant</strong></span> <span class='ocrx_word' id='word_1_382' title='bbox 778 4510 898 4568; x_wconf 88' lang='lat' dir='ltr'><strong>sibi</strong></span> <span class='ocrx_word' id='word_1_383' title='bbox 970 4509 1402 4581; x_wconf 85' lang='lat' dir='ltr'><strong>Pythagoram,</strong></span> <span class='ocrx_word' id='word_1_384' title='bbox 1480 4509 1822 4573; x_wconf 86' lang='lat' dir='ltr'><strong>Socratem,</strong></span> 
     </span>
    </p>
   </div>
   <div class='ocr_carea' id='block_1_60' title="bbox 164 4606 1836 4675">
    <p class='ocr_par' dir='ltr' id='par_1_60' title="bbox 164 4606 1836 4675">
     <span class='ocr_line' id='line_1_60' title="bbox 164 4606 1836 4675; baseline 0.002 -10"><span class='ocrx_word' id='word_1_385' title='bbox 164 4609 510 4675; x_wconf 85' lang='lat' dir='ltr'><strong>Platonem,</strong></span> <span class='ocrx_word' id='word_1_386' title='bbox 566 4607 979 4667; x_wconf 79' lang='lat' dir='ltr'><strong>Aristotelem.</strong></span> <span class='ocrx_word' id='word_1_387' title='bbox 1019 4608 1240 4665; x_wconf 74' lang='lat' dir='ltr'><strong>Poetae</strong></span> <span class='ocrx_word' id='word_1_388' title='bbox 1269 4606 1667 4665; x_wconf 89' lang='lat' dir='ltr'><strong>aemulentur</strong></span> <span class='ocrx_word' id='word_1_389' title='bbox 1710 4606 1836 4669; x_wconf 71' lang='lat' dir='ltr'><strong>H0-</strong></span> 
     </span>
    </p>
   </div>
   <div class='ocr_carea' id='block_1_61' title="bbox 166 4704 1831 4780">
    <p class='ocr_par' dir='ltr' id='par_1_61' title="bbox 166 4704 1831 4780">
     <span class='ocr_line' id='line_1_61' title="bbox 166 4704 1831 4780; baseline 0.001 -17"><span class='ocrx_word' id='word_1_390' title='bbox 166 4721 441 4780; x_wconf 87' lang='lat' dir='ltr'><strong>merum,</strong></span> <span class='ocrx_word' id='word_1_391' title='bbox 515 4707 866 4780; x_wconf 89' lang='lat' dir='ltr'><strong>Virgilium,</strong></span> <span class='ocrx_word' id='word_1_392' title='bbox 937 4705 1367 4772; x_wconf 86' lang='lat' dir='ltr'><strong>Menandrum,</strong></span> <span class='ocrx_word' id='word_1_393' title='bbox 1436 4704 1831 4765; x_wconf 84' lang='lat' dir='ltr'><strong>Terentium.</strong></span> 
     </span>
    </p>
   </div>
   <div class='ocr_carea' id='block_1_62' title="bbox 235 4851 1464 4928">
    <p class='ocr_par' dir='ltr' id='par_1_62' title="bbox 235 4851 1464 4928">
     <span class='ocr_line' id='line_1_62' title="bbox 235 4851 1464 4928; baseline 0 -17"><span class='ocrx_word' id='word_1_394' title='bbox 235 4859 315 4928; x_wconf 87' lang='lat' dir='ltr'><strong>(i)</strong></span> <span class='ocrx_word' id='word_1_395' title='bbox 358 4856 447 4917; x_wconf 86' lang='lat' dir='ltr'><strong>Cf.</strong></span> <span class='ocrx_word' id='word_1_396' title='bbox 483 4854 718 4926; x_wconf 81' lang='lat' dir='ltr'><strong>supra§</strong></span> <span class='ocrx_word' id='word_1_397' title='bbox 748 4858 779 4910; x_wconf 84' lang='lat'><strong>6</strong></span> <span class='ocrx_word' id='word_1_398' title='bbox 806 4870 870 4925; x_wconf 92' lang='lat' dir='ltr'><strong>p.</strong></span> <span class='ocrx_word' id='word_1_399' title='bbox 910 4853 999 4911; x_wconf 88' lang='grc'>16.</span> <span class='ocrx_word' id='word_1_400' title='bbox 1027 4853 1101 4909; x_wconf 83' lang='lat' dir='ltr'><strong>cf.</strong></span> <span class='ocrx_word' id='word_1_401' title='bbox 1132 4851 1289 4909; x_wconf 84' lang='lat' dir='ltr'><strong>infra</strong></span> <span class='ocrx_word' id='word_1_402' title='bbox 1313 4852 1341 4924; x_wconf 84' lang='lat'>§</span> <span class='ocrx_word' id='word_1_403' title='bbox 1364 4851 1464 4911; x_wconf 75' lang='lat'><strong>42.</strong></span> 
     </span>
    </p>
   </div>
   <div class='ocr_carea' id='block_1_63' title="bbox 238 4940 1676 5015">
    <p class='ocr_par' dir='ltr' id='par_1_63' title="bbox 238 4940 1676 5015">
     <span class='ocr_line' id='line_1_63' title="bbox 238 4940 1676 5015; baseline -0.001 -14"><span class='ocrx_word' id='word_1_404' title='bbox 238 4948 317 5014; x_wconf 83' lang='lat'><strong>(2)</strong></span> <span class='ocrx_word' id='word_1_405' title='bbox 345 4948 411 5003; x_wconf 89' lang='lat' dir='ltr'><strong>S.</strong></span> <span class='ocrx_word' id='word_1_406' title='bbox 453 4944 690 5001; x_wconf 90' lang='lat' dir='ltr'><strong>Hieron.</strong></span> <span class='ocrx_word' id='word_1_407' title='bbox 732 4944 888 5015; x_wconf 91' lang='lat' dir='ltr'><strong>Opp.</strong></span> <span class='ocrx_word' id='word_1_408' title='bbox 929 4942 1030 4999; x_wconf 90' lang='lat' dir='ltr'><strong>ed.</strong></span> <span class='ocrx_word' id='word_1_409' title='bbox 1090 4945 1135 4998; x_wconf 93' lang='lat' dir='ltr'><strong>l.</strong></span> <span class='ocrx_word' id='word_1_410' title='bbox 1168 4940 1238 4999; x_wconf 92' lang='lat' dir='ltr'><strong>T.</strong></span> <span class='ocrx_word' id='word_1_411' title='bbox 1274 4942 1389 5013; x_wconf 89' lang='lat' dir='ltr'><strong>ip.</strong></span> <span class='ocrx_word' id='word_1_412' title='bbox 1436 4944 1540 4997; x_wconf 79' lang='grc'>418</span> <span class='ocrx_word' id='word_1_413' title='bbox 1580 4958 1676 5013; x_wconf 92' lang='lat' dir='ltr'><strong>sq.</strong></span> 
     </span>
    </p>
   </div>
   <div class='ocr_carea' id='block_1_64' title="bbox 236 5032 1818 5106">
    <p class='ocr_par' dir='ltr' id='par_1_64' title="bbox 236 5032 1818 5106">
     <span class='ocr_line' id='line_1_64' title="bbox 236 5032 1818 5106; baseline 0.001 -16"><span class='ocrx_word' id='word_1_414' title='bbox 236 5037 313 5106; x_wconf 79' lang='lat'><strong>(3)</strong></span> <span class='ocrx_word' id='word_1_415' title='bbox 344 5034 697 5092; x_wconf 86' lang='lat' dir='ltr'><strong>Hist.Laus.</strong></span> <span class='ocrx_word' id='word_1_416' title='bbox 735 5032 836 5089; x_wconf 88' lang='lat' dir='ltr'><strong>ed.</strong></span> <span class='ocrx_word' id='word_1_417' title='bbox 874 5032 1093 5090; x_wconf 85' lang='lat' dir='ltr'><strong>Meurs.</strong></span> <span class='ocrx_word' id='word_1_418' title='bbox 1128 5046 1268 5103; x_wconf 89' lang='lat' dir='ltr'><strong>cap.</strong></span> <span class='ocrx_word' id='word_1_419' title='bbox 1300 5032 1369 5087; x_wconf 77' lang='lat' dir='ltr'><strong>l2</strong></span> <span class='ocrx_word' id='word_1_420' title='bbox 1403 5032 1560 5102; x_wconf 90' lang='lat' dir='ltr'><strong>Opp.</strong></span> <span class='ocrx_word' id='word_1_421' title='bbox 1602 5033 1818 5091; x_wconf 76' lang='lat' dir='ltr'><strong>Maura.</strong></span> 
     </span>
    </p>
   </div>
   <div class='ocr_carea' id='block_1_65' title="bbox 168 5125 611 5195">
    <p class='ocr_par' dir='ltr' id='par_1_65' title="bbox 168 5125 611 5195">
     <span class='ocr_line' id='line_1_65' title="bbox 168 5125 611 5195; baseline 0 -16"><span class='ocrx_word' id='word_1_422' title='bbox 168 5128 212 5182; x_wconf 90' lang='lat' dir='ltr'><strong>l.</strong></span> <span class='ocrx_word' id='word_1_423' title='bbox 261 5125 311 5181; x_wconf 93' lang='grc' dir='ltr'>Ι.</span> <span class='ocrx_word' id='word_1_424' title='bbox 360 5141 427 5195; x_wconf 91' lang='lat' dir='ltr'><strong>p.</strong></span> <span class='ocrx_word' id='word_1_425' title='bbox 484 5127 611 5179; x_wconf 88' lang='lat'><strong>373.</strong></span> 
     </span>
    </p>
   </div>
   <div class='ocr_carea' id='block_1_66' title="bbox 240 5210 1015 5285">
    <p class='ocr_par' dir='ltr' id='par_1_66' title="bbox 240 5210 1015 5285">
     <span class='ocr_line' id='line_1_66' title="bbox 240 5210 1015 5285; baseline -0.006 -15"><span class='ocrx_word' id='word_1_426' title='bbox 240 5212 510 5285; x_wconf 69' lang='lat' dir='ltr'><strong>(4)1bid.</strong></span> <span class='ocrx_word' id='word_1_427' title='bbox 538 5228 680 5283; x_wconf 87' lang='lat' dir='ltr'><strong>cap.</strong></span> <span class='ocrx_word' id='word_1_428' title='bbox 717 5211 744 5265; x_wconf 80' lang='grc'><strong>1</strong></span> <span class='ocrx_word' id='word_1_429' title='bbox 780 5225 846 5281; x_wconf 91' lang='lat' dir='ltr'><strong>p.</strong></span> <span class='ocrx_word' id='word_1_430' title='bbox 884 5210 1015 5265; x_wconf 77' lang='grc'>348.</span> 
     </span>
    </p>
   </div>
   <div class='ocr_carea' id='block_1_67' title="bbox 239 5301 1019 5375">
    <p class='ocr_par' dir='ltr' id='par_1_67' title="bbox 239 5301 1019 5375">
     <span class='ocr_line' id='line_1_67' title="bbox 239 5301 1019 5375; baseline -0.004 -14"><span class='ocrx_word' id='word_1_431' title='bbox 239 5306 314 5375; x_wconf 85' lang='grc'>(5)</span> <span class='ocrx_word' id='word_1_432' title='bbox 355 5303 514 5360; x_wconf 86' lang='lat' dir='ltr'><strong>Ibid.</strong></span> <span class='ocrx_word' id='word_1_433' title='bbox 552 5317 692 5372; x_wconf 85' lang='lat' dir='ltr'><strong>cap.</strong></span> <span class='ocrx_word' id='word_1_434' title='bbox 725 5303 756 5355; x_wconf 92' lang='lat'>8</span> <span class='ocrx_word' id='word_1_435' title='bbox 798 5315 862 5371; x_wconf 91' lang='lat' dir='ltr'><strong>p.</strong></span> <span class='ocrx_word' id='word_1_436' title='bbox 890 5301 1019 5358; x_wconf 87' lang='grc'>361.</span> 
     </span>
    </p>
   </div>
   <div class='ocr_carea' id='block_1_68' title="bbox 243 5386 1818 5463">
    <p class='ocr_par' dir='ltr' id='par_1_68' title="bbox 243 5386 1818 5463">
     <span class='ocr_line' id='line_1_68' title="bbox 243 5386 1818 5463; baseline -0.004 -13"><span class='ocrx_word' id='word_1_437' title='bbox 243 5394 317 5463; x_wconf 89' lang='lat'><strong>(6)</strong></span> <span class='ocrx_word' id='word_1_438' title='bbox 350 5392 461 5448; x_wconf 74' lang='grc' dir='ltr'><strong>νγ.</strong></span> <span class='ocrx_word' id='word_1_439' title='bbox 500 5391 604 5448; x_wconf 88' lang='lat' dir='ltr'><strong>PP.</strong></span> <span class='ocrx_word' id='word_1_440' title='bbox 643 5388 982 5446; x_wconf 84' lang='lat' dir='ltr'><strong>Rosw.lib.</strong></span> <span class='ocrx_word' id='word_1_441' title='bbox 1024 5389 1094 5444; x_wconf 89' lang='lat' dir='ltr'><strong>[ll</strong></span> <span class='ocrx_word' id='word_1_442' title='bbox 1130 5404 1269 5460; x_wconf 86' lang='lat' dir='ltr'><strong>cap.</strong></span> <span class='ocrx_word' id='word_1_443' title='bbox 1326 5391 1428 5443; x_wconf 75' lang='grc'><strong>219</strong></span> <span class='ocrx_word' id='word_1_444' title='bbox 1475 5403 1540 5457; x_wconf 90' lang='lat' dir='ltr'><strong>p.</strong></span> <span class='ocrx_word' id='word_1_445' title='bbox 1587 5390 1710 5453; x_wconf 84' lang='lat'><strong>533,</strong></span> <span class='ocrx_word' id='word_1_446' title='bbox 1760 5386 1818 5444; x_wconf 83' lang='grc'><strong>1.</strong></span> 
     </span>
    </p>
   </div>
   <div class='ocr_carea' id='block_1_69' title="bbox 247 5478 1574 5552">
    <p class='ocr_par' dir='ltr' id='par_1_69' title="bbox 247 5478 1574 5552">
     <span class='ocr_line' id='line_1_69' title="bbox 247 5478 1574 5552; baseline -0.005 -14"><span class='ocrx_word' id='word_1_447' title='bbox 247 5484 327 5552; x_wconf 82' lang='lat'><strong>(7)</strong></span> <span class='ocrx_word' id='word_1_448' title='bbox 360 5483 423 5536; x_wconf 90' lang='grc'><strong>8.</strong></span> <span class='ocrx_word' id='word_1_449' title='bbox 476 5481 716 5537; x_wconf 86' lang='lat' dir='ltr'><strong>Hieron.</strong></span> <span class='ocrx_word' id='word_1_450' title='bbox 757 5480 916 5550; x_wconf 90' lang='lat' dir='ltr'><strong>Opp.</strong></span> <span class='ocrx_word' id='word_1_451' title='bbox 960 5478 1061 5535; x_wconf 91' lang='lat' dir='ltr'><strong>ed.</strong></span> <span class='ocrx_word' id='word_1_452' title='bbox 1099 5478 1148 5534; x_wconf 88' lang='grc' dir='ltr'>Ι.</span> <span class='ocrx_word' id='word_1_453' title='bbox 1186 5480 1253 5535; x_wconf 91' lang='grc' dir='ltr'>Τ.</span> <span class='ocrx_word' id='word_1_454' title='bbox 1287 5478 1402 5548; x_wconf 86' lang='lat' dir='ltr'><strong>1p.</strong></span> <span class='ocrx_word' id='word_1_455' title='bbox 1443 5480 1574 5533; x_wconf 87' lang='lat'><strong>583.</strong></span> 
     </span>
    </p>
   </div>
   <div class='ocr_carea' id='block_1_70' title="bbox 250 5563 1821 5642">
    <p class='ocr_par' dir='ltr' id='par_1_70' title="bbox 250 5563 1821 5642">
     <span class='ocr_line' id='line_1_70' title="bbox 250 5563 1821 5642; baseline -0.003 -15"><span class='ocrx_word' id='word_1_456' title='bbox 250 5573 329 5642; x_wconf 88' lang='lat'><strong>(8)</strong></span> <span class='ocrx_word' id='word_1_457' title='bbox 362 5572 609 5631; x_wconf 78' lang='lat' dir='ltr'><strong>Sozom.</strong></span> <span class='ocrx_word' id='word_1_458' title='bbox 636 5569 784 5625; x_wconf 88' lang='lat' dir='ltr'><strong>Hist.</strong></span> <span class='ocrx_word' id='word_1_459' title='bbox 822 5566 981 5628; x_wconf 87' lang='lat' dir='ltr'><strong>Eccl.</strong></span> <span class='ocrx_word' id='word_1_460' title='bbox 1015 5567 1125 5625; x_wconf 88' lang='lat' dir='ltr'><strong>lib.</strong></span> <span class='ocrx_word' id='word_1_461' title='bbox 1166 5566 1237 5623; x_wconf 84' lang='lat' dir='ltr'><strong>ill</strong></span> <span class='ocrx_word' id='word_1_462' title='bbox 1258 5580 1397 5637; x_wconf 89' lang='lat' dir='ltr'><strong>cap.</strong></span> <span class='ocrx_word' id='word_1_463' title='bbox 1436 5565 1503 5621; x_wconf 81' lang='grc'>14</span> <span class='ocrx_word' id='word_1_464' title='bbox 1540 5563 1639 5623; x_wconf 85' lang='lat' dir='ltr'><strong>ed.</strong></span> <span class='ocrx_word' id='word_1_465' title='bbox 1674 5565 1716 5621; x_wconf 85' lang='grc' dir='ltr'>Ι.</span> <span class='ocrx_word' id='word_1_466' title='bbox 1755 5580 1821 5637; x_wconf 87' lang='lat' dir='ltr'><strong>p.</strong></span> 
     </span>
    </p>
   </div>
   <div class='ocr_carea' id='block_1_71' title="bbox 178 5654 1831 5729">
    <p class='ocr_par' dir='ltr' id='par_1_71' title="bbox 178 5654 1831 5729">
     <span class='ocr_line' id='line_1_71' title="bbox 178 5654 1831 5729; baseline -0.003 -15"><span class='ocrx_word' id='word_1_467' title='bbox 178 5660 309 5717; x_wconf 79' lang='lat'><strong>520.</strong></span> <span class='ocrx_word' id='word_1_468' title='bbox 378 5656 906 5729; x_wconf 53' lang='lat' dir='ltr'><strong>Edessenumﬁdici</strong></span> <span class='ocrx_word' id='word_1_469' title='bbox 956 5654 1698 5728; x_wconf 69' lang='lat' dir='ltr'><strong>existimatﬂ‘illemontius</strong></span> <span class='ocrx_word' id='word_1_470' title='bbox 1719 5654 1831 5711; x_wconf 78' lang='lat' dir='ltr'><strong>Me-</strong></span> 
     </span>
    </p>
   </div>
   <div class='ocr_carea' id='block_1_72' title="bbox 1918 1868 3570 1943">
    <p class='ocr_par' dir='ltr' id='par_1_72' title="bbox 1918 1868 3570 1943">
     <span class='ocr_line' id='line_1_72' title="bbox 1918 1868 3570 1943; baseline -0.002 -15"><span class='ocrx_word' id='word_1_471' title='bbox 1918 1870 2256 1928; x_wconf 88' lang='lat' dir='ltr'><strong>Macarium</strong></span> <span class='ocrx_word' id='word_1_472' title='bbox 2281 1871 2342 1929; x_wconf 90' lang='lat' dir='ltr'><strong>in</strong></span> <span class='ocrx_word' id='word_1_473' title='bbox 2361 1870 2631 1943; x_wconf 90' lang='lat' dir='ltr'><strong>epistola</strong></span> <span class='ocrx_word' id='word_1_474' title='bbox 2659 1874 2789 1937; x_wconf 90' lang='lat' dir='ltr'><strong>l08,</strong></span> <span class='ocrx_word' id='word_1_475' title='bbox 2806 1886 2968 1929; x_wconf 89' lang='lat' dir='ltr'><strong>anno</strong></span> <span class='ocrx_word' id='word_1_476' title='bbox 2984 1872 3098 1930; x_wconf 69' lang='grc'><strong>404</strong></span> <span class='ocrx_word' id='word_1_477' title='bbox 3116 1870 3373 1941; x_wconf 90' lang='lat' dir='ltr'><strong>scripta,</strong></span> <span class='ocrx_word' id='word_1_478' title='bbox 3396 1868 3570 1926; x_wconf 88' lang='lat' dir='ltr'><strong>citat.</strong></span> 
     </span>
    </p>
   </div>
   <div class='ocr_carea' id='block_1_73' title="bbox 1917 1964 3571 2041">
    <p class='ocr_par' dir='ltr' id='par_1_73' title="bbox 1917 1964 3571 2041">
     <span class='ocr_line' id='line_1_73' title="bbox 1917 1964 3571 2041; baseline -0.001 -16"><span class='ocrx_word' id='word_1_479' title='bbox 1917 1966 2009 2027; x_wconf 89' lang='lat' dir='ltr'><strong>Ibi</strong></span> <span class='ocrx_word' id='word_1_480' title='bbox 2053 1982 2252 2041; x_wconf 91' lang='lat' dir='ltr'><strong>quum</strong></span> <span class='ocrx_word' id='word_1_481' title='bbox 2283 1968 2472 2027; x_wconf 89' lang='lat' dir='ltr'><strong>vitam</strong></span> <span class='ocrx_word' id='word_1_482' title='bbox 2524 1969 2744 2027; x_wconf 87' lang='lat' dir='ltr'><strong>Paulae</strong></span> <span class='ocrx_word' id='word_1_483' title='bbox 2774 1974 3144 2035; x_wconf 83' lang='lat' dir='ltr'><strong>enarrasset,</strong></span> <span class='ocrx_word' id='word_1_484' title='bbox 3179 1966 3440 2038; x_wconf 84' lang='lat' dir='ltr'><strong>eiusque</strong></span> <span class='ocrx_word' id='word_1_485' title='bbox 3472 1964 3571 2024; x_wconf 85' lang='lat' dir='ltr'><strong>iti-</strong></span> 
     </span>
    </p>
   </div>
   <div class='ocr_carea' id='block_1_74' title="bbox 1916 2062 3570 2138">
    <p class='ocr_par' dir='ltr' id='par_1_74' title="bbox 1916 2062 3570 2138">
     <span class='ocr_line' id='line_1_74' title="bbox 1916 2062 3570 2138; baseline -0.004 -13"><span class='ocrx_word' id='word_1_486' title='bbox 1916 2080 2067 2125; x_wconf 80' lang='lat' dir='ltr'><strong>nera</strong></span> <span class='ocrx_word' id='word_1_487' title='bbox 2098 2066 2201 2137; x_wconf 92' lang='lat' dir='ltr'><strong>pia</strong></span> <span class='ocrx_word' id='word_1_488' title='bbox 2242 2072 2527 2124; x_wconf 89' lang='lat' dir='ltr'><strong>accurate</strong></span> <span class='ocrx_word' id='word_1_489' title='bbox 2574 2066 3027 2138; x_wconf 86' lang='lat' dir='ltr'><strong>descripsisset,</strong></span> <span class='ocrx_word' id='word_1_490' title='bbox 3061 2064 3322 2124; x_wconf 90' lang='lat' dir='ltr'><strong>Nitriam</strong></span> <span class='ocrx_word' id='word_1_491' title='bbox 3354 2062 3570 2136; x_wconf 82' lang='lat' dir='ltr'><strong>appel—</strong></span> 
     </span>
    </p>
   </div>
   <div class='ocr_carea' id='block_1_75' title="bbox 1916 2160 3573 2237">
    <p class='ocr_par' dir='ltr' id='par_1_75' title="bbox 1916 2160 3573 2237">
     <span class='ocr_line' id='line_1_75' title="bbox 1916 2160 3573 2237; baseline -0.002 -16"><span class='ocrx_word' id='word_1_492' title='bbox 1916 2164 2001 2221; x_wconf 88' lang='lat' dir='ltr'><strong>lat</strong></span> <span class='ocrx_word' id='word_1_493' title='bbox 2040 2181 2072 2217; x_wconf 89' lang='lat'><strong>«</strong></span> <span class='ocrx_word' id='word_1_494' title='bbox 2123 2163 2428 2236; x_wconf 90' lang='lat' dir='ltr'><strong>oppidum</strong></span> <span class='ocrx_word' id='word_1_495' title='bbox 2486 2165 2753 2231; x_wconf 89' lang='lat' dir='ltr'><strong>Domini,</strong></span> <span class='ocrx_word' id='word_1_496' title='bbox 2799 2166 2864 2223; x_wconf 91' lang='lat' dir='ltr'><strong>in</strong></span> <span class='ocrx_word' id='word_1_497' title='bbox 2901 2178 3029 2237; x_wconf 93' lang='lat' dir='ltr'><strong>quo</strong></span> <span class='ocrx_word' id='word_1_498' title='bbox 3069 2162 3411 2236; x_wconf 89' lang='lat' dir='ltr'><strong>purissimo</strong></span> <span class='ocrx_word' id='word_1_499' title='bbox 3449 2160 3573 2217; x_wconf 91' lang='lat' dir='ltr'><strong>vir-</strong></span> 
     </span>
    </p>
   </div>
   <div class='ocr_carea' id='block_1_76' title="bbox 1918 2259 3574 2335">
    <p class='ocr_par' dir='ltr' id='par_1_76' title="bbox 1918 2259 3574 2335">
     <span class='ocr_line' id='line_1_76' title="bbox 1918 2259 3574 2335; baseline -0.002 -17"><span class='ocrx_word' id='word_1_500' title='bbox 1918 2266 2117 2319; x_wconf 91' lang='lat' dir='ltr'><strong>tutum</strong></span> <span class='ocrx_word' id='word_1_501' title='bbox 2165 2260 2329 2320; x_wconf 91' lang='lat' dir='ltr'><strong>nitro</strong></span> <span class='ocrx_word' id='word_1_502' title='bbox 2362 2262 2579 2321; x_wconf 89' lang='lat' dir='ltr'><strong>sordes</strong></span> <span class='ocrx_word' id='word_1_503' title='bbox 2627 2263 2914 2321; x_wconf 85' lang='lat' dir='ltr'><strong>lavantur</strong></span> <span class='ocrx_word' id='word_1_504' title='bbox 2940 2261 3223 2335; x_wconf 88' lang='lat' dir='ltr'><strong>quotidie</strong></span> <span class='ocrx_word' id='word_1_505' title='bbox 3267 2259 3574 2332; x_wconf 90' lang='lat' dir='ltr'><strong>plurimo-</strong></span> 
     </span>
    </p>
   </div>
   <div class='ocr_carea' id='block_1_77' title="bbox 1916 2357 3572 2439">
    <p class='ocr_par' dir='ltr' id='par_1_77' title="bbox 1916 2357 3572 2439">
     <span class='ocr_line' id='line_1_77' title="bbox 1916 2357 3572 2439; baseline -0.001 -23"><span class='ocrx_word' id='word_1_506' title='bbox 1916 2373 2079 2418; x_wconf 90' lang='lat' dir='ltr'><strong>rum.</strong></span> <span class='ocrx_word' id='word_1_507' title='bbox 2139 2358 2313 2428; x_wconf 87' lang='lat' dir='ltr'><strong>Quod</strong></span> <span class='ocrx_word' id='word_1_508' title='bbox 2361 2375 2506 2419; x_wconf 89' lang='lat' dir='ltr'><strong>cum</strong></span> <span class='ocrx_word' id='word_1_509' title='bbox 2563 2357 2795 2439; x_wconf 75' lang='lat' dir='ltr'><strong>[Paula]</strong></span> <span class='ocrx_word' id='word_1_510' title='bbox 2860 2360 3133 2423; x_wconf 85' lang='lat' dir='ltr'><strong>vidisset,</strong></span> <span class='ocrx_word' id='word_1_511' title='bbox 3204 2360 3572 2417; x_wconf 83' lang='lat' dir='ltr'><strong>occurrente</strong></span> 
     </span>
    </p>
   </div>
   <div class='ocr_carea' id='block_1_78' title="bbox 1916 2456 3572 2531">
    <p class='ocr_par' dir='ltr' id='par_1_78' title="bbox 1916 2456 3572 2531">
     <span class='ocr_line' id='line_1_78' title="bbox 1916 2456 3572 2531; baseline -0.001 -17"><span class='ocrx_word' id='word_1_512' title='bbox 1916 2456 2035 2515; x_wconf 88' lang='lat' dir='ltr'><strong>sibi</strong></span> <span class='ocrx_word' id='word_1_513' title='bbox 2080 2464 2291 2516; x_wconf 90' lang='lat' dir='ltr'><strong>sancto</strong></span> <span class='ocrx_word' id='word_1_514' title='bbox 2331 2463 2392 2516; x_wconf 87' lang='lat' dir='ltr'><strong>et</strong></span> <span class='ocrx_word' id='word_1_515' title='bbox 2441 2459 2782 2517; x_wconf 90' lang='lat' dir='ltr'><strong>venerabili</strong></span> <span class='ocrx_word' id='word_1_516' title='bbox 2827 2460 3125 2531; x_wconf 90' lang='lat' dir='ltr'><strong>episcopo</strong></span> <span class='ocrx_word' id='word_1_517' title='bbox 3158 2456 3395 2515; x_wconf 88' lang='lat' dir='ltr'><strong>Isidoro</strong></span> <span class='ocrx_word' id='word_1_518' title='bbox 3423 2468 3572 2513; x_wconf 91' lang='lat' dir='ltr'><strong>con-</strong></span> 
     </span>
    </p>
   </div>
   <div class='ocr_carea' id='block_1_79' title="bbox 1918 2553 3573 2615">
    <p class='ocr_par' dir='ltr' id='par_1_79' title="bbox 1918 2553 3573 2615">
     <span class='ocr_line' id='line_1_79' title="bbox 1918 2553 3573 2615; baseline -0.001 -2"><span class='ocrx_word' id='word_1_519' title='bbox 1918 2555 2150 2613; x_wconf 87' lang='lat' dir='ltr'><strong>fessore</strong></span> <span class='ocrx_word' id='word_1_520' title='bbox 2197 2561 2259 2613; x_wconf 91' lang='lat' dir='ltr'><strong>et</strong></span> <span class='ocrx_word' id='word_1_521' title='bbox 2318 2556 2523 2615; x_wconf 90' lang='lat' dir='ltr'><strong>turbis</strong></span> <span class='ocrx_word' id='word_1_522' title='bbox 2597 2556 3169 2615; x_wconf 86' lang='lat' dir='ltr'><strong>innumerabilibus</strong></span> <span class='ocrx_word' id='word_1_523' title='bbox 3230 2553 3573 2612; x_wconf 84' lang='lat' dir='ltr'><strong>monacho-</strong></span> 
     </span>
    </p>
   </div>
   <div class='ocr_carea' id='block_1_80' title="bbox 1921 2650 3576 2725">
    <p class='ocr_par' dir='ltr' id='par_1_80' title="bbox 1921 2650 3576 2725">
     <span class='ocr_line' id='line_1_80' title="bbox 1921 2650 3576 2725; baseline -0.001 -16"><span class='ocrx_word' id='word_1_524' title='bbox 1921 2667 2083 2721; x_wconf 91' lang='lat' dir='ltr'><strong>rum,</strong></span> <span class='ocrx_word' id='word_1_525' title='bbox 2116 2667 2190 2710; x_wconf 85' lang='lat' dir='ltr'><strong>ex</strong></span> <span class='ocrx_word' id='word_1_526' title='bbox 2230 2653 2463 2725; x_wconf 92' lang='lat' dir='ltr'><strong>quibus</strong></span> <span class='ocrx_word' id='word_1_527' title='bbox 2494 2653 2727 2713; x_wconf 92' lang='lat' dir='ltr'><strong>multos</strong></span> <span class='ocrx_word' id='word_1_528' title='bbox 2757 2652 3163 2713; x_wconf 86' lang='lat' dir='ltr'><strong>sacerdotalis</strong></span> <span class='ocrx_word' id='word_1_529' title='bbox 3201 2657 3262 2711; x_wconf 89' lang='lat' dir='ltr'><strong>et</strong></span> <span class='ocrx_word' id='word_1_530' title='bbox 3291 2650 3576 2710; x_wconf 88' lang='lat' dir='ltr'><strong>leviticus</strong></span> 
     </span>
    </p>
   </div>
   <div class='ocr_carea' id='block_1_81' title="bbox 1917 2749 3574 2824">
    <p class='ocr_par' dir='ltr' id='par_1_81' title="bbox 1917 2749 3574 2824">
     <span class='ocr_line' id='line_1_81' title="bbox 1917 2749 3574 2824; baseline -0.001 -17"><span class='ocrx_word' id='word_1_531' title='bbox 1917 2750 2295 2809; x_wconf 90' lang='lat' dir='ltr'><strong>sublimabat</strong></span> <span class='ocrx_word' id='word_1_532' title='bbox 2343 2753 2593 2824; x_wconf 88' lang='lat' dir='ltr'><strong>gradus,</strong></span> <span class='ocrx_word' id='word_1_533' title='bbox 2647 2753 2993 2812; x_wconf 88' lang='lat' dir='ltr'><strong>laetabatur</strong></span> <span class='ocrx_word' id='word_1_534' title='bbox 3023 2751 3282 2824; x_wconf 89' lang='lat' dir='ltr'><strong>quidem</strong></span> <span class='ocrx_word' id='word_1_535' title='bbox 3322 2750 3399 2807; x_wconf 89' lang='lat' dir='ltr'><strong>ad</strong></span> <span class='ocrx_word' id='word_1_536' title='bbox 3439 2749 3574 2821; x_wconf 89' lang='lat' dir='ltr'><strong>glo-</strong></span> 
     </span>
    </p>
   </div>
   <div class='ocr_carea' id='block_1_82' title="bbox 1919 2847 3573 2923">
    <p class='ocr_par' dir='ltr' id='par_1_82' title="bbox 1919 2847 3573 2923">
     <span class='ocr_line' id='line_1_82' title="bbox 1919 2847 3573 2923; baseline -0.001 -18"><span class='ocrx_word' id='word_1_537' title='bbox 1919 2848 2076 2906; x_wconf 91' lang='lat' dir='ltr'><strong>riam</strong></span> <span class='ocrx_word' id='word_1_538' title='bbox 2138 2850 2405 2919; x_wconf 91' lang='lat' dir='ltr'><strong>Domini,</strong></span> <span class='ocrx_word' id='word_1_539' title='bbox 2448 2851 2555 2908; x_wconf 90' lang='lat' dir='ltr'><strong>sed</strong></span> <span class='ocrx_word' id='word_1_540' title='bbox 2612 2866 2677 2909; x_wconf 92' lang='lat' dir='ltr'><strong>se</strong></span> <span class='ocrx_word' id='word_1_541' title='bbox 2734 2851 3049 2923; x_wconf 86' lang='lat' dir='ltr'><strong>indignam</strong></span> <span class='ocrx_word' id='word_1_542' title='bbox 3111 2853 3279 2907; x_wconf 89' lang='lat' dir='ltr'><strong>tanto</strong></span> <span class='ocrx_word' id='word_1_543' title='bbox 3332 2847 3573 2905; x_wconf 87' lang='lat' dir='ltr'><strong>honore</strong></span> 
     </span>
    </p>
   </div>
   <div class='ocr_carea' id='block_1_83' title="bbox 1920 2944 3574 3020">
    <p class='ocr_par' dir='ltr' id='par_1_83' title="bbox 1920 2944 3574 3020">
     <span class='ocr_line' id='line_1_83' title="bbox 1920 2944 3574 3020; baseline 0 -17"><span class='ocrx_word' id='word_1_544' title='bbox 1920 2945 2246 3004; x_wconf 83' lang='lat' dir='ltr'><strong>fatebatur.</strong></span> <span class='ocrx_word' id='word_1_545' title='bbox 2300 2947 2460 3016; x_wconf 87' lang='lat' dir='ltr'><strong>Quid</strong></span> <span class='ocrx_word' id='word_1_546' title='bbox 2512 2962 2660 3020; x_wconf 90' lang='lat' dir='ltr'><strong>ergo</strong></span> <span class='ocrx_word' id='word_1_547' title='bbox 2703 2962 2953 3006; x_wconf 89' lang='lat' dir='ltr'><strong>narrem</strong></span> <span class='ocrx_word' id='word_1_548' title='bbox 3010 2946 3326 3008; x_wconf 86' lang='lat' dir='ltr'><strong>Macarios,</strong></span> <span class='ocrx_word' id='word_1_549' title='bbox 3388 2944 3574 3003; x_wconf 89' lang='lat' dir='ltr'><strong>Arse-</strong></span> 
     </span>
    </p>
   </div>
   <div class='ocr_carea' id='block_1_84' title="bbox 1921 3039 3574 3119">
    <p class='ocr_par' dir='ltr' id='par_1_84' title="bbox 1921 3039 3574 3119">
     <span class='ocr_line' id='line_1_84' title="bbox 1921 3039 3574 3119; baseline -0.002 -18"><span class='ocrx_word' id='word_1_550' title='bbox 1921 3045 2078 3109; x_wconf 92' lang='lat' dir='ltr'><strong>nios,</strong></span> <span class='ocrx_word' id='word_1_551' title='bbox 2113 3044 2481 3116; x_wconf 88' lang='lat' dir='ltr'><strong>Serapionas</strong></span> <span class='ocrx_word' id='word_1_552' title='bbox 2527 3051 2589 3102; x_wconf 91' lang='lat' dir='ltr'><strong>et</strong></span> <span class='ocrx_word' id='word_1_553' title='bbox 2628 3045 2870 3119; x_wconf 90' lang='lat' dir='ltr'><strong>reliqua</strong></span> <span class='ocrx_word' id='word_1_554' title='bbox 2916 3045 3354 3103; x_wconf 89' lang='lat' dir='ltr'><strong>columnarum</strong></span> <span class='ocrx_word' id='word_1_555' title='bbox 3399 3039 3574 3099; x_wconf 88' lang='lat' dir='ltr'><strong>Chri-</strong></span> 
     </span>
    </p>
   </div>
   <div class='ocr_carea' id='block_1_85' title="bbox 1919 3136 3573 3209">
    <p class='ocr_par' dir='ltr' id='par_1_85' title="bbox 1919 3136 3573 3209">
     <span class='ocr_line' id='line_1_85' title="bbox 1919 3136 3573 3209; baseline -0.002 -9"><span class='ocrx_word' id='word_1_556' title='bbox 1919 3142 1997 3200; x_wconf 90' lang='lat' dir='ltr'><strong>sti</strong></span> <span class='ocrx_word' id='word_1_557' title='bbox 2027 3142 2283 3200; x_wconf 90' lang='lat' dir='ltr'><strong>nomina</strong></span> <span class='ocrx_word' id='word_1_558' title='bbox 2302 3140 2332 3201; x_wconf 75' lang='lat' dir='ltr'><strong>‘I</strong></span> <span class='ocrx_word' id='word_1_559' title='bbox 2361 3142 2551 3201; x_wconf 89' lang='lat' dir='ltr'><strong>Cuius</strong></span> <span class='ocrx_word' id='word_1_560' title='bbox 2581 3157 2702 3201; x_wconf 89' lang='lat' dir='ltr'><strong>non</strong></span> <span class='ocrx_word' id='word_1_561' title='bbox 2728 3143 2983 3201; x_wconf 91' lang='lat' dir='ltr'><strong>intravit</strong></span> <span class='ocrx_word' id='word_1_562' title='bbox 3020 3138 3192 3209; x_wconf 78' lang='grc'><strong>125</strong></span> <span class='ocrx_word' id='word_1_563' title='bbox 3222 3139 3514 3198; x_wconf 83' lang='lat' dir='ltr'><strong>cellulam</strong></span> <span class='ocrx_word' id='word_1_564' title='bbox 3543 3136 3573 3197; x_wconf 78' lang='lat' dir='ltr'><strong>‘I</strong></span> 
     </span>
    </p>
   </div>
   <div class='ocr_carea' id='block_1_86' title="bbox 1920 3232 3578 3313">
    <p class='ocr_par' dir='ltr' id='par_1_86' title="bbox 1920 3232 3578 3313">
     <span class='ocr_line' id='line_1_86' title="bbox 1920 3232 3578 3313; baseline -0.003 -16"><span class='ocrx_word' id='word_1_565' title='bbox 1920 3238 2199 3308; x_wconf 89' lang='lat' dir='ltr'><strong>Quorum</strong></span> <span class='ocrx_word' id='word_1_566' title='bbox 2252 3240 2520 3312; x_wconf 90' lang='lat' dir='ltr'><strong>pedibus</strong></span> <span class='ocrx_word' id='word_1_567' title='bbox 2566 3255 2688 3299; x_wconf 90' lang='lat' dir='ltr'><strong>non</strong></span> <span class='ocrx_word' id='word_1_568' title='bbox 2727 3240 3018 3299; x_wconf 84' lang='lat' dir='ltr'><strong>advoluta</strong></span> <span class='ocrx_word' id='word_1_569' title='bbox 3048 3246 3142 3297; x_wconf 88' lang='lat' dir='ltr'><strong>est</strong></span> <span class='ocrx_word' id='word_1_570' title='bbox 3170 3234 3259 3313; x_wconf 91' lang='lat'><strong>(9)</strong></span> <span class='ocrx_word' id='word_1_571' title='bbox 3300 3232 3331 3292; x_wconf 55' lang='grc' dir='ltr'><em>ἢ</em></span> <span class='ocrx_word' id='word_1_572' title='bbox 3386 3255 3416 3290; x_wconf 79' lang='lat' dir='ltr'><strong>n</strong></span> <span class='ocrx_word' id='word_1_573' title='bbox 3463 3234 3578 3294; x_wconf 87' lang='lat' dir='ltr'><strong>Hic</strong></span> 
     </span>
    </p>
   </div>
   <div class='ocr_carea' id='block_1_87' title="bbox 1920 3331 3578 3411">
    <p class='ocr_par' dir='ltr' id='par_1_87' title="bbox 1920 3331 3578 3411">
     <span class='ocr_line' id='line_1_87' title="bbox 1920 3331 3578 3411; baseline -0.002 -16"><span class='ocrx_word' id='word_1_574' title='bbox 1920 3337 2177 3411; x_wconf 88' lang='lat' dir='ltr'><strong>quidem</strong></span> <span class='ocrx_word' id='word_1_575' title='bbox 2227 3339 2562 3397; x_wconf 89' lang='lat' dir='ltr'><strong>Macarium</strong></span> <span class='ocrx_word' id='word_1_576' title='bbox 2611 3338 3127 3404; x_wconf 79' lang='lat' dir='ltr'><strong>Alexandrinum,</strong></span> <span class='ocrx_word' id='word_1_577' title='bbox 3174 3337 3414 3394; x_wconf 90' lang='lat' dir='ltr'><strong>clarum</strong></span> <span class='ocrx_word' id='word_1_578' title='bbox 3447 3331 3578 3393; x_wconf 87' lang='lat' dir='ltr'><strong>Cel-</strong></span> 
     </span>
    </p>
   </div>
   <div class='ocr_carea' id='block_1_88' title="bbox 1920 3432 3576 3509">
    <p class='ocr_par' dir='ltr' id='par_1_88' title="bbox 1920 3432 3576 3509">
     <span class='ocr_line' id='line_1_88' title="bbox 1920 3432 3576 3509; baseline -0.004 -14"><span class='ocrx_word' id='word_1_579' title='bbox 1920 3437 2191 3495; x_wconf 90' lang='lat' dir='ltr'><strong>lularum</strong></span> <span class='ocrx_word' id='word_1_580' title='bbox 2240 3437 2676 3509; x_wconf 86' lang='lat' dir='ltr'><strong>presbyterum</strong></span> <span class='ocrx_word' id='word_1_581' title='bbox 2715 3443 2777 3495; x_wconf 90' lang='lat' dir='ltr'><strong>et</strong></span> <span class='ocrx_word' id='word_1_582' title='bbox 2806 3437 2868 3494; x_wconf 93' lang='lat' dir='ltr'><strong>in</strong></span> <span class='ocrx_word' id='word_1_583' title='bbox 2914 3436 3146 3494; x_wconf 90' lang='lat' dir='ltr'><strong>Nitriae</strong></span> <span class='ocrx_word' id='word_1_584' title='bbox 3192 3436 3402 3491; x_wconf 91' lang='lat' dir='ltr'><strong>monte</strong></span> <span class='ocrx_word' id='word_1_585' title='bbox 3447 3432 3576 3490; x_wconf 64' lang='lat' dir='ltr'><strong>celo</strong></span> 
     </span>
    </p>
   </div>
   <div class='ocr_carea' id='block_1_89' title="bbox 1914 3531 3581 3600">
    <p class='ocr_par' dir='ltr' id='par_1_89' title="bbox 1914 3531 3581 3600">
     <span class='ocr_line' id='line_1_89' title="bbox 1914 3531 3581 3600; baseline -0.003 -8"><span class='ocrx_word' id='word_1_586' title='bbox 1914 3534 2049 3592; x_wconf 81' lang='lat' dir='ltr'><strong>lam</strong></span> <span class='ocrx_word' id='word_1_587' title='bbox 2099 3535 2431 3593; x_wconf 87' lang='lat' dir='ltr'><strong>habentem</strong></span> <span class='ocrx_word' id='word_1_588' title='bbox 2477 3535 2676 3600; x_wconf 89' lang='lat' dir='ltr'><strong>innui,</strong></span> <span class='ocrx_word' id='word_1_589' title='bbox 2730 3534 3075 3593; x_wconf 90' lang='lat' dir='ltr'><strong>verisimile</strong></span> <span class='ocrx_word' id='word_1_590' title='bbox 3116 3538 3229 3590; x_wconf 90' lang='lat' dir='ltr'><strong>est.</strong></span> <span class='ocrx_word' id='word_1_591' title='bbox 3277 3531 3448 3590; x_wconf 89' lang='lat' dir='ltr'><strong>Unde</strong></span> <span class='ocrx_word' id='word_1_592' title='bbox 3478 3545 3581 3588; x_wconf 91' lang='lat' dir='ltr'><strong>su-</strong></span> 
     </span>
    </p>
   </div>
   <div class='ocr_carea' id='block_1_90' title="bbox 1924 3627 3579 3704">
    <p class='ocr_par' dir='ltr' id='par_1_90' title="bbox 1924 3627 3579 3704">
     <span class='ocr_line' id='line_1_90' title="bbox 1924 3627 3579 3704; baseline -0.004 -13"><span class='ocrx_word' id='word_1_593' title='bbox 1924 3647 2056 3704; x_wconf 87' lang='lat' dir='ltr'><strong>pra,</strong></span> <span class='ocrx_word' id='word_1_594' title='bbox 2117 3647 2314 3704; x_wconf 91' lang='lat' dir='ltr'><strong>quum</strong></span> <span class='ocrx_word' id='word_1_595' title='bbox 2362 3634 2585 3691; x_wconf 88' lang='lat' dir='ltr'><strong>eodem</strong></span> <span class='ocrx_word' id='word_1_596' title='bbox 2646 3633 2833 3692; x_wconf 89' lang='lat' dir='ltr'><strong>modo</strong></span> <span class='ocrx_word' id='word_1_597' title='bbox 2892 3632 3248 3699; x_wconf 80' lang='lat' dir='ltr'><strong>inducatur,</strong></span> <span class='ocrx_word' id='word_1_598' title='bbox 3307 3627 3579 3688; x_wconf 88' lang='lat' dir='ltr'><strong>eundem</strong></span> 
     </span>
    </p>
   </div>
   <div class='ocr_carea' id='block_1_91' title="bbox 1924 3725 3577 3801">
    <p class='ocr_par' dir='ltr' id='par_1_91' title="bbox 1924 3725 3577 3801">
     <span class='ocr_line' id='line_1_91' title="bbox 1924 3725 3577 3801; baseline -0.002 -15"><span class='ocrx_word' id='word_1_599' title='bbox 1924 3729 2106 3801; x_wconf 89' lang='lat' dir='ltr'><strong>plane</strong></span> <span class='ocrx_word' id='word_1_600' title='bbox 2158 3730 2493 3788; x_wconf 89' lang='lat' dir='ltr'><strong>Macarium</strong></span> <span class='ocrx_word' id='word_1_601' title='bbox 2549 3727 3037 3790; x_wconf 79' lang='lat' dir='ltr'><strong>Alexandrinum</strong></span> <span class='ocrx_word' id='word_1_602' title='bbox 3094 3728 3359 3800; x_wconf 86' lang='lat' dir='ltr'><strong>intelligi</strong></span> <span class='ocrx_word' id='word_1_603' title='bbox 3408 3725 3577 3783; x_wconf 92' lang='lat' dir='ltr'><strong>haud</strong></span> 
     </span>
    </p>
   </div>
   <div class='ocr_carea' id='block_1_92' title="bbox 1926 3827 2446 3886">
    <p class='ocr_par' dir='ltr' id='par_1_92' title="bbox 1926 3827 2446 3886">
     <span class='ocr_line' id='line_1_92' title="bbox 1926 3827 2446 3886; baseline -0.002 -1"><span class='ocrx_word' id='word_1_604' title='bbox 1926 3832 2160 3885; x_wconf 91' lang='lat' dir='ltr'><strong>temere</strong></span> <span class='ocrx_word' id='word_1_605' title='bbox 2185 3827 2446 3886; x_wconf 84' lang='lat' dir='ltr'><strong>dixeris.</strong></span> 
     </span>
    </p>
   </div>
   <div class='ocr_carea' id='block_1_93' title="bbox 2008 3921 3583 3997">
    <p class='ocr_par' dir='ltr' id='par_1_93' title="bbox 2008 3921 3583 3997">
     <span class='ocr_line' id='line_1_93' title="bbox 2008 3921 3583 3997; baseline -0.004 -15"><span class='ocrx_word' id='word_1_606' title='bbox 2008 3924 2365 3984; x_wconf 90' lang='lat' dir='ltr'><strong>Prodendus</strong></span> <span class='ocrx_word' id='word_1_607' title='bbox 2408 3925 2680 3997; x_wconf 89' lang='lat' dir='ltr'><strong>denique</strong></span> <span class='ocrx_word' id='word_1_608' title='bbox 2725 3928 2814 3983; x_wconf 92' lang='lat' dir='ltr'><strong>est</strong></span> <span class='ocrx_word' id='word_1_609' title='bbox 2859 3924 3119 3982; x_wconf 92' lang='lat' dir='ltr'><strong>ultimus</strong></span> <span class='ocrx_word' id='word_1_610' title='bbox 3161 3922 3223 3981; x_wconf 92' lang='lat' dir='ltr'><strong>S.</strong></span> <span class='ocrx_word' id='word_1_611' title='bbox 3277 3921 3583 3991; x_wconf 89' lang='lat' dir='ltr'><strong>Hierony-</strong></span> 
     </span>
    </p>
   </div>
   <div class='ocr_carea' id='block_1_94' title="bbox 1928 4015 3584 4089">
    <p class='ocr_par' dir='ltr' id='par_1_94' title="bbox 1928 4015 3584 4089">
     <span class='ocr_line' id='line_1_94' title="bbox 1928 4015 3584 4089; baseline -0.005 -8"><span class='ocrx_word' id='word_1_612' title='bbox 1928 4023 2014 4081; x_wconf 92' lang='lat' dir='ltr'><strong>mi</strong></span> <span class='ocrx_word' id='word_1_613' title='bbox 2077 4023 2253 4082; x_wconf 91' lang='lat' dir='ltr'><strong>locus</strong></span> <span class='ocrx_word' id='word_1_614' title='bbox 2328 4023 2405 4081; x_wconf 92' lang='lat' dir='ltr'><strong>de</strong></span> <span class='ocrx_word' id='word_1_615' title='bbox 2467 4022 2794 4089; x_wconf 84' lang='lat' dir='ltr'><strong>Macariis;</strong></span> <span class='ocrx_word' id='word_1_616' title='bbox 2851 4036 2993 4079; x_wconf 92' lang='lat' dir='ltr'><strong>nam</strong></span> <span class='ocrx_word' id='word_1_617' title='bbox 3063 4019 3365 4079; x_wconf 81' lang='lat' dir='ltr'><strong>Macarius</strong></span> <span class='ocrx_word' id='word_1_618' title='bbox 3440 4015 3584 4074; x_wconf 63' lang='lat' dir='ltr'><strong>iste,</strong></span> 
     </span>
    </p>
   </div>
   <div class='ocr_carea' id='block_1_95' title="bbox 1928 4114 3578 4195">
    <p class='ocr_par' dir='ltr' id='par_1_95' title="bbox 1928 4114 3578 4195">
     <span class='ocr_line' id='line_1_95' title="bbox 1928 4114 3578 4195; baseline -0.004 -17"><span class='ocrx_word' id='word_1_619' title='bbox 1928 4134 2117 4193; x_wconf 91' lang='lat' dir='ltr'><strong>quem</strong></span> <span class='ocrx_word' id='word_1_620' title='bbox 2166 4121 2229 4179; x_wconf 92' lang='lat' dir='ltr'><strong>in</strong></span> <span class='ocrx_word' id='word_1_621' title='bbox 2259 4120 2583 4195; x_wconf 79' lang='lat' dir='ltr'><strong>epitaphio</strong></span> <span class='ocrx_word' id='word_1_622' title='bbox 2626 4120 2950 4179; x_wconf 88' lang='lat' dir='ltr'><strong>Marcellae</strong></span> <span class='ocrx_word' id='word_1_623' title='bbox 2986 4119 3208 4177; x_wconf 90' lang='lat' dir='ltr'><strong>viduae</strong></span> <span class='ocrx_word' id='word_1_624' title='bbox 3244 4114 3312 4175; x_wconf 92' lang='lat' dir='ltr'><strong>S.</strong></span> <span class='ocrx_word' id='word_1_625' title='bbox 3355 4115 3578 4174; x_wconf 86' lang='lat' dir='ltr'><strong>Hiero-</strong></span> 
     </span>
    </p>
   </div>
   <div class='ocr_carea' id='block_1_96' title="bbox 1931 4212 3583 4293">
    <p class='ocr_par' dir='ltr' id='par_1_96' title="bbox 1931 4212 3583 4293">
     <span class='ocr_line' id='line_1_96' title="bbox 1931 4212 3583 4293; baseline -0.005 -18"><span class='ocrx_word' id='word_1_626' title='bbox 1931 4232 2157 4290; x_wconf 89' lang='lat' dir='ltr'><strong>nymus</strong></span> <span class='ocrx_word' id='word_1_627' title='bbox 2186 4224 2363 4276; x_wconf 84' lang='lat' dir='ltr'><strong>vocat</strong></span> <span class='ocrx_word' id='word_1_628' title='bbox 2406 4216 2556 4293; x_wconf 86' lang='grc'>(10),</span> <span class='ocrx_word' id='word_1_629' title='bbox 2596 4223 2655 4276; x_wconf 88' lang='lat' dir='ltr'><strong>et</strong></span> <span class='ocrx_word' id='word_1_630' title='bbox 2698 4218 2950 4277; x_wconf 76' lang='lat' dir='ltr'><strong>Rufinus</strong></span> <span class='ocrx_word' id='word_1_631' title='bbox 2995 4218 3058 4275; x_wconf 92' lang='lat' dir='ltr'><strong>in</strong></span> <span class='ocrx_word' id='word_1_632' title='bbox 3104 4214 3489 4289; x_wconf 87' lang='lat' dir='ltr'><strong>praefatione</strong></span> <span class='ocrx_word' id='word_1_633' title='bbox 3519 4212 3583 4268; x_wconf 91' lang='lat' dir='ltr'><strong>in</strong></span> 
     </span>
    </p>
   </div>
   <div class='ocr_carea' id='block_1_97' title="bbox 1933 4310 3583 4390">
    <p class='ocr_par' dir='ltr' id='par_1_97' title="bbox 1933 4310 3583 4390">
     <span class='ocr_line' id='line_1_97' title="bbox 1933 4310 3583 4390; baseline -0.005 -16"><span class='ocrx_word' id='word_1_634' title='bbox 1933 4314 2212 4387; x_wconf 88' lang='lat' dir='ltr'><strong>Origenis</strong></span> <span class='ocrx_word' id='word_1_635' title='bbox 2242 4315 2440 4374; x_wconf 91' lang='lat' dir='ltr'><strong>libros</strong></span> <span class='ocrx_word' id='word_1_636' title='bbox 2472 4317 2596 4386; x_wconf 77' lang='grc' dir='ltr'><strong>Περὶ</strong></span> <span class='ocrx_word' id='word_1_637' title='bbox 2626 4312 2805 4384; x_wconf 80' lang='grc' dir='ltr'><strong>ἀρχῶν</strong></span> <span class='ocrx_word' id='word_1_638' title='bbox 2839 4313 2992 4390; x_wconf 89' lang='grc'>(11),</span> <span class='ocrx_word' id='word_1_639' title='bbox 3026 4328 3138 4372; x_wconf 90' lang='lat' dir='ltr'><strong>nec</strong></span> <span class='ocrx_word' id='word_1_640' title='bbox 3173 4326 3293 4371; x_wconf 93' lang='lat' dir='ltr'><strong>non</strong></span> <span class='ocrx_word' id='word_1_641' title='bbox 3324 4312 3388 4369; x_wconf 92' lang='lat' dir='ltr'><strong>in</strong></span> <span class='ocrx_word' id='word_1_642' title='bbox 3423 4310 3583 4380; x_wconf 89' lang='lat' dir='ltr'><strong>Apo-</strong></span> 
     </span>
    </p>
   </div>
   <div class='ocr_carea' id='block_1_98' title="bbox 2600 4406 3582 4489">
    <p class='ocr_par' dir='ltr' id='par_1_98' title="bbox 2600 4406 3582 4489">
     <span class='ocr_line' id='line_1_98' title="bbox 2600 4406 3582 4489; baseline -0.005 -21"><span class='ocrx_word' id='word_1_643' title='bbox 2600 4411 2807 4470; x_wconf 89' lang='lat' dir='ltr'><strong>laudat</strong></span> <span class='ocrx_word' id='word_1_644' title='bbox 2861 4410 3010 4489; x_wconf 75' lang='grc'>(12),</span> <span class='ocrx_word' id='word_1_645' title='bbox 3072 4410 3414 4483; x_wconf 84' lang='lat' dir='ltr'><strong>Origenista</strong></span> <span class='ocrx_word' id='word_1_646' title='bbox 3464 4406 3582 4465; x_wconf 85' lang='lat' dir='ltr'><strong>Ru-</strong></span> 
     </span>
    </p>
   </div>
   <div class='ocr_carea' id='block_1_99' title="bbox 1939 4508 3583 4583">
    <p class='ocr_par' dir='ltr' id='par_1_99' title="bbox 1939 4508 3583 4583">
     <span class='ocr_line' id='line_1_99' title="bbox 1939 4508 3583 4583; baseline -0.003 -17"><span class='ocrx_word' id='word_1_647' title='bbox 1939 4509 2172 4581; x_wconf 85' lang='lat' dir='ltr'><strong>ﬁnique</strong></span> <span class='ocrx_word' id='word_1_648' title='bbox 2213 4508 2559 4583; x_wconf 91' lang='lat' dir='ltr'><strong>discipulus</strong></span> <span class='ocrx_word' id='word_1_649' title='bbox 2602 4510 2737 4567; x_wconf 92' lang='lat' dir='ltr'><strong>fuit.</strong></span> <span class='ocrx_word' id='word_1_650' title='bbox 2792 4510 2958 4568; x_wconf 90' lang='lat' dir='ltr'><strong>Unus</strong></span> <span class='ocrx_word' id='word_1_651' title='bbox 3018 4510 3206 4582; x_wconf 87' lang='lat' dir='ltr'><strong>igitur</strong></span> <span class='ocrx_word' id='word_1_652' title='bbox 3260 4508 3433 4565; x_wconf 90' lang='lat' dir='ltr'><strong>locus</strong></span> <span class='ocrx_word' id='word_1_653' title='bbox 3488 4518 3583 4561; x_wconf 90' lang='lat' dir='ltr'><strong>re-</strong></span> 
     </span>
    </p>
   </div>
   <div class='ocr_carea' id='block_1_100' title="bbox 1940 4601 3584 4680">
    <p class='ocr_par' dir='ltr' id='par_1_100' title="bbox 1940 4601 3584 4680">
     <span class='ocr_line' id='line_1_100' title="bbox 1940 4601 3584 4680; baseline -0.005 -15"><span class='ocrx_word' id='word_1_654' title='bbox 1940 4610 2079 4675; x_wconf 88' lang='lat' dir='ltr'><strong>stat,</strong></span> <span class='ocrx_word' id='word_1_655' title='bbox 2129 4621 2319 4679; x_wconf 92' lang='lat' dir='ltr'><strong>quem</strong></span> <span class='ocrx_word' id='word_1_656' title='bbox 2367 4607 2744 4665; x_wconf 78' lang='lat' dir='ltr'><strong>diﬁicultatis</strong></span> <span class='ocrx_word' id='word_1_657' title='bbox 2791 4607 3135 4680; x_wconf 91' lang='lat' dir='ltr'><strong>quidquam</strong></span> <span class='ocrx_word' id='word_1_658' title='bbox 3179 4604 3414 4661; x_wconf 90' lang='lat' dir='ltr'><strong>habere</strong></span> <span class='ocrx_word' id='word_1_659' title='bbox 3457 4601 3584 4657; x_wconf 91' lang='lat' dir='ltr'><strong>iam</strong></span> 
     </span>
    </p>
   </div>
   <div class='ocr_carea' id='block_1_101' title="bbox 1939 4701 3589 4781">
    <p class='ocr_par' dir='ltr' id='par_1_101' title="bbox 1939 4701 3589 4781">
     <span class='ocr_line' id='line_1_101' title="bbox 1939 4701 3589 4781; baseline -0.005 -18"><span class='ocrx_word' id='word_1_660' title='bbox 1939 4717 2129 4777; x_wconf 84' lang='lat' dir='ltr'><strong>supra</strong></span> <span class='ocrx_word' id='word_1_661' title='bbox 2180 4704 2541 4764; x_wconf 88' lang='lat' dir='ltr'><strong>monuimus</strong></span> <span class='ocrx_word' id='word_1_662' title='bbox 2582 4702 2733 4781; x_wconf 89' lang='grc'>(13),</span> <span class='ocrx_word' id='word_1_663' title='bbox 2786 4705 3009 4779; x_wconf 88' lang='lat' dir='ltr'><strong>hisque</strong></span> <span class='ocrx_word' id='word_1_664' title='bbox 3054 4701 3408 4776; x_wconf 91' lang='lat' dir='ltr'><strong>concipitur</strong></span> <span class='ocrx_word' id='word_1_665' title='bbox 3452 4712 3589 4755; x_wconf 86' lang='lat' dir='ltr'><strong>ver-</strong></span> 
     </span>
    </p>
   </div>
   <div class='ocr_carea' id='block_1_102' title="bbox 1941 4846 3589 4924">
    <p class='ocr_par' dir='ltr' id='par_1_102' title="bbox 1941 4846 3589 4924">
     <span class='ocr_line' id='line_1_102' title="bbox 1941 4846 3589 4924; baseline -0.004 -16"><span class='ocrx_word' id='word_1_666' title='bbox 1941 4852 2161 4909; x_wconf 87' lang='lat' dir='ltr'><strong>moires</strong></span> <span class='ocrx_word' id='word_1_667' title='bbox 2182 4855 2241 4908; x_wconf 90' lang='lat' dir='ltr'><strong>T.</strong></span> <span class='ocrx_word' id='word_1_668' title='bbox 2277 4852 2367 4906; x_wconf 88' lang='lat' dir='ltr'><strong>VII</strong></span> <span class='ocrx_word' id='word_1_669' title='bbox 2398 4853 2458 4907; x_wconf 90' lang='lat' dir='ltr'><strong>P.</strong></span> <span class='ocrx_word' id='word_1_670' title='bbox 2492 4852 2561 4906; x_wconf 88' lang='lat' dir='ltr'><strong>Ili</strong></span> <span class='ocrx_word' id='word_1_671' title='bbox 2587 4868 2644 4924; x_wconf 91' lang='lat' dir='ltr'><strong>p.</strong></span> <span class='ocrx_word' id='word_1_672' title='bbox 2676 4852 2814 4908; x_wconf 88' lang='grc'>1017</span> <span class='ocrx_word' id='word_1_673' title='bbox 2842 4867 2977 4922; x_wconf 86' lang='lat' dir='ltr'><strong>sqq.</strong></span> <span class='ocrx_word' id='word_1_674' title='bbox 3009 4850 3203 4905; x_wconf 79' lang='lat' dir='ltr'><strong>Alium</strong></span> <span class='ocrx_word' id='word_1_675' title='bbox 3228 4849 3474 4905; x_wconf 89' lang='lat' dir='ltr'><strong>innuere</strong></span> <span class='ocrx_word' id='word_1_676' title='bbox 3501 4846 3589 4902; x_wconf 84' lang='lat' dir='ltr'><strong>vi-</strong></span> 
     </span>
    </p>
   </div>
   <div class='ocr_carea' id='block_1_103' title="bbox 1937 4939 3363 5013">
    <p class='ocr_par' dir='ltr' id='par_1_103' title="bbox 1937 4939 3363 5013">
     <span class='ocr_line' id='line_1_103' title="bbox 1937 4939 3363 5013; baseline -0.004 -14"><span class='ocrx_word' id='word_1_677' title='bbox 1937 4941 2154 4999; x_wconf 89' lang='lat' dir='ltr'><strong>dentur</strong></span> <span class='ocrx_word' id='word_1_678' title='bbox 2184 4941 2342 4997; x_wconf 89' lang='lat' dir='ltr'><strong>docti</strong></span> <span class='ocrx_word' id='word_1_679' title='bbox 2367 4942 2599 4997; x_wconf 88' lang='lat' dir='ltr'><strong>ediores</strong></span> <span class='ocrx_word' id='word_1_680' title='bbox 2627 4941 2779 5013; x_wconf 92' lang='lat' dir='ltr'><strong>Opp.</strong></span> <span class='ocrx_word' id='word_1_681' title='bbox 2797 4942 2853 4997; x_wconf 95' lang='lat' dir='ltr'><strong>S.</strong></span> <span class='ocrx_word' id='word_1_682' title='bbox 2879 4939 3207 4995; x_wconf 73' lang='lat' dir='ltr'><strong>Hieromad</strong></span> <span class='ocrx_word' id='word_1_683' title='bbox 3233 4939 3292 4994; x_wconf 89' lang='lat' dir='ltr'><strong>h.</strong></span> <span class='ocrx_word' id='word_1_684' title='bbox 3316 4940 3363 4993; x_wconf 88' lang='grc' dir='ltr'>Ι.</span> 
     </span>
    </p>
   </div>
   <div class='ocr_carea' id='block_1_104' title="bbox 2009 5031 3220 5104">
    <p class='ocr_par' dir='ltr' id='par_1_104' title="bbox 2009 5031 3220 5104">
     <span class='ocr_line' id='line_1_104' title="bbox 2009 5031 3220 5104; baseline 0 -17"><span class='ocrx_word' id='word_1_685' title='bbox 2009 5034 2087 5104; x_wconf 90' lang='grc'>(9)</span> <span class='ocrx_word' id='word_1_686' title='bbox 2113 5032 2167 5087; x_wconf 88' lang='grc'><strong>8.</strong></span> <span class='ocrx_word' id='word_1_687' title='bbox 2192 5033 2427 5087; x_wconf 89' lang='lat' dir='ltr'><strong>Hieron.</strong></span> <span class='ocrx_word' id='word_1_688' title='bbox 2463 5034 2614 5104; x_wconf 92' lang='lat' dir='ltr'><strong>Opp.</strong></span> <span class='ocrx_word' id='word_1_689' title='bbox 2640 5032 2732 5087; x_wconf 92' lang='lat' dir='ltr'><strong>ed.</strong></span> <span class='ocrx_word' id='word_1_690' title='bbox 2769 5032 2815 5089; x_wconf 87' lang='grc'><strong>1.</strong></span> <span class='ocrx_word' id='word_1_691' title='bbox 2846 5034 2952 5088; x_wconf 91' lang='lat' dir='ltr'><strong>T.l</strong></span> <span class='ocrx_word' id='word_1_692' title='bbox 2984 5047 3049 5104; x_wconf 90' lang='lat' dir='ltr'><strong>p.</strong></span> <span class='ocrx_word' id='word_1_693' title='bbox 3093 5031 3220 5087; x_wconf 88' lang='lat'><strong>890.</strong></span> 
     </span>
    </p>
   </div>
   <div class='ocr_carea' id='block_1_105' title="bbox 2007 5118 3583 5193">
    <p class='ocr_par' dir='ltr' id='par_1_105' title="bbox 2007 5118 3583 5193">
     <span class='ocr_line' id='line_1_105' title="bbox 2007 5118 3583 5193; baseline -0.003 -16"><span class='ocrx_word' id='word_1_694' title='bbox 2007 5122 2117 5193; x_wconf 88' lang='grc'>(10)</span> <span class='ocrx_word' id='word_1_695' title='bbox 2152 5123 2206 5178; x_wconf 89' lang='grc'><strong>8.</strong></span> <span class='ocrx_word' id='word_1_696' title='bbox 2242 5122 2648 5193; x_wconf 86' lang='lat' dir='ltr'><strong>Hieron.0pp.</strong></span> <span class='ocrx_word' id='word_1_697' title='bbox 2672 5121 2769 5177; x_wconf 86' lang='lat' dir='ltr'><strong>ed.</strong></span> <span class='ocrx_word' id='word_1_698' title='bbox 2803 5121 3094 5178; x_wconf 82' lang='lat' dir='ltr'><strong>Bened.‘l‘.</strong></span> <span class='ocrx_word' id='word_1_699' title='bbox 3124 5121 3201 5174; x_wconf 90' lang='lat' dir='ltr'><strong>IV</strong></span> <span class='ocrx_word' id='word_1_700' title='bbox 3222 5120 3342 5175; x_wconf 87' lang='lat' dir='ltr'><strong>P.Ii</strong></span> <span class='ocrx_word' id='word_1_701' title='bbox 3367 5118 3583 5190; x_wconf 83' lang='lat' dir='ltr'><strong>p.782.</strong></span> 
     </span>
    </p>
   </div>
   <div class='ocr_carea' id='block_1_106' title="bbox 2007 5205 3584 5282">
    <p class='ocr_par' dir='ltr' id='par_1_106' title="bbox 2007 5205 3584 5282">
     <span class='ocr_line' id='line_1_106' title="bbox 2007 5205 3584 5282; baseline -0.003 -16"><span class='ocrx_word' id='word_1_702' title='bbox 2007 5210 2125 5282; x_wconf 89' lang='grc'>(11)</span> <span class='ocrx_word' id='word_1_703' title='bbox 2152 5214 2257 5282; x_wconf 88' lang='lat' dir='ltr'><strong>Ep.</strong></span> <span class='ocrx_word' id='word_1_704' title='bbox 2291 5211 2381 5276; x_wconf 91' lang='lat'><strong>80,</strong></span> <span class='ocrx_word' id='word_1_705' title='bbox 2395 5211 2449 5267; x_wconf 92' lang='lat' dir='ltr'><strong>S.</strong></span> <span class='ocrx_word' id='word_1_706' title='bbox 2483 5209 2719 5267; x_wconf 89' lang='lat' dir='ltr'><strong>Hieron.</strong></span> <span class='ocrx_word' id='word_1_707' title='bbox 2745 5209 3011 5281; x_wconf 89' lang='lat' dir='ltr'><strong>Opp.ed.</strong></span> <span class='ocrx_word' id='word_1_708' title='bbox 3041 5211 3228 5279; x_wconf 84' lang='lat' dir='ltr'><strong>Migne</strong></span> <span class='ocrx_word' id='word_1_709' title='bbox 3259 5210 3318 5264; x_wconf 87' lang='grc' dir='ltr'>Τ.</span> <span class='ocrx_word' id='word_1_710' title='bbox 3342 5208 3363 5263; x_wconf 88' lang='lat' dir='ltr'><strong>l</strong></span> <span class='ocrx_word' id='word_1_711' title='bbox 3384 5205 3584 5278; x_wconf 87' lang='lat' dir='ltr'><strong>p.733.</strong></span> 
     </span>
    </p>
   </div>
   <div class='ocr_carea' id='block_1_107' title="bbox 2008 5296 3586 5371">
    <p class='ocr_par' dir='ltr' id='par_1_107' title="bbox 2008 5296 3586 5371">
     <span class='ocr_line' id='line_1_107' title="bbox 2008 5296 3586 5371; baseline -0.004 -17"><span class='ocrx_word' id='word_1_712' title='bbox 2008 5298 2124 5370; x_wconf 80' lang='lat' dir='ltr'><strong>(l2)</strong></span> <span class='ocrx_word' id='word_1_713' title='bbox 2163 5299 2356 5355; x_wconf 84' lang='lat' dir='ltr'><strong>Ruﬁni</strong></span> <span class='ocrx_word' id='word_1_714' title='bbox 2383 5298 2552 5370; x_wconf 84' lang='lat' dir='ltr'><strong>Apol.</strong></span> <span class='ocrx_word' id='word_1_715' title='bbox 2576 5297 2921 5371; x_wconf 82' lang='lat' dir='ltr'><strong>[Invectiva]</strong></span> <span class='ocrx_word' id='word_1_716' title='bbox 2953 5301 3016 5353; x_wconf 86' lang='lat' dir='ltr'><strong>in</strong></span> <span class='ocrx_word' id='word_1_717' title='bbox 3054 5298 3109 5352; x_wconf 93' lang='lat' dir='ltr'><strong>S.</strong></span> <span class='ocrx_word' id='word_1_718' title='bbox 3154 5296 3586 5365; x_wconf 85' lang='lat' dir='ltr'><strong>Hieronymum</strong></span> 
     </span>
    </p>
   </div>
   <div class='ocr_carea' id='block_1_108' title="bbox 1937 5384 3581 5460">
    <p class='ocr_par' dir='ltr' id='par_1_108' title="bbox 1937 5384 3581 5460">
     <span class='ocr_line' id='line_1_108' title="bbox 1937 5384 3581 5460; baseline -0.005 -16"><span class='ocrx_word' id='word_1_719' title='bbox 1937 5386 2048 5444; x_wconf 83' lang='lat' dir='ltr'><strong>lib.</strong></span> <span class='ocrx_word' id='word_1_720' title='bbox 2088 5387 2261 5458; x_wconf 85' lang='lat' dir='ltr'><strong>Icap.</strong></span> <span class='ocrx_word' id='word_1_721' title='bbox 2290 5389 2377 5453; x_wconf 89' lang='grc'><strong>11,</strong></span> <span class='ocrx_word' id='word_1_722' title='bbox 2426 5388 2576 5460; x_wconf 90' lang='lat' dir='ltr'><strong>Opp.</strong></span> <span class='ocrx_word' id='word_1_723' title='bbox 2609 5388 2705 5443; x_wconf 86' lang='lat' dir='ltr'><strong>ed.</strong></span> <span class='ocrx_word' id='word_1_724' title='bbox 2746 5386 2997 5442; x_wconf 85' lang='lat' dir='ltr'><strong>Vallarsi</strong></span> <span class='ocrx_word' id='word_1_725' title='bbox 3038 5402 3097 5457; x_wconf 90' lang='lat' dir='ltr'><strong>p.</strong></span> <span class='ocrx_word' id='word_1_726' title='bbox 3133 5385 3257 5449; x_wconf 85' lang='grc'>316,</span> <span class='ocrx_word' id='word_1_727' title='bbox 3295 5384 3488 5453; x_wconf 85' lang='lat' dir='ltr'><strong>Migne</strong></span> <span class='ocrx_word' id='word_1_728' title='bbox 3523 5397 3581 5454; x_wconf 90' lang='lat' dir='ltr'><strong>p.</strong></span> 
     </span>
    </p>
   </div>
   <div class='ocr_carea' id='block_1_109' title="bbox 1940 5472 3415 5549">
    <p class='ocr_par' dir='ltr' id='par_1_109' title="bbox 1940 5472 3415 5549">
     <span class='ocr_line' id='line_1_109' title="bbox 1940 5472 3415 5549; baseline -0.003 -16"><span class='ocrx_word' id='word_1_729' title='bbox 1940 5476 2046 5533; x_wconf 70' lang='lat'><strong>548</strong></span> <span class='ocrx_word' id='word_1_730' title='bbox 2090 5495 2104 5545; x_wconf 88' lang='lat'><strong>;</strong></span> <span class='ocrx_word' id='word_1_731' title='bbox 2151 5478 2212 5533; x_wconf 91' lang='grc'><strong>8.</strong></span> <span class='ocrx_word' id='word_1_732' title='bbox 2244 5475 2479 5533; x_wconf 88' lang='lat' dir='ltr'><strong>Hieron.</strong></span> <span class='ocrx_word' id='word_1_733' title='bbox 2511 5476 2662 5549; x_wconf 91' lang='lat' dir='ltr'><strong>Opp.</strong></span> <span class='ocrx_word' id='word_1_734' title='bbox 2682 5476 2778 5532; x_wconf 86' lang='lat' dir='ltr'><strong>ed.</strong></span> <span class='ocrx_word' id='word_1_735' title='bbox 2806 5474 3029 5532; x_wconf 87' lang='lat' dir='ltr'><strong>Bened.</strong></span> <span class='ocrx_word' id='word_1_736' title='bbox 3062 5474 3102 5531; x_wconf 86' lang='lat'><strong>1.</strong></span> <span class='ocrx_word' id='word_1_737' title='bbox 3123 5475 3168 5531; x_wconf 86' lang='grc' dir='ltr'>Ι.</span> <span class='ocrx_word' id='word_1_738' title='bbox 3200 5490 3261 5547; x_wconf 83' lang='lat' dir='ltr'><strong>p.</strong></span> <span class='ocrx_word' id='word_1_739' title='bbox 3287 5472 3415 5529; x_wconf 81' lang='lat'><strong>360.</strong></span> 
     </span>
    </p>
   </div>
   <div class='ocr_carea' id='block_1_110' title="bbox 2018 5564 2466 5638">
    <p class='ocr_par' dir='ltr' id='par_1_110' title="bbox 2018 5564 2466 5638">
     <span class='ocr_line' id='line_1_110' title="bbox 2018 5564 2466 5638; baseline -0.004 -17"><span class='ocrx_word' id='word_1_740' title='bbox 2018 5565 2135 5637; x_wconf 72' lang='grc'>(13)</span> <span class='ocrx_word' id='word_1_741' title='bbox 2168 5564 2251 5623; x_wconf 85' lang='lat' dir='ltr'><strong>Cf.</strong></span> <span class='ocrx_word' id='word_1_742' title='bbox 2282 5565 2466 5638; x_wconf 58' lang='lat' dir='ltr'><strong>p.133.</strong></span> 
     </span>
    </p>
   </div>
  </div>
