4094 6208
518 229 621 282 119

1409 228 1514 284 SS.
1555 227 2045 286 MACABIOHUM
2087 228 2420 288 AEGYPTII
2461 232 2549 288 ET
2588 236 3075 294 ALEXANDBINI

3831 237 3956 293 120

527 357 622 416 bis
657 376 669 414 :
709 376 738 410 «
795 359 1038 416 Amatas
1069 372 1216 416 vero
1255 361 1314 415 et
1359 358 1660 417 Macarius
1705 358 1997 432 discipuli
2054 359 2168 415 An-
2201 354 2241 407 Α
2275 358 2535 419 fortasse
2587 368 2692 421 aut
2740 365 2863 423 alio
2904 368 3125 439 quovis
3171 365 3418 425 Antonii
3450 363 3757 435 discipulo
3785 377 3954 422 con-

524 456 700 526 tonii,
753 471 786 512 e
825 455 1056 526 quibus
1094 456 1388 528 superior
1421 456 1693 530 magistri
1726 471 1957 530 corpus
1994 471 2169 529 sepe-

525 553 678 622 livit,
730 553 918 609 etiam
952 568 1114 610 nunc
1170 552 1502 624 afﬁrmant,
1551 555 1805 613 Paulum
1855 555 2168 627 quendam

525 650 880 707 Thebaeum
938 651 1290 724 principem
1346 653 1522 710 istius
1575 653 1664 710 rei
1724 650 1909 728 [vitae
1959 667 2172 711 mona-

521 744 760 822 chicae]
805 748 1013 815 fuisse,
1055 762 1174 806 non
1217 750 1530 819 nominis;
1574 765 1762 824 quam
1808 750 2170 822 opinionem

509 859 635 902 .nos
680 859 931 917 quoque
972 846 1312 916 probamus
1344 845 1452 922 (l).
1501 867 1532 901 »
1587 848 1847 906 Eosdem
1899 847 2172 919 discipu-

501 943 616 1000 los
681 942 867 999 ambo
947 943 1307 1014 sepelivisse
1377 945 1712 1002 Antonium
1773 945 2036 1018 legimus
2109 944 2173 1001 in

516 1040 791 1098 Historia
823 1037 1109 1098 Lausiaca
1154 1040 1257 1117 (2),
1293 1043 1491 1100 multo
1524 1049 1660 1115 post
1689 1043 1878 1100 vitam
1927 1043 1986 1101 8.
2024 1043 2174 1101 Pau-

524 1138 588 1204 li,
625 1137 688 1194 in
718 1152 840 1209 qua
873 1138 1062 1195 verba
1093 1139 1199 1197 illa
1238 1140 1567 1207 habentur,
1603 1141 1768 1200 edita
1819 1139 1928 1216 (3).
1977 1141 2175 1210 Quan-

523 1249 713 1308 quam
763 1235 825 1292 in
866 1236 1108 1294 duabus
1144 1237 1424 1295 eiusdem
1469 1238 1528 1296 S.
1583 1239 1749 1297 Pauli
1795 1239 2033 1312 graecis
2088 1238 2177 1295 vi-

523 1332 626 1404 tis,
656 1348 811 1405 quas
849 1334 927 1391 ab
974 1334 1458 1409 Hieronymiana
1505 1336 1818 1408 profectas
1859 1351 1993 1394 esse
2037 1349 2176 1408 pro-

508 1431 840 1498 babimus,
888 1432 1138 1489 Amatae
1177 1438 1236 1489 et
1283 1435 1530 1491 Macarii
1569 1434 1893 1492 nominum
1943 1434 2177 1491 mentio

528 1542 649 1586 non
691 1528 772 1584 ﬁt.
819 1527 1109 1585 Erasmus
1139 1530 1394 1601 quidem
1427 1531 1690 1602 monuit,
1731 1532 1890 1589 vitae
1921 1531 1978 1589 8.
2016 1531 2177 1588 Pau-

527 1627 570 1683 li
605 1626 985 1697 exemplaria
1019 1627 1101 1684 ita
1138 1627 1300 1685 inter
1329 1644 1393 1686 se
1423 1629 1804 1701 discrepare,
1839 1635 1906 1686 ut
1935 1629 1994 1687 8.
2040 1628 2179 1685 Hie-

2276 459 2544 528 cinnata,
2595 461 2700 534 qui
2749 463 2890 523 ideo
2929 465 3270 537 scripserit,
3321 465 3601 522 Amatam
3631 467 3688 519 et
3738 462 3948 520 Maca-

2279 557 2444 614 rium
2502 555 2823 618 etiamnunc
2903 563 3158 621 Paulum
3246 562 3522 635 primum
3602 559 3947 616 eremitam

2279 656 2661 728 praedicare.
2712 659 2829 718 Sed
2883 676 3125 730 vereor,
3177 677 3253 719 ne
3297 659 3414 718 viri
3470 657 3635 717 docti
3690 666 3948 715 errave-

2281 753 2424 812 rint.
2467 755 2618 814 Nam
2662 757 2767 815 illa
2797 759 2987 816 verba
3019 760 3081 816 in
3127 773 3347 831 graeco
3392 757 3618 829 legeris
3645 759 3928 827 oportet.

2280 848 2348 909 ὠς
2394 848 2544 910 αὐτὸς
2573 870 2662 922 μοι
2693 847 3014 924 διηγήσατο,
3064 872 3178 930 pro
3235 857 3467 928 quibus
3513 853 3572 913 8.
3637 853 3948 925 Hierony-

2282 964 2420 1008 mus
2449 951 2635 1010 habet
2679 970 2690 1008 :
2747 973 2775 1006 «
2811 959 2877 1012 ut
2926 956 3058 1026 ipse
3089 969 3366 1013 asserere
3410 951 3668 1011 solebat.
3711 972 3732 1002 ι
3785 951 3947 1019 Quis

2281 1047 2469 1120 igitur
2498 1064 2620 1108 non
2662 1052 2893 1121 credat,
2945 1053 3008 1109 in
3057 1053 3273 1110 codice
3303 1064 3545 1124 graeco,
3581 1047 3944 1106 editoribus

2280 1147 2564 1217 testibus,
2613 1149 2878 1217 mendis,
2917 1165 3076 1223 quae
3123 1165 3198 1207 ne
3247 1150 3365 1221 ipsi
3417 1148 3674 1221 quidem
3721 1145 3944 1204 omnia

2283 1250 2718 1317 expunxerunt
2804 1247 2868 1304 in
2956 1249 3238 1306 versione
3326 1261 3436 1304 sua
3515 1244 3624 1321 (8),
3697 1249 3944 1302 scaten-

2284 1348 2344 1400 te
2389 1340 2498 1418 (9),
2535 1358 2651 1415 pro
2693 1361 2784 1411 μοι
2814 1346 3144 1417 legendum
3184 1360 3317 1402 esse
3361 1343 3449 1411 μέν
3499 1343 3510 1400 l
3557 1344 3688 1412 Quo
3732 1342 3945 1413 posito

2286 1441 2442 1498 nihil
2509 1442 2785 1512 profecto
2855 1447 3160 1514 superest,
3239 1457 3352 1500 cur
3436 1455 3574 1498 eam
3633 1439 3947 1509 Hierony-

2286 1539 2490 1596 miana
2552 1540 2966 1612 antiquiorem
3022 1540 3275 1599 dixeris.
3326 1539 3598 1597 Alteram
3648 1551 3944 1610 graecam

2288 1637 2344 1694 8.
2393 1637 2563 1695 Pauli
2609 1638 2820 1707 vitam,
2853 1639 3145 1696 Bavarica
3176 1639 3283 1696 illa
3325 1643 3386 1694 et
3438 1637 3574 1708 ipsa
3627 1633 3943 1708 Hierony-

525 1737 829 1796 ronymus
874 1724 1006 1797 ipse
1056 1725 1220 1782 idem
1265 1731 1698 1798 argumentum
1743 1728 1992 1800 saepius
2041 1726 2178 1784 aliis
2215 1724 2256 1738 ”
2287 1736 2496 1793 miana
2559 1736 3059 1809 locupletiorem,
3122 1737 3226 1794 sed
3283 1737 3361 1793 ab
3427 1732 3943 1805 Hieronymiana,

513 1821 731 1882 .verbis
770 1827 1061 1879 tractasse
1106 1827 1209 1880 aut
1239 1824 1399 1882 alius
1442 1826 1560 1883 hoc
1592 1823 1813 1882 fecisse
1853 1825 2165 1882 videatur.

521 1921 654 1991 Quo
725 1921 884 1977 facto
949 1921 1406 1981 Centuriatores
1480 1924 2034 1996 Magdeburgenses
2102 1937 2177 1981 eo

523 2020 892 2078 temeritatis
970 2021 1278 2092 progressi
1350 2026 1513 2091 sunt,
1602 2027 1668 2079 ut
1744 2021 1929 2079 vitam
2005 2021 2178 2078 illam

523 2123 952 2178 commentum
1000 2119 1330 2177 exercendi
1381 2120 1611 2193 ingenii
1656 2135 1862 2186 causa,
1923 2135 2043 2178 non
2087 2135 2178 2175 sc-

527 2218 624 2274 rio
664 2233 699 2273 a
728 2217 786 2275 S.
839 2217 1218 2288 Hieronymo
1261 2218 1685 2290 conscriptum
1731 2217 2004 2275 dixerint
2046 2214 2164 2293 (4).

533 2312 705 2382 126
763 2314 879 2372 Sed
940 2315 1299 2372 Rosweidus
1369 2317 1524 2373 bene
1587 2315 2046 2382 animadvertit,
2111 2329 2178 2373 se

522 2413 777 2488 quidem
826 2416 1056 2469 tantam
1106 2413 1462 2470 varietatem
1521 2428 1640 2471 non
1701 2414 2007 2471 invenisse
2062 2409 2173 2488 (5),

528 2512 697 2570 idem
760 2509 927 2582 quod
999 2514 1058 2566 et
1130 2509 1458 2568 Bollandus
1511 2516 1693 2582 atque
1753 2510 2178 2568 Henschenius

524 2624 600 2667 ex
654 2612 890 2684 septem
949 2612 1165 2665 octove
1222 2608 1494 2666 aliorum
1551 2609 1841 2667 codicum
1897 2616 2176 2665 veterum

526 2708 644 2764 fide
697 2711 1098 2763 asseruerunt
1154 2703 1265 2781 (6),
1321 2713 1380 2763 et
1428 2707 1547 2777 ipsi
1603 2706 1973 2765 examinatis
2029 2704 2179 2777 qui-

524 2805 789 2863 busdam
891 2802 1217 2860 codicibus
1312 2805 1820 2876 comprobamus.
1911 2803 2180 2861 Graecae

525 2916 673 2960 vero
725 2901 885 2958 duae
933 2901 989 2959 8.
1042 2901 1209 2958 Pauli
1243 2902 1401 2959 vitae
1446 2902 1634 2960 modo
1681 2917 1824 2959 cum
1878 2902 2179 2972 Hierony-

529 3000 736 3057 miana
804 2999 1160 3070 concinunt,
1236 3000 1422 3058 modo
1497 3002 1577 3058 ab
1651 3015 1722 3058 ea
1798 2999 2175 3071 discrepant,
2217 3033 2258 3090 Ο

526 3097 828 3171 ipsaeque
859 3097 1018 3154 inter
1057 3113 1122 3154 se
1155 3112 1415 3169 perraro
1453 3098 1850 3156 conveniunt.
1908 3098 1991 3155 Ex
2045 3098 2184 3168 qui-

531 3196 648 3252 bus
695 3195 887 3251 altera
918 3194 1214 3252 Bollando
1245 3200 1305 3251 et
1353 3195 1764 3260 Henschenio,
1802 3194 1910 3267 qui
1961 3208 2097 3251 eam
2150 3209 2183 3249 e

527 3292 743 3350 codice
804 3292 1094 3348 Bavarico
1151 3307 1374 3363 graeco
1443 3308 1748 3365 perquam
1818 3293 2046 3350 vitioso
2124 3293 2185 3350 in

529 3390 791 3447 latinum
854 3404 1206 3448 sermonem
1268 3406 1632 3448 conversam
1693 3391 2051 3462 ediderunt,
2104 3393 2187 3448 ob

529 3488 717 3546 verba
769 3502 930 3559 quae
979 3489 1252 3546 continet
1288 3505 1300 3545 :
1340 3508 1369 3543 «
1405 3493 1471 3546 ut
1511 3489 1776 3560 ipsemet
1827 3487 2191 3582 (AntoniuS)

531 3585 688 3643 mihi
737 3586 1014 3644 narravit
1061 3584 1172 3661 (7),
1228 3605 1249 3639 ι
1305 3586 1786 3659 Hieronymiana
1844 3587 2012 3644 Pauli
2065 3588 2188 3644 vita

543 3683 859 3759 antiquior
897 3683 1028 3742 visa
1059 3691 1169 3753 est,
1203 3690 1263 3744 et
1291 3686 1370 3743 ab
1414 3685 1554 3758 ipso
1587 3687 1799 3742 Amata
1846 3684 2187 3744 Macariove

600 4007 676 4076 (ιι)
716 4007 770 4060 s.
809 4005 1041 4058 Hieron.
1080 4005 1226 4074 Opp.
1255 4002 1351 4058 ed.
1387 4003 1612 4059 Beued.
1648 4005 1706 4057 T.
1748 4003 1815 4056 Iv
1841 4004 1896 4058 ρ.
1944 4005 1987 4057 u
2022 4004 2184 4073 p.69

605 4097 679 4164 (2)
711 4093 793 4148 Cf.
827 4109 1009 4163 supra
1041 4109 1096 4160 p.
1135 4092 1255 4146 107.

602 4182 674 4250 (3)
701 4181 757 4235 8.
795 4180 1135 4249 Hieronymi
1159 4181 1340 4235 vitam
1366 4182 1420 4233 8.
1461 4180 1623 4235 Pauli
1687 4179 1859 4249 primi
1902 4181 2182 4235 eremitae

536 4272 792 4326 editores
811 4268 1172 4323 Benedictini
1207 4269 1364 4323 circa
1391 4285 1448 4323 a.
1471 4269 1573 4322 365
1598 4267 1882 4338 scriptam
1902 4285 2032 4323 esse
2062 4270 2185 4325 exi-

533 4359 792 4414 stimant.
825 4357 906 4413 Cf.
944 4359 997 4412 S.
1032 4356 1263 4412 Hieron.
1296 4358 1439 4427 Opp.
1475 4359 1567 4412 ed.
1603 4356 1816 4412 Bened.
1852 4358 1889 4412 l.
1933 4358 1975 4413 Ι.

605 4449 680 4517 (4)
707 4449 871 4502 Cent.
903 4445 991 4513 lV,
1031 4447 1112 4499 to.

604 4538 685 4608 (5)
717 4539 779 4592 In
810 4537 987 4591 vitam
1019 4537 1072 4589 S.
1132 4535 1323 4589 Pauli.
1375 4540 1494 4590 not.
1538 4538 1590 4601 1,
1641 4537 1755 4590 VV.
1821 4539 1926 4593 PP.
1983 4541 2178 4594 Rosw.

532 4642 590 4698 p.
613 4629 700 4682 21.

602 4720 677 4790 (6)
710 4721 821 4772 AA.
853 4718 956 4771 SS.
997 4715 1136 4770 Boil.
1169 4715 1298 4771 Ian.
1341 4714 1402 4770 T.
1438 4717 1458 4769 Ι
1489 4732 1542 4784 p.
1575 4716 1702 4772 602.

605 4808 682 4878 (7)
711 4807 866 4861 lbid.
897 4805 1109 4876 p.603.

602 4896 676 4966 (8)
713 4894 1061 4950 Lambecius
1085 4895 1438 4950 Commentt.
1484 4895 1578 4949 ed.
1613 4895 1798 4950 altera
1847 4895 1909 4949 T.
1973 4895 2085 4949 Vlll
2119 4910 2176 4965 p.

534 4985 661 5040 721.

599 5074 674 5141 (9)
707 5073 826 5127 AA.
861 5071 956 5127 ss.
995 5071 1137 5127 Bolf.
1179 5071 1216 5125 1.
1246 5071 1285 5125 ι.
1321 5073 1538 5142 p.603,
1578 5074 1629 5127 1.

604 5163 715 5229 (10)
736 5162 1107 5216 Exstatenim
1125 5160 1330 5216 incod.
1350 5177 1462 5216 ms.
1480 5177 1678 5230 graec.
1703 5162 1848 5217 Bibl.
1871 5161 2180 5218 Caes.Vin-

528 5250 672 5307 dob.
711 5249 1127 5305 Nr.3801im3l
1148 5265 1204 5320 p.
1246 5249 1370 5314 237,
1395 5251 1426 5304 2
1464 5282 1526 5292 —-
1550 5251 1676 5305 267.
1711 5251 1934 5306 Prodiit
1966 5267 2181 5321 graece

533 5340 790 5396 etlatine
818 5339 929 5394 sub
961 5339 1124 5395 titulo
1153 5355 1172 5392 :
1200 5342 1349 5395 Acta
1381 5340 1614 5396 sincera
1628 5341 1685 5396 S.
1721 5342 1902 5396 Pauli
1932 5341 2184 5397 Thebaei

533 5433 914 5499 cognomento
935 5429 1119 5498 primi
1155 5430 1432 5486 eremitae
1460 5430 1897 5499 graeco-latina
1920 5447 2049 5487 eum
2087 5445 2183 5487 va-

540 5519 834 5576 riantibus
867 5519 1208 5576 lectionibus
1237 5525 1291 5576 et
1324 5519 1479 5576 notis
1519 5520 2182 5576 variorum.-Accedunt

543 5609 880 5669 dissertatio
917 5609 1360 5681 praeliminaris
1399 5611 1472 5668 de
1492 5610 1681 5667 dubiis
1713 5610 1857 5668 haec
1890 5611 2045 5666 Acta
2073 5610 2184 5665 cir-

2288 1840 2354 1891 ut
2411 1833 2588 1891 facile
2654 1835 2877 1904 elucet,
2936 1837 3301 1906 profectam,
3365 1832 3426 1890 in
3492 1831 3708 1889 codice
3793 1829 3948 1887 Cae-

2280 1945 2467 1990 sareo
2508 1931 2964 1990 Vindobonensi
3016 1931 3132 2004 ipsi
3165 1930 3476 1989 adivimus
3517 1925 3667 2002 (lO).
3704 1927 3766 1984 in
3810 1941 3942 1999 quo

2288 2031 2464 2088 locus
2490 2029 2593 2088 ille
2623 2030 2700 2088 de
2726 2031 2784 2088 8.
2815 2030 3066 2088 Antonii
3108 2027 3273 2096 127
3311 2025 3639 2100 discipulis
3679 2025 3775 2082 his
3805 2038 3947 2081 ver-

2291 2127 2386 2185 bis
2436 2143 2501 2184 se
2553 2126 2734 2183 offert
2798 2145 2809 2183 :

2290 2226 2530 2292 φοιτηταὶ
2591 2226 2865 2292 περιόντες,

2852 2123 3130 2174 Ἀντωνίου
3179 2125 3278 2196 γὰρ
3329 2125 3403 2172 ἔτι
3454 2125 3542 2171 καὶ
3626 2123 3851 2190 σήμερον
3897 2121 3951 2169 οἱ

2926 2220 3080 2291 ὑφ’ὧν
3141 2219 3323 2279 ἐκεῖνος
3382 2223 3472 2270 καὶ
3511 2219 3675 2288 τάφου
3727 2218 3941 2287 ἔτυχεν,

2287 2319 2435 2370 αὐτοὶ
2503 2318 2828 2390 βεϐαιοῦσιν,
2899 2318 3096 2370 nauis»
3159 2337 3275 2368 τινα
3332 2315 3585 2378 Θηϐαῖον,
3650 2334 3700 2367 κ.
3769 2333 3816 2364 τ.
3894 2313 3943 2368 λ.

2287 2412 2486 2480 Quare
2517 2412 2654 2469 iure
2684 2412 2953 2480 dubites,
3001 2426 3078 2467 an
3107 2409 3365 2468 omnino
3397 2407 3650 2466 nomina
3685 2406 3946 2463 Amatae

2287 2514 2348 2568 et
2401 2508 2672 2576 Macarii,
2725 2509 3184 2581 discipulorum
3234 2505 3294 2565 8.
3333 2505 3600 2571 Antonii,
3648 2504 3948 2577 primitus

2288 2609 2352 2665 in
2380 2613 2548 2666 textu
2581 2608 2645 2665 8.
2684 2607 3048 2682 Hieronymi
3079 2605 3446 2664 exstiterint.

2369 2706 2944 2778 Quomodocunque
2983 2720 3130 2762 vero
3181 2704 3242 2760 id
3291 2718 3356 2760 se
3401 2702 3610 2773 habet,
3658 2700 3943 2757 Amatam

2289 2808 2350 2861 et
2407 2803 2744 2861 Macarium
2815 2803 3085 2875 insignes
3158 2801 3216 2860 8.
3280 2800 3527 2858 Antonii
3599 2797 3948 2870 discipulos

2291 2902 2501 2968 fuisse,
2554 2916 2676 2959 non
2729 2901 2931 2960 solum
2985 2916 3058 2958 ex
3115 2898 3408 2966 Palladio,
3464 2896 3571 2955 sed
3622 2896 3810 2954 etiam
3870 2910 3948 2952 ex

2291 3001 2348 3058 S.
2389 2998 2751 3072 Hieronymi
2805 2999 3113 3058 Chronico
3157 3002 3416 3062 constat,
3471 2995 3532 3052 in
3583 3008 3708 3068 quo
3752 2994 3832 3052 ad
3886 3008 3941 3050 a.

2291 3099 2419 3156 XIX
2449 3098 2787 3156 Constantii
2819 3098 3085 3156 iunioris
3110 3096 3152 3152 i.
3189 3110 3242 3152 e.
3271 3110 3324 3152 a.
3362 3095 3476 3153 359
3507 3093 3661 3165 legis
3694 3110 3706 3149 :
3747 3111 3779 3146 «
3806 3091 3947 3149 Sar—

2295 3201 2479 3269 mata,
2540 3197 2787 3253 Amatas
2851 3200 2912 3253 et
2969 3194 3268 3252 Macarius
3334 3191 3627 3264 discipuli
3688 3189 3944 3248 Antonii

2297 3294 2565 3367 insignes
2594 3294 2902 3351 habentur
2934 3291 3084 3366 (ll).
3127 3311 3148 3344 ι

2378 3394 2585 3465 Itaque
2615 3391 2964 3464 quaeritur,
3010 3405 3160 3448 num
3205 3389 3506 3448 Macarius
3535 3386 3795 3459 insignis
3838 3386 3944 3444 hic

2297 3493 2354 3551 8.
2394 3491 2639 3550 Antonii
2685 3490 3032 3562 discipulus
3061 3504 3222 3546 unus
3268 3503 3342 3545 ex
3390 3484 3617 3544 nostris
3656 3484 3943 3542 Macariis

2295 3591 2484 3650 fuerit
2515 3589 2545 3648 ‘I
2571 3590 2687 3649 Sed
2738 3603 2881 3648 eum
2910 3605 2944 3646 a
2976 3589 3203 3647 nostris
3235 3585 3513 3645 Macariis
3561 3585 3755 3657 probe
3808 3583 3945 3641 dis-

2294 3689 2675 3748 cernendum
2733 3701 2889 3754 esse,
2960 3687 3084 3744 iam
3144 3699 3333 3759 supra
3405 3684 3611 3743 obiter
3688 3681 3939 3739 monui-

2293 4007 2720 4064 cumstantibus
2743 4011 2795 4062 et
2825 4005 3098 4074 Epistola
3129 4003 3196 4058 Β.
3223 4003 3288 4056 Ρ.
3318 3999 3559 4057 Claudii
3597 3999 3838 4055 Sicardi
3878 4000 3941 4055 S.

2295 4097 2341 4150 I.
2376 4095 2666 4150 Missiom's
2695 4094 3018 4163 Aegyptiae
3042 4091 3363 4159 superioris
3403 4090 3474 4144 de
3515 4104 3617 4143 suo
3655 4102 3763 4156 per
3797 4089 3943 4155 infe-

2291 4186 2507 4241 riorem
2542 4183 2887 4240 Thebaidem
2915 4183 3181 4252 confecto
3213 4181 3424 4234 itinere
3438 4179 3838 4247 hodiernoque
3851 4191 3947 4232 re-

2290 4290 2424 4330 rum
2473 4278 2633 4329 statu
2685 4271 3233 4343 antiquissimorum
3279 4267 3775 4324 monasteriorum
3835 4264 3941 4321 SS.

2216 4390 2257 4442 ι)
2293 4365 2468 4419 Pauli
2495 4369 2551 4419 et
2573 4361 2830 4426 Antonii,
2848 4359 3252 4416 consimilibus
3266 4357 3418 4413 notis
3450 4361 3649 4422 aucta,
3667 4370 3786 4427 qua
3805 4370 3944 4423 per-

2291 4454 2482 4509 multa
2510 4453 2569 4507 in
2603 4451 2921 4507 antedictis
2941 4450 3100 4505 Actis
3125 4448 3409 4503 hactenus
3430 4446 3684 4501 obscura
3706 4452 3758 4499 et
3781 4443 3940 4499 alias

2272 4543 2594 4612 incognita
2625 4542 3018 4596 illustrantur
3048 4555 3063 4603 ;
3097 4538 3290 4594 studio
3331 4540 3385 4591 et
3422 4551 3606 4606 opera
3649 4535 3941 4590 Matthiae

2276 4632 2644 4705 .Fuhrmann
2667 4629 2791 4682 ord.
2809 4628 2993 4684 eiusd.
3018 4627 3075 4682 S.
3102 4627 3276 4683 Pauli
3284 4625 3469 4695 primi
3495 4623 3771 4679 eremitae
3799 4639 3944 4690 pro-

2291 4721 2515 4775 vinciae
2555 4720 2834 4773 Austriae
2876 4715 3217 4772 sacerdotis.
3275 4713 3598 4770 Neostudii.
3659 4713 3943 4767 Austriae

2291 4808 2449 4863 1760.
2488 4806 2778 4862 Kollarius
2809 4805 3109 4877 (Lambec.
3167 4806 3522 4859 Commentt.
3573 4802 3611 4855 Ι.
3652 4801 3693 4853 l.
3747 4816 3805 4871 p.
3836 4801 3945 4854 7l9

2289 4897 2442 4967 not.)
2464 4902 2647 4958 notat,
2671 4894 2989 4950 editionem
3020 4895 3173 4948 hanc
3213 4892 3543 4964 puerilibus
3599 4892 3827 4944 scatere
3857 4904 3943 4944 er-

2290 4985 2547 5052 roribus,
2575 4990 2752 5056 atque
2782 4985 3164 5054 interpretem
3183 4979 3540 5036 coniecturis
3563 4979 3760 5050 potius
3786 4978 3936 5042 suis,

2290 5090 2477 5146 quam
2507 5073 2728 5129 codicis
2759 5071 2931 5127 inniti
2963 5071 3080 5126 ﬁde
3109 5069 3386 5125 voluisse.
3414 5069 3534 5124 Hoc
3564 5066 3814 5140 quidem
3848 5083 3943 5123 ve-

2291 5179 2447 5233 rum,
2482 5162 2587 5218 sed
2624 5161 2938 5217 tamenilla
2966 5159 3192 5214 codicis
3220 5159 3416 5230 potius
3444 5159 3606 5223 vitia,
3639 5172 3824 5228 quam
3854 5172 3941 5212 er-

2293 5268 2455 5308 rores
2485 5253 2726 5307 editoris
2754 5256 2910 5316 sunt,
2939 5251 3020 5306 ita.
3045 5256 3105 5306 ut
3130 5264 3314 5305 manu
3390 5246 3752 5319 peritissima
3789 5261 3943 5316 opus

2292 5343 2386 5407 sit,
2418 5357 2574 5413 quae
2642 5345 2865 5395 textum
2897 5339 3188 5394 restituat.
3245 5336 3306 5391 ld
3345 5335 3594 5407 quidem
3650 5339 3936 5390 accurato

2295 5432 2419 5487 eius
2449 5431 2721 5486 examine
2749 5429 2861 5501 ipsi
2888 5429 3062 5484 nobis
3088 5427 3523 5498 persuasimus.

2290 5555 2302 5563 -
2367 5520 2480 5590 (11)
2505 5521 2563 5575 8.
2595 5518 2835 5575 Hieron.
2864 5519 3015 5589 Opp.
3046 5518 3140 5573 ed.
3167 5517 3353 5586 Migne
3375 5517 3434 5572 Τ.
3477 5514 3597 5569 VIII
3620 5528 3679 5585 p.
3711 5515 3838 5568 687.
