4094 6208
130 272 215 329 121

1715 264 1951 322 νιτΑΕ.

3437 273 3539 329 122

124 411 253 455 mus
283 394 398 469 (ί).
432 394 677 452 Etenim
721 393 1054 451 Macarium
1088 392 1459 467 Aegyptium
1489 394 1554 451 in
1599 393 1773 451 Scete
1804 392 1847 444 A
1889 394 2041 449 bens
2102 391 2329 465 iugiter
2386 392 2660 454 deﬁxum
2719 409 2871 454 suae
2932 398 3155 456 mentis
3213 399 3540 467 intuitum,

120 495 371 561 obiisse,
441 492 930 551 Alexandrinum
1001 496 1279 550 extrema
1345 492 1533 550 etiam
1603 504 1777 548 sene-

1888 504 2013 563 quo
2067 490 2348 563 quotidie
2401 492 2783 567 singulisque
2836 497 3174 555 momentis
3224 513 3547 557 accersen-

119 599 277 650 ctnte
336 590 724 650 Cellularum
761 591 1203 662 presbyterum
1242 590 1458 663 fuisse,
1492 605 1525 647 e
1577 589 1778 648 Palla—
1889 588 2039 646 dum
2098 604 2231 647 esse
2279 605 2344 648 se
2388 591 2589 649 credit
2637 587 2746 667 (6).
2808 615 2836 645 »
2898 596 3039 653 Uter
3107 597 3540 664 Macariorum,

119 692 217 748 dio
267 689 657 755 didicimus;
707 688 1043 746 Macarium
1086 702 1235 747 vero
1286 688 1344 745 S.
1394 688 1644 746 Antonii
1689 686 1781 744 di-

121 789 441 861 scipulum
470 786 676 844 eidem
704 786 1074 843 successisse
1103 785 1167 843 in
1187 788 1495 845 coenobio
1524 784 1781 858 Pispiri—

127 893 290 959 tano,
317 884 542 957 ibique
563 884 752 940 vitam
775 882 1070 950 ﬁnivisse,
1097 883 1258 941 infra
1289 883 1641 941 videbimus
1668 882 1777 958 (2).

206 983 387 1041 Hisce
430 980 831 1040 continentur
870 996 963 1047 ea,
999 996 1159 1054 quae
1188 996 1263 1039 ex
1305 981 1363 1039 S.
1400 981 1784 1053 Hieronymo

137 1081 340 1154 colligi
387 1084 666 1153 possunt.
720 1080 795 1138 Ut
851 1078 1147 1152 Evagrius
1197 1080 1534 1138 Macarium
1587 1080 1783 1151 Aegy-

136 1180 353 1253 ptium,
400 1178 487 1235 ita
516 1177 576 1236 S.
613 1177 1030 1249 Hieronymus
1058 1176 1542 1236 Alexandrinum
1577 1176 1786 1235 laudi—

132 1279 246 1336 bus
296 1276 543 1335 extulit.
606 1275 819 1349 Neque
870 1276 933 1333 id
985 1283 1223 1334 temere
1284 1276 1456 1334 fecit.
1526 1275 1677 1334 Nam
1722 1274 1784 1331 in

129 1377 481 1450 Aegyptum
527 1374 949 1447 adventantes,
997 1374 1075 1431 ad
1128 1389 1287 1446 quos
1316 1374 1411 1432 vel
1451 1374 1529 1433 de
1558 1374 1790 1445 quibus

126 1473 181 1531 S.
242 1473 671 1545 Hieronymus
711 1472 1051 1542 scribebat,
1103 1472 1337 1531 Nitriae
1379 1478 1484 1531 aut
1535 1472 1598 1529 in
1647 1471 1788 1531 Cel—

124 1570 270 1630 lulis
322 1570 668 1630 Macarium
731 1569 1170 1643 presbyterum
1229 1568 1403 1638 128
1454 1570 1638 1628 facile
1686 1569 1792 1628 ad-

125 1669 321 1736 ibant,
359 1669 429 1726 in
475 1668 687 1727 abdita
740 1682 889 1726 vero
935 1669 1129 1726 Scetis
1169 1669 1413 1727 deserta
1444 1683 1569 1727 non
1614 1668 1795 1726 facile

1892 689 1985 744 vel
2031 687 2220 746 etiam
2273 703 2422 746 num
2474 689 2769 747 alteruter
2812 706 2886 750 ex
2933 696 3163 752 nostris
3205 711 3276 753 ea
3320 696 3547 755 docue-

1892 786 1994 855 rit,
2058 787 2384 845 Cassianus
2454 803 2577 845 non
2635 789 2866 847 docuit.
2936 791 3233 864 Equidem
3298 794 3545 853 Macarii

1897 884 2179 957 Aegyptii
2224 886 2595 943 sententiam
2636 884 2808 953 129
2854 904 2987 946 esse
3030 905 3104 947 ex
3136 890 3549 950 similitudine

1894 997 2039 1039 cum
2096 982 2400 1055 doctrina,
2446 999 2635 1057 quam
2686 985 2737 1042 is
2785 983 3044 1059 Evagrio
3093 988 3263 1046 dedit
3319 987 3432 1065 (7),
3488 997 3548 1050 et

1895 1096 2041 1139 cum
2068 1080 2347 1139 homiliis
2367 1083 2503 1140 eius
2533 1082 2753 1141 timide
2781 1086 3181 1144 coniecerim.

1979 1179 2208 1236 Deinde
2256 1178 2547 1237 Cassiano
2599 1179 2661 1237 in
2716 1181 3075 1241 Collationis
3144 1184 3397 1256 quintae
3452 1201 3553 1243 ca-

1900 1276 2051 1349 pite,
2078 1276 2245 1348 quod
2298 1276 2663 1335 inscribitur
2698 1297 2729 1332 «
2766 1279 2828 1336 ln
2876 1295 3002 1353 quo
3031 1282 3204 1340 utilis
3232 1282 3310 1341 sit
3362 1298 3553 1342 ceno-

1901 1375 2108 1447 doxia,
2149 1394 2170 1425 »
2227 1374 2525 1446 Serapion
2570 1390 2757 1435 senex
2806 1379 3084 1452 exponit,
3134 1381 3362 1439 multos
3414 1396 3556 1439 sae-

1902 1486 2247 1544 penumero
2286 1472 2573 1529 homines
2600 1475 2805 1532 adhuc
2848 1477 3133 1534 carnales
3172 1479 3556 1537 cenodoxiae

1903 1570 2055 1627 vitio
2085 1570 2164 1627 ab
2194 1568 2333 1626 aliis
2372 1570 2664 1641 turpibus
2710 1571 3107 1647 indignisque
3145 1576 3313 1635 vitiis
3350 1584 3557 1635 custo-

1906 1668 2051 1726 diri.
2104 1666 2445 1726 Nonnullos
2490 1668 2747 1740 quidem
2795 1673 3110 1732 confessos
3170 1688 3329 1746 esse,
3372 1690 3439 1734 se
3492 1676 3558 1733 in

125 1767 565 1840 penetrabant.
648 1766 824 1826 Unde
896 1767 1236 1825 Macarium
1306 1767 1795 1826 Alexandrinum
1831 1752 1874 1807 Β
1909 1765 2085 1838 Syrie
2139 1764 2462 1823 coenobiis
2530 1766 2740 1839 quinis
2804 1768 3027 1829 diebus
3100 1772 3315 1830 cibum
3388 1788 3557 1833 sum-

123 1866 188 1923 in
216 1864 562 1923 Occidente
591 1864 1001 1922 illustriorem
1034 1865 1225 1923 fuisse
1250 1870 1499 1938 oportet
1525 1867 1633 1941 (3).

204 1960 238 2040 §
300 1965 398 2021 3i.
453 1962 572 2021 Sed
622 1963 1069 2021 transeundum
1137 1968 1225 2021 est
1279 1964 1356 2021 ad
1415 1962 1803 2045 Cassianum,

127 2063 235 2135 qui
289 2061 578 2134 quinque
634 2061 787 2120 locis
838 2062 914 2119 de
963 2062 1191 2120 nostris
1248 2060 1531 2120 Macariis
1582 2060 1804 2119 tradit.

129 2161 210 2218 Ex
248 2160 337 2218 iis
362 2174 587 2230 unum,
615 2174 742 2233 quo
784 2161 861 2219 de
911 2169 1161 2220 mortuo
1201 2176 1236 2219 a
1267 2161 1558 2229 Macario,
1618 2180 1641 2212 ι
1694 2159 1805 2234 qui

127 2259 590 2317 habitationem
660 2258 1077 2331 Scythioticae
1137 2260 1498 2319 solitudinis
1558 2260 1803 2332 primus

127 2357 393 2425 invenit,
463 2376 484 2409 ι
546 2355 623 2414 ad
675 2358 1065 2416 haereticum
1118 2358 1534 2416 refellendum
1590 2371 1804 2415 resus—

128 2455 326 2514 citato
374 2461 692 2521 narratur,
740 2456 865 2513 iam
913 2470 1104 2529 supra
1135 2456 1524 2514 excussimus
1553 2454 1666 2533 (4).
1715 2454 1803 2513 Ac

126 2560 310 2613 sexto
359 2554 641 2627 quodam
694 2553 835 2612 loco
876 2554 954 2612 de
986 2554 1280 2627 Macario,
1308 2554 1414 2626 qui
1464 2572 1494 2607 «
1529 2554 1802 2612 xenodo—

128 2651 281 2709 chio
312 2650 485 2723 apud
534 2650 973 2708 Alexandriam
1021 2650 1314 2723 praefuit,
1364 2672 1393 2703 »
1446 2664 1655 2709 sermo
1685 2655 1800 2722 est,

130 2764 163 2806 a
214 2748 462 2807 nostris
512 2749 794 2806 Macariis
839 2756 1009 2807 certe
1055 2747 1491 2821 distinguendo
1534 2747 1645 2825 (ὅ).
1683 2750 1806 2807 Re-

134 2853 303 2905 stant
331 2847 531 2920 igitur
558 2852 826 2919 quatuor
857 2846 1037 2904 nobis
1071 2847 1193 2904 loci
1220 2847 1640 2906 examinandi.

216 2945 299 3003 Et
338 2946 558 3019 primo
608 2944 866 3018 quidem
909 2942 1235 3003 Cassianus
1278 2946 1344 3002 in
1386 2946 1572 3013 libro,
1620 2959 1809 3018 quem

140 3063 170 3097 a
230 3044 314 3103 de
365 3043 599 3115 spiritu
652 3044 1122 3117 gastrimargiae
1172 3066 1201 3097 ››
1262 3044 1599 3116 inscripsit,
1658 3044 1811 3102 haec

142 3143 338 3201 verba
376 3142 528 3200 facit
562 3160 575 3199 :
628 3159 660 3195 «
693 3140 912 3200 Adhuc
952 3156 1147 3200 unum
1179 3142 1342 3199 beati
1375 3141 1623 3201 Macarii
1657 3155 1808 3215 pro-

144 3241 346 3299 fertur
388 3240 578 3298 nobis
618 3241 887 3298 salutare
918 3240 1304 3309 mandatum,
1355 3255 1481 3313 quo
1523 3241 1811 3299 libellum

144 3339 548 3398 ieiuniorum
598 3343 659 3395 et
709 3339 1125 3397 continentiae
1185 3340 1335 3397 tanti
1392 3337 1509 3397 viri
1564 3338 1812 3397 claudat

144 3438 479 3495 sententia.
535 3435 624 3495 Ita
673 3434 875 3509 inquit
940 3436 1175 3494 debere
1226 3437 1606 3495 monachum
1650 3438 1811 3494 ieiu-

146 3536 270 3593 niis
317 3548 591 3609 operam
644 3534 814 3602 dare,
876 3541 942 3593 ut
991 3543 1241 3592 centum
1299 3535 1478 3592 annis
1529 3535 1595 3592 in
1665 3549 1815 3593 cor-

144 3648 302 3705 pore
343 3639 916 3706 commoraturum,
950 3632 1034 3690 ita
1086 3639 1292 3691 motus
1341 3633 1533 3691 animi
1584 3634 1816 3692 refrae-

146 3745 300 3790 nare
348 3736 419 3790 et
464 3730 846 3789 iniuriarum
890 3731 1201 3801 oblivisci,
1254 3730 1665 3805 tristitiasque
1713 3747 1816 3790 re-

144 3844 410 3902 spuere,
443 3829 699 3887 dolores
739 3843 992 3903 quoque
1029 3844 1101 3887 ac
1140 3828 1514 3888 detrimenta
1543 3836 1818 3888 contem-

148 3943 330 3995 nere,
390 3934 691 4001 tanquam
758 3928 1039 3999 quotidie
1110 3928 1510 3985 moriturum.
1568 3928 1634 3985 ln
1706 3928 1817 3986 illo

152 4040 441 4100 namque
507 4026 680 4084 utilis
741 4031 833 4084 est
906 4026 1261 4098 prudensqe
1335 4026 1657 4100 discretio,
1712 4041 1823 4084 ae-

155 4126 334 4201 quali
392 4124 772 4182 monachum
843 4124 1233 4182 districtione
1289 4125 1520 4182 faciens
1575 4139 1826 4198 semper

158 4222 491 4289 incedere,
537 4234 651 4279 nec
691 4223 1060 4295 permittens
1112 4222 1230 4279 sub
1277 4222 1606 4279 occasione
1651 4222 1828 4280 debi-

160 4321 324 4379 litati
392 4321 683 4392 corporis
749 4320 828 4378 de
912 4320 1127 4378 arduis
1184 4320 1260 4378 ad
1350 4320 1830 4393 perniciossima

160 4426 518 4494 praerupta
558 4418 801 4477 devolvi
835 4437 851 4487 ;
886 4419 951 4476 in
999 4419 1119 4477 hoc
1167 4433 1314 4477 vero
1356 4420 1829 4492 magnanimitas

163 4518 491 4591 salutaris,
524 4530 683 4590 quae
730 4516 952 4583 valeat,
1001 4531 1125 4576 non
1171 4517 1378 4575 solum
1416 4532 1577 4590 quae
1608 4518 1831 4577 viden-

161 4623 271 4675 tur
319 4629 629 4689 prospera
678 4615 894 4673 mundi
951 4614 1298 4688 praesentis
1349 4615 1697 4690 despicere,
1730 4631 1831 4675 ve-

162 4729 315 4773 rum
342 4715 539 4771 etiam
580 4714 857 4772 adversis
885 4714 1296 4786 tristibusque
1349 4727 1474 4772 non
1518 4714 1739 4788 frangi,
1770 4721 1832 4774 et

160 4829 237 4871 ea
268 4813 447 4869 velut
480 4826 675 4885 parva
725 4811 1021 4885 nullaque
1067 4816 1495 4886 contemnere,
1536 4812 1666 4871 illic
1715 4815 1830 4872 ba-

234 5031 316 5103 (ι)
364 5028 450 5085 cr.
484 5045 545 5101 p.
576 5028 677 5085 407
718 5044 809 5101 sq.

233 5120 314 5193 (2)
360 5116 447 5173 Cf.
478 5118 633 5175 infra
662 5122 849 5191 Caput
877 5119 944 5173 IX
986 5117 1011 5179 ὃ
1039 5119 1135 5175 45.

232 5210 319 5281 (3)
356 5207 443 5263 Cf.
460 5209 834 5281 propositum
849 5208 1085 5266 Macarii
1100 5211 1351 5266 Romam
1362 5208 1626 5266 abeundi
1639 5225 1823 5282 supra

158 5317 221 5373 p.
244 5300 339 5355 73.
367 5299 440 5354 99
482 5313 579 5370 sq.

226 5378 317 5462 5(4)
360 5388 444 5445 Cf.
483 5385 604 5448 SM
633 5403 697 5460 p.
735 5388 804 5444 47
822 5403 981 5461 sqq.,
1009 5388 1273 5446 Cassian.
1304 5388 1443 5446 Coll.
1483 5388 1569 5445 XV
1602 5404 1736 5461 cap.
1764 5390 1820 5457 3,

163 5479 444 5536 Cassiani
483 5480 635 5552 Opp.
688 5480 783 5535 ed.
829 5480 959 5535 Gaz.
1001 5496 1060 5551 p.
1106 5479 1235 5547 468,
1266 5481 1458 5550 Migne
1498 5478 1716 5536 Patrol.
1750 5482 1817 5538 Τ.

160 5569 326 5627 XLIX
352 5585 413 5642 p.
455 5570 563 5625 995
576 5614 597 5648 τ
782 5635 791 5643 ,
1205 5631 1217 5644 ι

245 5661 326 5735 (5)
365 5658 509 5718 Coll.
550 5658 673 5718 XIV
702 5659 896 5733 ειμι,
944 5659 1210 5718 Cassiani
1254 5660 1405 5734 Opp.
1439 5659 1533 5718 ed.
1566 5661 1699 5718 Gaz.
1764 5676 1823 5733 p.

1913 1864 2108 1938 psisse
2160 1864 2477 1937 talemque
2523 1865 2963 1926 abstinentiam
2994 1871 3125 1927 sine
3158 1870 3374 1929 labore
3403 1873 3561 1930 tole-

1913 1976 2104 2029 rasse,
2155 1962 2220 2019 in
2271 1976 2485 2021 eremo
2537 1969 2747 2021 autem
2778 1972 2945 2025 tanta
2993 1982 3058 2025 se
3104 1967 3266 2027 fame
3294 1969 3439 2028 inde
3479 1968 3558 2026 ab

1916 2059 2070 2117 hora
2100 2060 2281 2117 tertia
2310 2060 2539 2127 vexari,
2572 2066 2637 2118 ut
2675 2061 2753 2119 ad
2782 2078 3009 2122 nonam
3049 2080 3246 2139 usque
3275 2066 3379 2125 vix
3422 2080 3564 2139 pos-

1910 2152 2040 2215 sint
2081 2157 2313 2215 ieiunia
2359 2158 2722 2229 quotidiana
2769 2161 3043 2221 differre.
3085 2165 3219 2222 Post
3267 2165 3420 2223 haec
3457 2165 3565 2222 ad-

1916 2254 2005 2313 dit
2047 2271 2061 2311 :
2122 2276 2149 2304 α
2203 2258 2405 2328 Super
2433 2271 2556 2329 qua
2602 2272 2670 2316 re
2701 2259 2964 2331 pulchre
3010 2262 3206 2319 abbas
3258 2262 3565 2320 Macarius

1913 2353 2162 2411 cuidam
2210 2356 2658 2425 percunctanti,
2701 2370 2817 2415 cur
2853 2357 3016 2416 fame
3055 2361 3134 2417 ab
3185 2360 3338 2419 liora
3382 2361 3565 2418 tertia

1915 2452 1977 2509 in
2025 2465 2239 2509 eremo
2292 2452 2673 2524 pulsaretur,
2706 2456 2815 2528 qui
2862 2456 2925 2515 in
2977 2458 3283 2517 coenobio
3328 2459 3567 2518 hebdo-

1914 2549 2204 2607 madibus
2259 2548 2516 2623 integris
2567 2552 2971 2612 refectionem
3033 2570 3219 2629 saepe
3287 2563 3567 2615 contem-

1915 2662 2067 2705 nens
2119 2662 2241 2705 non
2294 2650 2585 2707 sensisset
2635 2651 2931 2721 esuriem,
2990 2653 3361 2726 respondit:
3412 2654 3568 2723 Quia

1915 2745 2126 2804 nullus
2172 2746 2274 2804 hic
2312 2752 2404 2804 est
2433 2746 2650 2805 ieiunii
2683 2749 2773 2808 tui
2816 2752 3009 2824 testis,
3041 2753 3149 2825 qui
3177 2757 3236 2809 te
3275 2752 3407 2810 suis
3436 2753 3567 2810 lau-

1916 2844 2105 2901 dibus
2142 2844 2377 2902 nutriat
2403 2851 2589 2917 atque
2617 2854 2934 2907 sustentet.
2989 2850 3079 2907 ibi
3109 2856 3318 2909 autem
3366 2856 3425 2908 te
3474 2849 3569 2908 di—

1918 2942 2080 3014 gitus
2136 2941 2465 3001 hominum
2521 2952 2581 3001 et
2645 2947 3025 3005 cenodoxiae
3084 2948 3339 3007 refectio
3410 2948 3568 3021 sagi-

1920 3041 2106 3097 nabat
2135 3037 2245 3116 (8).
2288 3061 2309 3091 ι
2361 3040 2620 3099 Cuinam
2654 3044 2921 3103 Macario
2950 3060 3024 3104 ea
3058 3045 3390 3104 tribuenda
3420 3050 3565 3113 sint,

1921 3151 2044 3195 non
2089 3142 2180 3194 est
2230 3136 2594 3195 indicatum.
2654 3140 2910 3214 Utrique
2948 3148 3306 3202 nostrorum
3353 3156 3572 3215 reapse

1921 3235 2159 3308 optime
2222 3236 2619 3295 conveniunt.
2681 3239 2803 3296 Nec
2872 3240 3181 3299 dubitavit
3237 3242 3572 3299 Tillemon-

1922 3334 2066 3401 tius,
2126 3349 2200 3392 ea
2254 3335 2519 3393 Macario
2579 3338 2881 3411 Aegyptio
2930 3339 3320 3412 adiudicare,
3390 3338 3576 3397 cuius

1923 3436 2130 3490 tamen
2151 3433 2241 3491 rei
2275 3435 2577 3492 rationem
2602 3450 2724 3494 non
2749 3436 2990 3495 addidit
3018 3438 3128 3514 (9).

2002 3531 2157 3588 Tum
2210 3528 2576 3591 Collationis
2634 3534 2938 3607 septimae
2984 3536 3209 3609 capite,
3269 3535 3433 3609 quod
3484 3535 3576 3593 in-

1924 3629 2224 3686 scribitur
2278 3650 2305 3681 «
2368 3631 2448 3688 De
2506 3632 2847 3690 tentatione
2914 3634 3162 3692 abbatis
3230 3633 3475 3707 Moysis,
3545 3652 3575 3687 »

1925 3728 2193 3784 Serenus
2246 3727 2439 3785 abbas
2484 3728 2568 3785 ita
2626 3728 2951 3802 loquitur:
2992 3751 3021 3783 «
3061 3731 3381 3789 Secundus
3432 3744 3581 3789 vero

1928 3839 2117 3897 quem
2146 3824 2420 3883 diximus
2445 3827 2509 3883 in
2553 3827 2667 3885 hac
2700 3841 2916 3885 eremo
2947 3836 3405 3887 commoratum
3440 3824 3578 3905 [ab-

1933 3923 2043 3979 bas
2094 3918 2381 4000 Moyses],
2436 3939 2582 3981 cum
2634 3926 2768 3997 ipse
2824 3940 3076 3999 quoque
3127 3925 3461 4001 singularis
3518 3928 3580 3981 et

1933 4020 2444 4093 incomparabilis
2497 4023 2592 4080 vir
2645 4028 2826 4091 esset,
2886 4026 2970 4082 ob
3026 4024 3581 4098 reprehensionem

1937 4119 2121 4177 unius
2161 4119 2490 4187 sermonis,
2537 4135 2725 4194 quem
2777 4129 2994 4181 contra
3034 4123 3326 4182 abbatem
3381 4124 3588 4183 Mara-

1937 4218 2105 4276 rium
2144 4218 2468 4289 disputans
2514 4220 2700 4292 paulo
2739 4221 2960 4279 durius
3002 4222 3283 4295 protulit,
3318 4221 3586 4294 quadam

1939 4315 2176 4374 scilicet
2226 4318 2525 4389 opinione
2573 4325 2969 4394 praeventus,
3022 4326 3148 4378 tam
3194 4320 3334 4379 diro
3386 4319 3591 4378 conte.

1866 4472 1909 4524 Β
1940 4414 2085 4473 stim
2113 4420 2206 4472 est
2234 4415 2498 4473 traditus
2526 4416 2839 4484 daemoni,
2889 4424 2955 4476 ut
2985 4419 3288 4477 humanas
3316 4417 3586 4492 egestio-

1941 4527 2049 4570 nes
2064 4514 2160 4571 ori
2191 4526 2328 4587 suo,
2356 4515 2436 4571 ab
2456 4528 2532 4572 eo
2560 4517 2907 4588 suppletus,
2932 4517 3262 4588 ingereret.
3292 4515 3467 4585 Quod
3487 4515 3586 4574 lla-

1939 4611 2170 4683 gellum
2200 4613 2588 4685 purgationis
2615 4614 2809 4686 gratia
2852 4628 2918 4673 se
2952 4615 3245 4673 Dominus
3277 4614 3582 4679 intulisse,

1939 4722 2017 4766 ne
2046 4708 2285 4767 scilicet
2313 4710 2376 4767 in
2407 4724 2483 4768 eo
2516 4712 2608 4770 vel
2642 4712 3059 4770 momentanei
3090 4712 3300 4769 delicti
3335 4709 3584 4768 macula

1941 4807 2265 4875 resideret,
2305 4808 2628 4868 velocitate
2670 4810 3012 4869 curationis
3054 4810 3190 4869 eius
3240 4815 3427 4883 atque
3481 4823 3589 4866 au-

1938 5029 2065 5097 450,
2101 5029 2293 5100 Migne
2315 5046 2376 5100 p.
2411 5029 2517 5084 958
2547 5045 2562 5097 ;
2599 5030 2739 5087 Hist.
2786 5033 2963 5087 Laus.
3002 5029 3100 5088 ed.
3131 5032 3340 5087 Meurs.
3383 5043 3521 5100 cap.
3560 5028 3593 5082 7

1942 5120 2099 5191 Opp.
2144 5120 2350 5175 Meurs.
2376 5118 2412 5173 l.
2440 5119 2483 5174 l.
2527 5136 2586 5191 p.
2617 5120 2722 5174 757
2745 5120 2820 5176 cf.
2846 5118 3078 5192 supra!
3118 5120 3186 5173 25
3226 5135 3286 5191 p.
3317 5118 3439 5173 105.

2009 5210 2084 5281 (6)
2111 5211 2187 5266 De
2200 5208 2629 5266 coenobiorum
2643 5209 3097 5266 iustitutislib.V
3111 5210 3211 5280 (de
3226 5208 3598 5280 spir.gastr.)

1941 5312 2075 5370 cap.
2100 5298 2164 5353 41
2193 5297 2456 5355 Cassiani
2479 5299 2627 5371 Opp.
2653 5300 2747 5355 ed.
2776 5300 2913 5355 Gaz.
2942 5300 3146 5372 p.104,
3171 5300 3359 5369 Migne
3378 5314 3436 5371 p.
3460 5297 3586 5353 265.

2010 5388 2087 5459 (7)
2128 5387 2417 5460 Cf.supra
2487 5388 2576 5443 29.

1989 5477 2088 5550 _(8)
2127 5477 2269 5532 Coll.
2294 5476 2336 5533 V
2360 5493 2494 5550 cap.
2528 5478 2592 5535 12
2617 5478 3049 5551 CassianiOpp.
3074 5479 3171 5535 ed.
3194 5478 3331 5534 Gaz.
3361 5494 3428 5550 p.
3465 5478 3592 5535 289.

1986 5568 2088 5638 ,(9)
2126 5568 2431 5626 Mémoires
2455 5568 2518 5624 Τ.
2545 5567 2669 5623 VIII
2700 5569 2760 5624 Ρ.
2795 5568 2875 5628 III
2906 5585 2967 5645 p.
3008 5568 3135 5625 983.
