4094 6208
483 281 588 336 123

1355 277 1458 331 SS.
1504 275 1977 332 MACABIORUM
2018 274 2352 331 AEGYPTII
2395 276 2480 331 ET
2520 279 3004 334 ALEXANDRINI

3793 284 3903 337 124

481 415 652 468 ctore
683 407 944 465 remedii
978 403 1444 463 demonstravit.
1489 407 1638 462 Nam
1684 407 1976 463 continuo
2025 406 2132 461 ab-
2163 404 2206 454 A
2244 405 2554 478 ingressus
2605 413 2717 478 est,
2764 408 2866 465 die
2915 407 3255 466 secundum
3311 407 3396 480 id,
3439 409 3606 481 quod
3646 425 3900 482 compe-

483 509 625 565 bate
654 505 920 563 Macario
960 504 1023 560 in
1051 503 1333 562 oratione
1381 505 1694 562 submisso
1733 504 1904 575 13o
1963 504 2131 560 dicto

482 605 662 661 citius
713 616 980 673 nequam
1026 601 1286 671 spiritus
1332 603 1411 659 ab
1467 617 1541 659 eo
1594 602 1837 673 fugatus
1889 602 2130 657 absces—

481 701 560 759 sit
599 698 706 775 (1).
769 720 792 752 υ
859 700 1014 766 Quin
1067 699 1367 756 Macarius
1431 699 1766 772 Aegyptius
1820 699 2128 770 intelliga-

479 805 604 869 tur,
633 798 734 854 vix
783 797 1049 854 dubium
1079 804 1170 854 est
1204 815 1219 869 ;
1255 813 1396 854 nam
1446 800 1682 870 Moyses
1712 798 1906 854 abbas
1951 811 2129 868 egre-

481 897 618 968 gius
669 894 862 952 Scetis
911 895 1252 952 monachus
1303 896 1415 952 fuit
1475 895 1583 972 (2).
1638 896 1811 964 Quod
1857 901 1918 952 et
1973 898 2129 965 Apo-

483 994 882 1067 phthegmata
933 1006 967 1049 a
1018 992 1328 1051 Cotelerio
1377 994 1543 1050 edita
1593 993 2030 1065 comprobant,
2068 992 2131 1048 in

482 1091 712 1164 quibus
760 1090 913 1163 legis
961 1110 973 1148 :
1019 1108 1046 1143 ‹‹
1098 1092 1334 1162 Moyses
1381 1092 1573 1148 abbas
1610 1091 1878 1149 Macario
1922 1088 2128 1146 abbati

483 1191 546 1247 in
590 1189 794 1247 Sceti:
843 1189 1012 1261 Volo,
1048 1189 1271 1262 inquit,
1324 1204 1464 1247 cum
1517 1190 1726 1262 quiete
1769 1204 1840 1246 ac
1883 1187 2130 1246 silentio

483 1288 714 1360 vivere,
765 1301 880 1344 nec
934 1287 1143 1344 sinunt
1203 1301 1302 1343 me
1357 1287 1597 1344 fratres.
1659 1286 1768 1344 Cui
1830 1284 2132 1343 Macarius

483 1385 676 1443 abbas
729 1384 1050 1456 respondit
1105 1400 1116 1440 :
1181 1385 1366 1442 Video
1423 1390 1482 1442 te
1535 1384 1763 1442 indolis
1822 1383 2131 1441 mollioris

483 1498 639 1550 esse,
692 1496 806 1540 nec
838 1497 1017 1553 posse
1067 1483 1319 1539 fratrem
1353 1498 1385 1539 a
1434 1487 1491 1539 te
1542 1489 1868 1548 avertere;
1924 1480 2029 1538 sed
2080 1479 2129 1537 si

485 1581 801 1639 desideras
847 1581 1124 1652 quietam
1166 1580 1379 1649 vitam,
1431 1579 1826 1653 proficiscere
1869 1579 1943 1636 ad
1999 1593 2132 1635 ere-

483 1693 680 1748 mum,
731 1677 917 1745 intro,
954 1678 1016 1733 in
1066 1683 1240 1748 petra
1290 1677 1499 1749 quiete
1542 1677 1751 1751 deges.
1818 1676 1980 1733 Fecit
2022 1675 2130 1746 igi-

483 1782 586 1834 tur
639 1777 756 1832 hoc
803 1779 863 1831 et
910 1775 1269 1846 conquievit
1321 1773 1432 1848 (3).
1497 1797 1522 1826 »
1578 1775 1896 1831 Praeterea
1944 1773 2132 1830 Tille-

485 1872 757 1931 montius
787 1872 962 1930 illam
1009 1871 1236 1946 Moysis
1279 1873 1523 1929 abbatis
1565 1871 1954 1928 sanationem
2015 1872 2132 1928 Ma-

484 1970 656 2029 cario
721 1969 1023 2042 Aegyptio
1086 1970 1220 2026 sine
1285 1970 1416 2027 ulla
1487 1968 1892 2027 haesitatione
1965 1969 2134 2026 attri-

483 2069 622 2127 buit
645 2065 758 2145 (ι).

564 2184 832 2242 Ultimus
880 2185 1151 2256 denique
1195 2183 1464 2242 Cassiani
1510 2185 1680 2241 locus
1728 2184 1805 2240 de
1854 2181 2136 2240 Macariis

487 2283 713 2342 nostris
761 2283 823 2338 in
873 2281 1218 2340 Collatione
1281 2283 1578 2354 vigesima
1631 2287 1849 2354 quarta
1905 2281 2134 2338 inveni-

486 2387 609 2448 tur,
664 2379 775 2437 ubi
833 2379 1080 2436 Macarii
1142 2380 1348 2437 fabula
1402 2380 1480 2436 ab
1544 2380 1852 2436 Abraham
1913 2380 2136 2435 abbate

486 2484 733 2538 narrata
783 2477 935 2535 haec
982 2483 1120 2534 est:
1177 2498 1199 2528 ‹
1259 2477 1409 2534 Nam
1459 2476 1626 2549 quod
1680 2476 1834 2534 alios
1885 2489 2136 2548 quoque

487 2577 724 2634 salvare
777 2590 884 2633 vos
951 2589 1132 2647 posse
1193 2574 1524 2645 conﬁditis,
1598 2579 1656 2630 et
1713 2589 1820 2645 spe
1879 2572 2138 2630 maioris

487 2676 645 2733 lucri
677 2674 754 2732 ad
803 2674 1196 2730 revisendam
1242 2673 1507 2746 patriam
1568 2672 1892 2740 festinatis,
1927 2671 2136 2728 audite

488 2773 675 2831 etiam
706 2785 894 2844 super
947 2773 1064 2829 hoc
1108 2771 1419 2842 quandam
1453 2771 1697 2827 abbatis
1746 2769 1993 2828 Macarii
2054 2770 2137 2825 fa-

489 2871 702 2928 bulam
772 2869 1223 2927 iucundissime
1281 2873 1465 2939 atque
1526 2868 1847 2940 aptissime
1918 2868 2137 2939 ﬁgura-

487 2973 635 3042 tam,
668 2981 854 3040 quam
901 2973 960 3024 et
1011 2967 1113 3024 ille
1161 2965 1410 3023 cuidam
1450 2965 1766 3023 similibus
1809 2964 2138 3022 desideriis

487 3066 789 3124 aestuanti
857 3063 1233 3122 medicinam
1292 3063 1862 3136 opportunissimae
1928 3077 2139 3119 narra-

486 3165 675 3223 tionis
713 3163 985 3235 ingessit.
1021 3163 1183 3234 Erat,
1218 3161 1443 3233 inquit,
1475 3161 1538 3218 in
1581 3161 1829 3218 civitate
1867 3160 2137 3232 quadam

487 3263 904 3336 peritissimus
947 3266 1182 3331 tonsor,
1217 3261 1324 3331 qui
1369 3259 1643 3315 denariis
1677 3258 1869 3316 ternis
1917 3273 2139 3315 unum-

485 3373 800 3433 quemque
856 3357 1221 3426 detondens,
1276 3361 1525 3413 tenuem
1584 3356 1901 3428 vilemque
1979 3371 2137 3413 mer~

487 3457 701 3516 cedem
746 3455 840 3512 sui
895 3455 1105 3527 operis
1153 3453 1554 3525 acquirendo,
1615 3467 1688 3509 ex
1746 3454 1861 3511 hac
1920 3453 2138 3510 eadem

487 3553 829 3628 quantitate
878 3551 1222 3609 necessaria
1265 3551 1361 3609 sui
1405 3551 1594 3608 victui
1643 3550 1922 3622 quotidie
1973 3565 2141 3608 com-

488 3651 766 3724 parabat,
845 3655 1222 3720 centumque
1291 3648 1579 3706 denarios
1656 3648 1900 3719 expleta
1967 3646 2140 3706 omni

487 3749 774 3820 corporis
824 3761 976 3805 cura
1043 3746 1362 3818 marsupio
1419 3761 1531 3804 suo
1602 3745 1828 3804 diebus
1880 3745 2142 3818 singulis

489 3847 817 3906 inferebat.
861 3845 978 3903 Sed
1025 3859 1168 3902 cum
1223 3844 1646 3902 indesinenter
1690 3844 1856 3902 hunc
1908 3844 2137 3902 conde-

488 3951 583 4004 ret
611 3951 962 4018 quaestum,
1010 3942 1246 4001 audivit
1287 3943 1349 3999 in
1403 3943 1671 4015 quadam
1704 3942 1883 4014 longe
1939 3941 2140 4014 posita

487 4045 734 4102 civitate
782 4042 1172 4114 singulorum
1223 4041 1570 4099 solidorum
1616 4040 1892 4111 singulos
1940 4039 2140 4097 homi-

489 4157 598 4200 nes
666 4140 902 4199 tonsori
979 4141 1284 4211 praebere
1361 4138 1737 4196 mercedem.
1821 4137 1953 4205 Quo
2032 4136 2138 4193 ille

487 4244 811 4312 comperto
856 4253 868 4293 :
920 4237 1229 4306 Quamdiu
1281 4251 1415 4306 ero,
1466 4235 1688 4307 inquit,
1744 4235 1857 4290 hac
1903 4233 2140 4290 mendi-

487 4338 670 4395 citate
715 4341 1059 4403 contentus,
1118 4341 1184 4393 ut
1223 4335 1414 4392 trium
1462 4331 1865 4390 denariorum
1912 4331 2136 4402 stipem

487 4451 632 4494 cum
697 4435 911 4492 labore
979 4433 1376 4507 conquiram,
1449 4444 1644 4504 quum
1718 4429 1952 4501 possim
2028 4429 2138 4486 illo

488 4547 750 4607 pergens
819 4533 1048 4605 ingenti
1134 4530 1480 4588 solidorum
1558 4533 1815 4599 quaestu
1888 4526 2136 4584 divitias

487 4645 862 4705 congregare
905 4626 935 4686 ί)
987 4632 1196 4702 itaque
1249 4641 1501 4684 sumens
1559 4623 1709 4682 artis
1771 4622 1935 4693 131
1989 4641 2135 4683 suae

490 4732 772 4805 protinus
856 4730 1288 4796 instrumenta,
1367 4725 1655 4798 expensis
1733 4724 1794 4782 in
1883 4730 2134 4796 sumptu

485 4830 801 4895 omnibus,
858 4842 1019 4900 quae
1085 4826 1186 4882 hic
1248 4823 1448 4880 multo
1520 4829 1807 4895 tempore
1875 4822 2134 4881 collecta

486 4931 784 4996 servarat,
847 4926 924 4982 ad
995 4924 1218 4981 urbem
1288 4921 1464 4978 illam
1517 4919 2134 4994 quaestuosissimam

485 5040 630 5086 cum
664 5038 911 5084 summo
950 5023 1165 5080 labore
1195 5020 1500 5092 pervenit.
1549 5019 1662 5078 Ubi
1707 5034 1850 5078 cum
1889 5033 1981 5090 ea,
2012 5033 2134 5092 qua

561 5208 638 5280 (1)
680 5206 819 5264 Coll.
868 5204 959 5260 Vll
998 5217 1132 5274 cap.
1175 5204 1242 5257 27
1276 5203 1542 5259 Cassiani
1585 5203 1734 5274 Opp.
1776 5201 1872 5257 ed.
1904 5203 2038 5258 Gaz.
2073 5217 2132 5274 p.

487 5298 613 5362 338,
654 5298 844 5366 Migne
875 5310 933 5366 p.
980 5293 1085 5348 706
1115 5308 1206 5364 sq.

557 5386 636 5457 (2)
678 5384 767 5442 Cf.
803 5383 1072 5438 Cassian.
1105 5382 1253 5439 Coll.
1305 5382 1346 5438 Ι.

557 5476 632 5545 (3)
673 5472 925 5529 Coteler.
983 5471 1132 5528 Eccl.
1177 5471 1386 5528 Graec.
1441 5473 1592 5528 Non.
1650 5472 1717 5530 T.
1764 5470 1785 5524 Ι
1827 5486 1886 5542 p.
1935 5470 2043 5526 538
2073 5486 2136 5532 ν.

485 5563 793 5620 Macarius
824 5559 1207 5633 Aegyptius}
1237 5561 1404 5628 XXII;
1434 5560 1589 5618 infra
1616 5559 1676 5615 in
1708 5560 1924 5617 harum
1947 5561 2137 5625 Quae-

483 5655 745 5716 stionum
783 5652 1128 5729 Appendice
1153 5651 1337 5709 altera
1362 5650 1475 5708 sub
1505 5649 1597 5707 Ill.

2243 509 2424 564 rerat.
2465 505 2542 560 ab
2583 521 2960 578 unoquoque
3011 506 3363 564 mercedem
3409 506 3501 563 sui
3545 507 3756 578 operis
3788 524 3901 565 re-

2239 602 2526 672 cepisset,
2562 605 2637 660 ad
2685 618 3008 676 vesperam
3050 619 3115 662 se
3159 605 3372 661 videns
3416 605 3710 675 grandem
3746 606 3897 664 soli-

2240 698 2463 756 dorum
2525 715 2855 758 numerum
2905 701 3374 773 conquisivisse.
3430 702 3504 758 ad
3563 705 3899 761 macellum

2241 797 2436 854 laetus
2487 797 2770 861 intendit,
2827 813 3002 856 escas
3059 799 3380 856 refectioni
3422 814 3571 857 suae
3620 816 3902 858 necessa-

2241 893 2364 950 rias
2416 901 2837 966 coempturus.
2895 895 3054 964 Quas
3109 911 3251 953 cum
3313 898 3620 969 coepisset
3673 913 3903 971 magno

2239 991 2583 1050 solidorum
2626 994 2829 1065 pretio
2878 1007 3265 1064 comparare,
3326 994 3612 1066 expensis
3653 995 3713 1051 in
3747 1011 3894 1066 per—

2239 1089 2460 1161 exiguo
2515 1090 2678 1147 victu
2730 1090 3038 1148 universis
3098 1106 3253 1163 quos
3305 1092 3681 1164 acquisierat
3739 1093 3906 1151 soli-

2239 1186 2356 1251 dis,
2410 1201 2484 1245 ne
2533 1188 2718 1245 unius
2766 1189 3021 1260 quidem
3072 1189 3312 1245 denarii
3363 1189 3568 1247 intulit
3625 1191 3896 1248 lucrum.

2241 1284 2520 1356 Cumque
2552 1285 2635 1342 ita
2665 1285 2931 1358 singulis
2960 1287 3186 1345 diebus
3211 1287 3685 1358 acquisitionem
3720 1304 3902 1346 suam

2241 1381 2496 1440 vidisset
2537 1383 2790 1448 insumi,
2841 1389 2905 1440 ut
2955 1399 3076 1442 non
3108 1385 3312 1442 solum
3359 1385 3511 1442 nihil
3560 1386 3900 1458 redigeret,

2241 1481 2347 1537 sed
2395 1481 2498 1537 vix
2544 1482 2741 1553 ipsam
2792 1483 3193 1554 quotidianae
3247 1484 3630 1540 substantiae
3680 1500 3907 1542 neces-

2241 1578 2482 1634 sitatem
2539 1586 2742 1649 posset
2790 1580 3064 1650 explere,
3115 1581 3278 1651 apud
3331 1581 3747 1652 semetipsum
3807 1597 3902 1638 re-

2241 1675 2513 1748 cogitans
2545 1697 2555 1729 :
2591 1676 2902 1744 Revertar,
2938 1676 3160 1749 inquit,
3195 1679 3271 1734 ad
3307 1678 3626 1735 civitatem
3668 1693 3900 1746 meam,

2243 1773 2548 1845 illumque
2601 1780 2876 1844 repetam
2931 1775 3367 1832 tenuissimum
3418 1782 3772 1847 quaestum,
3827 1792 3904 1833 ex

2243 1885 2369 1944 quo
2416 1871 2569 1928 mihi
2615 1871 2858 1943 expleta
2915 1873 3086 1930 omni
3145 1873 3433 1944 corporis
3489 1889 3663 1941 cura,
3729 1875 3901 1946 quod

2244 1969 2320 2027 ad
2373 1971 2881 2027 sustentationem
2924 1971 3259 2028 senectutis
3305 1979 3713 2043 accresceret,
3748 1987 3906 2044 quo-

2244 2066 2478 2126 tidiana
2535 2067 2940 2125 exuberantia
2995 2068 3381 2126 conferebat.
3449 2068 3622 2136 Quod
3683 2085 3905 2141 quam-

2245 2165 2337 2222 vis
2365 2178 2625 2236 parvum
2659 2165 2977 2224 videretur
3009 2173 3068 2224 et
3098 2171 3304 2238 tenue,
3341 2181 3458 2224 non
3513 2167 3902 2226 mediocrem

2246 2269 2452 2320 tamen
2483 2277 2793 2321 summam
2839 2264 2963 2336 iugi
2999 2264 3279 2335 pariebat
3323 2269 3678 2337 augmento.
3709 2266 3904 2334 Quae-

2247 2361 2518 2418 stuosior
2574 2363 2809 2437 quippe
2882 2363 3037 2419 mihi
3099 2363 3212 2420 fuit
3289 2363 3392 2420 ille
3467 2379 3898 2430 nummorum,

2246 2474 2436 2531 quam
2487 2460 2601 2516 iste
2648 2460 2996 2517 solidorum
3030 2460 3438 2532 imaginarius
3486 2468 3797 2533 quaestus,
3829 2477 3904 2519 ex

2247 2571 2373 2628 quo
2427 2571 2546 2613 non
2597 2557 2800 2614 solum
2841 2555 3023 2614 'niliil
3078 2559 3402 2631 exuberat,
3458 2558 3625 2631 quod
3687 2574 3903 2617 recon-

2247 2654 2411 2722 dam,
2449 2654 2555 2711 sed
2600 2655 2786 2711 etiam
2828 2655 2931 2712 vix
2971 2655 3106 2727 ipsa
3145 2655 3491 2727 quotidiani
3549 2657 3744 2713 victus
3801 2672 3906 2714 ne-

2248 2751 2500 2810 cessitas
2555 2752 2915 2809 sustinetur.
2979 2753 3045 2810 Et
3114 2752 3348 2811 idcirco
3416 2755 3645 2811 rectius
3719 2755 3904 2813 nobis

2249 2856 2359 2921 est,
2423 2851 2586 2908 hunc
2629 2851 2986 2908 solitudinis
3033 2852 3216 2908 huius
3265 2852 3700 2909 tenuissimum
3765 2853 3906 2911 fru-

2249 2953 2416 3005 ctum
2471 2948 2787 3020 indirupta
2845 2949 3099 3020 iugitate
3158 2951 3405 3020 sectari,
3461 2965 3647 3022 quem
3698 2952 3904 3008 nullae

2250 3046 2599 3104 saeculares
2641 3060 2853 3117 curae,
2909 3047 3113 3105 nullae
3169 3047 3516 3104 mundanae
3571 3046 3903 3106 distentio-

2250 3158 2378 3207 nes,
2428 3143 2597 3200 nulla
2627 3144 3007 3201 cenodoxiae
3039 3159 3108 3201 ac
3152 3144 3436 3201 vanitatis
3479 3145 3729 3202 arrodat
3779 3149 3905 3202 ela-

2249 3241 2358 3306 tio,
2420 3241 2626 3298 nullae
2682 3241 3133 3299 sollicitudines
3190 3242 3450 3298 diurnae
3519 3243 3905 3301 necessitatis

2249 3339 2622 3396 imminuant
2675 3336 2780 3415 (5).
2845 3358 2874 3393 »
2937 3339 3080 3398 Uter
3135 3341 3540 3399 Macariorum
3599 3343 3691 3399 vel
3748 3358 3900 3398 num

2249 3437 2507 3495 omnino
2577 3451 2736 3494 unus
2787 3451 2860 3495 ex
2919 3437 2998 3494 iis
3059 3437 3554 3510 pulcherrimam
3625 3438 3900 3497 fabulam

2251 3535 2577 3598 invenerit,
2610 3549 2731 3592 non
2753 3535 3040 3592 traditur.

2331 3633 2456 3689 iam
2525 3633 2842 3690 recensitis
2892 3632 3162 3691 Cassiani
3215 3648 3468 3706 quoque
3522 3633 3898 3692 testimoniis

2251 3731 2448 3788 libros
2500 3730 2613 3786 VV.
2675 3731 2778 3788 PP.
2841 3746 2875 3788 a
2948 3731 3272 3790 Rosweido
3340 3732 3563 3804 editos,
3623 3747 3899 3804 quorum

2248 3828 2586 3901 scriptores
2635 3834 2819 3901 atque
2876 3833 3138 3887 aetatem
3196 3829 3554 3902 ignoramus
3627 3827 3739 3902 (6),
3797 3845 3903 3887 ex-

2249 3927 2578 3985 cutiamus.

2795 4067 2963 4138 132
2998 4063 3237 4122 CAPUT
3265 4061 3356 4119 v1.

2249 4207 2709 4251 COLLECTIONIS
2767 4209 3270 4252 ROSWEIDIANAE
3338 4210 3529 4252 LIBER
3583 4211 3898 4262 TERTIUS,

2330 4305 2929 4358 OUINTUS,SEXTUS,
2947 4308 3185 4350 SEPTIM
3199 4309 3274 4351 US
3291 4309 3599 4352 VITARUM
3616 4309 3901 4353 PA'l‘RUM

2329 4406 2410 4447 ET
2470 4403 2876 4448 SENTENTIAE
2940 4406 3219 4449 PATRUM
3280 4407 3760 4450 AEGYPTIORUM
3821 4407 3907 4449 DE

2326 4502 2598 4547 SANC'I‘IS
2621 4503 2930 4546 MACARIIS
2951 4503 3276 4547 AEGYP'I‘IO
3300 4505 3380 4545 ET
3403 4505 3898 4548 ALEXANDRINO.

2326 4621 2355 4700 ἓ
2395 4625 2489 4682 32.
2536 4623 2717 4681 Liber
2760 4623 2978 4680 tertius
3021 4622 3131 4678 VV.
3169 4622 3270 4679 PP.
3322 4621 3709 4681 collectionis
3749 4624 3897 4682 Ros~

2245 4721 2586 4779 weidianae
2617 4721 2888 4777 sedecim
2940 4719 3229 4777 historias
3279 4720 3354 4777 de
3407 4721 3686 4778 Macariis
3738 4736 3903 4779 con-

2244 4818 2424 4876 tinet.
2455 4819 2729 4887 Quarum
2774 4821 3066 4890 quatuor,
3101 4817 3178 4874 de
3207 4818 3482 4885 homine,
3537 4820 3643 4890 qui
3689 4819 3905 4876 caedis

2244 4932 2411 4986 reus,
2463 4917 2620 4974 facta
2672 4932 2704 4973 a
2752 4916 3017 4973 Macario
3069 4915 3369 4987 Aegyptio
3411 4915 3528 4973 viri
3583 4915 3772 4974 occisi
3816 4917 3901 4973 ad

2243 5018 2433 5073 vitam
2485 5015 2900 5082 revocatione,
2960 5012 3262 5070 liberatus
3317 5017 3408 5071 est
3470 5011 3581 5090 (7),
3648 5014 3725 5072 de
3776 5027 3902 5071 uva

2314 5199 2392 5271 (4)
2433 5198 2741 5254 Mémoires
2779 5199 2842 5254 τ.
2873 5197 2993 5251 Vill
3025 5197 3087 5251 P.
3119 5197 3187 5251 IlI
3221 5211 3286 5268 p.
3325 5196 3484 5254 1001.

2313 5289 2392 5360 (5)
2433 5288 2574 5344 Coll.
2620 5288 2780 5344 XXIV
2831 5302 2964 5357 cap.
3013 5287 3080 5341 13
3121 5286 3385 5342 Cassiani
3418 5289 3566 5358 Opp.
3600 5285 3702 5344 ed.
3745 5288 3890 5347 Gaz.

2245 5393 2304 5451 p.
2328 5379 2452 5443 618,
2486 5377 2673 5448 Migne
2701 5395 2754 5448 p.
2783 5376 2917 5430 1301
2967 5392 3059 5447 sq.

2311 5467 2393 5540 (6)
2434 5465 2860 5538 Cf.supraHO
2901 5480 2959 5538 p.
3001 5466 3095 5520 34.

2316 5559 2394 5629 ('1)
2425 5555 2541 5612 VV.
2571 5556 2680 5610 PP.
2715 5559 2917 5615 Rosw.
2963 5555 3065 5612 lib.
3107 5555 3175 5611 lli
3205 5571 3341 5628 cap.
3369 5556 3434 5612 41
3470 5571 3531 5628 p.
3561 5554 3689 5622 507,
3726 5554 3781 5612 1.
