4080 6208
181 265 259 324 45
1129 214 1158 224 κ’
1709 252 1786 310 VI‘

1886 223 1942 314 ΕΣ
3441 263 3541 318 iss

174 392 402 451 Macario
457 388 866 448 Alexandrino
919 384 1107 443 missa
1167 381 1278 461 (ι),
1337 382 1416 441 de
1473 381 2480 461 daemone;A;dicis,quiaomnes
2528 385 2687 446 mihi
2744 387 3039 446 contrarii
3089 387 3231 446 facti
3286 391 3449 453 sunt,
3485 391 3546 444 et

167 490 405 551 eundem
452 487 784 546 Macarium
833 484 912 542 ad
953 482 1280 540 collectam
1325 479 1622 537 invitante
1667 476 1812 557 (Μ
1862 476 2103 557 [nullus
2164 485 2320 542 meis
2391 486 2674 543 consiliis
2737 486 3100 557 acquiescit.
3154 484 3224 542 Et
3277 485 3430 544 dicit
3485 483 3543 542 ei

168 588 228 646 de
285 584 578 644 sententia
633 582 930 655 denique,
1003 591 1220 636 verum
1287 577 1664 635 monachum
1718 576 1812 655 in]
1863 576 2126 655 lsenex:
2184 583 2340 655 Ergo
2387 583 2630 641 nullum
2679 583 2869 640 habes
2924 585 3199 640 amicum
3262 584 3290 642 ζ)
3335 584 3545 641 Atille

577 682 635 740 io
687 691 1008 752 nunquam
1069 675 1147 734 ad
1200 673 1591 733 iracundiam
1641 673 1812 752 mo—l
1863 673 2216 752 [respondit
2298 697 2312 735 :
2401 681 2599 738 Unum
2668 679 2867 737 habeo
2912 681 3208 751 amicum,
3257 682 3354 737 vel
3409 681 3545 752 ipse

1893 780 2198 835 consentit
2227 776 2405 844 mihi,
2448 785 2508 834 et
2563 778 2808 849 quoties
2861 791 2959 834 me
3014 777 3261 844 viderit,
3293 777 3415 836 huc
3442 785 3546 836 at-

1894 889 2016 946 que
2047 875 2199 932 illuc
2227 877 2351 933 cito
2376 875 2780 932 convertitur.
2811 877 3088 946 Cumque
3134 889 3361 933 nomen
3405 876 3543 934 eius

1893 974 1972 1030 ab
2001 987 2077 1030 eo
2109 973 2554 1045 requisivisset,
2585 972 2692 1039 ait,
2727 971 2874 1044 quia
2891 973 3354 1046 Theopemptus
3383 973 3542 1032 dici-

1877 1069 2014 1130 s’tur.
2067 1069 2434 1128 Discedente
2483 1072 2590 1129 illo
2641 1085 2786 1128 mox
2825 1073 3095 1128 surrexit
3125 1074 3318 1128 abbas
3345 1072 3541 1130 Maca-

1894 1169 2024 1226 rius
2044 1174 2104 1226 et
2126 1170 2446 1227 descendit
2475 1170 2551 1227 ad
2609 1169 2973 1226 inferiorem
3013 1182 3320 1226 eremum.
3366 1171 3539 1238 Quod

1891 1281 2035 1325 cum
2065 1267 2407 1324 audiissent
2433 1268 2677 1342 fratres,
2735 1266 2967 1339 egressi
2993 1274 3136 1346 sunt
3162 1267 3253 1323 illi
3288 1268 3540 1326 obviam

1891 1370 1951 1424 et
1991 1366 2420 1438 unusquisque
2463 1379 2740 1438 sperans,
2797 1365 2965 1438 quod
3024 1364 3191 1438 apud
3221 1379 3286 1422 se
3325 1379 3543 1424 mane-

1795 1423 1812 1536 !
1860 1423 2006 1536 ἔτει,
2066 1423 2461 1536 praeparavit
2498 1423 2589 1522 se.
2651 1467 2724 1521 At
2775 1423 2881 1522 ille
2945 1423 3273 1536 requirens
3319 1465 3542 1524 cellam

1860 1525 2296 1648 ETheopempti
2327 1562 2405 1619 ad
2436 1576 2583 1619 eum
2609 1563 2923 1634 profectus
2948 1525 3059 1619 est:
3095 1563 3375 1633 Cumque
3399 1577 3542 1621 cum

162 1663 268 1720 eius
305 1661 647 1728 didicisset,
696 1659 1003 1733 patefacto
1051 1658 1219 1714 senis
1255 1655 1544 1731 consilio,
1595 1670 1672 1713 ne
1718 1643 1808 1733 ei]
1859 1643 2114 1733 Egaudio
2134 1660 2315 1718 illum
2344 1663 2736 1732 suscepisset,
2805 1668 2864 1717 et
2915 1665 3120 1718 essent
3151 1662 3402 1732 utrique
3447 1661 3541 1718 si-

158 1761 336 1818 vinum
386 1761 812 1834 porrigerent,
868 1757 1258 1826 coniurabat,
1317 1763 1625 1812 tormenta
1679 1754 1866 1842 illi]B_
1889 1761 2019 1816 mul
2045 1759 2186 1830 soli,
2216 1757 2374 1815 dixit
2401 1760 2460 1816 ei
2490 1773 2678 1816 senex
2713 1779 2724 1818 :
2761 1757 3302 1827 Quemadmodum
3329 1767 3421 1815 est
3453 1764 3537 1817 te-

163 1860 333 1930 potius
370 1873 501 1917 esse
566 1870 762 1930 quam
827 1856 1051 1928 pocula
1117 1852 1526 1912 manifestans
1597 1855 1707 1930 (5).
1745 1850 1808 1930 »Ἰ
1859 1850 2053 1929 δίἐιιιῐι,
2109 1854 2357 1913 tili?At
2382 1857 2488 1914 ille
2550 1858 2872 1928 respondit
2928 1856 3378 1915 :Orationibus
3419 1858 3540 1915 tuis

162 1956 298 2014 ldem
348 1957 412 2014 in
459 1956 634 2016 libro
687 1955 911 2028 quinto
955 1951 1039 2031 (6)
1089 1955 1334 2026 legitur,
1381 1957 1444 2009 et
1468 1965 1687 2025 graece
1716 1939 1809 2031 inﬂ
1860 1939 2049 2012 "bene
2103 1968 2264 2012 sum.
2319 1955 2388 2011 Et
2441 1955 2526 2012 ait
2572 1969 2807 2012 senex:
2877 1955 3010 2012 Non
3063 1962 3120 2011 te
3176 1954 3540 2027 impugnant

168 2054 691 2128 Apophthegmatis
741 2068 779 2110 a
825 2030 1132 2112 Cotelerio
1175 2050 1380 2118 editis,
1432 2064 1469 2106 a
1509 2030 1810 2132 quoruij
1860 2035 2294 2132 cogitationes
2401 2050 2432 2111 “7
2531 2055 2605 2110 At
2669 2052 2774 2109 ille
2858 2052 3179 2124 respondit
3229 2071 3242 2114 :
3297 2054 3531 2111 interea

163 2156 533 2225 compilatore
601 2153 678 2212 ad
752 2151 1092 2210 Macarium
1152 2149 1526 2222 Aegyptium
1588 2143 1811 2225 refer-3
1865 2143 2051 2208 bene
2131 2165 2300 2209 sum.
2395 2150 2813 2208 Erubescebat
2896 2153 3064 2209 enim
3148 2154 3375 2214 dicere.
3468 2153 3538 2210 Et

166 2259 244 2310 tur
291 2252 392 2328 (7).
450 2251 585 2310 Pro
641 2271 673 2308 α
717 2252 1212 2324 quotiescunque
1269 2261 1415 2306 cum
1485 2237 1811 2328 fratribus“!
1873 2248 2046 2328 dixit
2118 2250 2175 2306 ei
2250 2263 2438 2307 senex
2515 2267 2529 2308 :
2607 2251 2761 2307 Ecce
2821 2255 2973 2322 quot
3025 2267 3220 2312 annos
3276 2267 3418 2313 sum
3464 2253 3528 2310 in

165 2326 648 2409 facta-charitate
713 2349 1053 2415 reficiebat,
1110 2369 1134 2400 ι
1196 2346 1264 2404 in
1325 2360 1547 2418 graeco
1602 2351 1694 2404 est
1739 2326 1811 2422 ei?
1873 2326 2248 2414 solitudine,
2305 2353 2364 2405 et
2418 2347 2498 2404 ab
2549 2347 2844 2405 omnibus
2876 2351 3174 2422 honoror,
3236 2354 3386 2411 etin
3416 2353 3531 2408 hac

165 2444 402 2516 τὶιαίρησε
437 2447 585 2518 μετὰ
627 2440 882 2515 ἀδελφῶν,
954 2445 1018 2502 in
1105 2445 1272 2502 libro
1341 2444 1562 2516 quinto
1643 2464 1666 2498 ι
1730 2444 1783 2502 Si

1891 2452 2109 2512 aetate,
2131 2459 2276 2503 cum
2297 2445 2418 2502 sim
2447 2460 2655 2510 senex,
2700 2449 3027 2506 molestant
3084 2450 3257 2523 134
3307 2465 3408 2508 me
3437 2462 3541 2507 co-

166 2549 364 2604 vacavit
408 2547 584 2605 inter
629 2547 872 2612 fratres,
925 2562 956 2598 ι)
1003 2556 1196 2616 quare
1241 2541 1357 2598 illa
1405 2541 1534 2601 noli
1562 2528 1811 2620 perpe—f
1890 2543 2217 2616 gitationes
2281 2559 2479 2604 meae.
2557 2546 2898 2618 Respondit
2968 2547 3432 2622 'l‘beopemptus
3519 2561 3536 2606 :

164 2655 272 2701 iam
316 2645 691 2719 intelligere.
745 2644 990 2701 Fratres
1035 2641 1231 2700 Scetis
1285 2637 1456 2708 133
1505 2643 1649 2700 vino
1687 2623 1810 2700 re-'
1891 2642 2087 2700 Crede
2115 2643 2296 2710 mihi,
2343 2644 2526 2710 abba,
2578 2645 2727 2716 quia
2774 2643 3065 2703 similiter
3121 2653 3179 2704 et
3237 2648 3393 2705 mihi
3439 2645 3539 2704 fa-

165 2741 321 2800 iectos
382 2757 516 2802 esse
594 2758 630 2800 a
700 2739 1244 2800 verisimilitudine
1305 2740 1626 2807 abhorret,
1696 2721 1810 2797 ita'
1889 2741 2080 2800 ciunt.
2117 2741 2286 2798 Tunc
2338 2755 2528 2799 senex
2582 2742 2854 2815 singulas
2898 2745 3303 2816 cogitationes
3356 2744 3534 2818 quasi

1776 597 1781 632 Ι

1776 1181 1784 1221 ἱ

1776 1287 1781 1319 ι

1776 1393 1782 1414 ν

165 879 460 953 gnovimus
519 874 628 954 (4).
687 873 1028 933 Duodecim
1095 876 1342 930 ceterae
1393 869 1509 926 hae
1563 875 1706 927 sunt
1765 869 1790 954 ις

235 997 261 1032 ι
306 978 506 1034 Abbas
555 973 860 1033 Macarius
909 969 1401 1044 quotiescunque
1464 981 1610 1026 cum
1665 970 1783 1025 fra-

166 2844 214 2896 ut
261 2841 315 2899 in
364 2840 730 2909 itineribus,
792 2853 952 2912 quae
1009 2838 1315 2896 Macarius
1370 2840 1448 2895 ad
1506 2835 1809 2896 invisen-’
1888 2853 1954 2895 se
1995 2841 2432 2912 impugnautes
2484 2839 2774 2914 ﬁngebat,
2835 2856 3160 2914 usquequo
3210 2851 3408 2902 totum
3441 2843 3532 2902 illi

163 2936 250 2995 dos
295 2939 507 2998 fratres
582 2937 897 2996 interdum
955 2935 1227 2996 faciebat
1291 2937 1402 3012 (8),
1475 2936 1538 2994 id
1607 2931 1807 2994 acci-‘
1889 2937 2352 3010 Theopemptus
2378 2939 2801 2996 confiteretur.
2845 2940 2986 2997 Post
3036 2942 3188 2999 haec
3218 2941 3375 3000 dixit
3421 2942 3529 2999 ei:

163 3034 293 3094 disse
335 3038 722 3096 existimem.
1888 3033 2428 3102 Quemadmodum
2456 3035 2694 3092 ieiunas
2727 3032 2756 3089 ?
2785 3039 2860 3093 At
2889 3036 3000 3094 ille
3027 3037 3181 3095 dicit
3205 3039 3264 3096 ei
3290 3054 3303 3092 :
3335 3039 3538 3111 Usque

228 3154 247 3183 ι
281 3135 474 3194 Abbas
522 3134 837 3194 Macarius
877 3133 1031 3192 dum
1074 3133 1142 3191 in
1183 3133 1291 3192 illa
1320 3131 1678 3206 solitudine,
1711 3133 1776 3192 in
1820 3117 1859 3171 (ἶ
1889 3131 1968 3189 ad
2011 3147 2259 3191 nonam.
2317 3133 2428 3191 Cui
2457 3147 2644 3190 senex
2672 3134 2759 3190 ait
2793 3152 2805 3190 :
2840 3134 3039 3206 Usque
3073 3136 3150 3193 ad
3210 3150 3530 3208 vesperam

166 3244 261 3302 qua
293 3236 454 3292 solus
492 3239 660 3307 erat,
711 3238 1015 3303 maneret,
1064 3231 1328 3290 inferior
1356 3241 1564 3290 autem
1593 3235 1780 3305 plena
1890 3229 2122 3302 ieiuna,
2156 3238 2216 3289 et
2249 3232 2327 3290 de
2376 3231 2710 3305 Evangelio
2742 3234 2836 3290 vel
2874 3235 2953 3290 de
3002 3233 3143 3292 aliis
3198 3236 3538 3308 Scripturis

165 3337 293 3387 esset
331 3334 542 3391 multis
587 3332 914 3396 fratribus,
960 3343 1103 3387 sero
1145 3343 1260 3402 per
1304 3330 1468 3387 viam
1511 3331 1779 3388 circum-
1889 3330 2023 3388 sine
2071 3331 2412 3388 cessatione
2463 3345 2714 3402 semper
2761 3333 3001 3405 aliquid
3054 3333 3359 3392 meditare
3399 3350 3415 3404 ;
3476 3340 3538 3392 et

166 3427 446 3503 spiciebat,
493 3435 557 3488 et
612 3428 771 3487 vidit
844 3429 1214 3486 daemonem
1285 3429 1635 3486 venientem
1714 3428 1778 3487 in
1889 3430 2134 3502 quoties
2160 3429 2275 3487 tibi
2327 3429 2537 3502 aliqua
2593 3430 2918 3488 immunda
2972 3433 3265 3504 cogitatio
3318 3446 3538 3506 super-

166 3522 322 3595 ﬁgura
368 3528 672 3595 hominis,
730 3525 1020 3585 vestitum
1072 3527 1284 3584 tunica
1330 3525 1498 3584 linea
1575 3528 1780 3599 perfo-
1889 3528 2147 3602 venerit,
2180 3541 2500 3600 nunquam
2554 3529 2847 3586 deorsum
2895 3529 3182 3603 aspicias,
3237 3531 3348 3589 sed
3395 3545 3540 3591 sur-

166 3631 290 3691 rata,
335 3631 396 3683 et
443 3639 561 3698 per
626 3625 872 3698 singula
921 3623 1231 3682 foramina
1281 3629 1531 3682 vascula
1590 3639 1778 3696 parva
1888 3641 2052 3692 sum,
2075 3632 2137 3684 et
2161 3640 2308 3685 mox
2336 3628 2632 3684 Dominus
2684 3627 2797 3684 tibi
2854 3627 3102 3686 adiutor
3132 3636 3242 3688 est.
3278 3630 3348 3687 Et
3391 3643 3538 3688 mox

165 3717 577 3791 dependebant.
635 3724 709 3782 Et
759 3722 915 3781 dixit
963 3723 1062 3780 illi
1109 3736 1350 3781 senex:
1397 3723 1530 3791 Quo
1579 3723 1774 3792 vadis,
1887 3725 1974 3782 ita
1997 3725 2283 3782 discessit
2333 3726 2527 3782 abbas
2581 3725 2884 3784 Macarius
2938 3729 3005 3783 in
3033 3730 3361 3800 propriam
3386 3729 3535 3788 soli-

164 3819 436 3893 maligne?
466 3821 538 3880 Et
574 3822 901 3895 respondit
921 3819 978 3879 ei
1014 3837 1028 3877 :
1064 3821 1228 3880 Vado
1251 3835 1654 3880 commovere
1691 3821 1776 3899 (9)
1886 3824 2187 3881 tudinem.
2221 3825 2582 3895 iterumque
2634 3824 2798 3880 viam
2826 3824 3342 3896 circumspiciens
3381 3826 3537 3884 vidit

163 3915 346 3978 fratres
381 3921 522 3993 hos,
567 3921 683 3995 qui
717 3927 860 3979 sunt
881 3921 1167 3981 inferius.
1207 3921 1318 3979 (iui
1347 3935 1537 3978 senex
1567 3921 1726 3979 dixit
1759 3939 1772 3978 :
1887 3921 2256 3979 daemonem
2309 3922 2696 3988 redeuntem,
2755 3929 2817 3978 et
2869 3923 3136 3993 requirit
3173 3937 3318 3978 eum
3350 3940 3364 3980 :
3397 3923 3531 3990 Quo

164 4011 218 4071 Et
251 4027 491 4092 propter
516 4021 678 4093 quid
710 4023 799 4078 tot
834 4021 1084 4077 vascula
1113 4018 1240 4077 fers
1268 4024 1474 4077 tecum
1502 4018 1530 4078 Ὺ
1561 4021 1642 4077 At
1670 4019 1778 4078 ille
1887 4020 2060 4077 vadis
2086 4017 2114 4075 ‘2
2157 4023 2235 4076 At
2283 4018 2392 4075 ille
2431 4018 2752 4090 respondit
2787 4035 2798 4075 :
2856 4019 3059 4077 Simili
3113 4019 3302 4078 modo
3350 4034 3538 4079 com-

162 4110 320 4174 dixit:
377 4119 641 4176 Gustum
703 4119 840 4176 fero
899 4119 1223 4188 fratribus,
1281 4125 1343 4175 et
1407 4118 1554 4177 ideo
1607 4124 1777 4178 tanta
1888 4115 2278 4194 movere(lO)
2305 4117 2725 4176 fratres.t.‘.um
2745 4127 2954 4176 autem
2980 4126 3420 4188 reverteretur,
3441 4133 3537 4178 re-

164 4209 288 4278 fero,
327 4223 412 4290 ut,
438 4218 490 4274 si
531 4230 731 4275 unum
761 4215 1175 4289 displicuerit,
1217 4215 1542 4275 ostendam
1574 4217 1770 4286 aliud,
1885 4216 2140 4290 quisivit
2211 4231 2380 4289 eum,
2436 4218 2970 4289 quemadmodum
3014 4219 3530 4290 agerentfratres.

165 4312 273 4367 etsi
311 4315 457 4373 illud
500 4329 629 4373 non
658 4317 878 4388 placet,
923 4315 1245 4387 porrigam
1289 4316 1460 4373 aliud
1495 4332 1511 4382 ;
1545 4321 1608 4373 et
1635 4316 1773 4373 fieri
1887 4318 1962 4372 At
1989 4315 2096 4372 ille
2150 4313 2354 4372 dixit:
2417 4315 2593 4383 Male,
2652 4316 2953 4388 quoniam
2999 4331 3218 4374 omnes
3264 4324 3534 4391 agrestes

165 4419 261 4466 non
293 4419 507 4486 potest,
554 4414 676 4472 nisi
708 4427 900 4472 unum
948 4428 1022 4471 ex
1063 4414 1218 4485 ipsis
1247 4414 1502 4486 aliquod
1533 4413 1775 4486 placeat
1809 4475 1849 4488 ﬁ
1885 4411 2084 4471 eﬁecti
2140 4418 2304 4481 sunt,
2363 4419 2444 4479 et,
2493 4413 2662 4486 quod
2714 4414 2792 4471 de
2847 4416 3144 4473 omnibus
3180 4419 3360 4488 peius
3414 4422 3532 4482 est,

168 4502 240 4559 iis.
277 4475 341 4566 Iit
366 4475 517 4570 haec
561 4513 776 4569 dicens
821 4475 1126 4570 discessit.
1170 4475 1773 4571 Permansit-autem
1807 4475 1853 4530 Β
1882 4525 2029 4569 eum
2097 4525 2288 4584 quem
2371 4475 2561 4570 habui
2653 4513 2928 4570 amicum
3001 4521 3062 4572 et
3135 4475 3533 4573 obedientem

166 4615 317 4664 senex
365 4609 598 4668 iterum
650 4611 814 4667 viam
855 4611 1398 4684 circumspiciens,
1447 4625 1774 4684 usquequo
1881 4609 2063 4680 mihi,
2121 4609 2255 4680 ipse
2306 4610 2516 4668 nescio
2558 4611 2878 4682 quomodo
2924 4624 3261 4669 conversus
3306 4619 3422 4685 est,
3470 4619 3534 4670 et

168 4704 378 4772 rediret,
436 4714 519 4780 et,
575 4722 720 4767 cum
774 4708 1031 4777 rediret,
1091 4712 1245 4767 dicit
1289 4710 1396 4766 ei:
1453 4709 1766 4768 Salveris!
1881 4707 2177 4766 omnibus
2213 4707 2487 4779 amplius
2529 4709 2815 4780 asperior
2870 4708 3024 4766 milii
3084 4709 3252 4766 visus
3302 4713 3412 4769 est.
3464 4709 3534 4767 Et

168 4796 292 4860 Dicit
335 4813 392 4864 et
443 4807 553 4866 ille
602 4825 617 4866 :
671 4807 996 4876 Quomodo
1055 4807 1221 4867 istud
1278 4807 1437 4866 mihi
1499 4809 1766 4867 verbum
1880 4805 2128 4879 iuravit,
2189 4819 2315 4864 non
2373 4805 2463 4864 ibi
2519 4808 2838 4879 accedere,
2899 4807 3021 4866 nisi
3082 4813 3221 4880 post
3258 4808 3530 4867 multum

218 5023 283 5091 (ι)
310 5023 417 5080 vv.
457 5027 566 5085 PP.
617 5029 853 5084 Rosow.
885 5027 994 5083 lib.
1021 5027 1095 5082 ιιι
1129 5042 1264 5099 cap.
1304 5027 1374 5082 is
1398 5043 1450 5100 p.
1478 5027 1680 5098 507,2.

1886 5026 2186 5085 Macarius
2218 5026 2548 5097 Aegyptius
2572 5026 2596 5086 ἓ
2621 5026 2674 5081 Χ
2709 5044 2722 5097 ;
2750 5027 2907 5084 infra
2949 5028 3010 5084 in
3050 5028 3269 5084 harum
3307 5028 3534 5094 Quaes-

218 5110 280 5182 ϐ)
304 5113 443 5171 Ibid.
474 5132 617 5188 cap.
637 5116 703 5170 43
744 5132 804 5188 p.
834 5116 962 5183 507,
1004 5115 1059 5173 2.

1886 5118 2111 5174 bonum
2135 5115 2482 5188 Appendice
2504 5115 2692 5173 altera
2720 5117 2837 5173 sub
2875 5117 2968 5173 ιιι.

218 5199 284 5270 (3)
309 5203 448 5260 ibid.
499 5221 635 5276 cap.
664 5205 730 5259 87
759 5221 821 5278 p.
841 5205 971 5270 513,
999 5207 1057 5260 2.
1949 5208 2024 5280 (8)
2045 5206 2140 5263 Sic
2172 5207 2505 5262 monachos
2520 5205 2737 5264 Nitriae
2756 5207 3052 5266 Macarius
3081 5209 3410 5282 Aegyptius
3435 5208 3534 5266 iu-

216 5288 516 5365 (001.526
545 5310 608 5366 ρ.
651 5295 774 5350 110.
808 5295 930 5350 M3.
978 5297 1008 5368 ς
1061 5295 1134 5352 24
1175 5310 1234 5368 p.
1281 5296 1389 5352 103
1415 5311 1510 5369 sq.
1541 5295 1664 5368 ςεδ
1702 5312 1764 5370 p.

1886 5298 2067 5354 visere
2096 5297 2346 5353 solebat.
2389 5295 2470 5352 Cf.
2488 5295 2692 5368 infra§
2721 5297 2812 5352 34.

167 5374 246 5430 illi
268 5396 346 5453 sq.
375 5383 402 5454 ς
431 5385 490 5438 Π
519 5401 582 5456 p.
609 5385 677 5438 65
708 5401 799 5458 sq.
1949 5386 2024 5458 (9)
2056 5386 2170 5452 Sic,
2201 5385 2358 5443 facili
2373 5385 2549 5457 lapsu
2576 5401 2682 5457 pro
2718 5402 3098 5454 commonere,
3133 5392 3196 5443 ut
3218 5391 3305 5444 est
3340 5388 3403 5444 in
3421 5387 3532 5447 lib.

219 5467 282 5538 (5)
310 5475 530 5544 Cap.53
550 5477 593 5530 ι.
627 5474 666 5529 l.
695 5491 756 5547 p.
794 5475 932 5542 509,
960 5476 1015 5532 1.
1877 5477 1999 5533 νιιι
2027 5493 2160 5549 cap.
2187 5479 2238 5546 t,
2259 5477 2320 5535 8.
2350 5477 2683 5534 Cod.Corb.
2715 5484 3154 5535 commonereet
3173 5479 3526 5538 admonere.

221 5556 399 5620 lGiVV.
429 5563 526 5621 PP.
545 5567 737 5622 Βοῦν.
762 5565 873 5623 lib.
909 5565 952 5622 V
980 5565 1161 5622 libell.
1189 5565 1246 5634 Δ,
1276 5567 1349 5622 26
1377 5581 1438 5639 p.
1479 5565 1604 5635 569,
1635 5568 1692 5623 2.

1886 5567 1962 5624 Cf.
1989 5565 2238 5624 Coteler.
2290 5567 2444 5623 Eccl.
2486 5567 2693 5624 Graec.
2715 5570 2868 5626 Mon.
2895 5569 2955 5625 Τ.
2987 5569 3010 5622 ι
3047 5584 3108 5642 p.
3131 5570 3236 5625 813
3267 5569 3346 5628 ad
3378 5569 3446 5630 h.
3477 5569 3523 5630 ι.

222 5645 536 5716 (7)00teler.
561 5655 712 5711 Eccl.
744 5653 952 5713 Graec.
991 5658 1144 5714 Mon.
1182 5656 1247 5712 T.
1286 5657 1308 5712 ι
1347 5673 1410 5730 p.
1447 5657 1556 5712 533
1595 5674 1646 5713 s.
1696 5672 1766 5718 v.
1948 5659 2062 5730 (10)
2084 5657 2176 5714 Sic
2195 5671 2312 5730 pro
2341 5670 2726 5717 commonere.
