4080 6208
494 247 593 305 127
1360 248 1466 303 SS.
1512 248 2001 306 MACARIORUM
2043 245 2373 309 AEGYPTII
2416 256 2500 311 ET
2539 249 3031 308 ALEXANDRIN.

3797 250 3909 305 128

491 382 760 451 tempus,
792 383 851 435 et
881 377 1031 435 haec
1080 377 1293 436 dicens
1348 378 1628 437 discessit
1659 376 1771 455 (l).
1838 399 1867 435 »
1903 377 2130 436 Eadem
2164 373 2208 426 A
2240 381 2426 442 editis
2450 380 2600 461 (lli).
2638 381 2862 439 Fusius
2908 385 3112 438 tamen
3155 377 3373 436 eadem
3414 391 3513 435 res
3550 377 3668 435 hoc
3697 376 3906 436 altero

489 475 553 534 in
626 476 789 534 libro
860 476 1079 547 quinto
1152 474 1261 553 (2),
1308 483 1368 535 et
1433 478 1702 550 septimo
1754 475 1862 553 (3),
1924 472 1987 534 ef
2069 476 2131 533 in

2246 482 2853 555 Apophthegmatum
2911 479 3046 538 loco
3116 476 3461 549 explicatur
3521 493 3533 531 ε
3595 496 3618 528 ι
3679 476 3910 533 Narra-

489 572 1040 646 Apophthegmatis
1112 589 1147 630 a
1235 574 1540 634 Cotelerio
1632 575 1817 633 editis
1868 575 2131 633 tradun-
2245 580 2412 651 bant,
2470 581 2532 637 in
2596 578 2872 636 absentia
2943 576 3191 634 Macarii
3274 574 3519 633 abbatis
3589 575 3901 631 latronem

486 678 587 730 tur
642 669 752 749 (li),
829 673 945 730 hoc
1014 672 1271 745 quidem
1332 674 1719 747 discrimine,
1779 680 1847 732 ut
1909 687 2132 731 mona-
2242 677 2589 750 ingressum
2676 691 2809 734 esse
2879 675 3171 733 cellulam
3243 674 3397 731 eius.
3491 672 3624 744 ipse
3700 672 3897 744 igitur

481 770 767 830 chusille
807 773 868 829 in
923 772 1141 844 quinto
1182 767 1551 840 Theoctistus,
1612 774 1675 831 in
1707 773 1996 844 septimo,
2021 769 2128 843 qui

480 874 757 927 ceterum
815 884 958 927 cum
1014 870 1179 927 libro
1237 871 1422 928 tertio
1478 870 1552 927 ad
1604 870 1864 928 verbum
1910 884 2129 928 conve-

474 966 612 1027 nire
658 968 815 1026 solet
874 965 985 1043 (5),
1042 963 1363 1044 Theopistus
1414 974 1721 1035 vocetur;
1783 968 1915 1026 sola
1968 970 2130 1039 Apo-

475 1066 873 1138 phthegmata
954 1080 1096 1123 cum
1185 1067 1349 1125 libro
1432 1065 1615 1125 tertio
1705 1062 2127 1142 Theopemptum

478 1163 815 1235 appellant.
854 1164 1046 1222 Porro
1078 1164 1139 1221 in
1173 1164 1547 1223 narrationis
1595 1165 1740 1223 libri
1773 1165 1973 1238 quinti
2007 1164 2126 1221 ﬁne

475 1261 674 1333 legis:
730 1280 760 1315 α
804 1259 1004 1319 Senex
1036 1276 1181 1319 vero
1232 1267 1481 1320 sanctus
1528 1262 1779 1321 intravit
1809 1262 1873 1320 in
1904 1262 2125 1319 cellam

473 1373 652 1417 suam
722 1361 987 1419 adorans
1053 1366 1115 1418 et
1181 1361 1409 1433 gratias
1478 1376 1663 1434 agens
1735 1362 1855 1419 Deo
1923 1360 2125 1417 Salva-

468 1458 612 1525 tori,
650 1477 680 1513 >2
713 1458 775 1515 in
836 1458 1389 1531 Apophthegmatis
1421 1475 1433 1515 :
1470 1480 1496 1509 «
1531 1458 1700 1516 Tunc
1745 1461 1993 1515 sanctus
2027 1458 2121 1515 in-

466 1556 657 1615 travit
679 1557 743 1614 in
784 1557 1005 1615 cellam
1038 1571 1235 1615 suam.
1275 1576 1304 1611 ι)
1332 1558 1479 1617 Uter
1527 1571 1675 1615 vero
1708 1556 2122 1615 Macariorum

468 1653 867 1727 intelligatur,
913 1654 1123 1713 dicere
1192 1656 1448 1714 haesito.
1514 1656 2120 1727 Apophthegmatum

468 1752 725 1825 quidem
773 1754 1147 1825 compilator
1181 1754 1519 1812 Macarium
1584 1753 1950 1826 Aegyptium
2009 1767 2115 1825 ag-

467 1850 659 1908 novit.
695 1851 815 1909 Nec
866 1865 1123 1924 prorsus
1179 1851 1497 1910 immerito
1543 1869 1554 1920 ;
1598 1853 1769 1925 135
1820 1865 1963 1909 nam
1997 1850 2121 1907 Ma-

466 1947 675 2007 carius
730 1949 1066 2022 Aegyptius
1106 1950 1326 2022 procul
1371 1950 1761 2023 aliquantum
1810 1965 1842 2006 a
1902 1962 2117 2006 mona-

469 2046 625 2115 chis,
700 2046 932 2121 quibus
1032 2054 1340 2121 praeerat,
1439 2047 1748 2105 habitasse
1830 2046 2124 2118 perhibe-

469 2149 572 2203 tur
638 2143 752 2221 (6).
845 2146 918 2204 At
987 2161 1192 2205 nonne
1239 2147 1313 2204 de
1375 2146 1640 2204 Macario
1702 2144 2120 2202 Alexandrino

468 2239 847 2302 Cellularum
880 2242 1428 2316 presbyteroidem
1462 2243 1690 2301 valebit
1719 2241 1749 2302 ἢ
1778 2242 1922 2300 Inde
1944 2256 2117 2314 vero,

467 2339 638 2413 quod
694 2340 1031 2398 Macarium
1092 2341 1268 2399 illum
1314 2342 1374 2398 in
1434 2355 1773 2413 paneremo
1809 2339 2119 2397 habitasse

469 2436 622 2509 legis
679 2434 790 2513 (7),
870 2438 1205 2496 Macarium
1280 2438 1650 2510 Aegyptium
1729 2437 1921 2495 fuisse
1994 2449 2116 2493 non

468 2539 656 2607 patet,
718 2541 1049 2609 propterea
1104 2536 1271 2608 quod
1321 2536 1507 2594 etiam
1542 2536 1813 2594 Cellulae
1841 2535 1904 2591 in
1932 2548 2120 2605 pane-

467 2646 646 2693 remo
700 2633 854 2691 sitae
918 2639 1114 2692 erant.
1174 2635 1370 2707 Atque
1438 2634 1772 2693 Macarium
1850 2630 2119 2689 Alexan-

466 2731 719 2790 drinum
777 2732 1081 2790 daemone
1116 2732 1509 2790 familiariter
1553 2746 1735 2790 usum
1766 2745 1900 2789 esse
1926 2744 2117 2802 supra

466 2830 870 2903 cognovimus
955 2827 1065 2905 (8).
1143 2830 1258 2889 Sed
1304 2829 1623 2903 quomodo
1680 2829 1947 2888 daemon
1996 2828 2119 2886 ho-

468 2926 670 2985 mines
710 2932 922 2994 tentet,
979 2928 1361 3001 singularem
1392 2928 1454 2986 in
1503 2928 1761 2986 modum
1814 2926 1869 2985 S.
1922 2925 2117 2983 Atha-

469 3025 678 3084 nasius
701 3025 764 3083 in
796 3026 919 3084 vita
948 3025 1007 3084 S.
1035 3027 1281 3084 Antonii
1312 3026 1642 3099 descripsit
1679 3023 1792 3101 (9).

551 3144 580 3175 «
617 3124 823 3182 Abbas
860 3125 1161 3182 Macarius
1229 3139 1373 3182 cum
1427 3130 1587 3182 esset
1634 3123 1696 3181 in
1749 3125 2024 3194 Aegypto
2056 3128 2119 3179 et

467 3235 749 3293 egressus
778 3221 994 3278 fuisset
1042 3222 1119 3278 de
1146 3222 1301 3279 cella
1356 3237 1487 3294 sua,
1549 3235 1836 3279 reversus
1884 3220 2117 3278 invenit

467 3319 779 3390 quendam
814 3318 1121 3376 furantem
1154 3318 1239 3385 id,
1275 3320 1439 3390 quod
1486 3319 1547 3376 in
1579 3317 1736 3376 cella
1780 3333 1888 3375 sua
1922 3318 2113 3375 liabe-

468 3415 592 3472 bat.
627 3414 804 3474 Stetit
826 3430 975 3487 ergo
1002 3420 1060 3472 et
1108 3418 1241 3488 ipse
1281 3421 1575 3487 tanquam
1634 3414 2021 3487 peregrinus,
2057 3420 2118 3473 et

464 3512 794 3571 carricavit
841 3510 967 3589 (10)
996 3513 1225 3571 animal
1255 3528 1399 3571 cum
1430 3513 1538 3572 illo
1584 3528 1728 3572 cum
1772 3514 1965 3571 multa
2006 3527 2113 3571 re-

468 3610 637 3683 quie,
694 3610 757 3669 et
812 3611 1106 3682 perduxit
1155 3625 1300 3668 eum
1341 3611 1597 3669 dicens:
1630 3610 1799 3668 Nihil
1855 3611 1917 3668 in
1950 3611 2115 3669 hunc

469 3709 773 3767 mundum
802 3708 1175 3775 intulimus;
1226 3709 1521 3768 Dominus
1576 3708 1771 3779 dedit,
1818 3709 2116 3767 Dominus

468 3806 771 3877 abstulit;
831 3806 987 3866 sicut
1033 3813 1095 3866 et
1121 3808 1255 3880 ipse
1285 3807 1500 3876 voluit,
1559 3808 1643 3866 ita
1674 3808 1905 3867 factum
1949 3812 2041 3866 est
2094 3824 2111 3881 ;

467 3905 829 3965 benedictus
846 3906 1142 3965 Dominus
1162 3906 1222 3965 in
1236 3907 1531 3966 omnibus
1560 3904 1718 3983 (11).
1766 3930 1793 3959 »
1816 3906 1987 3966 Idem
2011 3920 2117 3964 re-

466 4005 635 4077 peris
664 4007 727 4062 in
774 4004 936 4063 libro
967 4006 1187 4077 quinto
1234 4006 1388 4081 (12),
1414 4006 1522 4063 ubi
1554 4007 1748 4064 abbas
1778 4006 1883 4064 ille
1918 4028 1943 4057 «ι
1982 4005 2105 4062 Ma-

465 4101 671 4158 carius
724 4100 786 4157 in
830 4102 1106 4173 Aegypto
1164 4102 1401 4173 positus
1452 4123 1482 4157 υ
1530 4107 1805 4165 vocatur,
1851 4103 1913 4159 in
1945 4101 2111 4159 libro

463 4198 732 4270 septimo
758 4194 909 4272 (13),
942 4204 1003 4255 et
1030 4199 1092 4254 in
1138 4197 1694 4271 Apophthegmatis
1741 4215 1776 4255 a
1803 4199 2110 4257 Cotelerio

2240 790 2436 848 quum
2483 775 2559 832 ad
2607 775 2901 833 cellulam
2950 772 3255 841 rediisset,
3307 771 3543 828 invenit
3587 772 3899 828 latronem

2239 874 2547 932 camelum
2603 872 2989 945 supellectile
3041 885 3152 928 sua
3221 875 3608 927 oneranlem.
3691 868 3900 937 Quare

2238 971 2540 1029 introiens
2592 970 2654 1028 in
2703 970 2992 1029 cellulam
3039 974 3098 1027 et
3142 967 3439 1025 Macarius
3478 968 3554 1025 de
3586 968 3749 1024 vasis
3775 981 3896 1023 ac—

2236 1070 2528 1141 cipiebat,
2582 1074 2642 1126 et
2691 1083 2814 1126 una
2865 1082 3008 1125 cum
3061 1081 3137 1124 eo
3192 1066 3493 1123 onerabat
3545 1063 3895 1122 camelum.

2236 1168 2487 1226 Sarcina
2541 1168 2729 1241 igitur
2787 1166 3077 1238 imposita
3132 1165 3230 1221 fur
3292 1164 3501 1236 coepit
3552 1163 3903 1220 verberare

2235 1267 2567 1332 camelum,
2615 1271 2679 1324 ut
2726 1269 3027 1337 surgeret.
3071 1264 3281 1335 Neque
3327 1266 3533 1320 tamen
3566 1261 3893 1333 surgebat.

2233 1363 2407 1433 Quod
2457 1363 2566 1421 ubi
2618 1362 2776 1420 vidit
2816 1363 3011 1419 abbas
3057 1361 3379 1430 Macarius,
3448 1359 3738 1419 cellulam
3792 1359 3897 1416 in-

2233 1476 2479 1534 gressus
2529 1458 2701 1530 136
2756 1475 3016 1533 parvum
3061 1460 3377 1517 sarculum
3427 1459 3683 1526 invenit,
3716 1458 3893 1528 quod

2232 1560 2529 1616 emissum
2576 1559 2877 1632 imposuit
2920 1559 3160 1616 camelo
3198 1558 3412 1614 dicens
3447 1574 3459 1611 :
3497 1555 3732 1625 Frater,
3772 1555 3899 1613 hoc

2233 1658 2480 1730 quaerit
2524 1661 2822 1716 camelus.
2876 1657 2958 1714 Ac
3008 1656 3166 1728 pede
3222 1656 3475 1727 pulsans
3512 1668 3651 1711 eam
3697 1668 3892 1711 senex

2233 1755 2314 1811 ait
2353 1772 2364 1812 :
2400 1756 2612 1828 Surge.
2668 1755 3131 1826 Confestimque
3173 1753 3465 1815 surrexit,
3527 1758 3587 1809 et
3631 1766 3892 1823 parum-

2234 1867 2345 1925 per
2399 1852 2641 1912 itineris
2695 1853 2962 1912 confecit
3013 1857 3271 1925 pr0pter
3316 1851 3453 1909 eius
3502 1863 3883 1908 sermonem.

2231 1950 2351 2008 Sed
2400 1952 2630 2009 iterum
2690 1951 2940 2017 resedit,
2995 1964 3196 2022 neque
3248 1944 3622 2012 exsurrexit,
3682 1948 3888 2006 donec

2232 2046 2661 2121 deposuissent
2758 2055 3041 2107 cunctam
3133 2046 3611 2120 supellectilem.
3710 2047 3884 2103 Tunc

2230 2147 2486 2205 demum
2520 2147 2677 2207 abiit
2719 2145 2871 2224 (15).
2906 2167 2937 2202 »
2979 2145 3315 2204 Macarium
3351 2144 3743 2217 Aegyptium,
3779 2144 3885 2201 cui

2232 2246 2837 2318 Apophthegmatum
2914 2244 3290 2317 compilator
3364 2256 3497 2300 rem
3570 2242 3883 2313 attribuit,

2229 2341 2589 2415 significari,
2645 2342 2790 2401 libri
2840 2342 3040 2415 quinti
3096 2343 3329 2400 verba:
3375 2358 3405 2393 «
3458 2338 3764 2397 Macarius
3821 2340 3887 2396 in

2231 2442 2506 2514 Aegypto
2550 2441 2811 2513 positus,
2854 2462 2875 2493 ι
2912 2444 2973 2497 et
3024 2440 3266 2508 eadem,
3315 2452 3474 2511 quae
3510 2437 3674 2509 apud
3709 2437 3885 2495 Cote-

2228 2541 2455 2599 lerium
2504 2545 2667 2609 sunt,
2728 2539 3028 2597 vocabula
3071 2552 3290 2610 graeca
3347 2553 3358 2593 :
3410 2533 3680 2605 Μακάριος
3711 2531 3758 2582 ἐν
3794 2531 3883 2584 Αἰ·

2227 2638 2409 2707 γύπτῳ
2430 2639 2497 2685 ὥν
2540 2638 2688 2695 satis
2729 2638 3165 2709 comprobant.
3216 2634 3326 2692 Illa
3370 2633 3505 2692 lobi
3540 2634 3726 2692 verba
3760 2634 3885 2691 Ma-

2228 2736 2435 2795 carius
2500 2735 2836 2808 Aegyptius
2888 2734 3077 2792 etiam
3136 2734 3198 2789 in
3254 2732 3533 2791 homiliis
3584 2732 3887 2789 laudibus

2227 2833 2403 2893 eﬂert
2446 2831 2594 2909 (16).
2632 2833 2921 2891 Latrones
2951 2845 3098 2889 vero
3132 2830 3239 2889 illo
3270 2835 3557 2902 tempore
3586 2829 3650 2887 in
3686 2830 3885 2904 Aegy-

2230 2933 2317 3007 pti
2357 2931 2620 2991 desertis
2661 2928 3031 2990 creberrimi
3077 2935 3275 2987 erant.
3326 2930 3403 2985 De
3455 2927 3715 2995 latrone,
3770 2927 3892 3000 qui

2152 3068 2191 3123 Ο
2226 3030 2529 3102 virginem
2585 3030 2706 3088 Deo
2774 3033 3075 3086 sacratam
3130 3040 3165 3083 e
3215 3022 3504 3083 manibus
3559 3023 3882 3082 sociorum

2225 3132 2513 3198 stuprare
2564 3140 2702 3183 eam
2758 3122 3147 3196 cupientium
3195 3121 3451 3194 eripuit,
3498 3120 3651 3193 legis
3696 3120 3759 3177 in
3815 3120 3892 3178 li-

2226 3225 2343 3281 bro
2390 3219 2844 3299 secundo(17).
2900 3222 3130 3280 Cellam
3185 3221 3245 3278 S.
3295 3218 3630 3277 Hilarionis
3688 3219 3890 3278 latro-

2226 3339 2334 3380 nes
2409 3336 2521 3395 per
2590 3326 2783 3380 totam
2850 3325 3096 3379 noctem
3173 3317 3599 3393 quaesierunt,
3672 3332 3887 3390 neque

2226 3420 2506 3478 invenire
2555 3424 2892 3491 potuerunt
2941 3414 3086 3493 (l8).
3140 3417 3199 3476 S.
3260 3414 3548 3474 Ammoni
3604 3414 3884 3473 latrones

2224 3518 2583 3590 frequenter
2631 3530 2854 3589 panem
2906 3515 3319 3581 abstulerunt,
3382 3527 3576 3587 quare
3631 3519 3887 3571 sanctus

2224 3616 2381 3674 duos
2422 3615 2617 3674 eremi
2671 3614 2974 3672 dracones
3023 3614 3300 3686 ingentes
3342 3613 3419 3671 ad
3470 3610 3700 3669 ostium
3745 3612 3884 3669 cel-

2224 3712 2318 3771 lae
2394 3713 2749 3780 collocavit,
2826 3726 3100 3785 quorum
3172 3715 3426 3783 aspectu
3499 3709 3875 3779 semineces,

2222 3827 2415 3885 quum
2478 3810 3106 3884 appropinquassent,
3184 3808 3453 3867 latrones
3525 3807 3587 3864 in
3642 3806 3871 3865 cellam

2220 3909 2580 3980 introducti,
2635 3923 2847 3967 mensa
2885 3907 3189 3981 apposita,
3223 3906 3287 3963 in
3316 3907 3645 3964 meliorem
3677 3903 3870 3963 vitam

2220 4009 2500 4068 conversi
2545 4014 2688 4066 sunt
2732 4005 2887 4083 (l9).
2923 4006 3097 4064 Bello
3136 4005 3295 4062 inter
3328 4004 3598 4062 duorum
3633 4002 3873 4060 incolas

2221 4120 2522 4178 pagorum
2569 4111 2785 4163 coorto
2832 4104 2988 4161 alter
3022 4103 3260 4161 latrone
3293 4100 3567 4174 quodam
3598 4099 3759 4157 duce
3789 4099 3868 4157 ad

2220 4202 2454 4260 bellum
2528 4201 2868 4273 gerendum
2944 4200 3214 4258 maxime
3287 4199 3515 4257 idoneo
3584 4197 3862 4255 conﬁde-

540 4384 618 4455 (1)
677 4381 797 4436 vv.
847 4382 948 4438 pr.
1006 4384 1197 4436 Rosw.
1268 4381 1368 4436 lib.
1427 4381 1497 4435 ιιι
1550 4398 1681 4452 cap.
1731 4383 1795 4437 61
1859 4397 1921 4453 p.
1981 4383 2186 4475 510,D
2290 4387 2408 4455 (12)
2438 4384 2587 4438 Ibid.
2620 4382 3007 4439 lib.Vlibell.
3040 4382 3270 4453 16,6p.
3296 4381 3423 4445 631,
3458 4382 3510 4435 ι.

470 4474 495 4527 1
524 4488 615 4544 sq.

543 4561 615 4636 (2)
662 4562 813 4619 Ibid.
846 4561 947 4619 lib.
978 4561 1021 4617 V
1057 4560 1236 4616 libell.
1266 4560 1353 4627 18,
1395 4562 1429 4614 9
1468 4561 1670 4632 p.637,
1714 4565 1737 4615 1
1768 4578 1858 4633 sq.

538 4653 616 4725 (3)
658 4653 812 4709 Ibid.
849 4650 950 4707 lib.
986 4652 1082 4705 VII
1104 4666 1237 4722 cap.
1261 4652 1313 4716 1,
1341 4652 1375 4704 8
1412 4666 1468 4722 ρ.
1502 4650 1628 4716 665,
1652 4652 1684 4704 2
1723 4667 1812 4721 sq.

538 4744 618 4815 (li)
655 4744 897 4799 Coteler.
930 4740 1083 4796 Eccl.
1115 4742 1319 4797 Graec.
1344 4742 1495 4796 Mon.
1528 4742 1587 4796 Τ.
1621 4740 1643 4794 Ι
1675 4756 1732 4812 p.
1766 4741 1871 4797 528
1913 4758 2005 4813 sq.
2049 4760 2102 4802 s.

464 4848 522 4889 γ.
551 4833 855 4888 Macarius
874 4829 1207 4902 Aegyptius
1234 4829 1261 4901 §
1285 4830 1348 4883 lll
1377 4848 1392 4899 ;
1424 4829 1575 4886 infra
1594 4833 1651 4885 in
1672 4832 1892 4888 barum
1924 4832 2113 4897 Quae-

464 4922 727 4978 stionum
767 4920 1108 4993 Appendice
1139 4920 1323 4975 altera
1352 4918 1465 4974 sub
1486 4919 1577 4973 III.

535 5012 611 5086 (5)
642 5011 725 5068 Cf.
750 5027 930 5083 supra
961 5012 988 5083 §
1014 5012 1079 5065 10
1108 5028 1165 5081 p.
1190 5009 1285 5065 35.

535 5102 614 5175 (6)
648 5102 728 5156 Cf.
761 5100 1022 5172 supra§§
1054 5101 1142 5165 12,
1176 5100 1263 5169 13,
1290 5115 1350 5170 p.
1374 5099 1461 5164 38,
1487 5100 1576 5153 41.

480 5194 487 5199 ’
535 5192 613 5265 (7)
640 5190 936 5263 Apophth.
970 5188 1006 5244 1.
1040 5189 1080 5243 ι.

536 5281 615 5352 (8)
648 5282 730 5338 Cf.
755 5295 936 5352 supra
973 5279 1109 5352 §28,
1138 5296 1195 5352 p.
1221 5282 1326 5336 116
1363 5297 1453 5355 sq.

534 5371 615 5444 (9)
646 5374 797 5443 Opp.
828 5369 1134 5426 Athanasii
1165 5371 1258 5426 ed.
1284 5372 1323 5426 Ι.
1356 5372 1417 5425 Τ.
1452 5372 1554 5427 IP.
1581 5371 1628 5426 II
1653 5387 1711 5444 p.
1746 5372 1871 5428 651.

485 5477 490 5486 '
534 5462 644 5534 (10)
674 5461 757 5517 Ad
782 5461 939 5517 hanc
969 5477 1177 5517 vocem
1203 5460 1383 5531 gloss.
1416 5466 1554 5518 vett.
1598 5462 1848 5527 carrico,
1889 5477 2096 5519 onero.

464 5552 659 5609 Bosw.
696 5550 734 5608 l.
772 5554 811 5607 l.
844 5566 903 5623 p.
935 5551 1060 5618 535,
1096 5553 1262 5608 1not.
1306 5552 1394 5607 13.

531 5643 643 5715 (11)
674 5644 787 5703 νγ.
815 5641 919 5700 ΡΡ.
947 5643 1141 5699 Rosw.
1172 5640 1378 5699 lib.~III
1407 5655 1541 5714 cap.
1581 5639 1651 5695 73
1672 5654 1731 5713 p.
1754 5640 1951 5704 512,1.

2289 4474 2397 4536 (13)
2415 4473 2568 4528 Ibid.
2591 4472 2691 4528 lib.
2715 4473 2811 4527 VII
2834 4488 2967 4544 cap.
2992 4471 3046 4541 3,
3079 4472 3104 4525 1
3134 4488 3195 4544 p.
3221 4471 3347 4536 666,
3376 4472 3428 4525 2.

2292 4564 2407 4635 (14)
2433 4564 2674 4619 Coteler.
2709 4562 2859 4617 Eccl.
2910 4564 3110 4617 Graec.
3169 4563 3317 4616 Mon.
3355 4562 3414 4615 T.
3451 4560 3470 4613 I
3506 4576 3561 4630 p.
3598 4557 3706 4612 536
3735 4578 3781 4614 s.
3808 4574 3865 4614 v.

2220 4653 2525 4709 Macarius
2547 4652 2875 4722 Aegyptius
2896 4650 2924 4722 ἓ
2953 4649 3148 4716 XVIII;
3176 4649 3326 4703 infra
3358 4648 3416 4703 in
3441 4649 3656 4703 harum
3675 4646 3868 4715 Quae-

2221 4744 2478 4799 stionum
2497 4741 2843 4813 Appendice
2872 4739 3056 4796 altera
3098 4738 3211 4793 sub
3242 4737 3326 4791 Ill.

2291 4832 2403 4903 (15)
2433 4830 2581 4886 Ibid.
2625 4846 2682 4901 p.
2707 4830 2811 4885 548
2852 4847 2898 4883 s.
2923 4844 2979 4883 v.
3012 4828 3317 4884 Macarius
3348 4826 3678 4897 Aegyptius
3704 4826 3732 4897 ς
3766 4825 3870 4880 XL.

2293 4921 2406 4992 (16)
2437 4920 2520 4976 Cf.
2555 4919 2709 4975 infra
2736 4919 2936 4974 locum
2978 4919 3145 4972 Hom.
3171 4915 3219 4967 V
3250 4932 3285 4971 a
3315 4915 3492 4970 nobis
3534 4928 3696 4969 nunc
3754 4914 3878 4985 pri-

2223 5027 2390 5066 mum
2421 5010 2670 5065 editum.

2292 5101 2398 5164 (17)
2429 5099 2537 5154 VV.
2562 5098 2659 5152 PP.
2693 5100 2883 5153 Rosw.
2909 5095 3012 5150 lib.
3043 5094 3087 5148 II
3114 5109 3245 5164 cap.
3278 5094 3345 5148 16
3377 5111 3436 5162 p.
3483 5092 3606 5155 471,
3641 5092 3665 5145 1
3699 5108 3712 5158 ;
3752 5094 3879 5148 Ru-

2217 5188 2321 5245 ﬁni
2348 5190 2500 5260 Opp.
2533 5184 2965 5255 ed.Vallarsip.
2995 5182 3119 5248 176,
3147 5181 3343 5254 Migne
3366 5198 3423 5254 p.
3456 5182 3587 5238 436.

2248 5310 2255 5321 -
2289 5276 2403 5347 (18)
2433 5276 2564 5333 Vita
2589 5277 2646 5330 S.
2683 5273 2958 5330 Hilarion.
2992 5288 3131 5344 cap.
3177 5273 3231 5337 7,
3284 5274 3391 5328 VV.
3422 5272 3520 5328 PP.
3554 5273 3753 5326 Rosw.
3800 5286 3870 5343 p.

2217 5368 2307 5433 77,
2341 5368 2395 5421 1.

2287 5456 2395 5524 (19)
2426 5454 2538 5509 νγ.
2569 5454 2664 5508 PP.
2697 5456 2893 5509 Rosw.
2926 5452 3035 5510 lib.
3070 5453 3116 5505 II
3146 5467 3282 5523 cap.
3314 5451 3349 5505 8
3414 5466 3472 5523 p.
3506 5450 3636 5514 465,
3696 5449 3730 5502 2
3783 5464 3884 5522 sq.

2213 5544 2431 5602 Ruﬁni.
2455 5544 2606 5616 Opp.
2639 5543 2735 5600 ed.
2764 5542 3013 5599 Vallarsi
3034 5560 3095 5615 p.
3126 5542 3249 5609 158,
3282 5543 3471 5611 Migne
3499 5555 3556 5612 p.
3580 5537 3668 5595 40.
3714 5612 3718 5615 Δ
