4094 6208
553 68 634 89 ..

175 309 280 364 129

1787 297 2020 362 VITAE.

3489 311 3594 372 130

156 438 262 496 bat
309 434 422 512 (l).
485 436 780 495 Facinora
829 438 1163 504 latronum,
1221 436 1694 508 eorundemque
1739 436 1817 494 ad
1855 435 1899 486 A
1930 435 2126 494 Scetis
2172 436 2395 494 abbate
2443 441 2708 498 relatum
2758 447 2936 510 esset,
2995 439 3363 515 Aegyptium
3402 445 3592 503 intel-

152 535 495 594 meliorem
547 535 732 592 vitam
783 535 1022 592 reditus
1073 535 1136 592 in
1186 534 1306 591 VV.
1357 535 1465 593 PP.
1522 549 1824 606 saepenu-

148 647 337 692 mero
390 638 734 692 occurrunt
785 630 890 707 (2),
945 633 1257 690 Beduinos
1310 647 1564 704 quoque
1615 633 1823 689 incer-

144 731 231 789 tis
270 744 533 802 semper
581 729 837 787 sedibus
865 745 978 803 per
1014 730 1386 788 solitudines
1417 730 1538 787 huc
1568 728 1715 787 illuc
1745 729 1822 786 ad

147 829 593 903 praedandum
665 834 914 899 vagatos
965 843 1121 894 esse,
1186 843 1262 886 ex
1323 827 1700 899 perpulchra
1758 826 1818 885 S.

149 927 382 985 Malchi
438 926 557 983 vita
607 941 643 982 a
689 926 750 984 S.
807 926 1190 998 Hieronymo
1237 925 1588 998 conscripta
1639 925 1819 982 disci-

155 1040 304 1083 mus
331 1022 445 1099 (3).

261 1144 282 1174 σ
341 1121 619 1191 Quodam
697 1127 981 1193 tempore
1037 1126 1255 1179 orante
1314 1123 1494 1178 beato
1556 1119 1821 1178 Macario

162 1219 413 1284 abbate.
478 1233 596 1276 vox
653 1219 728 1275 ad
783 1233 928 1275 eum
993 1217 1314 1290 personuit
1361 1217 1578 1276 dicens
1628 1234 1642 1274 :
1705 1217 1821 1274 Ma-

155 1318 313 1384 cari,
361 1317 634 1375 necdum
661 1317 737 1373 ad
773 1331 1125 1374 mensuram
1169 1316 1440 1374 duarum
1480 1315 1820 1374 mulierum

162 1413 342 1484 137
384 1415 750 1490 pervenisti,
801 1431 960 1487 quae
1004 1416 1064 1472 in
1107 1415 1392 1488 proxima
1436 1414 1672 1487 pariter
1716 1415 1822 1472 ba-

154 1515 365 1572 bitant
420 1514 690 1572 civitate.
758 1513 889 1582 Quo
959 1513 1172 1570 audito
1250 1527 1434 1570 senex
1511 1526 1823 1587 exurgens

149 1620 415 1686 arrepto
469 1611 690 1669 baculo
749 1612 811 1668 in
854 1611 1236 1684 designatam
1290 1609 1572 1677 pervenit
1613 1608 1818 1668 civita-

149 1717 306 1768 tem.
367 1711 650 1782 Cumque
709 1709 938 1768 ostium
988 1709 1304 1781 quaesitae
1361 1709 1584 1766 domus
1635 1714 1820 1780 atque

1932 531 2036 604 ligi
2090 532 2394 606 sequitur.
2449 536 2736 595 Ceterum
2799 539 3053 604 similia,
3109 541 3345 612 quibus
3403 542 3588 602 liceat

1929 631 2368 702 comprobare,
2425 634 2612 690 vitam
2657 636 3044 694 saecularem
3087 652 3231 696 cum
3281 639 3383 696 Dei
3415 654 3590 700 amo-

1931 741 1998 784 re
2043 734 2241 786 actam
2288 732 2483 803 magis
2533 746 2978 806 nonnunquam
3031 736 3175 809 Deo,
3223 752 3412 809 quam
3444 753 3587 798 mo-

1931 824 2253 883 nachicam
2308 827 2573 899 placere,
2630 844 2665 886 e
2715 829 2827 887 VV.
2884 831 2987 891 PP.
3044 847 3234 906 supra
3278 837 3586 906 congessi-

1931 937 2070 981 mus
2101 923 2203 998 (6).
2246 927 2286 981 A
2320 925 2550 996 quibus
2592 927 3054 988 narrationibus
3102 928 3290 988 etiam
3330 947 3588 1005 germa-

1930 1019 2140 1077 nicum
2193 1018 2367 1089 138
2411 1023 2646 1096 insigne
2693 1037 2935 1096 poema.
2987 1027 3155 1099 quod
3187 1042 3388 1100 nuper
3421 1045 3583 1102 pro-

1930 1116 2064 1182 diit,
2107 1119 2317 1178 medio
2364 1134 2516 1179 aevo
2568 1121 2959 1181 elaboratum
2987 1131 3084 1182 et:
3139 1121 3255 1182 Der
3285 1131 3414 1201 gate
3444 1123 3586 1185 Ger-

1928 1208 2076 1271 hard
2124 1217 2494 1290 inscriptum
2544 1218 2654 1295 (7),
2712 1219 2890 1278 initia
2936 1237 3049 1279 sua
3095 1222 3337 1294 cepisse
3375 1225 3575 1282 credi-

1929 1312 2152 1371 derim.
2236 1319 2434 1388 Atque
2499 1317 2737 1375 similes
2803 1318 3096 1378 historias
3169 1335 3370 1393 nuper
3428 1337 3584 1381 con-

1928 1411 2114 1483 gessit
2160 1413 2366 1470 clarus
2408 1413 2793 1474 Simrockius
2842 1424 3052 1476 noster
3109 1419 3172 1476 in
3231 1419 3394 1478 libro
3439 1435 3578 1494 suo,

1928 1508 2035 1581 qui
2099 1510 2465 1569 inscribitur
2525 1528 2538 1568 :
2601 1509 2718 1569 Der
2787 1519 2918 1592 gnte
2985 1510 3250 1573 Gerhard
3314 1514 3436 1575 und
3490 1514 3583 1575 die

1928 1602 2252 1665 dankbaren
2289 1604 2496 1666 Todten
2529 1609 2636 1686 (8).

2013 1703 2298 1764 «Beatus
2346 1708 2646 1766 Macarius
2701 1709 2778 1767 de
2850 1712 3188 1785 semetipso
3266 1713 3581 1773 referebat

149 1810 447 1867 inventae
514 1811 806 1879 pulsaret,
868 1821 1113 1879 egressa
1169 1822 1291 1864 una
1349 1821 1422 1863 ex
1491 1805 1616 1863 illis
1671 1819 1816 1863 cum
1852 1796 1888 1848 Β
1927 1804 2186 1861 dicens:
2221 1804 2373 1862 Dum
2418 1819 2617 1863 essem
2663 1806 2926 1875 iuvenis,
2979 1813 3039 1865 et
3077 1813 3285 1868 tamen
3327 1811 3390 1868 in
3421 1812 3577 1870 cella

150 1921 382 1979 magna
423 1905 805 1964 exultatione
855 1919 1001 1962 eum
1049 1903 1339 1976 suscepit.
1390 1906 1552 1972 Quas
1608 1908 1818 1960 utras-

149 2020 278 2079 que
324 2018 514 2063 senex
568 2009 935 2061 convocatas
993 2003 1074 2060 ita
1130 2007 1222 2059 est
1273 2000 1626 2060 allocutus:
1669 2001 1814 2059 Pro-

151 2109 295 2176 pter
328 2117 440 2161 vos
483 2105 721 2160 tantum
764 2101 1042 2159 laborem
1087 2101 1339 2158 veniens
1368 2114 1444 2157 ex
1474 2098 1814 2157 solitudine

151 2199 498 2272 longinqua
566 2198 864 2268 sustineo,
933 2205 1000 2256 ut
1063 2210 1258 2270 Opera
1317 2202 1520 2255 vestra
1574 2209 1814 2268 cogno-

149 2311 420 2367 scerem,
449 2310 611 2368 quae
639 2296 796 2353 mihi
823 2309 932 2353 vos
961 2294 1272 2353 condicite
1297 2309 1367 2352 ac
1390 2299 1656 2351 narrate.
1699 2292 1811 2350 Cui

151 2396 297 2453 illae
341 2394 436 2453 sic
498 2394 790 2452 dixerunt
843 2415 857 2452 ε
910 2393 1106 2450 Crede
1165 2392 1366 2458 nobis,
1421 2390 1811 2449 sanctissime

152 2500 355 2565 pater,
414 2492 563 2565 quia
613 2505 724 2549 nec
775 2489 1084 2563 praesenti
1134 2495 1310 2548 nocte
1359 2505 1394 2546 a
1436 2488 1811 2546 maritorum

154 2590 404 2649 lectulis
451 2590 688 2647 fuimus
737 2594 1077 2661 separatae.
1127 2587 1344 2656 Qualia
1377 2600 1525 2659 ergo
1557 2601 1750 2659 opera
1776 2600 1810 2643 a

153 2688 336 2746 nobis
391 2687 671 2760 exquiris
699 2685 727 2746 ?
755 2686 874 2744 Sed
922 2700 1108 2743 senex
1160 2685 1220 2742 in
1269 2685 1561 2756 precibus
1608 2682 1811 2755 persi-

153 2786 376 2850 stebat,
427 2790 498 2843 ut
541 2784 599 2842 ei
651 2783 811 2842 vitae
858 2797 1005 2840 suae
1053 2781 1343 2840 ordinem
1393 2780 1805 2839 declararent.

152 2883 257 2942 Cui
310 2889 467 2940 tunc
515 2882 661 2938 illae
699 2881 1060 2952 compulsae
1101 2879 1395 2937 dixerunt
1428 2893 1441 2935 :
1479 2879 1597 2935 Nos
1641 2876 1809 2936 nulla

151 2981 314 3039 inter
365 2995 482 3038 nos
538 2992 758 3036 sumus
816 2976 1264 3050 parentelitatis
1312 2975 1606 3033 afﬁnitate
1663 2989 1810 3032 con-

150 3079 445 3148 iunctae;
488 3077 746 3148 contigit
793 3080 1024 3141 autem,
1085 3079 1154 3132 ut
1205 3075 1453 3132 duobus
1511 3073 1809 3132 fratribus

148 3178 583 3249 iungeremur,
650 3182 712 3232 et
755 3189 896 3232 cum
949 3173 1046 3231 his
1093 3173 1455 3246 quindecim
1509 3173 1687 3230 annis
1745 3172 1804 3230 in

147 3275 336 3333 domo
410 3288 535 3331 una
593 3272 832 3345 pariter
881 3276 1318 3343 permanentes
1367 3283 1568 3340 neque
1623 3276 1807 3342 turpe

147 3373 413 3430 verbum
463 3371 657 3427 altera
712 3369 869 3427 dixit
920 3369 996 3425 ad
1044 3368 1327 3434 alteram,
1390 3382 1590 3438 neque
1632 3367 1805 3425 litem

146 3469 494 3543 aliquando
547 3468 1003 3538 commisimus,
1052 3465 1158 3524 sed
1214 3466 1275 3522 in
1319 3479 1469 3538 pace
1511 3465 1806 3523 hactenus

147 3569 442 3635 viximus,
491 3572 552 3623 et
592 3565 726 3638 pari
771 3579 1075 3623 consensu
1121 3563 1545 3629 tractavimus,
1588 3567 1804 3636 quate-

148 3681 260 3723 nus
309 3665 556 3737 pariter
609 3662 843 3720 relictis
913 3661 1156 3718 maritis
1208 3660 1273 3717 in
1330 3659 1806 3731 congregatione

151 3763 592 3834 religiosarum
616 3761 922 3832 virginum
958 3757 1520 3831 proﬁcisceremur,
1556 3763 1616 3814 et
1646 3755 1804 3814 mul-

146 3863 220 3919 tis
285 3859 591 3932 precibus
641 3857 759 3915 hoc
811 3871 842 3913 a
897 3856 1269 3927 coniugibus
1321 3870 1442 3912 non
1496 3855 1808 3913 valuimus

145 3957 459 4016 obtinere.
512 3956 644 4025 Quo
686 3968 807 4012 non
861 3953 1110 4024 adepto,
1163 3953 1327 4010 inter
1363 3966 1475 4010 nos
1515 3957 1573 4009 et
1606 3950 1804 4009 Deum

149 4056 480 4126 posuimus
526 4057 984 4115 testamentum,
1039 4057 1107 4109 ut
1153 4064 1352 4122 usque
1399 4051 1474 4107 ad
1540 4055 1804 4108 mortem

148 4159 425 4210 nostram
502 4151 816 4208 saeculare
887 4150 1148 4207 verbum
1221 4163 1344 4206 non
1397 4149 1804 4220 loqueremur

147 4252 430 4309 omnino.
482 4250 648 4317 Quae
693 4262 834 4305 cum
881 4246 1179 4304 audiisset
1227 4246 1444 4304 beatus
1475 4245 1799 4314 Macarius,

148 4348 348 4406 dixit:
389 4347 454 4404 ln
501 4347 760 4404 veritate
809 4358 930 4403 non
981 4349 1074 4401 est
1127 4345 1322 4416 virgo,
1371 4357 1573 4416 neque
1616 4343 1804 4401 mari-

1926 1901 2290 1966 residerem,
2344 1902 2607 1961 invitum
2658 1918 2758 1962 me
2799 1908 3075 1964 tenentes
3124 1907 3428 1966 clericum
3479 1923 3579 1967 or-

1923 1999 2290 2057 dinaverunt
2324 1999 2383 2057 in
2416 1999 2573 2059 vico.
2601 2001 2754 2059 Cum
2781 2007 2989 2061 autem
3017 2005 3234 2062 nolens
3260 2005 3396 2063 illic
3418 2021 3577 2076 esse,

1923 2097 1985 2153 in
2017 2096 2224 2154 vicum
2265 2098 2534 2156 alterum
2577 2098 2954 2172 eﬂ‘ugissem,
3004 2106 3066 2159 et
3110 2103 3367 2175 quidam
3415 2104 3572 2163 mibi

1921 2194 2257 2252 saecularis
2317 2194 2646 2268 religiosus
2709 2210 2902 2269 opere
2947 2212 3089 2257 meo
3137 2200 3390 2259 vendito
3448 2202 3579 2260 mi-

1922 2291 2231 2357 nistraret,
2320 2293 2602 2365 contigit,
2682 2295 2996 2367 quandam
3075 2297 3380 2369 virginem
3464 2313 3582 2372 per

1921 2394 2209 2460 stuprum
2263 2389 2496 2447 ventris
2542 2404 2702 2449 onus
2749 2393 3055 2465 accipere.
3114 2394 3280 2463 Quae
3324 2396 3476 2454 dum
3533 2412 3572 2454 a

1923 2487 2305 2560 parentibus,
2361 2502 2397 2545 a
2437 2503 2563 2562 quo
2609 2490 2824 2548 fuisset
2871 2505 3256 2565 compressa,
3303 2493 3575 2568 requiri-

1921 2592 2042 2651 tur,
2089 2584 2244 2643 dixit
2288 2586 2442 2643 illa:
2493 2589 2878 2646 Anachoreta
2923 2589 3032 2647 ille
3077 2595 3280 2648 vester
3332 2592 3452 2651 hoc
3503 2593 3570 2652 in

1921 2697 2020 2740 me
2063 2683 2303 2742 facinus
2353 2686 2750 2756 perpetravit.
2813 2686 3053 2759 Egressi
3096 2702 3244 2746 vero
3285 2697 3576 2762 parentes

1922 2781 2165 2854 puellae
2250 2782 2854 2854 comprehendentes
2933 2799 3032 2842 me
3119 2788 3579 2859 suspenderunt

1921 2893 2062 2937 meo
2114 2879 2278 2938 collo
2320 2894 2461 2937 vasa
2511 2880 2747 2953 ﬁctilia,
2778 2887 2838 2939 et
2881 2897 2996 2954 per
3025 2883 3296 2956 singulas
3321 2888 3576 2946 semitas

1917 2976 2468 3035 circumducebant
2538 2991 2638 3034 me
2692 2979 2882 3036 caede
2954 2985 3313 3052 mactantes,
3388 2989 3575 3056 atque

1918 3076 2174 3146 insuper
2227 3074 2324 3131 his
2380 3074 2638 3132 vocibus
2695 3076 3062 3135 insultantes
3111 3095 3129 3134 :
3185 3078 3300 3136 Hic
3357 3094 3573 3138 mona-

1867 3182 1885 3199 λ
1915 3173 2071 3230 chus
2113 3171 2276 3230 ﬁliae
2307 3177 2552 3230 nostrae
2585 3173 2708 3230 vim
2741 3173 2970 3233 intulit.
3023 3172 3303 3248 Cumque
3335 3191 3436 3236 me
3461 3194 3573 3236 us-

1916 3285 2039 3343 que
2077 3270 2153 3327 ad
2185 3283 2402 3328 necem
2431 3269 2699 3328 fustibus
2749 3285 2943 3342 paene
2971 3273 3393 3341 mulctassent,
3428 3277 3568 3348 qui-

1915 3368 2061 3425 dam
2113 3381 2186 3425 ex
2245 3367 2600 3426 senioribus
2652 3367 2811 3426 dixit
2865 3369 2942 3426 ad
3004 3385 3112 3428 eos
3168 3387 3184 3428 :
3234 3369 3570 3446 Usquequo

1916 3466 2082 3543 hunc
2128 3465 2529 3538 peregrinum
2572 3467 2952 3525 monachum
2999 3468 3189 3527 caede
3229 3465 3571 3528 mactatis?

1916 3561 2034 3620 Sed
2081 3567 2142 3622 et
2188 3563 2581 3621 ministrante
2652 3565 2806 3622 mihi
2864 3572 3162 3639 sequente
3214 3573 3274 3626 et
3335 3569 3568 3627 rubore

1917 3660 2190 3734 perfuso,
2267 3661 2530 3719 iniurias
2586 3661 2946 3735 irrogabant
3007 3665 3282 3722 dicentes
3343 3684 3355 3723 :
3414 3667 3568 3726 Ecce

1914 3757 2067 3831 quid
2099 3758 2242 3816 fecit
2273 3759 2398 3828 hic,
2446 3771 2562 3830 pro
2591 3773 2717 3831 quo
2767 3765 2834 3818 tu
2870 3762 3299 3819 testimonium
3355 3764 3567 3836 perhi-

1915 3856 2108 3914 bebas
2133 3854 2164 3914 7
2196 3856 2483 3913 Parentes
2503 3860 2710 3914 autem
2739 3857 2984 3929 puellae
3009 3857 3299 3916 dixerunt
3337 3878 3348 3917 :
3384 3859 3566 3918 Nulla

1915 3953 2082 4012 hunc
2137 3953 2378 4011 ratione
2443 3953 2841 4018 dimittimus,
2903 3954 3022 4012 nisi
3080 3967 3197 4027 pro
3249 3955 3566 4015 alimentis

1916 4051 2162 4124 puellae
2211 4051 2596 4124 praestandis
2641 4051 2868 4124 aliquis
2911 4066 3026 4124 pro
3059 4052 3195 4124 ipso
3234 4053 3570 4113 satisdator

1913 4149 2261 4207 accesserit.
2313 4148 2488 4218 Quod
2535 4163 2681 4206 cum
2730 4149 3106 4208 ministranti
3160 4151 3340 4219 mihi,
3376 4157 3443 4210 ut
3476 4152 3563 4210 fa-

1912 4253 2102 4317 ceret,
2157 4247 2524 4314 innuissem,
2583 4247 2950 4321 interposita
2994 4263 3095 4306 me
3135 4264 3245 4308 sua
3284 4250 3403 4308 ﬁde
3431 4265 3564 4310 sus-

1911 4345 2097 4417 cepit.
2151 4345 2363 4418 Itaque
2421 4359 2738 4418 regressus
2784 4347 2861 4404 ad
2905 4347 3225 4418 cellulam,
3278 4355 3564 4422 quantas-

151 4451 288 4518 tata,
340 4459 547 4516 neque
605 4443 969 4508 monachus,
1024 4457 1226 4514 neque
1280 4441 1638 4506 saecularis,
1691 4441 1799 4499 sed
1835 4495 1877 4518 n
1909 4457 2158 4514 cunque
2231 4443 2438 4501 inveni
2509 4443 2840 4516 sportellas
2913 4445 2970 4501 ei
3048 4446 3552 4514 contribuebam,

153 4543 303 4601 Deus
378 4546 619 4599 tantum
696 4539 1088 4612 propositum
1166 4540 1432 4611 quaerit,
1485 4543 1546 4595 et
1614 4538 1801 4611 spiri-

152 4647 274 4699 tum
308 4640 474 4698 vitae
516 4637 812 4696 omnibus
858 4636 1166 4694 ministrat
1214 4634 1327 4711 (4).
1381 4656 1412 4688 ››
1468 4635 1696 4694 Eadem
1734 4636 1798 4694 in

153 4739 308 4797 libro
359 4741 540 4794 sexto
597 4736 871 4794 narratio
927 4739 1040 4805 est,
1100 4734 1209 4793 ubi
1267 4733 1488 4807 incipit
1539 4734 1792 4793 verbis:

152 4859 178 4892 α
231 4838 460 4897 Orante
563 4834 898 4907 aliquando
982 4832 1204 4892 eodem
1284 4833 1510 4890 abbate
1589 4832 1797 4891 Maca-

149 4938 264 4995 rio.
291 4983 302 4993 .
334 4982 344 4992 .
393 4932 504 5009 (5).
547 4954 568 4984 ι
605 4933 734 5002 Qua
754 4946 830 4990 ex
856 4945 946 4998 re,
980 4945 1178 5008 quum
1209 4934 1388 4988 antea
1420 4929 1498 4988 de
1526 4931 1793 4990 Macario

212 5156 286 5224 (4)
319 5151 439 5211 vv.
480 5151 592 5206 PP.
640 5154 831 5207 Rosw.
863 5150 965 5206 lib.
1009 5149 1130 5206 Vill
1174 5165 1307 5222 cap.
1350 5151 1419 5205 52
1464 5166 1522 5222 p.
1564 5149 1689 5216 749,
1725 5150 1786 5205 l.

211 5244 286 5315 (2)
329 5241 414 5297 Cf.
449 5256 634 5311 supra
663 5243 690 5306 ς
717 5242 751 5295 4
777 5255 837 5311 p.
871 5239 962 5294 10.

213 5333 288 5404 (3)
331 5330 454 5386 νν.
497 5329 609 5386 ΡΡ.
644 5331 838 5384 Rosw.
867 5327 976 5386 lib.
1015 5328 1128 5400 Ip.
1166 5327 1234 5384 93
1265 5343 1356 5399 sq.

214 5422 287 5491 (4)
323 5419 475 5477 Ibid.
509 5417 609 5474 lib.
643 5417 715 5472 lli
755 5433 890 5489 cap.
930 5417 1000 5472 97
1031 5417 1257 5488 p.515,
1290 5416 1343 5472 l.

217 5512 293 5579 (si
330 5509 482 5564 ibid.
525 5508 628 5563 lib.
655 5506 724 5561 Vi
751 5505 933 5562 libell.
966 5506 1018 5575 3,
1062 5506 1128 5562 η
1159 5523 1219 5576 p.
1257 5504 1383 5570 εδδ-ι,
1417 5505 1472 5562 i.

218 5599 297 5670 (6)
337 5598 423 5655 Cf.
445 5612 628 5669 supra
665 5595 827 5666 53p.
859 5596 894 5649 6
932 5599 1059 5650 not.
1089 5594 1124 5650 3

217 5688 300 5760 (‘1)
337 5687 447 5742 Der
489 5691 629 5756 gute
661 5683 945 5741 Gerhard.
981 5683 1120 5740 Eine
1159 5682 1490 5754 Erzahlung
1529 5697 1646 5740 von
1686 5686 1795 5740 Ru-

430 5794 677 5851 ΡΑτιιοι..
717 5791 823 5848 Gn.
867 5789 1120 5845 XXXIV.

1908 4540 2139 4612 quibus
2181 4540 2446 4599 venditis
2493 4542 2725 4599 victum
2779 4543 2932 4599 mihi
2977 4543 3354 4616 coniugique
3387 4559 3564 4603 meae

1909 4637 2308 4695 ministraret.
2385 4638 2672 4697 Dicebam
2722 4645 2931 4697 autem
2995 4656 3007 4695 :
3067 4640 3240 4705 Ecce,
3305 4642 3556 4711 Macari,

1907 4735 2194 4794 invenisti
2249 4736 2362 4794 tibi
2417 4751 2679 4794 uxorem
2725 4753 2742 4807 ;
2800 4752 3052 4795 necesse
3095 4743 3187 4796 est
3231 4752 3379 4811 ergo
3422 4753 3559 4796 am-

1907 4832 2072 4906 plius
2099 4835 2374 4906 operari,
2423 4839 2490 4892 ut
2537 4849 2675 4891 eam
2720 4835 2923 4892 valeas
2964 4835 3264 4894 enutrirc.
3318 4836 3390 4895 Et
3437 4841 3561 4896 tam

1905 4930 2129 4990 diebus
2167 4943 2356 5003 quam
2397 4930 2684 4990 noctibus
2716 4933 3050 5004 operabar,
3085 4937 3152 4991 ut
3181 4934 3239 4991 ei
3275 4934 3559 5007 quotidie

1905 5148 2034 5206 dolf
2079 5164 2193 5206 von
2250 5152 2384 5205 Ems
2422 5149 2916 5221 herausgegeben
2950 5167 3062 5207 von
3104 5153 3274 5209 Moriz
3322 5154 3554 5225 Haupt.

1909 5239 2144 5310 Leipzig
2176 5238 2335 5294 1840.

1977 5327 2054 5398 (8)
2097 5330 2206 5383 Der
2226 5333 2363 5398 gute
2380 5326 2649 5385 Gerhard
2669 5329 2792 5385 und
2817 5329 2914 5385 die
2933 5328 3289 5387 dankbaren
3309 5330 3555 5388 Todten.

1907 5415 2012 5470 Ein
2038 5415 2266 5485 Beitrag
2294 5431 2398 5471 zur
2434 5417 2763 5474 deutschen
2793 5417 3151 5490 Mythologie
3184 5419 3305 5474 und
3333 5418 3562 5491 Sagen-

1906 5504 2110 5561 kunde
2153 5520 2271 5561 von
2320 5505 2386 5561 K.
2441 5506 2726 5564 Simrock.
2773 5508 2940 5563 Bonn
2972 5507 3066 5564 bei
3114 5507 3291 5565 Adolf
3331 5512 3560 5568 Marcus

3244 5795 3279 5849 5
