4080 6208
451 274 555 367 lat

1344 272 1447 328 SS.
1491 272 1978 329 MACARIORUM
2018 269 2353 347 ΑῌβΥΡΤΙΙ
2393 269 2481 325 ET
2517 270 2985 329 ALEXANDRIN
3004 324 3010 330 .

3766 281 3882 340 132

451 409 685 468 victum
728 403 1177 464 ministrarem.
1224 401 1345 462 Sed
1374 402 1624 475 quando
1654 402 1921 461 miserae
1951 406 2107 460 tem—
2141 406 2186 457 Α
2216 400 2418 471 ipsam
2464 399 2678 461 beatus
2728 403 3032 462 Macarius
3089 405 3558 478 requisivisset:
3606 408 3876 471 Humili-

449 521 567 581 pus
614 486 898 578 pariendi
931 500 1201 585 advenit,
1247 500 1472 558 diebus
1538 500 1832 572 plurimis
1886 514 2109 573 parere

447 603 724 663 cruciata
768 614 891 659 non
936 598 1156 672 potuit.
1210 599 1375 669 Quae
1418 598 1571 671 quid
1614 598 1859 657 fecisset
1896 597 2104 670 requi-

447 674 573 760 sita
608 684 929 771 respondit
984 717 998 756 :
1051 698 1205 767 Quia
1263 697 1673 755 anachoretae
1717 697 1809 755 illi
1857 710 2108 755 causam

448 772 573 857 non
617 796 871 856 habenti
904 796 1143 854 crimen
1188 794 1484 867 imposui.
1539 794 1689 852 Nam
1738 809 1838 852 me
1869 793 2109 852 iuvenis

450 899 694 956 vicinus
738 900 947 954 noster
998 894 1104 952 ille
1140 892 1529 965 compressit.
1584 893 1758 961 Quod
1801 907 1945 950 cum
1978 892 2105 964 ille,

450 997 560 1070 qui
591 993 748 1053 mihi
794 990 1237 1071 ministrabat,“
1263 990 1582 1055 audiisset,
1628 990 1859 1062 gaudio
1897 990 2106 1062 reple-

450 1098 552 1160 tus
615 1087 788 1157 139
849 1087 1118 1153 advenit,
1189 1087 1503 1145 infelicem
1574 1088 1746 1146 illam
1807 1087 2105 1160 puellam,

451 1158 819 1264 priusquam
892 1188 1212 1255 fateretur,
1283 1185 1451 1256 quod
1538 1185 1649 1242 tibi
1728 1158 2105 1243 calumniam

452 1288 682 1345 frustra
734 1282 1073 1350 contexuit,
1138 1296 1362 1354 parere
1423 1284 1775 1341 nullatenus
1831 1280 2107 1354 potuisse

456 1384 827 1453 vociferans,
861 1380 971 1439 sed
1001 1386 1063 1438 et
1092 1394 1310 1439 omnes
1340 1379 1579 1439 vicinos
1608 1380 1843 1453 venire,
1874 1386 1933 1438 et
1954 1379 2017 1437 in
2048 1383 2107 1437 te

455 1479 775 1553 commissi
823 1478 1067 1537 veniam
1118 1477 1456 1553 postulare.
1514 1478 1680 1546 Quae
1734 1492 1845 1549 ego
1885 1491 2109 1550 cogno-

452 1554 655 1647 scens.
686 1592 763 1635 ne
802 1591 902 1633 me
940 1582 1000 1632 et
1038 1573 1158 1647 ipsi
1196 1574 1482 1632 homines
1531 1575 1952 1649 molestarent,
2013 1574 2109 1632 fe-

456 1679 656 1737 stinus
712 1673 1054 1733 abscedens
1108 1671 1170 1729 in
1226 1672 1392 1730 hunc
1445 1670 1653 1731 locum
1712 1672 1993 1745 perveni,
2051 1678 2111 1729 et

2218 502 2310 556 tas
2358 507 2482 565 tua,
2532 499 2710 571 dixit,
2766 500 2898 559 sola
2971 516 3070 559 me
3125 503 3333 562 vincit.
3394 506 3556 565 Haec
3628 508 3879 569 dicente

2218 594 2499 667 inimico,
2556 602 2616 653 et
2668 598 3037 657 extendente
3102 600 3281 660 beato
3331 602 3599 664 Macario
3652 620 3878 665 manus

2216 708 2360 752 suas
2410 693 2486 750 ad
2544 695 2916 767 orationem,
2968 697 3226 770 spiritus
3289 700 3655 762 immundus
3714 705 3881 763 inter

2217 806 2402 849 auras
2449 793 2700 851 evanuit
2757 790 2867 870 (8).
2930 795 3161 854 Eadem
3223 798 3408 869 plane
3473 800 3548 858 ad
3612 803 3876 861 verbum

2216 890 2507 963 leguntur
2550 890 2614 947 in
2662 891 2825 950 libro
2873 894 3143 965 septimo
3174 894 3309 972 (9);
3348 897 3415 955 in
3464 898 3626 958 libro
3671 907 3881 960 autem

2216 987 2435 1059 quinto
2486 987 2616 1063 (lO)
2664 995 2724 1046 et
2769 990 2832 1047 in
2879 990 3437 1064 Apophthegmatis
3485 1012 3520 1055 a
3567 997 3883 1059 Cotelerio

2215 1084 2398 1142 editis
2445 1084 2567 1163 (μ)
2627 1086 2743 1144 hoc
2797 1088 3053 1158 quidem
3111 1089 3476 1151 discrimine
3545 1096 3880 1165 habentur,

2217 1186 2284 1239 ut
2331 1181 2470 1240 ﬁnis
2522 1181 2649 1251 ille,
2712 1190 2930 1257 orante
2997 1187 3267 1247 Macario
3337 1188 3675 1251 diabolum
3745 1210 3885 1253 eva-

2217 1280 2461 1347 nuisse,
2493 1281 2907 1356 desideretur.
2968 1284 3603 1348 Animadvertendum
3654 1296 3768 1365 est,
3820 1293 3884 1351 in

2220 1378 2775 1457 Apophthegmatis
2832 1394 2967 1439 rem
3046 1384 3141 1441 bis
3209 1384 3527 1455 inveniri;
3589 1391 3885 1455 namribi

2218 1482 2431 1550 postea
2457 1477 2687 1536 iterum
2716 1479 2872 1551 legis
2909 1496 2921 1536 :
2965 1501 2989 1533 ‹
3030 1482 3200 1540 Alias
3232 1484 3459 1543 iterum
3482 1487 3751 1547 daemon
3776 1490 3889 1547 ad-

2218 1589 2433 1633 versus
2469 1576 2807 1634 Macarium
2849 1579 3141 1638 abbatem
3199 1581 3539 1642 insurrexit
3568 1601 3710 1645 cum
3748 1589 3883 1660 gla-

2220 1672 2411 1744 diolo,
2470 1674 2604 1732 eius
2670 1676 2894 1743 pedem
2963 1684 3424 1750 amputaturus.
3498 1683 3669 1752 Quod
3736 1701 3884 1745 cum

453 1775 608 1833 haec
644 1776 738 1830 est
774 1785 961 1829 causa
997 1770 1119 1828 mei
1152 1770 1217 1826 in
1244 1770 1385 1849 istis
1416 1769 1571 1828 locis
1601 1770 1903 1829 adventus
1928 1768 2043 1845 (l).
2077 1789 2107 1824 »
2145 1759 2183 1812 Β
2221 1773 2480 1842 propter
2531 1770 2947 1831 humilitatem
3001 1775 3139 1833 eius
3188 1790 3311 1835 non
3368 1779 3692 1851 potuisset,
3752 1784 3812 1841 ei
3869 1802 3884 1839 :

455 1855 628 1931 Idem
677 1868 946 1933 traditur
992 1869 1055 1925 in
1099 1867 1216 1925 vv.
1276 1868 1380 1939 pp.
1436 1867 1601 1947 libro
1642 1868 1862 1940 quinto
1906 1865 2019 1944 (2;,
2051 1872 2113 1925 et

456 1970 520 2027 in
582 1966 1136 2047 Apophthegmatis
1194 1981 1227 2022 a
1288 1964 1599 2023 Cotelerio
1647 1965 1834 2022 editis
1887 1962 2000 2041 (3),
2051 1970 2113 2022 et

454 2066 793 2137 utrobique
834 2066 1031 2130 locus,
1066 2062 1130 2120 in
1162 2077 1351 2136 quem
1390 2063 1694 2121 Macarius
1727 2064 1904 2135 fugit,
1937 2064 2113 2122 Scete

455 2163 810 2239 appellatur
871 2178 885 2231 ;
967 2175 1041 2219 ex
1110 2175 1236 2233 quo
1313 2160 1649 2239 Macarium
1736 2160 2111 2235 Aegyptium

455 2262 645 2333 fuisse
684 2274 829 2318 eum
869 2263 1151 2331 apparet.
1200 2258 1352 2316 Eum
1396 2273 1546 2316 vero
1585 2272 1746 2316 anno
1793 2257 2113 2329 trigesimo

452 2338 671 2418 aetatis
711 2371 859 2427 suae
908 2356 972 2413 in
1020 2355 1250 2413 Scetim
1300 2356 1529 2417 abiisse
1575 2371 1609 2412 e
1641 2356 1916 2414 Palladio
1968 2370 2114 2414 con-

451 2434 577 2519 stat
784 2454 866 2512 Ac
913 2454 1108 2535 sancti
1163 2453 1419 2525 Quidem
1464 2468 1587 2512 non
1644 2454 1829 2525 pauci
1885 2454 1963 2510 de
1994 2453 2112 2511 cri-

454 2556 623 2627 mine
671 2552 857 2611 scorti
916 2551 1070 2609 falso
1115 2551 1385 2608 accusati
1432 2565 1565 2609 esse
1597 2551 1918 2623 dicuntur,
1950 2565 2111 2623 quo-

452 2628 594 2727 ruim
638 2648 992 2725 innocentia
1026 2652 1239 2720 postea
1287 2648 1525 2705 detecta
1577 2652 1667 2705 est
1749 2648 1791 2703 Ε
1839 2661 2114 2720 quorum

453 2724 722 2833 numero
762 2747 1013 2804 fuerunt
1065 2745 1319 2811 Marina,
1383 2745 1680 2818 Eugenia,
1737 2745 2116 2817 Apollinaris

451 2836 744 2920 virgines,
791 2858 950 2915 quae
1016 2842 1230 2899 habitu
1280 2842 1444 2899 virili
1512 2842 1846 2915 adsumpto
1904 2848 2115 2900 sancte

451 2922 739 3013 vixerunt
771 2936 884 3017 (ὅ),
931 2946 993 2997 et
1020 2938 1376 3015 Eustathius
1423 2940 1617 2999 lector
1647 2940 1983 2998 Caesareae
2014 2954 2114 2997 ur-

451 3040 551 3115 bis
595 3041 661 3098 in
700 3037 1045 3101 Palaestina
1094 3036 1275 3117 sitae,
1326 3037 1426 3095 cui
1474 3037 1645 3097 idem
1692 3037 1896 3109 plane,
1943 3038 2111 3110 quod

2221 1866 2636 1940 Quaecunque
2686 1870 2954 1941 habetis,
3008 1873 3235 1946 inquit,
3287 1875 3590 1936 habemus
3636 1886 3698 1937 et
3726 1896 3887 1952 nos;

2222 1964 2354 2023 sola
2401 1966 2758 2025 humilitate
2814 1984 2848 2026 a
2902 1971 3088 2029 nobis
3145 1969 3414 2032 differtis
3470 1980 3531 2033 et
3570 1980 3907 2050 praevaler

2222 2062 2302 2121 tis
2349 2061 2500 2139 (12).
2542 2085 2564 2116 ι
2611 2064 2765 2123 Cum
2817 2068 3400 2142 Apophthegmatis,
3448 2074 3556 2133 ubi
3589 2089 3687 2133 res
3717 2093 3772 2134 s.
3812 2094 3879 2135 ν.

2224 2156 2523 2219 Macarius
2575 2159 2893 2240 Aegyptius
2945 2168 3241 2236 occurrit,
3298 2174 3637 2232 convenire
3701 2176 3892 2236 vide-

2223 2264 2325 2333 tur
2385 2260 2531 2318 libri
2583 2262 2785 2334 quinti
2842 2265 3134 2338 scriptor,
3209 2268 3319 2340 qui
3399 2272 3742 2332 narrationi
3808 2276 3891 2334 de

2224 2357 2494 2417 Macario
2526 2360 2827 2431 Aegyptio
2858 2362 3032 2421 illam
3063 2366 3388 2425 subiunxit
3421 2386 3435 2424 ε

2311 2475 2335 2506 α
2370 2455 2651 2523 Quodam
2699 2464 2986 2531 tempore
3028 2462 3221 2520 abbas
3257 2464 3583 2537 Macarius,
3622 2468 3772 2527 dum
3810 2472 3891 2528 ad

2224 2558 2502 2611 montem
2547 2554 2777 2614 Nitriae
2831 2558 3218 2630 ascenderet,
3275 2562 3588 2635 discipulo
3638 2582 3773 2639 suo,
3824 2575 3892 2627 ut

2226 2664 2450 2722 parum
2504 2653 2931 2722 praecederet,
2986 2657 3341 2729 imperavit.
3396 2662 3509 2730 Qui
3559 2678 3703 2723 cum
3744 2672 3893 2724 ante

2225 2748 2405 2821 illum
2438 2757 2742 2822 pergeret,
2777 2753 3035 2811 obvium
3081 2755 3300 2815 habuit
3328 2760 3644 2831 quendam
3684 2778 3895 2822 sacer-

2224 2846 2436 2904 dotem
2480 2847 2824 2917 idolorum,
2878 2866 3065 2909 cursu
3114 2855 3360 2913 concito
3403 2860 3780 2929 venientem,
3828 2869 3896 2920 et

2228 2944 2466 3016 lignum
2516 2948 2753 3019 grande
2786 2954 3163 3020 portantem.
3212 2952 3324 3010 Cui
3362 2955 3717 3016 exclamans
3746 2959 3834 3017 ait
3870 2979 3885 3018 :

2226 3041 2358 3109 Quo
2410 3042 2637 3111 curris,
2699 3044 2965 3103 daemon
3001 3044 3032 3104 ‘?
3060 3049 3129 3105 At
3164 3047 3269 3106 ille
3301 3050 3496 3109 iratus
3526 3055 3710 3112 tantis
3737 3070 3890 3116 eum

450 3124 742 3205 Maeario,
812 3135 1112 3193 accidisse
1207 3135 1637 3206 comperimus
1712 3132 1824 3211 (6).
1915 3135 2113 3193 Etiam
2152 3124 2190 3178 C
2226 3139 2422 3211 plagis
2451 3140 2676 3209 aﬂ‘ecit,
2708 3147 2774 3198 ut
2798 3145 3154 3202 exanimem
3202 3161 3398 3219 paene
3432 3151 3821 3225 relinqueret
3869 3174 3885 3224 ;

451 3237 642 3295 hodie
677 3235 740 3292 in
784 3232 1192 3305 Elephantine
1224 3232 1450 3295 insula,
1497 3238 1717 3305 stupro
1746 3234 2107 3301 commisso,

450 3330 792 3407 propinqui
842 3329 1101 3402 virginis
1151 3330 1360 3400 lapsae
1416 3334 1477 3385 et
1523 3330 1725 3403 ipsam
1774 3336 1835 3387 et
1874 3344 2045 3403 eum,
2077 3346 2111 3388 a

450 3410 576 3504 quo
606 3432 907 3511 corrupta
936 3432 1049 3495 est,
1084 3426 1374 3484 occidere
1404 3427 1606 3503 solent
1636 3424 1747 3502 (7).

534 3549 563 3580 ‹‹
597 3527 806 3603 Abbas
858 3521 1159 3589 Macarius
1206 3523 1357 3579 dum
1388 3522 1694 3601 diluculo
1754 3524 2107 3603 palmarum

449 3594 605 3685 folia
629 3628 884 3697 portans
927 3622 1002 3680 ad
1054 3621 1278 3679 cellam
1324 3635 1501 3679 suam
1534 3602 1973 3693 reverteretur,
2006 3637 2109 3681 oc-

449 3722 647 3783 currit
667 3720 724 3779 ei
768 3720 1056 3779 diabolus
1092 3733 1247 3791 cum
1291 3718 1445 3787 falce
1474 3725 1831 3797 praeacuta,
1869 3720 2109 3781 volens-

446 3837 571 3896 que
628 3834 775 3879 eum
826 3822 1153 3891 percutere
1226 3830 1348 3899 non
1392 3817 1663 3899 valebat.
1722 3818 1838 3888 Qui
1896 3820 2106 3879 excla-

446 3934 624 3979 mans
673 3917 872 3976 dixit:
908 3917 1186 3988 Magnam
1241 3930 1274 3971 a
1335 3920 1391 3971 te
1453 3914 1577 3974 vim
1630 3916 1858 3989 patior,
1892 3931 1931 3975 o
1982 3919 2105 3975 Ma-

444 4020 597 4086 cari,
668 4017 802 4089 qui,
862 4030 1007 4072 cum
1062 4020 1121 4070 te
1168 4014 1359 4087 cupio
1412 4028 1662 4085 nocere,
1726 4030 1849 4075 non
1902 4018 2100 4085 valeo,

445 4114 621 4180 dum,
671 4124 1083 4184 quaecunque
1130 4114 1194 4166 tu
1249 4110 1420 4179 facis,
1476 4124 1587 4182 ego
1618 4113 1815 4187 magis
1844 4126 1918 4168 ex
1949 4127 2104 4184 ope-

447 4224 518 4268 re
574 4208 752 4267 facio.
790 4209 875 4264 Tu
910 4221 1058 4278 ergo
1089 4207 1331 4264 ieiunas
1387 4207 1725 4275 interdum,
1784 4224 1898 4281 ego
1931 4212 2103 4269 nullo

446 4320 723 4381 unquam
768 4304 909 4361 cibo
930 4303 1206 4379 (relicior.
1244 4304 1331 4361 'l‘u
1362 4318 1548 4375 saepe
1579 4304 1817 4375 vigilas,
1865 4320 1965 4364 me
1993 4322 2101 4364 ve-

444 4419 517 4464 ro
541 4417 731 4476 sopor
762 4415 1079 4473 nunquam
1119 4395 1291 4467 140
1335 4400 1693 4472 oppressit”
1729 4403 1849 4460 Sed
1881 4403 1947 4461 in
1978 4418 2103 4463 una

444 4517 516 4562 re
570 4468 672 4561 me
715 4499 935 4573 vincis,
970 4498 1104 4571 ipse
1158 4496 1479 4571 proﬁteor.
1533 4500 1685 4557 Cum
1725 4501 1805 4559 ab
1836 4516 1912 4560 eo
1964 4516 2098 4561 rem
2131 4468 2175 4523 θ

512 4686 589 4760 (1)
631 4683 750 4739 VV.
783 4683 886 4739 PP.
928 4684 1123 4738 Rosw.
1152 4681 1256 4737 lib.
1290 4682 1355 4735 Ill
1396 4698 1526 4753 cap.
1569 4683 1639 4737 99
1678 4699 1733 4753 p.
1759 4684 1883 4749 515,
1916 4684 1956 4751 2
1990 4702 2086 4759 sq.

517 4762 607 4847 (ρ)
636 4771 911 4829 Ibid.lib.
942 4771 988 4826 v
1018 4771 1197 4826 libell.
1244 4772 1331 4837 45,
1366 4776 1427 4825 21
1468 4788 1523 4842 p.
1556 4772 1682 4839 623,
1711 4774 1744 4825 2
1785 4789 1876 4846 sq.

516 4863 597 4934 (3)
640 4861 879 4917 Coteler.
911 4860 1058 4916 Eccl.
1080 4859 1290 4916 Graec.
1323 4863 1478 4916 Mon.
1514 4862 1613 4915 T.I
1644 4863 1819 4932 p.524
1848 4879 1937 4935 sq.
1965 4880 2088 4921 s.v.

440 4952 747 5009 Macarius
774 4944 1145 5020 Aegyptius§
1174 4948 1194 5000 Ι
1229 4966 1241 5016 ;
1277 4947 1429 5003 infra
1464 4948 1520 5003 in
1548 4950 1761 5005 harum
1791 4953 2091 5016 Quaestio-

437 5057 584 5098 num
602 5040 945 5113 Appendice
971 5039 1156 5093 altera
1186 5037 1297 5092 sub
1320 5038 1409 5092 Ill.

512 5130 588 5203 (4)
630 5129 711 5186 Cl‘.
756 5144 940 5199 supra
970 5126 1084 5187 $12
1106 5141 1165 5197 p.
1197 5127 1291 5183 38.

511 5219 589 5291 (5)
632 5218 758 5273 Vita
792 5218 852 5273 S.
896 5216 1149 5271 Marinae
1186 5215 1295 5270 VV.
1322 5216 1432 5270 PP.
1461 5217 1655 5271 Bosw.
1687 5216 1784 5273 lib.
1829 5218 1849 5272 Ι
1899 5234 1954 5290 ρ.
1984 5220 2089 5278 393

437 5323 575 5381 sqq.
606 5306 738 5362 Vita
766 5307 821 5362 S.
857 5304 1152 5375 Eugeniae
1174 5304 1327 5360 ibid.
1368 5321 1429 5376 p.
1462 5305 1565 5360 340
1587 5321 1721 5379 sqq.
1756 5310 1833 5363 De
1862 5310 2088 5382 Appol-

435 5396 610 5454 linari
640 5395 869 5464 virgine
898 5394 973 5449 cf.
1006 5394 1161 5450 infra
1190 5396 1381 5466 Caput
1412 5394 1507 5449 Vll
1547 5393 1571 5456 Ξ
1599 5395 1688 5450 41.

503 5486 583 5557 (6)
625 5487 760 5542 Hist.
795 5485 970 5542 Laus.
1007 5484 1102 5539 ed.
1137 5486 1348 5539 Meurs.
1380 5499 1514 5555 cap.
1551 5484 1654 5539 144
1693 5487 1844 5558 Opp.
1873 5490 2083 5546 Meurs.

429 5573 478 5635 l.
513 5575 562 5631 Ι.
592 5590 652 5647 p.
680 5575 803 5630 6'27.
828 5574 889 5629 ln
914 5573 1097 5630 codd.
1129 5572 1467 5628 Vindobon.
1488 5571 1656 5629 locus
1682 5573 1756 5631 de
1778 5577 2085 5636 Eustathio

430 5663 618 5723 deest.

2223 3243 2282 3295 et
2325 3238 2546 3296 relicto
2592 3253 2668 3297 eo
2723 3242 3014 3301 sacerdos
3061 3243 3290 3302 iterum
3351 3249 3667 3307 currebat.
3732 3252 3888 3311 Pro-

2220 3348 2592 3407 gressusque
2640 3351 2865 3409 parum
2913 3340 3189 3399 obviavit
3229 3344 3413 3402 beato
3445 3346 3734 3421 Macario,
3768 3352 3886 3422 qui

2219 3431 2306 3491 ait
2343 3432 2419 3490 ad
2479 3447 2624 3491 eum
2662 3435 2995 3501 :Salveris,
3054 3436 3417 3509 laborator,-
3454 3445 3713 3504 salveris
3744 3445 3756 3501 l
3807 3451 3889 3507 At

2219 3529 2326 3587 ille
2376 3530 2719 3589 admiratus
2775 3536 3097 3606 respondit
3148 3555 3161 3591 :
3217 3538 3376 3607 Quid
3442 3541 3505 3598 in
3573 3557 3674 3601 me
3728 3544 3885 3604 boni

2217 3628 2615 3699 conspexisti,
2691 3638 2758 3687 ut
2805 3645 2905 3688 me
2952 3633 3307 3695 salutares?
3352 3638 3461 3695 Cui
3510 3654 3697 3699 senex
3739 3643 3879 3701 ait:

2216 3725 2371 3795 Quia
2423 3726 2547 3783 vidi
2599 3732 2658 3784 te
2707 3726 3122 3798 laborantem,
3157 3737 3218 3790 et
3261 3734 3467 3793 curris
3491 3736 3880 3809 ignoranter.

2216 3823 2327 3882 Cui
2371 3824 2664 3883 sacerdos
2688 3825 2849 3883 dixit
2884 3844 2895 3883 :
2932 3828 3003 3885 Et
3027 3843 3141 3900 ego
3173 3829 3546 3892 salutatione
3576 3841 3680 3892 tua
3706 3851 3888 3895 com-

2218 3927 2488 3994 punctus
2526 3937 2823 3996 magnum
2857 3940 3109 3984 servum
3147 3929 3247 3985 Dei
3293 3936 3353 3988 te
3382 3933 3644 4004 cognovi
3684 3951 3693 4001 ;
3730 3950 3884 3994 nam

2215 4021 2371 4078 alter
2432 4015 2601 4089 141
2660 4022 2870 4081 nescio
2920 4024 3063 4094 quis
3115 4025 3501 4087 miserabilis
3530 4033 3886 4093 monachus

2213 4130 2549 4181 occurrens
2596 4118 2751 4176 mihi
2791 4119 3057 4178 iniurias
3112 4122 3275 4191 fecit,
3331 4126 3439 4184 sed
3492 4131 3556 4186 et
3585 4144 3700 4202 ego
3740 4131 3885 4203 pla-

2211 4227 2316 4285 gas
2363 4212 2454 4269 illi
2511 4228 2625 4285 pro
2670 4214 2880 4274 verbis
2933 4218 3232 4290 imposui.
3297 4222 3465 4281 Tunc
3520 4227 3883 4298 apprehen-

2212 4309 2366 4367 dens
2420 4311 2609 4382 pedes
2667 4312 2830 4370 beati
2890 4315 3137 4374 Macarii
3195 4321 3509 4380 clamabat
3567 4323 3791 4384 dicens
3857 4346 3873 4385 :

2213 4407 2339 4465 Nisi
2396 4423 2495 4464 me
2550 4411 2928 4470 monachum
3012 4415 3256 4484 feceris,
3338 4434 3464 4477 non
3542 4422 3874 4483 desistam.

2213 4504 2669 4580 Pergentesque
2715 4510 2950 4581 pariter
3002 4522 3305 4574 venerunt
3334 4518 3434 4575 ad
3487 4520 3720 4594 locum,
3755 4523 3875 4583 ubi

2282 4690 2361 4762 (7)
2400 4691 2661 4748 Minuloli
2693 4694 2858 4750 Beise
2897 4710 3031 4751 zum
3063 4697 3300 4769 Tempe]
3329 4700 3437 4755 des
3464 4701 3689 4773 Jupiter
3726 4707 3875 4761 Am-

2210 4794 2353 4835 mon
2385 4797 2449 4852 p.
2487 4782 2611 4836 292.

2280 4869 2360 4940 (8)
2402 4868 2520 4926 vv.
2563 4870 2664 4925 PP.
2699 4874 2893 4928 Rosw.
2924 4874 3026 4929 lib.
3068 4876 3135 4929 1n
3174 4892 3303 4948 cap.
3335 4879 3439 4933 424
3466 4882 3680 4951 p.518,
3720 4885 3780 4940 2.

2279 4958 2356 5029 (9)
2394 4958 2542 5014 Ibid.
2578 4959 2680 5015 lib.
2713 4963 2801 5015 VII
2830 4978 2966 5033 cap.
3009 4965 3089 5029 13,
3119 4966 3153 5017 6
3184 4982 3248 5037 p.
3298 4967 3423 5035 670,
3449 4971 3499 5024 2.

2276 5046 2385 5110 (10)
2427 5048 2574 5105 Ibid.
2614 5048 2719 5105 lib.
2755 5052 2794 5104 V
2821 5050 3003 5107 libell.
3039 5053 3125 5121 15,
3157 5054 3224 5109 26
3256 5071 3319 5127 p.
3356 5058 3564 5124 624,1.

2276 5136 2395 5207 (11)
2435 5136 2685 5193 Coteler.
2726 5137 2879 5193 Eccl.
2931 5140 3139 5196 Graec.
3180 5144 3338 5202 Mon.
3376 5147 3438 5203 T.
3482 5148 3499 5201 Ι
3542 5164 3609 5219 p.
3647 5150 3758 5205 534
3799 5171 3857 5210 s.

2202 5241 2266 5283 v.
2301 5225 2606 5282 Macarius
2628 5226 2995 5296 AegyptiusS
3022 5229 3087 5284 XI
3115 5246 3129 5296 ;
3155 5230 3312 5290 infra
3336 5234 3398 5289 in
3426 5235 3645 5293 harum
3672 5240 3871 5304 Quae-

2203 5314 2466 5371 ationum
2490 5314 2831 5386 Appendice
2871 5315 3056 5375 altera
3087 5320 3200 5376 sub
3232 5322 3326 5376 III.

2273 5403 2383 5473 (12)
2424 5403 2575 5460 lhib.
2625 5419 2689 5475 p.
2728 5404 2834 5460 545
2862 5422 2957 5478 sq.
3009 5425 3060 5467 s.
3102 5427 3160 5465 v.
3197 5411 3504 5470 Macarius
3528 5417 3867 5489 Aegyptius

2200 5487 2431 5551 “(XXV
2465 5507 2478 5556 ;
2515 5491 2671 5549 infra
2700 5492 2758 5549 in
2792 5494 3009 5553 harum
3041 5497 3475 5567 Quaestionum
3505 5487 3863 5577 Appendice

2199 5578 2383 5635 altera
2409 5580 2521 5635 sub
2549 5581 2647 5638 IIl.
