4094 6208
239 307 345 365 133
1842 305 1889 362 ν

2015 306 2076 363 Ε.
3553 309 3654 372 164

229 451 458 496 caesus
505 435 716 496 frater
750 437 1010 496 iacebat.
1055 437 1247 506 Quem
1300 434 1547 509 utrique
1593 435 1898 504 tollentes,
1935 437 1983 488 Α
2011 435 2628 512 quantulumcunque
2676 440 2995 512 patimur;
3043 441 3135 499 illi
3188 455 3359 513 vero,
3411 443 3523 516 qui
3570 459 3675 506 co-

230 535 546 608 quoniam
591 535 761 608 gradi
796 549 919 593 non
968 539 1228 606 poterat,
1265 533 1556 591 manibus
1600 533 1661 591 in
1707 535 1902 592 eccle—
2011 535 2254 608 gnitum
2313 531 2710 608 negaverunt,
2773 538 3163 609 gravioribus
3215 545 3276 597 et
3338 541 3674 602 ineﬁ‘abili-

233 633 399 691 siam
449 633 865 706 pertulerunt.
902 633 1054 690 Cum
1102 637 1305 689 autem
1342 633 1561 689 fratres
1605 631 1903 690 vidissent
2014 631 2131 690 bus
2179 635 2396 704 poenis
2441 634 2660 692 subtus
2703 649 2814 693 nos
2859 636 3242 695 cruciantur.
3292 636 3537 706 Quibus
3565 655 3674 700 au-

229 732 652 790 sacerdotem'
685 731 862 789 illum
917 732 1164 788 beatum
1226 729 1558 788 Macarium
1603 730 1902 787 comitan-
2011 728 2158 786 ditis
2190 730 2406 788 beatus
2452 730 2760 790 Macarius
2808 734 3012 805 capite
3058 733 3245 792 altius
3296 738 3501 794 terrae
3558 738 3667 797 de-

227 835 386 900 tem,
446 829 774 901 stupefacti
829 837 974 887 cum
1037 827 1452 886 admiratione
1526 829 1903 885 monachum
2014 827 2176 886 fosso
2221 826 2504 886 discessit
2557 827 2667 902 (3).
2734 848 2764 884 ››
2801 830 2968 888 Idem
3022 831 3086 888 in
3140 832 3304 890 libro
3357 839 3530 892 sexto
3579 832 3670 911 (4)

231 927 420 986 illum
469 925 824 1000 perﬁciunt,
859 931 920 983 et
966 926 1144 983 multi
1179 931 1434 998 prepter
1466 925 1643 982 illum
1687 940 1763 981 ex
1799 938 1898 996 pa-
2012 924 2089 982 de
2115 925 2338 983 abbate
2367 925 2632 983 Macario
2664 927 2887 985 maiori
2922 928 2963 984 i.
2999 943 3061 986 e.
3121 929 3442 1002 Aegyptio,
3479 937 3669 1006 atque

238 1025 412 1100 ganis
452 1021 596 1082 facti
645 1027 797 1082 sun’t'
843 1023 1196 1082 Christiani.
1239 1023 1483 1080 Dicebat
1515 1037 1663 1095 ergo
1709 1022 1903 1080 abbas
2011 1022 2076 1079 in
2132 1023 2689 1096 Apophthegmatis
2727 1041 2761 1082 a
2815 1026 3126 1084 Cotelerio
3164 1027 3348 1085 editis
3376 1027 3460 1103 (ὅ)
3509 1046 3558 1087 s.
3602 1045 3664 1088 γ.

240 1123 545 1182 Macarius
579 1143 593 1180 :
627 1121 782 1190 Quia
806 1134 1016 1180 sermo
1041 1122 1353 1194 superbus
1382 1129 1441 1179 et
1488 1119 1688 1178 malus
1711 1120 1898 1179 etiam

237 1221 437 1279 bonos
467 1219 640 1278 viros
690 1221 996 1278 convertit
1040 1220 1114 1277 ad
1180 1219 1442 1286 malum,
1497 1232 1708 1277 sermo
1752 1229 1900 1277 vero

230 1317 500 1376 humilis
537 1322 608 1375 et‘
649 1318 847 1375 bonus
899 1317 1107 1374 etiam
1150 1316 1343 1374 malos
1397 1320 1594 1374 mutat
1650 1315 1714 1374 in
1772 1331 1901 1374 me-

231 1416 360 1473 lius
399 1412 521 1491 (l).
577 1434 606 1468 »
658 1415 887 1472 Eadem
935 1414 1096 1471 inter
1150 1413 1684 1486 Apophthegmata
1732 1415 1894 1486 apud

228 1513 619 1571 Cotelerium
669 1511 978 1583 leguntur,
1015 1512 1121 1570 ubi
1175 1511 1255 1569 ita
1290 1510 1596 1584 incipiunt
1629 1527 1641 1569 :
1680 1531 1707 1564 (ι
1753 1511 1900 1569 Nar-

227 1616 457 1670 rarunt
500 1609 837 1669 Macarium
877 1610 1242 1682 Aegyptium
1290 1610 1580 1667 abbatem
1621 1611 1896 1682 aliquau-

228 1710 313 1768 do
345 1723 381 1765 e
405 1708 584 1766 Scete
613 1707 960 1765 ascendisse
994 1708 1054 1764 in
1078 1713 1353 1765 montem
1389 1707 1666 1766 Nitriae.
1702 1705 1791 1781 (2)
1826 1727 1838 1775 ;
1871 1731 1888 1758 ν

229 1812 444 1865 cetera
477 1819 629 1863 vero
659 1811 943 1862 accurate
985 1819 1128 1862 cum
1167 1804 1289 1862 illis
1319 1805 1712 1862 conveniunt.

322 1925 342 1955 ι
403 1903 608 1961 Abbas
645 1902 946 1960 Macarius
988 1903 1137 1959 dum
1182 1903 1535 1960 ambularet
1577 1902 1640 1960 in
1680 1903 1889 1960 deser-

229 2007 319 2068 to,
353 2008 544 2073 caput
575 2000 899 2058 cuiusdam
950 1999 1226 2058 hominis
1268 1999 1516 2058 aridum
1567 1999 1800 2058 invenit
1831 1999 1895 2058 in

229 2104 423 2158 terra.
476 2098 651 2168 Quod
712 2103 1040 2171 postquam
1121 2097 1346 2156 baculo
1395 2112 1510 2155 suo
1563 2098 1888 2164 convertit,

229 2211 452 2256 vocem
503 2196 705 2254 visum
749 2201 838 2252 est
884 2195 1191 2266 emittere,
1234 2195 1407 2264 Quod
1457 2209 1668 2262 senex,
1725 2196 1892 2268 quis-

227 2309 379 2354 nam
431 2301 615 2354 esset.
655 2297 1012 2367 interrogat.
1062 2295 1134 2351 At
1182 2293 1286 2350 ille
1339 2294 1706 2365 respondit:
1769 2294 1894 2366 Ege

226 2393 495 2467 quidem
542 2391 834 2465 princeps
886 2405 1060 2450 eram
1103 2391 1498 2450 sacerdotum
1548 2391 1888 2459 idolorum,

228 2492 342 2565 qui
388 2491 455 2548 in
499 2491 620 2548 hoc
650 2491 788 2548 loco
836 2489 1219 2548 habitabant.
1273 2489 1361 2546 Tu
1405 2494 1612 2546 autem
1673 2503 1740 2547 es
1788 2491 1894 2547 ab-

230 2591 344 2648 bas
389 2588 691 2646 Macarius
729 2587 966 2660 Spiritu
998 2587 1211 2645 divino
1245 2587 1544 2659 repletus.
1587 2587 1891 2656 Quacum-

230 2701 358 2760 que
390 2686 560 2744 enim
610 2686 766 2744 hora
816 2685 1106 2742 misertus
1153 2697 1372 2743 eorum
1423 2685 1635 2749 fueris,
1678 2684 1785 2758 qui
1829 2685 1890 2743 in

232 2799 438 2858 poena
466 2788 630 2848 sunt,
666 2787 727 2840 et
767 2796 880 2854 pro
927 2782 1002 2838 iis
1051 2783 1352 2846 oraveris,
1401 2783 1889 2840 consolationem

226 2883 514 2956 aliquam
547 2880 838 2938 sentiunt.
882 2878 989 2937 Cui
1022 2891 1208 2937 senex
1255 2895 1267 2934 :
1325 2879 1389 2936 Et
1418 2893 1578 2951 quae
1615 2886 1708 2937 est
1748 2894 1892 2937 con-

224 2980 459 3040 solatio
490 2983 693 3036 vestra
731 2978 824 3035 vel
874 2991 1072 3049 poena
1097 2976 1130 3036 ἢ)
1161 2977 1487 3049 responde.
1543 2982 1613 3035 At
1663 2977 1767 3034 ille
1799 2978 1888 3035 al-

2007 1116 2308 1179 Maca-rius
2381 1119 2692 1198 Aegyptius
2749 1121 3041 1180 traditur.
3107 1122 3228 1180 Nec
3304 1138 3428 1182 non
3499 1125 3668 1184 idem

2009 1217 2399 1295 colloquium
2459 1219 2717 1277 loannes
2773 1221 3204 1287 Damascenus,
3258 1220 3415 1279 falso
3464 1226 3526 1280 ut
3580 1224 3670 1281 vi-

2009 1316 2213 1382 detur,
2278 1316 2340 1374 in
2397 1317 2668 1375 Historia
2721 1317 3012 1376 Lausiaca
3069 1317 3288 1391 legisse
3345 1333 3411 1377 se
3477 1321 3669 1379 tradi-

2009 1413 2099 1471 dit
2152 1412 2266 1488 (6),
2319 1415 2380 1472 in
2433 1430 2556 1487 qua
2627 1415 2814 1473 hodie
2882 1429 3005 1473 non
3082 1416 3354 1488 amplius
3412 1417 3660 1490 legitur.

2010 1511 2208 1584 Atque
2267 1512 2524 1584 insuper
2570 1528 2603 1568 a
2658 1512 2954 1570 Michaele
3009 1513 3198 1587 Glyca
3255 1512 3368 1590 (7),
3422 1514 3485 1573 in
3548 1517 3670 1574 Me-

2009 1608 2181 1666 naeis
2257 1609 2636 1667 Graecorum
2706 1610 2813 1682 (8),
2885 1625 2919 1668 a
2997 1611 3350 1683 Nicephoro
3438 1613 3666 1671 Blemi-

2007 1707 2086 1764 da
2114 1709 2170 1779 (9
2181 1723 2219 1780 ),
2255 1715 2310 1764 et
2335 1709 2395 1764 in
2419 1707 2664 1765 Ioannis
2683 1707 3068 1780 Hagioelitae
3098 1710 3388 1768 eneomio
3413 1711 3662 1770 Macarii

1933 1789 1974 1842 Β
2012 1805 2293 1877 Aegyptii
2339 1802 2470 1879 (i0)
2522 1811 2926 1864 memoratur.
2975 1806 3437 1880 Theologorum
3487 1809 3666 1868 scho-

2007 1901 2370 1960 lasticorum
2439 1902 2686 1975 ingenia
2745 1903 2829 1961 ob
2899 1903 3316 1973 difﬁcultates,
3389 1919 3550 1978 quae
3605 1908 3662 1964 ei

2006 1999 2237 2068 insunt,
2312 2000 2692 2073 dogmatlcas
2760 2001 3029 2059 multum
3109 2002 3418 2061 exercuit.
3503 2003 3666 2072 Quas

2005 2096 2260 2169 quidem
2308 2097 2368 2156 S.
2417 2097 2707 2166 Thomas,
2743 2098 3026 2157 refutatis
3076 2104 3432 2158 ceterorum
3483 2101 3666 2160 scho~

2005 2195 2370 2254 lasticorum
2416 2195 2533 2254 loci
2581 2196 3132 2269 explicationibus,
3186 2197 3426 2268 optime
3475 2213 3663 2272 expe-

2005 2291 2142 2350 dire
2196 2293 2436 2351 studuit
2493 2290 2642 2368 (11).
2710 2293 2828 2352 Sed
2886 2307 3021 2352 rem
3079 2293 3430 2353 fabulosam
3501 2309 3660 2364 esse,

2003 2389 2146 2462 quis
2194 2404 2314 2449 non
2365 2390 2735 2450 existimat?
2763 2390 3175 2464 Origenistam
3217 2393 3375 2451 forte
3404 2407 3660 2467 compo-

2004 2487 2200 2544 suisse
2239 2503 2377 2546 eam
2423 2489 2731 2561 suspicor,
2765 2489 2913 2562 quia
2950 2488 3335 2562 Origenistae
3373 2491 3450 2549 de
3488 2491 3664 2550 dam-

2002 2591 2290 2644 natorum
2335 2591 2496 2645 statu
2551 2590 2692 2658 post
2747 2592 3018 2644 mortem
3069 2587 3233 2645 male
3283 2587 3657 2647 sentiebant.

2003 2679 2295 2742 Ceterum
2342 2684 2406 2742 in
2452 2699 2599 2742 mss.
2637 2683 2984 2757 Aquicinct.
3020 2688 3176 2743 teste
3203 2684 3533 2745 Rosweido
3567 2685 3660 2744 hi-

2001 2781 2194 2839 storia
2244 2782 2564 2853 legebatur
2619 2781 2704 2840 ita
2755 2781 2966 2840 verbis
3014 2787 3338 2855 concepta,
3386 2787 3454 2843 ut
3502 2783 3664 2842 difﬁ.

2001 2879 2260 2936 cultates
2291 2879 2538 2951 penitus
2565 2886 2880 2938 cessarent
2910 2876 3062 2954 (12).

2091 2971 2260 3044 143
2318 2995 2348 3030 ‹‹
2407 2975 2672 3045 Quidam
2743 2976 2936 3035 frater
3009 2977 3262 3036 beatum
3321 2977 3659 3037 Macarium

224 3080 356 3138 tius
413 3077 879 3151 ingemiscens:
946 3075 1280 3145 Quantum,
1341 3075 1564 3148 inquit,
1644 3076 1889 3134 coelum
1941 3147 1970 3151 _
2005 3075 2377 3148 postulabat.
2411 3078 2482 3132 ut
2515 3076 2571 3132 ei
2614 3089 2969 3134 sermonem
3018 3076 3280 3148 diceret,
3316 3091 3428 3148 per
3469 3090 3659 3150 quem

224 3177 421 3236 distat
473 3191 508 3233 a
562 3182 748 3242 terra,
801 3179 1038 3232 tantum
1097 3173 1254 3245 ignis
1289 3178 1378 3231 est
1431 3174 1614 3238 altus,
1652 3174 1714 3231 in
1764 3188 1892 3246 quo
1931 3171 1970 3200 υ
2004 3178 2211 3246 posset
2255 3173 2503 3233 salvari.
2547 3173 2657 3231 Cui
2701 3187 2891 3230 senex
2938 3173 3026 3230 ait
3079 3191 3092 3231 :
3144 3171 3404 3246 Oportet
3448 3174 3660 3246 fugere

227 3275 447 3334 medio
477 3287 695 3331 sumus
725 3288 760 3329 a
810 3271 1088 3344 pedibus
1124 3281 1319 3344 usque
1371 3272 1444 3328 ad
1495 3278 1680 3343 caput
1713 3271 1892 3330 undi—

226 3387 355 3446 que
405 3371 668 3444 perfusi,
706 3383 818 3427 nec
845 3369 1141 3441 cuiquam
1173 3368 1318 3426 licet
1363 3368 1584 3426 faciem
1636 3371 1892 3428 alterius

226 3469 491 3539 intueri,
554 3467 662 3525 sed
735 3466 922 3525 facies
981 3469 1192 3524 nostro
1263 3466 1452 3524 dorso
1523 3467 1890 3527 coniunctae

224 3574 402 3625 sunt.
441 3566 598 3624 Cum
629 3579 776 3636 ergo
808 3578 950 3622 oras
1000 3579 1115 3636 pro
1147 3563 1349 3630 nobis,
1381 3579 1455 3621 ex
1502 3570 1676 3636 parte
1721 3565 1889 3622 vides

226 3679 372 3723 mus
413 3662 810 3727 alterutrum,
857 3663 919 3718 et
957 3661 1075 3718 hoc
1106 3662 1286 3718 nobis
1318 3675 1434 3733 pro
1465 3661 1890 3720 consolatione

218 3767 490 3821 constat.
540 3760 648 3817 His
673 3758 904 3817 autlitis
935 3759 1226 3816 lacrimas
1260 3757 1415 3816 fudit
1443 3759 1656 3816 dicens
1707 3777 1719 3814 :
1769 3760 1889 3816 Vae

221 3860 350 3918 diei
401 3858 519 3924 illi,
567 3859 627 3915 in
660 3871 786 3930 quo
827 3859 1018 3916 homo
1070 3857 1354 3913 mandata
1403 3857 1501 3915 Dei
1555 3863 1887 3930 transgres-

217 3971 329 4016 sus
355 3963 450 4015 est
501 3956 513 4012 !
553 3951 724 4023 142
759 3954 828 4013 Et
872 3955 1100 4013 iterum
1146 3955 1226 4011 ab
1263 3969 1361 4021 eo,
1396 3953 1446 4010 si
1496 3960 1656 4013 esset
1696 3957 1889 4014 altera

219 4069 431 4129 poena
502 4054 726 4125 maior,
783 4053 1066 4125 inqt'Jirit.
1125 4052 1232 4110 Cui
1307 4052 1416 4110 ille
1489 4053 1811 4125 respondit
1867 4070 1880 4109 :

220 4152 382 4212 Sunt
419 4151 604 4210 nobis
659 4149 765 4208 alii
826 4151 1028 4208 multo
1092 4150 1378 4208 inferius.
1441 4150 1722 4224 Cumque
1775 4152 1884 4224 qui

220 4257 431 4309 essent
488 4249 581 4307 illi
636 4250 1068 4320 interregaret,
1130 4247 1286 4305 dixit
1345 4263 1357 4304 :
1422 4248 1540 4307 Nos
1596 4249 1878 4322 quidem,

219 4351 330 4423 qui
409 4348 628 4406 Deum:
676 4359 799 4406 non
875 4347 1302 4419 cegnovimus,
1384 4348 1884 4407 misericordiam

293 4533 380 4603 (ι)
411 4531 529 4585 vv.
557 4530 662 4585 PP.
700 4534 892 4586 Bosw.
927 4529 1027 4584 lib.
1052 4529 1123 4584 ιιι
1146 4541 1286 4600 cap.-
1323 4528 1419 4583 ηπ
1460 4545 1517 4602 ρ.
1545 4531 1742 4594 518,2.

2002 3271 2309 3337 homines,
2365 3274 2428 3329 et
2478 3271 2698 3328 sedere
2752 3271 2816 3328 in
2870 3271 3052 3338 cella,
3107 3276 3171 3329 et
3228 3285 3343 3344 pro
3393 3272 3660 3344 peccatis

2001 3368 2225 3442 iugiter
2273 3369 2620 3430 lamentari,
2683 3373 2743 3426 et
2794 3369 2964 3442 quod
3014 3383 3207 3441 super
3255 3382 3476 3428 omnes
3531 3369 3657 3428 vir-

2002 3473 2163 3526 tutes
2216 3471 2329 3533 est,
2380 3472 2504 3524 tam
2561 3465 2834 3540 linguam
2903 3479 3198 3525 coercere
3250 3481 3441 3539 quam
3511 3481 3659 3527 ven-

1999 3569 2161 3623 trem
2213 3564 2357 3641 (l3).
2412 3586 2441 3617 »
2506 3563 2777 3622 Eandem
2840 3564 3086 3622 Macarii
3161 3564 3517 3624 doctrinam
3590 3565 3655 3624 in

2003 3661 2557 3735 Apophthegmatis
2611 3676 2645 3718 a
2676 3661 2985 3720 Cotelerio
3016 3661 3201 3720 editis
3247 3663 3345 3721 bis
3388 3663 3651 3722 invenis.

1995 3761 2070 3818 Et
2150 3757 2342 3817 semel
2427 3759 2683 3831 quidem
2769 3759 2868 3817 his
2950 3758 3160 3817 verbis
3227 3759 3649 3831 concipitur:

2002 3879 2032 3909 α
2100 3857 2306 3915 Esaias
2359 3858 2578 3923 abbas,
2635 3857 3022 3928 interrogans
3077 3857 3412 3914 Macarium
3462 3858 3654 3916 abba-

1998 3960 2123 4013 tem
2186 3972 2199 4012 :
2261 3954 2476 4013 Profer
2532 3954 2711 4019 mihi,
2786 3953 3012 4026 inquit,
3083 3953 3475 4012 sententiam.
3538 3952 3651 4012 Cui

1997 4068 2183 4112 senex
2217 4052 2539 4124 respondit
2574 4071 2586 4110 :
2620 4051 2918 4110 Homines
2965 4051 3125 4124 fuge.
3168 4051 3378 4110 Esaias
3411 4050 3606 4110 abbas
3638 4070 3652 4109 :

1996 4151 2180 4222 Quid.
2234 4150 2458 4223 inquit,
2492 4155 2585 4208 est
2632 4149 2842 4222 fugere
2898 4149 3186 4208 homines
3231 4146 3261 4207 εἰ
3316 4149 3656 4223 Respondit

1996 4262 2184 4307 senex
2237 4265 2248 4303 :
2305 4247 2534 4306 Sedere
2576 4247 2640 4306 in
2669 4247 2827 4306 cella
2873 4251 2980 4304 tua
3022 4252 3085 4304 et
3123 4246 3356 4305 deflere
3402 4254 3657 4319 peccata

1997 4352 2102 4405 tua
2147 4346 2292 4418 (14).
2342 4364 2372 4400 ››
2411 4344 2579 4404 Alter
2617 4357 2768 4404 vero
2819 4344 3430 4418 Apophthegmatum
3477 4345 3652 4404 locus

2067 4528 2146 4600 (8)
2180 4527 2578 4600 Synaxarium
2610 4530 2970 4584 Graecorum
3002 4529 3072 4582 26
3102 4528 3228 4584 Ian.

291 4623 378 4693 (2)
427 4621 652 4675 Coteler
746 4619 893 4673 Eccl.
942 4620 1144 4673 Graec.
1197 4619 1350 4672 Mon.
1403 4617 1464 4672 T.
1510 4621 1621 4690 Ip.
1674 4619 1775 4674 547
1835 4637 1882 4675 s.
1920 4627 1964 4681 D
2035 4615 3641 4688 ‘(9)Diatriba,qualemessedeceatimperatoreme.

223 4729 280 4767 v.
312 4711 626 4766 Macarius
674 4708 997 4778 Aegyptius
1031 4707 1058 4779 §
1090 4708 1290 4763 XXXIX
1324 4724 1336 4773 ;
1383 4707 1536 4763 infra
1579 4709 1636 4763 in
1679 4709 1886 4765 harum

221 4799 659 4869 Quaestionum
695 4796 1038 4869 Appendice
1056 4796 1238 4851 altera
1261 4797 1374 4851 sub
1403 4795 1494 4850 III.

291 4889 377 4960 (3)
441 4887 554 4940 VV.
607 4886 719 4941 PP.
756 4888 943 4941 Rosw.
1023 4885 1127 4940 lib.
1188 4885 1256 4938 IIl
1332 4901 1468 4957 cap.
1522 4886 1625 4940 172
1655 4903 1712 4958 ρ.
1756 4887 1880 4954 526,

224 4979 249 5032 1
288 4993 385 5050 sq.

293 5066 376 5137 (4)
404 5063 556 5122 Ibid.
579 5063 681 5119 lib.
709 5063 781 5117 νι
807 5062 985 5118 libell.
1020 5063 1073 5126 3,
1119 5063 1186 5118 16
1211 5080 1270 5136 p.
1299 5064 1426 5123 656.
1449 5065 1484 5117 2
1503 5079 1595 5135 sq.

296 5155 381 5226 (5)
425 5152 673 5208 Coteler.
710 5151 858 5208 Eccl.
904 5154 1105 5208 Graec.
1141 5155 1290 5208 Men.
1323 5154 1433 5208 T.l
1469 5168 1531 5224 p.
1572 5153 1680 5209 546
1719 5170 1768 5208 s.
1813 5169 1877 5209 ν.

224 5243 536 5301 Macarius
588 5243 919 5312 Aegyptius
957 5241 984 5312 ἓ
1027 5241 1274 5297 XXXVIII
1309 5260 1322 5307 ;
1355 5240 1512 5298 infra
1556 5241 1616 5297 in
1667 5242 1883 5299 harum

225 5332 658 5399 Quaestionum
688 5329 1030 5401 Appendice
1060 5329 1245 5386 altera
1277 5330 1391 5386 sub
1420 5331 1510 5387 Ill.

298 5421 382 5493 (6)
407 5420 611 5478 Oratio
636 5418 710 5474 de
733 5419 802 5474 iis
831 5417 1017 5490 quiin
1041 5417 1157 5474 ﬁde
1187 5419 1582 5476 dormierunt.
1617 5421 1705 5476 Io.
1777 5422 1890 5478 Da-

230 5510 584 5580 masc.0pp.
614 5510 681 5564 T.
709 5507 812 5578 Ip.
837 5505 968 5564 585.

301 5598 370 5663 ('7)
397 5599 505 5669 Ep.
534 5595 626 5651 26.
659 5595 750 5653 Ci.
793 5595 1050 5652 Fabricii
1099 5596 1374 5656 Bibliotb.
1440 5597 1655 5656 Graec.
1707 5615 1762 5656 ς.
1829 5613 1883 5653 v.

233 5686 554 5744 Palladius
583 5684 681 5741 ed.
706 5685 753 5741 ιδ
783 5683 970 5742 νοω(
1001 5700 1064 5758 p.
1096 5685 1221 5742 106.

1996 4705 2252 4762 Fabricii
2296 4705 2574 4761 Bibliotb.
2601 4707 2812 4762 Graec.
2848 4703 2885 4758 l.
2916 4707 2964 4760 ι.

2067 4794 2178 4867 (10)
2209 4793 2462 4850 Consule
2484 4796 2738 4850 Leonem
2755 4792 3032 4848 Allatium
3065 4792 3139 4848 de
3161 4791 3326 4846 libris
3345 4791 3654 4849 ecclesias-

1997 4873 2127 4939 ti‘Cis
2157 4882 2524 4939 Graecorum
2550 4881 2704 4940 diss.
2739 4882 2786 4934 Il
2835 4879 2928 4936 ed.
2959 4881 3124 4936 Paris
3152 4880 3292 4935 1645
3351 4897 3408 4952 p.
3453 4881 3556 4938 117
3583 4914 3651 4924 —

1997 4972 2123 5026 123.

2065 5061 2178 5132 (Ii)
2205 5061 2267 5116 In
2289 5060 2386 5117 IV.
2427 5061 2589 5116 Sent.
2633 5060 2767 5115 Dist.
2799 5059 2934 5116 XLV
2954 5074 3015 5130 q.
3034 5059 3082 5113 II
3107 5063 3217 5115 art.
3243 5059 3290 5113 II
3317 5058 3396 5114 ad
3423 5059 3518 5115 IV.
3554 5058 3648 5118 Cf.

1995 5149 2109 5206 νγ.
2133 5149 2255 5208 ΡΡ.
2292 5152 2494 5206 Rosw.
2530 5148 2632 5204 lib.
2674 5147 2743 5203 VI
2776 5152 2902 5206 not.
2948 5149 3015 5203 12
3043 5164 3102 5218 p.
3130 5147 3258 5214 622,
3290 5147 3340 5202 2.

2067 5239 2177 5311 (12)
2209 5238 2330 5292 νν.
2381 5237 2478 5291 ΡΡ.
2515 5239 2712 5294 Rosw.
2743 5237 2846 5293 lib.
2871 5236 2942 5291 III
2975 5242 3100 5292 not.
3132 5237 3203 5291 20
3233 5253 3297 5308 p.
3341 5236 3470 5302 535,
3505 5237 3562 5295 1.

2067 5328 2188 5398 (i3)
2210 5325 2359 5382 Ibid.
2391 5325 2500 5382 lib.
2550 5325 2620 5379 ιιι
2641 5341 2774 5397 cap.
2808 5324 2913 5380 189
2943 5341 3007 5397 ρ.
3057 5325 3264 5389 528,1.

2039 5415 2184 5486 ,(14)
2216 5414 2466 5472 Coteler.
2501 5414 2658 5471 Eccl.
2685 5417 2893 5470 Graec.
2924 5414 3079 5470 Mon.
3107 5415 3171 5470 T.
3208 5414 3323 5485 Ip.
3361 5414 3468 5470 540
3492 5432 3546 5471 s.
3583 5431 3646 5471 ν.

1995 5506 2296 5562 Macarius
2311 5505 2618 5574 Aegyptus
2635 5502 2854 5568 ςχιινιι
2879 5520 2891 5567 ;
2923 5500 3078 5559 infra
3105 5501 3167 5558 in
3187 5502 3406 5560 harum
3430 5505 3655 5571 Quaes-

1995 5597 2226 5654 tionum
2258 5592 2600 5668 Appendiee
2632 5590 2966 5650 altera'sub
2991 5591 3083 5647 ΙΙΙ.
