4094 6208
432 295 537 354 135

1288 287 1394 343 SS.
1439 283 1917 340 MACARIORUM
1959 279 2292 338 AEGYPTII
2337 281 2423 337 ET
2462 281 2960 340 ALEXANDRINI

3748 290 3853 346 136

435 430 501 486 in
531 442 605 486 eo
653 423 787 482 solo
831 418 1060 485 differt,
1097 416 1264 490 quod
1312 429 1426 488 pro
1479 413 1653 470 Esaia
1697 411 1920 468 abbate
1968 410 2082 468 Aio
2116 409 2158 461 A
2192 411 2394 468 tribus
2440 411 2794 482 paximatiis
2825 409 2915 486 (4)
2947 415 3260 486 apposuit,
3296 420 3628 488 tacensque
3659 417 3855 475 stetit.

435 526 628 584 abbas
684 521 902 594 legitur
951 513 1054 586 (l).
1118 515 1229 574 Aio
1284 517 1492 572 autem
1543 508 1736 567 abbas
1799 508 1861 566 in
1921 509 2082 566 The-

436 624 619 682 baide
672 617 970 677 habitavit
1019 616 1146 681 (2);
1198 610 1406 670 Esaias
1461 608 1654 666 abbas
1724 607 1785 664 in
1851 607 2083 679 quibus

437 717 695 791 Aegypti
755 715 1117 787 regionibus
1169 709 1414 772 vixerit,
1473 721 1595 764 non
1667 704 1914 761 invenio
1973 701 2077 771 (3).

434 818 591 876 Num
609 813 983 885 compilator
1019 808 1627 881 ApOphthegmatum
1651 816 1784 860 rem
1818 801 2081 858 Macario

435 913 737 988 Aegyptio
767 911 926 968 iuste
959 904 1275 975 tribuerit,
1311 903 1561 960 aliunde
1587 915 1710 958 non
1741 900 1955 972 liquet.

519 1031 548 1067 α
603 1011 918 1067 Venerunt
966 1002 1302 1076 aliquando
1347 1001 1474 1058 duo
1525 998 1782 1071 quidam
1829 997 2083 1054 iuvenes

435 1113 510 1171 ad
543 1110 793 1167 beatum
831 1103 1190 1164 Macarium,
1221 1113 1381 1157 unus
1422 1097 1678 1169 quidem
1718 1095 1794 1152 ad
1826 1095 2079 1166 plenum

436 1211 676 1277 doctus,
722 1203 877 1260 alter
923 1214 1072 1257 vero
1120 1198 1323 1256 adhuc
1362 1194 1689 1266 incipiens.
1738 1193 1809 1250 Et
1859 1207 2082 1264 provo-

439 1306 551 1364 luti
608 1301 872 1375 pedibus
919 1298 1056 1355 eius
1121 1293 1534 1368 postulabant,
1587 1298 1654 1349 ut
1705 1305 1916 1348 secum
1975 1305 2081 1347 eos

436 1404 719 1462 habitare
763 1397 1170 1472 permitteret.
1215 1393 1379 1461 Quos
1420 1404 1563 1448 cum
1607 1389 1860 1446 vidisset
1903 1386 2079 1460 quasi

436 1514 702 1574 corpore
758 1495 1107 1562 deliciosos,
1170 1487 1545 1549 existimavit
1616 1502 1722 1545 eos
1794 1500 2079 1544 eremum

439 1602 602 1659 ferre
647 1611 768 1654 non
809 1608 1012 1667 posse.
1050 1590 1333 1660 Dixitque
1365 1587 1440 1644 ad
1472 1601 1579 1643 eos
1620 1604 1631 1642 :
1677 1584 1810 1652 Hic,
1859 1585 2082 1642 fratres

2191 508 2472 581 Cumque
2546 509 2989 582 comedissent,
3057 512 3352 571 dixerunt
3435 513 3513 571 ad
3599 516 3855 572 beatum

2193 606 2528 664 Macarium
2577 625 2590 664 :
2649 607 2942 680 Discedis,
2992 615 3189 682 pater,
3243 627 3319 668 an
3369 626 3490 670 non
3541 610 3570 670 εἰ
3622 613 3691 670 Et
3745 613 3858 670 ille

2191 704 2319 762 illic
2375 719 2440 761 se
2511 705 2836 776 quiescere
2909 707 3063 765 velle
3119 710 3461 780 respondit.
3535 711 3703 768 Tunc
3752 711 3851 768 illi

2193 802 2514 860 mattulam
2568 802 2630 859 in
2673 818 2797 861 uno
2847 807 3073 877 angulo
3104 807 3178 863 ad
3230 821 3391 879 opus
3425 808 3622 880 ipsius
3651 810 3847 867 collo-

2190 907 2429 967 carunt,
2476 900 2592 973 ipsi
2642 915 2791 959 vero
2825 901 2887 960 in
2937 903 3134 961 altero
3180 905 3406 977 angulo
3450 907 3848 978 quieverunt,

2190 998 2366 1072 quasi
2398 999 2472 1055 ad
2520 998 2963 1058 dormiendum
3013 1016 3078 1058 se
3127 1001 3552 1073 proiecissent.
3612 1005 3851 1063 Iterum

2189 1110 2336 1167 ergo
2383 1097 2683 1153 Macarius
2736 1099 2971 1170 rogavit
3027 1099 3377 1168 Dominum,
3428 1108 3492 1158 ut
3548 1103 3605 1159 ei
3652 1118 3853 1174 opera

2190 1194 2470 1266 ipsorum
2538 1195 2904 1254 declararet.
2965 1197 3034 1254 Et
3094 1212 3258 1264 ecce,
3330 1199 3496 1256 velut
3543 1200 3850 1273 dissipato

2190 1297 2350 1350 tecto
2378 1293 2479 1350 lux
2512 1294 2677 1350 clara
2715 1291 3006 1351 cellulam
3043 1295 3215 1352 illam
3258 1296 3435 1369 quasi
3469 1298 3674 1356 media
3711 1299 3850 1356 dies

2191 1389 2496 1461 implevit,
2535 1405 2723 1462 quam
2775 1397 2978 1449 tamen
3029 1392 3120 1450 illi
3168 1408 3288 1452 non
3335 1402 3682 1454 senserunt.
3725 1398 3846 1455 Sed

2191 1493 2518 1559 postquam
2563 1488 2845 1545 arbitrati
2895 1495 3037 1547 sunt
3085 1505 3294 1548 senem
3343 1493 3645 1566 dormire,
3696 1510 3848 1552 sur-

2189 1591 2399 1658 gentes
2441 1586 2504 1643 in
2536 1587 2882 1644 orationem
2915 1601 3049 1645 sese
3080 1589 3408 1661 dederunt,
3443 1592 3850 1652 extendentes

438 1698 586 1769 mei,
615 1710 736 1753 non
783 1691 1040 1766 potestis
1080 1701 1351 1745 manere.
1405 1685 1474 1742 Et
1502 1684 1597 1741 illi
1630 1683 1922 1741 dixerunt
1957 1701 1967 1738 :
2019 1682 2079 1740 Si
2111 1752 2149 1769 ἢ
2193 1699 2411 1742 manus
2452 1685 2525 1742 ad
2572 1685 2841 1741 coelum.
2877 1685 3039 1755 Quos
3084 1687 3342 1758 quidem
3392 1689 3526 1758 ille,
3567 1692 3718 1762 quid
3755 1694 3846 1749 fa-

705 1752 828 1850 non
897 1801 1228 1862 possumus
1285 1785 1589 1853 habitare,
1655 1789 1848 1854 pater,
1928 1752 2151 1853 quidB
2190 1788 2425 1852 cerent,
2499 1782 2904 1854 intuebatur;
2961 1783 3047 1841 illi
3126 1790 3333 1842 autem
3393 1786 3571 1844 illum
3629 1791 3849 1848 videre

434 1909 579 1966 ergo
624 1891 923 1950 faciemus
953 1885 984 1945 ‘i
1013 1887 1144 1955 Quo
1193 1883 1296 1940 ille
1340 1882 1552 1939 audito
1581 1882 1788 1953 coepit
1827 1881 1985 1937 intra
2016 1893 2082 1936 se

435 1994 518 2050 ita
572 1994 862 2062 reputare
910 2003 922 2042 :
959 1984 1020 2042 Si
1055 1981 1195 2040 illos
1225 1981 1369 2039 hinc
1400 1980 1666 2048 eiecero,
1719 1978 2082 2036 scandalum

433 2090 746 2164 patientur
780 2105 794 2153 ;
830 2099 994 2143 nunc
1023 2082 1228 2138 dicam
1258 2080 1386 2137 illis
1420 2098 1432 2137 :
1475 2077 1708 2143 Venite,
1743 2077 2082 2134 construite

434 2189 612 2247 vobis
649 2185 968 2252 cellulam,
1011 2180 1060 2237 si
1103 2180 1379 2251 potestis.
1415 2179 1695 2248 Cumque
1735 2176 1826 2232 illi
1873 2177 2079 2235 locum

431 2286 551 2344 sibi
601 2281 1031 2342 tantummodo
1079 2275 1492 2335 demonstrari
1542 2279 1848 2346 rogarent,
1907 2276 2082 2333 duxit

432 2399 540 2442 eos
587 2388 646 2439 et
701 2378 968 2438 ostendit
1027 2370 1200 2442 144
1261 2373 1338 2430 iis
1390 2380 1652 2444 petram,
1709 2387 1832 2444 qua
1887 2373 2080 2430 incisa

431 2481 550 2541 sibi
593 2475 1020 2537 habitaculum
1053 2475 1518 2545 praepararent,
1552 2475 1614 2526 et
1651 2469 1834 2541 lignis
1875 2471 2080 2528 allatis

430 2580 510 2636 de
576 2576 807 2650 palude
886 2576 1302 2643 contegerent.
1366 2567 1802 2625 Arbitrabatur
1871 2574 2076 2626 autem

431 2675 738 2734 Macarius
780 2670 1105 2730 confestim
1164 2667 1305 2724 illos
1364 2680 1478 2738 pro
1535 2664 1813 2722 iniuncto
1864 2666 2077 2724 labore

429 2774 772 2832 discedere.
827 2769 920 2827 Illi
963 2783 1110 2826 vero
1167 2766 1704 2836 interrogaverunt
1751 2779 1918 2833 eum,
1977 2765 2072 2822 di-

428 2877 636 2930 centes
671 2893 684 2928 :
717 2868 872 2937 Quid
904 2866 1114 2938 operis
1145 2877 1440 2922 exercere
1471 2863 1648 2919 iubes
1679 2877 1811 2929 nos,
1841 2869 2017 2934 pater
2045 2862 2075 2921 ‘2

427 2971 595 3028 Tunc
623 2969 730 3026 ille
761 2965 1021 3024 sublatis
1051 2963 1219 3020 foliis
1260 2960 1608 3018 funiculum
1643 2960 1767 3018 illis
1798 2961 2074 3020 intexere

425 3067 715 3133 ostendit,
770 3078 957 3138 quem
991 3077 1105 3134 pro
1152 3060 1316 3117 victu
1363 3074 1471 3117 eos
1531 3058 1874 3117 distrahere
1905 3075 2074 3118 com-
2109 3099 2148 3155 Ο

2193 1895 2315 1938 non
2382 1885 2686 1951 poterant.
2741 1879 3038 1938 lntentius
3107 1888 3314 1940 autem
3375 1899 3560 1943 senex
3637 1889 3844 1960 respi-

2191 1980 2360 2037 ciens
2408 1977 2558 2034 vidit
2587 1984 2880 2050 tanquam
2928 1994 3172 2036 muscas
3212 1982 3548 2040 daemones
3585 1986 3846 2044 venien-

2194 2083 2284 2136 tes
2327 2077 2390 2134 in
2443 2075 2610 2133 illius
2643 2075 2902 2134 minoris
2940 2092 3050 2135 ore
3081 2083 3267 2150 atque
3314 2081 3514 2138 oculis
3563 2084 3848 2142 residere

2195 2175 2487 2243 volentes,
2536 2173 2640 2230 sed
2673 2175 2924 2246 angelus
2955 2175 3196 2233 Domini
3240 2177 3626 2250 rliomphaea
3658 2182 3841 2254 ignea

2192 2277 2464 2330 armatus
2503 2267 2672 2339 145
2707 2277 2830 2328 tam
2863 2271 3041 2330 illum
3069 2273 3501 2334 circumdabat
3532 2282 3593 2335 et
3617 2278 3847 2337 defen-

2192 2371 2400 2441 debat,
2431 2384 2618 2441 quam
2649 2369 2984 2428 daemones
3015 2371 3355 2444 repellebat
3400 2380 3461 2430 et
3498 2375 3791 2435 eiiciebat
3825 2398 3839 2445 ;

2190 2468 2263 2524 ad
2311 2467 2615 2524 maiorem
2668 2481 2814 2525 vero
2854 2468 3151 2525 accedere
3201 2468 3377 2529 nullo
3431 2473 3616 2530 modo
3662 2489 3844 2545 prae-

2191 2566 2494 2623 valebant.
2546 2565 2742 2636 Prope
2791 2579 2937 2622 vero
2979 2565 3102 2622 iam
3153 2567 3290 2624 luce
3339 2570 3738 2640 proiecerunt
3775 2590 3844 2631 se

2187 2663 2249 2720 in
2302 2663 2523 2721 eodem
2581 2669 2776 2720 stratu
2845 2677 2980 2721 suo.
3057 2665 3224 2722 Tunc
3297 2667 3597 2726 Macarius
3671 2673 3846 2730 velut

2186 2762 2481 2833 evigilans
2544 2762 2861 2830 surrexit;
2937 2762 3230 2822 similiter
3301 2776 3708 2826 surrexerunt
3781 2777 3845 2828 et

2186 2859 2304 2932 ipsi
2353 2860 2528 2933 quasi
2580 2859 2657 2916 de
2711 2860 2892 2931 longo
2940 2874 3162 2919 somno
3225 2863 3494 2921 excitati.
3545 2865 3614 2922 Et
3656 2883 3841 2925 acce-

2184 2959 2335 3016 dens
2365 2957 2573 3015 senior
2619 2957 2807 3016 frater
2841 2958 2917 3015 ad
2957 2972 3166 3016 senem
3198 2960 3356 3018 dixit
3409 2979 3420 3017 :
3470 2961 3593 3029 Vis,
3629 2972 3834 3037 pater,

2183 3058 2275 3114 vel
2316 3055 2649 3114 duodecim
2697 3057 2970 3126 psalmos
3007 3071 3320 3116 canamus.
3352 3060 3630 3134 Cumque
3672 3066 3840 3135 psal-

426 3165 712 3231 monuit;
768 3168 827 3220 et
885 3164 967 3219 ita
1020 3162 1099 3216 ab
1153 3159 1228 3215 iis
1284 3157 1589 3216 discessit.
1655 3159 1726 3214 At
1781 3158 1874 3214 illi
1925 3173 2071 3216 cum
2120 3153 2148 3155 "
2183 3153 2404 3225 lerent,
2463 3154 2542 3211 de
2607 3166 2720 3211 ore
2778 3153 3044 3212 iunioris
3111 3155 3318 3214 fratris
3387 3172 3500 3229 per
3556 3161 3838 3233 singulos

423 3278 669 3322 summa
717 3259 1034 3334 patientia,
1069 3270 1502 3329 quaecumque
1544 3254 1620 3311 iis
1665 3255 1908 3312 fuerant
1953 3257 2068 3312 im-
2182 3267 2394 3309 versus
2435 3252 2529 3308 fax
2561 3251 2722 3323 ignis
2762 3265 3006 3322 egressa
3037 3254 3406 3312 ascendebat
3435 3257 3510 3313 ad
3542 3260 3823 3318 coelum.

423 3366 658 3434 perata,
716 3358 1129 3430 perfecerunt.
1196 3353 1419 3409 Videns
1488 3365 1635 3422 ergo
1709 3366 1816 3409 eos
1884 3367 2071 3411 senex
2180 3349 2331 3406 Item
2382 3354 2444 3407 et
2519 3349 2718 3405 maior
2774 3363 2918 3406 cum
2989 3350 3367 3423 decantaret,
3437 3355 3681 3426 quoties
3752 3358 3833 3416 ad

421 3460 486 3515 in
552 3457 851 3528 operibus
923 3451 1104 3510 bonis
1185 3449 1465 3522 quotidie
1535 3464 1947 3516 succrescere,
2008 3456 2069 3508 et
2178 3446 2569 3518 psallendum
2635 3447 2798 3504 labia
2865 3447 3231 3516 deducebat,
3285 3450 3452 3510 velut
3514 3453 3833 3514 funiculus

420 3558 779 3627 frequenter
825 3552 888 3608 in
941 3548 1268 3606 ecclesiam
1317 3561 1462 3604 cum
1511 3546 1764 3604 silentio
1808 3548 1868 3604 in
1919 3562 2061 3605 ora-
2175 3543 2334 3616 ignis
2377 3544 2453 3602 de
2482 3558 2593 3601 ore
2637 3544 2770 3601 eius
2817 3544 3109 3603 similiter
3155 3548 3524 3608 tendebatur
3565 3553 3642 3608 ad
3685 3567 3832 3612 coe-

418 3652 696 3712 tionibus
778 3648 1131 3719 persistere,
1209 3643 1603 3702 desiderabat
1687 3645 1845 3702 scire
1919 3660 2064 3704 vera
2173 3643 2326 3700 lum.
2365 3644 2689 3714 Postquam
2726 3657 2869 3699 vero
2898 3644 3300 3715 expleverunt
3335 3649 3666 3708 matutinos
3705 3649 3825 3727 (5),

412 3763 606 3824 opera
645 3762 888 3806 eorum.
936 3745 1292 3818 Septimana
1339 3757 1487 3815 ergo
1535 3743 1772 3815 integra
1820 3743 2061 3801 ieiuna—
2171 3754 2455 3812 egressus
2513 3741 2811 3797 Macarius
2862 3741 3231 3800 obsecrabat
3283 3759 3411 3812 eos,
3476 3753 3542 3804 ut
3594 3763 3708 3819 pro
3757 3766 3826 3808 se

412 3849 520 3915 vit,
566 3854 628 3906 et
669 3846 908 3919 rogavit
941 3844 1294 3914 Dominum,
1330 3847 1396 3898 ut
1446 3841 1566 3898 sibi
1613 3855 1806 3913 opera
1838 3857 2058 3900 eorum
2169 3852 2350 3896 orare
2405 3839 2846 3910 dignarentur;
2906 3838 2997 3895 illi
3049 3853 3195 3899 vero
3249 3846 3518 3901 tacentes
3561 3845 3635 3902 ad
3681 3847 3826 3906 eius

406 3948 768 4020 dignaretur
819 3943 1168 4002 ostendere.
1231 3941 1299 3998 Et
1359 3945 1496 4011 post
1545 3941 1695 3997 haec
1745 3941 2059 4012 profectus
2169 3938 2356 4010 pedes
2387 3944 2529 3995 sunt
2571 3936 2905 4008 provoluti,
2945 3938 3183 4009 seipsos
3212 3941 3604 4000 orationibus
3643 3945 3822 4004 illius

405 4052 497 4105 est
543 4045 618 4102 ad
663 4059 790 4109 eos,
841 4041 1232 4114 pulsavitque
1281 4039 1510 4095 ostium
1559 4038 1894 4110 speluncae
1946 4055 2055 4098 eo-
2164 4035 2690 4093 commendantes.
2747 4034 2818 4092 Et
2891 4036 3178 4109 cognovit
3241 4053 3450 4113 senex,
3511 4043 3818 4114 quoniam

401 4157 567 4202 rum.
622 4141 752 4208 Quo
806 4143 1023 4211 aperto
1080 4141 1139 4192 et
1193 4137 1325 4192 viso
1377 4135 1632 4192 homine
1686 4135 1785 4191 Dei
1834 4137 2053 4194 adora-
2164 4134 2364 4190 maior
2402 4133 2656 4204 quidem
2706 4138 2866 4190 esset
2913 4133 2975 4190 in
3033 4134 3259 4193 timore
3313 4137 3415 4195 Dei
3473 4141 3812 4215 perfectus,

399 4243 623 4297 verunt
677 4237 926 4307 utrique
965 4234 1027 4290 in
1072 4238 1256 4288 terra.
1295 4233 1362 4289 Et
1413 4238 1744 4303 postquam
1776 4232 1932 4288 facta
1974 4249 2045 4290 ex
2161 4232 2469 4288 minorem
2511 4244 2659 4288 vero
2707 4230 2910 4289 adhuc
2959 4231 3293 4292 daemones
3343 4235 3810 4309 impugnarent.

399 4349 575 4393 more
628 4332 909 4390 oratione
951 4330 1376 4398 considerunt,
1423 4328 1532 4384 ille
1589 4329 1789 4385 maior
1847 4328 2050 4388 innuit
2159 4327 2295 4386 Post
2351 4342 2582 4401 paucos
2632 4342 2778 4387 vero
2836 4329 2970 4388 dies
3020 4332 3222 4389 maior
3278 4333 3468 4391 frater
3519 4344 3810 4409 receptus

397 4431 650 4497 minori,
681 4438 742 4487 et
769 4441 1054 4500 egressus
1084 4433 1173 4482 est
1216 4426 1402 4483 foras.
1442 4426 1574 4498 Ipse
1614 4431 1819 4483 autem
1861 4425 2047 4484 sede—
2079 4453 2121 4506 ι)
2155 4432 2245 4484 est
2296 4428 2361 4485 in
2417 4443 2567 4499 pace
2600 4447 2616 4500 ;
2672 4429 2856 4487 tertio
2898 4429 3002 4486 die
3055 4431 3242 4489 etiam
3285 4433 3491 4492 minor
3521 4442 3612 4494 est
3653 4451 3804 4497 eum

395 4532 500 4589 bat
528 4535 827 4601 torquens
869 4525 1240 4594 funiculum,
1279 4523 1432 4580 nihil
1469 4525 1730 4596 loquens
1758 4526 2037 4587 omnino.
2154 4525 2481 4584 adsecutus
2526 4523 2634 4602 (6).
2692 4546 2721 4580 υ
2774 4527 2942 4585 Idem
2995 4529 3255 4587 uberius
3308 4531 3441 4604 ipse
3496 4534 3806 4594 Macarius

392 4629 553 4687 Hora
583 4641 730 4686 vero
777 4640 936 4684 nona
983 4623 1247 4697 pulsavit
1299 4621 1530 4680 ostium
1578 4622 1771 4680 frater
1803 4623 2036 4693 iunior,
2151 4639 2434 4683 narrasse
2463 4625 2729 4682 traditur
2772 4624 2836 4682 in
2869 4626 3032 4684 libro
3076 4633 3248 4686 sexto
3293 4626 3378 4705 (7)
3425 4637 3486 4688 et
3529 4631 3592 4689 in
3639 4633 3806 4705 Apo-

389 4733 449 4785 et
495 4727 807 4799 ingressus
853 4730 942 4782 est
1000 4736 1143 4780 cum
1197 4722 1362 4787 cibo,
1425 4736 1549 4794 quo
1608 4721 2032 4780 reﬁcerentur.
2148 4722 2565 4794 pbthegmatis
2596 4737 2631 4779 a
2659 4722 2970 4781 Cotelerio
3003 4724 3262 4796 prolatis
3291 4723 3381 4802 (8)
3416 4745 3427 4795 ;
3460 4730 3802 4803 utrobique

386 4826 617 4884 Eodem
666 4829 818 4882 nutu
873 4823 1076 4880 iussus
1126 4819 1471 4878 mensulam
1524 4821 1847 4892 parvulam
1891 4835 2037 4879 cum
2146 4820 2313 4878 enim
2361 4820 2458 4877 his
2505 4819 2725 4892 incipit
2754 4820 2962 4879 verbis
2999 4837 3010 4877 :
3052 4843 3078 4872 «
3129 4823 3382 4882 Dicebat
3409 4826 3603 4885 abbas
3656 4828 3800 4887 Vin-

2214 5057 2289 5128 (4)
2315 5057 2376 5112 In
2405 5072 2619 5128 graeco
2655 5062 2807 5114 textu
2835 5058 3100 5115 Cotelerii
3132 5067 3269 5134 τρεῖς
3297 5060 3639 5134 παξαμάδας.

2211 5147 2285 5217 (5)
2347 5146 2409 5201 In
2473 5161 2687 5215 graeco
2741 5152 2903 5203 textu
2952 5163 3055 5219 ap.
3119 5148 3472 5206 Cotelerium
3522 5157 3636 5225 περὶ
3693 5159 3794 5213 τὴν

2137 5239 2366 5311 πρωῐαν,
2395 5236 2550 5290 circa
2569 5237 2930 5292 matutinum
2959 5245 3222 5308 tempus.

2207 5325 2285 5396 (6)
2314 5325 2427 5379 vv.
2463 5324 2574 5381 PP.
2598 5327 2794 5382 aosw.
2827 5325 2934 5383 lib.
2989 5326 3057 5380 IlI
3075 5342 3216 5398 cap.
3253 5329 3351 5384 195
3383 5345 3449 5401 p.
3477 5330 3651 5397 528,2
3678 5348 3783 5404 sq.

2208 5414 2457 5486 (7)1bid.
2489 5413 2598 5468 lib.
2635 5413 2910 5471 Vllibell.
2939 5416 2995 5480 3,
3024 5417 3058 5469 2
3099 5433 3162 5487 p.
3185 5418 3313 5482 651,
3338 5419 3368 5473 2
3393 5435 3488 5491 sq.

2205 5504 2280 5576 (8)
2305 5503 2553 5559 Coteler.
2603 5503 2758 5560 Eccl.
2793 5507 3002 5560 Graec.
3033 5508 3185 5561 Mon.
3209 5509 3393 5580 T.lp.
3425 5511 3521 5565 5H
3546 5525 3685 5582 sqq.
3719 5529 3779 5571 ε.

2133 5611 2190 5650 v.
2225 5594 2525 5648 Macarius
2577 5593 2904 5662 Aegyptius
2931 5594 2958 5665 §
2989 5595 3190 5650 XXXIII
3234 5612 3247 5661 ;
3282 5596 3436 5656 infra
3465 5599 3524 5655 in
3557 5598 3782 5657 harum

2131 5681 2560 5748 Quaestionum
2587 5683 2922 5754 appendice
2943 5683 3127 5742 altera
3149 5685 3263 5743 sub
3293 5685 3385 5744 III.

453 5062 530 5133 (1)
553 5059 704 5115 Ibid.
737 5075 794 5131 p.
827 5059 932 5112 549
953 5059 980 5129 ξ
1002 5058 1129 5114 xu.

454 5151 524 5218 (2)
558 5149 715 5208 Ibid.
757 5166 816 5219 p.
850 5147 956 5201 400
985 5164 1080 5218 sq.
1120 5165 1171 5204 s.
1206 5163 1258 5201 v.
1292 5147 1421 5201 Aio.

448 5241 525 5311 (5)
551 5242 627 5294 De
656 5239 826 5293 Esaia
848 5237 1066 5292 abbate
1107 5237 1184 5293 cf.
1225 5236 1336 5290 VV.
1365 5239 1462 5290 PP.
1493 5238 1680 5290 Rosw.
1703 5236 1804 5291 lib.
1832 5238 2024 5308 llcap.

372 5329 441 5384 10
471 5345 536 5399 p.
585 5329 710 5393 469,
754 5331 808 5383 2.
844 5329 988 5382 Hist.
1020 5327 1198 5382 Laus.
1231 5325 1304 5379 ed
1335 5328 1545 5381 Meurs.
1588 5341 1720 5394 cap.
1772 5329 1836 5382 57
1865 5328 2017 5398 Opp.

373 5420 590 5474 Meurs.
615 5418 653 5472 l.
679 5418 718 5472 1.
750 5433 804 5488 ρ.
829 5417 948 5471 513.
975 5416 1264 5484 (Genuina
1279 5430 1425 5479 esse,
1448 5430 1603 5484 quae
1622 5414 1700 5468 ibi
1725 5414 2021 5485 leguntur,

367 5508 584 5564 docent
615 5507 789 5560 codd.
825 5506 1165 5560 Vindobon.
1191 5520 1340 5575 quos
1369 5520 1426 5573 p.
1463 5505 1526 5557 14
1561 5505 2020 5576 recensuimus.)

367 5600 600 5653 Sozom.
631 5596 775 5650 Hist.
809 5595 962 5650 Eccl.
1014 5595 1119 5651 lib.
1163 5594 1227 5646 ΙΙΙ
1260 5609 1390 5664 cap.
1435 5593 1502 5646 i4
1527 5594 1626 5649 ed.
1681 5594 1727 5649 l.
1777 5610 1840 5664 p.
1882 5599 2010 5654 518.

365 5686 608 5744 Coteler.
637 5685 790 5741 Eccl.
830 5686 1036 5740 Graec.
1071 5685 1221 5740 Ilion.
1254 5684 1315 5737 T.
1361 5683 1463 5755 lp.
1487 5684 1668 5740 4453.
1714 5699 1768 5738 v.
1792 5683 1974 5742 Esaia
2013 5730 2034 5753 .
