4094 6208
268 321 383 376 137

268 447 528 507 demius
616 445 703 525 [in
790 446 1345 521 Apophthegmatis
1426 442 1707 522 ΒιτίμιοςῙ,

268 546 557 605 narravit
588 547 780 604 abbas
810 545 1112 604 Macarius
1148 563 1159 601 :
1196 544 1458 603 Sedente
1507 559 1608 602 me
1650 541 1944 617 aliqando

271 645 338 703 in
384 644 588 703 Scitbi
636 639 1201 721 [Apophthegmata
1249 660 1261 698 :
1311 638 1377 699 εἰς
1417 639 1626 719 Σκῆτιν]
1686 642 1945 719 descen-

268 743 505 801 derunt
548 743 678 801 duo
722 741 1145 799 adolescentes
1188 740 1533 814 peregrini.
1561 784 1573 797 .
1602 781 1648 805 .,
1702 760 1725 791 ι
1775 746 1837 797 et
1879 740 1944 798 in

269 839 658 898 narrationis
704 839 963 896 demum
1013 837 1133 895 ﬁne
1176 838 1328 896 haec
1377 839 1694 896 adduntur
1737 856 1750 893 :
1804 856 1834 891 ‹‹
1876 836 1945 895 Et

273 951 419 995 cum
446 935 649 1009 aliqui
686 939 938 1012 patrum
983 934 1348 993 advenirent
1391 934 1604 993 abbati
1652 932 1937 1001 Macario,

276 1035 548 1094 ducebat
577 1049 687 1092 eos
716 1034 778 1092 in
808 1033 1033 1091 cellam
1077 1032 1359 1105 ipsorum
1404 1033 1618 1092 dicens
1663 1052 1675 1090 :
1729 1032 1945 1091 Venite

277 1134 489 1192 videre
550 1131 925 1204 martyrium
986 1130 1214 1189 borum
1284 1131 1603 1189 minorum
1665 1130 1945 1203 peregri-

273 1246 523 1290 norum.
583 1250 614 1285 »
662 1229 997 1288 Macarium
1039 1227 1230 1301 igitur
1278 1228 1651 1301 Aegyptium
1686 1227 1945 1300 intelligi

267 1335 499 1402 sponte
526 1330 713 1387 lucet.

353 1445 384 1481 α
435 1427 595 1485 Cum
627 1425 886 1499 quidam
934 1424 1177 1495 fratres,
1223 1426 1762 1498 quemadmodum
1806 1438 1944 1483 ora-

267 1530 435 1595 rent,
472 1527 728 1583 beatum
774 1523 1109 1581 Macarium
1155 1522 1645 1595 requisivissent,
1689 1537 1946 1595 respon-

259 1623 355 1680 dit
387 1621 523 1680 illis
553 1622 766 1679 dicens
797 1642 808 1680 :
848 1621 976 1679 Non
1009 1626 1150 1678 sunt
1182 1622 1528 1678 necessaria
1559 1616 1731 1689 166
1764 1620 1946 1678 nobis

260 1720 585 1793 superflua
640 1720 855 1787 verba,
897 1718 1004 1775 sed
1053 1718 1389 1776 extendere
1432 1724 1671 1776 tantum
1721 1731 1944 1775 manus

264 1835 336 1875 ac
390 1817 610 1876 dicere
658 1816 961 1873 debemus
1023 1834 1036 1875 :

262 1916 428 1974 sicut
474 1915 592 1972 tibi
642 1913 868 1987 placet,
906 1914 989 1971 ita
1034 1912 1155 1970 ﬁat.
1210 1913 1272 1971 Si
1318 1920 1527 1971 autem
1566 1913 1823 1972 tentatio
1861 1913 1941 1969 ir-

264 2012 488 2081 ruerit,
540 2016 645 2069 aut
701 2010 1113 2083 impugnatio,
1158 2010 1493 2069 dicendum
1539 2016 1630 2069 est
1683 2028 1696 2068 :
1754 2011 1934 2077 Deus,

259 2110 572 2168 auxiliare
629 2108 832 2167 nobis.
894 2109 1027 2180 Ipse
1084 2110 1255 2166 enim
1313 2109 1449 2181 scit,
1524 2123 1683 2182 quae
1757 2107 1938 2167 nobis

257 2208 601 2280 expediant
644 2204 758 2283 (i).
813 2225 845 2261 »
899 2206 1126 2264 Eadem
1174 2206 1424 2266 Macarii
1474 2205 1827 2265 exhortatio
1872 2207 1936 2265 in

253 2303 425 2364 libro
478 2305 702 2379 quinto
756 2302 841 2380 (2)
898 2309 957 2362 et
1028 2304 1091 2362 in
1136 2304 1695 2378 Apophthegmatis
1754 2304 1933 2363 Cote-

251 2404 395 2463 lerii
448 2400 537 2477 (3)
578 2403 824 2475 legitur.
877 2402 1078 2475 Atque
1125 2418 1200 2460 ex
1260 2404 1580 2461 monachis
1628 2403 1737 2461 alii
1794 2417 1934 2475 per-

253 2501 487 2559 multas
555 2500 839 2575 quotidie
904 2501 1221 2559 orationes
1290 2502 1582 2559 recitasse
1652 2498 1767 2578 (4),
1824 2500 1930 2558 alii

251 2598 521 2657 eandem
594 2599 852 2656 brevem
938 2612 1190 2671 semper
1277 2600 1605 2671 repetiisse
1666 2599 1930 2657 tradun-

251 2704 355 2755 tur
418 2695 530 2772 (5).
594 2696 882 2755 Ceterum
954 2711 1144 2769 quam
1217 2697 1446 2755 eximie
1512 2697 1589 2754 de
1647 2697 1930 2755 oratione

252 2793 564 2853 Macarius
624 2794 961 2866 Aegyptius
1001 2794 1288 2865 senserit,
1339 2809 1412 2851 ex
1458 2793 1594 2851 eius
1652 2792 1931 2851 homiliis

251 2891 425 2950 clare
458 2896 654 2965 patet.

335 3010 367 3045 α
400 2990 611 3048 Abbas
654 2990 956 3048 Macarius
998 2990 1147 3048 dum
1196 2992 1385 3049 semel
1418 2990 1496 3047 de
1539 2990 1728 3048 Scithi
1778 3004 1925 3062 por-

250 3094 414 3148 taret
441 3088 799 3161 sportellas,
847 3103 1002 3161 quas
1041 3093 1298 3159 texerat,
1347 3089 1644 3161 grandem
1692 3087 1928 3146 habens

1907 315 2139 372 VlTAE.

1797 444 1946 518 quia
1977 444 2023 497 A
2053 449 2337 517 spectare
2381 447 2752 520 invenimus,
2796 451 2857 509 id
2902 453 3071 525 quod
3119 455 3179 509 et
3219 451 3281 510 in
3325 450 3550 510 ceteris
3594 448 3716 509 VV.

3620 318 3722 375 138

2057 543 2161 600 ΡΡ.
2235 544 2517 601 eiusdem
2580 545 2965 607 collectionis
3036 549 3215 607 libris
3287 547 3721 621 deprehende-

2055 655 2213 698 mus.
2259 641 2621 700 Rosweidus
2680 641 2845 713 147
2905 661 3049 705 cum
3108 662 3142 704 e
3194 661 3421 720 genere
3462 644 3715 704 dicendi

2054 744 2113 797 et
2166 737 2541 811 quibusdam
2602 743 3006 813 praefationis
3063 744 3291 810 verbis,
3352 758 3512 815 quae
3570 756 3715 801 cum

2056 836 2198 894 libri
2260 838 2516 895 secundi
2573 840 2955 911 praefatione
3001 844 3397 906 conveniunt,
3459 845 3593 898 tum
3642 855 3717 898 ex

2056 934 2513 1006 praefationum
2569 936 2717 995 libri
2772 939 3027 997 secundi
3085 944 3147 998 et
3202 939 3368 997 tertii
3423 938 3717 997 afﬁnitate

2054 1046 2198 1089 cum
2267 1032 2607 1104 prooemiis
2674 1035 2980 1093 Historiae
3038 1037 3383 1107 Lausiacae,
3428 1036 3717 1095 Ruﬁnum

2056 1130 2204 1187 libri
2248 1130 2413 1189 tertii
2459 1132 2831 1204 scriptorem
2876 1131 3337 1208 (interpretem)
3384 1149 3519 1192 esse
3565 1148 3712 1191 con-

2056 1226 2222 1285 iecit.
2272 1228 2424 1298 Quia
2478 1229 2647 1287 enim
2689 1230 2834 1287 libri
2891 1232 3054 1289 tertii
3098 1231 3398 1305 praefatio
3454 1230 3718 1303 epistola

2059 1325 2311 1385 Palladii
2362 1327 2437 1383 a.,l
2490 1328 2758 1386 Lausum
2802 1329 3108 1388 Historiae
3163 1330 3491 1388 Lausiacae
3540 1342 3718 1402 prae-

2056 1423 2243 1481 missa
2292 1430 2462 1483 certo
2534 1425 2841 1491 innititur,
2920 1426 3221 1499 praefatio
3288 1431 3495 1485 autem
3568 1424 3715 1484 libri

2053 1521 2334 1592 secundi,
2406 1522 2584 1581 cuius
2632 1522 2939 1596 interpres
3009 1525 3281 1591 Ruﬁnus,
3334 1525 3410 1582 ad
3484 1538 3718 1596 prece-

2054 1618 2276 1685 mium,
2351 1620 2517 1692 quod
2602 1621 2666 1678 in
2738 1622 2938 1680 fronte
3010 1623 3316 1682 Historiae
3388 1621 3717 1680 Lausiacae

2054 1717 2439 1776 Meursianae
2509 1725 2570 1775 et
2652 1719 3117 1778 Roswridianae
3199 1721 3491 1779 editionis
3565 1720 3712 1792 legi-

1095 1817 1274 1882 Deus,
1348 1816 1667 1888 quomodo
1724 1816 1816 1873 vis
1882 1811 2173 1881 etBtur,
2248 1816 2411 1873 haud
2489 1817 2680 1874 dubie
2744 1817 2986 1884 alludit,
3059 1819 3327 1877 eundem
3386 1818 3711 1889 utriusque

2052 1912 2196 1971 libri
2219 1914 2593 1986 scriptorem
2640 1912 3075 1991 (interpretem
3102 1921 3207 1975 aut
3253 1915 3709 1989 praefationum

2049 2009 2445 2086 scriptorem)
2494 2011 2778 2070 Ruﬁnum
2825 2027 2981 2085 esse,
3039 2016 3187 2071 satis
3234 2014 3528 2071 audacter
3574 2012 3711 2086 qui-

2048 2109 2190 2166 dem
2235 2107 2501 2168 coniecit
2543 2106 2656 2186 (9).
2704 2111 3068 2184 Quanquam
3099 2112 3197 2169 vel
3240 2126 3337 2182 eo,
3371 2111 3538 2185 quod
3583 2111 3710 2170 Ru-

2047 2205 2205 2264 ﬁnus
2265 2214 2549 2266 mortuus
2618 2212 2772 2276 erat,
2835 2215 3169 2283 antequam
3236 2209 3505 2268 Historia
3559 2208 3711 2268 Lau-

2045 2304 2209 2361 siaca
2256 2304 2539 2377 prodiret
2584 2302 2736 2381 (10),
2782 2320 2817 2364 a
2857 2307 2966 2364 tali
3005 2321 3222 2366 errore
3263 2308 3543 2366 revocari
3603 2307 3709 2365 de-

2046 2403 2251 2460 bebat.
2286 2402 2525 2460 Etenim
2571 2404 2970 2474 prooemium
3016 2405 3178 2463 istud
3222 2406 3609 2464 Meursianae
3649 2408 3711 2463 et

2045 2499 2518 2559 Rosweidianae
2572 2501 2869 2560 editionis
2922 2500 3049 2578 (it)
3104 2503 3411 2561 Historiae
3460 2503 3706 2561 Lausia-

2041 2613 2172 2665 cae,
2207 2613 2481 2671 quocum
2517 2598 2665 2657 libri
2710 2601 2966 2659 secundi
2999 2601 3302 2673 praefatio
3345 2601 3481 2659 sine
3510 2601 3706 2661 dubio

2040 2696 2355 2763 cohaeret,
2387 2697 2674 2770 spurium
2706 2703 2797 2755 est
2842 2696 2967 2774 (l2)
3013 2705 3072 2757 et
3116 2699 3385 2758 Historia
3417 2700 3706 2757 Lausiaca

2041 2795 2363 2862 vetustius,
2418 2796 2585 2853 unde
2631 2795 2696 2853 id
2745 2796 2809 2854 in
2866 2796 3031 2854 libro
3074 2798 3348 2856 secundo
3402 2801 3541 2855 ante
3600 2796 3707 2854 Hi-

2039 2892 2298 2950 storiam
2349 2893 2703 2951 Lausiacam
2753 2894 2987 2967 scripto
3041 2895 3328 2953 adhiberi
3374 2895 3555 2953 facile
3601 2910 3707 2953 ex-

2040 2990 2301 3063 plicabis
2334 2988 2477 3065 (l3).
2514 2991 2681 3049 Libri
2710 3005 2859 3050 vero
2887 2992 3057 3050 tertii
3084 2992 3387 3064 praefatio
3416 2992 3704 3065 genuinis

2040 3087 2343 3145 Historiae
2384 3088 2707 3147 Lausiacae
2762 3089 3048 3147 innititur
3088 3089 3261 3161 locis,
3313 3094 3700 3162 quapropter

248 3188 388 3245 viae
438 3186 725 3244 laborem
774 3186 1005 3244 resedit
1048 3191 1109 3243 et
1153 3187 1310 3244 dixit
1357 3208 1370 3245 :
1431 3187 1607 3252 Deus,
1667 3193 1730 3244 tu
1777 3185 1922 3256 scis,
1961 3169 2001 3226 Ο
2036 3199 2174 3243 eam
2249 3189 2389 3258 post
2456 3185 2654 3244 Ruﬁni
2727 3192 2993 3245 mortem
3077 3187 3494 3259 conscriptam
3566 3201 3702 3244 esse

250 3284 405 3358 quia
444 3283 719 3355 amplius
770 3298 891 3342 non
938 3283 1113 3343 valeo
1153 3283 1501 3351 ambulare,
1549 3289 1607 3341 et
1650 3298 1795 3341 mox
1834 3283 1927 3341 in-

247 3386 475 3440 ventus
542 3386 633 3439 est
702 3382 779 3438 ad
861 3381 1140 3449 ﬂuvium,
1213 3382 1376 3440 unde
1442 3381 1647 3441 adhuc
1712 3382 1927 3440 multis

249 3480 470 3537 aberat
523 3478 867 3537 intervallis
928 3475 1035 3557 (6).
1109 3499 1139 3535 »
1194 3478 1365 3537 ldem
1424 3479 1486 3536 in
1549 3480 1714 3538 libro
1752 3484 1925 3538 sexto

248 3576 467 3635 verbis
516 3592 529 3632 :
581 3594 612 3630 α
650 3576 940 3634 Dicebant
966 3576 1043 3634 de
1086 3576 1310 3635 abbate
1341 3577 1610 3635 Macario
1654 3577 1764 3635 illo
1796 3591 1923 3633 ma-

249 3674 416 3733 iore.
444 3717 458 3730 .
487 3717 501 3730 .
542 3671 656 3749 (7),
698 3697 723 3725 ››
754 3679 813 3732 et
855 3675 919 3733 in
970 3675 1523 3747 Apophthegmatis
1552 3690 1587 3731 a
1617 3674 1925 3733 Cotelerio

249 3772 440 3829 editis
474 3772 559 3829 ita
599 3771 820 3844 incipit
856 3791 869 3830 :
913 3794 940 3823 ‹‹
992 3773 1283 3831 Dicebant
1321 3772 1399 3831 de
1446 3772 1670 3830 abbate
1719 3773 1923 3830 Maca-

246 3874 347 3927 rio
382 3870 799 3942 Aegyptio...
856 3866 965 3947 (8),
1015 3888 1047 3925 »
1094 3871 1282 3938 unde,
1326 3876 1466 3929 uter
1510 3870 1921 3928 Macariorum

248 3968 523 4035 dicatur,
564 3968 967 4040 perspicuum
998 3974 1110 4027 est.
1163 3968 1433 4035 Fluvius,
1464 3983 1651 4041 quem
1694 3968 1917 4036 innuit,

246 4065 427 4124 Nilus
456 4068 591 4134 est;
640 4065 716 4122 ad
750 4067 939 4125 urbes
968 4067 1138 4124 enim
1169 4066 1230 4124 in
1277 4066 1552 4124 fluminis
1595 4065 1732 4138 ripa
1775 4066 1923 4125 sitas

249 4164 589 4221 adventare
657 4163 942 4222 solebant
1012 4164 1324 4232 monachi,
1389 4161 1700 4237 sportulas
1767 4180 1923 4238 quas

252 4266 560 4331 texerant,
593 4261 927 4320 vendituri.

335 4358 406 4416 Et
451 4358 607 4417 haec
655 4359 911 4432 quidem
958 4359 1169 4418 insunt
1209 4360 1286 4418 de
1328 4358 1609 4418 Macariis
1643 4359 1756 4416 VV.
1809 4359 1913 4418 PP.

250 4457 423 4514 libro
490 4456 950 4515 Rosweidianae
1019 4458 1407 4517 collectionis
1474 4458 1678 4516 tertio.
1753 4457 1919 4528 Quae

2037 3297 2160 3340 non
2210 3283 2417 3340 minus
2466 3284 2869 3356 perspicuum
2913 3290 3023 3343 est.
3070 3285 3136 3343 Id
3186 3286 3388 3343 solum
3431 3286 3696 3352 constat,

2038 3377 2182 3438 libri
2249 3381 2415 3438 tertii
2487 3382 2935 3453 praefationem
3002 3398 3037 3440 e
3107 3382 3254 3440 libri
3312 3382 3567 3441 secundi
3639 3386 3701 3441 et

2035 3478 2339 3536 Historiae
2414 3478 2740 3538 Lausiacae
2824 3480 3321 3553 praefationibus
3387 3480 3700 3554 compila-

2034 3581 2183 3643 tam,
2254 3577 2558 3651 illumque
2644 3579 2833 3651 igitur
2897 3580 3132 3639 librum
3212 3580 3385 3639 hisce
3450 3579 3700 3638 duobus

2034 3679 2231 3733 aetate
2259 3675 2669 3747 posteriorem
2700 3691 2855 3735 esse.

2112 3769 2141 3848 ξ
2212 3775 2306 3830 33.
2383 3771 2567 3831 Libro
2636 3774 2856 3845 quinto
2928 3775 3041 3831 VV.
3120 3775 3224 3832 PP.
3301 3773 3695 3833 collectionis

2032 3869 2498 3929 Rosweidianae
2553 3872 2977 3942 septendecim
3027 3872 3104 3929 de
3159 3871 3442 3930 Macariis
3501 3870 3694 3930 histo-

2034 3969 2163 4026 riae
2237 3968 2652 4026 continentur.
2727 3969 3000 4038 Quarum
3066 3975 3207 4027 octo
3274 3969 3350 4026 de
3426 3968 3693 4027 Macario

2034 4064 2335 4139 Aegyptio
2390 4079 2534 4123 cum
2608 4065 2906 4124 fratribus
2962 4067 3176 4125 vinum
3250 4066 3523 4131 bibente,
3582 4065 3691 4124 sed

2032 4169 2246 4237 postea
2296 4177 2411 4237 pro
2453 4167 2674 4236 quovis
2718 4164 2914 4223 calice
2956 4165 3123 4224 diem
3174 4166 3485 4238 integrum
3529 4179 3692 4238 aqua

2030 4263 2377 4321 abstinente
2425 4259 2577 4337 (lt),
2635 4262 2714 4322 de
2746 4264 3027 4321 eiusdem
3084 4262 3327 4322 Macarii
3379 4262 3568 4331 dicto,
3621 4263 3688 4321 in

2030 4360 2425 4433 increpandis
2492 4360 2633 4418 aliis
2696 4361 2774 4419 ad
2840 4361 3229 4420 iracundiam
3300 4366 3687 4420 commotum

2030 4472 2094 4517 se
2151 4459 2360 4531 ipsum
2401 4459 2665 4531 perdere
2707 4456 2866 4536 (i5),
2909 4460 2987 4518 de
3035 4460 3318 4519 eiusdem
3376 4460 3683 4533 doctrina,

248 4553 599 4613 maximam
673 4559 912 4627 partem
980 4555 1057 4614 ad
1125 4556 1461 4614 Macarium
1551 4556 1918 4629 Aegyptium
1952 4532 1996 4585 ί)
2029 4572 2141 4618 nos
2191 4560 2585 4629 acceptarum
2651 4532 2824 4629 148
2881 4558 2961 4616 ab
3014 4557 3379 4616 hominibus
3427 4532 3686 4616 iniuria-

323 4717 404 4789 (1)
447 4718 563 4775 VV.
596 4718 700 4773 PP.
737 4721 933 4775 Rosw.
974 4719 1082 4775 lib.
1124 4720 1195 4775 lll
1226 4735 1364 4791 cap.
1405 4719 1508 4774 207
1532 4734 1592 4790 p.
1622 4719 1749 4787 531,
1780 4721 1829 4774 1.

326 4807 408 4874 (2)
450 4806 600 4861 Ibid.
643 4806 753 4862 lib.
804 4808 1054 4864 Vlibell.
1095 4810 1271 4873 12,10
1306 4824 1367 4880 p.
1409 4808 1532 4873 614,
1577 4810 1631 4862 1.

324 4894 405 4964 (3)
446 4896 693 4951 Coteler.
732 4899 887 4952 Eccl.
928 4900 1133 4953 Graec.
1179 4902 1335 4955 Mou.
1377 4898 1477 4952 T.I
1512 4915 1569 4968 p.
1597 4896 1704 4951 536
1730 4912 1827 4968 sq.
1865 4914 1915 4953 s.

249 4999 312 5037 v.
348 4983 653 5039 Macarius
669 4987 1038 5055 Aegyptiusﬁ
1064 4988 1165 5044 XIX
1195 5004 1208 5053 ;
1236 4986 1466 5042 infrain
1485 4986 1699 5041 harum
1729 4988 1918 5051 Quae-

247 5074 517 5128 stionum
551 5076 895 5146 Appendice
923 5076 1109 5131 altera
1140 5077 1254 5131 sub
1284 5076 1378 5130 Ill.

322 5161 402 5232 (4)
446 5160 533 5216 Cf.
564 5178 746 5234 supra
777 5172 801 5234 ς
837 5164 906 5218 25
929 5181 985 5235 p.
1017 5165 1138 5220 106.
1174 5168 1315 5220 Hist.
1354 5167 1529 5220 Laus.
1560 5164 1656 5218 ed.
1691 5166 1905 5220 Meurs.

248 5266 386 5322 cap.
415 5250 486 5305 33
517 5252 677 5323 Opp.
718 5254 935 5309 Meurs.
961 5253 1007 5310 l.
1048 5254 1089 5308 ι.
1121 5271 1185 5325 p.
1219 5254 1361 5323 444;
1396 5269 1527 5323 cap.
1558 5253 1627 5307 39
1660 5268 1716 5323 p.
1750 5252 1911 5320 456;

247 5354 384 5411 cap.
420 5339 486 5393 47
528 5356 589 5407 p.
621 5340 722 5395 481
760 5358 773 5407 ;
808 5358 940 5413 cap.
969 5343 1036 5398 53
1067 5358 1125 5414 p.
1151 5343 1255 5397 493
1285 5358 1298 5407 ;
1333 5356 1470 5413 cap.
1511 5341 1579 5395 88
1611 5358 1671 5412 p.
1703 5342 1833 5397 553.

322 5427 399 5497 (5)
442 5428 557 5481 VV.
582 5429 687 5483 PP.
726 5432 917 5487 Rosw.
947 5430 1055 5488 lib.
1090 5431 1135 5485 Il
1182 5447 1316 5503 sap.
1355 5432 1390 5485 9
1417 5446 1480 5501 p.
1521 5429 1647 5495 467,
1692 5432 1717 5486 1
1756 5432 1907 5502 Opp.

258 5518 467 5571 Heurs.
494 5517 534 5572 l.
567 5517 608 5571 Ι.
654 5532 714 5589 p.
745 5518 850 5573 644
884 5534 996 5591 sq.,
1026 5520 1271 5589 passim.

326 5605 403 5675 (6)
446 5605 601 5661 Ibid.
627 5606 734 5664 lib.
785 5608 851 5662 IIl
874 5624 1005 5680 cap.
1040 5609 1145 5664 213
1172 5625 1237 5680 p.
1274 5608 1399 5673 532,
1432 5608 1484 5662 1.

327 5694 401 5763 (τ)
442 5694 597 5751 Ibid.
623 5694 729 5751 lib.
760 5695 833 5751 v1
858 5696 1045 5755 libell.
1093 5700 1148 5762 ε,
1184 5699 1219 5754 6
1243 5712 1302 5770 p.
1336 5698 1461 5762 649,
1488 5697 1546 5752 2.

2098 4722 2176 4793 (8)
2217 4720 2462 4778 Coteler.
2490 4721 2640 4776 Eccl.
2669 4721 2883 4777 Graec.
2934 4722 3089 4776 Mon.
3125 4722 3188 4776 T.
3224 4720 3243 4773 Ι
3285 4734 3343 4791 ρ.
3377 4719 3480 4773 535
3522 4737 3574 4776 s.
3616 4735 3675 4775 v.

2026 4812 2317 4867 Macarius
2346 4811 2675 4881 Aegyptius
2698 4817 2722 4879 δ
2748 4809 2857 4866 XIV
2893 4825 2906 4874 ;
2948 4808 3101 4862 infra
3132 4810 3190 4863 in
3218 4808 3432 4863 harum
3466 4809 3669 4873 Quae-

2027 4902 2283 4955 stionum
2316 4900 2656 4971 Appendice
2683 4900 2866 4955 altera
2908 4898 3021 4952 sub
3054 4898 3146 4953 IIl.

2095 4989 2174 5061 (9)
2212 4989 2329 5043 VV.
2366 4991 2473 5046 PP.
2524 4992 2721 5044 Rosw.
2757 4986 2991 5056 Proleg.
3030 4988 3070 5041 V
3106 5002 3170 5058 p.
3214 4988 3368 5043 XXIX
3406 5003 3496 5059 sq.

2096 5078 2207 5147 (10)
2250 5079 2331 5131 Cf.
2366 5093 2549 5147 supra
2579 5083 2604 5145 ς
2632 5076 2664 5130 6
2690 5093 2747 5146 p.
2776 5077 2865 5131 24.

2095 5167 2211 5236 (ll)
2252 5166 2372 5220 vv.
2406 5168 2508 5221 PP.
2552 5168 2741 5220 Rosw.
2774 5164 2883 5220 lib.
2920 5164 3037 5219 VIII
3060 5179 3120 5236 p.
3157 5163 3261 5220 704
3280 5180 3373 5235 sq.

2096 5255 2206 5324 (12)
2248 5254 2331 5309 Cf.
2366 5269 2549 5324 supra
2580 5255 2605 5317 5
2632 5254 2665 5307 5
2694 5271 2752 5324 p.
2795 5254 2959 5317 1556
2990 5270 3054 5325 p.
3094 5252 3162 5308 28
3192 5268 3281 5324 sq.

2097 5343 2207 5415 (13)
2251 5342 2331 5397 cr.
2364 5342 2515 5398 Ibid.
2568 5357 2630 5414 p.
2662 5342 2749 5397 24.
2780 5342 2849 5396 ss
2879 5358 2977 5414 sq.

2093 5432 2208 5504 (44)
2250 5431 2367 5487 vv.
2406 5432 2512 5487 PP.
2550 5434 2749 5488 Rosw.
2791 5430 2896 5490 lib.
2945 5432 2985 5485 ν
3024 5430 3211 5488 libell.
3253 5433 3309 5496 4,
3350 5430 3423 5486 se
3466 5447 3531 5503 p.
3560 5430 3669 5488 569

2022 5522 2056 5575 2
2079 5538 2168 5593 sq.

2093 5610 2207 5683 (i5)
2248 5610 2400 5667 Ibid.
2426 5609 2607 5668 libell.
2652 5610 2707 5680 4,
2732 5610 2804 5666 28
2838 5626 2905 5683 p.
2939 5610 3067 5678 570,
3096 5611 3148 5665 1.
