4080 6208
388 299 509 355 ’139

1281 296 1381 352 SS.
1427 296 1913 353 MACARIORUM
1955 294 2284 361 AEGYPTII
2321 294 2409 349 ET
2448 295 2947 351 ALEXANDRINI

3726 292 3843 357 .140

402 441 544 486 rum
623 426 1082 485 reminiscendo
1159 426 1285 484 vim
1360 428 1705 486 memoriae
1787 427 2057 494 laedere,
2091 421 2137 475 A
2175 424 2346 496 poris
2392 423 2678 482 ariditate
2727 424 3027 483 Macarius
3064 424 3516 484 Alexandrinus
3552 424 3688 490 fuit,
3730 416 3835 481 cui

404 527 715 585 malorum
773 538 919 583 vero
971 541 1006 581 a
1062 524 1475 584 daemonibus
1532 526 1910 585 inflictorum
1967 539 2060 581 re-

399 624 763 683 cordatione
793 635 916 681 non
948 622 1193 681 laedere
1225 621 1336 699 (l),
1370 624 1447 680 de
1480 625 1666 682 modo
1691 622 1911 681 orandi
1945 619 2054 697 (2),

401 722 481 779 de
527 720 732 792 puella
774 720 1027 793 gravida
1070 736 1104 778 a
1151 721 1417 779 Macario
1468 721 1772 793 Aegyptio
1821 735 1886 779 se
1924 734 2054 777 cor-

400 823 650 890 ruptam
697 832 831 876 esse
880 819 1217 876 mentiente
1259 820 1374 893 (3),
1424 818 1499 876 de
1547 819 1802 878 diabolo
1855 817 2057 876 humi.

399 915 569 973 litate
616 930 651 973 a
695 915 962 974 Macario
1001 915 1303 988 Aegyptio
1352 930 1418 973 se
1460 915 1621 979 vinci
1667 917 1893 974 fatente
1939 912 2051 991 (li),

397 1013 476 1071 de
519 1013 676 1079 fure,
717 1027 905 1084 quem
941 1012 1108 1071 idem
1147 1013 1447 1073 Macarius
1486 1013 1550 1071 in
1592 1013 1749 1072 cella
1788 1029 1898 1071 sua
1938 1014 2054 1072 de-

399 1110 729 1183 prehendit
763 1108 875 1185 (5),
927 1111 1005 1168 de
1053 1111 1356 1169 daemone
1404 1110 1697 1184 denique,
1748 1112 1857 1184 qui
1900 1110 2055 1169 visi-

398 1208 538 1267 tatis
592 1208 888 1266 fratribus
921 1209 1124 1267 solum
1161 1208 1283 1265 sibi
1331 1209 1751 1269 Theoctistum
1797 1210 2051 1269 fratrem

396 1305 462 1364 in
526 1305 904 1364 monasterio
972 1306 1176 1365 favere
1240 1306 1445 1365 eidem
1522 1308 1786 1367 Macario
1860 1308 2053 1366 fassus

396 1404 477 1462 sit
517 1402 631 1477 (6),
680 1418 871 1476 supra
909 1404 1295 1463 excussimus
1340 1402 1453 1481 (7).
1505 1406 1821 1477 Superest,
1852 1410 1920 1465 ut
1948 1419 2053 1462 ce-

396 1504 561 1559 teras
586 1515 807 1560 novem
830 1517 905 1560 ex
929 1502 1150 1560 ordine
1176 1516 1626 1561 recenseamus.

485 1620 505 1651 ι
565 1599 723 1656 Dixit
776 1600 969 1658 abbas
1026 1598 1330 1658 Macarius
1385 1601 1594 1659 abbati
1648 1602 1979 1661 Zachariae
2037 1616 2049 1657 :

399 1696 502 1755 Dic
546 1697 727 1765 mihi,
776 1696 944 1768 quod
979 1702 1071 1754 est
1116 1711 1277 1767 opus
1330 1697 1671 1758 monachi?
1718 1699 1875 1758 Dixit
1915 1701 1971 1757 ei
2038 1715 2050 1754 :

396 1795 488 1852 Me
524 1794 891 1865 interrogas,
940 1792 1160 1867 pater?
1204 1794 1274 1853 Et
1321 1796 1479 1855 dixit
1520 1796 1578 1855 ei
1619 1798 1812 1856 abbas
1862 1798 2051 1857 Maca-

396 1891 531 1949 rius
570 1911 581 1944 :
629 1890 845 1948 Certus
875 1906 1012 1950 sum
1055 1893 1132 1950 de
1161 1897 1242 1960 te,
1270 1891 1367 1951 fili
1394 1895 1723 1965 Zacharia;
1762 1900 1822 1952 et
1860 1895 2053 1965 enim,

397 1988 504 2060 qui
551 2001 652 2046 me
698 1989 924 2059 pulsat,
974 1994 1042 2047 ut
1088 1991 1467 2063 interrogem
1512 1999 1591 2051 te.
1647 1993 1803 2051 Dixit
1852 1993 1907 2049 ei
1952 1994 2057 2049 Za-

396 2086 641 2144 charias
699 2101 712 2142 :
764 2087 1071 2156 Quantum
1130 2089 1205 2147 ad
1268 2104 1391 2162 me,
1453 2096 1646 2162 pater,
1706 2091 1822 2149 hoc
1882 2096 2052 2161 puto,

399 2183 724 2255 quoniam,
801 2184 1161 2258 quicunque
1235 2186 1641 2259 semetipsum
1724 2188 2057 2247 necessita-

397 2278 568 2337 tibus
614 2277 973 2349 subiecerit,
1026 2288 1211 2356 atque
1256 2286 1550 2356 coegerit,
1610 2285 1744 2358 ipse
1787 2292 1879 2345 est
1926 2300 2055 2344 mo-

397 2378 632 2436 nachus
662 2376 772 2454 (8).
802 2398 832 2432 »
870 2379 1038 2437 Idem
1072 2382 1313 2452 reperis
1341 2385 1405 2439 in
1438 2384 1995 2457 Apophthegmatis
2021 2399 2056 2443 a

396 2475 705 2534 Cotelerio
746 2476 933 2535 editis
966 2492 1014 2534 s.
1066 2493 1119 2533 v.
1167 2476 1508 2547 Zacharias,
1553 2497 1741 2553 quem
1782 2482 1843 2539 in
1880 2482 2056 2541 Scete

390 2572 702 2633 resedisse
760 2574 849 2633 ibi
897 2574 1215 2644 edoceris;
1276 2593 1401 2650 qua
1450 2593 1527 2637 ex
1592 2594 1662 2638 re
1718 2581 2054 2639 Macarium

396 2670 767 2742 Aegyptium
822 2677 1034 2731 nostro
1090 2674 1226 2733 loco
1287 2675 1547 2749 intelligi
1608 2678 1774 2736 haud
1830 2678 2056 2738 iniuste

393 2764 671 2840 colliges.
729 2769 1060 2828 Zachariae
1105 2776 1313 2830 autem
1364 2776 1687 2846 responsio
1723 2776 1786 2834 in
1833 2790 2056 2847 graeco

393 2869 565 2924 textu
609 2866 738 2924 fere
773 2866 925 2926 haec
970 2873 1063 2926 est
1114 2888 1126 2926 :
1179 2890 1208 2922 «
1266 2870 1576 2940 Quantum
1628 2887 1742 2947 ego
1797 2874 2054 2947 quidem

394 2962 706 3031 existimo,
755 2969 952 3036 pater,
1000 2966 1108 3038 qui
1133 2982 1200 3025 se
1239 2970 1447 3040 ipsum
1486 2970 1651 3044 cogit
1701 2972 1777 3030 ad
1817 2973 2052 3041 omnia,

394 3059 449 3119 is
467 3065 559 3118 est
589 3063 932 3120 monachus
962 3060 1073 3137 (9).
1105 3084 1136 3119 υ

482 3176 505 3209 ι
570 3157 1110 3230 Interrogaverunt
1156 3162 1412 3235 quidam
1462 3170 1717 3236 patrum
1763 3168 2055 3227 abbatem

394 3254 729 3313 Macarium
816 3257 1184 3329 Aegyptium
1270 3260 1549 3321 dicentes
1627 3280 1638 3317 :
1730 3263 2055 3333 Quomodo

390 3363 621 3421 corpus
664 3357 864 3417 tuum,
914 3358 976 3413 et
1014 3356 1264 3426 quando
1296 3359 1662 3427 manducas,
1702 3367 1764 3419 et
1803 3362 2054 3433 quando

388 3445 653 3515 ieiunas,
691 3449 928 3508 siccum
973 3456 1063 3508 est
1094 3449 1125 3510 ‘I
1165 3453 1235 3511 Et
1272 3455 1432 3512 dixit
1462 3456 1542 3514 iis
1580 3472 1764 3515 senex
1814 3475 1825 3514 :
1880 3458 2054 3517 Sicut

390 3542 630 3615 lignum
666 3545 731 3602 in
758 3560 945 3605 manu
991 3548 1284 3620 hominis,
1318 3565 1463 3611 cum
1494 3568 1620 3624 quo
1666 3552 1959 3614 fructices
1989 3557 2051 3614 in

388 3639 530 3713 igne
578 3650 899 3702 versantur
952 3649 1137 3718 atque
1189 3657 1606 3717 reversantur,
1664 3667 1915 3725 semper
1972 3656 2052 3713 ab

387 3735 529 3811 igne
588 3741 1001 3813 consumitur,
1077 3744 1187 3814 ita,
1258 3746 1310 3804 si
1386 3746 1577 3807 homo
1656 3749 2053 3811 mundaverit

388 3842 662 3895 mentem
706 3854 883 3899 suam
941 3841 1005 3899 in
1045 3842 1272 3902 timore
1323 3844 1452 3915 Dei,
1507 3846 1643 3920 ipse
1700 3848 1891 3909 timor
1946 3850 2049 3909 Dei

387 3933 578 3997 etiam
627 3950 766 3995 ossa
799 3938 937 4001 eius
986 3935 1160 4011 169
1208 3944 1524 4003 consumit
1571 3944 1701 4021 (10)
1789 3966 1818 4003 »
1880 3948 2049 4009 Idem

386 4032 635 4091 Macarii
704 4034 987 4109 Aegyptii
1050 4039 1289 4099 dictum
1360 4042 1422 4099 in
1498 4043 2052 4118 Apophthegmatis

384 4143 570 4202 saepe
594 4130 867 4199 laudatis
908 4134 1134 4207 legitur
1165 4134 1314 4212 (11).
1350 4139 1473 4197 Ν66
1517 4154 1639 4198 non
1669 4142 1861 4201 simili
1907 4157 2050 4202 cor-

469 4319 546 4389 (1)
569 4320 691 4378 VV.
724 4321 827 4376 PP.
855 4324 1054 4380 Rosw.
1090 4324 1199 4381 lib.
1244 4327 1284 4381 V
1314 4326 1491 4385 libell.
1524 4331 1611 4393 10,
1644 4329 1713 4385 34
1746 4345 1803 4402 p.
1835 4330 1960 4397 599,
1994 4334 2047 4387 2.

477 4407 555 4479 (2)
596 4408 746 4464 Ibid.
793 4409 983 4467 libell.
1021 4412 1202 4478 12,1ο
1234 4429 1297 4486 p.
1328 4415 1455 4485 614,
1489 4417 1540 4471 1.

396 4488 407 4507 ⁹
472 4495 549 4567 (3)
591 4496 740 4555 Ibid.
776 4496 957 4553 libell.
989 4502 1074 4565 15,
1117 4501 1184 4558 25
1213 4518 1277 4574 p.
1308 4502 1431 4568 623.
1466 4506 1500 4558 2
1526 4522 1621 4577 sq.

470 4584 548 4657 (4)
588 4586 738 4643 Ibid.
776 4586 959 4645 libell.
1006 4591 1087 4655 l5,
1118 4591 1186 4647 26
1213 4608 1271 4663 p.
1296 4593 1421 4660 624,
1453 4595 1511 4651 1.

399 4744 410 4753 ν
470 4674 549 4749 (5)
592 4676 748 4734 Ibid.
778 4677 959 4735 libell.
992 4681 1074 4748 16,
1103 4682 1224 4753 6p.
1264 4681 1389 4750 631,
1416 4684 1467 4738 4.

469 4765 547 4836 (6)
589 4766 743 4823 Ibid.
775 4766 953 4825 libell.
984 4771 1073 4839 18,
1106 4771 1140 4824 9
1166 4787 1228 4847 p.
1262 4771 1386 4835 637,
1421 4773 1446 4827 1
1483 4788 1581 4845 sq.

468 4854 550 4924 (7)
591 4854 905 4928 Cf.§32p.
943 4860 1198 4933 132547
1227 4877 1284 4932 p.
1318 4862 1631 4933 esgssp.
1686 4864 1838 4933 419;
1876 4864 1946 4920 32
1978 4882 2041 4938 p.

404 4941 664 4999 145.138
690 4960 787 5016 sq.
823 4946 923 5015 139
953 4964 1043 5020 sq.
1086 4949 1193 5004 135
1226 4966 1318 5021 sq.
1350 4951 1452 5007 133
1486 4966 1580 5024 sq.

471 5031 547 5101 (s)
588 5032 708 5088 vv.
742 5033 850 5093 PP.
891 5039 1089 5093 Rosw.
1119 5038 1227 5095 lib.
1269 5040 1315 5093 ν
1348 5039 1534 5097 libell.
1572 5041 1623 5103 I,
1654 5042 1689 5096 6
1717 5056 1780 5113 p.
1822 5044 1946 5112 562,
1986 5047 2040 5102 1.

470 5118 549 5192 (9)
582 5120 833 5179 Coteler.
869 5124 1021 5181 Eccl.
1055 5127 1262 5184 Graec.
1302 5130 1455 5185 Mon.
1490 5131 1555 5185 T.
1591 5132 1631 5185 I.
1666 5146 1725 5201 p.
1758 5130 1862 5185 443
1896 5148 1949 5189 s.
1992 5150 2046 5188 γ.

398 5208 739 5268 Zacharias
756 5221 781 5283 ε
807 5217 825 5268 t
856 5213 1041 5278 ;infra
1061 5214 1120 5271 in
1136 5216 1354 5289 barum
1368 5219 1799 5283 Quaestionum
1819 5223 2052 5292 Appen-

398 5296 530 5353 dice
552 5298 737 5356 altera
776 5300 889 5355 sub
922 5302 1016 5359 IV.

472 5386 587 5459 (10)
625 5387 749 5447 vv.
794 5390 895 5446 PP.
942 5393 1135 5450 Rosw.
1184 5395 1287 5451 lib.
1318 5396 1380 5453 v.
1413 5395 1595 5453 libell.
1641 5396 1694 5461 3,
1741 5398 1775 5452 8
1817 5412 1883 5469 p.
1921 5396 2049 5465 565,

402 5475 438 5529 2
464 5490 561 5546 sq.

472 5564 587 5636 (11)
630 5563 871 5624 Coteler.
903 5570 1052 5628 Eccl.
1078 5571 1289 5635 Graec.
1317 5576 1469 5639 lion.
1502 5577 1561 5633 Τ.
1590 5576 1611 5631 I
1636 5592 1701 5648 p.
1731 5575 1837 5632 534
1862 5592 1958 5650 sq.
1988 5596 2039 5635 s.

402 5669 458 5710 ν.
486 5652 776 5713 Macarius
802 5660 1129 5731 Aegyptius
1160 5666 1184 5729 ς
1218 5664 1326 5720 XII.
1357 5662 1587 5722 infrain
1617 5664 1833 5723 harum
1861 5667 2049 5732 Quae-

2162 536 2246 579 ne
2300 521 2410 593 pili
2467 521 2722 593 quidem
2774 524 2963 581 menti
3016 524 3176 581 enati
3235 527 3409 580 erant
3464 524 3548 580 ob
3606 520 3838 580 nimios

2169 619 2635 678 exercitationis
2670 620 2919 678 labores
2954 622 3163 693 obque
3209 620 3468 678 nimiam
3502 620 3663 678 cutis
3706 618 3839 675 ari-

2166 717 2423 775 ditatem
2453 715 2601 793 (12).

2253 835 2275 865 ε
2342 814 2637 874 Miserunt
2692 816 3031 888 aliquando
3092 832 3270 875 senes
3326 816 3402 872 de
3457 820 3668 873 monte
3731 814 3836 873 Ni-

2166 912 2321 970 triae
2348 914 2425 971 ad
2456 913 2746 973 abbatem
2785 913 3121 972 Macarium
3157 915 3218 989 in
3260 914 3478 984 Scithi,
3518 918 3828 984 rogantes,

2167 1014 2232 1068 ut
2260 1010 2498 1068 veniret
2526 1010 2603 1068 ad
2634 1026 2761 1078 eos,
2810 1012 3088 1084 alioquin
3134 1013 3342 1084 sciret,
3375 1025 3629 1069 omnem
3666 1010 3831 1068 mul-

2164 1108 2515 1175 titudinem,
2548 1108 2599 1165 si
2630 1108 2765 1181 ipse
2790 1110 2866 1166 ad
2893 1124 3001 1168 eos
3034 1124 3153 1168 non
3200 1110 3459 1175 veniret,
3495 1109 3571 1166 ad
3617 1108 3833 1181 ipsum

2161 1219 2297 1263 esse
2365 1211 2709 1274 venturam,
2766 1207 3063 1279 quoniam
3120 1206 3559 1271 desiderabant
3613 1206 3833 1265 videre

2162 1318 2333 1372 eum,
2389 1308 2721 1375 antequam
2771 1304 3068 1377 migraret
3137 1305 3213 1362 ad
3289 1304 3637 1371 Dominum.
3710 1302 3830 1373 Qui

2163 1415 2307 1459 cum
2339 1402 2604 1459 venisset
2633 1402 2696 1459 in
2729 1408 3027 1473 montem,
3076 1408 3445 1476 congregata
3486 1407 3578 1461 est
3618 1401 3832 1459 omnis

2165 1500 2499 1558 multitudo
2546 1500 2810 1559 fratrum
2875 1501 2952 1560 ad
3012 1516 3189 1560 .eum.
3242 1501 3559 1573 Rogabant
3614 1505 3829 1575 autem

2163 1612 2309 1656 eum
2342 1612 2543 1666 senes,
2578 1604 2643 1656 ut
2693 1598 2923 1657 faceret
2964 1599 3229 1657 verbum
3283 1598 3359 1656 ad
3416 1599 3657 1657 fratres.
3720 1597 3831 1655 Ille

2165 1701 2372 1754 autem
2406 1694 2738 1753 lacrimans
2765 1697 2852 1753 ait
2886 1717 2896 1749 :
2944 1696 3284 1763 Ploremus,
3315 1696 3559 1761 fratres,
3595 1699 3656 1753 et
3672 1708 3833 1767 .pro-

2164 1794 2393 1852 ducant
2433 1793 2598 1851 oculi
2641 1794 2835 1852 nostri
2877 1794 3189 1863 lacrimas,
3233 1799 3567 1871 antequam
3613 1807 3833 1851 eamus

2166 1892 2335 1962 hinc,
2363 1891 2471 1949 ubi
2505 1891 2796 1951 lacrimae
2824 1898 3069 1951 nostrae
3112 1907 3381 1965 corpora
3416 1893 3825 1951 comburant.

2170 1987 2237 2046 Et
2276 1990 2574 2047 fleverunt
2622 2004 2839 2048 omnes
2877 1995 2936 2047 et
2974 1990 3338 2051 ceciderunt
3378 1990 3560 2061 proni
3614 1990 3678 2047 in
3732 1990 3834 2046 fa-

2163 2089 2327 2146 ciem
2348 2088 2660 2145 dicentes:
2696 2088 2891 2159 Pater,
2916 2102 3029 2147 ora
3061 2102 3175 2160 pro
3208 2088 3387 2146 nobis
3421 2086 3570 2163 (l3).
3599 2109 3626 2140 »
3655 2086 3830 2144 Idem

2165 2191 2362 2244 exstat
2389 2186 2451 2243 in
2485 2186 3035 2259 ApOplIthegmatis
3063 2202 3097 2245 a
3123 2184 3430 2247 Cotelerio
3456 2185 3641 2244 editis
3672 2183 3826 2261 (14).

2168 2284 2365 2341 Verba
2402 2288 2609 2340 autem
2677 2284 2842 2342 senis
2884 2284 3216 2356 nonaginta
3279 2284 3409 2341 fere
3462 2298 3656 2342 annos
3701 2282 3830 2341 nati

2165 2386 2225 2438 et
2267 2381 2557 2439 ultimum
2605 2381 2864 2439 Nitriam
2915 2381 3218 2439 visitantis
3266 2382 3509 2439 animos
3561 2381 3827 2445 fratrum

2164 2478 2240 2538 ad
2320 2478 2609 2536 lacrimas
2684 2480 3121 2549 commovisse,
3217 2480 3358 2552 quis
3436 2495 3557 2538 non
3648 2479 3830 2536 facile

2163 2573 2420 2635 credet?
2468 2576 2772 2642 Indidem,
2821 2578 3034 2649 quanti
3080 2592 3225 2636 eum
3273 2578 3531 2635 fecerint
3574 2578 3830 2649 fratres,

2161 2675 2383 2734 elucet.

2246 2791 2277 2826 α
2337 2772 2541 2831 Abbas
2597 2772 2899 2830 Macarius
2953 2772 3155 2831 maior
3210 2772 3274 2830 in
3328 2772 3518 2831 Scithi
3579 2771 3829 2833 dicebat

2166 2870 2461 2928 fratribus
2494 2876 2631 2942 post
2658 2870 2878 2928 missas
2906 2870 3205 2928 ecclesiae
3244 2888 3255 2926 :
3294 2871 3529 2942 Fugite,
3578 2870 3825 2928 fratres.

2163 2967 2232 3025 Et
2272 2967 2423 3025 dicit
2466 2968 2521 3025 ei
2565 2983 2725 3025 unus
2764 2968 3025 3027 fratrum
3066 2986 3079 3026 :
3120 2968 3316 3037 Pater,
3356 2968 3463 3026 ubi
3516 2967 3825 3031 habemus

2162 3065 2376 3138 fugere
2429 3066 2700 3138 amplius
2751 3080 2786 3122 a
2842 3065 3177 3125 solitudine
3234 3064 3394 3125 ista?
3445 3071 3503 3123 et
3553 3066 3827 3138 ponebat

2165 3163 2428 3235 digitum
2475 3179 2659 3221 suum
2725 3164 2786 3220 in
2827 3178 2936 3221 ore
2989 3178 3102 3222 suo
3144 3163 3358 3222 dicens
3410 3182 3421 3221 :
3488 3163 3654 3221 Istud
3706 3168 3822 3229 est,

2164 3261 2333 3331 quod
2367 3259 2726 3330 fugiendum
2771 3258 2954 3328 dico;
2988 3265 3049 3317 et
3073 3260 3161 3317 sic
3205 3261 3476 3319 intrabat
3508 3261 3570 3317 in
3604 3261 3827 3317 cellam

2164 3371 2341 3414 suam
2373 3363 2434 3413 et
2470 3356 2764 3416 claudens
2810 3358 3040 3415 ostium
3088 3358 3344 3415 sedebat
3383 3359 3554 3416 solus
3590 3360 3738 3433 (l5).
3793 3376 3825 3413 ››

2162 3454 2335 3519 Idem
2395 3454 2586 3512 habes
2648 3454 2712 3511 in
2781 3455 3335 3527 ApOpIItlIegmatis
3396 3472 3433 3514 a
3516 3456 3829 3515 Cotelerio

2162 3550 2346 3609 editis
2366 3548 2521 3627 (16).
2556 3552 2673 3610 hoc
2704 3568 2829 3610 uno
2858 3553 3244 3620 discrimine,
3275 3554 3441 3626 quod
3476 3567 3593 3627 pro
3622 3574 3652 3608 ιι
3685 3560 3829 3626 post

2162 3650 2382 3707 missas
2424 3649 2722 3707 ecclesiae
2768 3671 2788 3701 ι
2830 3650 2895 3707 in
2939 3664 3162 3723 graeco
3211 3648 3384 3720 150
3433 3675 3461 3704 «
3492 3659 3828 3727 postquam

2162 3745 2399 3805 dimisit
2446 3746 2773 3805 ecclesiam
2824 3766 2849 3800 υ
2895 3747 3140 3819 legitur.
3176 3748 3587 3807 Taciturnitas
3618 3754 3827 3806 autem

2162 3844 2519 3917 praecipuis
2588 3846 3041 3904 monachorum
3127 3846 3382 3919 Aegypti
3488 3846 3828 3911 virtutibus

2160 3942 2628 4015 adnumeranda
2657 3948 2749 4001 est
2776 3940 2927 4017 (17).

2247 4061 2268 4091 ι
2313 4041 2514 4099 Abbas
2544 4040 2928 4105 Theodorus,
2975 4046 3386 4113 cognomento
3428 4040 3505 4099 de
3536 4041 3823 4107 Pherme,

2161 4136 2431 4195 habebat
2488 4143 2612 4195 tres
2668 4139 2916 4196 codices
2968 4139 3184 4197 bonos.
3242 4138 3315 4196 Et
3362 4152 3505 4198 cum
3557 4138 3829 4199 venisset

2164 4333 2429 4391 stionum
2458 4336 2802 4407 Appendice
2831 4337 3017 4394 altera
3038 4340 3150 4395 sub
3181 4341 3265 4397 III.

2088 4466 2127 4518 υ
2236 4422 2348 4518 (1?)
2522 4440 2706 4518 s_u_pra
2746 4426 2861 4491 §t9
2893 4443 2955 4518 ρ.
2987 4428 3081 4483 75.
3121 4430 3213 4485 79.

2236 4511 2345 4581 (ιθ)
2386 4512 2496 4567 vv.
2529 4512 2637 4569 PP.
2680 4516 2877 4571 κυεην.
2912 4514 3019 4573 lib.
3058 4516 3103 4571 v
3133 4517 3311 4575 libell.
3346 4518 3398 4586 3,
3434 4519 3469 4572 9
3504 4534 3568 4591 p.
3608 4517 3732 4584 566,
3770 4523 3818 4571 1.

2235 4600 2353 4671 (14)
2395 4600 2639 4656 Coteler.
2680 4602 2827 4659 Eccl.
2872 4604 3073 4659 Graec.
3112 4609 3259 4660 Mon.
3294 4608 3358 4662 T.
3398 4608 3416 4660 l
3455 4596 3514 4678 ρ.
3550 4606 3654 4662 545
3680 4624 3727 4660 s.
3760 4621 3814 4660 v.

2166 4688 2471 4747 Macarius
2519 4692 2846 4762 Aegyptius
2890 4701 2917 4761 ε
2968 4695 3169 4748 XXXIV
3221 4711 3234 4760 ;
3279 4694 3433 4750 infra
3483 4696 3539 4749 in
3602 4694 3824 4752 harum

2167 4778 2597 4842 Quaestionum
2625 4782 2969 4851 Appendice
3001 4783 3184 4838 altera
3217 4784 3329 4838 sub
3353 4784 3455 4841 Ill.

2162 4936 2167 4941 ἱ
2236 4868 2348 4937 (15)
2394 4869 2503 4923 VV.
2532 4869 2635 4923 PP.
2674 4872 2869 4927 Rosw.
2913 4871 3012 4925 lib.
3043 4872 3086 4925 V
3112 4871 3291 4928 libell.
3324 4873 3378 4936 4,
3417 4875 3483 4929 27
3517 4889 3573 4946 p.
3602 4871 3728 4937 570,
3766 4874 3821 4928 1.

2235 4956 2347 5024 (16)
2389 4957 2632 5011 Coteler.
2671 4960 2815 5013 Eccl.
2849 4959 3061 5014 Graec.
3112 4963 3270 5016 Mon.
3300 4964 3357 5015 Τ.
3388 4963 3406 5018 Ι
3443 4979 3497 5032 p.
3527 4960 3633 5016 536
3664 4978 3716 5017 s.
3760 4976 3817 5017 v.

2160 5043 2462 5101 Macarius
2503 5048 2837 5117 Aegyptius
2863 5053 2887 5115 ε
2913 5048 3025 5102 XVI
3056 5066 3069 5115 ;
3102 5048 3256 5104 infra
3278 5051 3337 5105 in
3368 5050 3582 5107 harum
3624 5052 3814 5116 Quae-

2168 5132 2431 5189 stionum
2450 5136 2796 5205 Appendice
2822 5136 3007 5191 altera
3034 5137 3149 5193 sub
3172 5139 3263 5193 Ill.

2234 5224 2343 5293 (l7)
2368 5224 2596 5293 Agatho
2612 5224 2823 5288 abbas,
2845 5232 2904 5280 ut
2930 5227 3340 5283 taciturnitatis
3367 5230 3638 5285 virtutem
3672 5245 3821 5286 nan-

2162 5313 2433 5374 ciscatur,
2464 5319 2577 5369 tres
2597 5328 2788 5367 annos
2820 5313 3078 5383 lapidem
3099 5316 3155 5370 in
3191 5334 3291 5372 ore
3318 5325 3579 5387 gestasse
3612 5317 3816 5375 fertur.

2160 5400 2273 5455 VV.
2304 5401 2409 5455 PP.
2434 5403 2629 5456 Rosw.
2666 5400 2772 5455 lib.
2808 5400 2849 5456 V
2874 5401 3062 5460 libell.
3098 5404 3150 5469 3,
3179 5406 3297 5475 7p.
3327 5407 3450 5472 568,
3492 5408 3535 5461 l.
3558 5407 3819 5463 Tacitur-

2161 5490 2361 5544 nitatis
2386 5489 2994 5559 exemplalaudantur
3020 5493 3077 5548 in
3100 5496 3304 5553 Indice
3331 5511 3528 5553 rerum
3554 5497 3614 5552 in
3654 5498 3815 5554 Vitas

2159 5578 2412 5633 Patrum
2445 5579 2609 5649 apud
2641 5580 3045 5649 Rosweidum.
