4094 6208
228 285 328 341 Mi
396 286 403 287 7
1826 282 2059 343 VITAE.

1506 416 1717 474 Habeo
1763 412 1966 473 tresA
2000 415 2135 487 ipsa
2166 415 2365 490 plecta
2410 433 2521 490 per
2562 419 2893 476 fenestram
2947 406 3471 478 descendebat‘in
3513 408 3655 493 spe-

220 414 300 472 ad
351 414 653 474 abbatem
713 416 1070 485 Macarium,
1104 418 1262 477 dixit
1311 417 1370 477 ei
1428 435 1439 474 :

3540 262 3647 350 iis

218 512 500 585 codices,
536 521 598 572 et
644 515 904 588 proﬁcio
944 532 1018 574 ex
1064 516 1331 575 lectione
1377 529 1619 574 eorum.
1654 514 1774 572 Sed
1826 518 1885 572 et
1998 514 2198 573 lunca.
2265 515 2331 574 Et
2396 516 2720 587 egrediens
2791 531 2972 575 mane
3029 522 3275 575 sanctus
3346 510 3649 577 Antonids

216 611 451 669 fratres
504 618 721 684 petunt
766 630 875 673 eos
926 616 1003 673 ad
1050 615 1403 687 legendum,
1436 619 1496 671 et
1527 613 1645 684 ipsi
1698 611 1884 684 proﬁ-

212 708 417 769 ciunt.
462 710 570 769 Dic
618 726 766 785 ergo
819 713 999 783 mihi,
1032 713 1185 786 quid
1237 712 1440 771 debeo
1491 712 1695 769 facere
1738 709 1769 769 ?
1811 710 1883 769 Et

213 808 609 880 respondens
659 826 846 869 senex
905 812 1067 871 dixit
1127 834 1139 869 :
1201 809 1349 869 Boni
1406 816 1548 868 sunt
1619 807 1876 882 quidem

214 910 416 975 actus,
452 907 565 965 sed
610 909 836 967 melius
865 911 1162 967 omnibus
1187 914 1299 973 est.
1341 907 1496 966 nihil
1532 906 1871 978 possidere.

218 1003 393 1072 Quod
424 1018 573 1062 cum
623 1006 942 1075 audiisset,
977 1007 1159 1077 abiit,
1206 1013 1267 1065 et
1315 1006 1593 1064 vendidit
1643 1018 1875 1064 memo-

222 1105 388 1159 ratos
435 1103 713 1172 codices,
772 1110 833 1163 et
887 1105 1060 1163 dedit
1115 1105 1539 1177 indigentibus
1604 1103 1874 1175 pretium

218 1198 505 1270 ipsorum
564 1199 679 1276 (l).
746 1222 777 1257 »
838 1203 1063 1261 Eadem
1116 1203 1180 1261 in
1238 1201 1791 1275 Apophthegmatis
1840 1217 1876 1259 a

212 1296 531 1356 Cotelerio
582 1300 767 1359 editis
816 1300 901 1358 ita
964 1305 1299 1359 narrantur
1357 1319 1369 1357 :
1436 1321 1463 1353 ‹‹
1513 1300 1877 1358 Theodorus

210 1394 414 1451 abbas
460 1394 761 1455 Phermae
791 1404 918 1456 tres
956 1399 1153 1457 bonos
1201 1397 1399 1458 libros
1446 1397 1770 1471 possidens
1797 1398 1873 1456 ad

212 1492 557 1552 Macarium
627 1496 918 1554 abbatem
978 1497 1161 1563 venit,
1220 1503 1281 1555 et
1340 1514 1353 1553 :
1416 1497 1584 1563 Tres,
1648 1495 1870 1568 inquit,

213 1590 375 1648 mihi
418 1597 566 1650 sunt
595 1592 741 1651 libri
790 1594 1123 1667 praeclari,
1155 1610 1230 1652 ex
1282 1609 1551 1668 quorum
1608 1593 1874 1652 lectione

212 1687 499 1747 fructum
548 1690 771 1763 capio;
820 1694 1040 1751 fratres
1079 1708 1331 1766 quoque
1378 1692 1458 1751 iis
1498 1697 1781 1759 utuntur,
1815 1697 1875 1750 et

211 1786 457 1857 pariter
523 1757 882 1860 proﬁciunt.
952 1757 1149 1848 Effare
1223 1757 1412 1863 igitur
1468 1790 1647 1858 mihi,
1721 1757 1874 1862 quid
1905 1757 1949 1812 Β

211 1883 482 1942 debeam
556 1886 806 1958 facere;
870 1902 1021 1945 num
1085 1889 1160 1946 ad
1220 1903 1423 1946 meam
1481 1882 1875 1961 fratrumque

212 1981 552 2040 utilitatem
611 1999 719 2042 eos
774 1986 1102 2058 retineam,
1158 2002 1235 2045 an
1292 1987 1555 2045 vendam
1604 1987 1876 2059 demque

212 2081 660 2152 pauperibus?
704 2083 904 2142 Senex
957 2085 1328 2157 respondit:
1389 2084 1685 2144 Pulchrae
1739 2083 1876 2157 qui-

211 2176 355 2234 dem
412 2178 693 2237 actiones
747 2186 910 2247 sunt,
980 2182 1087 2239 sed
1134 2182 1361 2242 melior
1435 2182 1730 2240 omnibus
1785 2186 1877 2240 est

212 2281 575 2347 paupertas.
629 2277 761 2347 Quo
808 2280 1024 2339 audito
1080 2280 1385 2351 discessit,
1436 2294 1669 2353 eosque
1732 2294 1874 2337 ven-

211 2370 397 2444 didit,
430 2379 491 2431 et
520 2375 851 2445 pecuniam
898 2376 1070 2435 dedit
1098 2379 1485 2451 pauperibus
1519 2376 1628 2454 (2).
1671 2398 1693 2430 ι
1753 2378 1874 2436 Ma-

207 2469 456 2528 carium
492 2472 861 2544 Aegyptium
896 2489 1031 2533 esse
1065 2475 1211 2534 inde
1247 2476 1516 2535 coniicio
1551 2472 1665 2549 (3),
1701 2475 1872 2548 quod

209 2568 479 2626 Pherme
530 2584 728 2643 prope
769 2572 999 2631 Scetim
1042 2575 1159 2632 sita
1204 2580 1360 2647 erat,
1403 2579 1463 2631 et
1508 2572 1872 2632 Theodorus

206 2666 345 2738 ipse
396 2667 581 2726 initio
630 2668 692 2726 in
749 2669 923 2728 Scete
974 2672 1127 2730 vixit
1168 2670 1281 2749 (t).
1336 2672 1672 2744 Paupertas
1722 2685 1870 2730 vero

207 2764 586 2836 principalis
618 2768 1060 2839 Aegyptiorum
1109 2774 1357 2842 patrum
1387 2768 1584 2827 virtus
1614 2769 1729 2828 fuit
1753 2767 1863 2845 (5).

289 2880 321 2915 ς(
382 2862 564 2920 Venit
614 2864 807 2922 abbas
856 2866 1157 2924 Macarius
1201 2867 1401 2926 maior
1451 2869 1527 2925 ad
1577 2868 1867 2925 abbatem

203 2959 552 3017 Antonium
584 2960 647 3018 in
681 2968 977 3034 montem,
1006 2970 1066 3022 et
1096 2979 1239 3023 cum
1275 2966 1582 3037 pulsasset
1610 2965 1863 3031 ostium,

200 3056 401 3114 exivit
432 3057 512 3114 ad
541 3073 688 3116 eum
734 3064 793 3117 et
824 3061 982 3119 dixit
1010 3063 1065 3120 ei
1104 3082 1116 3119 :
1171 3064 1257 3121 Tu
1288 3062 1430 3135 quis
1470 3078 1536 3120 es
1577 3062 1604 3119 ?
1652 3063 1723 3120 Et
1763 3046 1869 3120 ille

202 3154 290 3212 ait
349 3171 363 3209 :
420 3155 546 3227 Ego
593 3171 735 3215 sum
788 3156 1117 3217 Macarius.
1171 3160 1241 3219 Et
1292 3160 1593 3219 claudens
1635 3158 1865 3218 ostium

204 3252 486 3320 intravit,
535 3261 597 3311 et
626 3254 865 3314 dimisit
904 3271 1046 3315 eum
1092 3258 1262 3316 foris.
1315 3259 1384 3316 Et
1425 3273 1569 3316 cum
1615 3258 1869 3316 vidisset

206 3356 425 3423 postea
466 3352 829 3424 patientiam
870 3355 1033 3428 eius,
1083 3357 1331 3428 aperuit
1383 3354 1462 3415 ei.
1520 3357 1590 3414 Et
1638 3356 1870 3431 adgau—

203 3448 366 3506 dens
402 3448 461 3505 ei
497 3449 743 3508 dicebat
801 3469 813 3508 :
872 3453 1133 3511 Multum
1178 3459 1427 3526 tempus
1455 3458 1568 3527 est,
1618 3468 1694 3512 ex
1742 3468 1868 3525 quo

205 3550 267 3603 te
297 3547 518 3605 videre
554 3547 1016 3619 desiderabam,
1062 3552 1320 3611 audiens
1363 3552 1440 3609 de
1473 3556 1551 3609 te.
1596 3552 1668 3610 Et
1696 3551 1870 3609 exhi-

210 3644 371 3702 bens
396 3645 457 3703 ei
512 3644 999 3719 hospitalitatem
1047 3650 1265 3709 refecit
1306 3664 1453 3708 eum
1485 3669 1500 3722 ;
1538 3656 1669 3708 erat
1698 3650 1869 3708 enim

208 3742 410 3801 fessus
462 3741 540 3799 de
590 3744 790 3804 multo
843 3747 1081 3805 labore.
1132 3748 1404 3820 Vespere
1454 3754 1661 3806 autem
1708 3748 1869 3806 facto

205 3839 443 3898 infudit
489 3841 609 3899 sibi
659 3843 851 3901 abbas
910 3846 1213 3904 Antonius
1268 3846 1548 3904 modicas
1606 3846 1863 3916 palmas,

201 3944 267 3995 et
321 3938 481 3996 dicit
521 3939 578 3996 ei
628 3940 823 3998 abbas
860 3942 1166 4001 Macarius
1226 3960 1239 3999 :
1299 3944 1378 4001 Da
1424 3943 1604 4014 mihi,
1646 3949 1715 4001 ut
1752 3956 1869 4015 ego

202 4036 539 4094 infundam
569 4038 737 4111 quod
786 4038 1032 4112 operor.
1070 4041 1175 4098 ille
1219 4047 1428 4099 autem
1476 4041 1634 4099 dixit
1669 4056 1681 4097 :
1736 4040 1867 4099 Non

198 4133 414 4191 habeo
482 4135 642 4207 plus.
713 4137 784 4194 Et
838 4138 1070 4196 faciens
1128 4139 1495 4197 fasciculum
1560 4138 1866 4198 maiorem

202 4230 440 4290 infudit
468 4246 635 4291 eum.
671 4233 743 4291 Et
770 4234 1056 4293 sedentes
1090 4251 1125 4293 a
1159 4250 1300 4295 sero
1333 4241 1393 4294 et
1434 4230 1866 4309 Colloquentes

200 4328 283 4386 de
357 4328 626 4389 utilitate
682 4331 1038 4391 animarum
1097 4334 1403 4393 faciebant
1458 4334 1749 4407 plectam,
1807 4337 1868 4391 et

271 4604 355 4674 (ι)
399 4602 625 4661 VV.PP.
663 4608 855 4661 Rosw.
884 4606 989 4662 lib.
1021 4607 1063 4662 V
1091 4606 1272 4663 libell.
1307 4611 1359 4675 6,
1400 4609 1434 4663 6
1468 4622 1526 4678 p.
1560 4608 1664 4663 582
1698 4624 1791 4679 sq.

269 4695 356 4762 (2)
391 4693 630 4749 Coteler.
693 4694 840 4751 Eccl.
877 4695 1082 4752 Graec.
1142 4696 1297 4752 Mon.
1326 4699 1386 4751 T.
1434 4698 1454 4750 Ι
1488 4713 1545 4767 p.
1587 4697 1681 4750 431
1718 4714 1765 4750 s.
1801 4714 1859 4753 v.

206 4776 555 4837 Theodorus
570 4784 982 4857 Phermensis§
1015 4786 1033 4839 Ι
1052 4802 1065 4852 ;
1090 4785 1247 4841 infra
1261 4786 1319 4840 in
1336 4785 1551 4840 harum
1570 4786 1612 4849 Ο
1624 4786 1871 4841 uaestio—

198 4885 346 4924 nem
377 4871 721 4941 Appendice
748 4873 934 4929 altera
966 4874 1078 4928 sub
1110 4876 1197 4929 IV.

272 4959 354 5027 (3)
388 4959 528 5014 Hist.
585 4960 759 5016 Laus.
794 4962 889 5017 ed.
946 4965 1156 5017 Meurs.
1189 4978 1321 5033 cap.
1354 4962 1423 5017 24
1455 4964 1603 5035 Opp.
1655 4964 1866 5017 Meurs.

198 5048 302 5101 1.1.
326 5063 386 5118 p.
406 5049 507 5102 417
532 5067 548 5118 ;
570 5049 643 5104 cf.
668 5050 936 5107 Palladii
954 5048 1275 5108 Historiam
1296 5052 1647 5107 Lausiacam
1678 5051 1759 5107 ad
1780 5050 1871 5108 σο-

1993 611 2147 670 vidit
2192 614 2624 672 collectionem
2678 614 3022 685 plectarum
3072 615 3315 672 abbatis
3369 614 3645 685 Macarii,

1992 714 2052 766 et
2080 710 2424 768 admiratus
2471 716 2581 777 est,
2633 716 2694 768 et
2737 713 3047 769 osculatus
3099 726 3322 769 manus
3369 702 3650 771 eiu‘s‘di-

1990 808 2168 865 cebat
2218 825 2229 864 :
2290 808 2479 867 Multa
2531 808 2730 866 virtus
2786 809 2863 866 de
2910 807 3044 866 istis
3091 809 3410 881 egreditur
3464 807 3573 887 (6).
3604 802 3642 865 ⁷»

1988 906 2217 965 Eadem
2277 906 2339 963 in
2397 906 2953 979 Apophthegmatis
3015 922 3048 963 a
3101 906 3410 965 Cotelerio
3458 906 3646 967 editis

1990 1004 2319 1061 traduntur
2359 1002 2465 1079 (7).
2504 1004 2843 1061 Macarium
2887 1017 3034 1061 vero
3084 988 3452 1075 Aegyptium
3499 1020 3645 1064 cum

1986 1100 2053 1159 S.
2110 1101 2373 1159 Antonio
2421 1100 2512 1174 (ᾧ
2557 1102 2701 1160 XVI.
2757 1101 2883 1159 Cal.
2933 1102 3114 1159 Febr.
3168 1098 3309 1176 356)
3363 1097 3448 1176 (8)
3497 1118 3646 1162 con-

1986 1212 2265 1271 gressum
2337 1213 2493 1271 esse,
2561 1198 2665 1257 hic
2722 1198 2951 1257 iterum
3023 1198 3450 1270 comperimus
3514 1196 3632 1275 (9).

1985 1294 2179 1365 Quam
2233 1297 2488 1369 quidem
2534 1297 2858 1356 historiam
2902 1304 3047 1354 cum
3098 1296 3197 1367 iis,
3244 1310 3406 1368 quae
3451 1310 3642 1369 supra

1987 1394 2063 1451 de
2142 1392 2409 1452 Macario
2482 1393 2687 1466 Pispir
2763 1393 3054 1452 coenobii
3131 1393 3357 1451 abbate
3446 1392 3642 1453 relata

1984 1495 2125 1548 sunt
2169 1489 2321 1569 (10),
2363 1487 2867 1550 contundendam
2916 1506 3038 1549 non
3083 1506 3217 1550 esse
3266 1490 3447 1550 facile
3495 1505 3643 1564 per-

1984 1588 2197 1660 spicis.

2071 1708 2100 1739 «
2177 1688 2495 1746 Descendit
2568 1687 2906 1760 aliquando
2988 1686 3124 1759 ipse
3193 1685 3496 1745 Macarius
3560 1685 3641 1745 de

1984 1786 2176 1845 Scithi
2222 1786 2299 1843 ad
2330 1787 2536 1845 locum
2578 1786 2687 1858 qui
2732 1784 2963 1843 dicitur
3006 1783 3409 1859 Terenuthin,
3453 1789 3513 1842 et
3541 1784 3642 1842 in-

1984 1884 2169 1942 travit
2215 1884 2493 1943 dormire
2538 1884 2602 1942 in
2651 1889 3080 1952 monumento,
3116 1884 3224 1941 ubi
3266 1887 3442 1941 erant
3484 1881 3641 1940 anti-

1985 1982 2197 2055 quitus
2246 1981 2490 2054 sepulta
2536 1996 2806 2054 corpora
2865 1994 3270 2053 paganorum.
3325 1981 3394 2038 Et
3452 1979 3642 2038 traxit

1985 2094 2180 2137 unum
2228 2094 2457 2151 corpus
2507 2081 2625 2137 sub
2682 2086 2869 2151 caput
2905 2092 3090 2137 suum
3150 2068 3445 2150 tanquam
3501 2077 3639 2150 plu-

1985 2177 2246 2255 matium
2286 2178 2362 2235 de
2398 2178 2630 2250 scirpo.
2674 2174 2839 2245 151
2900 2178 3240 2234 Daemones
3280 2180 3512 2247 autem,
3546 2174 3635 2232 vi-

1983 2274 2196 2333 dentes
2242 2272 2533 2333 ﬁduciam
2582 2275 2741 2346 eius,
2796 2273 2978 2333 invisi
3035 2278 3203 2345 sunt,
3248 2278 3309 2330 et
3359 2273 3638 2331 volentes

1981 2380 2219 2432 terrere
2270 2387 2440 2445 eum,
2486 2374 2790 2431 vocabant
2836 2372 3014 2445 quasi
3059 2358 3372 2445 quandam
3414 2369 3637 2429 mulie-

1982 2486 2115 2528 rem
2155 2472 2431 2553 dicentes
2482 2490 2495 2529 :
2544 2471 2758 2528 Nonna
2801 2470 2934 2542 illa,
2970 2460 3123 2527 vedi
3176 2466 3504 2527 nobiscum
3558 2465 3637 2525 ad

1981 2558 2584 2627 balneumet'alter
2624 2568 2893 2625 daemon
2938 2560 3136 2624 desub
3162 2567 3307 2638 ipso
3338 2570 3631 2639 tanquam

1980 2682 2055 2723 ex
2095 2665 2360 2724 mortuis
2391 2652 2514 2724 illis
2554 2665 2875 2738 respondit
2906 2663 3121 2722 dicens
3154 2680 3167 2720 :
3224 2663 3630 2735 Peregrinum

1979 2765 2291 2839 quendam
2325 2766 2525 2823 habeo
2555 2778 2746 2836 super
2778 2778 2898 2832 me,
2941 2777 3062 2821 non
3096 2775 3350 2836 possum
3394 2759 3632 2819 venire.

1978 2862 2177 2921 Senex
2226 2868 2435 2920 autem
2486 2876 2607 2920 non
2650 2861 2917 2933 expavit,
2974 2860 3080 2919 sed
3129 2856 3448 2918 conlidens
3497 2859 3636 2916 fun-

1978 2961 2165 3018 debat
2215 2973 2447 3031 corpus
2501 2958 2684 3027 illud,
2740 2957 2955 3017 dicens
3003 2976 3016 3016 :
3067 2958 3290 3031 Surge,
3344 2954 3520 3026 vade,
3583 2955 3635 3013 si

1980 3063 2174 3130 potes.
2224 3056 2397 3126 Quod
2432 3070 2575 3113 cum
2625 3055 2967 3114 audiissent
3010 3054 3371 3119 daemones,
3407 3052 3636 3111 clama-

1977 3160 2198 3213 verunt
2245 3169 2394 3213 voce
2432 3164 2664 3225 magna
2713 3154 2988 3211 dicentes
3045 3168 3057 3207 :
3114 3150 3325 3209 Vicisti
3376 3166 3510 3209 nos.
3563 3144 3634 3208 Et

1978 3255 2268 3327 fugerunt
2314 3252 2554 3311 confusi
2585 3248 2736 3327 (ll).
2776 3274 2804 3303 »
2866 3251 3093 3309 Eadem
3128 3264 3228 3307 res
3271 3249 3335 3306 in
3383 3248 3630 3321 Apoph-

1977 3350 2306 3425 thegmatis
2361 3356 2547 3422 saepe
2601 3348 2866 3408 laudatis
2922 3349 3191 3406 habetur
3247 3344 3396 3422 (12).
3450 3347 3633 3429 Tere-

1978 3450 2197 3509 nuthin
2252 3464 2404 3508 vero
2473 3448 2583 3506 ubi
2638 3448 2827 3506 situm
2884 3444 3095 3513 fuerit,
3158 3444 3438 3503 invenire
3506 3438 3632 3502 non

1979 3549 2175 3623 potui.

2061 3669 2090 3703 «
2135 3646 2418 3705 Narravit
2447 3647 2641 3704 abbas
2690 3645 2926 3712 Petrus,
2973 3644 3081 3716 qui
3136 3642 3252 3701 fuit
3281 3628 3633 3714 discipulus

1980 3746 2222 3805 abbatis
2260 3745 2388 3811 Lot,
2432 3742 2691 3802 dicens:
2744 3744 2923 3801 Eram
2978 3734 3315 3812 aliquando
3358 3738 3424 3797 in
3471 3728 3631 3797 cella

1979 3842 2223 3901 abbatis
2254 3841 2611 3915 Agathonis,
2662 3844 2723 3898 et
2774 3839 2940 3896 venit
2984 3839 3175 3895 frater
3231 3836 3488 3909 quidam
3546 3834 3625 3893 ad

1976 3950 2147 4008 eum,
2199 3940 2412 3998 dicens
2463 3955 2475 3994 :
2541 3938 2690 3997 Volo
2757 3936 3041 3994 habitare
3093 3940 3239 3992 cum
3306 3933 3631 4004 fratribus,

1976 4039 2085 4097 sed
2124 4037 2225 4095 dic
2256 4037 2432 4103 mihi,
2468 4035 2787 4108 quomodo
2834 4032 3114 4091 habitem
3150 4042 3293 4089 cum
3338 4030 3435 4088 iis.
3476 4027 3633 4088 Dicit

1977 4137 2035 4195 ei
2084 4151 2270 4215 senex
2316 4151 2328 4191 :
2374 4126 2553 4194 Sicut
2584 4133 2649 4191 in
2695 4132 2899 4206 prima
2951 4130 3077 4197 die,
3130 4128 3380 4203 quando
3428 4127 3631 4200 ingre-

1976 4234 2145 4293 deris
2174 4224 2250 4291 ad
2281 4246 2409 4301 eos,
2455 4232 2539 4290 ita
2565 4230 2807 4289 custodi
2843 4216 3408 4303 peregrinatiOnem
3451 4222 3625 4284 tuam

1976 4330 2270 4391 omnibus
2298 4331 2523 4390 diebus
2570 4328 2731 4387 vitae
2760 4331 2926 4395 tuae,
2980 4340 3094 4384 nec
3139 4306 3418 4384 assumas
3466 4320 3623 4380 fidu-

2050 4605 2126 4677 (6)
2187 4605 2300 4661 VV.
2331 4603 2435 4658 PP.
2478 4600 2680 4657 Bosw.
2708 4599 2810 4656 11b.
2838 4598 2913 4673 Υ.
2944 4595 3126 4653 libell.
3158 4601 3210 4663 7,
3248 4598 3279 4650 9
3318 4610 3379 4665 p.
3415 4592 3536 4661 585,
3575 4594 3626 4665 i.

2018 4762 2019 4765 η
2052 4695 2128 4766 (7)
2162 4692 2403 4749 Coteler.
2425 4690 2577 4769 Eccl.
2599 4692 2802 4746 Graec.
2836 4687 2990 4742 Mon.
3012 4688 3072 4741 Τ.
3105 4685 3127 4739 Ι
3162 4700 3220 4755 ρ.
3248 4684 3350 4739 530
3385 4698 3474 4754 sq.
3502 4697 3627 4737 s.v.

1979 4772 2281 4841 Macarius
2299 4782 2338 4833 A
2355 4770 2669 4849 egyptius§
2692 4778 2760 4831 IV
2784 4793 2798 4842 ;
2826 4774 2977 4830 infra
3001 4774 3057 4828 in
3091 4772 3303 4828 harum
3325 4769 3631 4836 Quaestio-

1978 4888 2123 4928 num
2151 4869 2493 4943 Appendice
2521 4867 2705 4923 altera
2730 4864 2842 4919 sub
2874 4864 2964 4918 ill.

2048 4960 2125 5033 (8)
2150 4940 2578 5014 CfsTillemont
2608 4954 2909 5010 Mémbires
2937 4951 3001 5007 Τ.
3035 4950 3129 5006 VII
3154 4950 3217 5006 P.
3249 4950 3271 5005 Ι
3305 4965 3363 5019 p.
3395 4940 3521 5003 228.

2047 5050 2125 5121 (9)
2179 5048 2263 5103 Cf.
2320 5045 2760 5117 Apophthegm.
2812 5040 3058 5097 Coteler.
3119 5039 3164 5097 l.
3212 5036 3255 5092 Ι.
3287 5052 3349 5109 p.
3384 5038 3485 5093 539
3537 5049 3629 5107 sq.

198 5136 351 5192 dicis
380 5137 841 5196 Vindobonensis
855 5141 1031 5207 ﬁdem
1051 5132 1697 5205 breviterdelineatam,
1716 5140 1870 5197 infra
1974 5139 2002 5211 §
2036 5138 2186 5194 XXVI
2213 5152 2226 5201 ;
2262 5135 2414 5189 infra
2442 5133 2470 5204 §
2499 5136 2585 5189 38.

196 5224 341 5280 huic
367 5232 607 5282 nostrae
631 5228 873 5285 editioni
910 5230 1193 5285 Historiae
1218 5230 1543 5285 Lausiacae
1564 5229 1868 5301 praeposi-

203 5317 353 5369 tam.

274 5405 353 5474 (4)
413 5405 660 5461 Coteler.
715 5406 756 5462 l.
812 5408 853 5462 l.
908 5424 966 5479 p.
1026 5411 1151 5464 457.
1203 5410 1306 5466 458
1336 5424 1383 5463 s.
1426 5425 1481 5464 ν.
1524 5408 1864 5464 Theodorus

204 5492 637 5567 Phermensis§
668 5498 813 5551 XXV.
851 5498 1026 5553 XXVI.
1061 5499 1263 5555 XXVII.

277 5583 356 5649 (ὅ)
407 5582 489 5640 Cf.
536 5585 830 5642 Rosweidi
873 5585 1139 5643 Iudicem
1184 5598 1388 5644 rerum
1426 5588 1486 5644 in
1519 5586 1631 5643 VV.
1664 5586 1866 5644 Hosw.

209 5683 258 5723 ι.
290 5686 347 5726 v.
377 5673 734 5745 Paupertas.

2049 5226 2164 5299 (10)
2191 5225 2271 5282 Cf.
2304 5239 2486 5296 supra
2511 5222 2539 5294 ὃ
2564 5223 2633 5277 24
2665 5238 2719 5293 p.
2759 5223 2854 5276 l03
2888 5220 2983 5293 sq.

2047 5317 2160 5388 (ll)
2204 5317 2311 5368 vv.
2343 5312 2443 5368 pp.
2491 5314 2687 5367 Rosw.
2716 5309 2822 5365 lib.
2849 5307 2893 5364 v
2921 5305 3100 5364 libell.
3129 5306 3183 5371 7,
3212 5304 3275 5361 ιο
3307 5319 3367 5374 p.
3399 5301 3523 5371 585,
3565 5300 3625 5359 2.

2051 5405 2163 5476 (l2)
2196 5402 2445 5459 Coteler.
2485 5400 2638 5456 Eccl.
2673 5401 2879 5456 Graec.
2919 5399 3071 5453 Mon.
3110 5396 3170 5449 Τ.
3205 5396 3227 5449 ῐ
3269 5408 3329 5463 ρ.
3359 5390 3467 5448 535
3488 5408 3537 5447 s.
3570 5406 3634 5450 ν.

1977 5493 2277 5551 Macarius
2309 5491 2636 5561 Aegyptius
2665 5486 2693 5559 ς
2723 5489 2835 5544 Xlll
2864 5504 2877 5553 ;
2906 5484 3061 5541 infra
3090 5484 3151 5539 in
3180 5483 3398 5538 harum
3437 5482 3631 5546 Quae-

1980 5584 2243 5641 stionum
2274 5578 2619 5657 Appendice
2648 5576 2832 5671 altera
2862 5574 2975 5631 sub
2999 5573 3090 5630 ΙΙΙ.
