4094 6208
450 218 553 278 143

1307 221 1411 277 SS.
1457 219 1937 277 MACARIORUM
1978 217 2317 273 AEGYPTII
2360 218 2445 273 ET
2481 216 2982 276 ALEXANDRINI

3750 215 3883 272 144

452 349 638 408 ciam.
675 348 830 408 Dicit
867 350 924 407 ei
956 351 1150 407 abbas
1194 349 1498 407 Macarius
1546 370 1556 408 :
1607 346 1766 416 Quid
1808 346 1977 405 enim
2020 347 2106 403 fa-
2138 345 2183 397 A
2220 345 2355 403 ritis
2398 359 2645 418 pueros,
2703 345 2901 404 tollite
2946 338 3206 403 melotes
3249 350 3504 409 vestras,
3560 349 3620 403 et
3670 334 3896 403 disce.-

454 446 540 505 cit
582 442 863 504 ﬁducia?
895 447 1045 505 Dicit
1077 448 1135 505 ei
1166 463 1393 505 senex:
1443 446 1544 504 Sic
1574 452 1664 503 est
1700 444 1860 503 sicut
1905 450 2109 502 aestus
2218 445 2345 502 dite
2390 442 2538 520 (10).
2582 465 2605 496 ι
2646 444 2915 502 Eandem
2962 444 3209 501 Macarii
3259 443 3542 515 Aegyptii
3592 442 3892 515 prophe-

455 544 705 617 grandis
735 561 753 613 ;
802 544 909 616 qui
953 546 1205 618 quando
1244 544 1567 614 exarserit,
1609 557 1828 601 omnes
1872 543 2113 615 fugiunt

457 656 493 698 a
532 640 686 699 facie
735 642 891 713 ejus,
947 644 1095 715 quia
1144 648 1346 701 aestus
1391 643 1577 700 etiam
1635 643 1935 698 arborum
1986 641 2112 697 fru-

457 743 594 796 ctus
618 740 992 811 corrumpit.
1030 740 1188 798 Dixit
1225 740 1420 797 abbas
1449 739 1750 796 Macarius
1778 754 1789 794 :
1825 738 1925 796 Sic
1952 739 2113 795 mala

460 835 685 895 ﬁducia
720 843 813 895 est
862 833 892 893 ἢ
940 838 1279 911 Respondit
1326 837 1519 895 abbas
1572 836 1845 908 Agathon
1904 851 1916 891 :
1981 835 2111 893 Non

461 940 553 991 est
597 935 776 1005 peior
805 935 1005 993 altera
1050 934 1255 1007 passio
1300 949 1489 1008 quam
1545 933 1812 1000 ﬁducia;
1848 934 2115 1006 genitrix

462 1036 555 1089 est
602 1032 772 1090 enim
824 1033 1109 1092 omnium
1164 1032 1547 1105 passionum.
1613 1030 1912 1089 Convenit
1967 1044 2117 1102 ergo

463 1132 749 1201 operatio
812 1131 1117 1190 monacho
1172 1145 1292 1188 non
1345 1144 1593 1187 sumere
1651 1128 1966 1197 ﬁduciam,
2023 1129 2117 1185 vel

462 1227 517 1283 si
564 1227 737 1285 solus
774 1228 853 1285 sit
901 1227 966 1285 in
1007 1229 1165 1286 cella
1209 1225 1319 1305 (l).
1383 1247 1411 1283 ι)
1467 1227 1595 1285 Hoc
1647 1226 1982 1299 Agathonis
2025 1239 2119 1282 re-

469 1340 771 1399 sponsum
814 1326 991 1384 fratri
1031 1325 1244 1384 datum
1290 1326 1479 1383 etiam
1510 1325 1574 1382 in
1616 1324 1781 1382 libro
1814 1323 1997 1382 tertio
2027 1320 2119 1399 (2)

470 1430 531 1482 et
557 1425 619 1481 in
659 1424 822 1482 libro
851 1423 1120 1495 septimo
1152 1422 1237 1498 (3)
1267 1423 1418 1495 legis
1452 1443 1468 1494 ;
1497 1422 1604 1479 sed
1644 1421 1891 1480 Macarii
1933 1421 2120 1479 verba

470 1522 533 1579 in
599 1521 750 1580 solis
825 1519 1379 1593 Apophthegmatis
1451 1535 1483 1577 a
1560 1519 1867 1578 Cotelerio
1937 1518 2123 1576 editis

472 1619 788 1678 adduntur
838 1616 943 1691 (1,).
1000 1618 1167 1687 Quae
1225 1632 1301 1674 an
1353 1616 1476 1674 sint
1536 1616 1818 1688 Aegyptii
1874 1615 2120 1674 Macarii

472 1717 686 1787 verba,
722 1729 842 1773 non
884 1716 1031 1773 satis
1073 1715 1478 1787 perspicuum
1526 1721 1639 1771 est.
1690 1715 1927 1772 Etenim
1976 1715 2123 1784 Aga-

474 1814 624 1872 thon
653 1814 845 1871 abbas
874 1812 916 1880 1
932 1810 1042 1881 52
1065 1813 1126 1870 in
1150 1813 1324 1871 Scete
1345 1827 1468 1870 non
1490 1812 1736 1870 videtur
1753 1811 1977 1869 vixisse
1996 1808 2082 1886 (ὅ)
2107 1828 2120 1877 ;

477 1913 691 1970 Petrus
731 1915 937 1968 autem
988 1912 1183 1969 abbas
1223 1911 1287 1968 in
1332 1910 1587 1969 Cellulis
1638 1910 1959 1967 habitabat
2009 1906 2120 1983 (6),

477 2014 538 2068 et
583 2009 692 2067 Lot
735 2008 1101 2081 magistrum
1146 2008 1282 2067 eius
1325 2007 1387 2065 in
1440 2022 1628 2080 parva
1672 2007 1901 2080 palude
1952 2006 2128 2064 Arse-

482 2106 668 2166 noitis
697 2106 969 2179 regionis
997 2106 1237 2179 degisse
1266 2104 1612 2163 credideris
1639 2102 1749 2181 (7).

564 2225 587 2256 ι
652 2204 860 2262 Abbas
910 2204 1215 2261 Macarius
1268 2204 1479 2262 volens
1535 2202 1848 2262 consolari
1904 2202 2128 2259 fratres

477 2303 725 2361 dicebat
771 2319 785 2359 :
834 2301 1012 2360 Venit
1053 2302 1175 2359 huc
1221 2300 1557 2374 aliquando
1586 2315 1732 2360 cum
1772 2306 1969 2358 matre
2018 2314 2129 2357 sua

474 2414 657 2473 puer,
714 2398 821 2471 qui
874 2412 910 2455 a
964 2397 1296 2456 daemonio
1361 2398 1718 2468 vexabatur,
1777 2403 1838 2455 et
1885 2398 2131 2455 dicebat

477 2496 663 2555 matri
715 2509 862 2553 suae
916 2510 929 2551 :
984 2495 1201 2567 Surge,
1264 2510 1480 2553 eamus
1529 2495 1694 2553 hinc.
1754 2495 1863 2553 IIIa
1919 2501 2127 2552 autem

476 2593 727 2652 dicebat
762 2609 776 2651 :
825 2593 955 2651 Non
988 2607 1241 2665 possum
1272 2593 1538 2666 pedibus
1568 2592 1909 2651 ambulare.
1941 2592 2010 2649 Et
2040 2590 2131 2648 di-

476 2691 657 2750 cebat
682 2689 739 2748 ei
771 2690 939 2749 ﬁlius
967 2705 1118 2748 suus
1151 2708 1163 2748 :
1194 2691 1319 2763 Ego
1348 2695 1406 2749 te
1446 2696 1648 2762 porto.
1687 2691 1754 2748 Et
1787 2690 2132 2748 admiratus

476 2803 615 2847 sum
664 2788 955 2847 astutiam
1011 2788 1412 2859 daemonum,
1459 2789 1779 2861 quomodo
1822 2802 1931 2846 eos
1987 2787 2131 2844 inde

477 2887 692 2959 fugare
722 2887 972 2945 volebat
1002 2883 1111 2962 (8).
1162 2905 1190 2941 ››
1248 2886 1416 2943 Idem
1459 2886 1523 2944 in
1575 2885 2133 2959 Ap0phthegmatis

476 2999 512 3042 a
541 2983 851 3043 Cotelerio
895 2984 1079 3042 editis
1121 2984 1387 3042 habetur
1436 2979 1545 3063 (9).
1584 2984 1710 3044 Utri
1755 2989 1963 3042 autem
2011 2984 2131 3040 Ma-

475 3081 794 3141 cariorum
842 3095 943 3139 res
984 3081 1318 3140 tribuenda
1364 3083 1464 3154 sit,
1498 3082 1781 3148 historia,
1832 3095 1993 3155 quae
2040 3095 2133 3138 se-

477 3179 714 3252 quitur,
742 3178 992 3237 indicat.

563 3297 592 3327 «
651 3277 902 3334 Dicebat
954 3277 1181 3333 iterum
1239 3275 1317 3333 de
1373 3276 1755 3335 desolatione
1805 3275 1997 3334 Scitlii
2052 3274 2130 3332 ad

478 3372 700 3430 fratres
754 3389 766 3429 2
827 3372 1084 3441 Quando
1142 3371 1423 3430 videritis
1474 3372 1699 3430 cellam
1743 3372 2127 3430 aediﬁcatam

478 3468 649 3526 iuxta
700 3467 1015 3540 paludem,
1064 3468 1301 3531 scitote,
1357 3469 1503 3542 quia
1560 3484 1757 3541 prope
1814 3476 1906 3527 est
1954 3470 2131 3527 deso-

478 3566 630 3625 tatio
674 3566 911 3634 Scitlii;
965 3566 1214 3639 quando
1261 3572 1470 3625 autem
1514 3567 1773 3625 arbores
1821 3567 2126 3633 videritis,

478 3663 606 3723 iam
664 3670 806 3722 ante
870 3664 1122 3723 ianuam
1183 3670 1323 3736 est;
1384 3664 1637 3738 quando
1690 3671 1897 3723 autem
1964 3665 2130 3723 vide-

550 3894 633 3965 (I)
662 3894 774 3949 VV.
807 3894 903 3949 PP.
950 3896 1145 3949 Bosw.
1181 3891 1289 3949 lib.
1338 3892 1384 3946 V
1425 3891 1607 3948 libell.
1648 3893 1737 3959 10,
1764 3894 1798 3948 8
1824 3910 1883 3966 p.
1920 3894 2042 3960 596,
2074 3895 2125 3948 2.

551 3983 629 4054 (2)
656 3983 806 4039 Ibid.
828 3983 929 4038 lib.
972 3983 1042 4037 IIl
1076 3998 1209 4053 cap.
1248 3982 1347 4037 I98
1374 3998 1432 4053 p.
1460 3983 1587 4048 529,
1621 3982 1674 4038 2.

550 4070 628 4141 (3)
655 4070 807 4125 Ibid.
838 4069 949 4126 lib.
987 4070 1084 4124 VII
1107 4086 1239 4139 cap.
1273 4070 1363 4134 42,
1402 4074 1418 4123 1
1450 4086 1510 4140 p.
1542 4069 1668 4139 683,
1705 4071 1755 4124 1.

552 4158 628 4228 (4)
660 4156 905 4213 Coteler.
940 4158 1091 4212 Eccl.
1134 4159 1336 4213 Graec.
1375 4160 1525 4213 Mon.
1556 4158 1619 4212 T.
1652 4158 1675 4210 Ι
1719 4174 1777 4229 ρ.
1807 4158 1915 4212 372
1946 4174 2041 4229 sq.
2079 4176 2127 4212 s.

479 4262 535 4300 v.
564 4246 846 4315 Agathon
877 4246 905 4317 ς
938 4246 960 4300 I
993 4261 1007 4311 ;
1039 4246 1194 4301 infra
1214 4247 1272 4300 in
1298 4245 1513 4300 harum
1548 4247 1981 4311 Quaestionum
2020 4252 2131 4316 Ap-

479 4334 732 4404 pendice
764 4333 947 4390 altera
977 4332 1092 4388 sub
1119 4333 1205 4386 IV.

557 4422 639 4491 (5)
668 4422 1004 4492 Congressu
1029 4421 1090 4475 in
1118 4423 1282 4477 Scete
1297 4420 1502 4476 habito
1532 4421 1806 4491 Agathon
1833 4421 2024 4479 abbas
2041 4439 2131 4479 ve-

481 4509 567 4567 nit
593 4510 993 4583 fratribusque
1024 4525 1145 4567 non
1176 4514 1331 4566 recte
1363 4511 1657 4567 sancitum
1683 4526 1815 4566 esse
1844 4511 2030 4579 dixit;
2059 4528 2131 4569 ex

478 4616 601 4674 quo
631 4616 767 4656 eum
799 4599 861 4656 in
890 4600 1056 4656 Scete
1080 4615 1204 4656 non
1229 4598 1533 4655 habitasse
1564 4603 1718 4655 recte
1750 4600 2012 4670 colliges.
2045 4601 2126 4658 Cf.

478 4691 717 4747 Coteler.
748 4690 897 4747 Eccl.
920 4692 1121 4747 Graec.
1146 4692 1303 4747 Mon.
1337 4691 1396 4745 T.
1417 4691 1435 4743 I
1457 4706 1515 4761 p.
1540 4688 1645 4745 377
1677 4706 1723 4745 s.
1756 4705 1808 4743 ν.
1844 4691 2129 4760 Agathon

474 4777 672 4851 sxw.

547 4866 625 4938 (6)
657 4867 905 4924 Coteler.
948 4867 1098 4923 Eccl.
1141 4866 1346 4922 Graec.
1381 4869 1530 4925 Mon.
1572 4869 1632 4923 T.
1667 4867 1688 4919 l
1726 4884 1787 4937 p.
1835 4868 1942 4921 646
1977 4884 2024 4921 s.
2071 4884 2128 4921 ν.

474 4956 691 5013 Petrus
720 4956 958 5013 Piom'ta
994 4961 1022 5025 §
1044 4958 1090 5013 l.

546 5046 625 5117 (7)
658 5045 807 5102 Ibid.
846 5063 905 5116 p.
932 5046 1027 5100 521
1066 5062 1115 5100 s.
1148 5062 1205 5100 v.
1240 5046 1345 5102 Lot
1384 5045 1568 5101 abbas
1596 5044 1625 5117 §
1654 5047 1695 5101 Ι.

546 5132 632 5207 (8)
658 5134 777 5192 VV.
820 5135 923 5190 PP.
976 5137 1168 5190 Rosw.
1202 5134 1306 5191 lib.
1345 5133 1585 5190 Vlibell.
1617 5137 1699 5200 18,
1733 5134 1801 5189 1ο
1834 5135 2039 5208 p.638,
2084 5141 2127 5191 l.

543 5223 621 5295 (9)
676 5223 919 5281 Coteler.
955 5224 1103 5279 Eccl.
1154 5225 1354 5281 Graec.
1405 5227 1556 5280 Mon.
1603 5227 1663 5279 Τ.
1708 5225 1818 5296 Ip.
1856 5225 1949 5280 53l
1990 5243 2037 5281 s.
2071 5241 2128 5280 ν.

473 5312 780 5369 Macarius
806 5312 1181 5385 Aegyptius§
1208 5314 1277 5368 Vl
1303 5331 1317 5381 ;
1340 5312 1494 5369 infra
1508 5314 1567 5367 in
1586 5313 1801 5370 harum
1821 5315 2129 5379 Quaestio-

473 5416 621 5458 num
649 5402 992 5473 Appendice
1023 5400 1208 5458 altera
1231 5401 1345 5458 sub
1371 5402 1468 5458 III.

547 5491 661 5561 (ιο)
692 5491 807 5547 vv.
834 5494 937 5548 pr.
961 5492 1156 5550 Rosw.
1188 5491 1291 5547 lib.
1325 5490 1368 5545 v
1399 5490 1578 5546 libell.
1610 5493 1788 5561 18,11
1827 5508 1883 5564 p.
1918 5493 2038 5556 638,
2077 5495 2126 5547 -i.

545 5581 657 5652 (11)
686 5580 927 5638 Coteler.
960 5580 1112 5638 Eccl.
1155 5580 1361 5637 Graec.
1414 5582 1563 5637 Mon.
1590 5581 1629 5637 l.
1663 5581 1706 5635 I.
1745 5596 1802 5653 p.
1832 5583 1930 5639 531
1977 5599 2024 5640 s.
2070 5598 2126 5637 v.

2221 543 2370 601 tiam
2417 544 2479 601 in
2527 542 3082 614 Apophthegmatis
3124 556 3159 598 a
3205 541 3513 599 Cotelerio
3543 540 3730 599 editis
3763 541 3895 597 de-

2223 641 2559 713 prehendis
2598 638 2744 713 (11).
2794 639 3105 708 Quaenam
3154 638 3348 698 Scetis
3397 638 3743 696 devastatio
3792 637 3895 694 in-

2225 744 2470 805 nuatur,
2514 753 2663 796 num
2718 740 2834 795 sub
2890 737 3074 795 Lucio
3144 738 3519 795 Arianorum
3575 736 3895 808 episcopo

2228 836 2635 894 Alexandriae
2686 836 2951 894 Macario
2994 835 3328 906 superstite
3379 835 3538 891 facta
3586 832 3737 907 (12),
3800 849 3891 891 an

2226 933 2336 991 illa
2404 933 2840 998 barbarorum,
2895 933 3000 1004 qui
3068 932 3314 1002 Moysen
3373 931 3665 989 abbatem
3737 944 3895 987 cum

2227 1030 2413 1089 sociis
2459 1030 2850 1088 trucidarunt
2880 1027 3032 1106 (13),
3066 1044 3142 1087 an
3189 1029 3371 1087 tertia
3416 1028 3729 1101 quaedam
3781 1044 3901 1085 no-

2230 1130 2327 1187 bis
2375 1128 2708 1200 incognita,
2762 1127 3034 1185 discerni
3091 1127 3192 1184 vix
3244 1127 3489 1198 poterit.
3548 1125 3902 1184 Tillemon-

2229 1226 2353 1284 tius
2408 1227 2792 1284 invasionem
2839 1225 3255 1283 barbarorum
3302 1225 3589 1287 istorum,
3640 1238 3809 1295 quos
3863 1240 3901 1280 e

2231 1325 2664 1384 crudelissima
2751 1323 3056 1382 Mazicum
3139 1327 3317 1395 gente
3402 1322 3589 1380 fuisse
3675 1322 3902 1381 nescio

2232 1424 2463 1497 quibus
2511 1423 2586 1481 de
2633 1420 2978 1481 rationibus
3014 1420 3347 1490 existimat,
3398 1424 3567 1495 153
3604 1419 3897 1492 praedici

2233 1521 2576 1579 autumavit
2624 1518 2775 1596 (14).
2826 1521 2906 1579 Ea
2961 1525 3192 1587 autem,
3254 1533 3413 1591 quae
3470 1517 3529 1577 S.
3595 1519 3899 1590 Augusti-

2234 1634 2350 1677 nus
2422 1618 2501 1676 de
2570 1619 2827 1691 Aegypti
2902 1617 3295 1677 monasteriis
3368 1615 3698 1674 devastatis
3760 1620 3901 1673 tra-

2235 1717 2390 1775 didit
2421 1712 2575 1791 (l5),
2605 1717 2727 1774 huc
2759 1731 2879 1775 non
2910 1722 3191 1789 spectare
3222 1714 3530 1773 videntur.

2313 1814 2570 1883 Quando
2619 1814 2777 1871 liber
2841 1814 3095 1887 quintus
3152 1812 3537 1884 compositus
3596 1811 3697 1883 sit,
3767 1826 3901 1869 non

2235 1912 2382 1970 satis
2431 1912 3045 1977 constat.yLaudatur
3096 1918 3303 1970 autem
3357 1926 3391 1967 a
3451 1910 3665 1967 Piiotio
3726 1906 3896 1984 (I6),

2234 2017 2295 2067 et
2352 2010 2665 2083 Pelagium
2734 2010 2879 2068 libri
2944 2011 3349 2081 interpretem
3408 2008 3656 2066 saeculo
3713 2012 3902 2065 sexto

2236 2109 2484 2175 vixisse,
2542 2124 2662 2167 non
2712 2115 2948 2166 temere
2999 2108 3402 2165 coniecerunt
3451 2104 3596 2180 (17).
3643 2105 3763 2163 Sed
3813 2105 3902 2162 ad

2238 2207 2473 2265 librum
2498 2213 2739 2265 sextum
2773 2206 3127 2264 transimus.

2316 2301 2346 2380 ἕ
2406 2306 2501 2362 34.
2580 2304 2761 2362 Libro
2836 2310 3008 2361 sexto
3066 2302 3357 2361 undecim
3420 2302 3629 2359 insunt
3695 2300 3897 2358 histo-

2239 2403 2369 2460 riae
2414 2402 2490 2460 de
2538 2402 2845 2471 Macariis,
2895 2416 3163 2474 quarum
3214 2406 3455 2473 septem
3497 2399 3576 2457 de
3625 2398 3903 2457 Macario

2241 2500 2541 2573 Aegyptio
2609 2507 2937 2572 postquam
3014 2499 3297 2571 fatigatus
3364 2497 3586 2565 oravit,
3650 2496 3902 2554 elevato

2238 2604 2299 2657 et
2371 2604 2539 2656 trans
2616 2598 2844 2655 ﬂumen
2912 2597 3185 2654 demisso
3262 2594 3413 2672 (18),
3490 2595 3567 2652 de
3641 2594 3903 2653 duobus

2239 2695 2739 2755 adolescentibus
2844 2693 3190 2767 peregrinis
3290 2693 3583 2750 eumdem
3695 2692 3898 2749 Maca-

2241 2796 2406 2853 rium
2461 2794 2835 2852 adeuntibus
2899 2799 2960 2850 et
3013 2798 3177 2849 tanta
3244 2791 3471 2849 virtute
3536 2788 3902 2848 excellenti-

2244 2894 2361 2951 bus
2416 2888 2572 2967 (19),
2626 2891 2702 2948 de
2780 2890 3187 2948 Macariorum
3255 2903 3398 2947 cum
3469 2888 3715 2945 duobus
3780 2887 3903 2944 tri-

2242 2989 2427 3048 bunis
2516 3002 2846 3061 congressu
2942 2987 3181 3044 adiecta
3282 2985 3389 3043 illa
3472 2984 3901 3056 descriptione

2240 3087 2433 3146 Scetis
2471 3086 2622 3161 (20),
2674 3086 2749 3141 de
2797 3086 3011 3142 cranio
3061 3085 3327 3142 Macario
3383 3082 3683 3156 Aegyptio
3735 3096 3856 3154 poe
3887 3112 3903 3121 -

2241 3200 2351 3244 nas
2393 3185 2782 3243 infernorum
2838 3187 3166 3241 enarrante
3215 3179 3365 3257 (21),
3409 3181 3485 3238 de
3517 3179 3902 3238 revelatione

2240 3284 2445 3341 eidem
2480 3282 2749 3340 Macario
2798 3281 2975 3345 facta,
3033 3282 3239 3352 ipsum
3287 3279 3577 3337 virtutem
3622 3278 3900 3336 duarum

2242 3380 2582 3438 mulierum
2638 3379 2914 3437 nondum
2964 3376 3231 3449 attigisse
3282 3374 3433 3452 (22),
3479 3376 3556 3434 de
3604 3376 3895 3435 eiusdem

2242 3478 2488 3535 Macarii
2522 3479 2715 3535 verbo
2744 3478 2910 3549 quod
2941 3476 3093 3533 dixit
3126 3476 3382 3548 Evagrio
3413 3492 3424 3530 :
3482 3475 3711 3534 Umbra
3733 3487 3906 3531 con-

2240 3580 2446 3634 tentus
2494 3580 2627 3634 esto
2685 3571 2842 3650 (23),
2890 3574 2968 3632 de
3015 3574 3293 3632 eiusdem
3344 3573 3777 3641 afﬁrmatione,
3828 3586 3899 3628 se

2241 3674 2455 3748 viginti
2494 3672 2673 3732 annis
2722 3688 2905 3745 aqua,
2952 3686 3110 3744 pane
3162 3676 3223 3729 et
3274 3686 3494 3729 somno
3546 3669 3898 3729 satietatem

2238 3893 2546 3950 Macarius
2572 3892 2899 3962 Aegyptius
2916 3892 2943 3962 §
2962 3891 3004 3937 V
3033 3907 3047 3957 ;
3071 3889 3226 3945 infra
3258 3890 3314 3943 in
3339 3888 3556 3944 harum
3590 3887 3899 3951 Quaestio~

2240 3998 2385 4037 num
2412 3982 2752 4053 Appendice
2782 3980 2965 4036 altera
3005 3978 3117 4036 sub
3145 3979 3234 4032 III.

2313 4071 2427 4140 (12)
2476 4070 2559 4124 CI.
2592 4086 2774 4141 supra
2801 4070 2828 4140 ς
2855 4071 2889 4123 6
2927 4086 2981 4140 p.
3019 4068 3084 4122 16
3115 4084 3254 4139 sqq.
3300 4066 3421 4135 s27
3460 4083 3518 4138 p.
3563 4065 3665 4121 113
3707 4070 3765 4120 et
3804 4066 3900 4121 in-

2242 4158 2330 4212 fra
2361 4159 2499 4228 Cap.
2545 4160 2659 4213 VIII
2696 4159 2835 4224 542.

2313 4246 2425 4318 (13)
2452 4249 2528 4301 De
2556 4249 2668 4302 liae
2690 4247 2869 4303 caede
2902 4245 2974 4302 cf.
3002 4246 3124 4300 VV.
3147 4245 3254 4300 PP.
3291 4247 3483 4299 Rosw.
3505 4243 3607 4299 lib.
3636 4242 3682 4297 V
3709 4242 3897 4297 libell.

2241 4335 2328 4400 18,
2378 4334 2457 4389 13.
2512 4336 2600 4391 14.
2649 4335 2896 4392 Coteler.
2960 4334 3108 4390 Eccl.
3142 4334 3347 4390 Graec.
3378 4336 3527 4391 Mon.
3560 4334 3620 4387 T.
3656 4331 3677 4385 Ι
3706 4347 3757 4402 p.
3790 4331 3900 4388 553

2242 4442 2289 4478 s.
2319 4441 2369 4478 v.
2403 4426 2556 4481 Mose
2576 4425 2810 4497 abbas§
2848 4427 2913 4480 Χ.

2314 4514 2363 4586 (1
2382 4514 2425 4584 i)
2459 4514 2771 4569 Tillemont
2802 4513 3104 4569 Mémoires
3143 4514 3204 4568 Τ.
3234 4510 3354 4566 VIII
3390 4514 3445 4565 P.
3480 4510 3544 4565 III
3574 4525 3631 4581 p.
3663 4508 3792 4577 992,
3820 4508 3898 4565 cf.

2240 4606 2299 4658 T.
2333 4604 2372 4658 Χ
2398 4603 2498 4657 ed.
2539 4603 2721 4657 Paris.
2751 4620 2808 4673 p.
2843 4603 2938 4657 75.
2973 4601 3099 4655 728.
3142 4602 3216 4655 De
3263 4600 3550 4655 Mazicum
3599 4601 3773 4667 gente
3819 4597 3896 4653 cf.

2242 4690 2463 4747 Pallad.
2493 4692 2629 4747 Hist.
2661 4694 2833 4747 Laus.
2868 4707 3001 4761 cap.
3034 4692 3087 4745 8.
3119 4689 3387 4745 Cassian.
3423 4687 3564 4744 Coll.
3590 4687 3657 4753 Il,
3680 4687 3739 4741 6.

2315 4782 2426 4851 (15)
2461 4783 2568 4850 Ep.
2608 4782 2699 4835 111
2764 4780 2935 4851 (alias
2991 4781 3133 4849 I22),
3184 4780 3239 4834 S.
3297 4779 3545 4848 August.
3592 4777 3742 4847 Opp.
3798 4774 3897 4831 ed.

2243 4869 2433 4939 Migne
2464 4871 2526 4924 T.
2560 4869 2604 4923 II
2628 4885 2689 4940 p.
2710 4869 2839 4924 422.

2312 4957 2429 5029 (16)
2462 4959 2610 5013 Bibl.
2639 4958 2774 5013 cod.
2804 4958 3079 5014 CXCVIII.

2313 5047 2431 5116 (17)
2457 5047 2570 5101 VV.
2606 5050 2709 5101 PP.
2743 5050 2937 5102 Rosw.
2960 5045 3187 5114 Proleg.
3224 5043 3307 5098 XV
3346 5059 3404 5114 p.
3432 5043 3586 5097 XLII.

2310 5136 2429 5209 (I8)
2462 5136 2575 5193 VV.
2609 5136 2713 5190 PP.
2740 5136 2936 5191 Rosw.
2964 5135 3069 5189 lib.
3104 5133 3173 5187 Vl
3204 5132 3384 5188 libell.
3420 5134 3472 5196 2,
3518 5134 3547 5183 6
3579 5148 3635 5200 [ι.
3680 5129 3807 5195 649,
3834 5130 3889 5183 2.

2314 5225 2611 5297 (19)lbid.
2647 5225 2838 5282 libell.
2870 5224 2924 5290 3,
2958 5226 2991 5277 2
3030 5241 3093 5295 p.
3129 5222 3340 5289 651,2.

2313 5315 2426 5385 (20)
2454 5313 2603 5370 Ibid.
2633 5313 2816 5369 libell.
2850 5313 2901 5380 3,
2929 5314 2992 5368 15
3029 5328 3092 5383 p.
3122 5312 3246 5375 656,
3273 5310 3329 5365 2.

2313 5403 2604 5475 (21)11)ἰ‹1.
2640 5402 2824 5459 libell.
2864 5401 3017 5469 3,16
3047 5418 3110 5471 ρ.
3144 5401 3269 5462 656.
3299 5403 3330 5453 2
3365 5415 3458 5470 sq.

2315 5493 2426 5562 (22)
2457 5493 2607 5547 Ibid.
2645 5491 2829 5547 libell.
2862 5492 2914 5556 3,
2948 5495 3004 5545 I7
3041 5506 3104 5562 p.
3154 5490 3355 5554 657,1.

2316 5583 2425 5653 (23)
2464 5580 2617 5638 Ibid.
2656 5580 2841 5639 libell.
2879 5584 2934 5649 4,
2966 5580 3033 5636 l7
3066 5594 3130 5651 p.
3164 5578 3290 5642 659,
3318 5578 3377 5636 s.
