4094 6208
218 295 319 352 145
1825 292 2057 350 VlTAE.

3526 293 3633 351 146

209 440 415 497 usque
498 439 682 483 usum
756 438 875 482 non
951 438 1084 483 esse
1161 424 1275 500 (l),
1346 426 1472 484 iam
1548 424 1867 485 recensui-
1910 419 2103 481 Anex
2151 422 2351 491 illum,
2414 424 2520 496 qui
2572 428 2854 483 mortuus
2911 425 3133 496 fuerat,
3192 422 3404 481 dicens
3461 421 3552 480 illi
3618 438 3633 477 :

206 537 350 579 mus
381 519 496 597 (2).
536 523 789 580 Ceterae
814 526 1085 594 quatuor
1110 522 1227 580 hae
1257 528 1399 580 sunt
1428 541 1440 581 :

292 640 315 671 ι
380 620 667 677 Habebat
735 620 992 692 quidam
1060 620 1256 678 ﬁlium
1330 620 1743 694 paralyticum
1806 621 1868 677 in

204 718 519 789 Aegypto,
548 724 608 776 et
651 717 910 776 adduxit
952 732 1097 776 eum
1137 719 1215 776 ad
1258 720 1482 779 cellam
1535 719 1696 777 beati
1742 719 1869 776 Ma-

201 815 386 885 carii,
453 821 515 875 et
574 816 795 874 relicto
845 830 922 874 eo
969 816 1044 873 ad
1090 817 1323 875 ostium
1384 819 1563 876 flente
1617 816 1871 875 recessit

204 915 410 986 longe.
490 913 849 986 Respiciens
917 928 1067 986 ergo
1134 929 1322 973 senex
1378 916 1532 974 vidit
1600 929 1868 988 puerum

211 1014 590 1084 plorantem,
621 1017 681 1069 et
727 1010 883 1070 dixit
926 1012 983 1069 ei
1019 1030 1031 1067 :
1065 1012 1215 1082 Quis
1260 1017 1320 1070 te
1373 1013 1629 1072 adduxit
1688 1013 1810 1070 huc
1838 1010 1869 1072 ?

211 1110 328 1178 Qui
357 1108 517 1167 dixit
552 1129 564 1165 :
623 1110 796 1167 Pater
826 1124 1003 1168 meus
1033 1111 1295 1182 proiecit
1326 1125 1426 1168 me
1456 1110 1557 1169 hic
1587 1116 1649 1168 et
1687 1110 1862 1169 abiit.

215 1210 280 1263 lit
318 1207 471 1264 dicit
516 1208 574 1266 ei
617 1222 802 1265 senex
847 1226 860 1266 :
897 1210 1087 1281 Surge
1140 1204 1312 1277 154
1357 1213 1415 1266 et
1464 1208 1867 1281 apprehende

204 1319 372 1362 eum.
431 1305 547 1374 Qui
593 1305 800 1363 statim
850 1321 1037 1364 sanus
1083 1306 1279 1365 factus
1334 1311 1449 1374 est,
1494 1313 1555 1365 et
1610 1318 1867 1378 surgens

197 1402 632 1475 apprehendit
682 1409 923 1475 patrem
971 1419 1176 1471 suum,
1239 1410 1299 1462 et
1342 1404 1430 1461 sic
1471 1404 1762 1461 abierunt
1806 1404 1865 1460 in

202 1499 475 1558 domum
513 1515 687 1558 suam
727 1500 835 1575 (3).
874 1522 901 1553 υ
939 1501 1104 1559 Idem
1146 1502 1209 1559 in
1253 1503 1418 1561 libro
1466 1501 1650 1561 tertio
1684 1501 1863 1558 Besa-

204 1598 375 1655 rioni
436 1600 649 1656 abbati
706 1600 769 1656 in
828 1599 1000 1657 Scete
1054 1600 1354 1659 habitanti
1414 1600 1527 1675 (Ii),
1576 1600 1636 1657 in
1697 1601 1852 1671 Apo-

207 1696 639 1768 phthegmatis
688 1710 841 1755 vero
902 1713 934 1754 a
993 1698 1302 1757 Cotelerio
1358 1698 1541 1756 editis
1600 1696 1866 1755 Macario

1985 520 2099 579 Ubi
2155 520 2243 596 (7)
2277 522 2539 594 posuisti
2595 523 2871 580 alienum
2920 522 3275 594 depositum
3306 517 3470 590 εἲΟυί
3532 535 3641 578 re-

1980 620 2295 689 spondens
2334 619 2492 678 dixit
2528 619 2587 676 ei
2634 638 2646 677 :
2683 620 2745 676 In
2787 620 2978 677 domo
3021 634 3158 677 mea
3200 618 3632 676 absconditum

1981 721 2073 775 est
2110 718 2227 774 sub
2298 716 2455 788 pede
2514 718 2745 775 lectuli.
2781 718 2847 775 Et
2891 719 2975 776 ait
3024 716 3112 775 illi
3165 732 3389 775 senex:
3427 716 3634 775 Dormi

1981 815 2209 873 iterum
2270 829 2467 888 usque
2513 815 2572 872 in
2629 815 2795 873 diem
2858 815 3353 873 resurrectionis.
3402 814 3636 873 Viden-

1979 917 2070 970 tes
2111 920 2319 971 autem
2367 913 2591 971 fratres
2641 914 3004 971 ceciderunt
3053 914 3128 971 ad
3187 914 3375 986 pedes
3427 913 3563 971 eius
3613 932 3628 978 ;

1978 1011 2209 1083 quibus
2262 1011 2420 1069 dixit
2468 1026 2654 1069 senex
2690 1026 2702 1068 :
2737 1011 2868 1069 Non
2924 1017 3180 1084 propter
3238 1024 3339 1068 me
3399 1011 3630 1068 factum

1977 1114 2069 1166 est
2116 1110 2233 1167 hoc
2276 1126 2290 1175 ;
2332 1109 2485 1166 nihil
2537 1108 2705 1166 enim
2758 1124 2897 1167 sum
2934 1126 2950 1178 ;
2990 1108 3095 1166 sed
3150 1112 3407 1179 propter
3455 1108 3633 1165 illam

1978 1207 2228 1265 viduam
2284 1213 2344 1265 et
2398 1208 2716 1279 orphanos
2785 1208 2982 1279 ipsius
3047 1207 3189 1265 fecit
3255 1205 3415 1263 Deus
3480 1205 3639 1263 hanc

1978 1317 2135 1361 rem.
2170 1304 2298 1362 Hoc
2343 1304 2511 1361 enim
2566 1309 2657 1363 est
2711 1319 3032 1377 magnum,
3088 1304 3235 1377 quia
3301 1302 3435 1360 sine
3496 1316 3637 1374 pec-

1977 1407 2114 1460 cato
2158 1402 2289 1459 vult
2337 1404 2492 1461 Deus
2536 1417 2670 1461 esse
2711 1404 3009 1468 animam,
3043 1408 3104 1460 et
3140 1402 3189 1459 si
3233 1400 3386 1474 quid
3430 1400 3635 1473 petie-

1978 1501 2080 1572 rit,
2136 1500 2383 1572 accipit.
2444 1498 2712 1560 Veniens
2762 1506 2972 1560 autem
3042 1498 3342 1559 nuntiavit
3404 1498 3628 1557 viduae

1978 1599 2093 1666 illi,
2129 1600 2236 1657 ubi
2286 1605 2417 1656 erat
2458 1600 2617 1657 illud
2669 1600 3200 1659 commendatum.
3241 1599 3314 1656 At
3358 1598 3465 1655 illa
3517 1612 3631 1655 su-

1979 1711 2153 1755 mens
2195 1694 2365 1766 155
2401 1698 2556 1755 illud
2608 1698 2878 1757 reddidit
2922 1697 3179 1756 domino
3218 1710 3332 1755 suo
3376 1701 3438 1753 et
3475 1695 3634 1753 libe-

210 1794 519 1867 Aegyptio
550 1796 848 1853 tribuitur
879 1794 987 1871 (5).
1024 1796 1105 1853 De
1138 1794 1345 1868 puella
1374 1796 1666 1853 similiter
1696 1810 1731 1850 a
1763 1809 1867 1867 pa-
1903 1772 1946 1827 Β
1980 1795 2134 1853 ravit
2176 1796 2337 1854 ﬁlios
2370 1812 2534 1854 suos.
2568 1796 2638 1853 Et
2679 1796 2787 1869 qui
2832 1795 3166 1854 audierunt
3216 1795 3358 1864 hoc,
3389 1792 3631 1866 gloriﬁ-

212 1892 502 1949 rentibus
544 1892 620 1949 ad
660 1893 910 1951 ianuam
956 1894 1200 1951 Macarii
1260 1893 1539 1966 Aegyptii
1590 1893 1865 1965 proiecta

208 1995 267 2045 et
296 2006 331 2046 a
352 1995 572 2047 sancto
596 1996 807 2048 sanata
834 2005 1022 2063 supra
1053 1990 1409 2049 audivimus
1439 1989 1550 2067 (6).

290 2105 321 2140 κ
378 2087 631 2145 Dicebat
679 2089 872 2146 abbas
923 2089 1115 2147 Sisois
1177 2107 1189 2145 :
1245 2089 1502 2158 Quando
1558 2102 1731 2146 eram
1800 2088 1863 2145 in

210 2184 405 2243 Scithi
461 2199 607 2243 cum
663 2186 884 2245 abbate
942 2187 1227 2254 Macario,
1284 2186 1682 2244 ascendimus
1731 2200 1864 2243 me-

209 2286 341 2340 tue
399 2296 545 2339 cum
612 2297 711 2350 eo,
775 2289 1013 2355 septem
1079 2284 1351 2342 nomina.
1409 2284 1480 2341 Et
1534 2297 1679 2342 ecce
1742 2297 1865 2341 una

209 2380 398 2438 vidua
460 2380 798 2454 colligebat
849 2382 1057 2453 spicas
1105 2382 1182 2439 de
1240 2386 1378 2454 post
1435 2396 1567 2453 nos,
1626 2388 1685 2440 et
1741 2396 1863 2440 non

204 2480 490 2535 cessabat
574 2481 843 2551 plorans.
906 2479 1155 2538 Vocavit
1217 2494 1367 2552 ergo
1413 2494 1601 2538 senex
1666 2480 1865 2538 domi-

209 2590 357 2633 num
408 2575 539 2647 agri
582 2576 753 2633 illius
791 2583 850 2634 et
897 2577 1052 2634 dixit
1096 2577 1154 2635 ei
1192 2596 1203 2632 :
1238 2577 1397 2646 Quid
1447 2581 1539 2634 est
1582 2577 1865 2636 aniculae

209 2672 357 2731 huic
418 2674 588 2745 quod
616 2688 865 2745 semper
918 2674 1122 2747 plorat
1164 2671 1195 2730 ?
1224 2674 1336 2743 Qui
1378 2674 1535 2733 dixit
1574 2675 1629 2732 ei
1668 2674 1865 2745 :Quia

204 2772 302 2829 vir
338 2772 481 2828 eius
523 2771 742 2829 habuit
782 2771 1137 2844 depositum
1185 2773 1536 2843 cuiusdam,
1572 2778 1630 2831 et
1689 2787 1863 2832 mor-

205 2876 352 2927 tuus
401 2876 495 2926 est
540 2884 662 2926 non
710 2869 990 2941 loquens,
1021 2874 1082 2926 et
1126 2884 1247 2927 non
1290 2869 1470 2941 dixit,
1505 2870 1611 2928 ubi
1657 2870 1865 2942 posuit

201 2965 392 3035 illud,
439 2972 502 3022 et
546 2967 675 3023 vult
726 2965 1019 3024 dominus
1069 2966 1337 3038 depositi
1390 2968 1674 3039 accipere
1724 2981 1863 3025 eam

201 3072 264 3124 et
292 3064 464 3122 ﬁlios
507 3064 644 3121 eius
686 3065 749 3121 in
792 3064 1175 3122 servitutem.
1223 3064 1294 3122 Et
1336 3065 1420 3122 ait
1462 3079 1648 3123 senex
1697 3079 1709 3120 :
1762 3065 1864 3122 Dic

201 3163 323 3234 illi,
388 3168 458 3219 ut
521 3162 729 3219 veniat
783 3162 859 3220 ad
922 3176 1057 3230 nos,
1122 3162 1229 3219 ubi
1288 3162 1741 3235 requiescimus
1800 3163 1861 3220 in

198 3266 518 3318 caumate.
554 3260 796 3317 Etcum
840 3260 1132 3327 venisset,
1165 3260 1315 3318 dicit
1359 3260 1417 3317 ei
1466 3274 1651 3318 senex
1701 3278 1713 3319 :
1764 3259 1864 3319 Ut—

200 3359 356 3431 quid
406 3372 662 3429 semper
709 3356 1161 3428 ploras‘IQuae
1204 3358 1336 3416 ait:
1376 3358 1479 3415 Vir
1522 3372 1699 3417 meus
1744 3357 1862 3415 de-

202 3450 459 3512 functus
497 3459 613 3525 est,
656 3454 972 3527 accipiens
1013 3453 1519 3513 commendatum
1571 3454 1859 3523 alicuius,

199 3560 263 3611 et
288 3568 416 3611 non
453 3553 612 3611 dixit
651 3553 946 3623 moriens,
979 3552 1086 3611 ubi
1136 3553 1341 3626 posuit
1384 3552 1567 3611 illud.
1602 3553 1670 3611 Et
1702 3552 1862 3611 dixit

197 3652 260 3709 ei
316 3665 553 3709 senex:
590 3650 760 3716 Veni,
795 3658 853 3709 et
908 3650 1164 3710 ostende
1214 3650 1397 3710 nobis
1452 3650 1857 3723 sepulchrum

202 3748 325 3806 viri
390 3749 504 3806 tui.
570 3749 636 3806 Et
691 3749 1026 3821 assumptis
1081 3763 1294 3807 secum
1348 3748 1649 3807 fratribus
1705 3748 1861 3807 abiit

196 3861 351 3904 cum
388 3860 482 3904 ea.
521 3846 588 3905 Et
625 3861 769 3905 cum
810 3848 1122 3905 venissent
1158 3846 1231 3904 ad
1272 3847 1503 3917 locum,
1538 3847 1649 3905 ubi
1695 3846 1859 3918 posi-

195 3949 298 4003 tus
344 3950 506 4009 erat.
555 3944 712 4003 dixit
757 3944 835 4003 ad
879 3944 1055 4002 illam
1106 3958 1293 4003 senex
1345 3958 1358 4000 :
1412 3943 1658 4002 Recede
1714 3943 1859 4001 hinc

198 4043 265 4101 in
307 4043 574 4101 domum
613 4045 806 4101 tuam.
841 4042 912 4101 Et
953 4042 1279 4102 orantibus
1314 4042 1441 4101 illis
1482 4041 1722 4102 vocavit
1768 4056 1858 4101 se-

272 4262 357 4330 (1)
400 4259 517 4313 VV.
561 4261 658 4315 PP.
685 4263 879 4316 Rosw.
912 4259 1014 4319 lib.
1054 4261 1141 4315 VI.
1173 4259 1354 4316 libell.
1377 4264 1429 4328 4,
1456 4262 1522 4316 18
1545 4278 1604 4332 ρ.
1638 4264 1743 4317 659
1766 4277 1855 4332 sq.

268 4352 354 4418 (2)
408 4348 494 4405 Cf.
528 4365 712 4420 supra
761 4353 787 4418 §
835 4349 903 4405 32
964 4348 1201 4420 p.146;
1236 4349 1336 4406 143
1390 4366 1522 4422 sqq.
1554 4361 1625 4424 η
1672 4351 1741 4405 24
1788 4366 1850 4421 ρ.

1975 1898 2273 1951 caverunt
2326 1895 2511 1951 Deum
2568 1891 2681 1968 (8).
2715 1915 2737 1945 ι
2774 1894 2945 1951 Idem
2978 1894 3040 1950 in
3075 1889 3634 1965 Apophthegmatis

1976 2005 2010 2047 a
2085 1991 2394 2050 Cotelerio
2462 1991 2647 2049 editis
2724 1993 2990 2049 habetur
3056 1988 3166 2066 (9).
3262 1988 3634 2047 Rosweidus

1974 2086 2132 2145 illud
2167 2093 2467 2161 «septem
2526 2089 2779 2148 nomina
2817 2110 2841 2143 ι
2887 2089 3041 2161 quid
3099 2088 3220 2145 sibi
3280 2086 3447 2159 velit,
3504 2099 3630 2144 non

1976 2184 2323 2258 intelligere
2361 2200 2427 2245 se
2466 2187 2697 2246 fatetur
2738 2184 2890 2263 (10).
2930 2186 3048 2245 Sed
3083 2201 3117 2243 e
3154 2199 3377 2258 graeco
3420 2184 3482 2242 id
3535 2184 3627 2241 fa~

1975 2282 2095 2340 cile
2134 2284 2505 2354 explicatur,
2550 2284 2657 2342 ubi
2720 2284 2870 2357 legis
2913 2304 2941 2336 «
2971 2280 3099 2332 ἐπτὰ
3140 2279 3371 2351 ὀνόματα
3409 2304 3429 2335 ι
3487 2282 3533 2340 i.
3566 2294 3622 2339 e.

1975 2386 2214 2451 septem
2270 2382 2575 2441 homines.
2633 2382 2869 2440 Etenim
2918 2396 3029 2440 vox
3085 2377 3312 2448 ὀνόματα
3364 2393 3480 2453 pro
3538 2377 3628 2428 ἄν·

1980 2476 2174 2546 θρωποι
2216 2494 2402 2553 saepe
2439 2480 2751 2553 reperitur
2796 2476 2946 2555 (11),
2981 2480 3146 2538 unde
3179 2478 3319 2539 cod.
3362 2493 3478 2535 ms.
3510 2477 3627 2536 Bo-

1976 2577 2259 2636 decensis
2313 2578 2609 2638 Bollando
2667 2584 2818 2637 teste
2881 2583 3049 2636 recte
3114 2576 3374 2650 protulit
3432 2593 3461 2629 «
3524 2589 3627 2634 se-

1978 2682 2146 2748 ptem
2200 2676 2421 2735 fratres
2466 2674 2615 2752 (12).
2660 2695 2688 2730 ››
2733 2676 2867 2734 Noli
2908 2680 3118 2733 autem
3169 2674 3410 2741 mirari,
3460 2673 3630 2746 quod

1976 2773 2278 2831 Macarius
2328 2774 2662 2847 Aegyptius
2718 2774 2911 2832 abbas
2974 2772 3199 2832 exiisse
3257 2772 3482 2845 legitur
3551 2771 3629 2830 ad

1977 2871 2359 2928 metendum.
2408 2872 2533 2929 Mos
2580 2873 2749 2929 enim
2793 2886 2915 2931 non
2964 2871 3169 2929 solum
3210 2870 3473 2928 fratrum
3517 2869 3629 2927 Se-

1977 2967 2254 3038 rapionis
2327 2968 2701 3041 presbyteri,
2771 2971 2876 3041 qui
2946 2969 3163 3025 decem
3234 2968 3363 3025 fere
3425 2966 3628 3025 millia

1979 3065 2432 3123 monachorum
2462 3066 2524 3123 in
2562 3067 2817 3138 regione
2853 3065 3179 3123 Arsenoite
3214 3065 3487 3137 regebat,
3518 3062 3627 3121 sed

1972 3162 2259 3221 omnium
2308 3178 2502 3235 paene
2554 3163 2809 3236 Aegypti
2858 3163 3314 3221 monachorum
3358 3161 3495 3228 fuit,
3556 3165 3624 3219 ut

1974 3261 2194 3318 messis
2230 3266 2515 3334 tempore
2552 3261 2628 3319 ad
2672 3261 3030 3319 metendum
3074 3274 3140 3318 se
3178 3260 3623 3328 conducerent,

1972 3361 2432 3434 mercedisque,
2506 3376 2702 3433 quum
2771 3370 3106 3433 octogenos
3183 3359 3430 3418 modios
3499 3359 3625 3416 fru-

1972 3458 2164 3517 menti
2211 3460 2354 3531 plus
2398 3462 2607 3517 minus
2646 3460 2872 3531 singuli
2930 3458 3335 3531 accepissent,
3383 3461 3623 3529 partem

1970 3556 2070 3623 iis,
2117 3571 2276 3630 quos
2337 3562 2656 3627 noverant,
2705 3557 3089 3629 pauperibus
3140 3556 3461 3625 offerrent,
3507 3568 3626 3612 nec

1970 3669 2093 3712 non
2186 3655 2620 3713 Alexandriam
2715 3670 2913 3728 usque
3002 3669 3187 3712 naves
3280 3654 3618 3722 frumento,

1969 3753 2136 3824 quod
2184 3753 2507 3825 egentibus
2549 3753 3059 3823 distribueretur,
3087 3757 3341 3810 onustas
3383 3749 3623 3821 dirige-

1970 3854 2108 3907 rent
2148 3846 2301 3925 (13).
2352 3849 2586 3908 Pariter
2630 3863 2777 3907 vero
2821 3848 3188 3921 Spiridioni,
3236 3846 3424 3922 Cypri
3472 3845 3621 3917 epi—

1968 3961 2180 4019 scopo,
2216 3947 2343 4006 ﬁlia
2366 3948 2679 4015 defuncta,
2727 3947 2836 4005 ubi
2894 3945 3251 4017 depositum
3305 3942 3613 4016 posuerit,

1967 4059 2003 4102 e
2033 4045 2367 4118 sepulchro
2405 4045 2806 4117 respondisse
2845 4043 3112 4103 traditur
3157 4039 3312 4119 (14).

1970 4266 2231 4320 stionum
2266 4263 2607 4335 Appendice
2629 4261 2811 4318 altera
2842 4261 2954 4318 sub
2984 4261 3073 4315 Ill.

2043 4354 2156 4424 (ιο)
2189 4354 2302 4409 vv.
2344 4356 2449 4408 PP.
2488 4355 2678 4408 Rosw.
2712 4352 2813 4407 lib.
2845 4350 2905 4406 v1
2936 4357 3062 4408 not.
3101 4355 3132 4406 θ
3171 4366 3230 4420 ρ.
3275 4353 3399 4417 662,
3438 4354 3484 4404 1.

198 4438 305 4493 103
338 4454 433 4509 sq.
471 4444 534 4506 ;§
564 4440 631 4494 28
664 4455 723 4509 p.
761 4440 860 4494 118
888 4457 901 4505 ;
934 4439 1042 4506 532
1071 4454 1128 4510 p.
1168 4441 1257 4494 141
1286 4454 1377 4511 sq.
1407 4443 1549 4504 ;136
1577 4456 1666 4511 sq.
1695 4462 1715 4507 ,-
1746 4440 1861 4511 529

2044 4443 2155 4513 (11)
2186 4443 2471 4513 Exempla
2499 4440 2803 4511 congessit
2843 4439 3161 4498 Cotelerius
3188 4438 3226 4494 l.
3259 4440 3295 4493 l.
3328 4454 3386 4509 p.
3414 4440 3517 4494 814
3555 4438 3615 4494 in

196 4543 260 4597 ρ.
290 4528 445 4593 119,
490 4531 606 4582 120.

271 4617 355 4685 (3)
405 4615 527 4670 VV.
574 4618 669 4670 PP.
704 4618 902 4675 Rosw.
932 4616 1035 4673 lib.
1080 4615 1146 4672 Vl
1184 4616 1364 4672 libell.
1398 4619 1449 4679 2,
1494 4617 1522 4670 7
1561 4631 1619 4688 p.
1653 4620 1777 4682 649,
1805 4620 1860 4675 2.

269 4706 354 4775 (4)
387 4705 535 4760 Ibid.
582 4705 683 4760 lib.
714 4706 781 4759 IlI
812 4722 942 4776 cap.
974 4709 1071 4760 122
1105 4721 1163 4776 p.
1199 4709 1324 4771 518,
1357 4708 1393 4760 l.

265 4795 353 4859 (5)
405 4793 652 4850 Coteler.
694 4794 843 4849 Eccl.
888 4796 1091 4849 Graec.
1139 4796 1289 4850 Mon.
1340 4798 1399 4850 Τ.
1450 4799 1558 4867 lp.
1597 4799 1699 4851 535
1766 4810 1856 4867 sq.

195 4899 246 4936 ε.
296 4898 357 4936 v.
398 4882 707 4939 Macarius
754 4884 1084 4953 Aegyptius
1128 4885 1262 4955 ειν
1301 4900 1314 4949 ;
1351 4884 1505 4939 infra
1543 4884 1601 4939 in
1640 4885 1857 4941 harum

193 4972 640 5037 Quaestionum
682 4972 1025 5044 Appendice
1056 4971 1243 5029 altera
1268 4972 1382 5028 sub
1409 4974 1499 5029 lll.

266 5061 353 5127 (6)
384 5059 469 5115 Cf.
504 5070 737 5131 suprag
775 5065 831 5116 17
863 5075 920 5131 ρ.
964 5065 1055 5116 60.

266 5150 353 5219 (7)
378 5149 475 5205 Sic
500 5149 674 5213 male,
692 5166 797 5221 pro
828 5150 1324 5213 dicens:1l£e,ubi
1342 5165 1367 5215 ,'
1385 5166 1596 5222 graece
1624 5149 1854 5222 λέγων·

192 5237 255 5289 '0
321 5235 532 5294 δεῖνα.
576 5238 665 5295 Cf.
750 5238 996 5293 Coteler.
1057 5239 1207 5294 Eccl.
1264 5240 1468 5296 Graec.
1524 5242 1679 5296 Mon.
1732 5240 1859 5296 Τ.Ι

196 5344 261 5397 p.
290 5328 419 5381 815.

274 5420 350 5485 (8)
386 5418 495 5471 νν.
533 5416 634 5471 ΡΡ.
682 5418 876 5471 Rosw.
928 5416 1028 5471 lib.
1091 5417 1157 5471 Vl
1202 5416 1383 5473 libell.
1442 5417 1496 5482 2,
1552 5420 1582 5472 8
1631 5434 1688 5488 p.
1733 5421 1857 5487 649,

200 5511 357 5578 2sq.

275 5595 351 5661 (9)
382 5593 636 5651 Coteler.
674 5594 827 5648 Eccl.
858 5595 1062 5650 Graec.
1108 5597 1258 5649 Mon.
1304 5597 1364 5650 Τ.
1394 5595 1416 5649 I
1449 5611 1507 5662 p.
1551 5599 1652 5650 532
1696 5613 1750 5652 s.
1801 5611 1856 5651 v.

204 5684 509 5741 Macarius
536 5682 867 5754 Aegyptius
899 5689 924 5752 ς
956 5682 1043 5739 Vll
1076 5682 1271 5748 ;infra
1310 5682 1372 5741 in
1410 5683 1627 5742 harum
1670 5685 1859 5750 Quae-

1970 4538 2114 4587 nota
2139 4530 2217 4585 ad
2245 4536 2513 4587 nostram
2543 4530 2850 4586 historiam
2886 4530 2972 4600 (p.
3009 4532 3126 4593 532,
3164 4529 3250 4594 A).

2043 4621 2159 4691 (12)
2194 4624 2312 4677 AA.
2355 4621 2452 4676 SS.
2498 4620 2638 4676 Boil.
2676 4620 2807 4674 Jan.
2844 4620 2905 4674 T.
2948 4618 2967 4671 Ι
3021 4633 3086 4688 p.
3134 4616 3286 4682 l009,
3327 4622 3345 4670 1
3397 4621 3524 4672 not.
3552 4616 3616 4672 b.

2042 4708 2155 4780 (13)
2205 4710 2312 4763 VV.
2346 4710 2448 4763 PP.
2478 4711 2671 4763 Rosw.
2703 4708 2801 4763 lib.
2836 4708 2881 4761 II
2920 4723 3054 4777 cap.
3095 4709 3154 4760 18
3187 4720 3243 4777 p.
3277 4708 3402 4769 476,
3436 4708 3483 4759 1.
3532 4704 3612 4760 Cl.

1967 4796 2070 4853 lib.
2120 4799 2160 4850 V
2212 4796 2390 4852 libell.
2425 4797 2510 4863 17,
2554 4798 2702 4869 20p.
2743 4798 2869 4864 634,
2892 4797 2943 4848 2.
2992 4794 3056 4850 In
3107 4795 3243 4849 Hist.
3297 4793 3473 4847 Laus.
3520 4792 3615 4849 ed.

1969 4888 2174 4942 Meurs.
2204 4902 2337 4957 cap.
2367 4890 2433 4941 77
2478 4887 2631 4957 Opp.
2665 4888 2871 4941 Meurs.
2902 4884 3000 4939 l.I.
3043 4899 3103 4954 p.
3147 4883 3250 4939 537
3295 4881 3618 4938 duodecim

1968 4975 2210 5031 artabas
2241 4975 2277 5029 i.
2294 4989 2345 5029 e.
2361 4976 2519 5030 circa
2533 4973 2935 5047 quadraginta
2950 4972 3185 5028 modios
3204 4987 3282 5026 un
3294 4987 3401 5044 usq
3411 4971 3622 5043 uisque

1967 5064 2271 5134 accepisse
2305 5063 2506 5118 fertur.
2542 5064 2655 5117 Ista
2692 5062 2868 5132 igitur
2922 5059 3256 5117 differentia
3311 5058 3622 5133 quomodo

1967 5152 2321 5224 explicanda
2370 5152 2463 5217 sit,
2498 5152 2714 5208 nescio.
2745 5153 2936 5223 Caput
2975 5165 3115 5207 vero
3156 5149 3301 5206 illud
3340 5147 3619 5204 editionis

1967 5242 2354 5305 Meursianae,
2378 5256 2567 5312 quum
2592 5241 2651 5295 in
2664 5239 2843 5296 codd.
2872 5236 3617 5303 Vindobon.desideretur,

1969 5332 2240 5401 spurium
2269 5345 2397 5385 esse
2424 5328 2738 5385 verisimile
2760 5335 2868 5385 est.

2041 5418 2153 5489 (14)
2190 5418 2387 5475 Rufin.
2453 5419 2595 5473 Hist.
2624 5418 2898 5474 Eccl.lib.
2929 5418 2951 5473 Ι
2981 5433 3114 5489 cap.
3138 5418 3191 5483 5,
3230 5416 3326 5473 ed.
3370 5415 3538 5472 Basil.
3575 5418 3614 5470 l.

1969 5521 2029 5580 p.
2074 5507 2198 5577 218,
2247 5507 2441 5563 Ruﬁni
2490 5510 2641 5580 Opp.
2692 5508 2786 5565 ed.
2847 5507 3094 5563 Vallarsi
3143 5524 3208 5581 p.
3260 5506 3383 5562 222.
3433 5507 3620 5579 Migne

1971 5596 2183 5653 Patro].
2224 5599 2288 5654 T.
2320 5597 2430 5653 XXI
2462 5613 2523 5669 p.
2564 5599 2690 5656 471.
