4094 6208
510 297 608 354 147
1383 295 1484 351 SS.
1526 293 2010 351 MACARIORUM
2051 291 2381 350 AEGYPTII
2423 292 2509 349 ET
2550 293 3044 350 ALEXANDBINI
3816 293 3932 348 148

589 448 609 479 ι
662 426 840 484 Venit
885 425 1223 496 aliquando
1268 423 1461 481 abbas
1507 424 1807 481 Macarius
1862 423 1970 481 ille
2024 421 2227 482 Ae—"A
2260 423 2620 480 monachus.
2683 422 2980 495 Ignoscite
3049 424 3205 481 mihi
3275 425 3496 481 fratres
3529 420 3664 497 '(l).
3733 421 3911 479 Idem

501 525 750 597 gyptius
801 526 876 581 de
935 523 1122 581 Scitlii
1186 524 1246 578 in
1307 528 1581 580 montem
1634 522 1864 580 Nitriae
1918 523 1980 579 in
2047 521 2148 579 die
2260 520 2323 576 in
2432 521 2983 593 Apoplithegmatis
3075 521 3362 580 Cotelerii
3459 520 3698 591 reperis
3801 518 3916 594 (2).

500 622 836 680 oblationis
878 622 952 678 ad
1003 621 1450 678 monasterium
1497 620 1742 677 abbatis
1786 621 2041 684 Pambo,
2090 624 2150 676 et
2264 618 2490 675 Pambo
2534 619 2824 675 abbatem
2867 632 3011 676 cum
3057 618 3380 677 monachis
3415 619 3545 676 suis
3589 617 3652 674 in
3700 621 3914 674 monte

501 720 792 776 dixerunt
836 719 889 775 ei
936 721 1214 776 seniores
1258 716 1377 775 loci
1421 718 1593 776 illius
1640 738 1651 775 :
1705 719 1810 775 Dic
1854 718 2150 775 fratribus
2260 715 2492 772 Nitriae
2571 715 2907 785 habitasse,
2990 718 3160 775 testis
3239 725 3329 774 est
3409 714 3716 773 Palladius
3801 712 3916 788 (3).

501 818 764 874 verbum
827 816 1297 882 aedificationis,
1357 820 1556 886 pater.
1612 817 1724 885 Qui
1785 816 1940 873 dixit
2000 816 2076 872 iis
2131 833 2145 872 :
2261 813 2395 870 Duo
2438 813 2528 870 illi
2575 815 2861 871 monachi
2908 815 3156 872 fuerunt
3199 830 3234 872 e
3286 828 3512 887 genere
3565 813 3914 870 anachore-

507 915 624 986 Ego
678 915 954 972 nondum
1009 915 1203 971 factus
1249 928 1389 971 sum
1443 915 1804 985 monachus,
1857 913 1963 969 sed
2023 912 2147 970 vidi
2258 917 2485 981 tarum,
2533 925 2803 983 quorum
2846 913 3034 970 vitam
3077 927 3268 984 supra
3311 910 3761 984 descripsimus
3808 907 3919 984 (4).

504 1012 861 1069 monachos.
922 1012 988 1068 Et
1043 1010 1197 1068 dixit
1250 1028 1262 1065 :
1307 1011 1570 1102 Sedente
1610 1011 1776 1068 enim
1836 1008 2008 1079 156
2050 1024 2150 1067 me
2268 1007 2433 1076 157
2481 1011 2925 1068 Monachorum
2965 1015 3173 1067 autem
3217 1025 3372 1080 esse,
3402 1010 3618 1066 sedere
3655 1007 3715 1064 in
3757 1006 3925 1064 cella

501 1110 840 1181 aliquando
883 1110 946 1165 in
991 1109 1145 1166 cella
1201 1111 1262 1165 in
1318 1109 1532 1177 Scithi,
1581 1111 1997 1182 perurgebant
2051 1122 2148 1164 me
2259 1112 2320 1163 et
2370 1107 2600 1164 deﬂere
2633 1113 2880 1178 peccata
2910 1123 3042 1178 sua,
3108 1108 3314 1180 ipsum
3369 1107 3656 1165 docuisse
3724 1105 3923 1162 Maca-

497 1206 902 1277 cogitationes
944 1221 1119 1264 meae
1171 1207 1447 1264 dicentes
1482 1222 1492 1261 :
1527 1207 1796 1278 Surgens
1839 1206 1992 1263 vade
2037 1221 2150 1264 us—
2262 1204 2427 1262 rium
2463 1205 2870 1277 cognovimus
2899 1204 3005 1281 (5).

502 1318 624 1375 que
672 1305 735 1361 in
785 1305 1124 1372 desertum,
1172 1309 1231 1360 et
1273 1304 1622 1369 considera,
1666 1303 1835 1376 quod
1880 1303 2010 1361 illic
2057 1303 2150 1359 vi-
2348 1323 2369 1353 α
2417 1303 2592 1359 Venit
2638 1302 2894 1375 quidam
2938 1304 3298 1361 adolescens
3338 1302 3414 1360 ad
3455 1303 3749 1359 abbatem
3799 1301 3924 1357 Ma-

503 1401 633 1458 des.
683 1402 749 1458 Et
799 1403 1140 1474 permansit
1188 1402 1550 1459 reluctando
1603 1402 1961 1459 huiusmodi
2013 1401 2146 1458 ani-
2260 1401 2524 1463 carium,
2562 1407 2626 1457 ut
2664 1407 2988 1458 sanaretur
3045 1418 3078 1458 a
3113 1400 3467 1459 daemonio.
3508 1396 3577 1456 Et
3616 1399 3767 1456 dum
3814 1413 3922 1455 es-

505 1513 644 1557 mus
706 1513 882 1557 meus
948 1514 1058 1571 per
1115 1499 1393 1572 quinque
1458 1514 1651 1557 annos
1713 1500 1926 1557 dicens
1988 1518 2000 1554 :
2068 1500 2150 1556 Ne
2261 1505 2352 1554 set
2393 1498 2545 1556 foris
2603 1504 2788 1568 stans,
2828 1514 2970 1556 ecce
3011 1499 3258 1556 advenit
3300 1499 3557 1570 quidam
3609 1498 3801 1554 frater
3842 1496 3923 1553 de

499 1597 658 1654 forte
717 1612 749 1652 a
814 1597 1226 1655 daemonibus
1277 1598 1356 1654 sit
1397 1597 1549 1654 haec
1609 1597 1937 1670 suggestio.
1996 1595 2148 1654 Cum

499 1708 646 1765 ergo
703 1701 1154 1765 perseverasset
1204 1695 1494 1767 cogitatio
1548 1694 1659 1752 ista
1724 1695 1784 1752 in
1843 1710 1964 1762 me,
2023 1694 2144 1751 abii

2262 1595 2385 1651 alio
2460 1595 2835 1653 monasterio
2909 1601 2969 1653 et
3036 1595 3376 1653 concubuit
3452 1595 3514 1650 in
3589 1598 3918 1664 peccatum

2261 1707 2402 1750 cum
2460 1693 2855 1751 adolescente
2925 1694 3055 1751 illo.
3127 1694 3419 1765 Egressus
3470 1698 3676 1748 autem
3725 1704 3918 1748 senex

499 1792 561 1848 in
585 1805 823 1858 eremo,
853 1798 915 1849 et
958 1794 1164 1864 reperi
1213 1793 1450 1852 ibidem
1488 1798 1772 1865 stagnum
1817 1807 2147 1865 aquarum,
2187 1771 2229 1826 Β
2261 1791 2461 1848 cernit
2516 1791 2770 1848 fratrem
2825 1791 3004 1849 illum
3051 1796 3408 1863 peccantem
3457 1804 3600 1847 cum
3650 1789 3915 1860 parvulo

498 1893 560 1945 et
612 1889 879 1946 insulam
934 1890 998 1946 in
1058 1891 1263 1948 medio
1307 1890 1463 1948 eius.
1516 1890 1854 1948 Veniebant
1895 1904 2149 1962 quoque

497 1985 741 2043 diversa
803 1987 1097 2044 animalia
1151 1988 1370 2057 eremi,
1433 1994 1493 2046 et
1556 1989 1853 2046 bibebant
1910 2002 1985 2045 ex
2048 2002 2143 2044 eo.

497 2083 661 2139 Inter
704 2098 865 2155 quae
901 2085 1025 2141 vidi
1075 2086 1230 2143 duos
1275 2086 1560 2143 homines
1616 2087 1836 2153 nudos,
1885 2091 1941 2142 et
1993 2099 2151 2143 con-

497 2183 752 2238 tremuit
813 2196 1044 2252 corpus
1097 2198 1306 2241 meum
1358 2199 1370 2248 ;
1422 2185 1718 2255 putabam
1763 2184 1953 2250 enim,
2003 2183 2149 2255 quia

499 2277 761 2347 spiritus
801 2285 963 2337 sunt.
1014 2277 1294 2352 Cumque
1337 2281 1635 2338 vidissent
1680 2281 1769 2338 illi
1817 2296 1916 2337 me
1960 2280 2147 2352 trepi-

498 2375 768 2441 dantem,
819 2376 1007 2434 locuti
1052 2384 1192 2435 sunt
1236 2378 1311 2434 ad
1357 2393 1456 2435 me
1499 2379 1774 2436 dicentes
1825 2395 1838 2435 :
1886 2379 2020 2437 Noli
2070 2378 2149 2435 ti-

497 2487 717 2541 mere;
765 2479 826 2530 et
869 2488 979 2532 nos
1024 2475 1191 2532 enim
1241 2476 1524 2532 homines
1567 2491 1803 2534 sumus.
1858 2477 1988 2533 Dixi
2038 2476 2150 2532 ita-

496 2585 620 2642 que
651 2571 818 2628 illis:
856 2572 1028 2630 Unde
1057 2574 1225 2638 estis,
1260 2574 1657 2646 etquomodo
1698 2573 1760 2630 in
1808 2574 1965 2630 hanc
2009 2588 2140 2630 ere-

498 2682 672 2726 mum
703 2669 959 2727 venistis
991 2669 1020 2728 ‘?
1050 2671 1162 2739 Qui
1196 2671 1487 2728 dixerunt
1525 2690 1536 2726 :
1575 2673 1650 2728 l)e
1687 2671 1994 2729 coenobio
2025 2671 2148 2728 fui-

499 2779 660 2833 mus,
685 2772 746 2823 et
775 2767 971 2824 factus
995 2774 1086 2825 est
1116 2769 1297 2826 nobis
1328 2783 1688 2836 consensus,
1723 2775 1782 2828 et
1805 2769 2034 2842 egressi
2051 2783 2152 2826 su-

500 2879 638 2921 mus
667 2865 810 2930 huc,
837 2881 979 2922 ecce
1008 2868 1416 2939 quadraginta
1461 2869 1604 2925 anni
1651 2875 1812 2926 sunt.
1864 2868 2003 2924 Erat
2047 2883 2153 2924 au-

498 2969 620 3020 tem
650 2977 809 3019 unus
833 2977 908 3019 ex
942 2963 1092 3034 ipsis
1121 2965 1474 3036 Aegyptius,
1501 2966 1662 3023 alius
1691 2981 1838 3023 vero
1863 2966 2145 3036 Libycus.

500 3060 1039 3132 lnterrogaverunt
1095 3067 1300 3119 autem
1356 3077 1457 3121 me
1511 3070 1569 3121 et
1624 3063 1742 3136 ipsi
1799 3064 2077 3120 dicentes
2133 3081 2145 3119 :

496 3157 821 3225 Quomodo
856 3164 947 3215 est
990 3160 1279 3224 mundus.
1327 3166 1390 3218 et
1431 3161 1481 3218 si
1528 3161 1802 3218 ascendit
1848 3176 2007 3233 aqua
2053 3174 2147 3217 se-

495 3255 771 3311 cundum
804 3261 1049 3327 tempus
1090 3272 1298 3315 suum.
1331 3258 1382 3315 si
1423 3259 1609 3314 etiam
1657 3259 1843 3316 habet
1883 3258 2152 3315 mundus

496 3351 942 3408 abundantiam
1017 3368 1195 3410 suam
1244 3353 1273 3411 ‘I
1328 3355 1634 3425 Respondi
1699 3355 1775 3411 iis
1833 3373 1843 3410 :
1926 3355 2143 3412 Etiam.

499 3447 664 3515 Quos
719 3454 780 3504 et
841 3463 953 3520 ego
1012 3451 1383 3524 interrogavi
1445 3469 1456 3507 :
1515 3452 1841 3520 Quomodo
1896 3466 2146 3524 possum

495 3543 630 3600 ﬁeri
686 3546 1026 3604 monachus
1066 3545 1096 3606 ‘2
1146 3547 1367 3606 Dicunt
1413 3550 1566 3607 mihi
1618 3569 1628 3608 :
1680 3550 1805 3607 Nisi
1858 3551 2001 3622 quis
2055 3565 2150 3606 re-

495 3641 872 3700 nuntiaverit
935 3647 1251 3711 omnibus,
1319 3662 1479 3718 quae
1545 3648 1607 3704 in
1680 3647 1914 3706 mundo
1979 3653 2144 3718 sunt,

497 3753 615 3796 non
665 3747 864 3811 potest
916 3742 1050 3799 ﬁeri
1098 3745 1461 3803 monachus.
1506 3745 1742 3815 Quibus
1784 3744 1912 3802 dixi
1964 3768 1974 3805 :
2027 3747 2147 3818 Ego

496 3835 783 3896 inﬁrmus
833 3855 974 3898 sum
1028 3848 1088 3898 et
1141 3857 1263 3901 non
1319 3857 1570 3915 possum
1627 3844 1787 3901 sicut
1845 3859 1972 3903 vos.
2042 3845 2148 3902 lle-

494 3937 880 4008 sponderunt
920 3939 1076 3997 mihi
1119 3941 1221 3998 :Si
1263 3956 1381 4000 non
1435 3949 1608 4014 potes
1641 3943 1801 4002 sicut
1837 3960 1968 4011 nos,
2003 3944 2149 4002 sede

493 4034 556 4091 in
601 4036 756 4092 cella
787 4042 888 4093 tua
934 4044 993 4093 et
1039 4039 1256 4110 plange
1302 4045 1552 4110 peccata
1594 4047 1719 4099 tua.
1770 4041 2146 4114 Interrogavi

493 4144 642 4200 ergo
685 4145 791 4188 eos
834 4132 1092 4190 dicens:
1139 4135 1206 4192 In
1252 4136 1458 4192 hieme
1502 4152 1622 4196 non
1668 4139 1910 4196 sentitis
1954 4135 2150 4210 frigus

495 4232 602 4283 aut
643 4228 707 4283 in
751 4234 979 4285 aestate
1023 4245 1145 4288 non
1190 4232 1543 4290 incenditur
1586 4249 1818 4305 corpus
1871 4243 2146 4292 vestrum

497 4323 558 4379 in
600 4330 884 4382 caumate
911 4324 940 4382 Ῡ
971 4327 1043 4381 At
1085 4327 1176 4384 illi
1213 4328 1543 4387 dixerunt:
1586 4333 1737 4388 Deus
1783 4331 1924 4388 fecit
1966 4331 2148 4388 nobis

2261 1888 2394 1955 illo,
2438 1895 2498 1946 et
2552 1903 2673 1945 non
2717 1903 2859 1946 eum
2920 1889 3262 1960 increpavit
3314 1887 3571 1945 dicens:
3607 1886 3667 1944 Si
3733 1887 3915 1956 Deus,

2260 1988 2367 2058 qui
2425 1987 2751 2058 plasmavit
2797 2002 2926 2053 eos,
2976 1987 3192 2044 videns
3246 1985 3605 2058 patientiam
3663 1985 3726 2041 in
3781 1984 3912 2041 illis

2261 2084 2500 2155 habuit,
2561 2085 2692 2156 qui,
2765 2085 2815 2142 si
2899 2086 3100 2151 vellet,
3166 2083 3524 2142 incenderet
3593 2096 3719 2146 eos,
3786 2095 3904 2154 ego

2261 2182 2399 2253 quis
2425 2196 2586 2248 sum,
2621 2183 2727 2254 qui
2756 2197 3011 2254 arguam
3046 2197 3154 2240 eos
3192 2181 3272 2248 (6)
3305 2178 3336 2238 εἴ
3367 2202 3390 2233 η
3433 2180 3626 2238 Huius
3666 2179 3868 2236 facino

2264 2279 2349 2335 ris
2379 2281 2571 2337 ceteri
2602 2281 2801 2338 fontes
2841 2281 3212 2337 memoriam
3245 2295 3368 2337 non
3399 2278 3651 2336 faciunt.

2343 2377 2504 2434 Libri
2589 2379 2743 2435 sexti
2814 2379 3124 2449 interpres
3199 2377 3424 2433 latinus
3490 2381 3582 2433 est
3650 2375 3908 2433 Ioannes

2261 2475 2700 2543 subdiaconus,
2757 2489 2947 2548 quem
3018 2474 3275 2549 Pelagii,
3338 2472 3696 2544 interpretis
3764 2472 3914 2529 libri

2260 2571 2487 2643 quinti,
2545 2575 2874 2646 aequalem
2930 2573 3116 2630 fuisse
3171 2572 3526 2629 existimant
3575 2568 3684 2644 (7).
3742 2569 3910 2627 Sexti

2261 2684 2513 2742 quoque
2567 2671 2712 2728 libri
2767 2675 3000 2728 textum
3056 2683 3346 2742 graecum
3405 2667 3655 2726 Photius
3705 2667 3914 2724 laudat

2265 2765 2374 2842 (8).

2343 2863 2370 2941 §
2417 2868 2514 2923 35.
2549 2865 2732 2925 Libro
2780 2867 3049 2939 septimo
3093 2880 3199 2923 sex
3247 2865 3326 2923 de
3376 2862 3656 2922 Macariis
3713 2863 3922 2920 conti-

2265 2969 2488 3021 nentur
2541 2964 2857 3023 historiae.
2891 2980 2924 3022 e
2956 2964 3185 3037 quibus
3238 2969 3443 3020 tamen
3497 2961 3636 3019 novi
3686 2975 3915 3030 parum

2263 3061 2584 3130 discimus,
2632 3077 2828 3135 quum
2873 3078 2996 3120 una
3039 3063 3172 3119 sola
3219 3068 3474 3135 excepta
3517 3072 3738 3116 omnes
3789 3058 3920 3115 iam

2263 3161 2784 3218 recensuerimus.
2830 3161 3125 3217 Narratur
3158 3158 3327 3215 enim
3363 3158 3441 3214 de
3479 3154 3730 3213 diabolo
3778 3155 3917 3212 fra-

2261 3263 2386 3315 tres
2414 3258 2714 3315 invisente
2747 3265 2931 3330 atque
2971 3257 3235 3315 Macario
3271 3255 3570 3328 Aegyptio
3606 3269 3671 3311 se
3703 3253 3914 3311 solum

2264 3374 2292 3408 a
2332 3355 2735 3427 Theopistum
2784 3375 2812 3409 ι)
2849 3355 3124 3413 amicum
3165 3355 3397 3412 habere
3438 3351 3762 3424 profitente
3794 3351 3915 3426 (9),

2259 3452 2336 3508 de
2382 3453 2536 3517 fure.
2573 3468 2759 3525 quem
2804 3454 2972 3511 idem
3031 3451 3333 3510 Macarius
3378 3450 3437 3508 in
3489 3451 3645 3508 cella
3693 3450 3920 3520 depre—

2259 3550 2472 3608 llendit
2498 3547 2648 3625 (10),
2684 3551 2760 3609 de
2802 3551 3052 3609 diabolo
3083 3551 3212 3608 sola
3245 3550 3418 3606 illius
3457 3547 3808 3605 humilitate
3846 3562 3917 3604 se

2259 3648 2420 3704 vinci
2476 3649 2698 3706 fatente
2750 3647 2898 3725 (11),
2953 3650 3028 3706 de
3093 3647 3342 3713 Cronio,
3397 3647 3504 3719 qui
3577 3646 3640 3703 in
3708 3643 3915 3716 Pispir

2257 3746 2562 3804 coenobio
2622 3746 2956 3804 Macarium
3017 3745 3265 3804 Antonii
3334 3744 3692 3801 ministrum
3760 3756 3915 3799 con-

2257 3844 2423 3900 venit
2464 3841 2611 3919 (l2),
2641 3845 2718 3901 de
2746 3844 2993 3902 Macarii
3030 3842 3312 3916 Aegyptii
3357 3839 3764 3914 expositione,
3797 3854 3919 3898 cur

2259 3941 2686 4000 recordatione
2751 3943 3059 4000 malorum
3127 3955 3161 3999 a
3209 3941 3462 3998 diabolo
3529 3938 3916 3996 inﬂictorum

2259 4039 2601 4098 memoriae
2645 4056 2766 4098 non
2812 4053 3146 4099 noceamus
3193 4035 3341 4115 (l3).
3375 4039 3671 4108 Superest
3721 4035 3916 4107 igitur

2259 4139 2387 4195 sola
2415 4139 2567 4194 haec
2600 4138 2857 4196 historia
2889 4154 2901 4195 :

2345 4255 2366 4286 ι
2401 4234 2622 4293 Beatus
2654 4237 2952 4294 Macarius
2995 4236 3195 4294 dixit:
3232 4235 3297 4293 In
3347 4236 3603 4292 veritate
3649 4232 3700 4289 si
3747 4230 3912 4288 facta

2256 4337 2346 4388 est
2385 4333 2693 4391 monacho
2760 4331 2932 4402 158
2985 4334 3301 4407 despectio
3349 4333 3526 4406 quasi
3568 4332 3721 4402 laus,
3746 4342 3919 4400 pau-

495 4420 653 4476 hanc
695 4420 1250 4494 dispensationem,
1299 4433 1364 4482 ut
1407 4442 1609 4499 neque
1665 4427 1726 4484 in
1782 4428 1988 4486 hieme
2041 4429 2145 4486 fri-
2175 4471 2224 4524 ,Β
2255 4436 2462 4502 pertas
2501 4432 2662 4488 sicut
2695 4432 2946 4499 divitae,
2983 4431 3192 4505 inopia
3236 4432 3396 4490 sicut
3446 4429 3692 4502 epulae,
3746 4440 3922 4484 nun-

494 4530 607 4589 gus
668 4532 870 4590 neque
931 4525 1159 4580 aestate
1219 4524 1508 4582 ardorem
1567 4526 1927 4584 sentiamus.
1979 4527 2148 4586 Ideo-

2255 4542 2443 4599 quam
2498 4530 2784 4586 moritur.
2839 4529 3229 4602 Impossibile
3279 4535 3394 4594 est,
3447 4529 3602 4585 bene
3650 4522 3917 4583 creden-

495 4629 618 4687 que
661 4615 791 4673 dixi
837 4617 1033 4686 vobis,
1082 4621 1230 4694 quia
1272 4636 1386 4693 ego
1425 4624 1712 4681 nundum
1760 4624 1953 4683 factus
2007 4641 2144 4684 sum
2253 4630 2379 4683 tem
2428 4632 2489 4684 et
2530 4626 2631 4698 pie
2673 4627 2979 4685 colentem
3032 4628 3220 4685 Deum
3273 4626 3500 4684 cadere
3546 4624 3609 4681 in
3667 4621 3911 4694 passio-

567 4763 647 4833 (1)
702 4765 808 4818 vv.
839 4765 939 4819 μρ.
975 4767 1167 4821 Rosw.
1205 4767 1307 4822 lib.
1373 4767 1635 4824 Vllibell.
1670 4774 1723 4836 3,
1769 4775 1804 4826 4
1844 4772 2143 4842 p.653,1.

567 4851 648 4922 (2)
694 4853 933 4908 Coteler.
971 4856 1119 4909 Eccl.
1154 4857 1356 4912 Graec.
1393 4859 1538 4912 Mon.
1577 4861 1634 4914 Τ.
1678 4859 1698 4913 Ι
1752 4877 1809 4931 p.
1853 4863 1956 4917 5'26
1983 4881 2028 4917 s.
2087 4877 2143 4916 ν.

495 4940 1134 5012 ΜαεωῄιδΑεθῃριίω
1159 4952 1184 5013 §
1206 4946 1255 5000 II
1289 4962 1303 5010 ;
1347 4947 1496 5002 infra
1517 4948 1574 5002 in
1602 4949 1814 5005 harum
1845 4953 2146 5016 Quaestio-

492 5044 643 5084 num
675 5032 1017 5101 Appendica
1049 5033 1233 5089 altera
1264 5036 1379 5090 sub
1423 5036 1511 5091 III.

569 5119 645 5186 (3)
685 5119 830 5175 Hist.
871 5122 1040 5176 Laus.
1069 5121 1167 5176 ed.
1203 5125 1413 5179 Meurs.
1441 5142 1576 5196 cap.
1633 5129 1701 5182 l2
1756 5130 1906 5200 Opp.
1937 5132 2143 5185 Meurs.

494 5206 532 5262 l.
567 5209 608 5263 1.
642 5225 701 5278 p.
734 5209 911 5273 373,1
943 5225 1076 5281 sqq.

569 5295 646 5365 (4)
671 5295 753 5351 Cf.
797 5312 981 5366 supra
1011 5301 1035 5363 5
1061 5298 1092 5352 3
1118 5314 1173 5370 p.
1201 5301 1238 5354 4
1275 5317 1366 5372 sq.

569 5383 646 5452 (5)
690 5385 882 5454 Supra
911 5385 1029 5447 S33
1057 5405 1113 5458 p.
1151 5390 1270 5446 143.

495 5471 664 5616 66(‘6)I
726 5474 830 5528 VV.
903 5477 999 5529 PP.
1053 5479 1252 5533 Rosw.
1313 5480 1416 5535 lib.
1482 5483 1542 5536 VI
1596 5483 1775 5540 libell.
1831 5486 1881 5550 4,
1951 5488 2019 5542 34
2088 5504 2144 5560 p.

606 5602 620 5616 .
671 5578 801 5616 .sa.

570 5562 620 5626 1,
643 5561 683 5614 I.
709 5578 801 5633 sq.

565 5649 645 5720 (7)
674 5649 828 5708 Ibid.
855 5654 1091 5727 ProIeg.
1125 5655 1237 5713 XIV
1271 5658 1492 5730 p.XLII.

2255 4820 2263 4828 .
2326 4776 2402 4846 (3)
2429 4775 2571 4830 Bibl.
2593 4776 2726 4831 cod.
2757 4776 3027 4832 CXCVIII.

2325 4865 2404 4935 (9)
2453 4864 2564 4920 VV.
2594 4866 2696 4919 PP.
2736 4868 2922 4921 Rosw.
2956 4866 3056 4920 lib.
3090 4866 3176 4919 VII
3209 4879 3344 4936 cap.
3377 4865 3427 4927 1,
3454 4861 3487 4918 8
3513 4877 3568 4933 p.
3603 4861 3727 4922 665,
3754 4859 3811 4911 2.

2325 4953 2438 5024 (το)
2467 4954 2615 5008 Ibid.
2638 4954 2740 5008 lib.
2775 4955 2863 5008 VII
2904 4971 3038 5024 cap.
3071 4956 3172 5018 3,l
3215 4969 3271 5023 p.
3303 4952 3431 5018 666,
3462 4953 3516 5005 2.

2326 5043 2439 5113 (ll)
2464 5042 2610 5097 Ibid.
2645 5044 2749 5098 lib.
2796 5043 2887 5097 VII
2921 5060 3047 5114 cap.
3075 5042 3162 5106 l3,
3192 5045 3227 5097 6
3259 5059 3311 5113 p.
3342 5042 3467 5105 670,
3497 5042 3550 5094 a.

2323 5132 2441 5202 (l2)
2475 5131 2624 5186 Ibid.
2661 5132 2750 5186 vn
2783 5132 3035 5203 cap.lib.
3070 5133 3154 5196 l9,
3190 5133 3222 5186 3
3251 5131 3462 5201 p.673,
3494 5132 3548 5185 2.

2326 5220 2439 5291 (13)
2504 5219 2650 5275 Ibid.
2692 5220 2792 5276 lib.
2821 5221 2911 5274 VII
2959 5237 3093 5292 cap.
3128 5221 3218 5286 37,
3245 5223 3279 5274 4
3326 5236 3387 5290 p.
3433 5219 3560 5283 681,
3603 5217 3656 5270 2.
3697 5215 3930 5268 Recen-

2256 5310 2488 5364 suimus
2538 5311 2802 5381 quinque
2846 5307 2975 5365 illas
3023 5310 3297 5364 historias
3347 5323 3528 5378 supra
3557 5309 3582 5370 ε
3611 5305 3679 5360 32
3706 5318 3763 5373 p.
3815 5300 3927 5360 133

2255 5398 2402 5470 333
2455 5415 2510 5469 p.
2568 5399 2878 5467 l48;§32
2944 5399 3145 5468 p.133
3198 5397 3445 5470 sq.§33
3510 5393 3934 5467 p.148;§32

2258 5505 2316 5560 p.
2379 5488 2476 5543 139
2526 5503 2618 5558 sq.
2660 5488 2772 5549 $33
2805 5506 2863 5558 p.
2899 5488 3002 5544 148
3043 5489 3209 5552 ;§25
3234 5505 3291 5559 p,
3327 5487 3430 5541 106
3451 5502 3540 5557 sq.
3576 5493 3600 5553 ς
3631 5490 3696 5540 29
3720 5502 3779 5556 ρ.
3820 5485 3932 5540 HQ

2255 5586 2287 5646 ,ε
2310 5578 2376 5632 33
2407 5593 2464 5648 ρ.
2498 5577 2619 5631 148.
