4094 6208
177 276 266 335 149
1752 277 1990 337 'VI‘I‘A‘E.

3478 283 3595 353 A50

142 421 282 467 nem
302 406 719 469 immundam
751 413 811 466 et
839 408 1212 468 in.errorem
1259 408 1638 470 daemonum
1692 404 1802 483 (I).
1840 409 1877 459 Α
1917 406 2115 465 edidit
2194 403 2347 481 (43),
2394 406 2781 469 :bPeVissime
2842 410 3015 484 loqui
3083 411 3367 471 sufﬁciet.
3427 409 3585 473 Cum

141 505 302 561 ldem
375 505 442 561 in
526 506 849 564 sententiis
923 512 1169 578 patrum
1238 509 1691 581 Aegyptiorum
1760 520 1808 565 .a

138 601 469 659 Rosweido
501 600 591 677 (2)
622 603 776 661 etin
829 605 1387 679 Apophthegmatis
1413 622 1447 664 a
1491 603 1806 665 Cotelerio

140 698 227 774 (3)
259 700 455 757 editis
484 701 785 759 occurrit.

208 797 384 866 Quae
466 797 695 859 deinde
742 800 807 858 in
868 800 1032 860 libro
1084 804 1350 876 septimo
1406 803 1484 860 de
1538 800 1805 860 Macario

136 897 503 963 camelario,
565 898 671 970 qui
733 899 971 957 nitrum
1030 898 1267 959 iuratus
1313 901 1414 967 sit,
1478 899 1808 958 traduntur

138 992 243 1069 (4),
293 994 374 1051 ad
427 1000 722 1053 neutrum
768 1012 841 1055 ex
904 998 1150 1065 nostris,
1212 998 1319 1057 sed
1351 998 1427 1057 ad
1468 998 1805 1057 Macarium

138 1091 481 1157 iuniorem,
522 1094 627 1165 iui
676 1094 751 1152 ad
784 1110 1018 1155 annum
1061 1112 1257 1169 usque
1298 1097 1515 1155 aetatis
1562 1095 1807 1154 duode-

139 1189 513 1262 vigesimum
575 1208 800 1264 pecora
855 1200 1130 1267 paverat,
1194 1195 1483 1254 videntur
1524 1200 1807 1267 spectare

146 1286 254 1363 (5).
286 1289 543 1347 Latinus
587 1297 796 1350 autem
850 1292 1160 1367 intrepres
1218 1295 1364 1352 libri
1421 1293 1671 1367 septimi
1714 1298 1804 1351 est

136 1388 500 1445 Paschasius
528 1388 848 1461 diaconus,
897 1407 1086 1465 quem
1134 1392 1321 1451 etiam
1352 1393 1603 1451 saeculo
1632 1396 1804 1449 sexto

137 1488 358 1546 vixisse
387 1488 555 1545 haud
589 1496 826 1547 temere
857 1491 1119 1550 credunt
1154 1490 1258 1567 (6).

210 1584 396 1661 §36.
485 1586 570 1643 Ex
660 1587 1091 1646 Rosweidiana
1177 1590 1543 1648 collectione
1634 1590 1802 1647 solus

140 1682 590 1740 sententiarum
650 1680 1103 1759 Aegyptiorum
1154 1693 1401 1760 patrum
1444 1687 1606 1745 liber
1649 1702 1800 1745 exa—

139 1779 478 1838 minandus
562 1789 769 1840 restat.
859 1783 970 1842 Ubi
1043 1785 1119 1842 de
1196 1786 1481 1844 Macariis
1529 1792 1799 1859 quatuor

132 1884 369 1935 lantum
416 1879 571 1937 locis
618 1880 907 1947 traditur,
943 1897 1214 1954 quorum
1273 1890 1397 1941 tres
1428 1883 1796 1943 sententiam

134 1977 442 2048 Aegyptii,
518 1993 632 2035 cur
675 1980 1104 2038 recordatione
1174 1982 1483 2040 malorum
1551 1998 1585 2038 a
1654 1982 1799 2039 dae-

133 2088 314 2131 mone
375 2074 759 2133 inﬂictorum
826 2078 1171 2136 memoriae
1250 2080 1375 2137 vim
1422 2094 1544 2137 non
1592 2079 1798 2137 laeda-

132 2186 265 2229 mus
314 2172 423 2247 (7),
477 2174 759 2231 eiusdem
819 2175 1191 2242 doctrinam,
1252 2178 1621 2235 iracundum
1672 2177 1794 2235 sibi

132 2271 333 2342 ipsum
370 2268 739 2347 nocere.(8),
787 2272 1091 2345 illudque,
1141 2275 1311 2348 quod
1370 2274 1557 2333 modo
1609 2276 1795 2333 audi-

134 2368 351 2432 vimus,
390 2368 630 2427 dictum
687 2369 766 2427 de
810 2372 1128 2445 monacho.
1184 2373 1459 2443 perfecto
1518 2370 1603 2446 (9)
1648 2388 1793 2445 per-

134 2467 347 2523 bibent
380 2464 544 2541 (I0).
582 2466 847 2535 Quartus
869 2483 1019 2527 vero
1050 2470 1152 2528 hic
1176 2476 1266 2527 est
1316 2492 1327 2524 :

204 2583 235 2617 α
274 2564 581 2622 Dicebant
612 2579 725 2637 pro
752 2567 977 2625 abbate
1010 2568 1309 2625 Macarios
1342 2568 1600 2638 maiore,
1645 2570 1793 2643 quia

132 2662 284 2720 sicut
352 2662 514 2719 Deus
570 2664 838 2735 protegit
862 2669 1059 2722 totum
1115 2667 1417 2724 mundum
1471 2672 1533 2724 et
1591 2672 1795 2739 portat

134 2768 382 2830 peccata
435 2760 786 2827 hominum,
869 2762 953 2820 ita
1006 2768 1063 2820 et
1139 2763 1248 2822 ille
1308 2765 1486 2837 quasi
1534 2766 1793 2838 quidam

137 2858 284 2914 Deus
316 2864 608 2915 terrenus
675 2859 787 2916 fuit
831 2861 893 2917 in
956 2858 1281 2929 fratribus,
1339 2863 1631 2935 operiens
1688 2865 1793 2921 de-

136 2956 269 3011 licta
300 2956 589 3022 illorum,
624 2962 685 3014 et
736 2972 830 3027 ea,
878 2973 1038 3030 quae
1084 2958 1332 3017 videbat
1357 2960 1447 3016 vel
1475 2960 1792 3031 audiebat,

137 3053 303 3124 quasi
340 3069 468 3111 non
500 3054 716 3112 videns
744 3061 807 3114 et
862 3070 984 3114 non
1036 3057 1298 3116 audiens
1354 3061 1502 3133 (11).
1556 3078 1587 3113 »
1618 3059 1791 3129 Quod

144 3156 428 3208 narratur
504 3153 691 3210 etiam
758 3155 819 3210 in
904 3155 1459 3227 Apophthegmatis
1532 3162 1704 3234 159
1763 3171 1797 3213 a

143 3249 448 3307 Cotelerio
506 3250 691 3308 editis
742 3250 897 3326 (l2),
938 3258 1000 3310 et
1043 3267 1188 3310 cum
1234 3253 1482 3320 ceteris,
1530 3270 1690 3327 quae
1720 3255 1797 3313 de

140 3346 407 3404 Macario
444 3347 744 3420 Aegyptio
789 3348 1073 3421 legimus,
1111 3350 1269 3409 bene
1321 3352 1632 3411 convenit.

214 3443 336 3501 Sed
394 3458 561 3503 nunc
619 3446 1155 3519 Apopbthegmata
1209 3464 1245 3506 a
1310 3449 1564 3508 Possino
1638 3456 1697 3508 et
1764 3464 1801 3508 a

142 3541 458 3601 Gotelerio
503 3542 672 3601 edita
702 3544 1127 3616 inspiciamus.

815 3642 1059 3703 CAPUT
1114 3645 1233 3701 VII.

130 3752 726 3797 ΑΡΟΡΗΤΗΕΟΜΑΤΛ
771 3757 811 3796 Α
843 3755 1113 3799 POSSINO
1197 3758 1279 3799 ET
1360 3760 1399 3800 Α
1444 3758 1800 3803 COTELERIO

208 3851 430 3902 EDITA,
497 3852 757 3893 INEDITA
836 3852 1129 3898 CODICUM
1202 3854 1799 3900 VINDOBONENSIUM

208 3950 293 3991 AP
303 3950 427 3991 PBN
437 3950 543 3991 DIX
555 3950 898 3993 COTELERII
915 3951 1500 3999 APOPHTHEGMATU
1510 3954 1557 3995 Μ
1568 3980 1582 4006 ,
1607 3955 1801 3998 VITAE

206 4045 621 4091 SANCTORUM
669 4048 749 4090 DE
817 4047 1089 4097 SANCTIS
1151 4051 1427 4094 MACARII
1474 4051 1800 4097 AEGYPTIO

209 4146 296 4189 ΕΤ
339 4145 835 4192 ALEXANDRINO.

208 4226 239 4304 ς
306 4230 408 4287 37.
469 4225 561 4285 De
606 4230 1164 4303 Apophthegmatis
1224 4231 1501 4302 Macarii,
1566 4247 1729 4306 quae
1765 4247 1802 4292 e

151 4326 371 4385 codice
400 4324 739 4399 collegiis.
802 4327 846 4386 I.
896 4328 1156 4388 Romani
1212 4329 1499 4389 Possinus
1558 4332 1803 4403 primus

202 4510 281 4579 (1)
318 4509 433 4563 VV.
494 4510 595 4564 PP.
630 4512 824 4565 Rosw.
853 4510 959 4565 lib.
993 4510 1100 4566 VllI
1141 4527 1274 4583 cap.
1304 4512 1392 4580 38,
1433 4516 1465 4567 2
1492 4530 1546 4584 p.
1573 4517 1697 4580 682,
1748 4515 1797 4569 1.

196 4599 275 4668 (2)
300 4598 459 4654 Ibid.
484 4599 732 4671 Aegypt.
759 4604 998 4671 patrum
1019 4601 1345 4659 sententiae
1367 4603 1434 4657 23
1463 4619 1526 4672 p.
1564 4604 1717 4667 I003,
1746 4604 1799 4659 1.

198 4687 278 4757 (3)
307 4687 553 4741 Coteler.
591 4689 740 4742 Eccl.
775 4690 956 4744 Graec
1044 4690 1205 4746 Mon.
1267 4692 1327 4745 Τ.
1360 4692 1380 4745 I
1415 4709 1472 4762 p.
1502 4692 1604 4749 537
1636 4711 1684 4749 s.
1743 4710 1797 4748 ν.

133 4776 448 4831 Macarius
476 4776 800 4847 Aegyptius
829 4786 853 4848 ε
884 4780 967 4835 XX
1002 4798 1014 4837 :
1050 4778 1205 4837 infra
1230 4779 1297 4837 .in
1338 4780 1554 4836 barum
1586 4785 1801 4847 Quaes-

137 4865 369 4921 tionum
404 4866 748 4935 Appendice
778 4866 963 4923 altera
984 4868 1098 4923 sub
1137 4868 1230 4923 III.

198 4953 282 5023 (4)
330 4954 440 5007 VV.
482 4952 585 5007 PP.
623 4956 815 5011 Rosw.
850 4954 953 5011 lib.
990 4956 1089 5010 VII
1121 4972 1256 5030 cap.
1286 4959 1373 5027 I2,
1426 4962 1458 5013 2
1492 4974 1548 5029 p.
1581 4958 1707 5025 669,
1740 4963 1794 5016 2.

202 5042 282 5111 (5)
314 5041 459 5095 Hist.
496 5042 675 5099 Laus.
738 5044 829 5100 ad.
865 5047 1071 5103 Meurs.
1128 5061 1262 5119 cap.
1304 5044 1362 5099 l8
1398 5048 1552 5117 Opp.
1583 5050 1794 5105 Meurs.

124 5134 161 5189 ι.
196 5131 241 5185 Ι.
278 5147 338 5201 ρ.
372 5131 505 5187 385.
545 5131 626 5188 Cf.
662 5148 847 5203 supra
878 5148 933 5204 p.
969 5135 1090 5193 105.

192 5219 271 5289 (6)
302 5221 411 5274 νν.
442 5222 540 5275 PP.
572 5223 764 5277 Rosw.
792 5222 1015 5291 Proleg.
1056 5223 1167 5278 XIII
1200 5238 1258 5294 p.
1290 5223 1480 5280 XLIII.

195 5309 277 5379 (7)
306 5308 414 5363 vv.
452 5310 556 5365 PP.
602 5312 795 5373 Bosw.
837 5316 892 5375 l5
923 5327 981 5383 p.
1020 5316 1172 5382 1003,
1206 5314 1257 5366 I.

199 5400 276 5467 (8)
302 5397 451 5453 Ibid.
482 5400 549 5454 ιδ
581 5414 641 5469 ρ.
683 5402 840 5463 1003,
877 5405 925 5455 ι.

196 5486 276 5557 (9)
304 5486 457 5542 Ibid.
486 5490 553 5543 23
582 5503 645 5559 p.
670 5488 830 5551 4003,
871 5492 922 5543 2.

195 5575 308 5646 (10)
337 5577 772 5633 Recensuimus
794 5592 896 5632 eos
910 5593 1093 5648 supra
1114 5585 1138 5645 ε
1163 5579 1231 5635 29
1258 5595 1316 5652 ρ.
1344 5581 1443 5637 119
1464 5581 1572 5647 S33
1596 5595 1656 5652 p.
1686 5581 1791 5639 147

128 5679 216 5735 sq.
252 5664 363 5729 335
400 5682 466 5737 p.
536 5666 829 5732 1257;347
860 5666 1010 5739 p.65
1060 5667 1175 5739 $32
1204 5686 1262 5740 p.
1300 5669 1549 5741 132§33
1583 5672 1789 5742 p.147

1914 508 2082 567 enim
2127 505 2472 569 didncticae
2528 509 2707 580 plane
2767 508 2995 566 indolis
3049 510 3195 573 sint.
3253 516 3314 568 et
3382 526 3418 568 a
3461 510 3591 568 Pri-

1917 607 2003 666 tio
2072 607 2227 684 (11),
2270 621 2382 664 nec
2456 620 2576 663 non
2662 606 2726 665 in
2807 606 3113 665 Gallandii
3200 607 3586 667 Bibliotheca

1916 706 2002 764 PP
2027 706 2180 783 (15),
2235 704 2443 765 denuo
2472 716 2699 761 excusa
2730 703 2911 761 facile
2972 705 3360 779 evolvantur,
3391 720 3465 764 ea
3492 705 3583 763 in-

1914 811 2083 877 tegra
2137 802 2497 861 adscribere
2558 800 2901 861 noluimus.
2952 803 3258 873 Leguntur
3322 817 3470 863 vero
3516 802 3584 862 in

1916 902 1993 961 iis
2036 902 2219 961 eﬂ‘ata
2277 900 2528 959 Macarii
2591 918 2621 951 ‹‹
2660 899 2885 971 magni,
2934 919 2964 953 υ
2998 900 3040 957 i.
3077 916 3134 959 e.
3170 900 3453 973 Aegyptii
3505 901 3583 957 de

1918 1001 2298 1073 perfectione
2350 998 2663 1063 monachi,
2716 998 2792 1055 de
2841 997 2976 1055 eius
3018 998 3463 1063 consolatione,
3505 998 3583 1056 de

1914 1099 2385 1158 conversatione
2446 1111 2592 1155 cum
2634 1095 2913 1167 senibus,
2987 1095 3064 1152 de
3149 1096 3467 1167 patientia,
3506 1096 3584 1154 de

1914 1212 2129 1257 amore
2161 1210 2331 1262 vero,
2392 1195 2470 1253 de
2528 1195 2585 1251 vi
2632 1192 2938 1253 orationis
3009 1198 3071 1251 et
3101 1193 3458 1266 patientiae,
3505 1193 3583 1251 de

1913 1295 2354 1360 taciturnitate,
2412 1293 2489 1351 de
2568 1291 2891 1350 sanctitate
2969 1291 3104 1349 sine
3182 1288 3466 1348 doctrina
3524 1295 3587 1347 et

1912 1393 2195 1453 doctrina
2256 1391 2389 1453 sine
2468 1390 2812 1456 sanctitate,
2881 1390 2959 1446 de
3053 1403 3174 1447 non
3230 1387 3583 1460 appetenda

1911 1491 2301 1563 praefectura
2346 1488 2820 1553 monachorum,
2880 1487 2957 1545 de
3017 1486 3319 1545 oratione.
3384 1488 3583 1559 Atque

1910 1591 2130 1647 eadem
2162 1589 2222 1647 in
2248 1589 2346 1649 iis.
2383 1601 2545 1661 quae
2607 1586 2671 1644 in
2719 1585 3000 1644 homiliis
3051 1584 3300 1643 Macarii
3344 1584 3583 1657 Aegyp-

1908 1687 2001 1755 tii,
2052 1685 2547 1759 deprehenditur
2594 1684 2855 1742 indoles.
2898 1683 3013 1741 Sed
3065 1681 3364 1755 quoniam
3416 1694 3582 1754 opu-

1908 1785 2101 1854 scula,
2133 1800 2294 1858 quae
2326 1785 2443 1842 sub
2495 1781 2743 1842 Macarii
2801 1781 3084 1856 Aegyptii
3142 1779 3397 1841 nomine
3429 1780 3583 1837 Pos-

1907 1884 2082 1942 sinus
2122 1898 2199 1941 ex
2241 1882 2463 1940 eodem
2531 1879 2749 1939 codice
2806 1880 3081 1937 Romano
3130 1876 3391 1951 protulit
3423 1873 3576 1953 (16),

1907 1980 2148 2053 codice,
2203 1993 2393 2054 quem
2442 1979 2579 2051 ipse
2620 1977 3022 2043 Vindobonae
3075 1976 3199 2034 adii
3233 1972 3379 2050 (17),
3424 1978 3579 2033 teste

1912 2077 2088 2147 160
2122 2095 2158 2137 a
2205 2078 2494 2137 Simeone
2549 2077 2880 2149 Logotheta
2913 2072 2965 2141 (e
3017 2074 3270 2146 scriptis
3314 2070 3574 2131 Macarii

1910 2176 2215 2251 Aegyptii)
2262 2174 2600 2247 compilata
2652 2178 2815 2244 sunt,
2876 2172 3413 2244 Apophthegmata
3470 2168 3578 2226 illa

1905 2276 2097 2335 simili
2153 2273 2342 2333 modo
2392 2273 2655 2332 conﬂata
2715 2287 2847 2329 esse
2905 2285 3026 2329 non
3079 2275 3317 2327 temere
3369 2266 3576 2339 suspi-

1901 2387 2031 2433 cor.
2088 2375 2288 2444 Atque
2320 2371 2472 2429 haec
2516 2370 3049 2441 Apophthegmata
3097 2381 3240 2427 cum
3286 2365 3572 2425 versione

1903 2486 1937 2529 a
2022 2470 2212 2528 nobis
2280 2470 2571 2540 castigata
2644 2468 2812 2525 infra
2876 2466 2937 2523 in
2990 2467 3215 2524 harum
3266 2462 3577 2533 Quaestio-

1905 2583 2055 2628 num
2116 2566 2485 2640 Appendice
2533 2566 2727 2624 altera
2793 2565 2910 2623 sub
2960 2564 3006 2621 Il
3068 2562 3234 2636 typis
3285 2558 3577 2632 repetivi-

1909 2681 2140 2836 mgst.
2179 2765 2244 2822 In
2308 2760 2862 2835 Apophthegmatis
2913 2776 2949 2817 a
3022 2757 3331 2818 totelerio
3382 2755 3573 2815 editis

1907 2860 1980 2921 de
2025 2861 2290 2921 Macario
2362 2860 2669 2935 Aegyptio
2717 2859 2835 2917 XLI
2904 2857 3216 2930 capitibus
3260 2860 3574 2927 narratur,

1904 2975 2066 3033 quae
2132 2966 2339 3017 tamen
2414 2958 2566 3017 solis
2651 2957 2868 3015 decem
2965 2955 3245 3014 historiis
3299 2951 3578 3026 exceptis

1904 3058 2117 3117 omnia
2169 3057 2294 3115 iam
2351 3054 2756 3114 excussimus.
2815 3054 3024 3127 Neque
3078 3068 3148 3110 ea
3179 3051 3345 3124 apud
3368 3049 3575 3108 Palla-

1904 3157 2104 3218 dium.
2197 3156 2261 3212 in
2352 3154 2518 3212 libro
2577 3151 2878 3222 secundo,
2950 3152 3117 3224 apud
3185 3148 3569 3217 Cassianum,

1904 3255 1973 3314 S.
2034 3253 2511 3325 Hieronymum.
2560 3249 2911 3323 Evagrium,
2970 3248 3080 3307 sed
3121 3247 3185 3305 in
3243 3248 3373 3306 sola
3410 3244 3575 3305 anti-

1906 3366 2029 3426 qua
2081 3350 2386 3411 Historiae
2441 3348 2768 3408 Lausiacae
2802 3347 3089 3406 versione
3114 3352 3175 3404 et
3204 3345 3267 3403 in
3297 3344 3417 3401 VV.
3460 3344 3569 3403 PP.

1912 3450 2092 3508 libris
2122 3446 2681 3519 deprehendimus.
2744 3445 2915 3505 Unde
2970 3442 3449 3517 compilatorem
3509 3442 3574 3500 in

1908 3561 2099 3620 opere
2169 3560 2289 3604 suo
2340 3544 2737 3617 congerendo
2794 3557 2917 3601 non
2967 3540 3272 3615 cperibus
3309 3539 3575 3611 scripto-

1910 3660 2072 3712 rum,
2102 3643 2210 3703 sed
2238 3642 2624 3704 secundariis
2671 3646 2909 3699 tantum
2943 3640 3238 3705 fontibus,
3291 3637 3407 3695 VV.
3454 3636 3568 3695 PP.

1910 3742 2211 3801 nimirum
2244 3740 2444 3808 libris,
2481 3740 2756 3797 innisum
2786 3753 2919 3797 esse
2964 3741 3138 3796 certo
3195 3736 3416 3795 elucet.
3452 3734 3571 3795 Sed

1910 3842 2025 3900 hae
2051 3845 2195 3899 sunt
2222 3839 2441 3897 decem
2472 3837 2617 3895 illae
2650 3835 2951 3895 historiae
2985 3853 2999 3892 :

1991 3956 2022 3992 α
2052 3936 2272 3996 Petrus
2304 3936 2498 3994 abbas
2556 3933 2850 3999 narravit,
2920 3934 3175 3991 beatum
3205 3928 3566 3999 Macarium,

1909 4050 2107 4110 quum
2160 4033 2498 4106 aliquando
2556 4030 2995 4091 anachoretam
3045 4027 3359 4101 quendam
3403 4026 3572 4085 inve-

1911 4136 2101 4193 nisset
2182 4135 2625 4205 aegrotantem,
2718 4128 3099 4188 sciscitatum
3164 4141 3299 4186 esse
3338 4140 3420 4186 ex
3468 4139 3571 4195 eo,

1908 4232 2211 4307 quidnam
2282 4228 2410 4289 cibi
2497 4240 2745 4297 sumere
2825 4226 3026 4289 vellet.
3079 4225 3194 4297 Qui
3241 4229 3572 4301 postquam

1911 4329 2228 4405 pastillum
2263 4326 2462 4401 petiit,
2497 4326 2703 4386 virum
2732 4326 2981 4397 fortem,
3056 4338 3253 4399 quum
3307 4321 3464 4382 nihil
3503 4321 3572 4383 in

1834 4457 1880 4512 D

1908 4513 1936 4584 ς
1968 4517 2056 4569 35.

1980 4601 2094 4677 (11)
2132 4599 2239 4653 VV.
2275 4601 2374 4663 PP.
2406 4600 2605 4655 Rosw.
2642 4600 2743 4657 107
2777 4614 2834 4670 p.
2873 4596 3031 4661 1006,
3066 4598 3087 4651 1
3122 4612 3211 4668 sq.

1977 4689 2093 4757 (12)
2116 4686 2365 4743 Εοῑθιθιν.
2400 4688 2435 4740 l.
2463 4688 2505 4742 Ι.
2534 4703 2591 4759 p.
2619 4688 2709 4743 541
2749 4705 2797 4743 s.
2828 4702 2882 4745 v.
2906 4685 3205 4742 Macarius
3236 4683 3572 4755 Aegyptius

1907 4779 1935 4851 ς
1978 4778 2155 4833 XXXII
2188 4794 2200 4841 ;
2227 4776 2382 4832 infra
2408 4777 2468 4832 in
2499 4777 2714 4833 harum
2745 4774 3181 4842 Quaestionum
3223 4770 3570 4849 Appendice

1910 4867 2094 4923 altera
2112 4868 2225 4921 sub
2252 4867 2347 4922 IIl.

1981 4957 2095 5027 (13)
2128 4955 2208 5011 Cf.
2240 4970 2423 5027 supra
2446 4970 2504 5025 p.
2537 4954 2603 5009 37
2634 4957 2761 5009 not.
2800 4958 2849 5007 I.

1982 5045 2098 5116 (14)
2124 5044 2208 5102 Cf.
2246 5058 2431 5115 supra
2458 5043 2497 5096 Ι.
2529 5042 2572 5096 Ι.

1982 5139 2091 5201 (15)
2120 5132 2394 5190 Galland.
2429 5131 2578 5188 Bibl.
2608 5131 2714 5186 PP.
2758 5134 2818 5188 Τ.
2849 5131 2940 5187 VII
2976 5145 3038 5211 ρ.
3085 5128 3190 5185 222
3225 5144 3318 5203 sq.

1982 5224 2095 5294 (l6)
2131 5222 2294 5278 Libro
2317 5238 2353 5277 a
2378 5220 2553 5278 nobis
2585 5236 2769 5291 supra
2796 5235 2853 5292 p.
2885 5223 2952 5275 37
2985 5234 3045 5274 n.
3072 5223 3092 5273 1
3140 5216 3409 5277 laudato.
3455 5216 3567 5274 Ea-

1907 5314 2048 5368 dem
2068 5310 2360 5383 opuscula
2403 5326 2613 5365 recusa
2645 5312 2787 5363 sunt
2828 5307 2945 5363 hoc
2973 5306 3167 5364 indice
3204 5322 3217 5358 :
3269 5306 3329 5363 S.
3370 5303 3570 5363 Patris

1905 5401 2166 5463 Macarii
2210 5400 2480 5473 Aegyptii
2513 5400 2821 5471 opuscula,
2866 5402 2976 5453 etc.
3011 5398 3101 5453 ed.
3149 5396 3375 5452 Pritius
3405 5395 3568 5468 Lips.

1910 5495 2043 5547 1699
2084 5496 2140 5547 et
2182 5492 2243 5545 in
2275 5489 2543 5547 Galland.
2602 5486 2751 5544 Bibl.
2794 5487 2898 5544 PP.
2931 5487 2992 5543 Τ.
3026 5486 3119 5541 VII
3172 5502 3232 5559 p.
3284 5485 3377 5544 161
3431 5500 3570 5557 sqq.

1976 5581 2092 5651 (17)
2124 5582 2224 5635 Est
2271 5579 2405 5635 cod.
2457 5577 2605 5634 Bibl.
2662 5579 2827 5636 Caes.
2886 5574 3145 5637 Vindob.
3216 5589 3331 5633 ms.
3386 5573 3569 5633 theol.

1905 5684 2102 5741 graec.
2158 5670 2261 5727 No.
2301 5670 2401 5725 104
2440 5666 2585 5726 olim
2634 5668 2760 5736 240,
2789 5665 2891 5735 ubi
2920 5665 3023 5737 fol.
3051 5666 3140 5735 53,
3170 5665 3208 5720 2
3244 5678 3384 5745 sqq.
3423 5678 3572 5745 opu.
