4088 6192
553 283 652 339 151

1408 278 1511 335 SS.
1556 274 2044 336 MACARIORUM
2093 273 2426 333 AEGYPTII
2467 281 2555 336 ET
2596 283 3090 346 ALEXANDRINI

3867 304 3994 358 152

549 417 706 477 cella
754 416 932 481 esset,
979 409 1284 483 proficisci
1341 407 1782 466 Alexandriam
1805 421 1928 465 non
1969 405 2191 479 piguit,
2238 400 2443 464 Adam
2469 409 2673 485 diligit
2702 428 2823 487 me,
2855 422 2915 475 et
2973 419 3076 477 odi
3134 436 3314 490 eum;
3375 439 3616 499 pauper
3663 443 3814 489 vero
3843 432 3991 490 odit

548 519 615 572 ut
667 524 855 583 aegro
906 507 1191 575 afferret;
1255 521 1457 579 neque
1496 507 1654 563 mira
1704 520 1801 563 res
1873 504 2194 563 manifesta

547 610 840 681 cuiquam
903 607 1058 663 facta
1127 610 1357 682 est(l).
1416 626 1446 660 »
1493 608 1569 662 De
1624 607 1799 662 Petro
1855 604 2078 660 abbate
2132 602 2197 658 in

547 707 821 772 Cellulis,
874 705 978 763 Lot
1011 704 1253 761 abbatis
1317 704 1651 776 discipulo,
1683 717 1873 775 supra
1912 702 2198 773 disputa-

552 805 756 861 vimus
786 800 892 878 (2).

633 923 660 953 «
718 901 946 958 iterum
1003 899 1373 957 memoravit
1431 917 1442 954 :
1505 900 1752 958 Macarii
1804 897 2012 957 abbati
2052 911 2199 968 prae

545 998 784 1056 cunctis
864 997 1160 1054 fratribus
1235 998 1296 1054 in
1359 998 1758 1070 simplicitate
1811 994 2198 1054 conversanti

545 1095 843 1168 quidam:
906 1095 1048 1157 Cur,
1128 1095 1440 1167 inquiunt.
1509 1096 1699 1153 talem
1762 1100 1820 1152 te
1893 1086 2203 1166 praebes?

546 1194 655 1251 Ille
687 1193 1044 1264 respondit:
1098 1193 1428 1251 Duodecim
1460 1195 1638 1252 annis
1675 1193 1898 1251 servivi
1945 1193 2201 1249 Domino

547 1305 711 1357 meo,
771 1295 834 1347 ut
869 1290 1019 1347 mihi
1076 1293 1234 1348 hanc
1284 1293 1617 1364 largiretur
1669 1293 1954 1364 gratiam,
1999 1297 2059 1348 et
2095 1304 2202 1348 vos

551 1402 773 1447 omnes
841 1387 996 1445 mihi
1077 1391 1410 1448 consilium
1494 1389 1673 1463 datis,
1752 1396 1820 1448 ut
1889 1390 2200 1461 deponam

548 1501 685 1543 eam
720 1484 808 1560 (3)
842 1482 872 1539 ‘?
903 1505 932 1540 ι)
972 1487 1130 1545 Haec
1147 1503 1293 1545 sane
1337 1503 1479 1546 cum
1511 1488 1610 1554 iis,
1643 1503 1804 1560 quae
1835 1488 1912 1546 de
1935 1487 2202 1545 Macario

551 1584 850 1656 Aegyptio
897 1585 1217 1658 hucusque
1278 1585 1723 1657 comperimus,
1771 1586 2008 1658 optime
2057 1600 2202 1643 con-

546 1681 820 1739 veniunt.

629 1800 657 1828 «
720 1779 1038 1838 Proditum
1086 1787 1200 1851 est,
1258 1781 1416 1840 duos
1469 1782 1686 1840 fratres
1732 1784 1794 1840 in
1851 1783 2023 1841 Scete
2049 1782 2204 1840 deli-
2241 1775 2280 1827 Β

547 1877 781 1948 quisse.
858 1879 1020 1948 Quos
1091 1894 1286 1952 quum
1342 1881 1642 1940 Macarius
1710 1886 1967 1943 πολιτίκὸς
2011 1881 2206 1940 abbas

539 1984 938 2047 segregasset,
996 1979 1277 2036 nonnulli
1320 1979 1655 2037 Macarium
1745 1995 2033 2052 magnum
2083 1983 2206 2040 Ae-

540 2072 824 2143 gyptium
878 2075 1167 2132 abbatem
1243 2075 1539 2134 adeuntes
1624 2078 1742 2136 hoc
1817 2079 2199 2137 nuntiarunt.

549 2171 604 2228 Is
658 2189 669 2226 :
729 2171 882 2243 Non,
944 2173 1164 2246 inquit,
1226 2176 1448 2234 fratres
1517 2183 1658 2234 sunt
1716 2179 2038 2250 segregati,
2093 2177 2201 2236 sed

550 2269 1058 2336 Macarius;nam
1087 2273 1384 2344 diligebat
1431 2290 1598 2331 eum.
1653 2275 1956 2333 Macarius
1994 2283 2200 2333 autem

551 2368 765 2438 abbas,
815 2385 846 2426 a
921 2385 1067 2427 sene
1159 2386 1225 2428 se
1297 2380 1682 2444 segregatum
1715 2388 1847 2430 esse
1903 2374 2196 2441 “audiens,

550 2466 704 2537 fugit
760 2467 833 2523 ad
887 2467 1177 2539 paludem
1236 2485 1248 2534 ;
1298 2476 1485 2541 atque
1530 2470 1634 2527 ille
1687 2472 1922 2542 reperit
1969 2486 2113 2529 eum
2168 2487 2201 2528 a

557 2561 721 2630 161
783 2566 1093 2622 culicibus
1140 2566 1543 2638 perforatum.
1603 2568 1763 2625 Cui:
1822 2569 1929 2634 Tu,
1971 2569 2194 2641 inquit,

550 2662 878 2732 segregasti
915 2663 1154 2726 fratres,
1204 2665 1398 2736 iique,
1471 2681 1634 2735 ecce,
1689 2667 1982 2724 secedere
2031 2673 2200 2740 pote-

552 2767 688 2817 rant
711 2759 774 2817 in
842 2759 1067 2818 vicum.
1131 2762 1254 2833 Ego
1303 2777 1451 2820 vero
1510 2770 1568 2822 te
1621 2766 1960 2838 segregavi,
2010 2773 2201 2839 tuque

550 2856 714 2914 velut
745 2857 1006 2928 pulchra
1068 2859 1327 2930 virgoin
1359 2861 1619 2920 interius
1670 2864 2033 2922 cubiculum
2080 2866 2202 2923 huc

548 2953 778 3025 fugisti.
848 2956 918 3012 At
973 2970 1086 3028 ego
1141 2958 1373 3015 vocatis
1426 2960 1723 3019 fratribus
1767 2963 1983 3035 didici,
2045 2962 2200 3020 nihil

547 3052 772 3110 horum
851 3053 1082 3111 factum
1151 3070 1307 3115 esse.
1383 3059 1672 3131 Prospice
1742 3061 1930 3133 igitur
1995 3067 2054 3118 et
2111 3068 2196 3128 tu,

2307 519 2429 578 me,
2458 515 2518 566 et
2546 510 2739 585 diligo
2773 528 2938 573 eum.
2994 518 3126 586 Quo
3173 521 3386 580 audito
3426 537 3717 584 sermone
3776 529 3990 587 Maca-

2308 604 2439 662 rius
2468 608 2660 666 abbas
2717 611 3061 673 admiratus
3117 623 3228 676 est.
3271 619 3425 678 Tum
3471 622 3736 681 fratres:
3787 626 3979 695 Quid,

2307 702 2617 774 inquiunt,
2671 708 2788 766 hoc
2830 712 3004 770 verbi
3057 720 3170 782 est,
3224 723 3420 789 pater,
3469 721 3638 791 quod
3691 723 3986 782 admire-

2311 800 2395 857 ris
2422 800 2452 860 ‘I
2483 802 2680 862 Senex
2733 811 3053 880 respondit
3088 831 3100 868 :
3154 813 3388 874 Revera
3415 818 3710 876 Dominus
3765 826 3991 881 noster

2311 897 2482 956 dives
2529 908 2640 970 est,
2687 911 2747 962 et
2775 906 2977 980 diligit
3003 924 3135 973 nos.
3185 912 3302 984 ipsi
3336 919 3541 973 autem
3590 916 3890 977 nolumus
3923 921 3985 978 ei

2311 997 2746 1071 obtemperare
2781 1020 2793 1070 ;
2829 1004 3120 1065 inimicus
3163 1017 3377 1068 contra
3433 1020 3641 1073 noster
3691 1016 3992 1076 diabolus

2315 1109 2553 1168 pauper
2593 1104 2703 1166 est,
2754 1102 3010 1175 oditque
3074 1121 3204 1174 nos,
3240 1114 3302 1166 et
3359 1125 3470 1168 nos
3499 1111 3833 1185 diligimus
3867 1116 3991 1174 im-

2313 1195 2646 1264 puritatem
2704 1199 2974 1271 eius(7).
3033 1225 3054 1255 ι
3113 1206 3298 1278 Digna
3364 1223 3511 1268 sane
3567 1211 3721 1270 haec
3779 1215 3977 1286 expli-

2311 1292 2494 1362 catio,
2541 1310 2699 1367 quae
2735 1299 2809 1356 ad
2839 1308 3118 1371 posteros
3147 1306 3578 1366 transferatur.

2400 1446 2422 1477 ‹
2460 1429 2694 1500 Rogans
2739 1432 3000 1492 Poemen
3040 1437 3231 1495 abbas
3255 1440 3524 1498 eundem
3581 1444 3803 1502 multis
3832 1461 3978 1503 cum

2314 1523 2626 1586 lacrimis:
2688 1531 2791 1588 Dic
2848 1532 3024 1597 mihi,
3075 1535 3301 1608 inquit,
3369 1541 3690 1610 quomodo
3748 1543 3976 1600 salver.

2314 1622 2422 1680 Cui
2453 1640 2638 1685 senex
2687 1631 3047 1700 respondit:
3085 1634 3279 1702 Quam
3333 1638 3587 1708 quaeris
3638 1653 3798 1706 rem,
3849 1641 3979 1699 iam

2315 1724 2568 1781 recessit
2624 1741 2657 1782 a
2711 1729 3031 1787 monachis
3097 1730 3200 1805 (8).
3237 1752 3266 1786 ι)
3304 1734 3568 1793 Poemen
3634 1745 3694 1794 et
3751 1739 3978 1810 Ioseph

2315 1820 2570 1879 abbates
2601 1823 2852 1882 Ruﬁnus
2884 1828 2944 1883 in
2989 1829 3186 1901 Pispir
3225 1831 3453 1890 vidisse
3501 1849 3567 1891 se
3603 1836 3795 1893 tradit
3839 1839 3926 1910 (9)
3963 1855 3976 1891 :

2316 1918 2422 1975 sed
2455 1920 2716 1979 Poemen
2749 1923 2939 1981 abbas
2966 1927 3152 1984 etiam
3196 1929 3258 1986 in
3287 1930 3461 1987 Scete
3493 1933 3809 2005 vixit(lO).

2402 2073 2423 2105 α
2464 2055 2764 2114 Macarius
2791 2060 2986 2116 abbas
3035 2062 3372 2134 aliquando
3425 2066 3574 2124 adiit
3633 2068 3978 2126 Antonium

2313 2152 2625 2210 abbatem.
2671 2156 2948 2224 Quocum
3007 2160 3375 2232 collocutus,
3436 2179 3581 2221 cum
3630 2165 3693 2223 in
3741 2167 3979 2225 Scetim

2317 2254 2750 2323 reverteretur,
2805 2253 3102 2313 fratribus
3151 2259 3402 2316 obviam
3461 2265 3630 2336 162
3678 2264 3984 2322 venienti-

2314 2345 2429 2402 bus
2480 2347 2641 2406 inter
2692 2354 3288 2412 sermocinandum:
3371 2358 3658 2428 Antonio,
3744 2362 3976 2434 inquit.

2312 2442 2522 2503 abbati
2574 2445 2724 2514 dixi,
2786 2464 2898 2507 nos
2953 2466 3071 2510 non
3147 2452 3379 2512 habere
3429 2454 3488 2512 in
3551 2456 3687 2514 loco
3758 2465 3979 2518 nostro

2310 2543 2714 2602 oblationem.
2751 2547 2866 2604 Sed
2929 2549 3133 2608 Patres
3162 2551 3301 2608 aliis
3330 2552 3406 2609 de
3440 2555 3628 2611 rebus
3659 2555 3976 2615 disserere

2312 2649 2675 2713 coeperunt,
2756 2660 2867 2703 nec
2920 2649 3321 2719 quaesierunt
3371 2653 3644 2724 amplius
3724 2655 3979 2713 discere

2313 2754 2681 2813 responsum
2729 2745 2913 2810 senis,
2972 2761 3173 2818 neque
3238 2749 3372 2820 ipse
3445 2751 3807 2821 prolocutus
3857 2763 3973 2811 est.

2313 2838 2439 2897 Hoc
2475 2840 2662 2912 igitur
2692 2843 2947 2913 quidam
2995 2859 3068 2902 ex
3128 2848 3412 2917 patribus
3456 2849 3611 2907 dixit
3659 2865 3672 2907 :
3710 2850 3772 2908 Si
3805 2852 3981 2910 vide-

2314 2937 2439 2994 rint
2460 2943 2684 3010 patres,
2714 2954 2747 2996 e
2799 2941 3059 2999 fratrum
3107 2947 3410 3002 memoria
3456 2946 3768 3013 excidere,
3806 2955 3874 3005 ut
3896 2951 3976 3007 de

2315 3050 2381 3091 re
2449 3036 2524 3093 iis
2585 3037 2718 3094 utili
2777 3039 3177 3112 interrogent,
3245 3043 3498 3116 adigunt
3544 3059 3610 3103 se
3663 3047 3856 3117 ipsos,
3916 3055 3981 3106 ut

546 3149 758 3221 frater,
815 3167 888 3208 ne
947 3167 980 3208 a
1028 3155 1440 3213 daemonibus
1494 3157 1712 3215 illusus
1769 3159 2002 3228 fueris;
2060 3175 2202 3217 nam

2324 3134 2695 3204 principium
2744 3138 3053 3195 sermonis
3102 3141 3420 3210 proferant
3462 3160 3474 3206 ;
3550 3143 3774 3214 quodsi
3821 3159 3976 3204 vero

547 3248 705 3306 nihil
751 3248 984 3320 vidisti,
1031 3251 1136 3307 sed
1189 3254 1631 3322 poenitentiam
1678 3271 1787 3328 age
1835 3271 1948 3328 pro
1976 3256 2202 3315 delicto

547 3350 675 3402 tuo.
711 3345 817 3402 Ille
848 3348 1208 3418 respondit:
1261 3350 1321 3407 Si
1382 3353 1493 3423 vis,
1552 3354 1630 3409 da
1678 3354 1832 3411 mihi
1885 3356 2200 3426 poeniten-

545 3440 723 3498 tiam.
775 3443 997 3501 Videns
1055 3446 1244 3516 igitur
1300 3463 1484 3507 senex
1541 3451 1956 3510 humilitatem
2015 3453 2196 3510 eius:

546 3537 733 3605 Vade,
772 3539 994 3611 inquit,
1031 3543 1237 3601 ieiuna
1269 3547 1470 3604 tribus
1515 3549 1949 3621 hebdomadis,
2010 3551 2203 3609 semel

545 3637 802 3710 singulis
883 3640 1296 3701 hebdomadis
1391 3647 1742 3704 comedens.
1810 3648 1971 3706 Haec
2032 3651 2202 3707 enim

543 3741 674 3793 erat
722 3739 1082 3799 exercitatio
1133 3742 1269 3800 eius
1320 3752 1638 3815 perpetua,
1686 3760 1798 3816 per
1857 3747 2201 3806 hebdoma-

543 3835 653 3892 das
683 3836 964 3894 ieiunare
1013 3841 1119 3914 (4).
1177 3861 1206 3892 ››
1249 3841 1587 3900 Macarium
1647 3841 1913 3893 πολιτικόν
1942 3846 2197 3905 Alexan-

542 3933 795 3992 drinum
843 3949 976 3992 esse
1038 3952 1227 4010 supra
1279 3941 1668 4000 ostendimus
1697 3946 1800 4018 (5).
1849 3944 2004 4003 Eum
2053 3959 2199 4003 vero

541 4030 772 4090 iterum
816 4033 1003 4092 aliam
1058 4036 1140 4094 ob
1181 4052 1431 4095 causam
1478 4038 1540 4097 in
1598 4042 1824 4113 palude
1883 4044 2076 4102 Scetis
2106 4059 2198 4100 se-

543 4127 712 4185 disse
742 4131 976 4188 scimus
1006 4134 1112 4203 (6).

627 4246 652 4275 «
718 4226 1117 4287 Proﬁciscens
1195 4232 1533 4305 aliquando
1620 4237 1924 4295 Macarius
2003 4241 2195 4298 abbas

541 4336 684 4379 cum
719 4323 1014 4383 fratribus
1054 4343 1165 4398 per
1227 4332 1570 4401 Aegyptum
1629 4348 1897 4404 puerum
1959 4339 2195 4398 audivit

543 4421 727 4478 matri
757 4435 904 4480 suae
961 4423 1044 4480 ita
1098 4426 1502 4499 loquentem:
1557 4431 1768 4498 Mater,
1830 4434 2002 4493 dives
2057 4438 2195 4510 qui-

542 4599 706 4654 scula
751 4601 898 4671 legis
937 4603 1022 4659 sic
1057 4606 1341 4681 inscripta
1388 4629 1400 4666 :
1453 4616 1775 4686 Κεφάλαια
1827 4627 1937 4672 τοῦ
2001 4623 2192 4693 ἁγίου

540 4690 881 4762 Μακαρίαν
984 4703 1530 4771 μεταφρασθέντα

537 4787 645 4829 τοῦ
720 4779 1106 4851 λογοθέντου
1181 4787 1281 4860 τιν’.
1368 4791 1669 4863 Opuscula
1755 4779 1893 4853 vero
2012 4802 2194 4856 maxi-

536 4882 701 4921 mam
726 4877 953 4939 partem
988 4878 1312 4947 compilata
1340 4897 1468 4937 esse
1514 4884 1633 4941 iam
1664 4886 1774 4942 levi
1807 4906 2016 4948 eorum
2055 4911 2192 4949 cum

537 4956 797 5014 homiliis
827 4969 1276 5033 comparatione
1301 4970 1665 5041 intelligitur.

609 5047 687 5118 (1)
730 5051 974 5106 Coteler.
1031 5058 1180 5111 Mon.
1228 5059 1374 5114 Eccl.
1411 5063 1610 5118 Graec.
1654 5065 1716 5119 Τ.
1753 5068 1772 5121 l
1828 5083 1886 5140 p.
1923 5071 2023 5125 533
2055 5088 2099 5124 s.
2137 5089 2188 5127 v.

537 5136 838 5194 Macarius
884 5143 1208 5213 Aegyptius
1238 5152 1263 5215 ε
1291 5149 1403 5203 Vlll
1437 5173 1446 5213 ;
1482 5151 1634 5208 infra
1661 5155 1716 5208 in
1759 5136 1974 5213 ha—rum
1999 5161 2192 5224 Quae-

537 5231 800 5286 stionum
839 5234 1178 5302 Appendice
1209 5237 1391 5294 altera
1431 5242 1660 5302 sublll.

607 5320 681 5389 (2)
712 5319 830 5391 §33
864 5336 924 5390 p.
971 5327 1086 5378 152.

608 5409 686 5479 (3)
716 5409 964 5466 Coteler.
993 5412 1032 5470 l.
1069 5416 1105 5468 l.
1143 5433 1201 5488 p.
1234 5419 1335 5474 533
1366 5419 1485 5489 5ng
1520 5437 1533 5487 ;
1567 5423 1722 5480 infra
1753 5427 1810 5480 in
1840 5430 2110 5498 Append.
2144 5429 2188 5486 Ι.

608 5499 686 5566 (4)
706 5498 854 5556 Ibid.
891 5517 947 5572 ρ.
990 5507 1089 5558 537
1114 5508 1272 5573 εΧΧΙ
1310 5523 1324 5574 ;
1357 5510 1509 5566 infra
1534 5512 1591 5566 in
1623 5516 1893 5586 Append.
1929 5518 1969 5571 Ι.

609 5590 687 5661 (5)
710 5592 794 5646 cr.
824 5593 899 5665 ξς.
933 5598 1021 5658 24,
1056 5600 1124 5652 25
1152 5613 1211 5667 p.
1249 5600 1367 5655 ιοι.
1407 5601 1523 5657 ιοδ.

606 5683 689 5756 (6)
723 5683 804 5741 Cf.
835 5697 1017 5755 supra
1045 5703 1106 5759 p.
1136 5687 1353 5762 67.,89.

1671 4711 1840 4781 παρὰ
1951 4718 1981 4762 Σ
2003 4714 2193 4764 ιπέων

1249 4787 1263 4808 Ι

1181 4807 1281 4860 ριν.

2313 3244 2348 3286 a
2404 3229 2702 3290 fratribus
2779 3249 2899 3292 non
2981 3237 3330 3309 adigantur,
3413 3253 3771 3298 sermonem
3843 3257 3972 3300 non

2315 3337 2797 3402 persequuntur,
2860 3339 2926 3390 ut
2998 3349 3073 3392 ne
3139 3335 3688 3406 deprehendantur
3772 3341 3972 3398 locuti

2313 3440 2438 3482 non
2510 3427 2894 3501 interrogati,
2966 3432 3372 3505 videaturque
3452 3435 3698 3507 loquela
3765 3439 3969 3495 otiosa

2318 3521 2622 3596 esseut).
2668 3546 2687 3577 ι
2767 3529 3102 3587 Macarium
3149 3532 3516 3604 Aegyptium
3566 3533 3642 3590 ad
3671 3533 3730 3592 S.
3786 3535 3973 3594 Anto-

2314 3621 2487 3678 nium
2552 3623 2899 3693 profectum
2965 3641 3098 3685 esse
3187 3629 3309 3686 iam
3393 3645 3581 3702 supra
3655 3633 3967 3705 comperi-

2315 3734 2453 3777 mus
2475 3715 2593 3786 (12)
2625 3742 2638 3790 ;
2675 3724 2839 3781 unde
2867 3726 3030 3783 haud
3061 3727 3265 3799 inepte
3297 3729 3642 3800 discipulus
3681 3729 3738 3788 S.
3781 3733 3971 3789 Anto-

2312 3819 2399 3876 nii
2474 3834 2656 3878 sensu
2739 3823 2956 3881 latiore
3007 3839 3040 3880 a
3115 3824 3330 3884 Ruﬁno
3405 3826 3712 3899 appellari
3784 3830 3970 3888 nobis

2312 3916 2479 3974 visus
2503 3923 2594 3976 est
2621 3915 2768 3985 (13).

2395 4070 2419 4103 ‹
2482 4052 2861 4125 Paphnutius
2912 4055 3124 4125 abbas,
3177 4055 3424 4114 Macarii
3483 4056 3725 4115 abbatis
3778 4059 3966 4117 disci-

2309 4150 2514 4222 pulus,
2565 4150 2684 4209 hoc
2737 4153 3002 4212 retulit:
3082 4153 3331 4227 Rogavi,
3438 4154 3661 4228 inquit,
3722 4162 3967 4228 patrem

2308 4261 2542 4315 meum,
2612 4256 2673 4306 ut
2750 4250 2903 4308 mihi
2930 4251 3166 4309 diceret
3220 4253 3510 4311 verbum.
3568 4249 3625 4310 Is
3687 4259 3902 4312 autem
3955 4273 3966 4309 :

2307 4345 2653 4417 Neminem,
2731 4348 2955 4422 inquit.
3019 4347 3292 4417 laeseris,
3367 4365 3480 4408 nec
3575 4366 3963 4425 quemquam

2304 4443 2840 4502 condemnaveris.
2959 4447 3116 4503 Haec
3219 4448 3481 4505 observa
3557 4453 3618 4505 et
3677 4448 3965 4508 salvabe-

2377 4632 2451 4694 (7)
2483 4627 2725 4682 Coteler.
2782 4629 2819 4682 l.
2866 4629 2902 4682 l.
2949 4644 3010 4699 p.
3065 4630 3164 4685 539
3228 4630 3475 4702 §XXIV,
3538 4630 3691 4686 infra
3747 4631 3806 4686 in
3851 4636 3966 4702 Ap.

2306 4716 2561 4788 pend.l.

2374 4806 2452 4876 (8)
2480 4806 2631 4862 Ibid.
2665 4823 2726 4876 p.
2761 4805 2912 4867 5395
2948 4808 3103 4873 XXV,
3129 4807 3280 4864 infra
3309 4809 3369 4863 in
3401 4808 3673 4878 Append.
3709 4809 3753 4865 Ι.

2377 4895 2452 4964 (9)
2478 4895 2668 4949 Rufin.
2704 4896 2842 4951 Hist.
2907 4897 3056 4951 Eccl.
3090 4896 3187 4951 lib.
3249 4897 3293 4950 Il
3324 4913 3457 4968 cap.
3523 4899 3572 4963 8,
3642 4897 3734 4953 ed.
3772 4899 3957 4954 Basil.

2306 4983 2344 5035 l.
2382 5000 2440 5053 p.
2474 4987 2594 5046 246,
2628 4985 2823 5040 Ruﬁni
2871 4986 3020 5057 Opp.
3091 4986 3186 5040 ed.
3251 4988 3492 5042 Vallarsi
3562 5002 3615 5058 p.
3679 4991 3783 5042 278
3846 5005 3966 5060 sq.,

2304 5073 2489 5140 Migne
2523 5089 2578 5142 p.
2607 5075 2732 5127 517.
2758 5074 2838 5128 Cf.
2869 5074 3024 5131 infra
3053 5077 3171 5144 542
3194 5091 3249 5146 p.
3280 5077 3403 5132 176.

2374 5162 2484 5232 (10)
2519 5163 2759 5218 Coteler.
2796 5163 2831 5217 l.
2868 5163 2910 5216 Ι.
2966 5180 3020 5234 p.
3054 5165 3174 5219 587.
3219 5170 3319 5222 635
3375 5183 3421 5221 s.
3456 5182 3510 5220 ν.
3545 5167 3839 5236 Poemen§
3867 5167 3962 5223 IV.

2303 5250 2328 5312 5
2358 5251 2607 5306 CLXXX.

2375 5339 2488 5410 (11)
2518 5339 2760 5396 Coteler.
2793 5339 2830 5395 l.
2879 5339 2922 5398 Ι.
2983 5357 3042 5410 p.
3103 5341 3207 5398 539
3261 5342 3633 5414 sq.§XXVi,
3692 5343 3854 5401 infra
3905 5348 3966 5401 iu

2305 5428 2577 5501 Append.
2604 5430 2643 5483 l.

2373 5518 2485 5588 (4-2)
2519 5516 2628 5578 I33
2661 5533 2718 5590 p.
2777 5519 2892 5574 150.

2375 5608 2486 5678 (l3)
2516 5609 2708 5679 Supra
2735 5611 2760 5674 ε
2785 5608 2855 5664 26
2879 5626 2943 5682 p.
2976 5610 3102 5667 112.
