4088 6192
130 132 133 133 ,
149 80 683 161 jam—‘—

114 297 207 353 133
1716 293 1776 349 Vl

1901 292 1943 349 Ξ.
3434 299 3531 353 154

107 425 192 483 ris
263 421 385 500 (1).
450 442 481 479 ι)
568 424 974 497 Paphnutius,
1056 436 1416 495 quanquam
1491 423 1765 483 Palladio
1799 421 1845 475 A
1882 423 2318 496 phphegmatis
2353 440 2389 482 a
2438 420 2745 484 Cotelerio
2794 419 2980 483 editis
3028 422 3143 484 liae
3180 430 3305 484 tres
3332 426 3531 486 histo-

106 522 363 596 quidem
447 527 604 581 teste
684 521 933 580 Macarii
1020 520 1417 579 Alexandrini
1492 521 1770 595 discipu-

106 623 201 679 lus
253 617 369 695 (2),
432 622 625 679 etiam
676 621 738 678 in
798 619 974 678 Scete
1030 618 1273 691 (legisse
1330 620 1557 692 legitur
1616 618 1698 693 (3)
1746 637 1764 690 ;

103 720 391 792 primum
443 723 651 776 tamen
705 718 768 775 in
831 716 1170 775 solitudine
1225 716 1557 775 Thebaidis
1623 731 1767 775 eum

104 816 433 876 habitasse
456 814 802 875 verisimile
832 821 925 872 est
946 813 1057 890 (1,).

186 961 217 991 α
281 940 594 998 Macarius
643 940 838 997 abbas
885 938 1042 996 dixit
1094 955 1105 993 :
1165 938 1298 996 Noli
1367 939 1647 997 dormire
1704 940 1766 997 in

108 1038 263 1096 cella
293 1036 533 1101 fratris,
571 1050 758 1109 quem
791 1035 955 1092 mala
981 1036 1142 1093 fama
1172 1035 1345 1107 petiit
1372 1033 1484 1111 (5).
1522 1055 1552 1091 »

185 1174 214 1202 «
265 1152 363 1210 Ad
410 1150 750 1210 Macarium
795 1151 1086 1208 abbatem
1137 1150 1198 1208 in
1240 1151 1415 1209 Scete
1453 1153 1768 1224 quondam

111 1253 509 1308 accesserunt
563 1249 805 1318 fratres,
858 1262 971 1305 nec
1017 1247 1359 1321 quidquam
1403 1248 1771 1309 invenerunt

112 1348 172 1405 in
212 1347 379 1406 cella
424 1346 563 1405 eius
612 1346 731 1403 nisi
772 1359 999 1418 aquam
1044 1345 1381 1417 putridam.
1418 1346 1628 1419 Itaque
1657 1348 1714 1405 ei
1754 1365 1767 1404 :

114 1446 309 1511 Abba,
379 1444 695 1517 inquiunt,
756 1442 1020 1501 ascende
1094 1441 1158 1500 in
1213 1457 1460 1515 pagum,
1521 1450 1582 1502 et
1638 1445 1771 1503 reii-

112 1543 355 1601 ciemus
410 1547 490 1599 te.
560 1540 800 1610 Quibus
850 1554 1037 1597 senex
1095 1542 1414 1612 respondit
1475 1557 1487 1596 :
1548 1542 1768 1609 Nostis,

114 1641 362 1709 fratres,
412 1638 746 1712 pistrinum
802 1637 968 1696 illius
1009 1638 1285 1697 hominis
1332 1639 1393 1696 in
1441 1636 1774 1712 ρειεοῖῡί-

114 1744 255 1797 cunt
288 1753 303 1793 :
342 1737 566 1795 Etiam.
617 1736 849 1794 Deinde
888 1750 1073 1794 senex
1109 1752 1122 1791 :
1157 1736 1279 1809 Ego
1322 1750 1573 1810 quoque
1605 1739 1769 1795 novi.
1808 1758 1851 1814 Β

116 1836 315 1894 Nostis
366 1841 429 1893 et
473 1834 802 1908 praedium
851 1834 1022 1892 illius
1070 1834 1361 1899 hominis,
1437 1832 1606 1903 163
1666 1836 1773 1893 ubi

117 1934 337 1993 ﬂuvius
386 1931 586 1992 salit?
621 1932 807 1991 Aiunt
842 1952 853 1987 :
891 1932 1206 1991 Novimus.
1260 1933 1459 1991 Senex
1489 1956 1502 1993 :
1535 1934 1605 1991 Et
1638 1948 1775 2007 ego,

119 2032 341 2105 inquit,
402 2031 568 2089 novi.
622 2030 880 2100 Quando
927 2030 1119 2103 igitur
1153 2032 1373 2103 placet,
1403 2031 1581 2091 vobis
1618 2032 1776 2090 mihi

121 2145 271 2203 opus
326 2144 477 2195 non,
512 2134 626 2195 est,
682 2129 789 2186 sed
845 2127 980 2201 ipse
1039 2128 1195 2186 mihi
1249 2130 1514 2202 adporto
1572 2129 1679 2206 (6).
1744 2148 1774 2183 »

122 2229 274 2287 Haec
329 2226 795 2285 exercitationis
849 2226 1047 2285 virtus
1106 2241 1249 2284 cum
1306 2228 1552 2295 ceteris,
1616 2243 1777 2302 quae

124 2328 194 2384 de
227 2326 506 2384 Macario
557 2324 855 2399 Aegyptio
905 2325 1323 2398 percepimus,
1366 2326 1604 2397 optime
1633 2341 1778 2384 con-

122 2424 325 2482 sentit.

196 2560 223 2590 α
274 2537 669 2611 Paphnutius
716 2537 933 2603 abbas,
986 2537 1233 2595 Macarii
1287 2538 1531 2596 abbatis
1593 2538 1777 2597 disci-

120 2638 322 2710 pulus,
382 2636 617 2702 retulit,
680 2649 892 2693 senem
944 2634 1179 2694 dixisse
1240 2654 1251 2692 :
1314 2636 1569 2706 Quando
1621 2652 1777 2711 puer

118 2750 308 2802 eram,
357 2733 623 2792 buculas
669 2747 814 2791 cum
864 2732 1007 2790 aliis
1036 2734 1251 2806 pueris
1279 2735 1636 2807 pascebam,
1665 2736 1773 2809 qui

120 2836 536 2905 perrexerunt
582 2830 859 2889 furatum
917 2830 1089 2889 ﬁcus.
1156 2831 1439 2905 Dumque
1489 2839 1771 2902 currunt,

119 2945 231 2988 una
275 2945 358 2988 ex
409 2929 493 2987 iis
531 2927 781 2995 cecidit,
838 2942 1026 2999 quam
1060 2928 1281 2987 tollens
1309 2931 1554 2989 comedi
1616 2931 1776 3002 Quo-

116 3029 227 3086 ties
268 3028 473 3099 igitur
517 3026 607 3084 rei
654 3026 791 3084 eius
835 3025 1139 3083 memoria
1171 3026 1353 3095 redit,
1389 3028 1642 3100 plorans
1688 3043 1777 3087 se-

121 3126 229 3185 deo
283 3124 403 3202 (7).
442 3144 471 3179 ι
532 3125 613 3182 De
672 3124 1015 3196 Paplinutio
1068 3124 1313 3183 Macarii
1362 3127 1606 3186 abbatis
1646 3126 1777 3185 dis-
1813 3111 1853 3168 (Ὗ

121 3225 333 3296 cipulo
366 3222 733 3281 monuimus
765 3219 875 3298 (8).

198 3348 363 3407 Haec
417 3347 679 3421 quidem
753 3346 831 3404 de
882 3346 1147 3407 Macario
1206 3348 1509 3421 Aegyptio
1566 3349 1777 3410 insunt

123 3445 684 3520 Apophthegmatis
738 3460 775 3502 a
830 3445 1140 3505 Cotelerio
1193 3446 1379 3504 editis
1436 3461 1485 3504 s.
1539 3463 1594 3503 ν.
1639 3444 1775 3505 Μα-

118 3542 313 3601 carius
374 3540 721 3620 Aegyptius.
783 3542 901 3601 Sed
970 3544 1275 3603 evolventi
1348 3544 1504 3603 mihi
1574 3552 1778 3605 cetera

121 3641 735 3716 Apophthegmatum
780 3640 985 3713 capita
1033 3641 1235 3699 tribus
1271 3640 1413 3701 aliis
1461 3644 1612 3702 locis
1652 3646 1775 3703 Ma-

119 3740 299 3811 carii,
352 3744 422 3797 ut
462 3738 730 3809 videtur,
780 3738 1062 3811 Aegyptii
1096 3740 1326 3799 mentio
1358 3744 1633 3801 occurrit
1662 3740 1775 3820 (9).

117 3840 280 3909 Quos
318 3837 584 3910 quidem
632 3837 803 3895 locos
842 3850 1033 3910 supra
1072 3836 1197 3894 iam
1245 3839 1654 3911 cognovimus
1694 3845 1783 3899 at-

120 3951 241 4011 que
271 3935 709 3994 recensuimus
739 3931 889 4010 (10).

210 4046 451 4127 ιϐὂξ
500 4052 597 4109 39.
642 4051 722 4109 De
770 4050 1037 4110 Macario
1069 4052 1491 4113 Alexandrino
1515 4056 1579 4112 in
1625 4056 1784 4131 Apo-

196 4253 275 4323 (1)
318 4249 571 4308 Coteler.
611 4250 733 4307 1.1.
776 4267 833 4323 p.
877 4254 980 4307 540
1030 4251 1059 4323 §
1104 4252 1341 4318 XXVIII,
1381 4253 1535 4310 infra
1575 4256 1632 4310 in
1673 4263 1787 4328 Ap-

127 4339 313 4413 pend.
355 4339 405 4396 Ι.

194 4434 275 4501 (2)
309 4427 398 4484 Cf.
431 4428 462 4500 ς
495 4434 553 4485 19
576 4445 635 4500 p.
669 4430 757 4485 75.

196 4520 276 4590 (3)
336 4517 583 4573 Coteler.
615 4517 660 4574 l.
719 4518 768 4575 Ι.
806 4534 863 4589 ρ.
894 4517 998 4575 649
1028 4535 1078 4573 s.
1110 4534 1173 4576 v.
1212 4519 1588 4588 Paphnutius
1628 4522 1655 4594 ς
1694 4522 1783 4578 IV.

136 4608 402 4663 Cassian.
438 4605 581 4661 Coll.
615 4606 708 4671 IIl,
746 4611 793 4661 l.

196 4697 275 4766 (4)
318 4696 464 4751 Hist.
496 4696 667 4751 Laus.
698 4695 791 4749 ed.
824 4697 1031 4751 Meurs.
1078 4713 1211 4767 cap.
1245 4697 1317 4751 63
1360 4698 1510 4769 Opp.
1558 4700 1775 4757 Meurs.

127 4784 166 4839 Ι.
205 4788 253 4841 1.
291 4800 360 4855 p.
393 4786 500 4837 524
527 4799 617 4855 sq.
672 4784 1284 4840 Animadvertendum
1342 4792 1448 4851 est,
1499 4786 1557 4841 in
1591 4787 1784 4858 capite

127 4876 197 4929 de
237 4872 580 4943 Paphnutio
615 4874 931 4928 Historiam
968 4874 1316 4929 Lausiacam
1348 4874 1623 4931 codicum
1654 4878 1785 4931 Vin-

127 4961 573 5020 dobonensium
613 4976 649 5017 a
678 4961 1009 5018 Meursiana
1040 4962 1121 5019 ita
1151 4961 1410 5030 differre,
1441 4972 1504 5019 ut
1531 4964 1627 5020 vix
1662 4980 1784 5022 uno

125 5051 314 5108 verbo
356 5050 715 5105 consentiat.
749 5049 830 5106 Cf.
864 5050 1127 5107 Palladii
1172 5052 1497 5109 Historiam
1545 5055 1785 5111 Lausia-

128 5157 254 5199 cam
280 5141 367 5197 ad
391 5138 609 5196 codicis
649 5139 1111 5198 Vindobonensis
1136 5142 1313 5210 ﬁdem
1344 5157 1382 5199 a
1406 5142 1569 5199 nobis
1600 5143 1786 5200 brevi-

131 5237 215 5288 ter
239 5231 626 5296 delineatam,
657 5229 811 5287 infra
848 5231 986 5286 huic
1023 5230 1266 5288 editioni
1309 5231 1602 5289 Historiae
1631 5234 1786 5291 Lau-

132 5320 327 5376 siacae
353 5319 789 5392 praepositam.

200 5410 277 5481 (5)
309 5407 562 5465 Coteler.
630 5408 676 5465 l.
708 5408 759 5465 Ι.
800 5424 865 5480 p.
916 5409 1077 5482 54ος
1131 5412 1284 5468 XXIX
1315 5428 1331 5478 ;
1367 5410 1525 5467 infra
1573 5411 1633 5467 in
1666 5416 1783 5483 Ap-

135 5497 316 5567 pend.
356 5498 405 5554 Ι.

202 5588 283 5657 (6)
312 5587 459 5644 Ibid.
491 5604 553 5661 p.
588 5588 687 5644 5M
717 5587 926 5660 3XXX,
958 5587 1112 5645 infra
1136 5589 1196 5645 in
1215 5589 1492 5662 Append.
1520 5589 1569 5646 Ι.

201 5675 283 5750 (7)
308 5676 455 5735 Ibid.
482 5695 544 5750 p.
579 5680 686 5733 546
714 5676 744 5751 ς
773 5677 1033 5747 XXXVII,
1064 5678 1220 5739 infra
1248 5678 1309 5738 in
1337 5678 1612 5753 Append.
1644 5681 1689 5736 Ι.

1879 522 2009 579 riae
2038 524 2394 580 referuntur
2430 542 2443 580 :

1961 640 1988 671 ‹‹
2038 620 2338 677 Macarius
2367 616 2626 677 πολιτικὸς
2658 620 2763 679 ille
2815 622 3007 678 abbas
3068 622 3407 694 aliquando
3452 622 3528 680 ad

1878 717 2176 775 secandos
2226 718 2574 790 palmarum
2630 733 2835 776 ramos
2881 719 3057 783 exiit,
3112 720 3529 792 fratribusip-

1877 830 2016 872 sum
2063 815 2527 874 comitantibus.
2580 816 2693 886 Qui
2756 816 2965 888 primo
3019 818 3118 874 die
3172 818 3227 874 ei
3286 836 3299 875 :
3352 818 3527 891 Veni,

1878 912 2189 985 inquiunt,
2252 920 2447 985 pater,
2514 913 2842 971 nobiscum
2902 914 3183 972 comede.
3255 916 3525 973 Accessit

1877 1010 2067 1083 igitur
2114 1010 2221 1068 ille
2266 1017 2326 1069 et
2368 1011 2663 1069 comedit.
2717 1011 2928 1069 Altero
2981 1024 3124 1069 eum
3167 1012 3269 1070 die
3297 1013 3525 1070 iterum

1881 1113 2116 1181 regant,
2173 1116 2240 1166 ut
2285 1110 2591 1167 comedat.
2645 1111 2717 1167 At
2765 1110 2816 1166 is
2866 1124 3133 1167 renuens
3181 1125 3193 1166 :
3242 1109 3378 1176 Vos,
3435 1112 3526 1168 in-

1880 1206 2036 1280 quit,
2092 1206 2227 1275 ﬁlii,
2270 1206 2483 1264 cibum
2529 1208 2789 1264 sumatis
2839 1220 3088 1265 necesse
3138 1212 3276 1276 est;
3329 1207 3533 1265 adhuc

1880 1304 2048 1362 enim
2092 1318 2239 1363 caro
2286 1306 2480 1373 estis;
2517 1319 2631 1376 ego
2670 1319 3029 1383 vero‘nunc
3086 1307 3232 1362 nolo
3276 1304 3534 1364 mandu-

1880 1416 2023 1460 care
2068 1398 2211 1478 (11).
2252 1422 2281 1455 υ
2335 1403 2495 1460 Haec
2547 1403 2806 1461 historia
2858 1402 2922 1459 in
2974 1402 3221 1461 duobus
3270 1403 3531 1476 Apoph-

1883 1501 2265 1572 tliegmatum
2327 1500 2651 1558 codicibus
2697 1499 3279 1558 Vindobonensibus
3346 1516 3394 1557 s.
3465 1514 3524 1561 v.

1885 1594 2185 1658 Macarius
2252 1596 2566 1675 Aegyptius
2636 1604 2773 1670 post
2819 1599 2850 1670 §
2904 1597 3107 1656 XXXII
3170 1612 3522 1671 perperam,

1886 1704 1951 1755 ut
1980 1698 2246 1771 quisque
2278 1698 2457 1755 facile
2502 1698 2810 1768 intelligit,
2854 1698 3084 1754 inserta
3124 1696 3349 1769 legitur
3383 1694 3534 1771 (l2).

1885 1795 2277 1866 Quantopere
2332 1800 2537 1853 autem
2590 1794 2893 1852 Macarius
2954 1794 3409 1853 Alexandrinus
3451 1795 3534 1851 ci-

1888 1893 1985 1951 bis
2013 1893 2406 1960 abstinuerit,
2440 1909 2473 1949 e
2505 1892 2779 1950 Palladio
2805 1891 3144 1949 didicimus
3174 1890 3329 1968 (13).

1971 2008 2002 2045 «
2037 1990 2339 2048 Macarius
2368 1991 2561 2048 abbas
2593 1990 2879 2047 convenit
2911 1989 3312 2047 Pachomium
3344 1989 3535 2047 abba-

1887 2095 2011 2147 tem
2056 2089 2675 2146 Tabennesiotarum.
2706 2087 2900 2157 Quem
2934 2087 3303 2145 Pachomius
3346 2088 3536 2146 inter-

1889 2200 2151 2259 rogans:
2187 2186 2273 2258 Si,
2320 2185 2545 2258 inquit,
2594 2186 2815 2243 fratres
2847 2185 3219 2257 disciplinae
3247 2185 3535 2244 ordinem

1887 2299 2011 2342 non
2053 2290 2320 2351 servant,
2364 2285 2681 2341 bonumne
2730 2290 2822 2340 est
2849 2282 3173 2355 corripere
3203 2296 3309 2341 eos
3336 2281 3366 2341 7
3396 2283 3538 2341 Res-

1889 2380 2107 2455 pondit
2175 2381 2477 2439 Macarius
2529 2381 2723 2438 abbas
2766 2396 2779 2436 :
2820 2380 3059 2453 Castiga
3109 2386 3169 2437 et
3221 2381 3381 2439 iuste
3432 2395 3539 2440 eos

1887 2479 2116 2550 iudica,
2169 2480 2277 2552 qui
2310 2478 2424 2536 tibi
2474 2478 2897 2537 subiiciuntur
2930 2500 2943 2547 ;
2976 2484 3149 2536 extra
3189 2493 3337 2537 vero
3366 2479 3536 2538 iudi-

1886 2578 2124 2636 caveris
2161 2578 2523 2647 neminem;
2566 2590 2710 2634 nam
2759 2578 3062 2649 scriptum
3119 2583 3211 2635 est
3260 2592 3272 2632 :
3325 2577 3538 2635 Nonne

1885 2676 1963 2733 de
1995 2676 2091 2745 iis,
2146 2675 2255 2748 qui
2283 2676 2451 2732 intus
2494 2680 2659 2747 sunt,
2707 2690 2816 2733 vos
2843 2674 3135 2733 iudicatis
3164 2670 3194 2730 ‘I
3223 2674 3371 2732 Nam
3404 2690 3533 2745 eos,

1886 2773 1994 2847 qui
2025 2773 2177 2832 foris
2208 2778 2371 2839 sunt,
2414 2769 2582 2830 Deus
2612 2772 2914 2830 iudicabit
2944 2770 3097 2847 (lt).
3132 2791 3159 2826 ι
3202 2773 3538 2831 Macarium

1885 2870 2376 2929 Alexandrinum
2469 2884 2614 2928 cum
2706 2869 3037 2927 Pachomio
3136 2884 3537 2944 congressum

1886 2983 2041 3035 esse,
2091 2984 2125 3026 a
2179 2968 2453 3026 Palladio
2525 2967 2883 3039 accepimus
2946 2965 3098 3041 (15).
3156 2968 3443 3025 Ceterum
3504 2982 3541 3026 e

1886 3066 2204 3138 colloquio
2284 3066 2402 3123 isto
2483 3065 2687 3122 denuo
2783 3065 3106 3137 probatur,
3196 3062 3536 3123 Macarium

1890 3164 2382 3222 Alexandrinum
2431 3162 2555 3220 iam
2602 3168 2742 3220 ante
2786 3176 3017 3220 annum
3072 3163 3208 3228 348,
3242 3177 3369 3235 quo
3400 3162 3539 3234 qui-

1887 3264 2030 3322 dem
2079 3266 2365 3319 mortuus
2394 3267 2486 3318 est
2535 3260 2920 3327 Pachomius,
2973 3274 3097 3319 non
3145 3260 3365 3333 exigua
3413 3261 3534 3318 vir-

1885 3362 2037 3420 tutis
2064 3366 2127 3418 et
2153 3374 2435 3418 asceseos
2475 3359 2636 3416 fama
2670 3359 3036 3418 excelluisse
3060 3357 3214 3435 (16).

1970 3460 2271 3517 Macarius
2312 3458 2506 3515 abbas
2544 3457 2883 3529 aliquando
2932 3472 3044 3530 per
3081 3462 3351 3529 quatuor
3380 3458 3537 3516 inte-

1887 3572 2031 3631 gros
2083 3570 2328 3614 menses
2377 3556 2659 3628 quotidie
2707 3555 2994 3613 visitabat
3038 3556 3291 3613 fratrem
3330 3571 3539 3629 quen-

1889 3656 2057 3722 dam,
2105 3668 2306 3727 neque
2364 3668 2661 3725 unquam,
2718 3667 2794 3710 ne
2842 3651 3031 3710 semel
3104 3654 3383 3725 quidem,
3442 3654 3532 3711 in-

1889 3753 2057 3811 venit
2108 3766 2251 3810 eum
2297 3756 2616 3809 vacantem
2679 3751 2757 3806 ab
2814 3750 3116 3808 oratione.
3184 3752 3539 3809 Admiratus

1891 3850 2080 3924 igitur
2122 3849 2279 3908 dixit
2329 3868 2341 3907 :
2386 3847 2562 3917 Ecce,
2616 3848 2928 3905 terrestris
2975 3849 3230 3919 angelus
3285 3846 3413 3923 (17)
3450 3848 3462 3904 l
3505 3867 3535 3902 »

1893 3949 2270 4009 Gellularum
2325 3945 2612 4004 monachi
2658 3944 2884 4018 singuli
2936 3945 2997 4003 in
3044 3945 3219 4002 cellis
3249 3946 3542 4017 degentes

1892 4048 2027 4107 sola
2071 4047 2173 4105 die
2220 4045 2460 4103 sabbati
2506 4049 2567 4102 et
2616 4044 2933 4102 dominica
2988 4040 3159 4112 165
3211 4043 3543 4103 convenire

1965 4250 2045 4321 (8)
2076 4248 2245 4305 Modo
2274 4265 2331 4319 p.
2365 4247 2487 4304 162.
2530 4252 2651 4302 not.
2682 4247 2742 4304 7.

1967 4340 2047 4410 (9)
2077 4337 2321 4393 Coteler.
2376 4336 2420 4395 Ι.
2478 4338 2524 4394 Ι.
2585 4339 2706 4393 Τ.ι
2758 4351 2815 4407 ρ.
2865 4336 2986 4391 372.
3020 4338 3146 4393 443.
3185 4337 3309 4393 451.
3365 4354 3414 4391 s.
3443 4352 3539 4391 vv.

1894 4428 2175 4499 Agat/wn
2203 4426 2231 4498 ς
2264 4429 2305 4491 Ι,
2354 4425 2679 4482 Zacharias
2708 4424 2735 4496 ἓ
2781 4423 2821 4488 Ι,
2860 4425 3197 4481 Theodorus
3228 4426 3545 4482 Phermen-

1893 4518 2093 4579 sis“.

1967 4606 2079 4677 (10)
2121 4606 2312 4676 Supra
2344 4604 2462 4675 s32
2498 4618 2551 4673 p.
2595 4608 2715 4658 151.
2758 4602 2883 4658 148.
2928 4603 3041 4661 150.

1965 4694 2080 4765 (11)
2112 4692 2354 4750 Coteler.
2411 4690 2559 4746 Eccl.
2605 4691 2806 4745 Graec.
2864 4693 3017 4745 Mon.
3054 4693 3114 4745 Τ.
3152 4694 3169 4745 i
3203 4709 3247 4744 ει.
3279 4695 3381 4745 572
3408 4708 3454 4745 s.
3488 4708 3542 4746 v.

1893 4783 2190 4840 Macarius
2220 4781 2553 4842 πολιτικός
2583 4797 2688 4835 seu
2718 4780 2957 4835 urbicus
2988 4780 3014 4851 ς
3042 4780 3062 4833 Ι
3094 4796 3107 4845 ;
3154 4780 3308 4835 infra
3347 4780 3407 4835 in
3441 4781 3544 4836 lia-

1893 4889 2028 4928 rum
2062 4872 2491 4937 Quaestionum
2524 4868 2866 4941 Appendice
2907 4868 3090 4923 altera
3122 4868 3233 4923 sub
3268 4870 3326 4923 V.

1962 4961 2076 5034 (12)
2106 4959 2351 5016 Codices
2380 4958 2764 5015 laudavimus
2799 4973 2979 5029 supra
3006 4958 3033 5030 ἓ
3063 4958 3117 5014 11
3150 4974 3209 5030 p.
3242 4962 3308 5015 35
3342 4966 3463 5014 not.
3487 4963 3541 5013 2.

1894 5068 1951 5124 p.
1982 5055 2049 5108 36
2085 5055 2205 5105 not.
2233 5052 2285 5106 1.

1964 5140 2079 5212 (13)
2110 5141 2301 5211 Supra
2329 5153 2465 5209 cap.
2495 5137 2587 5192 III.

1964 5232 2075 5301 (14)
2100 5227 2344 5286 Coteler.
2373 5227 2409 5281 l.
2432 5227 2559 5299 Lp.
2594 5227 2695 5281 573
2733 5226 2761 5298 ἓ
2794 5229 2836 5282 ll
2870 5225 3064 5296 ginfra
3088 5226 3147 5282 in
3179 5226 3450 5299 Append.
3496 5224 3542 5282 Ι.

1894 5320 2008 5375 sub
2036 5320 2099 5374 ν.
2128 5317 2210 5374 Cf.
2252 5318 2273 5372 Ι
2306 5314 2437 5372 Cor.
2473 5321 2527 5381 5,
2563 5320 2644 5371 l2.
2675 5315 2759 5371 i3.

1964 5409 2078 5482 (I5)
2111 5407 2193 5463 Cf.
2228 5422 2413 5478 supra
2437 5422 2495 5478 p.
2528 5404 2618 5460 70.
2649 5405 2721 5461 86
2750 5421 2845 5477 sq.

1966 5499 2082 5569 (16)
2114 5495 2197 5552 Cf.
2232 5511 2419 5567 supra
2449 5512 2506 5568 p.
2536 5495 2607 5550 86
2634 5510 2725 5567 sq.

1966 5588 2077 5661 (17)
2104 5586 2349 5643 Coteler.
2376 5584 2415 5640 l.
2451 5588 2489 5641 l.
2523 5584 2761 5658 (λδ-139
2800 5584 2916 5652 III;
2959 5582 3116 5642 infra
3166 5585 3228 5643 in
3266 5585 3546 5660 Append.

1895 5682 1938 5735 Ι.
1967 5676 2080 5734 sub
2108 5677 2179 5736 V.
