  <div class='ocr_page' id='page_1' title='image "/cluster/home/n/w/nwhite01/storage/ocr_20150623/34/hvd.32044073501835/087.png"; bbox 0 0 4088 6192; ppageno 0'>
   <div class='ocr_carea' id='block_1_1' title="bbox 526 283 3061 354">
    <p class='ocr_par' dir='ltr' id='par_1_1' title="bbox 526 283 3061 354">
     <span class='ocr_line' id='line_1_1' title="bbox 526 283 3061 354; baseline -0.001 -10"><span class='ocrx_word' id='word_1_1' title='bbox 526 298 626 354; x_wconf 71' lang='grc' dir='ltr'><strong>ωδ</strong></span> <span class='ocrx_word' id='word_1_2' title='bbox 1390 287 1489 344; x_wconf 89' lang='lat' dir='ltr'><strong>SS.</strong></span> <span class='ocrx_word' id='word_1_3' title='bbox 1533 283 2020 342; x_wconf 76' lang='lat' dir='ltr'><strong>MACARIORUM</strong></span> <span class='ocrx_word' id='word_1_4' title='bbox 2063 283 2393 342; x_wconf 72' lang='lat' dir='ltr'><strong>AEGYPTII</strong></span> <span class='ocrx_word' id='word_1_5' title='bbox 2438 284 2524 344; x_wconf 84' lang='lat' dir='ltr'><strong>ET</strong></span> <span class='ocrx_word' id='word_1_6' title='bbox 2562 286 3061 344; x_wconf 81' lang='lat' dir='ltr'><strong>ALEXANDBINI</strong></span> 
     </span>
    </p>
   </div>
   <div class='ocr_carea' id='block_1_2' title="bbox 3830 287 3939 344">
    <p class='ocr_par' dir='ltr' id='par_1_2' title="bbox 3830 287 3939 344">
     <span class='ocr_line' id='line_1_2' title="bbox 3830 287 3939 344; baseline 0 -1"><span class='ocrx_word' id='word_1_7' title='bbox 3830 287 3939 344; x_wconf 73' lang='grc'><strong>156</strong></span> 
     </span>
    </p>
   </div>
   <div class='ocr_carea' id='block_1_3' title="bbox 519 411 3959 491">
    <p class='ocr_par' dir='ltr' id='par_1_3' title="bbox 519 411 3959 491">
     <span class='ocr_line' id='line_1_3' title="bbox 519 411 3959 491; baseline -0.003 -6"><span class='ocrx_word' id='word_1_8' title='bbox 519 425 805 486; x_wconf 76' lang='lat' dir='ltr'><strong>solebant</strong></span> <span class='ocrx_word' id='word_1_9' title='bbox 869 423 929 478; x_wconf 91' lang='lat' dir='ltr'><strong>in</strong></span> <span class='ocrx_word' id='word_1_10' title='bbox 994 412 1256 476; x_wconf 82' lang='lat' dir='ltr'><strong>ecclesia</strong></span> <span class='ocrx_word' id='word_1_11' title='bbox 1311 411 1444 491; x_wconf 49' lang='lat' dir='ltr'>(al);</span> <span class='ocrx_word' id='word_1_12' title='bbox 1491 432 1522 473; x_wconf 93' lang='lat' dir='ltr'><strong>e</strong></span> <span class='ocrx_word' id='word_1_13' title='bbox 1578 429 1850 488; x_wconf 92' lang='lat' dir='ltr'><strong>quorum</strong></span> <span class='ocrx_word' id='word_1_14' title='bbox 1923 416 2182 472; x_wconf 85' lang='lat' dir='ltr'><strong>fortasse</strong></span> <span class='ocrx_word' id='word_1_15' title='bbox 2216 414 2257 465; x_wconf 73' lang='grc' dir='ltr'><strong><em>Α</em></strong></span> <span class='ocrx_word' id='word_1_16' title='bbox 2291 415 2797 487; x_wconf 83' lang='lat' dir='ltr'><strong>cruciﬁgentibus</strong></span> <span class='ocrx_word' id='word_1_17' title='bbox 2836 417 3147 476; x_wconf 82' lang='lat' dir='ltr'><strong>Christum</strong></span> <span class='ocrx_word' id='word_1_18' title='bbox 3200 415 3504 474; x_wconf 85' lang='lat' dir='ltr'><strong>iudicium</strong></span> <span class='ocrx_word' id='word_1_19' title='bbox 3553 430 3626 473; x_wconf 85' lang='lat' dir='ltr'><strong>ex</strong></span> <span class='ocrx_word' id='word_1_20' title='bbox 3675 417 3959 489; x_wconf 80' lang='lat' dir='ltr'><strong>Apostoli</strong></span> 
     </span>
    </p>
   </div>
   <div class='ocr_carea' id='block_1_4' title="bbox 524 513 2177 586">
    <p class='ocr_par' dir='ltr' id='par_1_4' title="bbox 524 513 2177 586">
     <span class='ocr_line' id='line_1_4' title="bbox 524 513 2177 586; baseline -0.008 -3"><span class='ocrx_word' id='word_1_21' title='bbox 524 535 790 582; x_wconf 90' lang='lat' dir='ltr'><strong>numero</strong></span> <span class='ocrx_word' id='word_1_22' title='bbox 819 519 924 576; x_wconf 90' lang='lat' dir='ltr'><strong>ille</strong></span> <span class='ocrx_word' id='word_1_23' title='bbox 969 518 1160 573; x_wconf 92' lang='lat' dir='ltr'><strong>frater</strong></span> <span class='ocrx_word' id='word_1_24' title='bbox 1193 516 1326 581; x_wconf 93' lang='lat' dir='ltr'><strong>fuit,</strong></span> <span class='ocrx_word' id='word_1_25' title='bbox 1362 529 1550 586; x_wconf 88' lang='lat' dir='ltr'><strong>quem</strong></span> <span class='ocrx_word' id='word_1_26' title='bbox 1586 514 1888 570; x_wconf 79' lang='lat' dir='ltr'><strong>Macarius</strong></span> <span class='ocrx_word' id='word_1_27' title='bbox 1923 513 2177 570; x_wconf 78' lang='lat' dir='ltr'><strong>Alexan-</strong></span> 
     </span>
    </p>
   </div>
   <div class='ocr_carea' id='block_1_5' title="bbox 517 613 2177 685">
    <p class='ocr_par' dir='ltr' id='par_1_5' title="bbox 517 613 2177 685">
     <span class='ocr_line' id='line_1_5' title="bbox 517 613 2177 685; baseline -0.008 -5"><span class='ocrx_word' id='word_1_28' title='bbox 517 622 738 680; x_wconf 91' lang='lat' dir='ltr'><strong>drinus</strong></span> <span class='ocrx_word' id='word_1_29' title='bbox 769 616 1154 675; x_wconf 90' lang='lat' dir='ltr'><strong>Cellularum</strong></span> <span class='ocrx_word' id='word_1_30' title='bbox 1189 614 1516 685; x_wconf 83' lang='lat' dir='ltr'><strong>presbyter</strong></span> <span class='ocrx_word' id='word_1_31' title='bbox 1558 617 1646 668; x_wconf 91' lang='lat' dir='ltr'><strong>tot</strong></span> <span class='ocrx_word' id='word_1_32' title='bbox 1679 626 1920 668; x_wconf 83' lang='lat' dir='ltr'><strong>menses</strong></span> <span class='ocrx_word' id='word_1_33' title='bbox 1971 613 2177 682; x_wconf 89' lang='lat' dir='ltr'><strong>quoti-</strong></span> 
     </span>
    </p>
   </div>
   <div class='ocr_carea' id='block_1_6' title="bbox 519 711 1776 784">
    <p class='ocr_par' dir='ltr' id='par_1_6' title="bbox 519 711 1776 784">
     <span class='ocr_line' id='line_1_6' title="bbox 519 711 1776 784; baseline -0.01 -8"><span class='ocrx_word' id='word_1_34' title='bbox 519 719 621 777; x_wconf 89' lang='lat' dir='ltr'><strong>die</strong></span> <span class='ocrx_word' id='word_1_35' title='bbox 653 716 868 774; x_wconf 92' lang='lat' dir='ltr'><strong>adiens</strong></span> <span class='ocrx_word' id='word_1_36' title='bbox 892 727 1144 784; x_wconf 86' lang='lat' dir='ltr'><strong>semper</strong></span> <span class='ocrx_word' id='word_1_37' title='bbox 1193 716 1475 768; x_wconf 89' lang='lat' dir='ltr'><strong>orantem</strong></span> <span class='ocrx_word' id='word_1_38' title='bbox 1522 711 1776 767; x_wconf 89' lang='lat' dir='ltr'><strong>invenit.</strong></span> 
     </span>
    </p>
   </div>
   <div class='ocr_carea' id='block_1_7' title="bbox 601 806 2180 885">
    <p class='ocr_par' dir='ltr' id='par_1_7' title="bbox 601 806 2180 885">
     <span class='ocr_line' id='line_1_7' title="bbox 601 806 2180 885; baseline -0.004 -14"><span class='ocrx_word' id='word_1_39' title='bbox 601 813 911 885; x_wconf 86' lang='lat' dir='ltr'><strong>Expositis</strong></span> <span class='ocrx_word' id='word_1_40' title='bbox 955 811 1142 882; x_wconf 84' lang='lat' dir='ltr'><strong>igitur</strong></span> <span class='ocrx_word' id='word_1_41' title='bbox 1175 811 1269 878; x_wconf 91' lang='lat' dir='ltr'><strong>iis,</strong></span> <span class='ocrx_word' id='word_1_42' title='bbox 1324 823 1482 881; x_wconf 89' lang='lat' dir='ltr'><strong>quae</strong></span> <span class='ocrx_word' id='word_1_43' title='bbox 1529 809 1587 865; x_wconf 92' lang='lat' dir='ltr'><strong>in</strong></span> <span class='ocrx_word' id='word_1_44' title='bbox 1628 806 2180 878; x_wconf 82' lang='lat' dir='ltr'><strong>Apophthegmatis</strong></span> 
     </span>
    </p>
   </div>
   <div class='ocr_carea' id='block_1_8' title="bbox 529 903 2176 976">
    <p class='ocr_par' dir='ltr' id='par_1_8' title="bbox 529 903 2176 976">
     <span class='ocr_line' id='line_1_8' title="bbox 529 903 2176 976; baseline -0.005 -8"><span class='ocrx_word' id='word_1_45' title='bbox 529 911 655 969; x_wconf 88' lang='lat' dir='ltr'><strong>illis</strong></span> <span class='ocrx_word' id='word_1_46' title='bbox 711 911 787 966; x_wconf 92' lang='lat' dir='ltr'><strong>de</strong></span> <span class='ocrx_word' id='word_1_47' title='bbox 834 908 1098 966; x_wconf 89' lang='lat' dir='ltr'><strong>Macario</strong></span> <span class='ocrx_word' id='word_1_48' title='bbox 1152 905 1566 964; x_wconf 88' lang='lat' dir='ltr'><strong>Alexandrino</strong></span> <span class='ocrx_word' id='word_1_49' title='bbox 1621 903 2042 976; x_wconf 89' lang='lat' dir='ltr'><strong>reperiuntur,</strong></span> <span class='ocrx_word' id='word_1_50' title='bbox 2102 904 2176 960; x_wconf 91' lang='lat' dir='ltr'><strong>ad</strong></span> 
     </span>
    </p>
   </div>
   <div class='ocr_carea' id='block_1_9' title="bbox 521 1002 2179 1082">
    <p class='ocr_par' dir='ltr' id='par_1_9' title="bbox 521 1002 2179 1082">
     <span class='ocr_line' id='line_1_9' title="bbox 521 1002 2179 1082; baseline -0.005 -16"><span class='ocrx_word' id='word_1_51' title='bbox 521 1007 934 1082; x_wconf 86' lang='lat' dir='ltr'><strong>appendicem</strong></span> <span class='ocrx_word' id='word_1_52' title='bbox 983 1005 1590 1077; x_wconf 84' lang='lat' dir='ltr'><strong>Apophthegmatum</strong></span> <span class='ocrx_word' id='word_1_53' title='bbox 1625 1002 1918 1059; x_wconf 90' lang='lat' dir='ltr'><strong>ineditam</strong></span> <span class='ocrx_word' id='word_1_54' title='bbox 1974 1007 2179 1058; x_wconf 89' lang='lat' dir='ltr'><strong>trans-</strong></span> 
     </span>
    </p>
   </div>
   <div class='ocr_carea' id='block_1_10' title="bbox 523 1105 903 1164">
    <p class='ocr_par' dir='ltr' id='par_1_10' title="bbox 523 1105 903 1164">
     <span class='ocr_line' id='line_1_10' title="bbox 523 1105 903 1164; baseline -0.013 0"><span class='ocrx_word' id='word_1_55' title='bbox 523 1107 619 1164; x_wconf 91' lang='lat' dir='ltr'><strong>ire</strong></span> <span class='ocrx_word' id='word_1_56' title='bbox 669 1105 903 1163; x_wconf 89' lang='lat' dir='ltr'><strong>licebit.</strong></span> 
     </span>
    </p>
   </div>
   <div class='ocr_carea' id='block_1_11' title="bbox 605 1196 2176 1278">
    <p class='ocr_par' dir='ltr' id='par_1_11' title="bbox 605 1196 2176 1278">
     <span class='ocr_line' id='line_1_11' title="bbox 605 1196 2176 1278; baseline -0.006 -16"><span class='ocrx_word' id='word_1_57' title='bbox 662 1204 760 1262; x_wconf 74' lang='grc' dir='ltr'><strong>Ιιο.</strong></span> <span class='ocrx_word' id='word_1_58' title='bbox 799 1203 1038 1259; x_wconf 88' lang='lat' dir='ltr'><strong>Etenim</strong></span> <span class='ocrx_word' id='word_1_59' title='bbox 1072 1202 1132 1256; x_wconf 92' lang='lat' dir='ltr'><strong>in</strong></span> <span class='ocrx_word' id='word_1_60' title='bbox 1163 1215 1238 1257; x_wconf 88' lang='lat' dir='ltr'><strong>ea</strong></span> <span class='ocrx_word' id='word_1_61' title='bbox 1277 1196 1646 1270; x_wconf 82' lang='lat' dir='ltr'><strong>appendice,</strong></span> <span class='ocrx_word' id='word_1_62' title='bbox 1688 1197 1867 1255; x_wconf 91' lang='lat' dir='ltr'><strong>cuius</strong></span> <span class='ocrx_word' id='word_1_63' title='bbox 1895 1198 2176 1255; x_wconf 90' lang='lat' dir='ltr'><strong>codicem</strong></span> 
     </span>
    </p>
   </div>
   <div class='ocr_carea' id='block_1_12' title="bbox 523 1293 2175 1370">
    <p class='ocr_par' dir='ltr' id='par_1_12' title="bbox 523 1293 2175 1370">
     <span class='ocr_line' id='line_1_12' title="bbox 523 1293 2175 1370; baseline -0.004 -12"><span class='ocrx_word' id='word_1_64' title='bbox 523 1303 591 1360; x_wconf 90' lang='lat' dir='ltr'><strong>in</strong></span> <span class='ocrx_word' id='word_1_65' title='bbox 623 1300 1004 1357; x_wconf 84' lang='lat' dir='ltr'><strong>bibliotheca</strong></span> <span class='ocrx_word' id='word_1_66' title='bbox 1057 1299 1351 1356; x_wconf 89' lang='lat' dir='ltr'><strong>Caesarea</strong></span> <span class='ocrx_word' id='word_1_67' title='bbox 1402 1295 1862 1353; x_wconf 87' lang='lat' dir='ltr'><strong>Vindobonensi</strong></span> <span class='ocrx_word' id='word_1_68' title='bbox 1903 1296 2029 1352; x_wconf 91' lang='lat' dir='ltr'><strong>adii</strong></span> <span class='ocrx_word' id='word_1_69' title='bbox 2065 1293 2175 1370; x_wconf 81' lang='lat'>(2),</span> 
     </span>
    </p>
   </div>
   <div class='ocr_carea' id='block_1_13' title="bbox 521 1393 2178 1464">
    <p class='ocr_par' dir='ltr' id='par_1_13' title="bbox 521 1393 2178 1464">
     <span class='ocr_line' id='line_1_13' title="bbox 521 1393 2178 1464; baseline -0.005 -7"><span class='ocrx_word' id='word_1_70' title='bbox 521 1405 649 1458; x_wconf 87' lang='lat' dir='ltr'><strong>tres</strong></span> <span class='ocrx_word' id='word_1_71' title='bbox 688 1397 988 1455; x_wconf 87' lang='lat' dir='ltr'><strong>historiae</strong></span> <span class='ocrx_word' id='word_1_72' title='bbox 1033 1396 1110 1452; x_wconf 94' lang='lat' dir='ltr'><strong>de</strong></span> <span class='ocrx_word' id='word_1_73' title='bbox 1143 1395 1408 1452; x_wconf 89' lang='lat' dir='ltr'><strong>Macario</strong></span> <span class='ocrx_word' id='word_1_74' title='bbox 1457 1398 1718 1452; x_wconf 82' lang='lat' dir='ltr'><strong>exstant.</strong></span> <span class='ocrx_word' id='word_1_75' title='bbox 1767 1407 2036 1464; x_wconf 90' lang='lat' dir='ltr'><strong>quarum</strong></span> <span class='ocrx_word' id='word_1_76' title='bbox 2071 1393 2178 1450; x_wconf 89' lang='lat' dir='ltr'><strong>ul-</strong></span> 
     </span>
    </p>
   </div>
   <div class='ocr_carea' id='block_1_14' title="bbox 520 1490 2174 1554">
    <p class='ocr_par' dir='ltr' id='par_1_14' title="bbox 520 1490 2174 1554">
     <span class='ocr_line' id='line_1_14' title="bbox 520 1490 2174 1554; baseline -0.004 0"><span class='ocrx_word' id='word_1_77' title='bbox 520 1496 738 1554; x_wconf 91' lang='lat' dir='ltr'><strong>timam</strong></span> <span class='ocrx_word' id='word_1_78' title='bbox 785 1495 861 1551; x_wconf 91' lang='lat' dir='ltr'><strong>de</strong></span> <span class='ocrx_word' id='word_1_79' title='bbox 909 1500 1158 1551; x_wconf 89' lang='lat' dir='ltr'><strong>mortuo</strong></span> <span class='ocrx_word' id='word_1_80' title='bbox 1208 1493 1283 1549; x_wconf 90' lang='lat' dir='ltr'><strong>ad</strong></span> <span class='ocrx_word' id='word_1_81' title='bbox 1329 1490 1739 1549; x_wconf 85' lang='lat' dir='ltr'><strong>refellendum</strong></span> <span class='ocrx_word' id='word_1_82' title='bbox 1794 1490 2174 1548; x_wconf 87' lang='lat' dir='ltr'><strong>Hieracitam</strong></span> 
     </span>
    </p>
   </div>
   <div class='ocr_carea' id='block_1_15' title="bbox 516 1588 2176 1660">
    <p class='ocr_par' dir='ltr' id='par_1_15' title="bbox 516 1588 2176 1660">
     <span class='ocr_line' id='line_1_15' title="bbox 516 1588 2176 1660; baseline -0.003 -8"><span class='ocrx_word' id='word_1_83' title='bbox 516 1593 901 1652; x_wconf 89' lang='lat' dir='ltr'><strong>haereticum</strong></span> <span class='ocrx_word' id='word_1_84' title='bbox 975 1608 1004 1648; x_wconf 87' lang='lat' dir='ltr'><strong>a</strong></span> <span class='ocrx_word' id='word_1_85' title='bbox 1091 1590 1355 1648; x_wconf 87' lang='lat' dir='ltr'><strong>Macario</strong></span> <span class='ocrx_word' id='word_1_86' title='bbox 1434 1588 1740 1660; x_wconf 84' lang='lat' dir='ltr'><strong>Aegyptio</strong></span> <span class='ocrx_word' id='word_1_87' title='bbox 1812 1589 2176 1647; x_wconf 89' lang='lat' dir='ltr'><strong>resuscitato</strong></span> 
     </span>
    </p>
   </div>
   <div class='ocr_carea' id='block_1_16' title="bbox 516 1686 2176 1758">
    <p class='ocr_par' dir='ltr' id='par_1_16' title="bbox 516 1686 2176 1758">
     <span class='ocr_line' id='line_1_16' title="bbox 516 1686 2176 1758; baseline -0.004 -9"><span class='ocrx_word' id='word_1_88' title='bbox 516 1705 662 1750; x_wconf 91' lang='lat' dir='ltr'><strong>cum</strong></span> <span class='ocrx_word' id='word_1_89' title='bbox 735 1690 1075 1746; x_wconf 88' lang='lat' dir='ltr'><strong>lectoribus</strong></span> <span class='ocrx_word' id='word_1_90' title='bbox 1149 1687 1754 1745; x_wconf 89' lang='lat' dir='ltr'><strong>communicavimus</strong></span> <span class='ocrx_word' id='word_1_91' title='bbox 1831 1688 1940 1758; x_wconf 79' lang='grc'><strong>(3).</strong></span> <span class='ocrx_word' id='word_1_92' title='bbox 2020 1686 2176 1744; x_wconf 82' lang='lat' dir='ltr'><strong>Reli-</strong></span> 
     </span>
    </p>
   </div>
   <div class='ocr_carea' id='block_1_17' title="bbox 2291 514 2945 573">
    <p class='ocr_par' dir='ltr' id='par_1_17' title="bbox 2291 514 2945 573">
     <span class='ocr_line' id='line_1_17' title="bbox 2291 514 2945 573; baseline -0.002 -3"><span class='ocrx_word' id='word_1_93' title='bbox 2291 514 2499 572; x_wconf 89' lang='lat' dir='ltr'><strong>verbis</strong></span> <span class='ocrx_word' id='word_1_94' title='bbox 2545 516 2868 573; x_wconf 82' lang='lat' dir='ltr'><strong>subibunt.</strong></span> <span class='ocrx_word' id='word_1_95' title='bbox 2918 536 2945 569; x_wconf 72' lang='grc' dir='ltr'><strong>ν)</strong></span> 
     </span>
    </p>
   </div>
   <div class='ocr_carea' id='block_1_18' title="bbox 2377 612 3956 680">
    <p class='ocr_par' dir='ltr' id='par_1_18' title="bbox 2377 612 3956 680">
     <span class='ocr_line' id='line_1_18' title="bbox 2377 612 3956 680; baseline 0.001 -12"><span class='ocrx_word' id='word_1_96' title='bbox 2377 632 2398 662; x_wconf 77' lang='grc' dir='ltr'><strong><em>ι</em></strong></span> <span class='ocrx_word' id='word_1_97' title='bbox 2440 612 2602 669; x_wconf 90' lang='lat' dir='ltr'><strong>Alias</strong></span> <span class='ocrx_word' id='word_1_98' title='bbox 2644 614 2963 671; x_wconf 89' lang='lat' dir='ltr'><strong>confessus</strong></span> <span class='ocrx_word' id='word_1_99' title='bbox 3010 620 3100 671; x_wconf 89' lang='lat' dir='ltr'><strong>est</strong></span> <span class='ocrx_word' id='word_1_100' title='bbox 3145 615 3443 671; x_wconf 89' lang='lat' dir='ltr'><strong>Macarius</strong></span> <span class='ocrx_word' id='word_1_101' title='bbox 3475 613 3716 671; x_wconf 90' lang='lat' dir='ltr'><strong>abbas:</strong></span> <span class='ocrx_word' id='word_1_102' title='bbox 3751 613 3956 680; x_wconf 89' lang='lat' dir='ltr'><strong>Quum</strong></span> 
     </span>
    </p>
   </div>
   <div class='ocr_carea' id='block_1_19' title="bbox 2289 709 3955 783">
    <p class='ocr_par' dir='ltr' id='par_1_19' title="bbox 2289 709 3955 783">
     <span class='ocr_line' id='line_1_19' title="bbox 2289 709 3955 783; baseline 0.001 -17"><span class='ocrx_word' id='word_1_103' title='bbox 2289 709 2502 767; x_wconf 85' lang='lat' dir='ltr'><strong>iunior</strong></span> <span class='ocrx_word' id='word_1_104' title='bbox 2555 725 2754 768; x_wconf 87' lang='lat' dir='ltr'><strong>essem</strong></span> <span class='ocrx_word' id='word_1_105' title='bbox 2812 712 3106 783; x_wconf 85' lang='lat' dir='ltr'><strong>curisque</strong></span> <span class='ocrx_word' id='word_1_106' title='bbox 3164 712 3226 768; x_wconf 90' lang='lat' dir='ltr'><strong>in</strong></span> <span class='ocrx_word' id='word_1_107' title='bbox 3286 712 3442 768; x_wconf 89' lang='lat' dir='ltr'><strong>cella</strong></span> <span class='ocrx_word' id='word_1_108' title='bbox 3513 725 3822 782; x_wconf 89' lang='lat' dir='ltr'><strong>vacarem,</strong></span> <span class='ocrx_word' id='word_1_109' title='bbox 3893 711 3955 767; x_wconf 84' lang='lat' dir='ltr'><strong>in</strong></span> 
     </span>
    </p>
   </div>
   <div class='ocr_carea' id='block_1_20' title="bbox 2289 809 3948 881">
    <p class='ocr_par' dir='ltr' id='par_1_20' title="bbox 2289 809 3948 881">
     <span class='ocr_line' id='line_1_20' title="bbox 2289 809 3948 881; baseline 0 -16"><span class='ocrx_word' id='word_1_110' title='bbox 2289 822 2572 865; x_wconf 92' lang='lat' dir='ltr'><strong>eremum</strong></span> <span class='ocrx_word' id='word_1_111' title='bbox 2625 810 2937 880; x_wconf 86' lang='lat' dir='ltr'><strong>profectus</strong></span> <span class='ocrx_word' id='word_1_112' title='bbox 2987 824 3232 865; x_wconf 89' lang='lat' dir='ltr'><strong>mecum</strong></span> <span class='ocrx_word' id='word_1_113' title='bbox 3291 817 3585 881; x_wconf 87' lang='lat' dir='ltr'><strong>reputans</strong></span> <span class='ocrx_word' id='word_1_114' title='bbox 3630 809 3757 865; x_wconf 87' lang='lat' dir='ltr'><strong>dixi</strong></span> <span class='ocrx_word' id='word_1_115' title='bbox 3797 809 3948 865; x_wconf 84' lang='lat' dir='ltr'><strong>:Cui</strong></span> 
     </span>
    </p>
   </div>
   <div class='ocr_carea' id='block_1_21' title="bbox 2287 906 3957 978">
    <p class='ocr_par' dir='ltr' id='par_1_21' title="bbox 2287 906 3957 978">
     <span class='ocr_line' id='line_1_21' title="bbox 2287 906 3957 978; baseline -0.002 -14"><span class='ocrx_word' id='word_1_116' title='bbox 2287 906 2588 971; x_wconf 91' lang='lat' dir='ltr'><strong>occurris,</strong></span> <span class='ocrx_word' id='word_1_117' title='bbox 2644 922 2788 964; x_wconf 92' lang='lat' dir='ltr'><strong>eum</strong></span> <span class='ocrx_word' id='word_1_118' title='bbox 2840 907 3152 978; x_wconf 88' lang='lat' dir='ltr'><strong>interroga</strong></span> <span class='ocrx_word' id='word_1_119' title='bbox 3202 921 3318 978; x_wconf 88' lang='lat' dir='ltr'><strong>pro</strong></span> <span class='ocrx_word' id='word_1_120' title='bbox 3365 906 3631 964; x_wconf 89' lang='lat' dir='ltr'><strong>utilitate</strong></span> <span class='ocrx_word' id='word_1_121' title='bbox 3667 914 3799 964; x_wconf 92' lang='lat' dir='ltr'><strong>tua.</strong></span> <span class='ocrx_word' id='word_1_122' title='bbox 3862 909 3957 962; x_wconf 79' lang='lat' dir='ltr'><strong>At-</strong></span> 
     </span>
    </p>
   </div>
   <div class='ocr_carea' id='block_1_22' title="bbox 2287 1005 3953 1076">
    <p class='ocr_par' dir='ltr' id='par_1_22' title="bbox 2287 1005 3953 1076">
     <span class='ocr_line' id='line_1_22' title="bbox 2287 1005 3953 1076; baseline -0.001 -15"><span class='ocrx_word' id='word_1_123' title='bbox 2287 1018 2409 1076; x_wconf 89' lang='lat' dir='ltr'><strong>que</strong></span> <span class='ocrx_word' id='word_1_124' title='bbox 2467 1006 2800 1074; x_wconf 91' lang='lat' dir='ltr'><strong>puerulum</strong></span> <span class='ocrx_word' id='word_1_125' title='bbox 2849 1005 3054 1062; x_wconf 90' lang='lat' dir='ltr'><strong>inveni</strong></span> <span class='ocrx_word' id='word_1_126' title='bbox 3109 1005 3297 1063; x_wconf 87' lang='lat' dir='ltr'><strong>boves</strong></span> <span class='ocrx_word' id='word_1_127' title='bbox 3352 1009 3730 1076; x_wconf 85' lang='lat' dir='ltr'><strong>pascentem,</strong></span> <span class='ocrx_word' id='word_1_128' title='bbox 3795 1006 3898 1061; x_wconf 91' lang='lat' dir='ltr'><strong>cui</strong></span> <span class='ocrx_word' id='word_1_129' title='bbox 3944 1023 3953 1060; x_wconf 94' lang='lat'>:</span> 
     </span>
    </p>
   </div>
   <div class='ocr_carea' id='block_1_23' title="bbox 2287 1100 3957 1174">
    <p class='ocr_par' dir='ltr' id='par_1_23' title="bbox 2287 1100 3957 1174">
     <span class='ocr_line' id='line_1_23' title="bbox 2287 1100 3957 1174; baseline -0.001 -16"><span class='ocrx_word' id='word_1_130' title='bbox 2287 1101 2467 1169; x_wconf 86' lang='lat' dir='ltr'><strong>Quid,</strong></span> <span class='ocrx_word' id='word_1_131' title='bbox 2505 1101 2785 1174; x_wconf 88' lang='lat' dir='ltr'><strong>inquam,</strong></span> <span class='ocrx_word' id='word_1_132' title='bbox 2819 1103 3065 1172; x_wconf 87' lang='lat' dir='ltr'><strong>faciam,</strong></span> <span class='ocrx_word' id='word_1_133' title='bbox 3098 1101 3380 1173; x_wconf 84' lang='lat' dir='ltr'><strong>puerule,</strong></span> <span class='ocrx_word' id='word_1_134' title='bbox 3421 1101 3568 1174; x_wconf 88' lang='lat' dir='ltr'><strong>quia</strong></span> <span class='ocrx_word' id='word_1_135' title='bbox 3602 1102 3813 1159; x_wconf 90' lang='lat' dir='ltr'><strong>esurio</strong></span> <span class='ocrx_word' id='word_1_136' title='bbox 3839 1100 3871 1160; x_wconf 59' lang='grc' dir='ltr'><em>ἢ</em></span> <span class='ocrx_word' id='word_1_137' title='bbox 3903 1101 3957 1157; x_wconf 84' lang='lat' dir='ltr'><strong>Is.</strong></span> 
     </span>
    </p>
   </div>
   <div class='ocr_carea' id='block_1_24' title="bbox 2291 1199 3951 1272">
    <p class='ocr_par' dir='ltr' id='par_1_24' title="bbox 2291 1199 3951 1272">
     <span class='ocr_line' id='line_1_24' title="bbox 2291 1199 3951 1272; baseline 0.002 -18"><span class='ocrx_word' id='word_1_138' title='bbox 2291 1199 2443 1255; x_wconf 87' lang='lat' dir='ltr'><strong>mihi</strong></span> <span class='ocrx_word' id='word_1_139' title='bbox 2477 1215 2489 1255; x_wconf 91' lang='lat'>:</span> <span class='ocrx_word' id='word_1_140' title='bbox 2521 1200 2812 1266; x_wconf 84' lang='lat' dir='ltr'><strong>Comede,</strong></span> <span class='ocrx_word' id='word_1_141' title='bbox 2858 1200 3083 1272; x_wconf 86' lang='lat' dir='ltr'><strong>inquit,</strong></span> <span class='ocrx_word' id='word_1_142' title='bbox 3145 1201 3417 1258; x_wconf 88' lang='lat' dir='ltr'><strong>tandem.</strong></span> <span class='ocrx_word' id='word_1_143' title='bbox 3455 1200 3606 1256; x_wconf 92' lang='lat' dir='ltr'><strong>Tum</strong></span> <span class='ocrx_word' id='word_1_144' title='bbox 3640 1213 3753 1272; x_wconf 93' lang='lat' dir='ltr'><strong>ego</strong></span> <span class='ocrx_word' id='word_1_145' title='bbox 3789 1216 3799 1254; x_wconf 93' lang='lat'>:</span> <span class='ocrx_word' id='word_1_146' title='bbox 3840 1200 3951 1257; x_wconf 92' lang='lat' dir='ltr'><strong>Co-</strong></span> 
     </span>
    </p>
   </div>
   <div class='ocr_carea' id='block_1_25' title="bbox 2289 1297 3948 1363">
    <p class='ocr_par' dir='ltr' id='par_1_25' title="bbox 2289 1297 3948 1363">
     <span class='ocr_line' id='line_1_25' title="bbox 2289 1297 3948 1363; baseline 0 -11"><span class='ocrx_word' id='word_1_147' title='bbox 2289 1297 2478 1363; x_wconf 91' lang='lat' dir='ltr'><strong>medi,</strong></span> <span class='ocrx_word' id='word_1_148' title='bbox 2511 1298 2616 1354; x_wconf 92' lang='lat' dir='ltr'><strong>sed</strong></span> <span class='ocrx_word' id='word_1_149' title='bbox 2651 1298 2880 1354; x_wconf 89' lang='lat' dir='ltr'><strong>iterum</strong></span> <span class='ocrx_word' id='word_1_150' title='bbox 2912 1299 3144 1355; x_wconf 88' lang='lat' dir='ltr'><strong>esurio.</strong></span> <span class='ocrx_word' id='word_1_151' title='bbox 3187 1299 3269 1355; x_wconf 92' lang='lat' dir='ltr'><strong>Ac</strong></span> <span class='ocrx_word' id='word_1_152' title='bbox 3298 1312 3514 1355; x_wconf 89' lang='lat' dir='ltr'><strong>rursus</strong></span> <span class='ocrx_word' id='word_1_153' title='bbox 3557 1297 3714 1354; x_wconf 92' lang='lat' dir='ltr'><strong>mihi</strong></span> <span class='ocrx_word' id='word_1_154' title='bbox 3742 1297 3901 1354; x_wconf 81' lang='lat' dir='ltr'><strong>dixit</strong></span> <span class='ocrx_word' id='word_1_155' title='bbox 3939 1315 3948 1351; x_wconf 91' lang='lat'>:</span> 
     </span>
    </p>
   </div>
   <div class='ocr_carea' id='block_1_26' title="bbox 2287 1395 3957 1468">
    <p class='ocr_par' dir='ltr' id='par_1_26' title="bbox 2287 1395 3957 1468">
     <span class='ocr_line' id='line_1_26' title="bbox 2287 1395 3957 1468; baseline 0.001 -17"><span class='ocrx_word' id='word_1_156' title='bbox 2287 1395 2692 1466; x_wconf 85' lang='lat' dir='ltr'><strong>Ergoiterum</strong></span> <span class='ocrx_word' id='word_1_157' title='bbox 2721 1396 3003 1454; x_wconf 87' lang='lat' dir='ltr'><strong>comede.</strong></span> <span class='ocrx_word' id='word_1_158' title='bbox 3035 1396 3336 1453; x_wconf 90' lang='lat' dir='ltr'><strong>Similiter</strong></span> <span class='ocrx_word' id='word_1_159' title='bbox 3357 1399 3417 1453; x_wconf 90' lang='lat' dir='ltr'><strong>et</strong></span> <span class='ocrx_word' id='word_1_160' title='bbox 3440 1410 3552 1467; x_wconf 88' lang='lat' dir='ltr'><strong>ego</strong></span> <span class='ocrx_word' id='word_1_161' title='bbox 3583 1412 3595 1450; x_wconf 94' lang='lat'>:</span> <span class='ocrx_word' id='word_1_162' title='bbox 3634 1396 3957 1468; x_wconf 86' lang='lat' dir='ltr'><strong>Saepenu-</strong></span> 
     </span>
    </p>
   </div>
   <div class='ocr_carea' id='block_1_27' title="bbox 2290 1494 3946 1565">
    <p class='ocr_par' dir='ltr' id='par_1_27' title="bbox 2290 1494 3946 1565">
     <span class='ocr_line' id='line_1_27' title="bbox 2290 1494 3946 1565; baseline 0.001 -16"><span class='ocrx_word' id='word_1_163' title='bbox 2290 1506 2485 1560; x_wconf 88' lang='lat' dir='ltr'><strong>mero,</strong></span> <span class='ocrx_word' id='word_1_164' title='bbox 2535 1494 2812 1565; x_wconf 90' lang='lat' dir='ltr'><strong>inquam,</strong></span> <span class='ocrx_word' id='word_1_165' title='bbox 2849 1494 3118 1559; x_wconf 89' lang='lat' dir='ltr'><strong>comedi,</strong></span> <span class='ocrx_word' id='word_1_166' title='bbox 3167 1495 3501 1565; x_wconf 91' lang='lat' dir='ltr'><strong>denuoque</strong></span> <span class='ocrx_word' id='word_1_167' title='bbox 3530 1508 3781 1565; x_wconf 85' lang='lat' dir='ltr'><strong>semper</strong></span> <span class='ocrx_word' id='word_1_168' title='bbox 3810 1509 3946 1550; x_wconf 89' lang='lat' dir='ltr'><strong>esu-</strong></span> 
     </span>
    </p>
   </div>
   <div class='ocr_carea' id='block_1_28' title="bbox 2288 1591 3952 1663">
    <p class='ocr_par' dir='ltr' id='par_1_28' title="bbox 2288 1591 3952 1663">
     <span class='ocr_line' id='line_1_28' title="bbox 2288 1591 3952 1663; baseline 0 -15"><span class='ocrx_word' id='word_1_169' title='bbox 2288 1591 2414 1662; x_wconf 92' lang='lat' dir='ltr'><strong>pio.</strong></span> <span class='ocrx_word' id='word_1_170' title='bbox 2454 1591 2540 1648; x_wconf 93' lang='lat' dir='ltr'><strong>Ad</strong></span> <span class='ocrx_word' id='word_1_171' title='bbox 2573 1592 2725 1648; x_wconf 91' lang='lat' dir='ltr'><strong>haec</strong></span> <span class='ocrx_word' id='word_1_172' title='bbox 2756 1592 2865 1648; x_wconf 93' lang='lat' dir='ltr'><strong>ille</strong></span> <span class='ocrx_word' id='word_1_173' title='bbox 2891 1592 3215 1663; x_wconf 87' lang='lat' dir='ltr'><strong>respondit</strong></span> <span class='ocrx_word' id='word_1_174' title='bbox 3249 1609 3260 1648; x_wconf 94' lang='lat'>:</span> <span class='ocrx_word' id='word_1_175' title='bbox 3296 1591 3426 1649; x_wconf 82' lang='lat' dir='ltr'><strong>Non</strong></span> <span class='ocrx_word' id='word_1_176' title='bbox 3460 1592 3727 1649; x_wconf 90' lang='lat' dir='ltr'><strong>multum</strong></span> <span class='ocrx_word' id='word_1_177' title='bbox 3753 1592 3952 1660; x_wconf 88' lang='lat' dir='ltr'><strong>abest,</strong></span> 
     </span>
    </p>
   </div>
   <div class='ocr_carea' id='block_1_29' title="bbox 2290 1690 3951 1762">
    <p class='ocr_par' dir='ltr' id='par_1_29' title="bbox 2290 1690 3951 1762">
     <span class='ocr_line' id='line_1_29' title="bbox 2290 1690 3951 1762; baseline 0.001 -16"><span class='ocrx_word' id='word_1_178' title='bbox 2290 1695 2354 1746; x_wconf 90' lang='lat' dir='ltr'><strong>ut</strong></span> <span class='ocrx_word' id='word_1_179' title='bbox 2402 1690 2613 1747; x_wconf 90' lang='lat' dir='ltr'><strong>asinus</strong></span> <span class='ocrx_word' id='word_1_180' title='bbox 2661 1690 2765 1756; x_wconf 90' lang='lat' dir='ltr'><strong>sis,</strong></span> <span class='ocrx_word' id='word_1_181' title='bbox 2823 1691 3005 1756; x_wconf 91' lang='lat' dir='ltr'><strong>abba,</strong></span> <span class='ocrx_word' id='word_1_182' title='bbox 3055 1691 3293 1762; x_wconf 86' lang='lat' dir='ltr'><strong>quippe</strong></span> <span class='ocrx_word' id='word_1_183' title='bbox 3335 1690 3442 1762; x_wconf 91' lang='lat' dir='ltr'><strong>qui</strong></span> <span class='ocrx_word' id='word_1_184' title='bbox 3493 1705 3743 1762; x_wconf 89' lang='lat' dir='ltr'><strong>semper</strong></span> <span class='ocrx_word' id='word_1_185' title='bbox 3785 1691 3951 1748; x_wconf 88' lang='lat' dir='ltr'><strong>vesci</strong></span> 
     </span>
    </p>
   </div>
   <div class='ocr_carea' id='block_1_30' title="bbox 517 1767 3818 1864">
    <p class='ocr_par' dir='ltr' id='par_1_30' title="bbox 517 1767 3818 1864">
     <span class='ocr_line' id='line_1_30' title="bbox 517 1767 3818 1864; baseline -0.002 -18"><span class='ocrx_word' id='word_1_186' title='bbox 517 1804 697 1862; x_wconf 92' lang='lat' dir='ltr'><strong>quae,</strong></span> <span class='ocrx_word' id='word_1_187' title='bbox 751 1801 1021 1860; x_wconf 90' lang='lat' dir='ltr'><strong>quarum</strong></span> <span class='ocrx_word' id='word_1_188' title='bbox 1072 1801 1193 1843; x_wconf 90' lang='lat' dir='ltr'><strong>una</strong></span> <span class='ocrx_word' id='word_1_189' title='bbox 1244 1786 1305 1842; x_wconf 92' lang='lat' dir='ltr'><strong>in</strong></span> <span class='ocrx_word' id='word_1_190' title='bbox 1355 1784 1590 1843; x_wconf 88' lang='lat' dir='ltr'><strong>codicis</strong></span> <span class='ocrx_word' id='word_1_191' title='bbox 1631 1783 1734 1841; x_wconf 85' lang='lat' dir='ltr'><strong>fol.</strong></span> <span class='ocrx_word' id='word_1_192' title='bbox 1794 1783 1923 1850; x_wconf 81' lang='grc'><strong>148,</strong></span> <span class='ocrx_word' id='word_1_193' title='bbox 1981 1785 2177 1843; x_wconf 87' lang='lat' dir='ltr'><strong>altera</strong></span> <span class='ocrx_word' id='word_1_194' title='bbox 2212 1767 2250 1819; x_wconf 74' lang='grc' dir='ltr'>Β</span> <span class='ocrx_word' id='word_1_195' title='bbox 2288 1787 2461 1845; x_wconf 88' lang='lat' dir='ltr'><strong>velis.</strong></span> <span class='ocrx_word' id='word_1_196' title='bbox 2497 1789 2706 1860; x_wconf 89' lang='lat' dir='ltr'><strong>Itaque</strong></span> <span class='ocrx_word' id='word_1_197' title='bbox 2752 1794 2965 1845; x_wconf 89' lang='lat' dir='ltr'><strong>nactus</strong></span> <span class='ocrx_word' id='word_1_198' title='bbox 2998 1788 3331 1845; x_wconf 89' lang='lat' dir='ltr'><strong>utilitatem</strong></span> <span class='ocrx_word' id='word_1_199' title='bbox 3360 1788 3610 1844; x_wconf 85' lang='lat' dir='ltr'><strong>discessi</strong></span> <span class='ocrx_word' id='word_1_200' title='bbox 3642 1785 3754 1864; x_wconf 79' lang='lat' dir='ltr'><strong>(li).</strong></span> <span class='ocrx_word' id='word_1_201' title='bbox 3799 1809 3818 1839; x_wconf 78' lang='grc' dir='ltr'><strong><em>ι</em></strong></span> 
     </span>
    </p>
   </div>
   <div class='ocr_carea' id='block_1_31' title="bbox 519 1882 2167 1954">
    <p class='ocr_par' dir='ltr' id='par_1_31' title="bbox 519 1882 2167 1954">
     <span class='ocr_line' id='line_1_31' title="bbox 519 1882 2167 1954; baseline -0.004 -10"><span class='ocrx_word' id='word_1_202' title='bbox 519 1887 627 1945; x_wconf 86' lang='lat' dir='ltr'><strong>fol.</strong></span> <span class='ocrx_word' id='word_1_203' title='bbox 690 1890 823 1952; x_wconf 80' lang='grc'><strong>161,</strong></span> <span class='ocrx_word' id='word_1_204' title='bbox 861 1889 883 1941; x_wconf 98' lang='grc'><strong>1</strong></span> <span class='ocrx_word' id='word_1_205' title='bbox 940 1886 1226 1954; x_wconf 89' lang='lat' dir='ltr'><strong>habetur,</strong></span> <span class='ocrx_word' id='word_1_206' title='bbox 1287 1884 1472 1940; x_wconf 86' lang='lat' dir='ltr'><strong>latine</strong></span> <span class='ocrx_word' id='word_1_207' title='bbox 1527 1882 1803 1939; x_wconf 88' lang='lat' dir='ltr'><strong>redditae</strong></span> <span class='ocrx_word' id='word_1_208' title='bbox 1835 1882 1950 1940; x_wconf 89' lang='lat' dir='ltr'><strong>hae</strong></span> <span class='ocrx_word' id='word_1_209' title='bbox 1980 1889 2167 1941; x_wconf 89' lang='lat' dir='ltr'><strong>sunt:</strong></span> 
     </span>
    </p>
   </div>
   <div class='ocr_carea' id='block_1_32' title="bbox 604 1981 2176 2050">
    <p class='ocr_par' dir='ltr' id='par_1_32' title="bbox 604 1981 2176 2050">
     <span class='ocr_line' id='line_1_32' title="bbox 604 1981 2176 2050; baseline 0.001 -13"><span class='ocrx_word' id='word_1_210' title='bbox 604 2007 627 2037; x_wconf 85' lang='grc'><strong>‹</strong></span> <span class='ocrx_word' id='word_1_211' title='bbox 664 1984 824 2042; x_wconf 85' lang='lat' dir='ltr'><strong>Dixit</strong></span> <span class='ocrx_word' id='word_1_212' title='bbox 883 1984 1183 2040; x_wconf 84' lang='lat' dir='ltr'><strong>Macarius</strong></span> <span class='ocrx_word' id='word_1_213' title='bbox 1231 1983 1472 2039; x_wconf 85' lang='lat' dir='ltr'><strong>abbas:</strong></span> <span class='ocrx_word' id='word_1_214' title='bbox 1506 1981 1663 2050; x_wconf 85' lang='lat' dir='ltr'><strong>Quid</strong></span> <span class='ocrx_word' id='word_1_215' title='bbox 1715 1981 1957 2038; x_wconf 88' lang='lat' dir='ltr'><strong>iudicas</strong></span> <span class='ocrx_word' id='word_1_216' title='bbox 1985 1982 2176 2039; x_wconf 90' lang='lat' dir='ltr'><strong>inter-</strong></span> 
     </span>
    </p>
   </div>
   <div class='ocr_carea' id='block_1_33' title="bbox 517 2080 2174 2152">
    <p class='ocr_par' dir='ltr' id='par_1_33' title="bbox 517 2080 2174 2152">
     <span class='ocr_line' id='line_1_33' title="bbox 517 2080 2174 2152; baseline -0.003 -11"><span class='ocrx_word' id='word_1_217' title='bbox 517 2084 789 2144; x_wconf 84' lang='lat' dir='ltr'><strong>fectores</strong></span> <span class='ocrx_word' id='word_1_218' title='bbox 836 2088 896 2140; x_wconf 89' lang='lat' dir='ltr'><strong>et</strong></span> <span class='ocrx_word' id='word_1_219' title='bbox 942 2082 1258 2140; x_wconf 87' lang='lat' dir='ltr'><strong>adulteros</strong></span> <span class='ocrx_word' id='word_1_220' title='bbox 1309 2086 1369 2139; x_wconf 88' lang='lat' dir='ltr'><strong>et</strong></span> <span class='ocrx_word' id='word_1_221' title='bbox 1412 2081 1895 2152; x_wconf 88' lang='lat' dir='ltr'><strong>sepulchrorum</strong></span> <span class='ocrx_word' id='word_1_222' title='bbox 1939 2080 2174 2152; x_wconf 91' lang='lat' dir='ltr'><strong>depila-</strong></span> 
     </span>
    </p>
   </div>
   <div class='ocr_carea' id='block_1_34' title="bbox 517 2177 2174 2253">
    <p class='ocr_par' dir='ltr' id='par_1_34' title="bbox 517 2177 2174 2253">
     <span class='ocr_line' id='line_1_34' title="bbox 517 2177 2174 2253; baseline -0.002 -13"><span class='ocrx_word' id='word_1_223' title='bbox 517 2188 706 2249; x_wconf 85' lang='lat' dir='ltr'><strong>tores,</strong></span> <span class='ocrx_word' id='word_1_224' title='bbox 754 2186 814 2238; x_wconf 90' lang='lat' dir='ltr'><strong>et</strong></span> <span class='ocrx_word' id='word_1_225' title='bbox 846 2183 895 2238; x_wconf 91' lang='lat' dir='ltr'><strong>si</strong></span> <span class='ocrx_word' id='word_1_226' title='bbox 943 2180 1083 2253; x_wconf 90' lang='lat' dir='ltr'><strong>quis</strong></span> <span class='ocrx_word' id='word_1_227' title='bbox 1134 2179 1295 2236; x_wconf 90' lang='lat' dir='ltr'><strong>alius</strong></span> <span class='ocrx_word' id='word_1_228' title='bbox 1323 2178 1631 2236; x_wconf 90' lang='lat' dir='ltr'><strong>eiusmodi</strong></span> <span class='ocrx_word' id='word_1_229' title='bbox 1667 2177 1817 2249; x_wconf 80' lang='lat' dir='ltr'><strong>legis</strong></span> <span class='ocrx_word' id='word_1_230' title='bbox 1864 2177 2174 2237; x_wconf 76' lang='lat' dir='ltr'><strong>violator?</strong></span> 
     </span>
    </p>
   </div>
   <div class='ocr_carea' id='block_1_35' title="bbox 519 2276 2173 2347">
    <p class='ocr_par' dir='ltr' id='par_1_35' title="bbox 519 2276 2173 2347">
     <span class='ocr_line' id='line_1_35' title="bbox 519 2276 2173 2347; baseline -0.003 -10"><span class='ocrx_word' id='word_1_231' title='bbox 519 2280 759 2337; x_wconf 85' lang='lat' dir='ltr'><strong>Habent</strong></span> <span class='ocrx_word' id='word_1_232' title='bbox 815 2279 1089 2336; x_wconf 87' lang='lat' dir='ltr'><strong>iudicem</strong></span> <span class='ocrx_word' id='word_1_233' title='bbox 1157 2291 1363 2334; x_wconf 87' lang='lat' dir='ltr'><strong>suum.</strong></span> <span class='ocrx_word' id='word_1_234' title='bbox 1452 2278 1651 2334; x_wconf 88' lang='lat' dir='ltr'><strong>Immo</strong></span> <span class='ocrx_word' id='word_1_235' title='bbox 1723 2276 1972 2347; x_wconf 87' lang='lat' dir='ltr'><strong>inquire</strong></span> <span class='ocrx_word' id='word_1_236' title='bbox 2050 2290 2173 2332; x_wconf 91' lang='lat' dir='ltr'><strong>non</strong></span> 
     </span>
    </p>
   </div>
   <div class='ocr_carea' id='block_1_36' title="bbox 515 2374 2173 2444">
    <p class='ocr_par' dir='ltr' id='par_1_36' title="bbox 515 2374 2173 2444">
     <span class='ocr_line' id='line_1_36' title="bbox 515 2374 2173 2444; baseline -0.004 -8"><span class='ocrx_word' id='word_1_237' title='bbox 515 2378 707 2436; x_wconf 89' lang='lat' dir='ltr'><strong>modo</strong></span> <span class='ocrx_word' id='word_1_238' title='bbox 747 2378 810 2434; x_wconf 90' lang='lat' dir='ltr'><strong>in</strong></span> <span class='ocrx_word' id='word_1_239' title='bbox 852 2377 1054 2433; x_wconf 88' lang='lat' dir='ltr'><strong>aliena</strong></span> <span class='ocrx_word' id='word_1_240' title='bbox 1097 2375 1394 2444; x_wconf 88' lang='lat' dir='ltr'><strong>facinora,</strong></span> <span class='ocrx_word' id='word_1_241' title='bbox 1473 2374 1580 2431; x_wconf 91' lang='lat' dir='ltr'><strong>sed</strong></span> <span class='ocrx_word' id='word_1_242' title='bbox 1610 2375 1797 2430; x_wconf 84' lang='lat' dir='ltr'><strong>etiam</strong></span> <span class='ocrx_word' id='word_1_243' title='bbox 1833 2374 1894 2430; x_wconf 91' lang='lat' dir='ltr'><strong>in</strong></span> <span class='ocrx_word' id='word_1_244' title='bbox 1947 2374 2173 2431; x_wconf 87' lang='lat' dir='ltr'><strong>delicta</strong></span> 
     </span>
    </p>
   </div>
   <div class='ocr_carea' id='block_1_37' title="bbox 515 2472 2174 2547">
    <p class='ocr_par' dir='ltr' id='par_1_37' title="bbox 515 2472 2174 2547">
     <span class='ocr_line' id='line_1_37' title="bbox 515 2472 2174 2547; baseline -0.003 -13"><span class='ocrx_word' id='word_1_245' title='bbox 515 2481 623 2534; x_wconf 82' lang='lat' dir='ltr'><strong>tua</strong></span> <span class='ocrx_word' id='word_1_246' title='bbox 675 2489 860 2547; x_wconf 88' lang='lat' dir='ltr'><strong>saepe</strong></span> <span class='ocrx_word' id='word_1_247' title='bbox 904 2472 1482 2546; x_wconf 82' lang='lat' dir='ltr'><strong>praemeditata,-et</strong></span> <span class='ocrx_word' id='word_1_248' title='bbox 1523 2477 1582 2529; x_wconf 90' lang='lat' dir='ltr'><strong>te</strong></span> <span class='ocrx_word' id='word_1_249' title='bbox 1615 2473 1819 2543; x_wconf 90' lang='lat' dir='ltr'><strong>ipsum</strong></span> <span class='ocrx_word' id='word_1_250' title='bbox 1872 2487 2174 2544; x_wconf 86' lang='lat' dir='ltr'><strong>saepenu-</strong></span> 
     </span>
    </p>
   </div>
   <div class='ocr_carea' id='block_1_38' title="bbox 519 2570 2172 2642">
    <p class='ocr_par' dir='ltr' id='par_1_38' title="bbox 519 2570 2172 2642">
     <span class='ocr_line' id='line_1_38' title="bbox 519 2570 2172 2642; baseline -0.004 -11"><span class='ocrx_word' id='word_1_251' title='bbox 519 2588 697 2632; x_wconf 91' lang='lat' dir='ltr'><strong>mero</strong></span> <span class='ocrx_word' id='word_1_252' title='bbox 745 2572 1023 2630; x_wconf 88' lang='lat' dir='ltr'><strong>invenies</strong></span> <span class='ocrx_word' id='word_1_253' title='bbox 1075 2570 1198 2628; x_wconf 89' lang='lat' dir='ltr'><strong>illis</strong></span> <span class='ocrx_word' id='word_1_254' title='bbox 1249 2570 1552 2642; x_wconf 89' lang='lat' dir='ltr'><strong>peiorem.</strong></span> <span class='ocrx_word' id='word_1_255' title='bbox 1628 2570 1776 2628; x_wconf 83' lang='lat' dir='ltr'><strong>Nam</strong></span> <span class='ocrx_word' id='word_1_256' title='bbox 1810 2576 1874 2627; x_wconf 87' lang='lat' dir='ltr'><strong>tu</strong></span> <span class='ocrx_word' id='word_1_257' title='bbox 1917 2584 2172 2642; x_wconf 89' lang='lat' dir='ltr'><strong>quoque</strong></span> 
     </span>
    </p>
   </div>
   <div class='ocr_carea' id='block_1_39' title="bbox 520 2666 2170 2739">
    <p class='ocr_par' dir='ltr' id='par_1_39' title="bbox 520 2666 2170 2739">
     <span class='ocr_line' id='line_1_39' title="bbox 520 2666 2170 2739; baseline -0.002 -11"><span class='ocrx_word' id='word_1_258' title='bbox 520 2671 770 2729; x_wconf 79' lang='lat' dir='ltr'><strong>lascivis</strong></span> <span class='ocrx_word' id='word_1_259' title='bbox 812 2669 1011 2727; x_wconf 90' lang='lat' dir='ltr'><strong>oculis</strong></span> <span class='ocrx_word' id='word_1_260' title='bbox 1067 2683 1190 2726; x_wconf 91' lang='lat' dir='ltr'><strong>non</strong></span> <span class='ocrx_word' id='word_1_261' title='bbox 1263 2682 1406 2725; x_wconf 90' lang='lat' dir='ltr'><strong>raro</strong></span> <span class='ocrx_word' id='word_1_262' title='bbox 1471 2666 1971 2739; x_wconf 88' lang='lat' dir='ltr'><strong>circumspexisti</strong></span> <span class='ocrx_word' id='word_1_263' title='bbox 2035 2685 2046 2732; x_wconf 92' lang='lat'>;</span> <span class='ocrx_word' id='word_1_264' title='bbox 2109 2668 2170 2724; x_wconf 92' lang='lat' dir='ltr'><strong>id</strong></span> 
     </span>
    </p>
   </div>
   <div class='ocr_carea' id='block_1_40' title="bbox 517 2765 2167 2841">
    <p class='ocr_par' dir='ltr' id='par_1_40' title="bbox 517 2765 2167 2841">
     <span class='ocr_line' id='line_1_40' title="bbox 517 2765 2167 2841; baseline -0.002 -14"><span class='ocrx_word' id='word_1_265' title='bbox 517 2768 712 2841; x_wconf 83' lang='lat' dir='ltr'><strong>quod,</strong></span> <span class='ocrx_word' id='word_1_266' title='bbox 749 2772 815 2825; x_wconf 90' lang='lat' dir='ltr'><strong>ut</strong></span> <span class='ocrx_word' id='word_1_267' title='bbox 847 2768 977 2838; x_wconf 89' lang='lat' dir='ltr'><strong>ipse</strong></span> <span class='ocrx_word' id='word_1_268' title='bbox 1024 2766 1166 2831; x_wconf 89' lang='lat' dir='ltr'><strong>scis,</strong></span> <span class='ocrx_word' id='word_1_269' title='bbox 1206 2779 1423 2822; x_wconf 87' lang='lat' dir='ltr'><strong>verum</strong></span> <span class='ocrx_word' id='word_1_270' title='bbox 1457 2765 1578 2822; x_wconf 87' lang='lat' dir='ltr'><strong>iam</strong></span> <span class='ocrx_word' id='word_1_271' title='bbox 1629 2770 1721 2822; x_wconf 89' lang='lat' dir='ltr'><strong>est</strong></span> <span class='ocrx_word' id='word_1_272' title='bbox 1765 2765 2167 2824; x_wconf 90' lang='lat' dir='ltr'><strong>adulterium.</strong></span> 
     </span>
    </p>
   </div>
   <div class='ocr_carea' id='block_1_41' title="bbox 513 2862 2174 2938">
    <p class='ocr_par' dir='ltr' id='par_1_41' title="bbox 513 2862 2174 2938">
     <span class='ocr_line' id='line_1_41' title="bbox 513 2862 2174 2938; baseline -0.004 -13"><span class='ocrx_word' id='word_1_273' title='bbox 513 2865 714 2938; x_wconf 88' lang='lat' dir='ltr'><strong>Saepe</strong></span> <span class='ocrx_word' id='word_1_274' title='bbox 765 2865 953 2923; x_wconf 83' lang='lat' dir='ltr'><strong>etiam</strong></span> <span class='ocrx_word' id='word_1_275' title='bbox 1037 2865 1210 2921; x_wconf 86' lang='lat' dir='ltr'><strong>fratri</strong></span> <span class='ocrx_word' id='word_1_276' title='bbox 1292 2869 1399 2922; x_wconf 92' lang='lat' dir='ltr'><strong>tuo</strong></span> <span class='ocrx_word' id='word_1_277' title='bbox 1472 2862 1870 2927; x_wconf 83' lang='lat' dir='ltr'><strong>maledixisti,</strong></span> <span class='ocrx_word' id='word_1_278' title='bbox 1966 2877 2174 2934; x_wconf 90' lang='lat' dir='ltr'><strong>neque</strong></span> 
     </span>
    </p>
   </div>
   <div class='ocr_carea' id='block_1_42' title="bbox 513 2960 2172 3037">
    <p class='ocr_par' dir='ltr' id='par_1_42' title="bbox 513 2960 2172 3037">
     <span class='ocr_line' id='line_1_42' title="bbox 513 2960 2172 3037; baseline -0.005 -14"><span class='ocrx_word' id='word_1_279' title='bbox 513 2966 790 3037; x_wconf 79' lang='lat' dir='ltr'><strong>ignoras,</strong></span> <span class='ocrx_word' id='word_1_280' title='bbox 842 2963 955 3019; x_wconf 89' lang='lat' dir='ltr'><strong>hac</strong></span> <span class='ocrx_word' id='word_1_281' title='bbox 983 2963 1061 3020; x_wconf 90' lang='lat' dir='ltr'><strong>de</strong></span> <span class='ocrx_word' id='word_1_282' title='bbox 1095 2976 1162 3019; x_wconf 92' lang='lat' dir='ltr'><strong>re</strong></span> <span class='ocrx_word' id='word_1_283' title='bbox 1215 2961 1543 3018; x_wconf 89' lang='lat' dir='ltr'><strong>Dominum</strong></span> <span class='ocrx_word' id='word_1_284' title='bbox 1597 2961 1926 3026; x_wconf 88' lang='lat' dir='ltr'><strong>revelasse,</strong></span> <span class='ocrx_word' id='word_1_285' title='bbox 1962 2960 2172 3017; x_wconf 87' lang='lat' dir='ltr'><strong>dicen-</strong></span> 
     </span>
    </p>
   </div>
   <div class='ocr_carea' id='block_1_43' title="bbox 512 3058 2167 3133">
    <p class='ocr_par' dir='ltr' id='par_1_43' title="bbox 512 3058 2167 3133">
     <span class='ocr_line' id='line_1_43' title="bbox 512 3058 2167 3133; baseline -0.004 -15"><span class='ocrx_word' id='word_1_286' title='bbox 512 3066 646 3120; x_wconf 84' lang='lat' dir='ltr'><strong>tem</strong></span> <span class='ocrx_word' id='word_1_287' title='bbox 721 3074 1036 3133; x_wconf 90' lang='lat' dir='ltr'><strong>quemque</strong></span> <span class='ocrx_word' id='word_1_288' title='bbox 1107 3059 1183 3116; x_wconf 91' lang='lat' dir='ltr'><strong>ad</strong></span> <span class='ocrx_word' id='word_1_289' title='bbox 1240 3058 1497 3115; x_wconf 88' lang='lat' dir='ltr'><strong>fratrem</strong></span> <span class='ocrx_word' id='word_1_290' title='bbox 1556 3073 1739 3115; x_wconf 92' lang='lat' dir='ltr'><strong>suum</strong></span> <span class='ocrx_word' id='word_1_291' title='bbox 1803 3084 1830 3114; x_wconf 83' lang='grc'><strong>‹‹</strong></span> <span class='ocrx_word' id='word_1_292' title='bbox 1892 3059 2079 3126; x_wconf 88' lang='lat' dir='ltr'><strong>fatue,</strong></span> <span class='ocrx_word' id='word_1_293' title='bbox 2137 3075 2167 3110; x_wconf 86' lang='lat'><strong>»</strong></span> 
     </span>
    </p>
   </div>
   <div class='ocr_carea' id='block_1_44' title="bbox 516 3155 2172 3229">
    <p class='ocr_par' dir='ltr' id='par_1_44' title="bbox 516 3155 2172 3229">
     <span class='ocr_line' id='line_1_44' title="bbox 516 3155 2172 3229; baseline -0.004 -11"><span class='ocrx_word' id='word_1_294' title='bbox 516 3173 701 3218; x_wconf 81' lang='lat' dir='ltr'><strong>reum</strong></span> <span class='ocrx_word' id='word_1_295' title='bbox 755 3173 890 3215; x_wconf 89' lang='lat' dir='ltr'><strong>esse</strong></span> <span class='ocrx_word' id='word_1_296' title='bbox 946 3157 1262 3229; x_wconf 83' lang='lat' dir='ltr'><strong>gehennae</strong></span> <span class='ocrx_word' id='word_1_297' title='bbox 1320 3155 1499 3226; x_wconf 82' lang='lat' dir='ltr'><strong>ignis.</strong></span> <span class='ocrx_word' id='word_1_298' title='bbox 1565 3159 1787 3227; x_wconf 86' lang='lat' dir='ltr'><strong>Atque,</strong></span> <span class='ocrx_word' id='word_1_299' title='bbox 1833 3155 2172 3227; x_wconf 87' lang='lat' dir='ltr'><strong>quod-om-</strong></span> 
     </span>
    </p>
   </div>
   <div class='ocr_carea' id='block_1_45' title="bbox 512 3253 2172 3324">
    <p class='ocr_par' dir='ltr' id='par_1_45' title="bbox 512 3253 2172 3324">
     <span class='ocr_line' id='line_1_45' title="bbox 512 3253 2172 3324; baseline -0.004 -9"><span class='ocrx_word' id='word_1_300' title='bbox 512 3258 694 3316; x_wconf 83' lang='lat' dir='ltr'><strong>nium</strong></span> <span class='ocrx_word' id='word_1_301' title='bbox 747 3255 1209 3313; x_wconf 91' lang='lat' dir='ltr'><strong>atrocissimum</strong></span> <span class='ocrx_word' id='word_1_302' title='bbox 1265 3259 1377 3321; x_wconf 86' lang='lat' dir='ltr'><strong>est,</strong></span> <span class='ocrx_word' id='word_1_303' title='bbox 1428 3255 1522 3311; x_wconf 89' lang='lat' dir='ltr'><strong>vel</strong></span> <span class='ocrx_word' id='word_1_304' title='bbox 1578 3254 1870 3324; x_wconf 87' lang='lat' dir='ltr'><strong>indignus</strong></span> <span class='ocrx_word' id='word_1_305' title='bbox 1913 3253 2172 3310; x_wconf 86' lang='lat' dir='ltr'><strong>fortasse</strong></span> 
     </span>
    </p>
   </div>
   <div class='ocr_carea' id='block_1_46' title="bbox 513 3351 2168 3422">
    <p class='ocr_par' dir='ltr' id='par_1_46' title="bbox 513 3351 2168 3422">
     <span class='ocr_line' id='line_1_46' title="bbox 513 3351 2168 3422; baseline -0.003 -10"><span class='ocrx_word' id='word_1_306' title='bbox 513 3354 595 3412; x_wconf 86' lang='lat' dir='ltr'><strong>ad</strong></span> <span class='ocrx_word' id='word_1_307' title='bbox 647 3358 856 3410; x_wconf 90' lang='lat' dir='ltr'><strong>sancta</strong></span> <span class='ocrx_word' id='word_1_308' title='bbox 882 3359 942 3409; x_wconf 88' lang='lat' dir='ltr'><strong>et</strong></span> <span class='ocrx_word' id='word_1_309' title='bbox 972 3353 1337 3409; x_wconf 87' lang='lat' dir='ltr'><strong>intemerata</strong></span> <span class='ocrx_word' id='word_1_310' title='bbox 1380 3351 1516 3408; x_wconf 89' lang='lat' dir='ltr'><strong>eius</strong></span> <span class='ocrx_word' id='word_1_311' title='bbox 1561 3351 1857 3422; x_wconf 90' lang='lat' dir='ltr'><strong>mysteria</strong></span> <span class='ocrx_word' id='word_1_312' title='bbox 1902 3351 2168 3420; x_wconf 86' lang='lat' dir='ltr'><strong>accedis,</strong></span> 
     </span>
    </p>
   </div>
   <div class='ocr_carea' id='block_1_47' title="bbox 514 3448 2166 3524">
    <p class='ocr_par' dir='ltr' id='par_1_47' title="bbox 514 3448 2166 3524">
     <span class='ocr_line' id='line_1_47' title="bbox 514 3448 2166 3524; baseline -0.003 -15"><span class='ocrx_word' id='word_1_313' title='bbox 514 3451 602 3510; x_wconf 85' lang='lat' dir='ltr'><strong>ita</strong></span> <span class='ocrx_word' id='word_1_314' title='bbox 651 3456 714 3509; x_wconf 90' lang='lat' dir='ltr'><strong>ut</strong></span> <span class='ocrx_word' id='word_1_315' title='bbox 765 3465 910 3507; x_wconf 90' lang='lat' dir='ltr'><strong>reus</strong></span> <span class='ocrx_word' id='word_1_316' title='bbox 962 3449 1072 3506; x_wconf 82' lang='lat' dir='ltr'><strong>tias</strong></span> <span class='ocrx_word' id='word_1_317' title='bbox 1121 3448 1408 3524; x_wconf 91' lang='lat' dir='ltr'><strong>corporis</strong></span> <span class='ocrx_word' id='word_1_318' title='bbox 1457 3453 1516 3505; x_wconf 91' lang='lat' dir='ltr'><strong>et</strong></span> <span class='ocrx_word' id='word_1_319' title='bbox 1569 3448 1886 3518; x_wconf 88' lang='lat' dir='ltr'><strong>sanguinis</strong></span> <span class='ocrx_word' id='word_1_320' title='bbox 1915 3448 2166 3506; x_wconf 88' lang='lat' dir='ltr'><strong>Christi.</strong></span> 
     </span>
    </p>
   </div>
   <div class='ocr_carea' id='block_1_48' title="bbox 517 3546 2171 3622">
    <p class='ocr_par' dir='ltr' id='par_1_48' title="bbox 517 3546 2171 3622">
     <span class='ocr_line' id='line_1_48' title="bbox 517 3546 2171 3622; baseline -0.001 -16"><span class='ocrx_word' id='word_1_321' title='bbox 517 3548 630 3607; x_wconf 88' lang='lat' dir='ltr'><strong>Ille</strong></span> <span class='ocrx_word' id='word_1_322' title='bbox 677 3548 890 3620; x_wconf 83' lang='lat' dir='ltr'><strong>igitur,</strong></span> <span class='ocrx_word' id='word_1_323' title='bbox 951 3561 1140 3622; x_wconf 91' lang='lat' dir='ltr'><strong>quem</strong></span> <span class='ocrx_word' id='word_1_324' title='bbox 1193 3546 1454 3614; x_wconf 84' lang='lat' dir='ltr'><strong>iudicas,</strong></span> <span class='ocrx_word' id='word_1_325' title='bbox 1529 3559 1772 3604; x_wconf 91' lang='lat' dir='ltr'><strong>merum</strong></span> <span class='ocrx_word' id='word_1_326' title='bbox 1851 3546 2171 3604; x_wconf 89' lang='lat' dir='ltr'><strong>hominem</strong></span> 
     </span>
    </p>
   </div>
   <div class='ocr_carea' id='block_1_49' title="bbox 513 3644 2173 3716">
    <p class='ocr_par' dir='ltr' id='par_1_49' title="bbox 513 3644 2173 3716">
     <span class='ocr_line' id='line_1_49' title="bbox 513 3644 2173 3716; baseline -0.001 -12"><span class='ocrx_word' id='word_1_327' title='bbox 513 3645 820 3705; x_wconf 86' lang='lat' dir='ltr'><strong>occidisse</strong></span> <span class='ocrx_word' id='word_1_328' title='bbox 876 3644 1374 3715; x_wconf 89' lang='lat' dir='ltr'><strong>deprehenditur</strong></span> <span class='ocrx_word' id='word_1_329' title='bbox 1433 3660 1444 3710; x_wconf 87' lang='lat'>;</span> <span class='ocrx_word' id='word_1_330' title='bbox 1504 3650 1566 3700; x_wconf 87' lang='lat' dir='ltr'><strong>tu</strong></span> <span class='ocrx_word' id='word_1_331' title='bbox 1627 3658 1775 3701; x_wconf 93' lang='lat' dir='ltr'><strong>vero</strong></span> <span class='ocrx_word' id='word_1_332' title='bbox 1828 3644 2173 3716; x_wconf 91' lang='lat' dir='ltr'><strong>deprehen-</strong></span> 
     </span>
    </p>
   </div>
   <div class='ocr_carea' id='block_1_50' title="bbox 517 3741 2173 3814">
    <p class='ocr_par' dir='ltr' id='par_1_50' title="bbox 517 3741 2173 3814">
     <span class='ocr_line' id='line_1_50' title="bbox 517 3741 2173 3814; baseline -0.001 -13"><span class='ocrx_word' id='word_1_333' title='bbox 517 3743 688 3801; x_wconf 89' lang='lat' dir='ltr'><strong>deris</strong></span> <span class='ocrx_word' id='word_1_334' title='bbox 731 3743 1044 3801; x_wconf 87' lang='lat' dir='ltr'><strong>Christum</strong></span> <span class='ocrx_word' id='word_1_335' title='bbox 1094 3743 1302 3812; x_wconf 87' lang='lat' dir='ltr'><strong>ipsum</strong></span> <span class='ocrx_word' id='word_1_336' title='bbox 1333 3741 1625 3799; x_wconf 87' lang='lat' dir='ltr'><strong>occidens</strong></span> <span class='ocrx_word' id='word_1_337' title='bbox 1667 3743 2011 3814; x_wconf 84' lang='lat' dir='ltr'><strong>mortisque</strong></span> <span class='ocrx_word' id='word_1_338' title='bbox 2037 3743 2173 3799; x_wconf 88' lang='lat' dir='ltr'><strong>eius</strong></span> 
     </span>
    </p>
   </div>
   <div class='ocr_carea' id='block_1_51' title="bbox 515 3840 2172 3914">
    <p class='ocr_par' dir='ltr' id='par_1_51' title="bbox 515 3840 2172 3914">
     <span class='ocr_line' id='line_1_51' title="bbox 515 3840 2172 3914; baseline -0.001 -15"><span class='ocrx_word' id='word_1_339' title='bbox 515 3856 682 3908; x_wconf 87' lang='lat' dir='ltr'><strong>reus,</strong></span> <span class='ocrx_word' id='word_1_340' title='bbox 741 3855 936 3914; x_wconf 91' lang='lat' dir='ltr'><strong>quum</strong></span> <span class='ocrx_word' id='word_1_341' title='bbox 996 3840 1292 3912; x_wconf 91' lang='lat' dir='ltr'><strong>indignus</strong></span> <span class='ocrx_word' id='word_1_342' title='bbox 1344 3840 1681 3912; x_wconf 89' lang='lat' dir='ltr'><strong>participes</strong></span> <span class='ocrx_word' id='word_1_343' title='bbox 1734 3841 2172 3898; x_wconf 82' lang='lat' dir='ltr'><strong>intemeratum</strong></span> 
     </span>
    </p>
   </div>
   <div class='ocr_carea' id='block_1_52' title="bbox 513 3937 2172 4013">
    <p class='ocr_par' dir='ltr' id='par_1_52' title="bbox 513 3937 2172 4013">
     <span class='ocr_line' id='line_1_52' title="bbox 513 3937 2172 4013; baseline -0.002 -15"><span class='ocrx_word' id='word_1_344' title='bbox 513 3953 745 4013; x_wconf 89' lang='lat' dir='ltr'><strong>corpus</strong></span> <span class='ocrx_word' id='word_1_345' title='bbox 794 3945 854 3996; x_wconf 85' lang='lat' dir='ltr'><strong>et</strong></span> <span class='ocrx_word' id='word_1_346' title='bbox 904 3939 1290 4010; x_wconf 89' lang='lat' dir='ltr'><strong>sanguinem.</strong></span> <span class='ocrx_word' id='word_1_347' title='bbox 1351 3937 1521 4009; x_wconf 89' lang='lat' dir='ltr'><strong>Legis</strong></span> <span class='ocrx_word' id='word_1_348' title='bbox 1575 3938 1744 3995; x_wconf 92' lang='lat' dir='ltr'><strong>enim</strong></span> <span class='ocrx_word' id='word_1_349' title='bbox 1792 3955 1803 3993; x_wconf 90' lang='lat'><strong>:</strong></span> <span class='ocrx_word' id='word_1_350' title='bbox 1849 3939 1958 4007; x_wconf 89' lang='lat' dir='ltr'><strong>Qui</strong></span> <span class='ocrx_word' id='word_1_351' title='bbox 2013 3938 2172 3995; x_wconf 92' lang='lat' dir='ltr'><strong>indi-</strong></span> 
     </span>
    </p>
   </div>
   <div class='ocr_carea' id='block_1_53' title="bbox 513 4035 2173 4110">
    <p class='ocr_par' dir='ltr' id='par_1_53' title="bbox 513 4035 2173 4110">
     <span class='ocr_line' id='line_1_53' title="bbox 513 4035 2173 4110; baseline -0.001 -15"><span class='ocrx_word' id='word_1_352' title='bbox 513 4051 632 4110; x_wconf 85' lang='lat' dir='ltr'><strong>gne</strong></span> <span class='ocrx_word' id='word_1_353' title='bbox 683 4037 1017 4095; x_wconf 89' lang='lat' dir='ltr'><strong>manducat</strong></span> <span class='ocrx_word' id='word_1_354' title='bbox 1069 4040 1128 4094; x_wconf 90' lang='lat' dir='ltr'><strong>et</strong></span> <span class='ocrx_word' id='word_1_355' title='bbox 1186 4035 1370 4100; x_wconf 90' lang='lat' dir='ltr'><strong>bibit,</strong></span> <span class='ocrx_word' id='word_1_356' title='bbox 1447 4050 1591 4093; x_wconf 91' lang='lat' dir='ltr'><strong>reus</strong></span> <span class='ocrx_word' id='word_1_357' title='bbox 1641 4043 1732 4092; x_wconf 88' lang='lat' dir='ltr'><strong>est</strong></span> <span class='ocrx_word' id='word_1_358' title='bbox 1780 4037 2066 4108; x_wconf 86' lang='lat' dir='ltr'><strong>corporis</strong></span> <span class='ocrx_word' id='word_1_359' title='bbox 2113 4042 2173 4094; x_wconf 84' lang='lat' dir='ltr'><strong>et</strong></span> 
     </span>
    </p>
   </div>
   <div class='ocr_carea' id='block_1_54' title="bbox 514 4132 2173 4206">
    <p class='ocr_par' dir='ltr' id='par_1_54' title="bbox 514 4132 2173 4206">
     <span class='ocr_line' id='line_1_54' title="bbox 514 4132 2173 4206; baseline -0.001 -16"><span class='ocrx_word' id='word_1_360' title='bbox 514 4135 834 4206; x_wconf 83' lang='lat' dir='ltr'><strong>sanguinis</strong></span> <span class='ocrx_word' id='word_1_361' title='bbox 883 4132 1111 4191; x_wconf 80' lang='lat' dir='ltr'><strong>Christi</strong></span> <span class='ocrx_word' id='word_1_362' title='bbox 1167 4139 1228 4190; x_wconf 91' lang='lat' dir='ltr'><strong>et</strong></span> <span class='ocrx_word' id='word_1_363' title='bbox 1295 4133 1603 4190; x_wconf 90' lang='lat' dir='ltr'><strong>iudicium</strong></span> <span class='ocrx_word' id='word_1_364' title='bbox 1656 4132 1777 4190; x_wconf 89' lang='lat' dir='ltr'><strong>sibi</strong></span> <span class='ocrx_word' id='word_1_365' title='bbox 1835 4134 2173 4190; x_wconf 76' lang='lat' dir='ltr'><strong>manducat</strong></span> 
     </span>
    </p>
   </div>
   <div class='ocr_carea' id='block_1_55' title="bbox 517 4230 2172 4300">
    <p class='ocr_par' dir='ltr' id='par_1_55' title="bbox 517 4230 2172 4300">
     <span class='ocr_line' id='line_1_55' title="bbox 517 4230 2172 4300; baseline -0.001 -13"><span class='ocrx_word' id='word_1_366' title='bbox 517 4234 578 4288; x_wconf 88' lang='lat' dir='ltr'><strong>et</strong></span> <span class='ocrx_word' id='word_1_367' title='bbox 610 4230 768 4287; x_wconf 90' lang='lat' dir='ltr'><strong>bibit</strong></span> <span class='ocrx_word' id='word_1_368' title='bbox 799 4248 814 4300; x_wconf 93' lang='lat'>;</span> <span class='ocrx_word' id='word_1_369' title='bbox 847 4231 964 4287; x_wconf 89' lang='lat' dir='ltr'><strong>hoc</strong></span> <span class='ocrx_word' id='word_1_370' title='bbox 1009 4236 1101 4286; x_wconf 88' lang='lat' dir='ltr'><strong>est</strong></span> <span class='ocrx_word' id='word_1_371' title='bbox 1136 4245 1148 4286; x_wconf 92' lang='lat'>:</span> <span class='ocrx_word' id='word_1_372' title='bbox 1183 4231 1356 4286; x_wconf 90' lang='lat' dir='ltr'><strong>Sicut</strong></span> <span class='ocrx_word' id='word_1_373' title='bbox 1406 4230 1611 4286; x_wconf 91' lang='lat' dir='ltr'><strong>Iudaei</strong></span> <span class='ocrx_word' id='word_1_374' title='bbox 1659 4230 1754 4286; x_wconf 90' lang='lat' dir='ltr'><strong>illi</strong></span> <span class='ocrx_word' id='word_1_375' title='bbox 1803 4230 2172 4287; x_wconf 89' lang='lat' dir='ltr'><strong>occiderunt</strong></span> 
     </span>
    </p>
   </div>
   <div class='ocr_carea' id='block_1_56' title="bbox 520 4326 2171 4398">
    <p class='ocr_par' dir='ltr' id='par_1_56' title="bbox 520 4326 2171 4398">
     <span class='ocr_line' id='line_1_56' title="bbox 520 4326 2171 4398; baseline -0.001 -14"><span class='ocrx_word' id='word_1_376' title='bbox 520 4341 689 4397; x_wconf 90' lang='lat' dir='ltr'><strong>eum,</strong></span> <span class='ocrx_word' id='word_1_377' title='bbox 728 4328 810 4384; x_wconf 89' lang='lat' dir='ltr'><strong>ita</strong></span> <span class='ocrx_word' id='word_1_378' title='bbox 841 4334 901 4384; x_wconf 92' lang='lat' dir='ltr'><strong>et</strong></span> <span class='ocrx_word' id='word_1_379' title='bbox 945 4327 1014 4397; x_wconf 91' lang='lat' dir='ltr'><strong>ii,</strong></span> <span class='ocrx_word' id='word_1_380' title='bbox 1045 4327 1154 4398; x_wconf 91' lang='lat' dir='ltr'><strong>qui</strong></span> <span class='ocrx_word' id='word_1_381' title='bbox 1188 4326 1424 4398; x_wconf 88' lang='lat' dir='ltr'><strong>indigni</strong></span> <span class='ocrx_word' id='word_1_382' title='bbox 1455 4340 1688 4398; x_wconf 90' lang='lat' dir='ltr'><strong>corpus</strong></span> <span class='ocrx_word' id='word_1_383' title='bbox 1715 4332 1776 4384; x_wconf 93' lang='lat' dir='ltr'><strong>et</strong></span> <span class='ocrx_word' id='word_1_384' title='bbox 1805 4326 2171 4398; x_wconf 88' lang='lat' dir='ltr'><strong>sanguinem</strong></span> 
     </span>
    </p>
   </div>
   <div class='ocr_carea' id='block_1_57' title="bbox 513 4421 2170 4489">
    <p class='ocr_par' dir='ltr' id='par_1_57' title="bbox 513 4421 2170 4489">
     <span class='ocr_line' id='line_1_57' title="bbox 513 4421 2170 4489; baseline -0.001 -9"><span class='ocrx_word' id='word_1_385' title='bbox 513 4422 649 4481; x_wconf 89' lang='lat' dir='ltr'><strong>eius</strong></span> <span class='ocrx_word' id='word_1_386' title='bbox 695 4427 970 4489; x_wconf 87' lang='lat' dir='ltr'><strong>sumunt,</strong></span> <span class='ocrx_word' id='word_1_387' title='bbox 1036 4422 1203 4480; x_wconf 91' lang='lat' dir='ltr'><strong>idem</strong></span> <span class='ocrx_word' id='word_1_388' title='bbox 1258 4421 1518 4479; x_wconf 86' lang='lat' dir='ltr'><strong>faciunt.</strong></span> <span class='ocrx_word' id='word_1_389' title='bbox 1582 4422 1734 4479; x_wconf 88' lang='lat' dir='ltr'><strong>Nam</strong></span> <span class='ocrx_word' id='word_1_390' title='bbox 1774 4422 2170 4480; x_wconf 88' lang='lat' dir='ltr'><strong>verisimilli—</strong></span> 
     </span>
    </p>
   </div>
   <div class='ocr_carea' id='block_1_58' title="bbox 515 4520 2172 4593">
    <p class='ocr_par' dir='ltr' id='par_1_58' title="bbox 515 4520 2172 4593">
     <span class='ocr_line' id='line_1_58' title="bbox 515 4520 2172 4593; baseline -0.001 -14"><span class='ocrx_word' id='word_1_391' title='bbox 515 4534 690 4579; x_wconf 91' lang='lat' dir='ltr'><strong>mum</strong></span> <span class='ocrx_word' id='word_1_392' title='bbox 733 4526 844 4588; x_wconf 89' lang='lat' dir='ltr'><strong>est,</strong></span> <span class='ocrx_word' id='word_1_393' title='bbox 892 4524 951 4577; x_wconf 87' lang='lat' dir='ltr'><strong>et</strong></span> <span class='ocrx_word' id='word_1_394' title='bbox 998 4535 1165 4586; x_wconf 92' lang='lat' dir='ltr'><strong>eum,</strong></span> <span class='ocrx_word' id='word_1_395' title='bbox 1220 4520 1326 4592; x_wconf 92' lang='lat' dir='ltr'><strong>qui</strong></span> <span class='ocrx_word' id='word_1_396' title='bbox 1360 4533 1709 4592; x_wconf 89' lang='lat' dir='ltr'><strong>purpuram</strong></span> <span class='ocrx_word' id='word_1_397' title='bbox 1742 4520 1974 4593; x_wconf 85' lang='lat' dir='ltr'><strong>regiam</strong></span> <span class='ocrx_word' id='word_1_398' title='bbox 2010 4521 2172 4578; x_wconf 87' lang='lat' dir='ltr'><strong>scin-</strong></span> 
     </span>
    </p>
   </div>
   <div class='ocr_carea' id='block_1_59' title="bbox 514 4614 2169 4691">
    <p class='ocr_par' dir='ltr' id='par_1_59' title="bbox 514 4614 2169 4691">
     <span class='ocr_line' id='line_1_59' title="bbox 514 4614 2169 4691; baseline -0.001 -13"><span class='ocrx_word' id='word_1_399' title='bbox 514 4619 637 4686; x_wconf 88' lang='lat' dir='ltr'><strong>dat,</strong></span> <span class='ocrx_word' id='word_1_400' title='bbox 669 4623 728 4676; x_wconf 89' lang='lat' dir='ltr'><strong>et</strong></span> <span class='ocrx_word' id='word_1_401' title='bbox 760 4619 868 4691; x_wconf 94' lang='lat' dir='ltr'><strong>qui</strong></span> <span class='ocrx_word' id='word_1_402' title='bbox 900 4634 1036 4677; x_wconf 89' lang='lat' dir='ltr'><strong>eam</strong></span> <span class='ocrx_word' id='word_1_403' title='bbox 1071 4618 1364 4685; x_wconf 89' lang='lat' dir='ltr'><strong>maculet,</strong></span> <span class='ocrx_word' id='word_1_404' title='bbox 1408 4614 1581 4684; x_wconf 89' lang='lat'><strong>166</strong></span> <span class='ocrx_word' id='word_1_405' title='bbox 1613 4618 1876 4676; x_wconf 88' lang='lat' dir='ltr'><strong>eandem</strong></span> <span class='ocrx_word' id='word_1_406' title='bbox 1904 4623 2169 4677; x_wconf 86' lang='lat' dir='ltr'><strong>mortem</strong></span> 
     </span>
    </p>
   </div>
   <div class='ocr_carea' id='block_1_60' title="bbox 516 4716 2170 4791">
    <p class='ocr_par' dir='ltr' id='par_1_60' title="bbox 516 4716 2170 4791">
     <span class='ocr_line' id='line_1_60' title="bbox 516 4716 2170 4791; baseline -0.001 -17"><span class='ocrx_word' id='word_1_407' title='bbox 516 4717 663 4791; x_wconf 89' lang='lat' dir='ltr'><strong>pati.</strong></span> <span class='ocrx_word' id='word_1_408' title='bbox 721 4717 889 4776; x_wconf 93' lang='lat' dir='ltr'><strong>Unde</strong></span> <span class='ocrx_word' id='word_1_409' title='bbox 934 4723 993 4774; x_wconf 85' lang='lat' dir='ltr'><strong>et</strong></span> <span class='ocrx_word' id='word_1_410' title='bbox 1040 4718 1147 4789; x_wconf 90' lang='lat' dir='ltr'><strong>qui</strong></span> <span class='ocrx_word' id='word_1_411' title='bbox 1193 4730 1422 4788; x_wconf 88' lang='lat' dir='ltr'><strong>corpus</strong></span> <span class='ocrx_word' id='word_1_412' title='bbox 1465 4717 1601 4773; x_wconf 91' lang='lat' dir='ltr'><strong>eius</strong></span> <span class='ocrx_word' id='word_1_413' title='bbox 1648 4716 1986 4789; x_wconf 89' lang='lat' dir='ltr'><strong>aliquando</strong></span> <span class='ocrx_word' id='word_1_414' title='bbox 2034 4731 2170 4788; x_wconf 86' lang='lat' dir='ltr'><strong>per-</strong></span> 
     </span>
    </p>
   </div>
   <div class='ocr_carea' id='block_1_61' title="bbox 514 4813 2170 4888">
    <p class='ocr_par' dir='ltr' id='par_1_61' title="bbox 514 4813 2170 4888">
     <span class='ocr_line' id='line_1_61' title="bbox 514 4813 2170 4888; baseline 0 -16"><span class='ocrx_word' id='word_1_415' title='bbox 514 4815 817 4888; x_wconf 90' lang='lat' dir='ltr'><strong>forarunt,</strong></span> <span class='ocrx_word' id='word_1_416' title='bbox 870 4820 928 4871; x_wconf 91' lang='lat' dir='ltr'><strong>et</strong></span> <span class='ocrx_word' id='word_1_417' title='bbox 973 4815 1081 4887; x_wconf 88' lang='lat' dir='ltr'><strong>qui</strong></span> <span class='ocrx_word' id='word_1_418' title='bbox 1129 4829 1291 4872; x_wconf 91' lang='lat' dir='ltr'><strong>nunc</strong></span> <span class='ocrx_word' id='word_1_419' title='bbox 1337 4813 1663 4886; x_wconf 90' lang='lat' dir='ltr'><strong>inquinant</strong></span> <span class='ocrx_word' id='word_1_420' title='bbox 1706 4813 1885 4880; x_wconf 88' lang='lat' dir='ltr'><strong>illud,</strong></span> <span class='ocrx_word' id='word_1_421' title='bbox 1933 4815 2170 4887; x_wconf 90' lang='lat' dir='ltr'><strong>quippe</strong></span> 
     </span>
    </p>
   </div>
   <div class='ocr_carea' id='block_1_62' title="bbox 513 4912 2168 4987">
    <p class='ocr_par' dir='ltr' id='par_1_62' title="bbox 513 4912 2168 4987">
     <span class='ocr_line' id='line_1_62' title="bbox 513 4912 2168 4987; baseline 0.001 -17"><span class='ocrx_word' id='word_1_422' title='bbox 513 4913 764 4986; x_wconf 83' lang='lat' dir='ltr'><strong>impura</strong></span> <span class='ocrx_word' id='word_1_423' title='bbox 813 4912 1020 4987; x_wconf 90' lang='lat' dir='ltr'><strong>ipsum</strong></span> <span class='ocrx_word' id='word_1_424' title='bbox 1066 4919 1272 4971; x_wconf 88' lang='lat' dir='ltr'><strong>mente</strong></span> <span class='ocrx_word' id='word_1_425' title='bbox 1316 4912 1756 4985; x_wconf 89' lang='lat' dir='ltr'><strong>percipientes,</strong></span> <span class='ocrx_word' id='word_1_426' title='bbox 1803 4913 1970 4971; x_wconf 90' lang='lat' dir='ltr'><strong>idem</strong></span> <span class='ocrx_word' id='word_1_427' title='bbox 2023 4928 2168 4971; x_wconf 92' lang='lat' dir='ltr'><strong>cum</strong></span> 
     </span>
    </p>
   </div>
   <div class='ocr_carea' id='block_1_63' title="bbox 586 5133 2167 5208">
    <p class='ocr_par' dir='ltr' id='par_1_63' title="bbox 586 5133 2167 5208">
     <span class='ocr_line' id='line_1_63' title="bbox 586 5133 2167 5208; baseline -0.003 -17"><span class='ocrx_word' id='word_1_428' title='bbox 586 5137 666 5208; x_wconf 84' lang='grc'><strong>(1)</strong></span> <span class='ocrx_word' id='word_1_429' title='bbox 700 5139 806 5190; x_wconf 82' lang='lat' dir='ltr'><strong>VV.</strong></span> <span class='ocrx_word' id='word_1_430' title='bbox 841 5136 938 5190; x_wconf 89' lang='lat' dir='ltr'><strong>PP.</strong></span> <span class='ocrx_word' id='word_1_431' title='bbox 974 5138 1165 5189; x_wconf 80' lang='lat' dir='ltr'><strong>Bosw.</strong></span> <span class='ocrx_word' id='word_1_432' title='bbox 1196 5133 1297 5188; x_wconf 88' lang='lat' dir='ltr'><strong>lib.</strong></span> <span class='ocrx_word' id='word_1_433' title='bbox 1335 5135 1375 5187; x_wconf 94' lang='lat' dir='ltr'><strong>lI</strong></span> <span class='ocrx_word' id='word_1_434' title='bbox 1409 5150 1536 5204; x_wconf 87' lang='lat' dir='ltr'><strong>cap.</strong></span> <span class='ocrx_word' id='word_1_435' title='bbox 1570 5137 1637 5187; x_wconf 77' lang='lat'><strong>22</strong></span> <span class='ocrx_word' id='word_1_436' title='bbox 1663 5151 1725 5206; x_wconf 88' lang='lat' dir='ltr'><strong>p,</strong></span> <span class='ocrx_word' id='word_1_437' title='bbox 1755 5134 1881 5201; x_wconf 77' lang='grc'><strong>478,</strong></span> <span class='ocrx_word' id='word_1_438' title='bbox 1912 5139 1932 5188; x_wconf 92' lang='grc'><strong>1</strong></span> <span class='ocrx_word' id='word_1_439' title='bbox 1977 5150 1989 5200; x_wconf 90' lang='grc'><strong>;</strong></span> <span class='ocrx_word' id='word_1_440' title='bbox 2027 5135 2167 5189; x_wconf 84' lang='lat' dir='ltr'><strong>Hist.</strong></span> 
     </span>
    </p>
   </div>
   <div class='ocr_carea' id='block_1_64' title="bbox 516 5223 2165 5295">
    <p class='ocr_par' dir='ltr' id='par_1_64' title="bbox 516 5223 2165 5295">
     <span class='ocr_line' id='line_1_64' title="bbox 516 5223 2165 5295; baseline -0.002 -12"><span class='ocrx_word' id='word_1_441' title='bbox 516 5229 687 5283; x_wconf 73' lang='lat' dir='ltr'><strong>Laus.</strong></span> <span class='ocrx_word' id='word_1_442' title='bbox 708 5226 802 5280; x_wconf 89' lang='lat' dir='ltr'><strong>ed.</strong></span> <span class='ocrx_word' id='word_1_443' title='bbox 835 5227 1042 5280; x_wconf 74' lang='lat' dir='ltr'><strong>Meurs.</strong></span> <span class='ocrx_word' id='word_1_444' title='bbox 1071 5240 1199 5295; x_wconf 90' lang='lat' dir='ltr'><strong>cap.</strong></span> <span class='ocrx_word' id='word_1_445' title='bbox 1239 5223 1309 5277; x_wconf 87' lang='lat'><strong>70</strong></span> <span class='ocrx_word' id='word_1_446' title='bbox 1335 5224 1487 5294; x_wconf 88' lang='lat' dir='ltr'><strong>Opp.</strong></span> <span class='ocrx_word' id='word_1_447' title='bbox 1520 5225 1728 5279; x_wconf 83' lang='lat' dir='ltr'><strong>Meurs.</strong></span> <span class='ocrx_word' id='word_1_448' title='bbox 1759 5224 1860 5278; x_wconf 88' lang='lat' dir='ltr'><strong>lib.</strong></span> <span class='ocrx_word' id='word_1_449' title='bbox 1893 5226 2003 5295; x_wconf 89' lang='lat' dir='ltr'><strong>lp.</strong></span> <span class='ocrx_word' id='word_1_450' title='bbox 2043 5224 2165 5280; x_wconf 78' lang='lat'><strong>532.</strong></span> 
     </span>
    </p>
   </div>
   <div class='ocr_carea' id='block_1_65' title="bbox 516 5313 1229 5385">
    <p class='ocr_par' dir='ltr' id='par_1_65' title="bbox 516 5313 1229 5385">
     <span class='ocr_line' id='line_1_65' title="bbox 516 5313 1229 5385; baseline -0.008 -14"><span class='ocrx_word' id='word_1_451' title='bbox 516 5316 599 5371; x_wconf 85' lang='lat' dir='ltr'><strong>Cf.</strong></span> <span class='ocrx_word' id='word_1_452' title='bbox 635 5329 822 5385; x_wconf 78' lang='lat' dir='ltr'><strong>supra</strong></span> <span class='ocrx_word' id='word_1_453' title='bbox 859 5316 886 5381; x_wconf 88' lang='lat'>§</span> <span class='ocrx_word' id='word_1_454' title='bbox 917 5313 984 5366; x_wconf 81' lang='lat'><strong>28</strong></span> <span class='ocrx_word' id='word_1_455' title='bbox 1014 5329 1074 5384; x_wconf 89' lang='lat' dir='ltr'><strong>p.</strong></span> <span class='ocrx_word' id='word_1_456' title='bbox 1114 5314 1229 5367; x_wconf 85' lang='grc'><strong>117.</strong></span> 
     </span>
    </p>
   </div>
   <div class='ocr_carea' id='block_1_66' title="bbox 585 5402 2164 5475">
    <p class='ocr_par' dir='ltr' id='par_1_66' title="bbox 585 5402 2164 5475">
     <span class='ocr_line' id='line_1_66' title="bbox 585 5402 2164 5475; baseline 0 -19"><span class='ocrx_word' id='word_1_457' title='bbox 585 5405 667 5475; x_wconf 82' lang='grc'><strong>(2)</strong></span> <span class='ocrx_word' id='word_1_458' title='bbox 714 5406 872 5459; x_wconf 86' lang='lat' dir='ltr'><strong>Hanc</strong></span> <span class='ocrx_word' id='word_1_459' title='bbox 927 5402 1322 5473; x_wconf 84' lang='lat' dir='ltr'><strong>appendicem</strong></span> <span class='ocrx_word' id='word_1_460' title='bbox 1366 5402 1796 5472; x_wconf 87' lang='lat' dir='ltr'><strong>descripsimus</strong></span> <span class='ocrx_word' id='word_1_461' title='bbox 1829 5417 2015 5473; x_wconf 87' lang='lat' dir='ltr'><strong>supra</strong></span> <span class='ocrx_word' id='word_1_462' title='bbox 2043 5402 2071 5473; x_wconf 80' lang='lat'>§</span> <span class='ocrx_word' id='word_1_463' title='bbox 2101 5403 2164 5456; x_wconf 80' lang='grc'><strong>11</strong></span> 
     </span>
    </p>
   </div>
   <div class='ocr_carea' id='block_1_67' title="bbox 517 5491 1418 5566">
    <p class='ocr_par' dir='ltr' id='par_1_67' title="bbox 517 5491 1418 5566">
     <span class='ocr_line' id='line_1_67' title="bbox 517 5491 1418 5566; baseline -0.002 -18"><span class='ocrx_word' id='word_1_464' title='bbox 517 5510 578 5566; x_wconf 88' lang='lat' dir='ltr'><strong>p.</strong></span> <span class='ocrx_word' id='word_1_465' title='bbox 610 5494 700 5558; x_wconf 89' lang='lat'><strong>36,</strong></span> <span class='ocrx_word' id='word_1_466' title='bbox 729 5491 999 5547; x_wconf 89' lang='lat' dir='ltr'><strong>codicem</strong></span> <span class='ocrx_word' id='word_1_467' title='bbox 1031 5491 1181 5546; x_wconf 91' lang='lat' dir='ltr'><strong>ibid.</strong></span> <span class='ocrx_word' id='word_1_468' title='bbox 1208 5496 1331 5545; x_wconf 92' lang='lat' dir='ltr'><strong>not.</strong></span> <span class='ocrx_word' id='word_1_469' title='bbox 1365 5491 1418 5546; x_wconf 91' lang='grc'><strong>1.</strong></span> 
     </span>
    </p>
   </div>
   <div class='ocr_carea' id='block_1_68' title="bbox 568 5580 1405 5656">
    <p class='ocr_par' dir='ltr' id='par_1_68' title="bbox 568 5580 1405 5656">
     <span class='ocr_line' id='line_1_68' title="bbox 568 5580 1405 5656; baseline -0.006 -18"><span class='ocrx_word' id='word_1_470' title='bbox 568 5582 665 5656; x_wconf 82' lang='lat'>.(3)</span> <span class='ocrx_word' id='word_1_471' title='bbox 687 5580 926 5652; x_wconf 81' lang='lat' dir='ltr'><strong>Supra§</strong></span> <span class='ocrx_word' id='word_1_472' title='bbox 959 5581 1046 5635; x_wconf 72' lang='grc'><strong>14.</strong></span> <span class='ocrx_word' id='word_1_473' title='bbox 1080 5595 1140 5650; x_wconf 82' lang='grc' dir='ltr'><strong>ρ.</strong></span> <span class='ocrx_word' id='word_1_474' title='bbox 1174 5583 1242 5636; x_wconf 75' lang='grc'><strong>49</strong></span> <span class='ocrx_word' id='word_1_475' title='bbox 1272 5595 1405 5650; x_wconf 87' lang='lat' dir='ltr'><strong>sqq.</strong></span> 
     </span>
    </p>
   </div>
   <div class='ocr_carea' id='block_1_69' title="bbox 585 5667 2176 5763">
    <p class='ocr_par' dir='ltr' id='par_1_69' title="bbox 585 5667 2176 5763">
     <span class='ocr_line' id='line_1_69' title="bbox 585 5667 2176 5763; baseline -0.005 -31"><span class='ocrx_word' id='word_1_476' title='bbox 585 5674 662 5763; x_wconf 74' lang='grc' dir='ltr'><strong>(ι)</strong></span> <span class='ocrx_word' id='word_1_477' title='bbox 692 5673 936 5728; x_wconf 80' lang='lat' dir='ltr'><strong>Textum</strong></span> <span class='ocrx_word' id='word_1_478' title='bbox 963 5685 1247 5741; x_wconf 82' lang='lat' dir='ltr'><strong>graecum</strong></span> <span class='ocrx_word' id='word_1_479' title='bbox 1279 5683 1309 5723; x_wconf 82' lang='grc' dir='ltr'>θ</span> <span class='ocrx_word' id='word_1_480' title='bbox 1353 5668 1562 5725; x_wconf 87' lang='lat' dir='ltr'><strong>codice</strong></span> <span class='ocrx_word' id='word_1_481' title='bbox 1601 5667 1973 5741; x_wconf 85' lang='lat' dir='ltr'><strong>descriptum</strong></span> <span class='ocrx_word' id='word_1_482' title='bbox 2015 5668 2176 5740; x_wconf 82' lang='lat' dir='ltr'><strong>legis-</strong></span> 
     </span>
    </p>
   </div>
   <div class='ocr_carea' id='block_1_70' title="bbox 2371 1884 3942 1961">
    <p class='ocr_par' dir='ltr' id='par_1_70' title="bbox 2371 1884 3942 1961">
     <span class='ocr_line' id='line_1_70' title="bbox 2371 1884 3942 1961; baseline 0.001 -21"><span class='ocrx_word' id='word_1_483' title='bbox 2371 1884 2490 1942; x_wconf 89' lang='lat' dir='ltr'><strong>Etsi</strong></span> <span class='ocrx_word' id='word_1_484' title='bbox 2548 1886 2969 1958; x_wconf 87' lang='lat' dir='ltr'><strong>perpulchrae</strong></span> <span class='ocrx_word' id='word_1_485' title='bbox 3014 1886 3129 1944; x_wconf 91' lang='lat' dir='ltr'><strong>hae</strong></span> <span class='ocrx_word' id='word_1_486' title='bbox 3174 1885 3334 1942; x_wconf 91' lang='lat' dir='ltr'><strong>duae</strong></span> <span class='ocrx_word' id='word_1_487' title='bbox 3372 1885 3668 1944; x_wconf 82' lang='lat' dir='ltr'><strong>historiae</strong></span> <span class='ocrx_word' id='word_1_488' title='bbox 3717 1901 3942 1961; x_wconf 90' lang='lat' dir='ltr'><strong>reapse</strong></span> 
     </span>
    </p>
   </div>
   <div class='ocr_carea' id='block_1_71' title="bbox 2285 1983 3939 2056">
    <p class='ocr_par' dir='ltr' id='par_1_71' title="bbox 2285 1983 3939 2056">
     <span class='ocr_line' id='line_1_71' title="bbox 2285 1983 3939 2056; baseline 0.001 -15"><span class='ocrx_word' id='word_1_489' title='bbox 2285 1984 2537 2056; x_wconf 90' lang='lat' dir='ltr'><strong>utrique</strong></span> <span class='ocrx_word' id='word_1_490' title='bbox 2588 1983 3000 2042; x_wconf 89' lang='lat' dir='ltr'><strong>Macariorum</strong></span> <span class='ocrx_word' id='word_1_491' title='bbox 3054 1985 3210 2040; x_wconf 91' lang='lat' dir='ltr'><strong>bene</strong></span> <span class='ocrx_word' id='word_1_492' title='bbox 3259 1983 3654 2049; x_wconf 88' lang='lat' dir='ltr'><strong>conveniunt,</strong></span> <span class='ocrx_word' id='word_1_493' title='bbox 3695 1985 3939 2042; x_wconf 82' lang='lat' dir='ltr'><strong>tribue-</strong></span> 
     </span>
    </p>
   </div>
   <div class='ocr_carea' id='block_1_72' title="bbox 2287 2082 3951 2154">
    <p class='ocr_par' dir='ltr' id='par_1_72' title="bbox 2287 2082 3951 2154">
     <span class='ocr_line' id='line_1_72' title="bbox 2287 2082 3951 2154; baseline 0 -15"><span class='ocrx_word' id='word_1_494' title='bbox 2287 2086 2405 2139; x_wconf 86' lang='lat' dir='ltr'><strong>rim</strong></span> <span class='ocrx_word' id='word_1_495' title='bbox 2461 2087 2668 2139; x_wconf 90' lang='lat' dir='ltr'><strong>tamen</strong></span> <span class='ocrx_word' id='word_1_496' title='bbox 2727 2096 2832 2139; x_wconf 91' lang='lat' dir='ltr'><strong>eas</strong></span> <span class='ocrx_word' id='word_1_497' title='bbox 2881 2082 3183 2154; x_wconf 87' lang='lat' dir='ltr'><strong>Aegyptio</strong></span> <span class='ocrx_word' id='word_1_498' title='bbox 3222 2099 3234 2150; x_wconf 92' lang='lat'><strong>;</strong></span> <span class='ocrx_word' id='word_1_499' title='bbox 3270 2089 3329 2139; x_wconf 93' lang='lat' dir='ltr'><strong>et</strong></span> <span class='ocrx_word' id='word_1_500' title='bbox 3380 2083 3643 2139; x_wconf 88' lang='lat' dir='ltr'><strong>alteram</strong></span> <span class='ocrx_word' id='word_1_501' title='bbox 3687 2083 3951 2154; x_wconf 90' lang='lat' dir='ltr'><strong>quidem</strong></span> 
     </span>
    </p>
   </div>
   <div class='ocr_carea' id='block_1_73' title="bbox 2286 2177 3949 2251">
    <p class='ocr_par' dir='ltr' id='par_1_73' title="bbox 2286 2177 3949 2251">
     <span class='ocr_line' id='line_1_73' title="bbox 2286 2177 3949 2251; baseline 0.001 -15"><span class='ocrx_word' id='word_1_502' title='bbox 2286 2184 2540 2251; x_wconf 86' lang='lat' dir='ltr'><strong>propter</strong></span> <span class='ocrx_word' id='word_1_503' title='bbox 2583 2177 3066 2236; x_wconf 91' lang='lat' dir='ltr'><strong>similitudinem</strong></span> <span class='ocrx_word' id='word_1_504' title='bbox 3110 2179 3429 2237; x_wconf 88' lang='lat' dir='ltr'><strong>doctrinae</strong></span> <span class='ocrx_word' id='word_1_505' title='bbox 3474 2195 3618 2236; x_wconf 90' lang='lat' dir='ltr'><strong>cum</strong></span> <span class='ocrx_word' id='word_1_506' title='bbox 3663 2179 3949 2237; x_wconf 91' lang='lat' dir='ltr'><strong>homiliis</strong></span> 
     </span>
    </p>
   </div>
   <div class='ocr_carea' id='block_1_74' title="bbox 2284 2277 3944 2348">
    <p class='ocr_par' dir='ltr' id='par_1_74' title="bbox 2284 2277 3944 2348">
     <span class='ocr_line' id='line_1_74' title="bbox 2284 2277 3944 2348; baseline 0.001 -15"><span class='ocrx_word' id='word_1_507' title='bbox 2284 2277 2440 2342; x_wconf 88' lang='lat' dir='ltr'><strong>eius,</strong></span> <span class='ocrx_word' id='word_1_508' title='bbox 2487 2277 2746 2334; x_wconf 85' lang='lat' dir='ltr'><strong>alteram</strong></span> <span class='ocrx_word' id='word_1_509' title='bbox 2788 2278 2870 2334; x_wconf 91' lang='lat' dir='ltr'><strong>ob</strong></span> <span class='ocrx_word' id='word_1_510' title='bbox 2904 2277 3101 2348; x_wconf 88' lang='lat' dir='ltr'><strong>ipsius</strong></span> <span class='ocrx_word' id='word_1_511' title='bbox 3131 2291 3359 2335; x_wconf 90' lang='lat' dir='ltr'><strong>nexum</strong></span> <span class='ocrx_word' id='word_1_512' title='bbox 3392 2291 3534 2334; x_wconf 88' lang='lat' dir='ltr'><strong>cum</strong></span> <span class='ocrx_word' id='word_1_513' title='bbox 3578 2277 3838 2335; x_wconf 89' lang='lat' dir='ltr'><strong>historia</strong></span> <span class='ocrx_word' id='word_1_514' title='bbox 3862 2278 3944 2334; x_wconf 87' lang='lat' dir='ltr'><strong>de</strong></span> 
     </span>
    </p>
   </div>
   <div class='ocr_carea' id='block_1_75' title="bbox 2286 2372 3943 2440">
    <p class='ocr_par' dir='ltr' id='par_1_75' title="bbox 2286 2372 3943 2440">
     <span class='ocr_line' id='line_1_75' title="bbox 2286 2372 3943 2440; baseline 0.001 -10"><span class='ocrx_word' id='word_1_515' title='bbox 2286 2381 2536 2432; x_wconf 76' lang='lat' dir='ltr'><strong>mortuo</strong></span> <span class='ocrx_word' id='word_1_516' title='bbox 2567 2372 2641 2430; x_wconf 89' lang='lat' dir='ltr'><strong>ad</strong></span> <span class='ocrx_word' id='word_1_517' title='bbox 2676 2374 3094 2431; x_wconf 86' lang='lat' dir='ltr'><strong>refellendum</strong></span> <span class='ocrx_word' id='word_1_518' title='bbox 3127 2374 3500 2431; x_wconf 84' lang='lat' dir='ltr'><strong>Hieracitam</strong></span> <span class='ocrx_word' id='word_1_519' title='bbox 3549 2374 3943 2440; x_wconf 87' lang='lat' dir='ltr'><strong>resuscitato,</strong></span> 
     </span>
    </p>
   </div>
   <div class='ocr_carea' id='block_1_76' title="bbox 2283 2472 3945 2544">
    <p class='ocr_par' dir='ltr' id='par_1_76' title="bbox 2283 2472 3945 2544">
     <span class='ocr_line' id='line_1_76' title="bbox 2283 2472 3945 2544; baseline -0.001 -15"><span class='ocrx_word' id='word_1_520' title='bbox 2283 2487 2442 2544; x_wconf 90' lang='lat' dir='ltr'><strong>quae</strong></span> <span class='ocrx_word' id='word_1_521' title='bbox 2488 2472 2549 2529; x_wconf 90' lang='lat' dir='ltr'><strong>in</strong></span> <span class='ocrx_word' id='word_1_522' title='bbox 2596 2472 2812 2530; x_wconf 85' lang='lat' dir='ltr'><strong>codice</strong></span> <span class='ocrx_word' id='word_1_523' title='bbox 2859 2473 3145 2544; x_wconf 82' lang='lat' dir='ltr'><strong>proxime</strong></span> <span class='ocrx_word' id='word_1_524' title='bbox 3177 2472 3510 2529; x_wconf 89' lang='lat' dir='ltr'><strong>subiuncta</strong></span> <span class='ocrx_word' id='word_1_525' title='bbox 3557 2473 3631 2529; x_wconf 88' lang='lat' dir='ltr'><strong>ad</strong></span> <span class='ocrx_word' id='word_1_526' title='bbox 3675 2473 3945 2528; x_wconf 90' lang='lat' dir='ltr'><strong>eundem</strong></span> 
     </span>
    </p>
   </div>
   <div class='ocr_carea' id='block_1_77' title="bbox 2286 2567 3068 2644">
    <p class='ocr_par' dir='ltr' id='par_1_77' title="bbox 2286 2567 3068 2644">
     <span class='ocr_line' id='line_1_77' title="bbox 2286 2567 3068 2644; baseline -0.004 -17"><span class='ocrx_word' id='word_1_527' title='bbox 2286 2570 2623 2627; x_wconf 91' lang='lat' dir='ltr'><strong>Macarium</strong></span> <span class='ocrx_word' id='word_1_528' title='bbox 2675 2569 2931 2640; x_wconf 88' lang='lat' dir='ltr'><strong>respicit</strong></span> <span class='ocrx_word' id='word_1_529' title='bbox 2963 2567 3068 2644; x_wconf 84' lang='grc'><strong>(5).</strong></span> 
     </span>
    </p>
   </div>
   <div class='ocr_carea' id='block_1_78' title="bbox 2364 2664 3939 2742">
    <p class='ocr_par' dir='ltr' id='par_1_78' title="bbox 2364 2664 3939 2742">
     <span class='ocr_line' id='line_1_78' title="bbox 2364 2664 3939 2742; baseline 0 -18"><span class='ocrx_word' id='word_1_530' title='bbox 2364 2664 2392 2742; x_wconf 62' lang='grc' dir='ltr'><strong>ς</strong></span> <span class='ocrx_word' id='word_1_531' title='bbox 2425 2669 2520 2724; x_wconf 73' lang='grc'><strong>41.</strong></span> <span class='ocrx_word' id='word_1_532' title='bbox 2576 2667 2892 2738; x_wconf 87' lang='lat' dir='ltr'><strong>Superest,</strong></span> <span class='ocrx_word' id='word_1_533' title='bbox 2927 2672 2992 2724; x_wconf 91' lang='lat' dir='ltr'><strong>ut</strong></span> <span class='ocrx_word' id='word_1_534' title='bbox 3033 2667 3188 2724; x_wconf 91' lang='lat' dir='ltr'><strong>vitas</strong></span> <span class='ocrx_word' id='word_1_535' title='bbox 3229 2667 3497 2725; x_wconf 91' lang='lat' dir='ltr'><strong>aliorum</strong></span> <span class='ocrx_word' id='word_1_536' title='bbox 3544 2667 3939 2734; x_wconf 89' lang='lat' dir='ltr'><strong>Sanctorum,</strong></span> 
     </span>
    </p>
   </div>
   <div class='ocr_carea' id='block_1_79' title="bbox 2285 2764 3937 2837">
    <p class='ocr_par' dir='ltr' id='par_1_79' title="bbox 2285 2764 3937 2837">
     <span class='ocr_line' id='line_1_79' title="bbox 2285 2764 3937 2837; baseline -0.001 -15"><span class='ocrx_word' id='word_1_537' title='bbox 2285 2765 2346 2822; x_wconf 91' lang='lat' dir='ltr'><strong>in</strong></span> <span class='ocrx_word' id='word_1_538' title='bbox 2390 2765 2622 2837; x_wconf 91' lang='lat' dir='ltr'><strong>quibus</strong></span> <span class='ocrx_word' id='word_1_539' title='bbox 2674 2764 3088 2822; x_wconf 90' lang='lat' dir='ltr'><strong>Macariorum</strong></span> <span class='ocrx_word' id='word_1_540' title='bbox 3147 2771 3504 2823; x_wconf 89' lang='lat' dir='ltr'><strong>nostrorum</strong></span> <span class='ocrx_word' id='word_1_541' title='bbox 3560 2766 3796 2823; x_wconf 88' lang='lat' dir='ltr'><strong>mentio</strong></span> <span class='ocrx_word' id='word_1_542' title='bbox 3847 2766 3937 2832; x_wconf 84' lang='lat' dir='ltr'><strong>ﬁt,</strong></span> 
     </span>
    </p>
   </div>
   <div class='ocr_carea' id='block_1_80' title="bbox 2283 2862 3943 2934">
    <p class='ocr_par' dir='ltr' id='par_1_80' title="bbox 2283 2862 3943 2934">
     <span class='ocr_line' id='line_1_80' title="bbox 2283 2862 3943 2934; baseline 0.001 -15"><span class='ocrx_word' id='word_1_543' title='bbox 2283 2862 2730 2920; x_wconf 90' lang='lat' dir='ltr'><strong>examinemus.</strong></span> <span class='ocrx_word' id='word_1_544' title='bbox 2787 2862 2981 2930; x_wconf 91' lang='lat' dir='ltr'><strong>Quem</strong></span> <span class='ocrx_word' id='word_1_545' title='bbox 3035 2863 3096 2918; x_wconf 92' lang='lat' dir='ltr'><strong>in</strong></span> <span class='ocrx_word' id='word_1_546' title='bbox 3147 2862 3332 2919; x_wconf 79' lang='lat' dir='ltr'><strong>tinem</strong></span> <span class='ocrx_word' id='word_1_547' title='bbox 3383 2864 3624 2934; x_wconf 89' lang='lat' dir='ltr'><strong>singula</strong></span> <span class='ocrx_word' id='word_1_548' title='bbox 3666 2865 3943 2920; x_wconf 86' lang='lat' dir='ltr'><strong>volumi-</strong></span> 
     </span>
    </p>
   </div>
   <div class='ocr_carea' id='block_1_81' title="bbox 2284 2959 3945 3032">
    <p class='ocr_par' dir='ltr' id='par_1_81' title="bbox 2284 2959 3945 3032">
     <span class='ocr_line' id='line_1_81' title="bbox 2284 2959 3945 3032; baseline 0.001 -15"><span class='ocrx_word' id='word_1_549' title='bbox 2284 2976 2357 3017; x_wconf 91' lang='lat' dir='ltr'><strong>na</strong></span> <span class='ocrx_word' id='word_1_550' title='bbox 2406 2961 2524 3018; x_wconf 86' lang='lat' dir='ltr'><strong>AA.</strong></span> <span class='ocrx_word' id='word_1_551' title='bbox 2566 2960 2664 3017; x_wconf 92' lang='lat' dir='ltr'><strong>SS.</strong></span> <span class='ocrx_word' id='word_1_552' title='bbox 2726 2960 3001 3018; x_wconf 87' lang='lat' dir='ltr'><strong>Bollandi</strong></span> <span class='ocrx_word' id='word_1_553' title='bbox 3045 2959 3378 3032; x_wconf 88' lang='lat' dir='ltr'><strong>diligenter</strong></span> <span class='ocrx_word' id='word_1_554' title='bbox 3423 2961 3792 3027; x_wconf 88' lang='lat' dir='ltr'><strong>evolvimus,</strong></span> <span class='ocrx_word' id='word_1_555' title='bbox 3835 2962 3945 3018; x_wconf 90' lang='lat' dir='ltr'><strong>sed</strong></span> 
     </span>
    </p>
   </div>
   <div class='ocr_carea' id='block_1_82' title="bbox 2283 3058 3946 3130">
    <p class='ocr_par' dir='ltr' id='par_1_82' title="bbox 2283 3058 3946 3130">
     <span class='ocr_line' id='line_1_82' title="bbox 2283 3058 3946 3130; baseline 0.001 -15"><span class='ocrx_word' id='word_1_556' title='bbox 2283 3059 2518 3115; x_wconf 89' lang='lat' dir='ltr'><strong>fructus</strong></span> <span class='ocrx_word' id='word_1_557' title='bbox 2569 3072 2800 3130; x_wconf 90' lang='lat' dir='ltr'><strong>paucos</strong></span> <span class='ocrx_word' id='word_1_558' title='bbox 2852 3058 3267 3129; x_wconf 88' lang='lat' dir='ltr'><strong>percepimus.</strong></span> <span class='ocrx_word' id='word_1_559' title='bbox 3329 3059 3628 3115; x_wconf 88' lang='lat' dir='ltr'><strong>Macarius</strong></span> <span class='ocrx_word' id='word_1_560' title='bbox 3681 3059 3946 3116; x_wconf 88' lang='lat' dir='ltr'><strong>Alexan-</strong></span> 
     </span>
    </p>
   </div>
   <div class='ocr_carea' id='block_1_83' title="bbox 2282 3155 3940 3229">
    <p class='ocr_par' dir='ltr' id='par_1_83' title="bbox 2282 3155 3940 3229">
     <span class='ocr_line' id='line_1_83' title="bbox 2282 3155 3940 3229; baseline 0.001 -16"><span class='ocrx_word' id='word_1_561' title='bbox 2282 3156 2501 3213; x_wconf 90' lang='lat' dir='ltr'><strong>drinus</strong></span> <span class='ocrx_word' id='word_1_562' title='bbox 2552 3156 2614 3212; x_wconf 93' lang='lat' dir='ltr'><strong>in</strong></span> <span class='ocrx_word' id='word_1_563' title='bbox 2673 3155 2792 3212; x_wconf 85' lang='lat' dir='ltr'><strong>ﬁne</strong></span> <span class='ocrx_word' id='word_1_564' title='bbox 2842 3156 3141 3226; x_wconf 85' lang='lat' dir='ltr'><strong>epistolae</strong></span> <span class='ocrx_word' id='word_1_565' title='bbox 3195 3175 3222 3208; x_wconf 86' lang='lat'><strong><em>«</em></strong></span> <span class='ocrx_word' id='word_1_566' title='bbox 3280 3155 3601 3213; x_wconf 88' lang='lat' dir='ltr'><strong>Ammonis</strong></span> <span class='ocrx_word' id='word_1_567' title='bbox 3649 3157 3940 3229; x_wconf 91' lang='lat' dir='ltr'><strong>episcopi</strong></span> 
     </span>
    </p>
   </div>
   <div class='ocr_carea' id='block_1_84' title="bbox 2283 3254 3933 3325">
    <p class='ocr_par' dir='ltr' id='par_1_84' title="bbox 2283 3254 3933 3325">
     <span class='ocr_line' id='line_1_84' title="bbox 2283 3254 3933 3325; baseline 0 -13"><span class='ocrx_word' id='word_1_568' title='bbox 2283 3256 2356 3312; x_wconf 93' lang='lat' dir='ltr'><strong>ad</strong></span> <span class='ocrx_word' id='word_1_569' title='bbox 2412 3254 2828 3325; x_wconf 86' lang='lat' dir='ltr'><strong>TheOphilum</strong></span> <span class='ocrx_word' id='word_1_570' title='bbox 2885 3268 3109 3325; x_wconf 90' lang='lat' dir='ltr'><strong>papam</strong></span> <span class='ocrx_word' id='word_1_571' title='bbox 3176 3255 3588 3312; x_wconf 85' lang='lat' dir='ltr'><strong>Alexandriae</strong></span> <span class='ocrx_word' id='word_1_572' title='bbox 3640 3255 3718 3312; x_wconf 91' lang='lat' dir='ltr'><strong>de</strong></span> <span class='ocrx_word' id='word_1_573' title='bbox 3775 3271 3933 3313; x_wconf 82' lang='lat' dir='ltr'><strong>con-</strong></span> 
     </span>
    </p>
   </div>
   <div class='ocr_carea' id='block_1_85' title="bbox 2281 3351 3944 3423">
    <p class='ocr_par' dir='ltr' id='par_1_85' title="bbox 2281 3351 3944 3423">
     <span class='ocr_line' id='line_1_85' title="bbox 2281 3351 3944 3423; baseline 0.002 -15"><span class='ocrx_word' id='word_1_574' title='bbox 2281 3351 2631 3409; x_wconf 90' lang='lat' dir='ltr'><strong>versatione</strong></span> <span class='ocrx_word' id='word_1_575' title='bbox 2679 3356 2739 3407; x_wconf 91' lang='lat' dir='ltr'><strong>et</strong></span> <span class='ocrx_word' id='word_1_576' title='bbox 2787 3351 3148 3423; x_wconf 89' lang='lat' dir='ltr'><strong>particulari</strong></span> <span class='ocrx_word' id='word_1_577' title='bbox 3193 3352 3313 3408; x_wconf 91' lang='lat' dir='ltr'><strong>vita</strong></span> <span class='ocrx_word' id='word_1_578' title='bbox 3366 3352 3426 3410; x_wconf 93' lang='lat' dir='ltr'><strong>S.</strong></span> <span class='ocrx_word' id='word_1_579' title='bbox 3486 3353 3799 3410; x_wconf 88' lang='lat' dir='ltr'><strong>Pachomii</strong></span> <span class='ocrx_word' id='word_1_580' title='bbox 3882 3361 3944 3411; x_wconf 85' lang='lat' dir='ltr'><strong>et</strong></span> 
     </span>
    </p>
   </div>
   <div class='ocr_carea' id='block_1_86' title="bbox 2284 3447 3936 3516">
    <p class='ocr_par' dir='ltr' id='par_1_86' title="bbox 2284 3447 3936 3516">
     <span class='ocr_line' id='line_1_86' title="bbox 2284 3447 3936 3516; baseline 0.001 -10"><span class='ocrx_word' id='word_1_581' title='bbox 2284 3448 2590 3506; x_wconf 85' lang='lat' dir='ltr'><strong>Theodori</strong></span> <span class='ocrx_word' id='word_1_582' title='bbox 2634 3467 2664 3502; x_wconf 93' lang='lat'>»</span> <span class='ocrx_word' id='word_1_583' title='bbox 2712 3455 3116 3515; x_wconf 88' lang='lat' dir='ltr'><strong>memoratur,</strong></span> <span class='ocrx_word' id='word_1_584' title='bbox 3177 3449 3284 3506; x_wconf 91' lang='lat' dir='ltr'><strong>ubi</strong></span> <span class='ocrx_word' id='word_1_585' title='bbox 3340 3465 3482 3507; x_wconf 92' lang='lat' dir='ltr'><strong>cum</strong></span> <span class='ocrx_word' id='word_1_586' title='bbox 3542 3451 3723 3508; x_wconf 89' lang='lat' dir='ltr'><strong>beato</strong></span> <span class='ocrx_word' id='word_1_587' title='bbox 3771 3447 3936 3516; x_wconf 80' lang='lat' dir='ltr'><strong>Pior,</strong></span> 
     </span>
    </p>
   </div>
   <div class='ocr_carea' id='block_1_87' title="bbox 2285 3547 3936 3613">
    <p class='ocr_par' dir='ltr' id='par_1_87' title="bbox 2285 3547 3936 3613">
     <span class='ocr_line' id='line_1_87' title="bbox 2285 3547 3936 3613; baseline 0.001 -8"><span class='ocrx_word' id='word_1_588' title='bbox 2285 3547 2642 3612; x_wconf 82' lang='lat' dir='ltr'><strong>Aelurione,</strong></span> <span class='ocrx_word' id='word_1_589' title='bbox 2702 3547 3032 3604; x_wconf 89' lang='lat' dir='ltr'><strong>Ammonio</strong></span> <span class='ocrx_word' id='word_1_590' title='bbox 3086 3553 3144 3603; x_wconf 92' lang='lat' dir='ltr'><strong>et</strong></span> <span class='ocrx_word' id='word_1_591' title='bbox 3195 3547 3454 3613; x_wconf 89' lang='lat' dir='ltr'><strong>Isidoro,</strong></span> <span class='ocrx_word' id='word_1_592' title='bbox 3523 3548 3936 3606; x_wconf 88' lang='lat' dir='ltr'><strong>anachoreta—</strong></span> 
     </span>
    </p>
   </div>
   <div class='ocr_carea' id='block_1_88' title="bbox 2285 3641 3936 3715">
    <p class='ocr_par' dir='ltr' id='par_1_88' title="bbox 2285 3641 3936 3715">
     <span class='ocr_line' id='line_1_88' title="bbox 2285 3641 3936 3715; baseline 0 -14"><span class='ocrx_word' id='word_1_593' title='bbox 2285 3657 2423 3702; x_wconf 92' lang='lat' dir='ltr'><strong>rum</strong></span> <span class='ocrx_word' id='word_1_594' title='bbox 2473 3644 2757 3701; x_wconf 90' lang='lat' dir='ltr'><strong>omnium</strong></span> <span class='ocrx_word' id='word_1_595' title='bbox 2808 3643 3270 3715; x_wconf 88' lang='lat' dir='ltr'><strong>antiquissimo,</strong></span> <span class='ocrx_word' id='word_1_596' title='bbox 3323 3646 3511 3702; x_wconf 91' lang='lat' dir='ltr'><strong>etiam</strong></span> <span class='ocrx_word' id='word_1_597' title='bbox 3566 3641 3753 3701; x_wconf 81' lang='lat' dir='ltr'><strong>beatus</strong></span> <span class='ocrx_word' id='word_1_598' title='bbox 3810 3641 3936 3701; x_wconf 85' lang='lat' dir='ltr'><strong>Ma-</strong></span> 
     </span>
    </p>
   </div>
   <div class='ocr_carea' id='block_1_89' title="bbox 2281 3739 3943 3814">
    <p class='ocr_par' dir='ltr' id='par_1_89' title="bbox 2281 3739 3943 3814">
     <span class='ocr_line' id='line_1_89' title="bbox 2281 3739 3943 3814; baseline 0.001 -15"><span class='ocrx_word' id='word_1_599' title='bbox 2281 3739 2477 3799; x_wconf 75' lang='lat' dir='ltr'><strong>carius</strong></span> <span class='ocrx_word' id='word_1_600' title='bbox 2525 3741 2603 3798; x_wconf 89' lang='lat' dir='ltr'><strong>iis</strong></span> <span class='ocrx_word' id='word_1_601' title='bbox 2651 3740 3123 3814; x_wconf 80' lang='lat' dir='ltr'><strong>adnumeratur,</strong></span> <span class='ocrx_word' id='word_1_602' title='bbox 3173 3757 3332 3814; x_wconf 92' lang='lat' dir='ltr'><strong>quos</strong></span> <span class='ocrx_word' id='word_1_603' title='bbox 3377 3743 3438 3799; x_wconf 92' lang='lat' dir='ltr'><strong>in</strong></span> <span class='ocrx_word' id='word_1_604' title='bbox 3471 3749 3679 3800; x_wconf 87' lang='lat' dir='ltr'><strong>monte</strong></span> <span class='ocrx_word' id='word_1_605' title='bbox 3709 3743 3943 3800; x_wconf 86' lang='lat' dir='ltr'><strong>Nitriae</strong></span> 
     </span>
    </p>
   </div>
   <div class='ocr_carea' id='block_1_90' title="bbox 2286 3839 3946 3912">
    <p class='ocr_par' dir='ltr' id='par_1_90' title="bbox 2286 3839 3946 3912">
     <span class='ocr_line' id='line_1_90' title="bbox 2286 3839 3946 3912; baseline 0 -14"><span class='ocrx_word' id='word_1_606' title='bbox 2286 3839 2651 3898; x_wconf 86' lang='lat' dir='ltr'><strong>Ammonius</strong></span> <span class='ocrx_word' id='word_1_607' title='bbox 2725 3839 3061 3910; x_wconf 88' lang='lat' dir='ltr'><strong>episcopus</strong></span> <span class='ocrx_word' id='word_1_608' title='bbox 3092 3841 3336 3898; x_wconf 89' lang='lat' dir='ltr'><strong>viderat</strong></span> <span class='ocrx_word' id='word_1_609' title='bbox 3419 3845 3479 3897; x_wconf 91' lang='lat' dir='ltr'><strong>et</strong></span> <span class='ocrx_word' id='word_1_610' title='bbox 3564 3855 3946 3912; x_wconf 87' lang='lat' dir='ltr'><strong>magnopere</strong></span> 
     </span>
    </p>
   </div>
   <div class='ocr_carea' id='block_1_91' title="bbox 2282 3935 3939 4012">
    <p class='ocr_par' dir='ltr' id='par_1_91' title="bbox 2282 3935 3939 4012">
     <span class='ocr_line' id='line_1_91' title="bbox 2282 3935 3939 4012; baseline -0.001 -16"><span class='ocrx_word' id='word_1_611' title='bbox 2282 3938 2625 3996; x_wconf 87' lang='lat' dir='ltr'><strong>admiratus</strong></span> <span class='ocrx_word' id='word_1_612' title='bbox 2671 3942 2800 3993; x_wconf 87' lang='lat' dir='ltr'><strong>erat</strong></span> <span class='ocrx_word' id='word_1_613' title='bbox 2848 3935 2933 4012; x_wconf 88' lang='lat'><strong>(6)</strong></span> <span class='ocrx_word' id='word_1_614' title='bbox 2980 3955 2992 4003; x_wconf 95' lang='lat'>;</span> <span class='ocrx_word' id='word_1_615' title='bbox 3046 3939 3380 3995; x_wconf 89' lang='lat' dir='ltr'><strong>Macarium</strong></span> <span class='ocrx_word' id='word_1_616' title='bbox 3431 3939 3622 4010; x_wconf 86' lang='lat' dir='ltr'><strong>igitur</strong></span> <span class='ocrx_word' id='word_1_617' title='bbox 3671 3939 3939 3995; x_wconf 85' lang='lat' dir='ltr'><strong>Alexan-</strong></span> 
     </span>
    </p>
   </div>
   <div class='ocr_carea' id='block_1_92' title="bbox 2281 4035 3934 4107">
    <p class='ocr_par' dir='ltr' id='par_1_92' title="bbox 2281 4035 3934 4107">
     <span class='ocr_line' id='line_1_92' title="bbox 2281 4035 3934 4107; baseline -0.001 -16"><span class='ocrx_word' id='word_1_618' title='bbox 2281 4037 2534 4093; x_wconf 87' lang='lat' dir='ltr'><strong>drinum</strong></span> <span class='ocrx_word' id='word_1_619' title='bbox 2568 4035 3042 4107; x_wconf 90' lang='lat' dir='ltr'><strong>intelligendum</strong></span> <span class='ocrx_word' id='word_1_620' title='bbox 3075 4050 3210 4092; x_wconf 89' lang='lat' dir='ltr'><strong>esse</strong></span> <span class='ocrx_word' id='word_1_621' title='bbox 3241 4035 3776 4093; x_wconf 88' lang='lat' dir='ltr'><strong>verisimillimum</strong></span> <span class='ocrx_word' id='word_1_622' title='bbox 3823 4043 3934 4094; x_wconf 81' lang='lat' dir='ltr'><strong>est.</strong></span> 
     </span>
    </p>
   </div>
   <div class='ocr_carea' id='block_1_93' title="bbox 2285 4131 3940 4205">
    <p class='ocr_par' dir='ltr' id='par_1_93' title="bbox 2285 4131 3940 4205">
     <span class='ocr_line' id='line_1_93' title="bbox 2285 4131 3940 4205; baseline 0.001 -15"><span class='ocrx_word' id='word_1_623' title='bbox 2285 4135 2601 4190; x_wconf 87' lang='lat' dir='ltr'><strong>Praeterea</strong></span> <span class='ocrx_word' id='word_1_624' title='bbox 2646 4132 2808 4189; x_wconf 90' lang='lat' dir='ltr'><strong>inter</strong></span> <span class='ocrx_word' id='word_1_625' title='bbox 2850 4133 3150 4205; x_wconf 87' lang='lat' dir='ltr'><strong>reliquias</strong></span> <span class='ocrx_word' id='word_1_626' title='bbox 3205 4133 3503 4191; x_wconf 89' lang='lat' dir='ltr'><strong>ecclesiae</strong></span> <span class='ocrx_word' id='word_1_627' title='bbox 3562 4131 3940 4191; x_wconf 84' lang='lat' dir='ltr'><strong>Senonensis</strong></span> 
     </span>
    </p>
   </div>
   <div class='ocr_carea' id='block_1_94' title="bbox 2291 4227 3938 4304">
    <p class='ocr_par' dir='ltr' id='par_1_94' title="bbox 2291 4227 3938 4304">
     <span class='ocr_line' id='line_1_94' title="bbox 2291 4227 3938 4304; baseline 0.001 -17"><span class='ocrx_word' id='word_1_628' title='bbox 2291 4227 2455 4296; x_wconf 83' lang='lat'><strong>167</strong></span> <span class='ocrx_word' id='word_1_629' title='bbox 2514 4229 2762 4288; x_wconf 89' lang='lat' dir='ltr'><strong>Macarii</strong></span> <span class='ocrx_word' id='word_1_630' title='bbox 2817 4231 3062 4288; x_wconf 85' lang='lat' dir='ltr'><strong>abbatis</strong></span> <span class='ocrx_word' id='word_1_631' title='bbox 3129 4239 3531 4289; x_wconf 89' lang='lat' dir='ltr'><strong>recensentur</strong></span> <span class='ocrx_word' id='word_1_632' title='bbox 3604 4232 3938 4304; x_wconf 79' lang='lat' dir='ltr'><strong>reliquiae.</strong></span> 
     </span>
    </p>
   </div>
   <div class='ocr_carea' id='block_1_95' title="bbox 2282 4325 3940 4400">
    <p class='ocr_par' dir='ltr' id='par_1_95' title="bbox 2282 4325 3940 4400">
     <span class='ocr_line' id='line_1_95' title="bbox 2282 4325 3940 4400; baseline 0.001 -16"><span class='ocrx_word' id='word_1_633' title='bbox 2282 4342 2441 4400; x_wconf 90' lang='lat' dir='ltr'><strong>quae</strong></span> <span class='ocrx_word' id='word_1_634' title='bbox 2493 4342 2643 4385; x_wconf 89' lang='lat' dir='ltr'><strong>num</strong></span> <span class='ocrx_word' id='word_1_635' title='bbox 2687 4327 3050 4385; x_wconf 89' lang='lat' dir='ltr'><strong>alterutrius</strong></span> <span class='ocrx_word' id='word_1_636' title='bbox 3098 4343 3173 4386; x_wconf 89' lang='lat' dir='ltr'><strong>ex</strong></span> <span class='ocrx_word' id='word_1_637' title='bbox 3221 4328 3451 4386; x_wconf 88' lang='lat' dir='ltr'><strong>nostris</strong></span> <span class='ocrx_word' id='word_1_638' title='bbox 3485 4325 3766 4386; x_wconf 82' lang='lat' dir='ltr'><strong>Macariis</strong></span> <span class='ocrx_word' id='word_1_639' title='bbox 3789 4329 3940 4399; x_wconf 84' lang='lat' dir='ltr'><strong>sint,</strong></span> 
     </span>
    </p>
   </div>
   <div class='ocr_carea' id='block_1_96' title="bbox 2281 4424 3941 4502">
    <p class='ocr_par' dir='ltr' id='par_1_96' title="bbox 2281 4424 3941 4502">
     <span class='ocr_line' id='line_1_96' title="bbox 2281 4424 3941 4502; baseline 0.001 -18"><span class='ocrx_word' id='word_1_640' title='bbox 2281 4431 2450 4484; x_wconf 90' lang='lat' dir='ltr'><strong>certo</strong></span> <span class='ocrx_word' id='word_1_641' title='bbox 2495 4425 2706 4483; x_wconf 87' lang='lat' dir='ltr'><strong>dicere</strong></span> <span class='ocrx_word' id='word_1_642' title='bbox 2757 4426 2978 4498; x_wconf 89' lang='lat' dir='ltr'><strong>nequis</strong></span> <span class='ocrx_word' id='word_1_643' title='bbox 3025 4424 3137 4502; x_wconf 88' lang='lat'><strong>(7).</strong></span> <span class='ocrx_word' id='word_1_644' title='bbox 3198 4427 3428 4484; x_wconf 76' lang='lat' dir='ltr'><strong>Rursus</strong></span> <span class='ocrx_word' id='word_1_645' title='bbox 3482 4427 3730 4484; x_wconf 89' lang='lat' dir='ltr'><strong>Macarii</strong></span> <span class='ocrx_word' id='word_1_646' title='bbox 3765 4441 3941 4485; x_wconf 84' lang='lat' dir='ltr'><strong>men-</strong></span> 
     </span>
    </p>
   </div>
   <div class='ocr_carea' id='block_1_97' title="bbox 2280 4522 3943 4595">
    <p class='ocr_par' dir='ltr' id='par_1_97' title="bbox 2280 4522 3943 4595">
     <span class='ocr_line' id='line_1_97' title="bbox 2280 4522 3943 4595; baseline 0.002 -16"><span class='ocrx_word' id='word_1_647' title='bbox 2280 4524 2368 4580; x_wconf 86' lang='lat' dir='ltr'><strong>tio</strong></span> <span class='ocrx_word' id='word_1_648' title='bbox 2419 4523 2482 4580; x_wconf 83' lang='lat' dir='ltr'><strong>fit</strong></span> <span class='ocrx_word' id='word_1_649' title='bbox 2524 4523 2587 4579; x_wconf 92' lang='lat' dir='ltr'><strong>in</strong></span> <span class='ocrx_word' id='word_1_650' title='bbox 2642 4522 2768 4580; x_wconf 83' lang='lat' dir='ltr'><strong>vita</strong></span> <span class='ocrx_word' id='word_1_651' title='bbox 2819 4523 2962 4580; x_wconf 89' lang='lat' dir='ltr'><strong>Iusti</strong></span> <span class='ocrx_word' id='word_1_652' title='bbox 3018 4523 3298 4595; x_wconf 91' lang='lat' dir='ltr'><strong>episcopi</strong></span> <span class='ocrx_word' id='word_1_653' title='bbox 3370 4523 3790 4595; x_wconf 84' lang='lat' dir='ltr'><strong>Lugdunensis</strong></span> <span class='ocrx_word' id='word_1_654' title='bbox 3861 4525 3943 4582; x_wconf 90' lang='lat' dir='ltr'><strong>ab</strong></span> 
     </span>
    </p>
   </div>
   <div class='ocr_carea' id='block_1_98' title="bbox 2280 4621 3943 4694">
    <p class='ocr_par' dir='ltr' id='par_1_98' title="bbox 2280 4621 3943 4694">
     <span class='ocr_line' id='line_1_98' title="bbox 2280 4621 3943 4694; baseline 0.001 -15"><span class='ocrx_word' id='word_1_655' title='bbox 2280 4635 2594 4693; x_wconf 86' lang='lat' dir='ltr'><strong>anonymo</strong></span> <span class='ocrx_word' id='word_1_656' title='bbox 2646 4621 2919 4692; x_wconf 89' lang='lat' dir='ltr'><strong>quodam</strong></span> <span class='ocrx_word' id='word_1_657' title='bbox 2987 4621 3323 4694; x_wconf 90' lang='lat' dir='ltr'><strong>descripta,</strong></span> <span class='ocrx_word' id='word_1_658' title='bbox 3392 4637 3552 4694; x_wconf 91' lang='lat' dir='ltr'><strong>quae</strong></span> <span class='ocrx_word' id='word_1_659' title='bbox 3610 4621 3847 4693; x_wconf 86' lang='lat' dir='ltr'><strong>prodiit</strong></span> <span class='ocrx_word' id='word_1_660' title='bbox 3909 4637 3943 4680; x_wconf 91' lang='lat' dir='ltr'><strong>e</strong></span> 
     </span>
    </p>
   </div>
   <div class='ocr_carea' id='block_1_99' title="bbox 2280 4716 3943 4790">
    <p class='ocr_par' dir='ltr' id='par_1_99' title="bbox 2280 4716 3943 4790">
     <span class='ocr_line' id='line_1_99' title="bbox 2280 4716 3943 4790; baseline -0.001 -14"><span class='ocrx_word' id='word_1_661' title='bbox 2280 4718 2493 4776; x_wconf 89' lang='lat' dir='ltr'><strong>codice</strong></span> <span class='ocrx_word' id='word_1_662' title='bbox 2546 4716 2782 4776; x_wconf 82' lang='lat' dir='ltr'><strong>XXXIII</strong></span> <span class='ocrx_word' id='word_1_663' title='bbox 2847 4718 3112 4790; x_wconf 83' lang='lat' dir='ltr'><strong>Reginae</strong></span> <span class='ocrx_word' id='word_1_664' title='bbox 3167 4719 3440 4778; x_wconf 91' lang='lat' dir='ltr'><strong>Sueciae.</strong></span> <span class='ocrx_word' id='word_1_665' title='bbox 3501 4720 3700 4777; x_wconf 90' lang='lat' dir='ltr'><strong>Iustus</strong></span> <span class='ocrx_word' id='word_1_666' title='bbox 3766 4720 3943 4776; x_wconf 90' lang='lat' dir='ltr'><strong>enim</strong></span> 
     </span>
    </p>
   </div>
   <div class='ocr_carea' id='block_1_100' title="bbox 2281 4817 3938 4892">
    <p class='ocr_par' dir='ltr' id='par_1_100' title="bbox 2281 4817 3938 4892">
     <span class='ocr_line' id='line_1_100' title="bbox 2281 4817 3938 4892; baseline -0.001 -18"><span class='ocrx_word' id='word_1_667' title='bbox 2281 4817 2614 4889; x_wconf 89' lang='lat' dir='ltr'><strong>episcopus</strong></span> <span class='ocrx_word' id='word_1_668' title='bbox 2641 4821 2904 4874; x_wconf 90' lang='lat' dir='ltr'><strong>exeunte</strong></span> <span class='ocrx_word' id='word_1_669' title='bbox 2951 4832 3113 4875; x_wconf 89' lang='lat' dir='ltr'><strong>saec.</strong></span> <span class='ocrx_word' id='word_1_670' title='bbox 3157 4817 3229 4872; x_wconf 92' lang='lat' dir='ltr'><strong>IV</strong></span> <span class='ocrx_word' id='word_1_671' title='bbox 3264 4819 3608 4892; x_wconf 84' lang='lat' dir='ltr'><strong>Aegyptum</strong></span> <span class='ocrx_word' id='word_1_672' title='bbox 3643 4818 3938 4888; x_wconf 89' lang='lat' dir='ltr'><strong>petierat.</strong></span> 
     </span>
    </p>
   </div>
   <div class='ocr_carea' id='block_1_101' title="bbox 2282 4914 3946 4988">
    <p class='ocr_par' dir='ltr' id='par_1_101' title="bbox 2282 4914 3946 4988">
     <span class='ocr_line' id='line_1_101' title="bbox 2282 4914 3946 4988; baseline 0.001 -16"><span class='ocrx_word' id='word_1_673' title='bbox 2282 4915 2347 4973; x_wconf 90' lang='lat' dir='ltr'><strong>In</strong></span> <span class='ocrx_word' id='word_1_674' title='bbox 2395 4914 2572 4972; x_wconf 90' lang='lat' dir='ltr'><strong>cuius</strong></span> <span class='ocrx_word' id='word_1_675' title='bbox 2620 4914 2738 4972; x_wconf 89' lang='lat' dir='ltr'><strong>vita</strong></span> <span class='ocrx_word' id='word_1_676' title='bbox 2788 4915 3060 4987; x_wconf 89' lang='lat' dir='ltr'><strong>scriptor</strong></span> <span class='ocrx_word' id='word_1_677' title='bbox 3115 4915 3465 4988; x_wconf 89' lang='lat' dir='ltr'><strong>incognitus</strong></span> <span class='ocrx_word' id='word_1_678' title='bbox 3528 4915 3680 4972; x_wconf 89' lang='lat' dir='ltr'><strong>haec</strong></span> <span class='ocrx_word' id='word_1_679' title='bbox 3745 4918 3946 4973; x_wconf 89' lang='lat' dir='ltr'><strong>verba</strong></span> 
     </span>
    </p>
   </div>
   <div class='ocr_carea' id='block_1_102' title="bbox 2282 5133 3945 5204">
    <p class='ocr_par' dir='ltr' id='par_1_102' title="bbox 2282 5133 3945 5204">
     <span class='ocr_line' id='line_1_102' title="bbox 2282 5133 3945 5204; baseline 0 -15"><span class='ocrx_word' id='word_1_680' title='bbox 2282 5133 2436 5189; x_wconf 82' lang='lat' dir='ltr'><strong>infra</strong></span> <span class='ocrx_word' id='word_1_681' title='bbox 2488 5134 2548 5188; x_wconf 90' lang='lat' dir='ltr'><strong>in</strong></span> <span class='ocrx_word' id='word_1_682' title='bbox 2598 5133 2810 5189; x_wconf 88' lang='lat' dir='ltr'><strong>harum</strong></span> <span class='ocrx_word' id='word_1_683' title='bbox 2857 5134 3287 5199; x_wconf 79' lang='lat' dir='ltr'><strong>Quaestionum</strong></span> <span class='ocrx_word' id='word_1_684' title='bbox 3351 5133 3690 5204; x_wconf 88' lang='lat' dir='ltr'><strong>Appendice</strong></span> <span class='ocrx_word' id='word_1_685' title='bbox 3743 5134 3945 5203; x_wconf 91' lang='lat' dir='ltr'><strong>priore</strong></span> 
     </span>
    </p>
   </div>
   <div class='ocr_carea' id='block_1_103' title="bbox 2419 5223 2619 5276">
    <p class='ocr_par' dir='ltr' id='par_1_103' title="bbox 2419 5223 2619 5276">
     <span class='ocr_line' id='line_1_103' title="bbox 2419 5223 2619 5276; baseline 0.015 -3"><span class='ocrx_word' id='word_1_686' title='bbox 2419 5223 2619 5276; x_wconf 73' lang='lat' dir='ltr'><strong>V1.2.</strong></span> 
     </span>
    </p>
   </div>
   <div class='ocr_carea' id='block_1_104' title="bbox 2284 5222 3945 5384">
    <p class='ocr_par' dir='ltr' id='par_1_104' title="bbox 2284 5222 3945 5384">
     <span class='ocr_line' id='line_1_104' title="bbox 2284 5222 2619 5278; baseline -0.006 -1"><span class='ocrx_word' id='word_1_687' title='bbox 2284 5222 2397 5278; x_wconf 87' lang='lat' dir='ltr'><strong>sub</strong></span> <span class='ocrx_word' id='word_1_688' title='bbox 2419 5223 2468 5273; x_wconf 90' lang='lat' dir='ltr'>V</span> <span class='ocrx_word' id='word_1_689' title='bbox 2496 5229 2543 5277; x_wconf 92' lang='grc'><strong>1.</strong></span> <span class='ocrx_word' id='word_1_690' title='bbox 2570 5228 2619 5278; x_wconf 85' lang='lat'><strong>2.</strong></span> 
     </span>
     <span class='ocr_line' id='line_1_105' title="bbox 2352 5310 3945 5384; baseline -0.001 -17"><span class='ocrx_word' id='word_1_691' title='bbox 2352 5312 2429 5384; x_wconf 84' lang='lat'>(5)</span> <span class='ocrx_word' id='word_1_692' title='bbox 2464 5313 2598 5366; x_wconf 83' lang='lat' dir='ltr'><strong>Eius</strong></span> <span class='ocrx_word' id='word_1_693' title='bbox 2625 5316 2815 5366; x_wconf 88' lang='lat' dir='ltr'><strong>textus</strong></span> <span class='ocrx_word' id='word_1_694' title='bbox 2850 5327 3100 5380; x_wconf 85' lang='lat' dir='ltr'><strong>graecus</strong></span> <span class='ocrx_word' id='word_1_695' title='bbox 3125 5311 3340 5381; x_wconf 85' lang='lat' dir='ltr'><strong>legitur</strong></span> <span class='ocrx_word' id='word_1_696' title='bbox 3367 5329 3396 5366; x_wconf 90' lang='lat' dir='ltr'><strong>e</strong></span> <span class='ocrx_word' id='word_1_697' title='bbox 3435 5310 3633 5365; x_wconf 85' lang='lat' dir='ltr'><strong>codice</strong></span> <span class='ocrx_word' id='word_1_698' title='bbox 3667 5312 3945 5383; x_wconf 90' lang='lat' dir='ltr'><strong>descrip-</strong></span> 
     </span>
    </p>
   </div>
   <div class='ocr_carea' id='block_1_105' title="bbox 2281 5399 3944 5472">
    <p class='ocr_par' dir='ltr' id='par_1_105' title="bbox 2281 5399 3944 5472">
     <span class='ocr_line' id='line_1_106' title="bbox 2281 5399 3944 5472; baseline 0 -15"><span class='ocrx_word' id='word_1_699' title='bbox 2281 5406 2375 5458; x_wconf 90' lang='lat' dir='ltr'><strong>tus</strong></span> <span class='ocrx_word' id='word_1_700' title='bbox 2405 5401 2557 5457; x_wconf 89' lang='lat' dir='ltr'><strong>infra</strong></span> <span class='ocrx_word' id='word_1_701' title='bbox 2585 5400 2644 5456; x_wconf 91' lang='lat' dir='ltr'><strong>in</strong></span> <span class='ocrx_word' id='word_1_702' title='bbox 2670 5401 2887 5456; x_wconf 85' lang='lat' dir='ltr'><strong>harum</strong></span> <span class='ocrx_word' id='word_1_703' title='bbox 2918 5401 3344 5466; x_wconf 82' lang='lat' dir='ltr'><strong>Quaestionum</strong></span> <span class='ocrx_word' id='word_1_704' title='bbox 3372 5399 3715 5472; x_wconf 88' lang='lat' dir='ltr'><strong>Appendice</strong></span> <span class='ocrx_word' id='word_1_705' title='bbox 3739 5402 3944 5470; x_wconf 87' lang='lat' dir='ltr'><strong>priore</strong></span> 
     </span>
    </p>
   </div>
   <div class='ocr_carea' id='block_1_106' title="bbox 2281 5491 3560 5651">
    <p class='ocr_par' dir='ltr' id='par_1_106' title="bbox 2281 5491 3560 5651">
     <span class='ocr_line' id='line_1_107' title="bbox 2281 5491 2571 5554; baseline -0.007 -8"><span class='ocrx_word' id='word_1_706' title='bbox 2281 5491 2393 5547; x_wconf 89' lang='lat' dir='ltr'><strong>sub</strong></span> <span class='ocrx_word' id='word_1_707' title='bbox 2425 5491 2487 5554; x_wconf 87' lang='lat' dir='ltr'><strong>V,</strong></span> <span class='ocrx_word' id='word_1_708' title='bbox 2519 5495 2571 5546; x_wconf 91' lang='lat'><strong>3.</strong></span> 
     </span>
     <span class='ocr_line' id='line_1_108' title="bbox 2352 5575 3560 5651; baseline -0.002 -16"><span class='ocrx_word' id='word_1_709' title='bbox 2352 5580 2429 5651; x_wconf 82' lang='lat'>(6)</span> <span class='ocrx_word' id='word_1_710' title='bbox 2464 5583 2578 5637; x_wconf 80' lang='lat' dir='ltr'><strong>AA.</strong></span> <span class='ocrx_word' id='word_1_711' title='bbox 2611 5581 2710 5636; x_wconf 91' lang='lat' dir='ltr'><strong>SS.</strong></span> <span class='ocrx_word' id='word_1_712' title='bbox 2737 5575 2877 5635; x_wconf 84' lang='lat' dir='ltr'><strong>Boii.</strong></span> <span class='ocrx_word' id='word_1_713' title='bbox 2913 5580 3044 5637; x_wconf 82' lang='lat' dir='ltr'><strong>Mai.</strong></span> <span class='ocrx_word' id='word_1_714' title='bbox 3075 5582 3134 5635; x_wconf 91' lang='lat' dir='ltr'><strong>T.</strong></span> <span class='ocrx_word' id='word_1_715' title='bbox 3162 5579 3236 5634; x_wconf 93' lang='lat' dir='ltr'><strong>III</strong></span> <span class='ocrx_word' id='word_1_716' title='bbox 3265 5595 3322 5650; x_wconf 86' lang='lat' dir='ltr'><strong>p.</strong></span> <span class='ocrx_word' id='word_1_717' title='bbox 3349 5579 3473 5636; x_wconf 75' lang='lat'><strong>357.</strong></span> <span class='ocrx_word' id='word_1_718' title='bbox 3552 5606 3560 5615; x_wconf 89' lang='lat'><strong>-</strong></span> 
     </span>
    </p>
   </div>
   <div class='ocr_carea' id='block_1_107' title="bbox 2349 5667 3310 5745">
    <p class='ocr_par' dir='ltr' id='par_1_107' title="bbox 2349 5667 3310 5745">
     <span class='ocr_line' id='line_1_109' title="bbox 2349 5667 3310 5745; baseline -0.001 -20"><span class='ocrx_word' id='word_1_719' title='bbox 2349 5669 2428 5745; x_wconf 82' lang='lat'>(7)</span> <span class='ocrx_word' id='word_1_720' title='bbox 2456 5669 2602 5726; x_wconf 85' lang='lat' dir='ltr'><strong>Ibid.</strong></span> <span class='ocrx_word' id='word_1_721' title='bbox 2627 5669 2752 5727; x_wconf 74' lang='lat' dir='ltr'><strong>Mai.</strong></span> <span class='ocrx_word' id='word_1_722' title='bbox 2784 5670 2848 5724; x_wconf 89' lang='lat' dir='ltr'><strong>T.</strong></span> <span class='ocrx_word' id='word_1_723' title='bbox 2877 5667 2982 5725; x_wconf 86' lang='lat' dir='ltr'><strong>VII</strong></span> <span class='ocrx_word' id='word_1_724' title='bbox 3007 5684 3065 5742; x_wconf 88' lang='lat' dir='ltr'><strong>p.</strong></span> <span class='ocrx_word' id='word_1_725' title='bbox 3090 5669 3218 5740; x_wconf 84' lang='grc'><strong>131,</strong></span> <span class='ocrx_word' id='word_1_726' title='bbox 3247 5669 3310 5724; x_wconf 83' lang='lat' dir='ltr'><strong>F.</strong></span> 
     </span>
    </p>
   </div>
  </div>
