4088 6192
182 260 274 315 15ἵ

174 389 317 447 facit
374 405 390 446 :

172 486 624 561 presbyterum
670 502 864 560 paene
920 488 1046 547 iam
1112 490 1593 563 nonagenariam
1662 496 1827 549 aeta-

170 590 293 643 tem
326 590 617 657 agentem
676 585 827 658 vidi,
881 586 1061 645 cuius
1112 587 1269 645 mihi
1325 588 1625 646 relatione
1676 590 1833 646 haec

166 688 499 755 comperta
550 688 740 755 sunt;
797 699 940 743 nam
993 684 1053 743 in
1107 699 1399 744 sermone
1462 687 1599 744 eius
1654 687 1831 759 quasi

165 787 423 840 sanctae
471 782 768 841 historiae
816 783 968 841 ﬁdes
1011 784 1227 841 inerat.
1284 784 1630 851 Referebat,
1673 800 1737 841 se
1770 785 1832 841 in

167 879 297 938 illis
344 880 550 939 eremi
595 880 881 952 partibus
932 881 1041 938 diu
1091 886 1403 939 moratum
1459 882 1672 946 fuisse.
1720 897 1833 940 nec

166 978 373 1036 solum
426 978 655 1036 vidisse
706 976 1050 1037 beatissimi
1098 979 1371 1037 nominis
1415 980 1673 1051 Iustum,
1722 981 1829 1039 sed

164 1076 351 1133 etiam
404 1075 828 1135 familiaritate
859 1077 995 1135 eius
1038 1092 1219 1136 usum
1253 1077 1467 1150 fuisse,
1501 1094 1570 1135 ac
1598 1079 1830 1152 magni-

164 1173 353 1233 ﬁcum
412 1174 781 1247 apparuisse
822 1174 986 1232 inter
1033 1175 1195 1246 illos,
1240 1176 1349 1248 qui
1400 1180 1545 1233 tunc
1598 1178 1660 1234 in
1696 1191 1829 1235 ere-

167 1286 267 1330 mo
327 1271 822 1330 revelationibus
881 1278 1068 1346 atque
1138 1272 1474 1331 virtutibus
1531 1279 1827 1347 tanquam

168 1384 391 1443 magna
435 1369 772 1427 luminaria
818 1370 1225 1443 refulgebant.
1270 1376 1549 1429 sanctum
1594 1373 1826 1431 Macha-

167 1470 357 1533 rium,
413 1466 765 1525 Parnutium
822 1473 1211 1541 ceterosque,
1273 1483 1542 1542 quorum
1601 1471 1825 1528 sancti-

166 1564 304 1625 tatis
336 1565 507 1622 fama
552 1580 667 1637 per
710 1565 1025 1624 Orientem
1073 1566 1315 1638 vigebat
1361 1562 1465 1642 (l).
1526 1588 1546 1617 ι
1586 1567 1825 1626 Bollan-

166 1664 362 1722 distae
417 1664 758 1722 Macarium
820 1664 1188 1737 Aegyptium
1259 1664 1453 1723 Scetis
1503 1666 1820 1737 abbatem,

1798 259 2031 321 VITAE.

458 410 489 441 α
549 388 675 462 Ego
730 394 934 490 autem
993 389 1465 463 ipsesanctum
1514 392 1828 466 quendam
1866 394 1905 443 A
1942 393 2139 461 Pater.
2228 410 2342 469 ego
2420 413 2458 457 a
2546 402 2609 458 te
2700 399 2844 463 volo
2926 402 3237 469 benedici.
3327 413 3610 490 Cumque

3513 288 3616 345 158

1941 491 2231 550 fecissent
2305 509 2541 568 preces,
2615 500 2927 561 sederunt.
3006 506 3148 564 Eam
3230 515 3437 569 autem
3508 530 3611 574 τοι

1941 589 2103 659 gavit
2183 592 2377 650 abbas
2445 592 2751 655 Macarius
2826 600 3038 659 dicens
3126 621 3138 660 :
3228 607 3331 664 llic
3422 613 3605 682 mihi,

1943 685 2155 757 frater,
2230 690 2540 749 undenam
2592 696 2784 763 venis,
2841 705 2903 754 et
2958 703 3124 770 quod
3181 712 3272 762 est
3322 708 3435 766 tibi
3491 726 3604 769 no-

1944 781 2137 842 men?
2164 786 2274 845 llla
2305 803 2452 847 vero
2482 791 2637 848 dixit
2673 814 2683 851 :
2725 793 2923 852 Vocor
2968 799 3327 868 Dorotheus,
3367 813 3425 864 et
3455 824 3603 867 cum

1943 883 2281 943 audiissem
2324 886 2399 943 de
2448 890 2696 959 sanctis,
2753 892 2860 963 qui
2908 894 3007 952 hic
3063 906 3224 964 sunt,
3284 901 3599 977 Patribus,

1942 981 2110 1039 volui
2178 998 2300 1043 una
2362 1000 2507 1043 cum
2569 987 2645 1045 iis
2703 989 3005 1054 habitare.
3064 995 3114 1051 si
3165 997 3284 1054 sim
3352 1002 3595 1074 dignus.

1942 1079 2098 1138 Dicit
2154 1089 2361 1141 autem
2410 1085 2468 1143 ei
2515 1100 2732 1144 rursus
2768 1102 2952 1147 senex
3010 1107 3022 1146 :
3072 1091 3394 1162 Quodnam
3441 1115 3602 1173 opus

1940 1175 2135 1236 facis?
2175 1179 2255 1236 Ea
2290 1194 2438 1239 vero
2482 1182 2633 1239 dicit
2672 1200 2684 1239 :
2742 1184 3009 1254 Faciam,
3053 1190 3105 1247 si
3145 1192 3299 1262 quid
3344 1210 3445 1253 me
3507 1199 3600 1257 iu-

1940 1274 2067 1332 bes.
2121 1276 2172 1333 ls
2211 1282 2419 1335 autem
2462 1280 2733 1339 ostendit
2777 1283 2859 1348 ei,
2904 1290 2968 1342 ut
3014 1286 3243 1347 faceret
3290 1298 3595 1354 catenam.

1940 1372 2096 1430 Deus
2150 1388 2298 1433 vero
2350 1378 2561 1435 volens
2607 1380 2934 1439 ostendere
2982 1384 3117 1442 eius
3187 1389 3381 1448 animi
3428 1394 3602 1453 forti-

1936 1470 2240 1542 tudinem,
2298 1488 2420 1533 non
2468 1475 2805 1535 declaravit
2851 1481 3062 1539 abbati
3116 1485 3406 1559 Macario,
3457 1507 3595 1551 eam

1934 1581 2065 1625 esse
2115 1568 2436 1639 feminam,
2496 1574 2603 1630 sed
2654 1574 2708 1631 is
2773 1581 3065 1650 tanquam
3134 1583 3339 1642 virum
3400 1604 3599 1648 eunu-

1933 1665 2123 1724 chum
2180 1683 2317 1725 eam
2374 1685 2509 1729 esse
2562 1674 2836 1743 putabat.
2901 1678 3116 1737 Multas
3162 1688 3371 1742 autem
3418 1702 3597 1747 cura-

165 1762 270 1820 ubi
315 1761 515 1820 etiam
567 1761 949 1834 Paphnutius
991 1762 1187 1821 abbas
1235 1762 1515 1836 degebat,
1562 1763 1821 1836 intelligi
1855 1740 2134 1822 Btiones
2178 1766 2335 1825 Deus
2375 1783 2487 1839 per
2532 1740 2669 1827 eam
2711 1774 2948 1843 peregit
2982 1772 3091 1850 (5).
3141 1797 3171 1832 »
3225 1740 3596 1845 Acsanctae

164 1860 329 1933 haud
374 1867 612 1918 temere
658 1861 944 1919 arbitrati
992 1866 1135 1919 sunt
1178 1858 1288 1937 (2).
1344 1861 1585 1931 Verbis,
1622 1882 1649 1913 ‹‹
1694 1868 1823 1920 tan-

164 1973 348 2037 quam
397 1972 623 2031 magna
666 1957 1002 2018 luminaria
1044 1959 1458 2032 refulgebant,
1494 1978 1522 2011 ι
1552 1959 1822 2032 scriptor

162 2070 515 2128 anonymus
574 2056 650 2113 ad
720 2056 919 2114 Ruﬁni
993 2057 1227 2115 librum
1282 2059 1593 2129 respicere
1652 2058 1822 2117 vide-

163 2160 257 2212 tur
315 2152 429 2229 (3).
510 2153 783 2226 Denique
838 2154 1019 2225 plura
1072 2156 1357 2228 leguntur
1412 2155 1490 2213 de
1550 2156 1820 2214 Macario

165 2252 469 2326 Aegyptio
532 2252 594 2309 in
656 2251 783 2311 vita
840 2251 899 2311 S.
960 2252 1340 2325 Apollinaris
1410 2253 1814 2325 Syncleticae,

164 2350 511 2411 Dorotheus
577 2354 990 2422 nuncupatae,
1046 2365 1236 2423 quam
1293 2350 1417 2409 iam
1468 2352 1819 2410 accuratius

161 2453 646 2521 pertractemus.
687 2447 944 2507 Summa
991 2454 1197 2507 autem
1228 2462 1462 2516 rerum,
1494 2464 1654 2521 quae
1683 2450 1819 2509 eius

160 2548 275 2605 vita
304 2547 734 2612 continentur,
772 2546 893 2603 huc
922 2546 1086 2604 redit
1119 2564 1130 2603 :

236 2644 624 2717 Apollinaris
654 2644 848 2717 virgo,
887 2644 1199 2702 Anthemii
1234 2644 1634 2716 imperatoris
1664 2644 1813 2718 ﬁlia,

157 2744 315 2802 vitae
392 2741 800 2801 monachicae
874 2742 1080 2800 studio
1132 2747 1286 2809 acta,
1344 2757 1538 2815 quum
1607 2749 1814 2802 sancta

156 2842 292 2901 loco
342 2841 671 2899 invisisset
718 2846 779 2898 et
825 2840 1262 2899 Alexandriam
1319 2842 1691 2914 navigasset,
1736 2842 1814 2899 ad

153 2940 567 3015 sepulchrum
647 2938 707 2997 S.
783 2938 1039 2998 Mennae
1128 2940 1313 2998 venit.
1393 2939 1542 2998 inde
1610 2945 1814 3012 patres

149 3038 347 3099 Scetis
386 3037 659 3103 aditura,
694 3036 801 3095 ubi
842 3050 1040 3110 prope
1094 3036 1386 3109 paludem
1443 3037 1505 3094 in
1553 3037 1808 3103 fontem,

154 3138 253 3209 qui
307 3136 451 3193 fons
503 3133 883 3206 Apollinaris
928 3137 1143 3205 postea
1198 3134 1502 3208 appellari
1547 3134 1808 3204 solebat,

154 3234 397 3301 incidit,
454 3230 778 3290 lecticario
830 3236 890 3289 et
946 3232 1177 3292 comite
1226 3232 1466 3291 itineris
1522 3233 1811 3291 eunucho

152 3332 642 3402 dormientibus,
700 3334 895 3389 vestes
952 3330 1212 3393 mutavit
1275 3330 1621 3404 habituque
1672 3345 1812 3390 mo-

154 3431 442 3498 nachico,
493 3443 679 3502 quem
733 3442 945 3495 secum
1001 3429 1389 3496 reconderat,
1448 3428 1687 3495 induto.
1748 3428 1811 3487 in

152 3529 452 3601 paludem
503 3525 734 3599 eﬁ‘ugit.
778 3522 952 3594 168
990 3526 1105 3585 Ubi
1158 3526 1388 3585 multos
1436 3541 1631 3585 annos
1666 3540 1809 3585 cum

154 3626 577 3685 daemonibus
634 3627 898 3695 certans,
959 3638 1189 3698 corpus
1247 3640 1280 3681 a
1336 3624 1646 3683 culicibus
1709 3639 1812 3681 ex-

144 3739 319 3783 esum
377 3722 529 3797 pelli
591 3722 921 3783 testudinis
964 3722 1170 3780 simile
1212 3723 1468 3795 gerebat
1534 3723 1742 3781 Postea
1776 3736 1809 3780 a

147 3823 265 3881 Deo
310 3822 560 3888 edocta,
595 3826 663 3880 ut
720 3821 1123 3894 interroganti
1174 3834 1403 3879 nomen
1447 3820 1646 3892 ipsius
1687 3822 1809 3880 Do-

144 3921 408 3979 rotheus
465 3919 723 3985 diceret,
779 3924 836 3976 et
896 3919 1123 3991 palude
1171 3932 1416 3991 egressa
1471 3923 1564 3977 est
1609 3933 1808 3977 eunu-

144 4020 298 4078 chus
349 4020 430 4075 ab
480 4018 776 4076 omnibus
825 4016 1065 4075 habita.
1115 4037 1138 4068 ι
1193 4017 1347 4076 Cum
1393 4022 1553 4075 esset
1600 4022 1806 4075 autem

146 4131 357 4189 mane,
406 4114 686 4174 occurrit
714 4114 773 4173 ei
802 4114 863 4175 ε.
908 4113 1233 4186 Macarius,
1264 4119 1326 4173 et
1373 4113 1525 4172 dicit
1554 4114 1610 4172 ei
1643 4131 1655 4170 :
1692 4114 1807 4171 Be-

144 4215 357 4284 nedic,
408 4217 604 4286 pater.
660 4212 753 4270 llli
799 4218 1005 4270 autem
1056 4210 1344 4269 datasibi
1395 4210 1658 4270 invicem
1707 4227 1807 4270 ca-

146 4313 331 4371 ritate
386 4310 794 4369 ambulabant
848 4310 911 4367 in
968 4309 1329 4369 solitudine.
1397 4309 1804 4382 Interrogavit

144 4424 296 4468 vero
349 4409 695 4467 Dorotheus
749 4408 962 4466 dicens
1014 4424 1025 4463 :
1086 4407 1283 4475 Pater,
1328 4406 1471 4479 quis
1508 4421 1575 4465 es
1620 4405 1651 4465 ‘I
1692 4407 1802 4465 Ille

146 4513 357 4567 autem
407 4506 611 4563 dixit:
662 4506 783 4578 Ego
837 4519 975 4563 sum
1025 4504 1346 4563 Macarius.
1406 4504 1460 4562 Is
1510 4518 1657 4563 vero
1709 4505 1803 4563 di-

146 4605 234 4663 xit
282 4628 296 4663 :
355 4604 634 4676 Fungere
672 4601 879 4661 ofﬁcio
920 4602 1199 4660 caritatis
1244 4619 1258 4668 ;
1313 4601 1449 4659 sine
1489 4615 1589 4659 me
1620 4602 1800 4660 habi-

144 4708 273 4761 tare
316 4716 467 4760 cum
514 4700 831 4760 fratribus.
869 4701 1156 4758 Praebuit
1204 4705 1412 4757 autem
1457 4698 1515 4756 ei
1547 4713 1802 4772 quoque

142 4797 369 4859 cellam
400 4799 684 4872 protinus
731 4796 841 4874 (Ii).
898 4818 927 4852 »
976 4798 1095 4856 [sto
1125 4796 1316 4869 igitur
1355 4796 1493 4855 loco
1542 4796 1648 4854 die
1682 4811 1799 4854 no-

138 4904 375 4972 ctuque
418 4911 605 4957 orans
643 4896 948 4955 acerrime
986 4895 1284 4953 certabat.
1335 4913 1362 4948 α
1387 4894 1667 4963 Quodam
1693 4910 1800 4953 au-

139 5003 266 5056 tem
293 4995 400 5054 die
423 4995 618 5057 abbas
655 4993 959 5055 Macarius
988 4992 1153 5052 venit
1195 4993 1259 5051 in
1286 4992 1423 5052 eius
1450 4991 1696 5059 cellam,
1738 4996 1801 5051 et

138 5094 293 5153 dicit
344 5093 406 5152 ei
454 5108 466 5148 :
521 5093 799 5165 Fungere
847 5091 1055 5151 ofﬁcio
1106 5091 1406 5158 caritatis,
1465 5092 1626 5151 bone
1676 5090 1798 5149 fra-

140 5197 282 5260 ter;
347 5192 566 5252 emitte
637 5190 819 5250 nobis
876 5203 1112 5263 preces.
1184 5190 1293 5248 llla
1364 5202 1511 5247 vero
1570 5188 1724 5248 dicit
1777 5205 1792 5248 :

208 5416 288 5485 (l)
320 5412 471 5468 lbid.
509 5414 668 5483 Sept.
696 5411 760 5466 Τ.
787 5413 805 5466 1
834 5428 891 5481 ρ.
924 5411 1025 5467 373
1056 5426 1190 5483 cap.
1220 5413 1272 5466 4.

209 5502 526 5574 (2)11›1ό.ρ.
556 5501 663 5557 374
683 5506 807 5557 not.
827 5500 867 5556 f.
888 5499 973 5556 Cf.
1001 5516 1185 5573 supra
1212 5499 1333 5566 £38
1361 5514 1422 5571 p.
1454 5501 1575 5555 W2.

204 5592 288 5663 (3)
317 5594 426 5648 VV.
459 5590 573 5646 PP.
603 5593 797 5647 Rosw.
832 5589 938 5648 lib.
970 5590 1016 5644 Il
1064 5604 1198 5662 cap.
1229 5592 1299 5645 28
1322 5604 1383 5662 p.
1412 5588 1537 5654 479,
1572 5592 1644 5659 2;
1679 5588 1794 5645 Ru-

138 5681 243 5740 ﬁni
265 5683 418 5757 Opp.
449 5680 528 5740 ed
556 5680 809 5739 Vallarsi
840 5698 900 5755 p.
928 5681 1055 5745 193.
1084 5679 1282 5752 Migne
1315 5694 1380 5753 p.
1410 5680 1539 5735 45οδ
1568 5698 1569 5701 η

1932 1862 2188 1933 quidem
2236 1879 2358 1922 una
2385 1866 2518 1924 sola
2559 1873 2694 1925 erat
2735 1883 2937 1942 soror,
2982 1881 3160 1945 capta
3203 1892 3238 1934 a
3264 1879 3592 1952 daemone,

1932 1957 2041 2029 qui
2101 1959 2377 2019 lacerare
2436 1977 2575 2020 eam
2624 1966 2832 2037 coepit
2901 1974 2964 2026 et
3017 1970 3226 2031 dicere
3286 1994 3298 2032 :
3364 1979 3489 2037 Nisi
3530 1981 3596 2040 in

1929 2057 2334 2117 solitudinem
2383 2074 2483 2118 me
2531 2062 2823 2134 tuleritis,
2879 2081 3000 2124 non
3044 2073 3331 2142 egrediar.
3384 2092 3456 2135 ex
3496 2093 3591 2137 ea.

1930 2152 2205 2213 Tandem
2255 2157 2600 2230 imperator
2648 2174 2872 2234 magno
2923 2179 3067 2223 cum
3110 2170 3408 2231 comitatu
3451 2191 3590 2235 eam

1930 2253 2007 2310 ad
2078 2258 2289 2326 patres
2352 2256 2711 2317 solitudinis
2775 2259 3036 2320 dimisit.
3109 2284 3139 2317 ‹‹
3205 2268 3488 2343 Cumque
3546 2275 3591 2332 ii

1930 2351 2241 2410 venissent
2296 2353 2359 2413 in
2415 2356 2669 2427 Scetim,
2728 2358 2898 2416 novit
2945 2360 3006 2419 S.
3068 2364 3392 2435 Macarius,
3447 2386 3597 2443 pro-

1928 2453 2067 2521 pter
2123 2465 2459 2522 quamnam
2531 2467 2788 2513 causam
2858 2457 3061 2517 adsint
3123 2462 3188 2519 in
3256 2466 3365 2525 illo
3424 2468 3589 2543 loco,

1928 2545 2129 2618 iisque
2213 2563 2576 2622 progressus
2656 2553 2930 2621 obviam,
3018 2563 3266 2634 excepit
3345 2580 3489 2625 eos.
3534 2574 3598 2627 et

1927 2644 2082 2703 dixit
2135 2664 2149 2704 :
2207 2646 2363 2715 Quid
2429 2648 2551 2707 huc
2605 2652 2923 2723 acceditis,
2984 2669 3023 2713 ο
3076 2656 3241 2715 ﬁlii?
3296 2661 3389 2719 llli
3443 2679 3594 2724 vero

1924 2742 2217 2802 dixerunt
2302 2760 2315 2801 :
2388 2746 2606 2806 Noster
2670 2749 2967 2821 inprimis
3033 2754 3174 2825 pius
3246 2759 3595 2833 imperator

1929 2840 2292 2899 Anthemius
2361 2844 2530 2902 misit
2577 2845 2771 2905 ﬁliam
2841 2864 3043 2921 suam,
3112 2858 3179 2912 ut
3227 2870 3339 2927 per
3400 2861 3589 2920 Deum

1925 2944 2181 2996 curetur
2221 2944 2285 2996 et
2321 2955 2539 3011 preces
2564 2949 2818 3001 vestras.
2868 2943 3023 3005 Cum
3054 2964 3195 3009 eam
3238 2960 3447 3013 autem
3492 2972 3591 3017 ac-

1924 3035 2189 3107 cepisset
2239 3052 2273 3093 a
2327 3035 2503 3106 169
2553 3041 2968 3112 cubiculario,
3012 3046 3270 3108 deduxit
3321 3067 3458 3111 eam
3510 3057 3586 3113 ad

1924 3133 2215 3193 abbatem
2259 3136 2660 3210 Dorotheum,
2709 3144 2765 3196 et
2813 3141 2964 3201 dicit
3006 3145 3065 3203 ei
3104 3165 3115 3205 :
3155 3148 3427 3221 Fungere
3456 3153 3589 3211 ofﬁ-

1922 3231 2022 3290 cio
2063 3232 2361 3305 caritatis,
2407 3236 2706 3307 quoniam
2749 3244 2845 3297 est
2891 3239 3017 3298 ﬁlia
3061 3242 3483 3317 imperatoris,
3530 3253 3592 3309 et

1920 3342 2082 3402 opus
2110 3329 2298 3388 habet
2320 3336 2568 3404 patrum
2600 3336 2894 3405 precibus
2937 3345 2998 3397 et
3036 3344 3275 3402 vestris.
3310 3346 3428 3405 Ora
3472 3364 3588 3421 pro

1922 3432 2145 3496 ea,.ut
2213 3435 2490 3488 curetur.
2562 3431 2722 3490 Haec
2787 3440 2879 3493 est
2936 3437 3105 3497 enim
3164 3455 3405 3502 merces
3455 3452 3585 3507 tua.

1922 3523 2083 3583 Haec
2126 3530 2335 3584 autem
2378 3541 2521 3584 cum
2566 3527 2889 3600 audiisset,
2936 3537 3146 3609 coepit
3188 3539 3336 3599 ﬂere
3395 3548 3458 3602 et
3498 3544 3588 3602 di-

1920 3635 2063 3679 cere
2121 3639 2139 3678 :
2198 3625 2493 3693 Quisnam
2551 3642 2665 3699 ego
2717 3644 2856 3689 sum
2917 3642 3225 3705 peccator,
3287 3641 3455 3711 quod
3508 3643 3587 3700 de

1920 3733 2023 3777 me
2101 3722 2288 3779 talem
2366 3725 2711 3797 concepisti
2784 3730 3198 3799 Opinionem?
3262 3736 3587 3811 Flexisque

1918 3818 2181 3891 genibus
2249 3820 2496 3879 dicebat
2554 3842 2565 3875 :
2644 3821 2927 3884 Concede
2996 3829 3176 3895 mihi,
3252 3840 3447 3903 pater,
3520 3843 3587 3894 ut

1919 3929 2057 3973 mea
2116 3920 2366 3987 peccata
2421 3918 2721 3989 deﬂeam;
2794 3935 2936 3978 nam
3012 3925 3206 3983 multa
3251 3934 3412 3986 sunt.
3460 3932 3583 4003 Ego

1918 4012 2084 4069 enim
2118 4026 2271 4071 sum
2313 4012 2693 4085 imbecillus,
2742 4019 3051 4092 planeque
3096 4023 3269 4081 rudis
3311 4031 3372 4083 et
3414 4027 3582 4099 igna-

1918 4122 2025 4167 rus
2052 4110 2130 4167 ad
2163 4110 2319 4167 hanc
2350 4125 2505 4169 rem.
2558 4112 2713 4171 Dicit
2740 4116 2796 4173 ei
2844 4118 3037 4176 abbas
3068 4120 3377 4182 Macarius
3424 4141 3436 4181 :
3488 4126 3579 4184 An

1916 4220 2037 4267 non
2081 4212 2225 4265 sunt
2265 4208 2453 4267 etiam
2492 4209 2598 4268 alii
2646 4217 2872 4281 patres,
2933 4216 3042 4287 qui
3089 4233 3199 4290 per
3253 4220 3444 4280 Deum
3492 4224 3579 4282 si-

1912 4318 2033 4375 gna.
2081 4304 2361 4367 faciunt?
2418 4305 2790 4367 Sedtamen
2847 4312 3000 4370 haec
3055 4319 3355 4378 remansit
3401 4335 3577 4381 mer-

1912 4415 2034 4461 ces.
2083 4401 2195 4459 Illa
2239 4417 2386 4462 vero
2424 4404 2575 4463 dicit
2622 4423 2635 4461 :
2669 4407 2800 4465 Fiat
2832 4409 2932 4469 Dei
2975 4415 3280 4487 voluntas,
3311 4426 3371 4476 et
3406 4426 3574 4479 mota

1913 4500 2291 4571 poenitentia
2352 4516 2489 4560 eam
2558 4505 2798 4577 accepit
2850 4507 2912 4565 in
2982 4512 3230 4584 cellam,
3288 4521 3350 4573 et
3404 4521 3575 4577 novit

1909 4611 2048 4655 eam
2116 4611 2251 4656 esse
2305 4613 2612 4667 sororem,
2648 4592 2945 4677 'ﬂensque
2990 4611 3365 4680 conquievit.
3422 4617 3570 4673 Eam

1910 4700 2117 4752 autem
2152 4697 2441 4768 amplexa
2468 4698 2627 4757 dixit
2677 4718 2689 4754 :
2738 4701 2898 4759 Bene
2927 4706 3172 4778 venisti,
3218 4723 3418 4768 soror.
3463 4712 3567 4771 Dei

1908 4807 2060 4852 vero
2106 4807 2299 4866 opere
2361 4796 2476 4853 fuit
2540 4811 2610 4855 os
2660 4799 3051 4859 obstructum
3121 4804 3436 4877 daemoni,
3492 4827 3568 4871 ne

1909 4897 2195 4964 argueret
2222 4892 2511 4951 ancillam
2542 4894 2677 4969 Dei,
2711 4899 2877 4969 quod
2908 4907 3067 4958 esset
3111 4904 3359 4965 femina.
3410 4909 3564 4969 Cum

1909 4995 2113 5048 autem
2155 4989 2421 5050 daemon
2466 5006 2605 5051 eam
2661 4994 2770 5053 diu
2823 4997 3139 5072 afﬂigeret,
3197 5018 3310 5076 per
3347 5021 3563 5079 preces

1909 5103 2053 5147 eum
2092 5088 2334 5147 domuit
2372 5087 2483 5167 (6).
2530 5110 2562 5146 ι
2600 5092 2820 5153 Sanata
2848 5096 3105 5157 demum
3135 5100 3263 5161 ﬁlia
3302 5104 3562 5166 domum

1906 5186 2095 5246 rediit
2121 5201 2266 5246 cum
2296 5202 2523 5264 magna
2551 5191 2818 5251 civitatis
2841 5195 3093 5255 laetitia.
3127 5200 3245 5259 Sed
3278 5208 3573 5273 postmo-

1977 5405 2055 5477 (4)
2086 5407 2334 5463 ΑΑμὸδ.
2357 5407 2505 5465 Boil.
2538 5410 2659 5468 lan.
2686 5411 2747 5467 T.
2780 5412 2802 5467 l
2832 5429 2890 5485 p.
2919 5416 3024 5472 260
3055 5432 3188 5492 cap.
3221 5423 3275 5478 3.

1976 5495 2055 5566 (5)
2081 5494 2237 5551 Ibid.

1974 5584 2237 5658 (6)1bid.
2274 5588 2490 5661 caput.
2528 5634 2531 5637 .
