4088 6192
497 277 600 335 159

496 409 647 468 dum
682 409 970 467 diabolus
1024 421 1162 464 eam
1207 422 1424 466 rursus
1469 407 1550 464 ita
1592 406 1806 476 subiit,
1859 411 1926 464 ut
1966 422 2151 479 prae-
2185 415 2224 465 Α

494 521 686 579 gnans
729 507 1063 564 videretur.
1113 505 1498 563 Examinanti
1544 511 1749 562 autem
1797 505 1910 561 ista
1956 505 2146 577 impe—

494 604 685 662 ratori
739 604 1064 675 instigante
1135 603 1387 661 diabolo
1457 602 1796 674 respondit,
1857 617 1889 658 a
1936 616 2146 659 mona-

492 702 611 760 cho
673 702 976 760 Dorotheo
1019 702 1275 759 allatum
1339 700 1456 757 sibi
1504 706 1789 772 stuprum
1839 715 1991 758 esse.
2041 701 2152 758 Sa-

488 799 791 857 tellitibus
822 799 1009 872 igitur
1036 799 1174 857 irati
1225 798 1526 870 principis
1571 799 1632 855 in
1675 798 1901 856 Scetim
1948 799 2152 856 missis

493 898 834 956 Dorotheus
887 898 1018 970 ipse
1070 913 1134 953 se
1187 895 1433 961 obtulit,
1473 897 1932 968 abeuntemque
1987 904 2152 954 totus

489 1001 825 1053 conventus
868 995 1118 1052 tristitia
1163 993 1424 1050 afﬂictus
1483 993 1775 1063 precibus
1826 994 1954 1050 suis
2010 1009 2150 1065 pro-

487 1098 735 1151 secutus
796 1097 906 1150 est.
967 1112 994 1145 «
1043 1092 1288 1149 Sciebat
1340 1090 1510 1147 enim
1569 1092 1763 1148 abbas
1821 1091 2143 1155 Macarius,

487 1191 550 1248 in
592 1190 701 1248 illo
749 1191 902 1248 nihil
941 1205 1074 1247 esse
1124 1189 1292 1246 mali.
1350 1209 1378 1243 »
1422 1189 1510 1246 Ad
1564 1190 1770 1246 aulam
1818 1189 2146 1246 deductam

485 1303 679 1361 quum
755 1289 1093 1360 imperator
1180 1302 1460 1360 uxorque
1535 1287 1670 1344 eius
1733 1287 2140 1359 excepissent,

483 1401 554 1444 ac
602 1402 666 1443 se
736 1387 973 1443 detecta
1030 1385 1283 1442 veritate
1354 1384 1725 1443 dimissuros
1788 1400 1924 1442 eam
2009 1401 2143 1443 esse

484 1483 933 1556 promisissent,
984 1483 1174 1540 ﬁliam
1220 1483 1498 1554 ipsorum
1556 1497 1623 1542 se
1672 1482 1777 1540 illa
1833 1483 2139 1553 exhibuit,

480 1596 822 1653 sororeque
874 1587 1081 1638 sanata
1138 1585 1275 1652 post
1328 1596 1559 1652 paucos
1611 1580 1744 1637 dies
1794 1580 1857 1637 in
1910 1580 2138 1638 Scetim

477 1693 724 1736 reversa
755 1685 865 1743 est,
899 1679 1004 1734 ubi
1038 1692 1182 1734 mox
1222 1696 1253 1734 e
1299 1677 1534 1735 mundo
1577 1692 1640 1735 se
1683 1677 1990 1736 exituram
2036 1678 2138 1735 in-

1379 278 1485 333 SS.
1532 277 2018 335 MACARIORUM
2062 275 2366 334 AEGYPTI
2411 281 2491 335 ET
2531 279 3030 336 ALEXANDRINI

3806 287 3918 342 160

2343 423 2462 466 RES
2509 425 2591 467 DE
2644 425 2887 468 IISDEM.
2938 425 3207 477 QUANDO
3267 427 3570 471 MEMORIA
3634 429 3926 474 SANCTO~

2345 524 2491 566 RUM
2534 525 2982 568 MACARIORUM
3013 525 3320 567 AEGYPTII
3361 527 3438 568 ET
3469 529 3920 570 ALEXANDRINI

2342 622 2630 665 AGATUR.

2341 718 2370 796 ἓ
2401 723 2494 778 42.
2531 721 2788 794 Saepius
2817 723 3002 782 locuti
3046 740 3261 782 sumus
3291 727 3367 783 de
3393 728 3654 798 Aegypti
3691 743 3921 786 senum

2263 820 2696 890 persecutione
2749 838 2782 877 a
2845 821 3026 879 Lucio
3083 824 3453 881 Arianorum
3505 825 3921 883 Alexandriae

2262 917 2558 988 episcopo
2589 918 2850 976 excitata
2901 917 3009 994 (2),
3049 920 3108 977 in
3149 936 3270 993 qua
3319 923 3616 994 quoniam
3663 930 3922 994 praeter

2261 1014 2415 1072 alios
2465 1015 2720 1073 abhates
2769 1017 2954 1074 etiam
3004 1018 3249 1076 Macarii
3303 1018 3496 1076 nostri
3546 1019 3606 1076 in
3647 1021 3916 1079 exilium

2260 1112 2401 1169 misi
2454 1118 2618 1184 sunt,
2672 1114 2734 1171 id
2791 1116 3109 1186 quomodo
3157 1125 3394 1188 gestum
3454 1117 3555 1186 sit,
3603 1132 3909 1176 enarran-

2258 1209 2407 1267 dum
2451 1217 2563 1268 est.
2611 1213 2711 1270 Rei
2754 1218 2960 1270 autem
3005 1218 3187 1271 testes
3222 1220 3366 1271 sunt
3417 1214 3686 1281 Ruﬁnus,
3720 1232 3913 1288 quem

2260 1309 2721 1378 persecutiones
2764 1311 2912 1368 istae
2963 1311 3166 1382 ipsum
3211 1312 3470 1384 petiere,
3517 1313 3742 1370 deinde
3793 1314 3914 1372 So-

2254 1411 2474 1478 crates,
2526 1408 2904 1465 Sozomenus
2949 1415 3008 1466 et
3054 1409 3500 1476 Theodoretus,
3550 1411 3656 1483 qui
3705 1412 3908 1470 Ruﬁni

2252 1503 2645 1561 enarratione
2674 1505 3041 1563 innituntur.

2333 1600 2666 1660 Athanasio
2717 1618 2770 1659 a.
2821 1604 2935 1661 373
2987 1609 3236 1661 mortuo
3283 1604 3500 1662 Petrus
3530 1606 3608 1662 ab
3662 1608 3908 1678 episco-

2252 1698 2346 1770 pis
2423 1700 2783 1770 provinciae
2845 1703 3292 1774 monachisque
3359 1703 3420 1760 in
3487 1704 3692 1761 locum
3761 1706 3907 1763 eius

472 1777 754 1848 ῑθιίίεθηε
784 1776 992 1833 abba“
1041 1775 1353 1832 Macario:
1411 1795 1433 1827 ‘
1471 1776 1600 1838 Fac,
1653 1799 1675 1829 ’
1717 1775 1938 1847 inqu“,
1969 1794 1995 1827 α
2046 1776 2134 1833 οῖ’
2183 1770 2216 1820 Β
2247 1798 2618 1854 substitutus
2645 1804 2762 1855 est.
2810 1799 3156 1857 Praefectus
3188 1770 3394 1857 autem
3441 1802 3582 1858 urbi
3640 1802 3900 1873 impius,

470 1873 682 1932 ﬁcium
727 1874 1020 1930 caritatis.
1066 1872 1130 1930 Si
1173 1872 1497 1945 contigerit
1551 1889 1649 1930 me
1695 1888 1728 1929 e
1784 1874 1908 1929 vita
1958 1888 2132 1931 exce-

469 1971 639 2038 dere,
693 1986 769 2028 ne
816 1985 914 2028 me
949 1977 1326 2043 componant
1366 1971 1678 2029 monachi.
1731 1972 1784 2028 Is
1842 1985 1988 2030 vero
2039 1972 2129 2029 di-

470 2068 554 2127 cit
600 2069 656 2126 ei
707 2087 719 2128 :
776 2069 1099 2138 Quomodo
1149 2074 1350 2141 potest
1395 2069 1513 2126 hoc
1562 2064 1743 2126 ﬁeri?
1795 2070 1873 2126 Ea
1922 2075 2129 2127 autem

467 2173 900 2225 consummata
959 2173 1260 2225 venerunt
1317 2166 1509 2224 sancti
1578 2172 1806 2239 patres,
1873 2172 1936 2225 ut
1992 2182 2128 2225 san-

469 2271 635 2322 ctum
704 2266 839 2322 eius
908 2279 1137 2335 corpus
1200 2265 1492 2321 lavarent.
1561 2265 1858 2322 Viderunt
1918 2271 2124 2322 autem

465 2377 603 2420 eam
662 2377 796 2421 esse
853 2377 1002 2420 sexu
1059 2363 1378 2432 feminam,
1439 2369 1497 2418 et
1549 2365 1975 2420 exclamarunt
2026 2361 2124 2419 di-

467 2467 677 2519 centes
724 2479 735 2516 :
784 2460 994 2518 Gloria
1025 2460 1164 2526 tibi,
1213 2460 1474 2520 Christe.
1526 2462 1630 2533 qui
1678 2461 1907 2518 multos
1934 2460 2124 2517 habes

462 2563 704 2616 sanctos
761 2557 1057 2614 occultos.
1132 2558 1488 2615 Admiratus
1549 2555 1721 2624 170
1787 2562 1877 2614 est
1915 2563 2121 2613 autem

464 2655 659 2712 abbas
727 2656 1050 2715 Macarius.
1125 2655 1290 2728 quod
1348 2655 1465 2712 hoc
1533 2655 1651 2712 sibi
1712 2668 1833 2712 non
1903 2652 2122 2712 fuisset

463 2754 825 2810 revelatum.
895 2751 1027 2810 Una
1082 2768 1229 2810 vero
1303 2760 1480 2812 nocte
1550 2752 1717 2810 videt
1789 2752 2113 2818 visionem,

460 2865 620 2922 quae
663 2851 720 2908 ei
760 2851 912 2908 dicit
957 2866 970 2906 :
1024 2852 1108 2908 Ne
1164 2851 1406 2923 angaris
1453 2855 1800 2922 propterea.
1865 2849 2117 2921 Oportet

457 2949 626 3005 enim
684 2954 743 3006 te
798 2947 1086 3006 coronari
1144 2963 1286 3006 cum
1345 2948 1569 3005 sanctls
1641 2948 1943 3019 patribus,
2005 2945 2112 3019 qui

454 3051 597 3103 sunt
645 3062 676 3104 a
716 3047 985 3105 saeculo.
1036 3048 1203 3105 Tunc
1247 3048 1302 3104 ei
1345 3047 1621 3104 narravit
1661 3047 1848 3103 vitam
1901 3051 1960 3102 et
2007 3059 2114 3103 no-

2244 1895 2635 1954 ethnicorum
2699 1903 2759 1954 et
2832 1898 3200 1956 Iudaeorum
3270 1913 3458 1956 manu
3534 1907 3899 1966 convocata,

2244 1990 2495 2050 Petrum
2550 1994 2862 2052 eiecturus
2918 1996 3245 2053 ecclesiam
3298 1997 3648 2070 occupavit,
3704 2013 3902 2070 quam

2241 2091 2471 2148 milites
2537 2093 2804 2163 turpiter
2864 2090 3028 2159 171
3103 2095 3527 2166 profanarum,
3589 2110 3698 2153 nec
3772 2111 3899 2155 non

2240 2190 2463 2247 multas
2494 2189 2763 2262 virgines
2809 2196 3246 2262 stupraverunt
3300 2193 3580 2264 aliasque
3624 2193 3899 2252 fustibus

2235 2294 2520 2344 contusas
2577 2303 2652 2344 ne
2700 2289 2951 2359 sepeliri
3002 2289 3260 2360 quidem
3310 2291 3469 2361 passi
3530 2299 3690 2349 sunt.
3741 2292 3898 2348 Pau-

2234 2385 2324 2441 cis
2375 2391 2512 2455 post
2553 2385 2775 2442 diebus
2820 2386 3040 2443 Lucius
3094 2387 3357 2444 Arianus
3408 2388 3714 2446 militibus
3757 2389 3895 2446 cin-

2232 2486 2368 2539 ctus
2424 2483 2504 2538 ab
2563 2483 2791 2541 Euzoio
2847 2484 3207 2542 Antiochiae
3262 2487 3567 2557 praesule,
3630 2487 3895 2546 Ariano-

2233 2593 2374 2637 rum
2434 2586 2580 2637 tunc
2638 2581 2940 2653 principe,
3006 2581 3066 2638 in
3134 2583 3560 2655 episcopatum
3629 2583 3894 2643 Alexan-

2232 2676 2406 2734 driae
2444 2678 2720 2735 intrusus
2763 2685 2872 2737 est.
2913 2678 3026 2748 Qui
3073 2681 3278 2737 statim
3312 2680 3467 2738 alios
3498 2682 3707 2748 minis,
3753 2684 3890 2740 vin-

2228 2774 2405 2841 culis,
2457 2777 2803 2842 tormentis,
2858 2777 3014 2834 alios
3061 2778 3618 2849 pollicitationibus
3666 2796 3697 2836 a
3754 2779 3886 2839 ﬁde

2230 2873 2491 2930 Nicaena
2539 2888 2798 2931 avocare
2856 2875 3111 2944 studuit,
3164 2891 3415 2948 eosque,
3461 2879 3566 2949 qui
3620 2879 3882 2936 resiste-

2229 2970 2395 3042 bant,
2459 2971 2831 3042 Heliopolim
2878 2971 2939 3028 in
2995 2973 3351 3042 Phoenicia,
3401 2975 3507 3031 ubi
3554 2975 3718 3033 idola
3759 2993 3882 3034 co-

2225 3067 2431 3126 lebant
2479 3083 2718 3142 omnes,
2781 3070 3198 3141 deportandos
3242 3072 3480 3129 curavit
3522 3095 3534 3140 ;
3593 3089 3882 3133 murmu-

454 3158 597 3202 men
658 3146 891 3204 beatae.
956 3145 1293 3217 Allatisque
1362 3144 1587 3202 sanctis
1639 3144 1776 3201 eius
1831 3142 2114 3215 reliquiis
2152 3121 2191 3176 C
2224 3172 2429 3224 rantes
2471 3181 2618 3224 vero
2673 3121 2747 3224 εἰ]
2807 3121 3056 3225 ιη’θωηθ
3111 3121 3883 3230 phennensia

451 3257 590 3300 eam
635 3249 978 3314 posuerunt
1029 3243 1104 3299 ad
1158 3242 1468 3299 Orientem
1519 3246 1765 3298 sanctae
1814 3239 2111 3297 ecclesiae

453 3340 516 3396 in
560 3344 741 3398 antro
786 3339 1027 3396 abbatis
1072 3339 1316 3396 Macarii
1342 3353 1484 3396 cum
1517 3337 1744 3410 gaudio
1786 3342 1848 3394 et
1889 3337 2105 3408 gloria,

455 3451 648 3508 usque
675 3439 732 3494 in
781 3437 1154 3494 hodiernum
1175 3436 1361 3505 diem,
1414 3449 1526 3508 per
1559 3436 1745 3492 Deum
1777 3439 1833 3492 et
1867 3441 2109 3492 sanctos

450 3540 676 3608 patres,
760 3542 814 3591 et
892 3539 1030 3605 post
1112 3539 1355 3590 sanctae
1439 3533 1883 3590 dormitionem
1970 3546 2103 3603 per-

445 3638 710 3704 aguntur
755 3632 1109 3690 curationes
1151 3631 1341 3704 gratia
1386 3637 1447 3688 et
1486 3631 1815 3688 clementia
1863 3630 2102 3687 Domini

445 3731 641 3788 nostri
697 3731 827 3788 Iesu
888 3728 1136 3801 Christi,
1193 3729 1291 3787 cui
1351 3729 1546 3801 gloria
1603 3733 1663 3786 et
1717 3728 1987 3799 potentia
2037 3728 2100 3785 in

441 3828 686 3885 saecula
735 3826 842 3903 (ι).
906 3850 930 3877 »
988 3827 1182 3896 Quem
1252 3828 1507 3899 quidem
1565 3827 1896 3883 Macarium
1949 3839 2095 3891 non,

442 3931 508 3984 ut
561 3940 891 3999 perperam
935 3925 1146 3984 statuit
1183 3924 1536 3995 Bollandus,
1587 3923 2094 3994 Alexandrinum,

439 4025 545 4081 sed
605 4024 972 4097 Aegyptium
1042 4023 1249 4094 fuisse,
1315 4023 1423 4094 qui
1483 4023 1547 4080 in
1612 4022 1786 4079 Scete
1852 4021 2093 4078 habita-

437 4121 546 4186 vit,
598 4127 658 4179 et
701 4121 1002 4192 praesagii
1043 4135 1151 4177 seu
1199 4120 1564 4192 prophetiae
1607 4120 1832 4190 spiritu
1887 4118 2093 4174 excel-

437 4217 575 4289 luit,
625 4217 804 4275 facile
844 4217 1064 4274 elucet.
1113 4217 1332 4283 Quanti
1383 4223 1591 4274 autem
1636 4215 1857 4272 feceris
1892 4214 2088 4278 illam,

434 4329 622 4388 quam
699 4315 976 4386 aequalis
1041 4314 1363 4385 scripsisse
1443 4313 1660 4377 fertur,
1737 4312 2084 4377 historiam,

434 4415 570 4486 ipse
603 4412 828 4470 videto.
884 4411 1060 4468 Plura
1102 4411 1165 4468 in
1207 4409 1324 4468 VV.
1369 4411 1470 4469 SS.
1519 4409 1797 4468 Bollandi
1838 4410 1914 4467 de
1960 4410 2088 4466 Ma-

430 4510 618 4570 cariis
643 4510 868 4568 nostris
886 4524 1000 4581 ego
1023 4525 1144 4567 non
1175 4509 1426 4568 oﬁ‘endi.

1041 4668 1278 4727 CAPUT
1326 4668 1467 4725 VIII.

425 4843 828 4888 BANCTORUM
857 4843 1294 4886 MACAIUORUM
1325 4841 1630 4884 AEGYP'I‘II
1675 4841 1755 4884 ET
1797 4841 2079 4883 ALEXAN-

506 4943 686 4985 DRINI
741 4942 1016 4985 EXILIUM
1076 4942 1201 4984 SUB
1249 4941 1439 4984 LUCIO
1497 4940 1744 4983 ARIANO
1789 4941 2076 4982 ALEXAN-

2225 3266 2434 3322 nensia
2493 3265 2979 3332 deducebantur,
3036 3267 3195 3325 inter
3246 3282 3402 3339 quos
3457 3270 3618 3327 haud
3688 3273 3873 3340 pauci

2225 3364 2473 3420 fuerunt.
2530 3363 2820 3420 monachi
2875 3362 2987 3438 (3).
3055 3365 3425 3423 Alexandria
3477 3365 3664 3438 igitur
3715 3369 3864 3425 sub-

2219 3467 2348 3517 acta
2419 3461 2855 3533 episcopisque
2923 3462 3281 3533 provinciae
3359 3465 3868 3535 Neocaesaream,

2217 3573 2404 3630 quam
2456 3560 2677 3616 urbem
2731 3559 2935 3616 Iudaei
2992 3559 3442 3627 inhabitabant,
3497 3561 3559 3618 in
3599 3562 3867 3622 exilium

2215 3655 2443 3719 missis,
2489 3657 2717 3713 milites
2761 3657 2833 3713 ad
2883 3658 3256 3715 monasteria
3314 3659 3720 3717 solitudinum
3775 3663 3872 3719 die

2213 3755 2362 3811 recti
2417 3760 2576 3819 sunt,
2636 3754 2735 3812 cui
2787 3756 3164 3825 expeditioni
3223 3756 3354 3828 ipse
3414 3758 3694 3816 interfuit
3744 3759 3867 3816 Lu-

2209 3853 2361 3909 cius.
2425 3853 2575 3909 Nam
2632 3857 2795 3909 recte
2849 3853 3228 3911 Sozomenus
3281 3869 3293 3909 :
3357 3874 3384 3906 «
3450 3855 3641 3920 Fidei,
3699 3878 3721 3906 »
3774 3857 3862 3912 in-

2209 3950 2363 4020 quit,
2423 3969 2451 4002 (ι
2530 3963 2748 4007 senum
2823 3949 3202 4008 adhaerebat
3260 3953 3593 4010 multitudo
3652 3953 3853 4026 vulgi,

2206 4047 2441 4119 quippe
2489 4047 2655 4119 quod
2712 4047 2952 4105 veritati
3012 4047 3334 4121 indulgere
3388 4051 3670 4108 crederet
3722 4066 3858 4120 eos,

2204 4143 2309 4216 qui
2361 4145 2652 4203 virtutem
2711 4146 2887 4203 factis
2935 4147 3088 4218 ipsis
3143 4149 3602 4220 proﬁterentur,
3642 4170 3669 4202 υ
3718 4156 3782 4206 et
3845 4167 3859 4206 :

2205 4258 2234 4294 «
2286 4241 2457 4300 Unde
2503 4242 2746 4309 Lucius,
2807 4257 3001 4315 quum
3055 4245 3210 4300 bene
3264 4244 3655 4317 intelligeret,
3717 4246 3858 4304 ﬁeri

2203 4353 2324 4396 non
2382 4353 2584 4411 posse,
2646 4345 2710 4397 ut
2771 4341 2979 4398 Ariani
3037 4341 3435 4399 devincerent
3484 4343 3855 4414 catholicos,

2120 4471 2165 4526 D
2201 4435 2315 4493 nisi
2368 4439 2706 4495 monachos
2752 4438 2899 4496 istos
2951 4440 3027 4496 ad
3064 4445 3269 4511 partes
3314 4441 3686 4498 Arianorum
3736 4442 3860 4499 de-

2195 4534 2493 4601 duxisset,
2545 4550 2653 4593 eos
2709 4535 2766 4591 vi
2819 4551 3039 4608 cogere
3089 4552 3410 4610 aggressus
3447 4544 3562 4612 est,
3615 4539 3853 4611 quibus

2196 4633 2572 4704 persuadere
2629 4633 2839 4690 verbis
2890 4648 3012 4692 non
3083 4641 3322 4706 poterat
3379 4634 3489 4712 (4).
3551 4655 3580 4690 »
3644 4640 3855 4709 Atque

2191 4729 2256 4786 in
2312 4744 2549 4798 eremo,
2605 4746 2729 4803 quo
2799 4731 3025 4788 milites
3081 4738 3403 4799 venerunt,
3465 4740 3616 4791 teste
3674 4735 3846 4792 Ruﬁ-

2190 4841 2269 4886 no
2330 4849 2356 4878 «
2418 4829 2718 4886 Macarius
2769 4835 2830 4888 et
2887 4830 3162 4887 Isidorus
3214 4831 3498 4904 aliusque
3541 4833 3848 4891 Macarius

2187 4930 2369 4998 atque
2439 4926 2793 4984 Heraclides
2859 4933 2918 4984 et
2999 4928 3263 4985 Pambus
3334 4929 3577 4988 Antonii
3650 4929 3841 4988 disci-

503 5041 699 5083 DItIAE
742 5038 1069 5082 EPISCOPO.
1117 5038 1462 5091 socaa'ras,
1511 5038 1914 5090 sozomeuus,
1964 5039 2073 5081 CE-
2183 5022 2319 5094 puli
2366 5037 2478 5095 per
2529 5026 2872 5096 Aegyptum
2917 5028 2978 5082 et
3026 5025 3298 5084 maxime
3342 5026 3405 5084 in
3459 5026 3687 5084 Nitriae
3733 5028 3849 5086 de-

499 5139 788 5192 TERIQUE
817 5137 1049 5181 RERUM
1089 5136 1724 5181 ECCLESIAS’I‘ICARUM
1767 5136 2071 5180 SCRIPTO'

488 5307 566 5379 (I)
595 5306 743 5362 Ibid.
776 5323 833 5378 p.
869 5306 966 5360 261
999 5322 1135 5376 cap.
1167 5309 1220 5361 6.

485 5397 560 5468 (2.)
591 5398 785 5467 Supra
816 5395 890 5456 56
915 5413 977 5467 p.
1018 5397 1104 5458 16,
1151 5395 1267 5460 $27
1304 5411 1361 5467 p.
1402 5397 1568 5462 113,5
1597 5398 1662 5450 33
1695 5409 1752 5465 p.
1793 5399 1912 5450 I52.

487 5486 562 5558 (3)
592 5486 740 5540 Petri
789 5485 1060 5557 episcopi
1108 5485 1360 5557 epistola
1406 5484 1466 5539 in
1512 5484 1860 5540 Theodoret.
1913 5484 2057 5541 Hist.

409 5574 565 5631 Eccl.
632 5574 735 5631 lib.
780 5575 844 5631 IV
886 5591 1020 5645 cap.
1091 5574 1174 5640 l9,
1227 5574 1378 5646 Opp.
1447 5573 1542 5629 ed.
1576 5574 1837 5630 Noesselt
1869 5575 2052 5632 HaIae

412 5666 573 5727 I77I.
614 5668 692 5722 8°.
726 5666 786 5720 Τ.
819 5664 891 5719 III
923 5681 981 5737 p.
1018 5663 1119 5719 987
1154 5679 1289 5737 sqq.

2179 5121 2329 5178 serti
2383 5121 2667 5193 partibus
2727 5144 2755 5175 »
2815 5123 3109 5182 sederunt
3165 5122 3278 5200 (5),
3328 5140 3400 5183 ac
3456 5125 3574 5183 tria
3631 5125 3839 5184 millia

2247 5305 2324 5375 (4)
2371 5307 2603 5362 Sozom.
2635 5305 2783 5360 Hist.
2818 5305 2966 5362 Eccl.
3000 5305 3104 5362 lib.
3139 5309 3202 5361 VI
3248 5323 3382 5378 cap.
3425 5309 3494 5363 20
3534 5309 3628 5363 ed.
3662 5309 3832 5365 Vale-

2173 5393 2243 5449 sii
2275 5395 2429 5464 Mog.
2475 5400 2600 5451 l677
2634 5411 2692 5466 p.
2719 5395 2844 5451 662.

2243 5484 2320 5556 (5)
2344 5485 2474 5539 Ruf.
2511 5484 2653 5539 Hist.
2701 5484 2850 5540 Eccl.
2886 5485 2990 5541 lib.
3020 5487 3062 5540 II
3093 5503 3226 5558 cap.
3259 5489 3290 5542 4
3336 5488 3431 5543 ed.
3472 5487 3646 5544 Basil.
3673 5487 3713 5541 I.
3754 5505 3815 5559 p.

2167 5571 2308 5641 242;
2342 5574 2540 5632 Ruﬁni
2595 5576 2747 5645 Opp.
2782 5575 2875 5630 ed.
2937 5575 3185 5632 Vallarsi
3241 5593 3297 5648 p.
3331 5581 3458 5647 27l,
3493 5579 3681 5648 Migne
3709 5577 3822 5633 Pa-

2165 5663 2294 5720 trol.
2329 5662 2392 5716 T.
2426 5663 2541 5726 xxt
2568 5676 2628 5736 p.
2694 5665 2814 5719 5n.
