4078 6194
148 222 229 277 161

1736 221 1970 278 VITAE.

3452 229 3554 284 162

136 350 312 409 simul
364 350 657 409 virorum
719 355 826 410 aut
876 348 1151 424 amplius
1208 366 1321 425 per
1380 350 1784 411 solitudinem
1819 348 1865 401 A
1898 366 2044 411 vere
2073 350 2471 412 domiciliis?
2512 354 2576 412 In
2627 354 2743 413 hoc
2798 356 2935 413 loco
2984 354 3231 427 depulsi
3280 356 3560 430 undique

135 448 564 522 dispersorum
622 449 1154 526 oppugnabantur
1222 446 1328 521 (l).
1388 449 1519 519 Qua
1586 450 1666 509 de
1718 463 1786 508 re

134 547 381 605 Ruﬁnus
428 545 516 604 ita
566 547 835 606 scribit:
872 567 903 602 (ι
957 548 1122 618 Quae
1173 561 1468 622 praesens
1518 547 1645 606 vidi
1694 549 1781 607 lo-

130 659 313 718 quor,
348 649 414 703 et
465 658 689 703 eorum
730 650 900 719 gesta
946 645 1175 717 refero,
1224 660 1498 718 quorum
1542 646 1605 703 in
1646 660 1783 719 pas-

127 742 419 802 sionibus
472 744 683 801 socius
753 758 890 802 esse
946 743 1290 817 promerui.
1346 742 1417 801 Hi
1476 743 1789 803 ducebant

131 841 479 900 exercitum
539 841 807 912 Domini,
860 856 980 901 non
1038 841 1411 902 mortalibus
1461 842 1623 912 telis,
1677 842 1787 900 sed

134 939 249 998 ﬁde
296 939 623 1013 religionis
674 945 1007 1009 armatum,
1056 941 1401 1000 exercitum
1459 937 1787 1000 moriendo

136 1036 506 1105 vincentem,
569 1039 634 1094 et
714 1037 824 1111 qui
893 1037 1206 1111 sanguinis
1270 1038 1368 1098 sui
1425 1037 1788 1111 profusione

134 1134 328 1192 victor
382 1132 700 1192 Christum
745 1140 1112 1208 sequeretur
1153 1135 1230 1193 ad
1294 1135 1568 1195 coelum.
1633 1133 1789 1203 Qui-

139 1247 248 1304 que
303 1232 465 1290 dum
541 1231 607 1290 in
674 1232 1094 1292 tabernaculis
1166 1234 1353 1305 positi
1415 1238 1477 1291 et
1538 1236 1787 1291 orantes

137 1334 567 1403 exspectarent
640 1330 1069 1389 interfectores
1145 1346 1312 1401 suos,
1394 1331 1635 1390 delatus
1695 1333 1787 1388 est

136 1427 202 1485 ad
232 1441 344 1485 eos
393 1428 590 1486 homo
630 1428 786 1487 olim
817 1429 1122 1488 membris
1164 1430 1461 1489 omnibus
1508 1436 1569 1487 et
1603 1444 1786 1502 prae-

134 1525 309 1599 cipue
352 1526 630 1599 pedibus
670 1526 905 1586 arldus.
949 1525 1121 1595 172
1171 1529 1288 1587 Sed
1320 1543 1465 1587 cum
1494 1528 1575 1586 ab
1602 1527 1681 1585 iis
1719 1528 1783 1585 in

133 1624 387 1683 nomine
440 1623 688 1682 Domini
730 1625 872 1684 oleo
918 1625 1132 1686 fuisset
1169 1632 1528 1700 perunctus,
1575 1625 1786 1684 statim

1901 450 2268 510 latebamus.
2325 450 2651 520 Quomodo
2717 467 2825 510 vos
2898 467 3297 526 nequaquam
3362 455 3556 513 latere

1897 548 2219 621 potuimus
2246 546 2278 608 ‘2
2323 549 2615 608 Cedimus
2643 550 2917 623 antiquis
2958 550 3236 619 sedibus,
3288 553 3557 625 populos

1897 652 2133 705 vestros
2180 651 2503 720 terrasque
2561 645 2845 720 recipite.
2896 648 3049 708 Cum
3093 649 3244 706 haec
3292 649 3552 722 diceret,

1896 745 2253 817 increpatus
2314 745 2394 803 ab
2462 745 2537 802 iis
2607 745 2844 803 erroris
2901 746 3162 819 spiritus
3219 747 3546 820 eﬁ'ugatur,

1897 848 1959 899 et
1997 842 2204 915 puella
2242 858 2389 900 sana
2437 858 2561 901 una
2615 856 2761 901 cum
2806 844 3168 915 parentibus
3212 844 3343 903 suis
3390 844 3551 904 iace-

1898 940 2000 998 bat
2030 941 2107 998 ad
2138 940 2327 1013 pedes
2356 941 2552 1000 nostri
2600 941 2904 1013 temporis
2932 941 3384 1014 apostolorum.
3432 943 3545 1013 Qui

1896 1038 2125 1097 talibus
2166 1038 2443 1098 exordiis
2473 1038 2905 1112 praedicantes
2949 1038 3026 1097 iis
3073 1040 3259 1097 ﬁdem
3306 1040 3549 1100 Domini

1896 1138 2094 1195 nostri
2154 1137 2286 1195 Iesu
2342 1136 2594 1210 Christi,
2654 1138 2716 1195 in
2776 1141 3008 1195 tantam
3074 1139 3548 1197 conversionem

1897 1241 2151 1306 repente
2204 1249 2312 1294 eos
2365 1234 2813 1307 perduxerunt,
2867 1240 2936 1293 ut
2992 1234 3200 1293 statim
3254 1234 3356 1293 die
3413 1234 3550 1308 ipsa

1896 1332 2185 1391 manibus
2222 1329 2392 1400 173
2426 1333 2554 1391 suis
2593 1331 3102 1404 antiquissimum
3136 1333 3442 1407 templum
3488 1338 3550 1390 et

1894 1430 1961 1487 in
2006 1444 2251 1488 summa
2289 1431 2686 1490 veneratione
2724 1429 3009 1488 habitum
3040 1429 3454 1504 destruerent,
3488 1436 3550 1491 et

1894 1528 2226 1587 ecclesiam
2273 1529 2602 1588 confestim
2648 1526 3069 1587 aediﬁcarent.
3130 1529 3252 1587 Nec
3307 1529 3385 1587 ad
3434 1530 3545 1589 de-

1895 1627 2292 1686 liberandum
2344 1626 2545 1699 spatio
2594 1626 2900 1698 temporis
2941 1632 3263 1699 eguerunt,
3316 1627 3550 1701 quibus

131 1721 537 1781 conﬁrmatae
587 1728 729 1781 sunt
786 1721 1031 1796 plantae
1086 1724 1242 1783 eius.
1305 1725 1378 1783 Et
1432 1724 1787 1784 dicentibus
1819 1700 1861 1754 B
1896 1725 2082 1783 ﬁdem
2132 1739 2345 1784 rerum
2387 1722 2662 1783 fecerant
2710 1738 2835 1782 non
2882 1724 3096 1791 verba,
3157 1725 3266 1783 sed
3323 1700 3544 1785 virtus.

131 1821 201 1878 iis
262 1840 276 1878 :
324 1820 399 1878 In
460 1819 717 1880 nomine
787 1820 924 1880 Iesu
989 1821 1242 1891 Christi,
1306 1837 1497 1896 quem
1565 1822 1789 1881 Lucius

131 1918 559 1992 persequitur,
610 1932 795 1993 surge
843 1926 903 1977 et
952 1926 1044 1979 sta
1099 1921 1165 1979 in
1218 1921 1487 1995 pedibus
1532 1920 1677 1989 tuis,
1730 1924 1792 1978 et

133 2017 261 2076 redi
341 2019 411 2077 in
488 2018 750 2077 domum
820 2024 1013 2087 tuam,
1091 2021 1388 2080 continuo
1454 2034 1792 2093 exsurgens

132 2130 187 2177 et
268 2116 580 2175 exsiliens
665 2116 1073 2177 benedicebat
1152 2120 1367 2188 Deum,
1459 2119 1793 2178 ostendens

132 2214 273 2287 quia
344 2229 504 2273 vere
568 2220 702 2273 erat
760 2214 823 2273 in
889 2214 968 2274 iis
1034 2217 1191 2275 Deus
1249 2214 1352 2285 (2).
1416 2237 1445 2272 »
1520 2216 1794 2276 Narratis

129 2313 359 2372 deinde
399 2312 571 2371 caeci
616 2311 787 2371 illius
827 2313 1101 2373 hominis
1142 2319 1203 2372 et
1240 2314 1592 2374 catulorum
1625 2314 1791 2373 leae-

128 2426 237 2469 nae
304 2410 769 2478 sanationibus,
839 2426 994 2484 quas
1059 2412 1308 2471 Macarii
1390 2411 1790 2472 Alexandrini

126 2511 361 2568 virtute
416 2509 612 2567 factas
660 2509 787 2567 iam
834 2510 1179 2584 attulimus,
1214 2509 1466 2571 Ruﬁnus
1509 2511 1599 2569 sic
1640 2525 1793 2585 per-

122 2609 208 2681 git
241 2628 255 2665 :
297 2627 331 2662 α
378 2607 503 2665 Sed
542 2607 607 2664 in
654 2606 753 2665 his
780 2607 1075 2666 omnibus
1107 2608 1327 2668 Lucius
1356 2623 1479 2669 non
1510 2609 1788 2679 erubuit,

125 2723 237 2767 nec
291 2704 542 2779 aliquid
591 2705 975 2764 reverentiae
1024 2706 1325 2767 virtutum
1394 2707 1796 2766 mirabilibus

125 2804 399 2870 detulit;
435 2802 591 2875 quin
635 2804 832 2862 immo
871 2803 1044 2863 iubet
1091 2810 1298 2878 patres
1344 2806 1516 2879 ipsos
1556 2805 1796 2864 ablatos

130 2918 162 2960 a
198 2915 401 2976 grege
445 2916 588 2970 suo,
642 2900 841 2961 immo
896 2902 1057 2961 clam
1114 2910 1348 2978 raptos,
1408 2904 1474 2962 in
1526 2903 1795 2962 insulam

129 3000 456 3075 quandam
505 2997 765 3072 Aegypti
811 3000 1138 3072 paludium
1177 3002 1522 3075 deportari,
1565 3002 1629 3060 in
1672 3016 1795 3074 qua

131 3101 559 3172 compererat,
632 3096 948 3157 neminem
1003 3114 1261 3172 prorsus
1319 3114 1453 3158 esse
1504 3099 1793 3158 Christia-

135 3212 312 3266 num,
364 3209 497 3269 quo
550 3209 667 3269 per
726 3197 845 3255 hoc
909 3197 1006 3254 vel
1072 3198 1308 3271 absque
1376 3197 1617 3257 solatiis
1699 3195 1795 3257 vel

136 3296 375 3369 absque
428 3293 748 3352 consuetis
795 3294 1040 3353 actibus
1086 3295 1383 3355 viverent.
1442 3296 1631 3355 Senes
1686 3294 1797 3368 igi-

138 3400 237 3452 tur
269 3407 423 3451 cum
457 3392 705 3451 duobus
742 3390 895 3452 solis
934 3393 1326 3467 pedissequis
1369 3401 1555 3453 noctu
1585 3394 1662 3452 ad
1706 3394 1797 3452 in-

140 3491 345 3549 sulam
384 3490 805 3563 deducuntur,
841 3488 903 3549 in
933 3505 1058 3564 qua
1087 3498 1221 3550 erat
1249 3492 1555 3565 templum
1600 3492 1797 3565 quod-

137 3590 286 3648 dam
361 3602 612 3646 summa
681 3589 1078 3649 veneratione
1141 3607 1177 3647 a
1229 3590 1348 3650 loci
1409 3590 1633 3650 incolis
1687 3592 1795 3650 ob-

138 3692 479 3745 servatam.
541 3685 823 3759 Cumque
887 3687 1163 3760 primum
1233 3690 1521 3747 navicula
1576 3704 1796 3748 senum

140 3800 327 3844 oram
385 3784 502 3844 soli
573 3784 750 3843 illius
811 3785 1188 3859 contigisset,
1255 3801 1397 3846 ecce
1443 3786 1652 3846 subito
1707 3803 1800 3846 sa-

140 3883 424 3942 cerdotis
467 3882 687 3955 templi
726 3879 896 3942 illius
943 3883 1115 3957 virgo
1159 3883 1285 3943 ﬁlia
1338 3891 1629 3957 correpta
1665 3885 1799 3957 spi-

140 3982 297 4053 ritu,
341 3994 489 4038 cum
534 3979 767 4053 ingenti
816 3981 1257 4042 vociferatione
1308 3987 1371 4040 et
1416 3982 1801 4041 clamoribus

144 4094 346 4153 usque
396 4078 475 4136 ad
513 4080 761 4137 coelum
805 4079 985 4147 datis,
1032 4080 1129 4152 agi
1171 4094 1285 4154 per
1322 4080 1564 4139 medios
1606 4094 1804 4153 popu-

143 4180 240 4236 los
310 4175 545 4249 coepit,
600 4182 660 4234 et
733 4178 989 4236 crebros
1049 4178 1283 4236 ducens
1349 4183 1607 4245 rotatus,
1663 4177 1805 4236 stri-

146 4276 306 4333 dens
392 4275 517 4332 huc
577 4280 763 4348 atque
833 4275 988 4334 illuc
1057 4276 1278 4335 rabida
1340 4290 1452 4335 ora
1512 4277 1793 4334 vibrare.

154 4375 441 4446 Cumque
497 4372 572 4430 ad
640 4375 1065 4446 spectaculum
1122 4379 1248 4432 tam
1314 4374 1580 4446 ingentis
1633 4388 1807 4432 mon-
1842 4388 2035 4444 Dnus
2110 4370 2284 4428 illam
2364 4366 2572 4426 claudi

154 4473 290 4543 stri,
345 4470 624 4529 maxime
653 4471 824 4543 quod
860 4477 1021 4530 esset
1048 4471 1386 4530 sacerdotis
1425 4470 1573 4539 ﬁlia,
1608 4471 1716 4544 qui
1746 4471 1813 4528 in

158 4571 404 4630 honore
478 4569 822 4642 praecipuo
894 4569 1060 4643 apud
1134 4569 1274 4629 illos
1368 4575 1525 4639 erat,
1594 4568 1814 4643 populi

158 4666 620 4737 convenissent,
678 4680 793 4739 per
834 4681 1018 4725 auras
1062 4681 1203 4726 eam
1251 4672 1492 4739 raptam
1543 4680 1815 4739 sequen-

158 4774 251 4825 tes
301 4763 685 4840 perveniunt
738 4779 937 4839 usque
1005 4765 1082 4824 ad
1149 4764 1501 4824 naviculam
1569 4778 1812 4823 senum.

160 4863 249 4923 lbi
290 4876 448 4922 vero
503 4862 781 4936 proiecta
821 4876 1042 4921 eorum
1094 4862 1361 4936 pedibus
1406 4868 1468 4921 et
1513 4866 1821 4936 prostrata

160 4962 445 5021 clamare
505 4958 717 5034 coepit
775 4976 787 5016 :
849 4960 1006 5030 Quid
1064 4961 1320 5021 venistis
1365 4962 1506 5026 huc,
1568 4974 1606 5017 o
1656 4958 1822 5018 servi

163 5060 270 5119 Dei
330 5058 597 5132 summi,
654 5057 929 5133 antiquis
966 5072 1102 5118 nos
1145 5063 1208 5118 et
1261 5055 1602 5117 veternosis
1652 5056 1821 5115 evol-

242 5246 321 5317 (t)
350 5244 507 5301 Ibid.
543 5242 649 5298 lib.
682 5240 727 5296 ll
754 5257 886 5313 cap.
946 5242 979 5297 3
1003 5242 1099 5297 ed.
1162 5240 1338 5298 Basil.
1370 5241 1409 5297 ι.
1440 5256 1502 5313 p.
1536 5242 1662 5309 342,
1692 5238 1830 5297 Val-

172 5334 310 5391 larsi
344 5352 407 5408 p.
437 5333 549 5389 270
580 5346 701 5404 sq.,
734 5328 929 5401 Migue
958 5330 998 5385 I.
1030 5333 1071 5386 I.

239 5428 319 5496 (2)
351 5416 506 5481 Ibid.
541 5422 650 5478 lib.
688 5421 733 5476 II
766 5436 899 5492 cap.
932 5420 1100 5478 41.1.

240 5516 318 5588 (3)
345 5513 506 5573 Ibid.
544 5511 647 5567 ed.
679 5508 856 5565 Basil.
888 5510 928 5565 Ι.
973 5524 1032 5581 ρ.
1063 5508 1187 5575 243,
1222 5509 1318 5565 ed.
1352 5507 1600 5566 Vallarsi
1628 5523 1689 5581 p.
1733 5506 1839 5562 272

176 5620 336 5680 sqq.,
367 5606 578 5675 Migne
611 5617 677 5674 p.
706 5599 810 5655 512
841 5613 933 5671 sq.

458 5702 728 5762 Pnaox.
763 5694 867 5754 Gn.
907 5694 1169 5756 XXXIV.

1895 1824 2015 1882 Sed
2089 1824 2209 1882 hoc
2278 1837 2424 1881 cum
2495 1822 2711 1881 fuisset
2799 1821 3212 1881 Alexandriae
3291 1823 3548 1882 nuntia-

1898 1927 2055 1991 tum,
2114 1921 2348 1980 veritus
2398 1920 2642 1994 Lucius,
2701 1934 2777 1978 ne
2826 1919 2984 1978 forte
3038 1920 3229 1979 etiam
3287 1935 3548 1980 suorum

1901 2021 1964 2078 in
2021 2033 2166 2077 eum
2215 2019 2360 2078 odia
2409 2019 2575 2091 justa
2626 2023 3095 2091 consurgerent,
3148 2018 3258 2090 qui
3335 2025 3551 2092 aperte

1899 2120 2025 2178 iam
2076 2118 2310 2178 bellum
2366 2130 2490 2175 non
2541 2115 2924 2187 hominibus,
2986 2116 3094 2174 sed
3148 2118 3270 2176 Deo
3314 2117 3552 2177 indice-

1900 2222 2015 2288 ret,
2049 2217 2290 2277 occulte
2336 2229 2443 2274 eos
2474 2213 2752 2273 revocari
2800 2218 2861 2272 et
2908 2214 2972 2271 in
3021 2228 3307 2274 eremum
3337 2216 3550 2274 remit-

1901 2316 1947 2375 ti
2004 2316 2178 2374 iubet
2231 2310 2335 2389 (3).
2398 2331 2428 2368 »
2490 2313 2823 2384 Hucusque
2884 2311 3136 2371 Ruﬁnus
3195 2313 3273 2372 de
3329 2328 3552 2373 senum

1901 2413 2113 2473 exilio.
2169 2412 2450 2471 Socrates
2495 2409 2704 2469 claudi
2752 2407 2924 2468 illius
2966 2410 3239 2469 hominis
3277 2412 3555 2472 sanatio-

1901 2527 2046 2571 nem
2097 2525 2237 2569 non.
2269 2508 2578 2582 exposuit,
2636 2508 2743 2567 sed
2800 2508 2954 2566 haec
3008 2514 3248 2567 tantum
3305 2511 3557 2584 scripsit

1902 2625 2062 2683 quae
2104 2612 2497 2682 sequuntur:
2554 2624 2585 2661 «
2644 2606 2924 2678 Cumque
2963 2605 3040 2664 ad
3086 2606 3294 2667 locum
3346 2608 3556 2681 ipsum

1905 2709 2352 2783 pervenissent,
2445 2706 2616 2764 viros
2705 2704 3259 2777 deprehenderunt
3357 2707 3558 2767 solitis

1904 2806 2127 2867 studiis
2164 2820 2242 2864 ex
2291 2802 2843 2862 exercitationibus
2893 2808 3250 2876 occupatos,
3309 2810 3559 2864 orantes

1904 2905 2165 2971 scilicet,
2226 2900 2465 2960 morbis
2522 2901 2863 2970 medentes,
2918 2900 3248 2960 daemonia
3294 2902 3557 2961 eiicien-

1906 3012 1995 3063 tes
2042 3001 2154 3079 (4).
2190 3020 2221 3056 n
2273 3001 2354 3058 De
2400 2998 2657 3057 senibus
2696 2998 2758 3055 in
2789 2996 3051 3056 exilium
3082 2998 3281 3071 pulsis
3328 3000 3559 3058 Socra-

1906 3109 1996 3163 tes
2031 3117 2044 3158 :
2078 3119 2109 3155 «
2149 3098 2455 3169 Quoniam
2486 3093 2698 3169 igitur,
2751 3113 2781 3149 ››
2816 3094 3041 3168 inquit,
3077 3116 3107 3147 «
3148 3096 3559 3156 admirabiles

1904 3201 2001 3261 illi
2046 3198 2163 3257 viri
2206 3195 2379 3255 omni
2441 3192 2754 3259 violentia,
2810 3207 2971 3265 quae
3027 3193 3181 3267 ipsis
3236 3194 3560 3254 infereba—

1905 3302 2030 3370 tur,
2088 3293 2445 3368 superiores
2508 3290 2897 3358 exsisterent,
2955 3291 3239 3350 animum
3305 3293 3558 3351 tandem

1905 3391 2297 3466 despondens
2329 3389 2548 3448 Lucius
2583 3388 2727 3447 duci
2758 3389 3069 3447 exercitus
3116 3390 3456 3458 mandavit,
3490 3396 3560 3450 ut

1907 3498 2114 3565 patres
2160 3489 2613 3547 monachorum
2664 3487 2728 3545 in
2789 3486 3049 3546 exilium
3102 3488 3396 3548 mitteret.
3458 3488 3558 3548 Illi

1906 3600 2112 3649 autem
2156 3592 2344 3645 erant
2386 3585 2635 3645 Macarii
2694 3586 2840 3655 duo,
2898 3585 3234 3659 Aegyptius
3288 3592 3348 3645 et
3417 3587 3559 3647 Ale-

1907 3686 2266 3746 xandrinus.
2302 3683 2429 3740 Viri
2460 3683 2649 3755 igitur
2674 3681 2767 3740 illi
2789 3683 3099 3753 deportati
3127 3688 3271 3743 sunt
3301 3685 3365 3743 in
3391 3685 3561 3744 insu-

1911 3787 2056 3856 lam,
2085 3783 2151 3841 in
2191 3796 2314 3854 qua
2357 3781 2567 3838 nullus
2608 3786 2741 3838 erat
2785 3780 3168 3838 Christianus
3208 3778 3313 3855 (5).
3364 3802 3388 3835 ι
3436 3783 3561 3841 Cur

1909 3886 2189 3945 Socrates
2266 3879 2434 3938 solos
2500 3879 2798 3936 Macarios
2874 3879 3174 3952 nominet,
3254 3879 3370 3938 nisi
3452 3894 3561 3939 eos

1912 3979 2228 4056 principes
2269 3990 2490 4035 senum
2532 3976 2803 4048 duxerit,
2845 3991 2969 4035 non
3012 3976 3340 4051 intelliges.
3389 3977 3559 4037 Cete-

1913 4093 2053 4138 rum
2110 4076 2177 4134 in
2224 4073 2570 4133 enarranda
2625 4073 2762 4146 ipsa
2815 4073 2986 4132 exilii
3035 4089 3254 4133 senum
3298 4075 3561 4135 historia

1914 4174 2137 4244 Ruﬁni,
2182 4186 2370 4246 quem
2423 4170 2873 4244 persecutionis
2921 4172 3100 4231 istius
3156 4177 3374 4232 testem
3423 4175 3561 4233 lau-

1919 4276 2021 4335 dat
2065 4270 2181 4348 (6),
2242 4270 2513 4343 vestigiis
2565 4276 2781 4342 aperte
2848 4270 3216 4343 ingreditur.
3264 4272 3570 4332 Sozome-

2658 4368 2931 4426 hominis
3013 4370 3399 4430 curationem
3471 4372 3570 4430 his

1920 4470 2139 4542 allegat
2185 4466 2393 4525 verbis
2440 4483 2453 4522 :
2497 4484 2529 4519 (ί
2580 4466 2664 4524 Eo
2708 4466 2846 4536 ipso
2890 4471 3197 4539 tempore,
3239 4484 3364 4542 quo
3410 4471 3573 4528 mili-

1921 4573 2014 4627 tes
2078 4565 2141 4623 in
2204 4578 2313 4623 eos
2388 4563 2697 4636 impetum
2755 4563 2978 4622 facturi
3053 4570 3251 4634 erant,
3311 4567 3576 4625 traditus

1924 4664 2078 4739 ipsis
2106 4661 2363 4736 quidam
2407 4675 2541 4719 esse
2583 4660 2839 4733 dicitur,
2888 4662 3068 4721 cuius
3113 4668 3284 4721 artus
3328 4664 3580 4723 iamdu-

1927 4764 2077 4823 dum
2135 4760 2218 4818 ita
2289 4758 2541 4817 arefacti
2606 4762 2783 4817 erant
2847 4763 3033 4832 atque
3096 4762 3435 4831 extenuati,
3513 4766 3582 4820 ut

1930 4859 2197 4934 pedibus
2228 4853 2513 4913 insistere
2557 4869 2681 4913 non
2730 4860 3012 4928 posset...
3048 4858 3157 4930 (7),
3197 4879 3221 4910 ι
3278 4859 3584 4918 vocabulo

1935 4953 2199 5024 «λέγεται
2253 4974 2283 5009 ››
2335 4974 2362 5003 ‹‹
2410 4949 2632 5011 dicitur
2685 4972 2715 5009 »
2751 4953 3009 5012 fortasse
3056 4954 3343 5014 Ruﬁnum
3387 4958 3590 5030 signi-

1934 5055 2144 5125 ﬁcans,
2173 5067 2209 5111 a
2250 5065 2377 5126 quo
2430 5050 2492 5109 id
2521 5055 2866 5124 acceperat.
2903 5050 2983 5109 De
3024 5052 3278 5113 senibus
3321 5069 3356 5112 a
3402 5054 3591 5115 Lucio

2012 5238 2087 5310 (4)
2109 5238 2334 5293 Socrat.
2363 5235 2501 5292 Hist.
2524 5234 2680 5291 Eccl.
2702 5234 2807 5292 lib.
2833 5235 2902 5290 IV
2928 5251 3060 5308 cap.
3092 5235 3165 5294 24
3191 5237 3282 5294 ed.
3316 5240 3357 5293 l.
3385 5254 3442 5311 p.
3469 5242 3593 5297 239.

2013 5328 2091 5398 (5)
2128 5328 2196 5383 L.
2236 5325 2282 5381 Ι.

2017 5416 2093 5487 (6)
2128 5416 2188 5469 L.
2224 5417 2264 5469 I.

1952 5505 2099 5650 66(7)
2147 5502 2385 5562 Sozom.
2438 5503 2584 5561 Hist.
2625 5501 2782 5563 Eccl.
2822 5502 2928 5562 lib.
2956 5503 3028 5562 VI
3069 5520 3204 5581 cap.
3236 5506 3305 5563 20
3333 5507 3431 5565 ed.
3465 5508 3510 5564 I.
3540 5525 3601 5583 p.

2027 5598 2085 5651 3.

3292 5696 3328 5754 6
