4088 6192
533 249 637 301 163

1402 241 1510 295 SS.
1560 237 2060 294 MACABIORUM
2105 235 2440 292 AEGYPTII
2484 237 2570 293 ET
2609 237 3101 294 ALEXANDRINI

3851 233 3957 288 164

532 373 852 448 exagitatis
882 373 1264 430 Sozomenus
1293 370 1446 428 haec
1479 370 1665 428 refert
1701 387 1714 427 :
1754 389 1784 421 «
1821 367 2185 426 Cuiusmodi
2215 363 2256 415 A
2300 381 2442 426 rum
2508 368 2738 426 chorus
2802 367 3246 426 dimitteretur.
3315 366 3399 423 Ita
3472 359 3644 432 175
3715 361 3954 421 civium

533 480 679 532 tunc
775 470 1227 529 monachorum
1306 468 1652 541 praefectos
1742 467 1931 524 fuisse
2015 480 2187 523 acce-

533 572 741 644 pimus
805 568 1100 625 Macarios
1156 567 1340 637 duos,
1402 567 1478 622 de
1540 565 1771 637 quibus
1828 563 1954 621 iam
2007 570 2187 622 antea

533 667 827 730 diximus,
886 668 946 722 et
1009 665 1240 721 Pambo
1307 659 1479 730 174
1537 668 1722 734 atque
1793 660 2186 719 Heraclidem

532 771 898 835 ceterosque
955 761 1201 819 Antonii
1273 761 1615 833 discipulos
1669 757 1778 835 (I).
1844 778 1873 812 »
1933 759 2052 818 Sed
2129 763 2186 816 et

532 863 663 935 ipse
695 877 837 920 cum
873 861 1086 918 Ruﬁno
1117 859 1442 927 consentit,
1481 859 1597 916 hoc
1628 860 1762 916 solo
1792 856 2184 928 discrimine,

531 961 698 1032 quod
768 961 830 1016 in
918 958 1246 1015 Sozomeni
1323 957 1586 1015 historia
1646 956 1723 1013 de
1792 955 1908 1012 ista
1971 969 2185 1012 sacer-

532 1059 696 1115 dotis
745 1057 870 1113 ﬁlia
915 1075 944 1110 a
1000 1056 1299 1114 Macarius
1347 1056 1608 1127 eiusque
1651 1053 1912 1112 comites
1958 1073 1986 1109 »
2042 1052 2186 1110 dae-

533 1169 785 1212 monem
837 1154 1192 1226 obiurgant,
1241 1159 1302 1211 et
1374 1153 1437 1210 in
1496 1152 1614 1210 ﬁne
1673 1151 1893 1211 Lucius
1943 1150 2186 1210 occulte

534 1251 862 1324 praecipit,
941 1271 960 1302 ι
1012 1256 1100 1319 ut,
1158 1250 1261 1322 qui
1319 1265 1463 1308 cum
1515 1249 1780 1308 Macario
1824 1254 2045 1314 essent,
2105 1248 2184 1305 ad

531 1351 710 1408 sedes
748 1364 889 1407 suas
919 1354 977 1404 et
1026 1349 1086 1405 in
1136 1348 1540 1406 solitudinem
1585 1353 1973 1404 revertantur
2004 1345 2092 1422 (2)
2126 1369 2179 1402 ».

533 1448 958 1506 Theodoretus
1004 1445 1298 1518 denique,
1345 1460 1541 1518 quum
1585 1446 1662 1502 de
1710 1445 2186 1503 crudelitatibus

534 1545 594 1603 in
666 1546 1102 1618 persecutione
1184 1548 1297 1602 ista
1386 1543 1756 1616 perpetratis
1825 1543 1901 1600 ad
1973 1543 2186 1600 literas

534 1645 692 1701 Petri
735 1642 1013 1715 episcopi
1060 1643 1152 1715 (3)
1205 1643 1567 1714 delegasset,
1602 1642 1679 1700 de
1719 1641 1911 1699 exilio
1963 1655 2182 1698 senum

531 1742 682 1798 haec
735 1742 926 1797 verba
970 1740 1116 1798 facit
1170 1754 1184 1797 :
1244 1740 1410 1797 «Viri
1459 1747 1601 1798 sunt
1631 1740 1692 1797 in
1728 1742 2026 1812 Aegypto,
2074 1738 2180 1810 qui

528 1840 891 1910 angelorum
990 1837 1527 1896 conversationem
1628 1838 2012 1895 aemulantes
2103 1836 2181 1893 ab

528 1937 782 1993 urbium
833 1936 1206 1992 tumultibus
1252 1951 1316 1992 se
1365 1936 1818 2002 subduxerunt,
1867 1935 2181 2007 vitamque

525 2033 589 2089 in
632 2033 968 2090 solitudine
1016 2047 1198 2105 agere
1256 2034 1632 2091 maluerunt.
1684 2034 1796 2092 Ubi
1847 2046 2178 2090 arenosum

523 2144 593 2188 ac
623 2130 835 2188 sterile
879 2131 1083 2188 solum
1127 2130 1328 2188 fertile
1361 2132 1689 2190 reddentes
1733 2132 2002 2189 fructum
2059 2131 2180 2188 Deo

523 2229 963 2286 suavissimum
1027 2229 1659 2302 pulcherrimumque
1719 2230 1922 2288 ferunt
1975 2229 2180 2286 virtu-

522 2332 670 2391 tem,
719 2342 907 2398 quam
953 2327 1072 2384 sibi
1125 2331 1419 2398 tanquam
1469 2327 1666 2399 legem
1717 2328 2172 2399 imposuerunt.

521 2423 712 2482 Cuius
754 2425 1012 2496 quidem
1047 2425 1414 2496 disciplinae
1446 2425 1636 2482 duces
1683 2439 1825 2482 cum
1879 2425 1986 2482 alii
2020 2425 2178 2482 mul-

521 2524 563 2580 ti
610 2522 923 2591 exstitere,
975 2529 1110 2580 tum
1170 2523 1446 2594 optimus
1498 2523 1942 2597 religiosorum
2003 2522 2173 2579 ordi-

518 2637 667 2679 num
719 2621 1013 2692 magister
1043 2621 1158 2680 fuit
1212 2620 1518 2679 Antonius
1557 2621 1663 2678 ille
1693 2619 2170 2689 celeberrimus,

517 2719 624 2790 qui
694 2720 771 2777 ad
831 2719 1079 2776 virtutis
1147 2719 1522 2791 palaestram
1577 2719 1902 2776 monachis
1957 2719 2175 2777 solitu-

515 2816 724 2874 dinem
779 2817 1000 2874 evexit.
1065 2817 1209 2874 Eius
1275 2816 1467 2888 igitur
1523 2816 1640 2873 viri
1699 2816 2046 2889 discipulos
2098 2847 2177 2861 -

515 2914 650 2986 ipse
700 2916 866 2972 enim
915 2930 1058 2974 cum
1113 2915 1405 2972 maximis
1448 2919 1508 2972 et
1550 2915 1997 2986 pulcherrimis
2025 2929 2172 2974 one-

514 3013 692 3070 ribus
732 3013 807 3070 ad
841 3013 1212 3086 tranquillos
1245 3018 1462 3084 portus
1493 3013 1822 3085 appulerat
1863 3045 1941 3054 —
1984 3013 2175 3070 miser
2207 3058 2244 3113 Ο

511 3111 625 3168 iste
687 3116 744 3168 et
797 3109 1266 3170 infelicissimus
1328 3108 1596 3187 [Lucius]
1658 3112 1994 3169 insectatus
2057 3116 2170 3181 est,

511 3225 579 3266 ac
633 3209 991 3267 divinorum
1053 3209 1312 3266 illorum
1375 3216 1668 3267 coetuum
1723 3210 1942 3279 duces,
2002 3209 2176 3267 cele-

512 3305 687 3363 brem
754 3306 936 3364 illum
1007 3306 1367 3369 Macarium.
1427 3311 1488 3363 et
1557 3306 1827 3363 alterum
1892 3306 2172 3364 eiusdem

510 3403 803 3471 nominis,
864 3419 973 3462 nec
1029 3419 1152 3461 non
1208 3404 1518 3461 lsidorum
1577 3403 1862 3475 aliosque
1903 3404 1982 3460 de
2026 3419 2176 3476 spe-

509 3502 710 3559 luncis
785 3501 1086 3559 abductos
1159 3502 1221 3558 in
1297 3502 1566 3559 insulam
1630 3503 1943 3573 quandam
2011 3502 2174 3560 rele-

508 3600 691 3671 gavit,
765 3615 926 3670 quae
1001 3599 1080 3656 ab
1157 3599 1376 3670 impiis
1458 3596 1826 3656 hominibus
1902 3599 2175 3658 habitata

506 3699 751 3755 nullum
799 3711 1076 3768 unquam
1126 3695 1374 3767 pietatis
1426 3697 1792 3768 magistrum
1846 3697 2169 3759 habuerat.

507 3795 789 3867 Cumque
865 3795 1106 3852 insulae
1164 3809 1312 3852 orae
1390 3795 1958 3867 appropinquasset
2011 3795 2172 3853 navi-

503 3895 696 3966 gium,
763 3894 1053 3959 daemon,
1127 3893 1236 3965 qui
1301 3892 1388 3951 ibi
1455 3893 1800 3958 colebatur,
1852 3909 2173 3952 consecra-

505 3997 638 4048 tum
705 3992 824 4049 sibi
901 3993 1195 4050 deserens
1271 3992 1707 4058 simulacrum,
1783 3993 1952 4064 quod
2015 3993 2170 4050 anti-

506 4104 702 4158 quum
771 4089 907 4147 eius
961 4091 1164 4146 fuerat
1224 4089 1646 4159 domicilium,
1705 4089 1895 4145 ﬁliam
1957 4103 2168 4146 sacer-

2296 466 2634 525 tumultum
2704 467 3112 525 extimescens
3188 463 3408 522 Lucius
3480 461 3708 520 sanctis
3773 461 3950 527 viris,

2297 571 2363 623 ut
2391 565 2468 623 ad
2501 564 2831 638 speluncas
2884 578 3026 621 suas
3080 561 3378 627 redirent,
3412 558 3717 619 concessit
3764 555 3877 633 (ὅ).
3921 580 3947 610 ››

2378 761 2458 818 De
2501 759 2693 818 exilio
2716 758 2973 831 quidem
3017 772 3238 816 senum
3281 758 3435 815 haec
3484 754 3666 814 nobis
3708 754 3770 812 in
3823 767 3954 810 me-

2295 858 2470 916 dium
2524 858 2899 930 proferenda
2957 861 3152 914 erant.
3229 853 3730 913 Persecutionem
3797 864 3952 908 vero

2296 956 2474 1014 istam
2524 956 2975 1014 monachorum
3037 954 3275 1022 Lucius,
3336 953 3516 1011 urbis
3571 950 3947 1023 praefectus,

2295 1054 2555 1126 eiusque
2611 1054 2910 1111 satellites
2965 1068 3088 1111 non
3146 1058 3270 1110 tam
3323 1066 3437 1109 suo
3492 1050 3706 1118 Marie,
3756 1062 3950 1120 quam

2296 1151 2428 1224 lege
2469 1152 2738 1210 Valentis
2788 1151 3190 1223 imperatoris
3237 1149 3434 1207 innixi
3485 1149 3682 1216 egisse
3725 1146 3950 1204 viden-

2294 1254 2416 1308 tur.
2469 1250 2751 1308 Socrates
2791 1250 2958 1306 enim
3005 1251 3080 1306 de
3134 1249 3266 1321 lege
3317 1247 3588 1320 quadam
3640 1245 3946 1318 loquitur.

2295 1364 2419 1421 qua
2465 1348 2682 1406 Valens
2739 1348 3074 1420 praecepit,
3137 1366 3165 1400 ‹‹
3233 1352 3298 1404 ιιι
3371 1342 3777 1421 [orthodoxi],
3837 1342 3948 1415 qui

2298 1446 2706 1504 Alexandriae
2753 1451 2813 1503 et
2857 1446 2920 1503 in
2969 1444 3213 1517 reliqua
3260 1449 3464 1501 essent
3513 1443 3812 1514 Aegypto,
3847 1440 3952 1498 fu—

2293 1551 2587 1617 garentur
2641 1541 2751 1619 (6).
2816 1565 2836 1596 »
2901 1545 3187 1602 Ceterum
3243 1543 3462 1600 Valens
3513 1555 3566 1598 a.
3629 1541 3768 1606 373,
3822 1537 3953 1612 pri-

2295 1657 2393 1700 ma
2449 1643 2714 1701 Ianuarii
2771 1643 2896 1713 die,
2945 1642 3140 1714 legem
3201 1639 3486 1706 sancivit,
3541 1639 3724 1698 cuius
3769 1642 3953 1696 tenor

2294 1741 2396 1799 hic
2425 1747 2516 1799 est
2567 1758 2580 1798 :
2632 1759 2661 1794 «
2713 1741 2977 1810 Quidam
3029 1741 3306 1812 ignaviae
3358 1745 3694 1797 sectatores
3737 1736 3951 1794 deser-

2291 1840 2371 1898 tis
2425 1840 2747 1898 civitatum
2821 1838 3190 1897 muneribus
3257 1843 3505 1910 captant
3578 1835 3953 1894 solitudines

2292 1953 2362 1996 ac
2410 1943 2667 2008 secreta,
2719 1942 2781 1995 et
2831 1936 3042 2009 specie
3092 1934 3414 2008 religionis
3459 1948 3604 1992 cum
3661 1933 3951 1991 coetibus

2292 2037 2698 2094 Monazonton
2764 2040 3238 2107 congregantur.
3307 2033 3428 2091 Hos
3499 2032 3688 2104 igitur
3760 2038 3948 2104 atque

2291 2134 2649 2192 huiusmodi
2712 2132 2874 2191 intra
2935 2135 3282 2205 Aegyptum
3339 2130 3763 2203 deprehensos
3836 2143 3950 2200 per

2289 2233 2584 2290 comitem
2671 2232 2939 2290 Orientis
3014 2230 3152 2287 erui
3224 2245 3259 2287 e
3331 2228 3588 2286 latebris
3662 2226 3947 2285 consulta

2290 2331 2730 2403 praeceptione
2803 2329 3256 2398 mandavimus,
3324 2334 3510 2400 atque
3581 2327 3653 2384 ad
3730 2325 3950 2385 munia

2290 2429 2634 2501 patriarum
2689 2428 3014 2487 subeunda
3065 2427 3368 2489 revocari,
3412 2431 3517 2484 aut
3562 2439 3679 2498 pro
3727 2431 3948 2483 tenore

2288 2532 2533 2584 nostrae
2573 2527 2911 2585 sanctionis
2987 2524 3391 2583 familiarium
3447 2537 3660 2581 rerum
3725 2536 3946 2580 carere

2289 2623 2644 2690 inlecebris,
2695 2639 2850 2697 quas
2905 2637 3015 2695 per
3063 2638 3169 2681 eos
3213 2620 3577 2680 censuimus
3621 2619 3948 2678 vindican-

2286 2723 2415 2787 das,
2478 2722 2586 2794 qui
2650 2723 3044 2795 publicarum
3104 2726 3312 2779 essent
3364 2719 3633 2777 subituri
3679 2732 3951 2776 munera

2288 2821 2698 2879 functionum.
2807 2835 2910 2893 pp.
3017 2819 3269 2890 Byritho
3354 2817 3607 2876 Kalend.
3697 2817 3946 2876 Ianuar.

2287 2917 2714 2976 Valentiniano
2763 2924 2823 2976 et
2876 2918 3129 2976 Valente
3176 2917 3297 2974 AA.
3359 2917 3524 2974 Coss.
3576 2913 3687 2989 (7).
3731 2935 3751 2966 ι
3813 2915 3949 2984 Quo

2287 3016 2477 3088 igitur
2530 3016 2593 3074 in
2661 3016 2913 3074 decreto
2963 3030 3086 3074 non
3149 3020 3407 3087 propter
3472 3013 3686 3080 vitam,
3753 3027 3947 3085 quam

2286 3115 2536 3187 degunt,
2626 3113 3083 3186 monachicam,
3158 3127 3376 3170 verum
3464 3112 3611 3184 quia
3682 3125 3947 3169 munera

2285 3213 2494 3270 civilia
2551 3217 2612 3271 et
2666 3213 2929 3270 curialia
2987 3211 3258 3284 effugere
3320 3211 3476 3269 velle
3536 3211 3942 3282 putabantur,

2286 3316 2621 3369 sectatores
2667 3310 2946 3383 ignaviae
2999 3310 3313 3368 dicuntur.
3367 3307 3573 3367 Simili
3630 3322 3703 3366 ex
3758 3322 3947 3364 causa

2286 3409 2390 3466 alii
2440 3423 2692 3482 quoque
2736 3409 3169 3480 imperatores,
3224 3408 3387 3465 inter
3436 3421 3596 3478 quos
3648 3406 3946 3464 Constan-

2288 3507 2473 3573 tinus,
2524 3507 2794 3564 curiales
2845 3506 3199 3564 sacerdotes
3258 3505 3390 3562 ﬁeri
3447 3509 3768 3562 vetuerant
3822 3502 3940 3577 (8).

2287 3605 2496 3676 Neque
2559 3618 2704 3662 vero
2767 3604 2843 3661 de
2900 3604 3124 3676 quovis
3179 3603 3512 3671 monacho,
3575 3617 3778 3675 neque
3832 3616 3943 3661 no-

2286 3701 2569 3760 minatim
2610 3703 2687 3760 de
2734 3716 2996 3760 munere
3040 3701 3298 3759 militari
3343 3701 3439 3760 lex
3489 3700 3594 3758 illa
3635 3700 3938 3773 loquitur,

2284 3801 2391 3858 sed
2469 3800 2545 3858 de
2627 3799 3014 3871 hominibus,
3083 3800 3191 3872 qui
3281 3796 3511 3855 desertis
3587 3795 3938 3855 muneribus

2277 3895 2542 3974 publicis,
2618 3899 2792 3974 specie
2867 3895 3155 3974 religionis
3226 3913 3369 3956 cum
3429 3897 3752 3956 monachis
3820 3897 3937 3954 de-

2281 4002 2430 4067 gunt
2464 4015 2478 4062 ;
2507 4011 2614 4055 eos
2643 3997 2810 4054 enim
2851 4003 2956 4054 aut
2999 3997 3074 4054 ad
3119 3996 3334 4054 munia
3374 3995 3611 4068 patriae
3639 3995 3933 4054 obeunda

2283 4094 2540 4166 retrahi,
2577 4099 2683 4151 aut
2725 4109 2791 4151 re
2840 4093 3132 4152 familiari
3177 4093 3434 4167 spoliari
3477 4093 3675 4150 iussit.
3727 4093 3934 4163 Quan-

508 4185 672 4242 dotis
742 4187 816 4242 ad
887 4186 1190 4243 insaniam
1252 4187 1584 4244 concitavit
1642 4191 1702 4240 et
1767 4185 2167 4243 furibundam
2278 4206 2466 4262 quam
2536 4192 2825 4250 inimicos
2907 4192 3357 4250 catholicorum
3443 4192 3574 4264 lege
3657 4192 3932 4262 turpiter

509 4284 582 4338 ad
636 4283 782 4340 litus
826 4285 1104 4348 deduxit,
1158 4299 1283 4355 quo
1334 4285 1540 4340 navim
1592 4282 1856 4353 remiges
1900 4282 2171 4354 appule-
2280 4288 2450 4346 abuti
2523 4289 2701 4347 facile
2769 4290 3066 4361 potuisse,
3150 4303 3334 4348 nemo
3414 4303 3535 4347 non
3612 4289 3929 4360 intelligit.

509 4386 645 4437 rant
697 4378 804 4454 (li).
868 4403 891 4432 υ
975 4381 1209 4444 Cetera.
1281 4395 1438 4452 quae
1514 4385 1886 4451 sequuntur,
1948 4380 2023 4436 ad
2077 4380 2162 4447 id,
2202 4399 2245 4454 1)
2283 4387 2542 4459 Prosper
2588 4389 2846 4460 quidem
2915 4387 3257 4460 Aquitanus
3330 4387 3530 4460 legem
3584 4402 3618 4443 a
3679 4387 3930 4445 Valente

507 4479 673 4550 quod
737 4495 768 4535 e
825 4475 1040 4537 Ituﬁno
1097 4479 1462 4543 didicimus,
1519 4478 1700 4549 plane
1757 4478 2036 4536 redeunt.
2102 4481 2165 4537 In
2277 4485 2483 4543 datam
2527 4500 2660 4544 esse
2698 4486 2999 4544 tradidit:
3059 4506 3088 4539 α
3125 4492 3190 4544 ut
3236 4486 3526 4544 monachi
3560 4485 3926 4552 militarent,

507 4576 627 4633 fine
654 4577 1079 4634 Theodorctus
1115 4593 1125 4631 :
1157 4595 1186 4628 ‹‹
1212 4577 1394 4642 Haec,
1430 4603 1451 4625 ι
1483 4575 1709 4647 inquit,
1737 4595 1765 4627 «
1792 4575 1898 4632 ubi
1923 4576 1986 4634 in
2010 4577 2166 4636 urbe
2275 4583 2554 4642 nolentes
2597 4583 2867 4642 fustibus
2911 4590 3284 4642 necarentur
3311 4581 3422 4660 (9).
3478 4604 3506 4639 »
3547 4580 3717 4650 176
3750 4583 3930 4651 Quod

505 4673 931 4741 innotuerunt,
1009 4673 1295 4732 omnium
1367 4672 1538 4729 illico
1609 4673 1801 4731 factus
1869 4680 1962 4732 est
2019 4689 2164 4734 con-

502 4787 724 4829 cursus
772 4773 1027 4830 Lucium
1072 4771 1544 4842 obiurgantium
1589 4777 1652 4828 et
1703 4771 1911 4829 divina
1961 4788 2026 4830 se
2069 4774 2163 4832 ira

503 4869 862 4940 plectendos
911 4869 1282 4942 dicentium,
1333 4868 1452 4927 nisi
1494 4869 1741 4927 divinus
1784 4869 1894 4928 ille
1923 4877 2158 4931 sancto-

575 5070 660 5138 (I)
695 5068 818 5124 Ibid
851 5085 908 5141 p.
939 5069 1062 5122 66-2.

2273 4681 2530 4753 quidem
2592 4682 2706 4739 etsi
2777 4683 2908 4754 lege
2975 4696 3098 4740 non
3169 4681 3566 4754 exprimitur,
3637 4694 3929 4753 magnam

2272 4783 2439 4836 certe
2485 4779 2932 4853 crudelemque
2981 4781 3169 4838 fuisse
3215 4779 3668 4838 monachorum
3708 4793 3927 4850 perse-

2270 4876 2610 4950 cutionem,
2657 4893 2691 4935 a
2741 4878 2992 4937 Valente
3045 4878 3392 4950 excitatam,
3448 4893 3482 4936 e
3533 4877 3594 4937 S.
3646 4877 3930 4949 Chryso-

2339 5075 2417 5146 (6)
2447 5075 2611 5131 Socr.
2647 5076 2789 5131 Hist.
2820 5075 2974 5132 Eccl.
3006 5075 3108 5133 lib.
3135 5077 3205 5132 IV
3235 5091 3372 5150 cap.
3427 5077 3496 5132 24
3520 5075 3595 5133 ed
3627 5075 3670 5131 Ι.
3699 5090 3762 5148 p.
3791 5077 3923 5134 238.

580 5159 656 5228 (2)
691 5159 840 5212 Ibid.
875 5176 935 5229 p.
969 5163 1068 5212 663
1097 5159 1156 5212 in
1194 5159 1334 5214 ﬁne.

577 5249 654 5316 (3)
681 5250 924 5302 Exstant
948 5247 1005 5301 in
1049 5247 1398 5303 Theodoret.
1436 5249 1578 5303 Hist.
1612 5247 1764 5305 Eccl.
1789 5248 1892 5306 lib.
1929 5252 1993 5305 IV
2021 5267 2153 5323 cap.

498 5339 588 5398 19,
629 5340 782 5407 Opp.
814 5337 907 5390 ed.
955 5337 1214 5391 Noesselt
1238 5339 1294 5391 Τ.
1333 5338 1399 5391 III
1431 5355 1488 5409 p.
1520 5340 1619 5392 987
1651 5355 1780 5410 sqq.

574 5427 652 5494 (4)
687 5426 1031 5482 Theodorei.
1065 5427 1202 5482 Ilist.
1261 5426 1407 5483 Eccl.
1470 5427 1572 5484 lib.
1625 5429 1690 5486 IV
1729 5444 1860 5504 cap.
1904 5433 1964 5485 I8
1987 5432 2083 5486 ed.
2112 5432 2152 5487 Ι.

503 5531 562 5587 p.
597 5517 700 5570 985
733 5532 822 5585 sq.

580 5605 665 5680 (5)
691 5603 760 5661 L.
793 5605 833 5656 Ι.
873 5619 933 5676 p.
967 5606 1070 5660 986
1101 5621 1194 5680 sq.

2341 5166 2418 5236 (7)
2452 5163 2595 5219 Cod.
2628 5164 2900 5221 Theodos
2929 5167 3038 5232 XII,
3073 5173 3120 5230 l,
3151 5171 3238 5222 63.

2342 5255 2419 5323 (8)
2489 5252 2920 5310 Constantinus
2962 5257 3106 5313 Cod.
3167 5255 3462 5322 Theodos,
3494 5254 3632 5322 XVI,
3688 5260 3743 5324 2,
3767 5258 3819 5312 3.
3863 5262 3924 5324 6;

2271 5342 2719 5398 Valentinianus
2747 5344 2894 5399 ibid.
2931 5345 3069 5409 XVI,
3097 5346 3261 5410 2,17.

2339 5432 2414 5502 (9)
2444 5432 2649 5503 Prosp.
2691 5435 2969 5504 Aquitan.
3001 5434 3218 5490 Chron.
3282 5435 3493 5506 integr.
3549 5437 3606 5490 P.
3641 5434 3683 5500 I,
3720 5434 3921 5507 Migne

2263 5521 2575 5579 Patrol.'T.
2601 5521 2668 5577 LI
2699 5536 2763 5593 p.
2791 5524 2916 5578 583.
