4088 6192
175 79 276 128 '-

187 275 266 331 165
1722 265 1761 322 ν

1875 266 1956 324 ιΕ.
3442 275 3543 332 166

159 401 311 462 stomi
385 399 564 458 libris
637 393 908 455 adversus
968 400 1378 474 oppugnatores
1424 392 1573 453 vitae
1636 413 1764 454 mo-
1795 394 1842 450 Α
1877 398 2141 456 millima
2169 413 2262 466 ea,
2299 413 2457 472 quae
2482 401 2560 458 de
2601 400 2946 460 virtutibus
2978 400 3389 461 Macariorum
3420 403 3540 464 Ru-

160 496 382 558 nachicae
409 493 495 574 (1)
515 497 824 554 discimus.

217 599 400 656 Restat
475 599 542 654 ut
604 594 1011 653 Macariorum
1094 593 1498 663 mentionem,
1575 607 1762 666 quam

152 696 266 754 data
319 693 759 768 persecutionis
810 691 990 750 istius
1043 690 1387 750 narrandae
1440 692 1763 750 occasione

153 793 370 852 Rufinus
443 791 602 862 fecit,
658 790 931 849 breviter
999 789 1102 848 hic
1176 790 1652 861 subiungamus.
1711 789 1764 847 Is

153 891 314 960 enim,
351 903 539 963 quum
584 895 943 961 temporum
992 889 1248 946 illorum
1303 887 1628 946 historiam
1657 887 1762 945 de-

150 987 458 1061 scripsisset
490 1003 503 1044 :
532 1006 562 1040 «
637 987 943 1057 Florebat,
983 1005 1014 1041 »
1063 984 1287 1059 inquit,
1347 1006 1370 1038 ‹
1422 985 1612 1058 igitur
1641 987 1763 1045 Ae-

151 1091 338 1160 gyptus
383 1099 454 1144 ea
505 1089 869 1158 tempestate
939 1097 1062 1142 non
1113 1084 1320 1142 solum
1372 1083 1638 1142 eruditis
1697 1084 1761 1142 in

150 1185 444 1242 christiana
475 1182 875 1256 philosophia
923 1180 1096 1249 viris,
1154 1196 1372 1240 verum
1416 1183 1603 1240 etiam
1635 1182 1755 1246 his,

152 1283 235 1356 qui
263 1295 363 1354 per
391 1287 623 1339 vastam
665 1294 950 1338 eremum
988 1285 1453 1339 commanentes
1477 1280 1651 1352 signa
1699 1285 1763 1337 et

151 1380 391 1453 prodigia
441 1377 804 1451 Apostolica
853 1379 1252 1452 simplicitate
1296 1378 1455 1436 vitae
1507 1383 1567 1435 et
1611 1392 1762 1436 cor-

151 1479 225 1536 dis
254 1477 592 1536 sinceritate
643 1476 970 1534 faciebant.
1031 1476 1118 1534 Ex
1156 1475 1391 1550 quibus
1468 1475 1760 1534 interim-

150 1589 275 1648 quos
300 1575 408 1648 ipsi
438 1574 735 1644 vidimus,
775 1579 837 1632 et
886 1587 1160 1648 quorum
1211 1573 1495 1632 benedici
1563 1573 1759 1632 manil

151 1675 241 1732 bus
258 1674 613 1735 meruimus.
651 1673 712 1730 hi
743 1677 887 1731 sunt
937 1690 950 1729 :
1003 1672 1307 1731 Macarius
1336 1672 1414 1730 de
1443 1671 1759 1744 superiori

1874 495 2032 554 ﬁnus
2084 497 2148 554 in
2205 496 2682 557 Continuatione
2714 499 3020 558 Historiae
3067 499 3538 561 Ecclesiasticae

1875 594 2122 652 Eusebii
2185 602 2523 666 scripserat
2593 595 2705 671 (6),
2769 597 3049 655 alludere
3117 597 3426 658 videntur.
3490 600 3536 662 E

1873 691 2147 750 fontibus
2189 693 2462 766 denique
2521 693 2850 765 incognitis
2878 695 3162 753 Socrates
3194 697 3346 755 haec
3375 711 3534 758 nova

1872 789 2138 849 adiecit:
2167 811 2190 843 ι
2229 790 2372 849 Erat
2397 805 2586 864 porro
2610 789 2939 867 [Macarius
2968 791 3331 872 Aegyptius]
3363 810 3535 854 reve-

1873 888 2104 946 rendus
2135 888 2372 961 pariter
2429 904 2500 948 ac
2557 903 2811 948 severus
2864 892 2929 949 in
2953 891 3112 956 illos,
3175 892 3284 965 qui
3325 893 3533 966 ipsum

1872 985 2144 1044 adibant.
2227 987 2529 1046 Macarius
2606 1001 2756 1045 vero
2837 988 3314 1061 Alexandrinus,
3386 1005 3530 1050 cum

1871 1099 2320 1158 usquequaque
2372 1085 2603 1144 similis
2661 1090 2822 1144 esset
2876 1087 3198 1160 Aegyptio,
3269 1102 3345 1147 eo
3399 1094 3528 1148 tan-

1871 1188 2002 1241 tum
2032 1181 2446 1254 discrepabat,
2480 1183 2650 1256 quod
2681 1182 2900 1242 hilaris
2947 1184 3064 1242 fuit
3111 1199 3258 1258 erga
3286 1199 3394 1244 eos
3424 1186 3532 1258 qui

1870 1280 1946 1337 ad
1968 1281 2175 1352 ipsum
2205 1286 2614 1345 accesserant,
2651 1286 2712 1338 et
2741 1282 3092 1340 urbanitate
3122 1283 3395 1356 quadam
3433 1283 3534 1342 iu-

1871 1378 2078 1437 niores
2099 1378 2174 1436 ad
2206 1378 2605 1451 disciplinam
2643 1379 3076 1437 monachicam
3099 1380 3314 1439 allexit
3340 1382 3450 1454 (7).
3497 1400 3528 1437 »

1870 1475 2085 1534 Cetera
2153 1475 2365 1549 igitur,
2397 1491 2471 1534 ex
2517 1475 2776 1548 Evagrio
2829 1477 3222 1550 deprompta,
3259 1479 3337 1536 ad
3377 1479 3532 1538 duas

1871 1573 2118 1632 Macarii
2154 1574 2434 1646 Aegyptii
2467 1573 2759 1633 historias
2787 1575 2865 1632 de
2885 1590 3092 1647 causa,
3127 1591 3241 1634 cur
3271 1576 3530 1636 iniuria-

1872 1685 2014 1729 rum
2066 1673 2144 1728 al)
2203 1671 2567 1730 hominibus
2646 1672 3026 1731 indictarum
3097 1673 3530 1734 recordatione

148 1785 342 1837 eremo,
368 1770 523 1829 alius
566 1768 874 1828 Macarius
913 1770 993 1828 de
1032 1767 1336 1838 inferiori,
1374 1769 1649 1828 lsidorus
1696 1770 1760 1827 in
1795 1763 1836 1817 Β
1872 1770 2214 1829 memoriae
2270 1771 2396 1828 vim
2445 1783 2952 1842 corrumpamus,
3027 1786 3062 1828 a
3119 1773 3535 1832 daemonibus

149 1868 301 1941 Scyti,
372 1867 641 1926 Pambus
698 1867 763 1925 in
817 1867 1094 1936 Cellulis,
1139 1868 1376 1938 Moyses
1427 1871 1484 1925 et
1541 1867 1760 1925 Benia-

152 1966 253 2024 min
316 1967 375 2024 in
465 1966 688 2033 Nitria,
746 1965 1004 2043 Scyrion
1059 1970 1122 2023 et
1171 1964 1378 2023 Helias
1427 1971 1490 2023 et
1538 1965 1762 2024 Paulus

151 2063 200 2122 in
252 2063 535 2137 Apeliote,
626 2064 786 2122 alius
851 2063 1073 2122 Paulus
1138 2063 1201 2121 in
1245 2063 1438 2133 Focis,
1498 2063 1760 2122 Poemen

153 2145 412 2234 etloseph
482 2162 546 2219 in
610 2160 860 2233 Pispiri,
925 2161 1032 2233 qui
1092 2159 1528 2233 appellabatur
1580 2173 1760 2218 mons

152 2259 374 2318 Antonii.
406 2259 522 2318 Sed
561 2259 814 2318 etalios
854 2260 1262 2332 quamplures
1325 2257 1760 2316 huiuscemodi

151 2359 283 2416 viros
304 2359 361 2416 in
394 2359 658 2432 Aegypti
691 2357 976 2430 partibus
1021 2356 1324 2423 habitare,
1389 2355 1556 2413 ﬁdeli
1579 2370 1763 2413 com-

156 2456 388 2528 perimus
431 2453 798 2532 auditui2).
853 2476 885 2507 «
940 2456 1102 2512 Inter
1158 2454 1506 2527 Aegyptum
1571 2469 1760 2526 supe-

153 2554 341 2612 riorem
367 2559 425 2614 et
452 2554 826 2612 inferiorem
855 2553 906 2611 si
945 2552 1367 2624 distinguitur,
1417 2552 1755 2625 superiori,

149 2653 304 2710 eremi
368 2654 712 2712 Macarium
782 2650 1154 2723 Aegyptium
1231 2649 1762 2708 Scetisincolams

150 2749 412 2809 inferioris
460 2748 958 2809 Alexandrinum
1015 2747 1394 2807 Cellularum
1432 2748 1763 2820 presbyte—

149 2862 256 2906 rum
280 2849 452 2908 fuisse
484 2847 894 2908 crediderim.

204 2948 329 3020 ξω.
379 2946 680 3012 Socratis,
741 2943 1090 3008 Sozomeni,
1125 2942 1372 3010 Suidae,
1417 2941 1758 3015 Nicephori

147 3043 357 3118 Callisti,
427 3043 836 3116 aliorumque
909 3055 1122 3100 rerum
1195 3040 1757 3099 ecclesiasticarum

147 3113 491 3216 scriptorum,
543 3141 664 3215 qui
715 3113 837 3199 non
888 3145 1016 3198 tam
1045 3153 1159 3198 suo
1211 3139 1420 3206 Marte,
1482 3153 1673 3213 quam
1723 3153 1759 3196 θ
1793 3113 1834 3170 C

149 3239 374 3300 fontibus
441 3241 568 3300 illis
640 3237 979 3312 primariis,
1035 3251 1192 3310 quos
1246 3237 1571 3310 hucusque
1620 3251 1758 3294 exa-

150 3338 488 3407 minavimus,
523 3339 608 3398 de
671 3337 950 3397 Macariis
998 3337 1268 3402 tradunt,
1315 3335 1484 3394 locos
1516 3334 1760 3393 relatio-

151 3449 332 3510 nesque
385 3438 662 3510 integras
730 3435 793 3493 in
854 3434 1135 3492 medium
1212 3434 1494 3506 proferre
1546 3447 1762 3506 super-

152 3532 302 3592 fluum
327 3551 452 3594 esse
485 3542 676 3594 antea
718 3532 1001 3591 arbitrati
1038 3546 1254 3590 sumus
1312 3529 1428 3606 (3).
1477 3533 1759 3590 Attamen

150 3645 231 3689 eos
265 3634 515 3692 breviter
558 3645 892 3691 recensere
933 3646 967 3688 a
1013 3643 1080 3688 re
1123 3630 1397 3688 alienum
1443 3643 1564 3687 non
1616 3629 1755 3686 erit.

152 3727 203 3785 Et
233 3730 473 3791 Socratis
522 3731 788 3806 quidem
847 3734 972 3788 tota
1050 3729 1128 3786 de
1203 3726 1485 3785 Macariis
1545 3726 1762 3784 relatio

152 3825 290 3886 libris
337 3829 571 3903 Evagrii
635 3827 942 3899 innititur,
999 3825 1274 3898 exceptis
1340 3824 1555 3898 paucis
1623 3823 1763 3896 qui-

151 3922 366 3985 busdam
436 3926 786 3986 sententiis.
854 3926 896 3983 E
961 3938 1229 3997 quarum
1292 3937 1557 3982 numero
1618 3926 1762 3982 sunt

150 4018 251 4092 illa,
275 4039 420 4096 quae
445 4004 644 4098 supra
668 4024 744 4082 ad
789 4023 1022 4081 librum
1053 4022 1397 4080 secundum
1447 4020 1761 4094 respicere

148 4116 423 4182 docuimus
444 4123 532 4200 (4)
569 4142 585 4194 ;
625 4127 792 4199 177
832 4121 940 4179 sed
971 4119 1216 4192 ultima,
1249 4134 1411 4192 quae
1439 4134 1474 4177 e
1503 4119 1752 4176 Socrate

149 4212 214 4272 ibi
239 4222 560 4286 attulimus,
598 4220 790 4279 verba
830 4219 984 4277 haec
1030 4234 1043 4274 :
1084 4239 1113 4271 «
1164 4217 1502 4290 Aegyptius
1535 4212 1758 4294 [Maca-

151 4311 267 4392 rius]
297 4322 377 4376 tot
399 4320 642 4378 sanavit
687 4331 929 4390 aegros,
963 4320 1051 4375 tot
1079 4317 1367 4374 obsessos
1415 4331 1450 4371 a
1492 4314 1759 4372 daemo-

153 4410 626 4488 nibusliberavit,
675 4420 762 4482 ut,
797 4428 958 4488 quae
1006 4427 1119 4486 per
1157 4413 1420 4486 gratiam
1472 4412 1572 4470 Dei
1605 4425 1750 4484 ges-

152 4509 282 4580 serit,
329 4519 682 4587 separatum
727 4526 886 4586 opus
932 4507 1289 4570 desiderent
1312 4508 1423 4578 (5),
1472 4527 1502 4564 »
1537 4509 1614 4567 ad
1668 4508 1758 4566 si-

211 4755 273 4824 (1)
322 4758 394 4813 lo.
426 4757 841 4830 Chrysostomi
897 4757 1048 4828 Opp.
1080 4754 1175 4813 ed.
1208 4755 1584 4813 Montfaucon
1640 4758 1698 4812 Τ.
1736 4753 1757 4806 Ι

161 4855 188 4909 p
213 4846 501 5003 (33:31am
529 4935 676 4992 Hist.
715 4934 867 4991 Eccl.
899 4933 1002 4990 lib.
1033 4934 1078 4989 II
1131 4949 1264 5007 cap.
1298 4938 1331 4991 8
1388 4934 1482 4989 ed.
1514 4933 1687 4990 Basil.
1715 4935 1757 4990 Ι.

158 5031 204 5086 p.
230 5020 316 5078 246
341 5041 357 5088 ;
395 5025 587 5080 Ruﬁni
619 5026 772 5096 Opp.
796 5024 892 5081 ed.
924 5023 1171 5081 Vallarsi
1193 5041 1250 5097 p.
1284 5025 1407 5090 278,
1435 5024 1622 5094 Migne
1651 5023 1759 5080 Pa-

161 5108 262 5163 trol.
292 5113 343 5168 τ.
375 5113 480 5170 xxr
513 5114 726 5187 p.517.

215 5201 278 5269 (3)
307 5203 486 5275 Supra
524 5204 552 5276 ἓ
591 5205 654 5262 11
690 5219 749 5277 p.
792 5207 885 5260 37.

217 5286 280 5356 (4)
305 5291 632 5365 Supra§21e
662 5309 728 5366 p.
762 5293 860 5348 111
897 5307 988 5365 sq.

239 5381 261 5430 5
343 5422 354 5434 .
409 5420 423 5434 .

220 5376 284 5534 (6)
305 5381 590 5543 l(Etlsupra.
615 5469 642 5542 ξ
669 5472 736 5527 27
769 5486 828 5543 p.
870 5470 994 5527 114.

225 5554 291 5624 (7)
318 5558 466 5617 Socr.
493 5560 637 5616 Hist.
665 5559 819 5617 Eccl.
848 5559 953 5616 lib.
981 5559 1051 5615 IV
1076 5573 1210 5634 cap.
1240 5561 1306 5614 23
1336 5556 1430 5614 ed.
1463 5557 1505 5612 Ι.
1546 5572 1606 5630 p.
1639 5558 1762 5612 234.

173 5638 242 5695 Cl.
264 5658 425 5718 supra
450 5649 480 5721 ς
507 5649 574 5706 23
601 5664 662 5724 p.
693 5650 783 5708 97.

1871 1881 2016 1926 vero
2056 1874 2452 1940 acceptarum
2509 1869 2970 1928 reminiscendo
3024 1884 3146 1928 non
3175 1870 3522 1938 laedamus,

1870 1971 1932 2024 et
1957 1965 2034 2022 de
2059 1965 2451 2033 abstinentia,
2485 1980 2610 2039 qua
2652 1966 2984 2038 Evagrium
3024 1967 3126 2025 siti
3156 1981 3532 2040 oppressum

1872 2063 2096 2120 umbra
2111 2067 2472 2122 contentum
2499 2079 2633 2123 esse
2659 2065 2946 2131 iusserat,
2981 2065 3241 2124 redeunt
3271 2064 3380 2141 (8).
3416 2066 3532 2125 So-

1873 2175 2170 2219 zomenus
2197 2161 2276 2219 de
2326 2162 2607 2220 Macariis
2639 2177 2832 2234 pauca
2880 2163 3102 2221 retulit
3131 2178 3210 2221 ex
3265 2163 3535 2223 Historia

1873 2259 2179 2320 Lausiaca,
2219 2259 2337 2318 hoc
2378 2265 2584 2318 tamen
2627 2259 2970 2333 praemisso
2999 2261 3300 2322 exordio:
3375 2283 3404 2313 ‹‹
3429 2261 3538 2322 Or-

1871 2355 2010 2414 diar
2065 2360 2272 2414 autem
2325 2357 2404 2414 ab
2427 2358 2726 2430 Aegypto,
2766 2360 2830 2416 et
2877 2358 3181 2417 aduobus
3223 2359 3528 2429 Macariis,

1870 2454 2302 2512 celeberrimis
2333 2455 2915 2528 rectoribus,quiin
2940 2456 3115 2514 Scete
3145 2462 3202 2514 et
3228 2457 3290 2514 in
3325 2461 3536 2516 monte

1872 2550 2143 2624 regionis
2181 2552 2352 2610 illius
2406 2552 2830 2624 praefuerunt.
2867 2554 3145 2624 Quorum
3202 2554 3360 2613 alter
3385 2557 3532 2628 qui-

1871 2648 2016 2706 dem
2063 2649 2406 2723 Aegyptius
2441 2650 2578 2717 fuit,
2615 2651 2775 2709 alter
2814 2647 3078 2710 πολιτικός
3111 2654 3151 2709 i.
3187 2667 3240 2710 e.
3276 2654 3536 2712 urbicus

1871 2746 2217 2805 dicebatur.
2257 2748 2397 2807 Erat
2427 2748 2596 2806 enim
2633 2749 2942 2808 oriundus
2966 2765 3038 2808 ex
3077 2753 3236 2809 urbe
3271 2753 3536 2810 Alexan-

1871 2845 2036 2903 dria.
2080 2846 2201 2904 Nec
2255 2860 2378 2904 non
2414 2852 2678 2920 uterque
2717 2849 2800 2906 ob
2859 2848 3137 2907 divinam
3184 2851 3539 2922 praescien-

1870 2943 2021 3002 tiam
2079 2959 2149 3001 ac
2207 2944 2673 3017 philosophiam
2721 2945 3114 3004 admirabilis
3170 2953 3232 3005 et
3288 2949 3538 3006 daemo-

1872 3041 2056 3099 nibus
2123 3039 2548 3100 formidabilis
2632 3044 2829 3102 multa
2881 3042 3182 3101 miracula
3235 3049 3298 3102 et
3347 3059 3534 3102 cura-

1870 3139 2074 3199 tiones
2137 3141 2476 3212 stupendas
2552 3141 2813 3213 perfecit
2869 3141 2972 3212 (9).
3027 3159 3063 3198 »
3115 3141 3270 3200 Illud
3322 3143 3532 3208 etiam,

1870 3238 2038 3310 quod
2096 3252 2287 3310 supra
2347 3238 2728 3306 monuimus,
2773 3238 3165 3297 Sozomenus
3217 3238 3390 3298 solus
3419 3253 3532 3298 nos

1870 3336 2110 3407 edocet,
2163 3335 2500 3394 Macarium
2532 3335 3020 3396 Alexandrinum
3077 3338 3304 3411 serius,
3340 3353 3532 3412 quam

1872 3433 2266 3506 Aegyptium,
2303 3435 2740 3506 presbyterum
2782 3436 3011 3494 factum
3041 3449 3176 3494 esse
3229 3435 3382 3513 (10).
3429 3437 3537 3496 Ce-

1871 3537 2076 3589 terum
2107 3546 2184 3590 ex
2212 3531 2481 3590 Historia
2513 3532 2798 3590 Lausiaca
2837 3533 3066 3590 famam
3115 3535 3192 3591 de
3228 3540 3477 3593 mortuo
3501 3550 3537 3592 a

1873 3628 2140 3686 Macario
2188 3629 2491 3702 Aegyptio
2550 3629 2626 3687 ad
2694 3629 3067 3688 Hieracitam
3114 3631 3533 3690 refellendum

1873 3727 2194 3798 suscitato,
2245 3727 2321 3785 de
2376 3731 2573 3785 aetate
2631 3727 2881 3785 Macarii
2939 3729 3250 3802 Aegyptii,
3311 3735 3370 3787 et
3421 3743 3537 3787 cur

1871 3837 2099 3882 nomen
2166 3820 2586 3900 παιδαριογέρωυ
2881 3825 2934 3881 ei
2987 3825 3254 3883 inditum
3323 3825 3531 3898 fuerit,

1871 3921 2186 3985 historias,
2216 3921 2488 3993 denique
2531 3921 2917 3997 singularem
2971 3921 3222 3979 Macarii
3277 3923 3536 3980 Alexan-

1869 4019 2035 4077 drini
2063 4018 2506 4077 continentiam
2545 4019 2799 4079 tradidit
2856 4018 3002 4095 (11).
3052 4017 3381 4078 Praeterea
3425 4019 3537 4078 So-

1870 4131 2169 4176 zomenus
2249 4115 2602 4174 Macarium
2651 4117 3144 4176 Alexandrinum
3189 4137 3220 4173 «
3273 4118 3537 4177 Cellula-

1869 4230 2013 4273 rum
2101 4215 2534 4286 presbyterum
2597 4236 2625 4269 »
2694 4215 2900 4273 denuo
2938 4215 3170 4282 laudat,
3223 4217 3332 4290 qui
3413 4231 3536 4275 non

1867 4329 1956 4384 se,
2001 4313 2109 4371 sed
2153 4312 2443 4384 angelum
2510 4314 2713 4372 Marco
2785 4328 3034 4386 semper
3062 4328 3156 4383 ea,
3209 4333 3238 4367 «
3301 4328 3462 4388 quae
3505 4331 3539 4372 a

1866 4411 2187 4470 sacerdote
2269 4410 2558 4468 fidelibus
2619 4411 2694 4468 ad
2779 4411 2974 4469 altare
3058 4411 3349 4484 praeberi
3440 4412 3541 4470 ius

1869 4509 2082 4582 fasque
2125 4514 2216 4568 est
2265 4505 2413 4583 (i2),
2447 4528 2475 4562 ο
2511 4509 2868 4582 porrexisse
2907 4510 3213 4577 docuerit,
3251 4510 3313 4569 id
3369 4511 3536 4583 quod

1940 4755 2017 4827 (8)
2052 4756 2212 4812 Socr.
2247 4754 2284 4810 l.
2311 4756 2356 4810 Ι.
2393 4769 2451 4826 p.
2485 4754 2589 4812 235
2616 4770 2706 4826 sq.
2733 4755 2817 4811 Cf.
2854 4770 3041 4826 supra
3070 4756 3098 4828 §
3129 4757 3197 4811 29
3223 4771 3282 4828 p.
3318 4756 3426 4812 119
3455 4771 3540 4829 sq

1940 4845 2019 4916 (9)
2067 4844 2300 4901 Sozom.
2345 4845 2485 4900 Hist.
2519 4843 2670 4900 Eccl.
2711 4843 2819 4901 lib.
2853 4845 2925 4899 Ill
2970 4860 3106 4917 cap.
3151 4847 3217 4903 14
3248 4845 3348 4903 ed.
3402 4847 3446 4902 Ι.
3489 4861 3529 4919 p

1869 4936 1968 4992 515
1996 4950 2086 5006 sq.

1935 5024 2052 5095 (1ο)
2081 5021 2162 5078 Cf.
2200 5037 2383 5093 supra
2411 5022 2439 5094 §
2469 5023 2530 5076 21
2563 5037 2621 5095 p.
2657 5024 2721 5078 87
2751 5038 2842 5096 sq.

1938 5114 1986 5184 (1
2005 5113 2052 5180 ι)
2085 5113 2317 5169 Sozom.
2356 5110 2396 5166 1.
2423 5111 2464 5167 Ι.

1941 5202 2056 5273 (12)
2101 5202 2338 5257 Sozom.
2370 5201 2516 5256 Hist.
2557 5199 2706 5256 Eccl.
2746 5199 2851 5257 lib.
2890 5199 2956 5254 Vl
2986 5215 3120 5273 cap.
3161 5205 3230 5258 29
3267 5202 3361 5259 ed.
3395 5203 3441 5261 Ι.
3472 5218 3534 5273 p.

1873 5294 1996 5346 681.
2042 5291 2230 5346 Probe
2279 5288 2741 5352 animadvertas,
2777 5290 3179 5347 Sozomenum
3222 5292 3280 5346 h.
3311 5291 3352 5346 l.
3396 5292 3546 5350 inter

1875 5401 1903 5430 ‹‹
1935 5379 2257 5434 Macarium
2289 5377 2646 5435 Cellularum
2669 5377 3114 5449 presbyterum,
3154 5402 3182 5430 »
3209 5386 3266 5435 et
3291 5397 3320 5429 «
3354 5382 3544 5437 Maca-

1873 5467 2033 5524 rium
2065 5489 2086 5517 ι
2123 5467 2212 5522 vel
2244 5489 2270 5518 «
2302 5467 2620 5522 Macarium
2655 5466 2955 5522 iuniorem
2991 5487 3019 5519 »
3047 5467 3437 5538 distinguere,
3466 5469 3548 5526 ita

1877 5562 1942 5612 ut
1970 5555 2188 5614 verba:
2217 5574 2245 5605 ‹‹
2270 5555 2528 5610 Macario
2555 5571 2766 5611 verum
2787 5555 3084 5612 donatum
3108 5555 3218 5611 fuit
3243 5572 3279 5613 a
3309 5557 3541 5614 Deo...»

1877 5660 2003 5704 non
2021 5644 2095 5701 de
2121 5645 2374 5704 Macario
2402 5644 2764 5702 Cellularum
2793 5644 3174 5721 presbytero,
3200 5645 3308 5704 sed
3330 5646 3405 5704 de
3430 5650 3545 5706 Ma-
