4088 6192
526 211 624 265 167
1368 203 1469 260 SS.
1512 199 2000 258 MACARIORUM
2041 196 2375 257 AEGYPTII
2418 198 2505 254 ET
2551 198 3061 259 ALEXANDHINI.

3823 207 3932 289 463

491 353 744 412 suprae
778 335 1049 394 Palladio
1107 333 1503 408 percepimus
1550 334 1656 411 (1).
1716 330 1894 404 Apud
1937 324 2468 387 Theo-Abiliter
2545 329 2926 401 praedicavit
2991 330 3218 404 iisque,
3287 335 3394 406 qui
3472 334 3536 393 in
3597 337 3930 395 tormentis

494 438 782 496 doretum
839 438 1085 508 praeter
1143 448 1235 499 ea,
1293 447 1452 505 quae
1504 431 1859 489 audivimus
1906 425 2017 505 (2),
2069 428 2144 486 de

491 534 771 592 Macariis
824 533 1048 589 nostris
1097 531 1250 588 nihil
1282 529 1514 601 reperi.
1557 529 1769 600 Neque
1799 526 2144 599 quidquam

489 633 652 704 apud
684 631 970 690 Orosium
1003 630 1080 687 de
1111 629 1330 687 iisdem
1365 627 1607 698 uspiam
1642 625 1906 699 legitur;
1958 629 2144 696 atque

488 744 580 800 ea,
655 743 814 801 quae
864 729 926 785 in
980 727 1329 786 Cassiodori
1390 725 1647 784 historia
1699 723 2012 798 tripartita
2068 721 2144 779 de

490 827 772 884 Macariis
852 826 1149 897 Aegyptio
1224 831 1283 882 et
1342 823 1758 882 Alexandrino
1808 824 2077 892 exstant,
2111 835 2144 877 e

488 925 738 983 Socrate
777 930 836 981 et
892 924 1282 982 Theodoreto
1360 923 1687 993 desumpta
1753 927 1894 979 sunt
1933 918 2048 995 (3).
2084 918 2145 977 Si

490 1023 724 1080 militer
753 1021 974 1080 Suidas
1005 1021 1090 1090 id,
1124 1021 1291 1094 quod
1323 1036 1374 1091 ε,
1396 1015 1760 1076 v.Macarius
1781 1018 2001 1077 scribit
2032 1013 2146 1096 (lt),

492 1138 526 1180 e
557 1122 829 1191 Socrate,
882 1131 949 1177 ac
1019 1119 1406 1192 Nicephorus
1436 1118 1724 1176 Callistus
1767 1131 1929 1190 quae
1961 1117 2148 1174 habet

492 1220 595 1295 (5),
631 1236 664 1277 e
689 1220 1033 1278 Sozomeno
1054 1223 1112 1275 et
1143 1233 1177 1274 e
1207 1217 1458 1276 Socrate
1483 1216 1933 1290 compilarunt.

573 1409 890 1467 Fabricius
967 1409 1032 1465 in
1111 1407 1494 1465 Bibliotheca
1597 1406 1829 1464 Graeca
1910 1403 2142 1477 passim

492 1510 782 1566 Ioannem
845 1507 1156 1579 quendam
1245 1504 1650 1576 Hagioelitam
1699 1503 1794 1561 vel
1843 1502 2142 1575 Hagiopo-

487 1607 674 1663 atiam
731 1605 778 1662 i.
832 1620 884 1661 e.
924 1603 1557 1675 Hierosolymitanum
1596 1601 1891 1670 nominat,
1953 1615 2140 1673 quem

489 1705 557 1761 lit
643 1704 840 1760 Leone
915 1702 1135 1759 Allatio
1219 1707 1369 1758 teste
1463 1695 1800 1756 Encomium
1886 1695 2141 1758 Macarii

487 1798 758 1876 Aegyptii
793 1801 854 1856 in
888 1799 1288 1857 bibliothecis
1339 1799 1521 1858 codd.
1584 1813 1730 1856 mss.
1774 1798 2142 1856 delitescens

487 1900 840 1957 elaborasse
901 1895 1006 1968 (6).
1075 1898 1264 1955 Cuius
1320 1896 1604 1969 opusculi
1689 1897 1804 1955 Leo
1882 1897 2141 1954 Allatius

486 1999 627 2055 data
690 1997 1014 2054 occasione
1066 1997 1192 2054 duo
1246 2011 1398 2068 parv
1427 1996 1725 2068 aprotulit
1779 1996 2139 2067 fragmenta,

484 2111 680 2153 unum
712 2096 774 2152 in
822 2095 986 2153 libro
1034 2110 1147 2152 suo
1186 2096 1264 2152 de
1320 2095 1702 2168 purgatorio,
1759 2095 2029 2152 alterum
2079 2094 2141 2151 in

485 2194 916 2251 dissertatione
949 2188 1018 2257 il,
1063 2207 1251 2264 quam
1331 2193 1408 2252 de
1461 2192 1639 2251 libris
1707 2192 2142 2251 ecclesiasticis

482 2292 857 2349 Graecorum
891 2292 1062 2365 179
1085 2290 1354 2362 scripsit.
1407 2291 1580 2349 Prius
1605 2291 1795 2364 igitur
1833 2291 2142 2362 fragmen-

481 2395 614 2447 tum
647 2390 832 2446 latine
887 2389 1204 2445 redditum
1255 2389 1371 2446 hoc
1411 2394 1546 2446 est:
1595 2407 1624 2441 «
1680 2386 1974 2460 Oportuit
2025 2405 2135 2446 auo

485 2494 610 2544 tem
641 2493 699 2544 et
748 2501 894 2543 eum
948 2491 1162 2558 utpote
1199 2486 1520 2544 hominem
1577 2500 1912 2544 commune
1967 2487 2141 2544 debi-

481 2589 614 2642 tum
686 2585 1009 2640 exsolvere
1053 2590 1112 2641 et
1185 2583 1247 2642 in
1316 2584 1598 2656 requiem
1632 2584 1806 2641 illam
1847 2585 2135 2644 transire.

486 2681 835 2739 Arcessitur
891 2681 1060 2738 enim
1131 2698 1166 2738 a
1242 2689 1483 2740 rectore
1543 2681 1828 2739 omnium
1891 2683 2010 2740 Deo
2062 2681 2139 2740 ad

485 2781 727 2837 beatam
758 2777 1055 2850 quietem,
1093 2779 1224 2851 ipse
1259 2795 1403 2837 vere
1447 2780 1684 2848 beatus,
1719 2785 1780 2837 et
1820 2781 2138 2838 Dominico

481 2879 706 2936 throno
763 2877 1008 2944 assistit,
1062 2878 1138 2935 ad
1197 2878 1558 2950 angelorum
1621 2884 1832 2936 coetus
1910 2892 2141 2950 prove-

481 2982 617 3034 ctus
657 2973 768 3047 (7).
814 2997 839 3025 »
879 2974 1157 3034 Alterum
1194 2989 1341 3034 vero
1389 2976 1465 3033 ad
1503 2975 1778 3034 fabulam
1808 2975 1885 3034 de
1937 2977 2139 3048 capite

491 3073 830 3133 sacerdotis
875 3075 1121 3146 gentilis
1151 3075 1416 3134 Macario
1469 3074 1769 3147 Aegyptio
1817 3075 1894 3132 de
1925 3075 2142 3147 poenis

494 3175 719 3234 inferni
789 3177 1129 3233 disserente
1172 3170 1254 3240 (8)
1307 3171 1560 3245 respicit
1604 3172 1824 3244 hisque
1867 3171 2144 3244 concipi-

490 3278 592 3331 tur
623 3274 832 3332 verbis
863 3294 874 3325 :
921 3292 946 3324 «
973 3268 1162 3328 Cuius
1193 3284 1409 3341 preces
1438 3275 1497 3326 et
1521 3270 1789 3327 calvaria
1816 3269 2142 3328 cuiusdam

491 3372 738 3443 gentilis
768 3369 1108 3428 sacerdotis
1162 3367 1224 3424 in
1275 3381 1491 3425 eremo
1559 3367 1835 3440 proiecta
1874 3367 2144 3426 admira-

498 3542 660 3597 cario
691 3542 938 3605 iuniore,
985 3541 1088 3612 qni
1127 3539 1480 3594 adolescens
1526 3539 1772 3595 caedem
1816 3540 2148 3596 involunta-

497 3632 647 3686 riam
685 3631 919 3690 fecerat,
954 3629 1211 3684 valeant.

569 3721 647 3791 (1)
674 3722 700 3792 §
732 3725 791 3776 l9
825 3736 881 3792 p.
916 3723 1003 3773 71..
1038 3728 1060 3788 ε
1090 3722 1155 3774 23
1189 3734 1244 3789 p.
1285 3718 1402 3772 lOl.

570 3810 646 3881 (ρ)
679 3809 705 3881 §
735 3814 799 3864 i2
834 3825 891 3881 p.
927 3809 1048 3863 174.

568 3901 649 3967 (3)
690 3901 832 3953 Hist.
869 3898 1093 3968 tripart.
1128 3897 1230 3952 lib.
1266 3896 1364 3950 VII
1395 3911 1527 3966 cap.
1555 3897 1602 3948 1.
1633 3901 1662 3949 ’7
1688 3895 1783 3950 ed.
1813 3897 1985 3952 Basil.
2015 3899 2150 3953 1544

498 4002 556 4059 p.
599 3987 721 4042 482.
756 3990 859 4042 492
893 3988 949 4057 (e
999 3987 1281 4056 Socrate),
1321 3985 1420 4039 lib.
1460 3987 1544 4038 Vll
1575 4001 1708 4055 cap.
1750 3988 1816 4040 39
1850 4002 1906 4055 p.
1949 3987 2052 4040 475
2094 3993 2148 4055 (e

497 4077 889 4140 Theodoreto,
914 4075 1004 4129 vel
1023 4078 1265 4145 potiusa
1284 4074 1745 4145 Ruﬁno,quippe
1767 4089 1947 4144 quem
1969 4075 2150 4130 Theo-

497 4166 742 4219 doretus
777 4164 1102 4233 sequatur).

570 4254 648 4322 (4)
679 4253 894 4306 Suidae
925 4251 1111 4304 Lexic.
1143 4251 1200 4304 l1.
1232 4266 1287 4304 v.

2254 431 2449 498 erant,
2495 427 2929 494 cessationem,
2970 443 3115 487 cum
3158 445 3272 503 pro
3319 431 3448 490 illis
3485 433 3924 506 funderentur,

2253 523 2725 596 suppeditantes
2757 528 3123 584 monstravit
3169 526 3276 605 (9).
3329 550 3354 583 ε
3391 530 3478 589 Ex
3507 531 3740 605 quibus
3782 546 3928 592 con-

2255 620 2496 690 ieceris,
2579 626 2937 683 encomium
2992 624 3148 684 illud
3215 627 3560 701 hucusque,
3618 635 3925 703 quantum

2253 718 2470 789 sciam,
2517 719 2823 778 ineditum
2881 718 3007 796 (10)
3058 739 3413 783 sermonem
3468 727 3922 801 panegyricum

2253 829 2407 886 esse,
2455 832 2581 890 quo
2627 816 2928 877 Macarius
2973 821 3313 893 Aegyptius
3355 823 3650 883 laudibus
3703 825 3932 884 effera-

2254 917 2374 970 tur.
2428 915 2544 972 Nec
2580 930 2700 974 non
2751 916 2914 975 idem
2953 919 3312 978 encomium
3361 922 3730 981 Assemanni
3779 925 3915 982 lau-

2256 1010 2459 1069 datin
2509 1013 2909 1081 Calendariis,
2965 1015 3280 1090 vitamque
3329 1020 3578 1078 Macarii
3632 1022 3923 1095 Aegyptii

2256 1123 2291 1165 a
2386 1109 2609 1168 loanne
2683 1109 3071 1184 Hagiopolita
3149 1130 3258 1173 seu
3346 1115 3920 1190 Hierosolymitano

2255 1208 2550 1280 scriptam
2581 1209 2854 1281 appellat
2892 1208 3042 1286 (11).
3079 1211 3358 1271 Eundem
3394 1229 3585 1287 porro
3619 1216 3922 1275 Joannem

2253 1303 2664 1376 Hagioelitam
2736 1321 2846 1364 seu
2929 1308 3381 1382 Hagiopolitam
3458 1312 3574 1372 Leo
3659 1315 3924 1373 Allatius

2251 1401 2403 1459 alibi
2459 1409 2594 1474 post
2647 1404 2937 1463 Ioannem
2998 1406 3442 1467 Damascenum
3501 1410 3585 1468 ita
3632 1426 3914 1470 comme-

2252 1505 2475 1567 morat,
2529 1505 2593 1558 ut
2649 1515 2772 1560 non
2825 1503 3023 1562 multo
3078 1506 3192 1563 hoc
3248 1507 3450 1565 serius
3504 1508 3730 1568 vixisse
3771 1525 3921 1568 eum

2253 1597 2592 1656 verisimile
2636 1599 2920 1659 videatur
2962 1598 3112 1678 (i2).
3145 1603 3378 1663 Rursus
3406 1602 3578 1674 180
3613 1608 3674 1665 in
3705 1607 3926 1666 Leonis

2181 1680 2220 1733 Β
2256 1695 2460 1754 Allatii
2518 1697 2683 1755 libro
2733 1697 3004 1766 Συμμικτά
3057 1701 3355 1774 inscripto
3408 1703 3736 1777 Epiphanii
3796 1707 3921 1764 Ha-

2251 1795 2586 1868 giopolitae
2680 1791 3004 1853 Enarratio
3102 1794 3327 1875 Syriae,
3435 1799 3594 1860 urbis
3693 1809 3925 1861 sanctae

2251 1898 2301 1949 et
2367 1909 2663 1950 sacrorum
2731 1891 2812 1950 ibi
2881 1892 3130 1953 locorum
3201 1899 3486 1970 habetur,
3578 1902 3685 1960 ubi
3756 1910 3924 1975 post-

2252 2007 2440 2065 quam
2489 1992 2550 2051 S.
2596 1993 2804 2050 Menae
2841 2000 2900 2052 et
2948 1995 3006 2052 8.
3057 1996 3438 2064 Theodorae,
3492 2019 3521 2050 (ι
3565 2014 3726 2072 quae
3773 2016 3923 2059 mu-

2253 2095 2378 2148 tato
2410 2090 2661 2148 nomine
2706 2091 2870 2149 dicta
2912 2097 3004 2150 est
3033 2093 3396 2153 Theodorus
3425 2102 3485 2154 et
3527 2105 3834 2166 accusata,
3894 2122 3916 2151 ε

2253 2188 2590 2261 sepulchra
2655 2195 2998 2248 memorata
3063 2197 3225 2259 sunt,
3287 2193 3364 2250 de
3431 2196 3698 2254 Macario
3768 2197 3928 2256 haec

2253 2286 2539 2359 leguntur
2603 2309 2614 2347 :
2689 2308 2708 2340 ι
2769 2287 2925 2347 Hinc
2979 2289 3054 2346 ad
3116 2291 3446 2349 meridiem
3508 2295 3925 2353 Alexandriae

2249 2400 2357 2443 sex
2427 2385 2675 2442 dierum
2736 2385 2936 2457 spatio
3012 2393 3290 2446 remotus
3355 2395 3445 2447 est
3490 2389 3549 2448 S.
3617 2392 3926 2451 Macarius

2251 2497 2530 2554 magnus,
2605 2483 2711 2555 qui
2775 2484 3066 2554 paradiso
3119 2485 3667 2560 adpropinquavit.
3730 2489 3925 2549 Cuius

2251 2579 2703 2638 monasterium
2760 2582 3015 2640 abbates
3077 2583 3249 2641 mille
3301 2586 3575 2644 continet
3625 2593 3684 2645 et
3742 2587 3926 2646 mille

2251 2678 2508 2736 cellulas
2563 2697 2578 2746 ;
2641 2683 2734 2736 est
2790 2687 2998 2737 autem
3055 2682 3366 2740 munitum
3419 2684 3611 2742 instar
3655 2685 3920 2744 castelli.

2254 2776 2452 2848 Atque
2503 2791 2538 2833 a
2581 2775 2640 2834 8.
2716 2777 2981 2836 Macario
3034 2778 3265 2838 distant
3329 2780 3576 2840 dierum
3649 2791 3927 2856 quatuor

2253 2874 2476 2932 itinere
2550 2874 2920 2946 repositoria
2984 2876 3211 2934 XXXVI
3265 2876 3531 2951 Iosephi,
3586 2895 3661 2939 ex
3714 2882 3927 2955 iisque

2254 2971 2408 3030 locis
2456 2972 2936 3043 praetervehere
3010 2979 3184 3046 potes
3229 2975 3452 3035 Phison
3510 2977 3771 3037 ﬂuvium
3844 2983 3926 3040 ad

2256 3077 2531 3142 pontem,
2627 3068 2734 3143 qui
2819 3071 3159 3130 sustinetur
3239 3075 3549 3147 octoginta
3633 3077 3920 3151 navigiis,

2255 3173 2439 3241 atque
2518 3167 2662 3225 inde
2745 3168 3124 3240 Babylonem
3203 3185 3491 3245 magnam
3575 3172 3929 3235 Pharaonis

2256 3266 2490 3339 regiam
2521 3265 2865 3338 ingrederis
2897 3264 3046 3343 (13).
3087 3289 3109 3322 ι
3166 3268 3278 3327 Vix
3309 3271 3575 3330 dubium
3617 3279 3731 3341 est,
3767 3275 3926 3347 quin

2257 3365 2335 3422 de
2418 3363 2797 3422 monasterio
2881 3365 3130 3424 Macarii
3231 3369 3514 3442 Aegyptii
3598 3371 3922 3444 loquatur.

2331 3537 2411 3608 (9)
2462 3536 2538 3588 Οὔ
2595 3540 2682 3596 τὰς
2738 3540 3042 3609 προσευχὰς
3096 3545 3183 3592 καὶ
3229 3547 3438 3615 κρανίον
3491 3541 3740 3606 Ἕλληνος
3778 3566 3925 3610 τινος

2263 3629 2430 3698 ἱερέως
2514 3625 2564 3677 ἐν
2647 3624 2821 3697 ἐρήμῳ
2896 3631 3123 3698 κείμενον
3197 3627 3510 3703 παραδόξως
3586 3632 3922 3707 ἀνεκήρυξεν,

2260 3715 2350 3768 κὰἱ
2401 3722 2509 3774 τοῖς
2561 3716 2609 3765 ἓν
2667 3721 2777 3774 τοῖς
2826 3713 3082 3785 βασάνοις
3112 3719 3284 3770 οἰνεσιν
3336 3724 3694 3793 χαριζομένας
3724 3721 3925 3777 ἐνέδει-

2262 3806 2360 3870 ξεν,
2402 3806 2522 3856 ὅταν
2583 3804 2709 3876 ὑπερ
2759 3803 2926 3854 αὐτῶν
2984 3809 3236 3874 γένοιντο.
3303 3810 3513 3864 Leonis
3576 3812 3772 3867 Allatii
3843 3815 3920 3868 de

2257 3895 2422 3952 libris
2440 3893 2769 3949 ecclesiast.
2795 3893 3155 3950 Graecorum
3193 3895 3434 3954 dissert.
3462 3899 3526 3952 ll.
3555 3899 3746 3955 Paris.
3779 3906 3920 3957 1645

2260 4002 2323 4056 p.
2369 3988 2486 4039 l23.

2329 4073 2440 4143 (10)
2466 4072 2766 4126 Fabricius
2789 4086 2978 4125 unum
3008 4075 3241 4128 tantum
3271 4075 3540 4132 codicem
3565 4077 3919 4136 laudatNa-

2257 4163 2507 4217 m’anum
2537 4159 2782 4217 CXXXVI
2843 4162 2938 4214 Nr.
2967 4163 3051 4229 24,
3077 4177 3200 4232 qua
3235 4165 3578 4220 encomium
3622 4168 3783 4223 istud
3827 4169 3918 4224 le-

2256 4250 2434 4320 gitur,
2496 4251 2822 4320 loannique
2887 4248 3259 4318 Hagioelitae
3317 4253 3696 4311 adscribitur.
3762 4258 3911 4314 Bibl.

570 4345 646 4409 (5)
685 4341 922 4410 Niceph.
970 4339 1182 4394 Callisti
1238 4338 1387 4393 Eccl.
1432 4339 1573 4392 Hist.
1620 4336 1730 4392 lib.
1776 4338 1842 4391 IX
1889 4354 2020 4410 cap.
2079 4343 2146 4396 14
2177 4385 2221 4410 η
2256 4341 2475 4395 Graeca
2504 4339 2597 4394 ed.
2625 4337 2961 4394 Harless.T.
2996 4337 3034 4391 X
3062 4353 3121 4409 p.
3153 4341 3277 4396 271.

496 4428 590 4483 ed.
641 4428 810 4483 Basil.
869 4428 1006 4482 1555
1040 4444 1094 4498 p.
1148 4427 1269 4491 406,
1306 4428 1408 4481 lib.
1454 4426 1514 4480 Xl
1547 4442 1680 4495 cap.
1722 4426 1790 4481 35
1833 4442 1890 4497 ρ.
1947 4433 2047 4482 572
2090 4428 2143 4499 (e

498 4519 847 4587 Sozomeno)
884 4535 896 4583 ;
927 4518 1031 4574 lib.
1073 4517 1138 4572 XI
1171 4531 1282 4586 cap
1339 4517 1485 4586 112p.
1522 4519 1622 4570 579
1664 4515 1716 4583 (e
1748 4515 2034 4588 Socrate).

567 4609 643 4679 (6)
686 4607 933 4662 Fabricii
967 4605 1106 4660 Bibl.
1151 4605 1353 4660 Graec.
1387 4605 1480 4659 ed.
1523 4603 1773 4660 Harless.
1813 4605 2142 4676 Hamburg.

492 4699 652 4753 1801.
685 4701 743 4752 τ.
777 4700 815 4752 x
842 4713 900 4769 p.
941 4697 1208 4752 106.271.
1241 4697 1300 4750 T.
1339 4695 1401 4748 Xl
1432 4695 1643 4764 p.657.

565 4789 642 4854 (7)
699 4783 848 4838 Ἔδει
911 4782 969 4836 δὲ
1035 4791 1123 4836 καὶ
1167 4792 1344 4836 τοῦτον
1398 4786 1466 4843 ὡς
1522 4785 1791 4856 ἄνθρωπον
1851 4787 1909 4836 τὸ
1975 4789 2143 4837 κοινόν

494 4875 742 4927 ἀποτίσαι
803 4878 979 4947 χρέος,
1057 4879 1148 4924 καὶ
1224 4877 1354 4945 πρὸς
1427 4877 1520 4930 τὴν
1596 4872 1781 4926 ἐκεῖθεν
1857 4874 2146 4944 μεταϐῆναι

491 4964 784 5015 ἀνάπαυσιν
833 4978 846 4992 '
881 4963 1245 5033 μετακαλεῖται
1311 4964 1453 5033 παρὰ
1520 4970 1611 5013 τοῦ
1673 4971 1771 5014 τῶν
1829 4962 1954 5014 ὅλων
2011 4972 2143 5017 Θεοῦ

490 5057 613 5124 πρὸς
672 5058 760 5109 τὴν
813 5057 1074 5124 μακαρίαν
1127 5050 1294 5115 λῆξιν,
1350 5052 1374 5102 ὁ
1442 5054 1593 5111 ὅντως
1635 5053 1890 5122 μακάριος
1932 5057 2021 5104 καὶ
2072 5061 2144 5123 τῷ

490 5137 785 5211 δεσποτικῲ
871 5143 1030 5214 θρόνῳ
1128 5140 1531 5211 μετακομίζει-αι
1606 5145 1839 5214 χορείαις
1915 5139 2142 5212 ἀγγέλων

485 5236 993 5303 προπομπενόμενος.
1055 5231 1264 5284 Leonis
1319 5230 1508 5285 Allatii
1561 5231 1634 5284 de
1693 5231 1996 5300 utriusque
2039 5233 2144 5286 Ec-

487 5319 702 5372 clesiae
752 5319 1134 5372 occidentalis
1175 5327 1352 5389 atque
1399 5319 1701 5373 orientalis
1743 5326 2030 5390 perpetua
2081 5320 2139 5374 in

486 5409 768 5475 dogmate
797 5409 870 5462 de
906 5408 1251 5479 purgatorio
1295 5407 1708 5478 consensione,
1750 5411 1970 5465 Romae
2004 5411 2138 5466 1655

486 5514 546 5567 p.
577 5497 680 5550 734
720 5513 809 5566 sq.

558 5587 633 5661 (8)
663 5589 852 5659 Supra
882 5585 909 5658 ἓ
937 5590 1002 5642 32
1030 5603 1082 5657 ρ.
1115 5586 1236 5646 141.

2325 4429 2439 4499 (11)
2471 4427 2822 4483 Assemanni
2850 4425 3197 4485 Calendaria
3254 4431 3546 4488 Ecclesiae
3594 4433 3919 4491 universae

2251 4520 2316 4574 T.
2355 4517 2428 4570 Vl
2461 4519 2680 4572 Romae
2715 4515 2848 4570 1755
2877 4530 2934 4585 p.
2969 4515 3058 4571 98.

2324 4605 2436 4677 (l2)
2499 4605 2676 4670 Libri,
2721 4605 2824 4676 qui
2882 4603 3225 4664 inscribitur
3274 4623 3287 4662 :
3329 4607 3589 4666 Joannes
3629 4611 3920 4668 Henricus

2255 4695 2628 4765 Hottingerus
2652 4695 2879 4751 fraudis
2906 4705 2962 4754 et
2990 4700 3360 4769 imposturae
3385 4698 3742 4756 manifestae
3773 4717 3923 4758 con-

2255 4783 2439 4838 victus
2471 4800 2507 4838 θ.
2527 4785 2720 4840 Leone
2749 4785 2979 4853 Allatio,
3018 4790 3239 4843 Romae
3270 4788 3400 4841 1661
3438 4803 3495 4857 p.
3522 4789 3647 4856 156,

2270 4913 2280 4920 .
2325 4874 2438 4943 (13)
2494 4877 2592 4926 Καὶ
2647 4877 2774 4948 πρὸς
2827 4881 2971 4927 νότον
3015 4884 3110 4936 τῆς
3147 4871 3540 4949 Ἀλεξανδρείας
3597 4879 3804 4952 ἡμερῶν
3866 4881 3922 4944 ἓξ

2253 4970 2421 5014 κεῖται
2450 4963 2476 5013 ὁ
2546 4962 2692 5034 ἅγιος
2741 4967 3013 5036 Μακάριος
3088 4966 3113 5016 ὁ
3157 4968 3338 5036 μέγας,
3391 4966 3416 5016 ὁ
3478 4965 3777 5027 πλησιάσας
3829 4972 3918 5020 τὸν

2253 5047 2603 5120 παράδεισον,
2663 5051 2818 5123 Ἔχει
2872 5049 2931 5105 δέ
2984 5056 3013 5112 ὴ
3073 5054 3232 5105 αὐτοῦ
3271 5058 3400 5123 μονὴ
3448 5051 3652 5116 ἁϐάδας
3707 5056 3920 5127 χιλίους

2253 5147 2340 5193 καὶ
2372 5141 2526 5212 χίλια
2569 5141 2766 5198 κελλία.
2831 5142 2975 5195 Ἐστι
3025 5139 3084 5195 δε
3138 5139 3494 5216 ἱδιόκαστρον,
3551 5149 3641 5197 καὶ
3686 5143 3790 5198 ἀπὸ
3824 5156 3917 5200 τοῦ

2253 5230 2405 5300 ἁγίου
2467 5237 2763 5304 Μακαρίου,
2807 5234 2876 5292 ὡς
2927 5231 3027 5284 ἀπὸ
3087 5238 3289 5306 ἡμερῶν
3342 5235 3633 5308 τεσσάρων,
3697 5235 3829 5288 εἰσὶν
3862 5238 3917 5288 αἰ

2253 5318 2514 5378 ἀποθῆκαι
2561 5329 2650 5372 τοῦ
2703 5321 2898 5393 Ἰωσὴφ
2953 5324 3007 5373 αἱ
3067 5323 3347 5396 τριάκοντα
3411 5321 3466 5384 ἔξ
3503 5339 3511 5347 ⁴
3553 5329 3642 5374 καὶ
3698 5323 3756 5375 ἐκ
3813 5328 3916 5376 τὼν

2251 5409 2414 5461 ἐκεῖσε
2483 5403 2665 5483 περνᾷς
2723 5413 2808 5461 τὸν
2880 5414 3111 5481 ποταμὸν
3183 5414 3268 5462 τὸν
3333 5416 3503 5464 Φισὼν
3559 5412 3631 5472 εἰς
3683 5417 3916 5486 γέφυραν

2252 5497 2651 5571 βασταξομίνην
2700 5500 2798 5551 ὑπό
2862 5495 3188 5571 ὀγδοήκοντα
3245 5499 3486 5575 καράϐων
3523 5516 3536 5530 ⁸
3569 5506 3660 5554 καὶ
3719 5505 3914 5556 ἐκεῖθεν

2250 5587 2548 5664 εἰσέρχεται
2608 5593 2700 5648 τὴν
2755 5589 2985 5662 μεγάλην
3047 5588 3342 5655 Βαϐυλῶνα,
3397 5589 3465 5652 εἰς
3523 5593 3582 5642 τὸ
3630 5589 3910 5674 βασίλειον
