4088 6192
210 314 310 369 169
1765 313 1819 369 VI

1940 312 1997 367 E.
3513 316 3613 370 170

164 441 500 501 Theodora
586 454 737 499 vero
817 454 925 498 seu
1021 439 1654 501 Pseudo-Theodorus
1735 440 1845 500 ille
1879 436 1925 491 A
1960 441 2319 500 monasterii
2367 442 2846 515 frequentantur
2901 463 2914 511 ;
2970 444 3187 518 ibique
3240 444 3428 503 etiam
3478 445 3607 518 epi-

166 540 333 599 haud
414 539 610 599 dubie
688 544 781 597 est
860 538 1205 597 Dorotheus
1289 540 1386 597 vel
1464 540 1846 614 Apollinaris
1956 539 2133 606 stola,
2160 538 2239 596 ab
2271 536 2440 598 'Amr
2474 541 3181 601 Ben-el-‘Asimonachis
3215 542 3607 601 WadiHabib

158 637 522 710 Syncletica
562 636 759 709 virgo,
806 636 988 695 cuius
1029 651 1175 696 cum
1219 636 1488 698 Macario
1534 635 1846 712 Aegypti0
1953 637 2032 695 de
2096 638 2462 697 collectione
2556 636 2993 717 [decimarum]
3091 641 3153 699 in
3246 641 3608 714 regionibus

162 748 581 808 congressum
610 732 1019 806 exposuimus
1050 729 1158 810 (1).

237 929 332 988 Ad
399 928 767 987 Macrizium
823 928 1132 996 venimus,
1196 928 1328 987 Sec.
1389 928 1489 988 XV
1541 928 1840 989 historiae

154 1031 509 1103 Coptorum
569 1027 969 1100 scriptorem,
1041 1041 1077 1085 e
1132 1032 1313 1100 gente
1381 1028 1657 1086 Arabum
1722 1025 1835 1105 (2).

148 1126 263 1199 Qui
312 1125 435 1184 etsi
487 1124 811 1197 praeclare
856 1125 1134 1198 scripsit,
1182 1126 1259 1185 de
1307 1125 1591 1184 Macariis
1633 1133 1840 1185 tamen

152 1228 423 1297 propter
454 1222 770 1281 inscitiam
815 1222 1011 1281 multa
1051 1223 1203 1281 falsa
1248 1223 1669 1283 commiscuit.
1716 1224 1838 1283 Sed

147 1336 352 1398 quum
392 1321 557 1380 liber
597 1320 736 1379 eius
773 1320 981 1380 rarius
1031 1321 1404 1395 inveniatur,
1444 1322 1620 1382 locus
1676 1323 1838 1382 inte-

144 1435 253 1494 ger
307 1420 506 1479 nobis
562 1419 1032 1492 depromendus
1079 1434 1213 1479 esse
1263 1420 1536 1491 videtur,
1584 1420 1692 1494 qui
1752 1420 1838 1478 la-

148 1520 283 1578 tino
324 1531 624 1577 sermone
672 1517 774 1575 hic
829 1522 925 1576 est
979 1532 993 1574 :
1059 1538 1089 1570 α
1146 1519 1235 1576 Ad
1294 1518 1469 1577 Wédi
1524 1517 1748 1588 Habib,
1803 1540 1826 1572 ι

146 1618 385 1691 inquit,
428 1639 457 1668 α
510 1615 675 1689 quod
740 1614 982 1686 attinet,
1010 1615 1073 1674 id
1117 1617 1287 1689 quod
1334 1621 1396 1675 et
1457 1617 1827 1676 WAdi-l-Na-

139 1715 287 1775 tritu
332 1714 436 1772 vel
486 1713 779 1787 planities
816 1712 1069 1772 Schihat
1114 1715 1209 1773 vel
1263 1714 1553 1788 planities
1613 1715 1828 1789 Asquit

1952 733 2163 793 lateris
2238 736 2638 795 occidentalis
2696 737 2926 811 scripta
2982 738 3364 806 reconditur,
3434 739 3606 811 quod

1950 831 2106 890 mihi
2129 831 2385 904 quidam
2419 833 2715 903 narravit.
2760 835 2866 907 qui
2898 836 2977 893 ab
3020 836 3165 902 alio,
3196 835 3376 894 cuius
3403 836 3605 894 oculis

1951 929 2061 987 illa
2088 930 2329 989 obiecta
2360 932 2581 997 fuerat,
2626 937 2969 1005 acceperat.
3022 931 3158 990 Abu
3210 932 3411 991 Macar
3455 938 3601 992 natu

1948 1026 2152 1086 maior
2221 1029 2261 1086 i.
2327 1044 2381 1087 e.
2430 1029 2742 1088 Macarius
2796 1031 2986 1088 vitam
3046 1030 3475 1089 monachicam
3519 1032 3599 1090 ab

1952 1123 2216 1183 Antonio
2237 1124 2477 1193 didicit,
2517 1127 2626 1199 qui
2656 1127 2900 1204 primus
2928 1141 3150 1186 eorum
3195 1128 3514 1186 cucullum
3539 1134 3601 1187 et

1948 1222 2226 1280 aschkim
2281 1223 2342 1280 h.
2398 1239 2453 1281 e.
2512 1224 2830 1297 cingulum
2867 1225 3103 1283 ecorio
3158 1224 3532 1291 confectum,
3565 1239 3598 1281 e

1945 1333 2071 1392 quo
2099 1320 2334 1393 efﬁgies
2375 1321 2601 1379 Christi
2650 1322 2822 1381 cruci
2884 1322 3049 1380 afﬁxi
3097 1323 3344 1395 pendet,
3407 1326 3599 1396 gesta—
3642 1396 3649 1403 ο

1947 1417 2069 1486 bat,
2124 1418 2279 1477 illud
2354 1419 2634 1493 quidem,
2686 1434 2811 1493 quo
2872 1421 3162 1479 monachi
3234 1420 3398 1495 cingi
3490 1435 3601 1479 so-

1943 1514 2088 1573 lent.
2136 1516 2474 1575 Antonium
2526 1518 2782 1591 quidem
2859 1519 2923 1576 in
3012 1523 3222 1578 monte
3282 1514 3594 1592 orientali,

1938 1613 2047 1672 ubi
2077 1615 2452 1673 coenobium
2500 1612 2789 1674 el’Araba
2835 1622 2948 1685 est,
2984 1616 3238 1687 invenit,
3272 1632 3596 1690 quumque

1938 1710 2324 1785 aliquantum
2369 1712 2674 1785 temporis
2730 1713 2860 1771 illic
2919 1715 3340 1785 remansisset,
3393 1715 3472 1772 ab
3521 1730 3595 1773 eo

137 1814 234 1873 vel
298 1810 821 1872 Mizan-el-Colub
892 1808 1080 1889 [libra
1152 1811 1463 1889 cordium]
1538 1819 1821 1884 vocatur,
1857 1790 2103 1868 Bveste
2160 1810 2612 1869 monachorum
2664 1811 2939 1883 indutus,
2988 1812 3048 1869 in
3103 1811 3595 1871 Wadi-l-Natrun

139 1912 297 1970 olim
372 1916 625 1969 centum
678 1909 766 1967 ibi
825 1910 1201 1969 monasteria
1247 1917 1454 1970 erecta
1503 1918 1701 1983 erant,
1748 1927 1825 1971 ex

139 2009 383 2083 quibus
438 2013 651 2081 postea
702 2013 944 2080 septem
1017 2007 1411 2067 Occidentem
1479 2023 1693 2068 versus
1745 2011 1823 2069 ad

139 2107 304 2165 latus
377 2104 659 2179 planitiei
742 2105 1103 2178 regionibus
1174 2105 1531 2166 el-Buheira
1605 2112 1665 2166 et
1736 2110 1821 2168 el-

139 2202 390 2278 Fejjum
448 2202 877 2262 interiacentis
945 2202 1083 2268 sita,
1146 2203 1255 2261 ubi
1313 2205 1519 2277 campi
1572 2212 1818 2271 arenosi

140 2303 353 2362 solum
420 2300 552 2360 sale
603 2302 885 2374 plenum,
947 2300 1080 2374 agri
1142 2316 1342 2375 aquae
1411 2303 1589 2375 egeni
1644 2318 1821 2376 prae-

136 2406 327 2474 rupta
402 2414 550 2458 saxa
630 2398 971 2470 excipiunt,
1041 2405 1498 2459 remanserunt.
1575 2401 1821 2460 Incolae

137 2512 372 2571 aquam
442 2497 521 2554 ad
594 2495 941 2554 bibendum
1012 2511 1046 2554 e
1132 2496 1340 2569 puteis
1417 2498 1815 2567 hauriebant,

138 2609 407 2654 munera
468 2594 546 2651 iis
610 2594 1167 2667 eleemosynasque
1214 2594 1560 2654 offerebant
1611 2596 1820 2655 Chris-

137 2691 315 2751 tiani.
398 2691 570 2750 Nunc
653 2690 910 2764 quidem
995 2692 1277 2751 funditus
1360 2693 1568 2751 diruta
1646 2691 1812 2763 181

138 2796 301 2849 sunt.
354 2789 559 2862 Atque
606 2788 941 2847 Christiani
994 2803 1208 2848 rerum
1251 2795 1565 2863 gestarum
1622 2794 1820 2866 scrip-

142 2893 317 2947 tores
382 2886 800 2951 tradiderunt,
873 2900 949 2945 ex
1020 2886 1147 2944 illis
1218 2888 1612 2948 monasteriis
1672 2890 1821 2948 Amr

142 2985 263 3043 Ben
382 2982 600 3042 el-‘Asi
702 2982 1090 3057 septuaginta
1188 2984 1386 3043 millia
1479 2988 1821 3047 monacho-

144 3096 287 3141 rum
314 3080 574 3140 obviam
600 3080 863 3149 venisse,
892 3095 1165 3155 quorum
1209 3083 1477 3158 quisque
1524 3083 1816 3144 baculum

136 3180 443 3253 gestabat.
505 3178 744 3249 Quibus
787 3178 916 3247 ille,
971 3194 1169 3252 quum
1226 3180 1347 3254 ipsi
1398 3196 1463 3240 se
1522 3183 1817 3243 subiecis-

138 3283 301 3355 sent,
367 3276 699 3351 epistolam
757 3277 930 3336 dedit
988 3278 1301 3352 hodieque
1343 3280 1510 3352 apud
1560 3295 1670 3340 eos
1718 3296 1819 3341 re-

142 3381 413 3451 pertam.
489 3376 579 3432 Ad
628 3374 746 3432 ista
807 3374 996 3448 igitur
1066 3378 1441 3436 monasteria
1515 3385 1821 3439 monaste-

140 3475 315 3533 rium
367 3472 455 3531 Bu
492 3471 696 3531 Macer
742 3478 889 3532 natu
936 3473 1215 3535 maioris.
1266 3489 1414 3549 prae
1463 3476 1691 3535 ceteris
1722 3493 1819 3536 ce-

142 3571 488 3642 lebratum,
545 3570 840 3643 pertinet,
895 3570 958 3630 in
1010 3570 1192 3631 cuius
1233 3578 1571 3646 conspectu
1624 3576 1819 3634 multa

145 3669 534 3729 monasteria
575 3668 788 3727 diruta
817 3667 1120 3730 adiacent.
1159 3670 1223 3728 Id
1253 3671 1408 3729 olim
1438 3673 1817 3732 coenobium

143 3767 605 3826 monachorum
666 3766 803 3833 fuit,
859 3782 975 3825 nec
1030 3756 1411 3839 patriarcha,
1455 3769 1697 3829 etiamsi
1752 3771 1817 3830 in

141 3864 447 3925 cathedra
490 3864 897 3922 Alexandriae
949 3865 1207 3938 positus,
1256 3868 1335 3924 ab
1392 3867 1472 3927 iis
1522 3883 1816 3941 agnosce-

145 3964 359 4029 batur,
456 3966 791 4035 antequam
888 3962 967 4029 ei,
1065 3967 1132 4021 ut
1218 3964 1448 4023 solium
1530 3965 1815 4043 ipsorum

144 4059 441 4119 coenobii
515 4062 875 4136 occuparet,
940 4060 1393 4133 permisissent.
1482 4062 1566 4121 Ac
1643 4063 1815 4121 mille

143 4156 472 4232 quingenti
563 4156 851 4215 monachi
941 4158 1260 4230 quondam
1336 4159 1423 4217 ibi
1500 4160 1814 4220 habitasse

146 4256 485 4315 dicuntur:
564 4269 731 4313 nunc
809 4256 1107 4327 perpauci
1181 4262 1425 4316 tantum
1512 4259 1807 4318 incolunt.

152 4352 406 4412 Macarii
466 4356 591 4410 tres
636 4352 1123 4426 distinguuntur,
1180 4359 1325 4413 natu
1366 4356 1590 4427 maior,
1635 4356 1815 4416 cuius

150 4450 311 4511 illud
333 4449 452 4508 fuit
493 4449 892 4513 coenobium.
933 4450 1067 4509 Abu
1113 4451 1312 4510 Macar
1333 4452 1812 4529 Alexandrinus,

154 4556 212 4608 et
259 4547 397 4607 Abu
446 4546 647 4605 Macar
686 4547 1041 4620 episcopus.
1096 4549 1374 4617 Quorum
1418 4566 1557 4610 ossa
1612 4552 1816 4612 tribus

154 4645 419 4720 singulis
463 4644 687 4703 loculis
744 4644 962 4717 ligneis
1000 4647 1321 4705 recondita
1368 4663 1404 4705 a
1452 4648 1819 4710 Christianis

160 4881 251 4937 τοῦ
283 4886 498 4957 Φαραώ.
525 4882 738 4939 Leonis
792 4882 986 4939 Allatii
1041 4888 1314 4957 Συμμικτά
1343 4887 1468 4943 sive
1502 4890 1826 4962 opusculo-

163 4991 297 5030 rum
314 4988 674 5045 graecorum
690 4971 1083 5029 etlatinorum
1112 4976 1499 5032 vetustiorum
1531 4995 1601 5036 ac
1626 4996 1823 5037 recen-

162 5064 385 5120 tiorum
413 5060 550 5117 libri
579 5061 724 5129 duo,
780 5059 1062 5119 Coloniae
1094 5064 1456 5137 Agrippinae
1506 5070 1637 5125 1653
1670 5069 1771 5127 lib.
1801 5074 1822 5127 I

164 5169 224 5225 p.
256 5153 354 5209 55.

231 5242 314 5311 (1)
343 5242 542 5312 Supra
578 5238 689 5300 Ml
726 5254 786 5310 p.
816 5243 912 5295 167
943 5254 1075 5314 sqq.

228 5330 306 5399 (2)
330 5327 742 5388 ObiitMacrizi
765 5342 926 5383 anno
942 5330 1449 5399 Heg.845,Christi
1482 5335 1635 5403 1441,
1668 5340 1813 5394 teste

165 5419 239 5474 de
271 5418 606 5474 Schnurrer
635 5415 787 5471 Bibl.
820 5416 1074 5473 Arabica
1100 5418 1281 5475 Halae
1318 5423 1440 5476 1811
1483 5439 1542 5494 p.
1596 5426 1717 5481 156.

241 5508 319 5581 (3)
353 5511 462 5563 Pro
490 5504 751 5562 oleribus
783 5506 988 5562 codice
1013 5507 1236 5563 arabici
1287 5511 1693 5570 calceamenta
1726 5516 1829 5571 tri-

174 5604 237 5653 ta
262 5599 358 5653 vel
409 5595 745 5653 anteriores
789 5600 998 5664 partes
1043 5612 1292 5663 ocreae;
1319 5601 1544 5656 restitui
1570 5604 1827 5661 oleribus

176 5703 247 5744 ex
282 5688 422 5744 Hist.
478 5684 778 5742 Lausiaca
829 5684 1095 5751 Palladii,
1130 5702 1317 5759 quam
1357 5691 1524 5762 sequi
1557 5691 1672 5748 hoc
1696 5693 1828 5751 loco

1936 1908 2215 1966 habitare
2266 1908 2471 1967 iussus
2513 1912 2623 1976 est,
2659 1923 2786 1981 quo
2848 1924 3106 1982 magnus
3139 1911 3593 1969 monachorum

1934 2020 2230 2066 numerus
2281 2006 2358 2065 ad
2422 2007 2962 2079 obtemperantem
3014 2008 3332 2066 conﬂuxit.
3408 2008 3596 2068 Multa

1932 2108 2138 2162 autem
2211 2118 2412 2176 eaque
2506 2103 3006 2176 praeclarissima
3113 2110 3466 2173 narrantur,
3528 2108 3595 2165 in

1930 2202 2162 2275 quibus
2217 2206 2279 2261 et
2352 2203 2471 2261 hoc
2518 2208 2864 2262 memoratu
2916 2204 3173 2277 dignum
3230 2210 3344 2279 est,
3422 2206 3593 2280 quod

1930 2300 2378 2374 quinquaginta
2426 2300 2699 2375 integros
2742 2301 2878 2360 dies
2901 2302 3185 2361 ieiunans
3215 2318 3329 2363 nec
3353 2304 3591 2375 cibum,

1931 2412 2045 2456 nec
2097 2403 2315 2471 potum
2346 2399 2707 2472 sumpserit,
2758 2406 3097 2473 noctesque
3151 2400 3409 2475 insuper
3444 2416 3596 2475 per-

1930 2495 2293 2569 vigilaverit.
2354 2496 2679 2555 Praeterea
2762 2497 3118 2570 palmarum
3191 2498 3380 2572 foliis,
3435 2514 3596 2572 quae

1930 2593 2052 2652 sibi
2132 2600 2633 2667 praeparaverat,
2718 2596 2953 2654 victum
3017 2597 3346 2670 quaesivit,
3393 2611 3597 2670 neque

1930 2707 2208 2765 unquam
2251 2696 2567 2751 recentem
2620 2708 2847 2765 panem
2889 2696 3188 2764 comedit,
3245 2695 3354 2753 sed
3407 2695 3594 2754 oleri-

1933 2791 2048 2847 bus
2073 2786 2165 2864 (3)
2194 2804 2355 2861 aqua
2416 2792 2772 2863 palmarum
2824 2792 2990 2851 foliis
3036 2791 3371 2865 superfusa
3400 2792 3596 2851 emol-

1933 2886 2057 2945 litis
2131 2883 2301 2955 182
2372 2887 2505 2961 ipse
2581 2903 2727 2947 cum
2801 2889 3124 2948 monachis
3195 2892 3586 2958 vescebatur,

1929 2984 2234 3057 quamdiu
2309 2985 2623 3056 vivebant,
2703 2987 2837 3045 sine
2903 2988 3074 3046 omni
3145 2988 3591 3047 additamento.

1930 3082 2042 3140 Hic
2082 3081 2270 3155 igitur
2324 3083 2503 3141 cibus
2545 3097 2768 3142 eorum
2798 3099 2911 3158 per
2966 3090 3167 3144 totum
3226 3084 3389 3143 vitae
3458 3098 3593 3157 spa-

1928 3180 2088 3239 tium
2142 3180 2278 3249 t‘uit,
2327 3181 2681 3253 usquedum
2728 3182 2793 3240 in
2845 3182 3114 3256 patriam
3160 3183 3395 3241 reversi
3425 3185 3591 3241 sunt.

1932 3279 2069 3337 Abu
2122 3277 2323 3337 Macer
2367 3278 2817 3340 Alexandrinus
2864 3281 3235 3341 Alexandria
3265 3283 3342 3339 ad
3388 3281 3590 3351 illum,

1929 3391 2121 3451 quem
2142 3376 2437 3441 diximus,
2487 3378 2821 3437 Macarium
2845 3380 3033 3450 venit,
3069 3380 3249 3438 cuius
3276 3380 3340 3437 in
3374 3394 3592 3438 manus

1928 3477 2069 3531 vota
2138 3472 2503 3531 monachica
2579 3474 2745 3532 fecit.
2828 3476 3073 3534 Tertius
3140 3475 3396 3534 accessit
3458 3475 3593 3534 Abu

1928 3567 2155 3642 Macér,
2204 3569 2312 3642 qui
2345 3571 2681 3644 episcopus
2740 3572 2933 3631 factus
2963 3580 3055 3633 est
3082 3572 3197 3649 (4).
3238 3594 3267 3629 »
3301 3574 3418 3632 Sed
3462 3575 3592 3631 Ma-

1926 3667 2192 3726 crizium
2212 3668 2475 3726 Macario
2510 3669 2809 3742 Aegyptio
2840 3672 2946 3729 aS.
2981 3673 3269 3739 Antonio,
3315 3687 3589 3744 quocum

1927 3765 2315 3838 aliquantum
2342 3766 2646 3838 temporis
2672 3767 2778 3825 ille
2829 3770 3076 3842 vixerit,
3105 3777 3338 3828 vestem
3372 3784 3591 3828 mona-

1926 3863 2171 3921 chicam
2242 3863 2450 3921 datam
2502 3879 2657 3926 esse.
2708 3866 2863 3923 falso
2924 3881 3180 3925 narrare
3233 3881 3424 3939 supra
3480 3867 3588 3925 do-

1923 3958 2323 4036 cuimus(5);
2386 3962 2671 4034 atquein
2728 3963 2831 4033 iis,
2887 3978 3049 4036 quae
3117 3964 3193 4022 de
3246 3963 3585 4022 virtutibus

1926 4058 2173 4118 Macarii
2213 4058 2487 4131 scripsit,
2535 4058 2906 4133 Aegyptium
2933 4075 3079 4120 cum
3135 4061 3581 4132 Alexandrino,

1923 4157 2002 4215 de
2039 4171 2166 4230 quo
2209 4156 2428 4216 eadem
2482 4157 2788 4217 Palladius
2842 4160 3100 4217 tradidit
3156 4156 3268 4237 (6),
3327 4160 3586 4219 confun«

1924 4254 2074 4313 dere
2113 4268 2281 4321 eum,
2338 4269 2519 4313 nemo
2564 4269 2687 4313 non
2718 4256 2903 4315 videt.
2954 4257 3256 4317 Macarius
3283 4272 3430 4316 vero
3473 4259 3580 4318 ille

1921 4352 2257 4425 episcopus
2311 4353 2601 4426 quisnam
2642 4354 2850 4425 fuerit,
2914 4356 3035 4414 nisi
3091 4357 3248 4415 forte
3298 4357 3585 4417 Hieroso-

1925 4451 2240 4523 lymorum
2270 4450 2601 4524 episcopus
2631 4450 2742 4528 (7),
2772 4453 3011 4526 ignoro.

2003 4547 2100 4606 Ad
2169 4549 2553 4607 recentiores
2596 4550 2869 4624 denique
2931 4566 3143 4609 rerum
3192 4551 3585 4612 ecclesiasti-

1926 4659 2141 4704 carum
2179 4644 2513 4719 scriptores
2558 4648 2725 4720 quod
2788 4648 3022 4719 attinet,
3104 4649 3399 4708 Baronius
3472 4647 3583 4726 (8),

1934 4886 2272 4944 Macrizium
2298 4889 2358 4944 in
2392 4893 2600 4959 aperto
2621 4894 2728 4946 est.

2008 4978 2082 5047 (4)
2138 4978 2363 5033 Macrizi
2408 4978 2619 5036 Gesch.
2679 4980 2783 5034 der
2814 4981 3037 5050 Copten
3082 4980 3201 5034 Aus
3230 4979 3348 5034 den
3396 4978 3587 5034 Hand-

1936 5065 2175 5121 scritten
2194 5082 2263 5121 zu
2285 5067 2474 5124 Gotha
2487 5068 2611 5123 und
2626 5068 2790 5124 Wien
2805 5084 2859 5122 v.
2876 5067 3276 5125 Wﬁstenfeld.
3293 5068 3583 5137 Goetting.

1937 5155 2081 5213 1845
2112 5171 2171 5227 p.
2212 5159 2309 5213 109
2356 5172 2446 5229 sq.

2010 5250 2088 5322 (5)
2147 5247 2271 5310 ωδ
2301 5264 2357 5319 ρ.
2395 5248 2518 5302 112.

2010 5338 2179 5410 (6)Cf.
2224 5352 2403 5408 supra
2442 5352 2501 5409 p.
2546 5336 2636 5393 66.

2011 5430 2086 5497 (7)
2150 5427 2239 5481 De
2291 5426 2546 5481 Macario
2611 5425 3160 5498 Hierosolymorum
3202 5426 3485 5498 episcopo
3513 5427 3587 5482 cf.

1937 5517 2288 5575 Theodorei.
2333 5516 2474 5572 Hist.
2520 5515 2671 5571 Eccl.
2713 5515 2816 5571 lib.
2856 5517 3037 5587 Icap.
3072 5516 3161 5572 16.

2011 5606 2089 5677 (8)
2156 5607 2393 5662 Baronii
2460 5606 2716 5663 Annales
2745 5607 2821 5663 ad
2846 5622 2900 5663 a.
2937 5605 3038 5662 372
3098 5606 3168 5661 N°
3200 5609 3290 5672 88,
3324 5606 3417 5661 ed.
3454 5608 3589 5662 Luc.

1940 5697 1999 5751 τ.
2035 5693 2079 5752 V
2109 5710 2168 5768 p.
2203 5698 2306 5753 387
2332 5711 2423 5769 sq.
