4078 6194
526 307 622 363 171

1386 308 1486 364 SS.
1530 308 2013 365 MACAHIORUM
2055 306 2383 363 AEGYPTII
2422 307 2509 362 ΕΤ
2547 308 3065 369 ALEXANDRINI.

3818 307 3931 362 I72

495 435 826 495 Bollandus
857 438 964 513 (1),
993 435 1192 507 Dupin
1225 438 1331 505 (2),
1363 436 1585 508 Fleury
1620 435 1729 514 (3),
1785 434 1995 498 Oudin
2042 434 2145 512 (4),
2186 434 2229 486 Α
2262 436 2648 502 colebantur,
2720 438 3144 506 multitudine,
3223 438 3434 496 dicere
3505 450 3626 495 non
3692 436 3934 495 ausim.

496 534 653 592 Cave
681 534 786 605 (5),
819 533 925 590 alii
959 534 1036 591 de
1087 534 1367 592 Macariis
1416 534 1713 608 Aegyptio
1766 540 1827 593 et
1882 536 2152 593 Alexan-

496 632 680 689 drino
705 632 893 689 verba
942 632 1198 705 quidem
1239 633 1536 705 fecerunt,
1587 635 1690 691 sed
1747 649 1881 691 rem
1935 634 2151 691 critice

493 726 764 799 dispexit
808 730 979 787 solus
1028 730 1459 789 Tillemontius
1522 729 1629 808 (6),
1678 732 1856 790 cuius
1908 724 2151 805 expOsi-

496 826 697 884 tiones
720 831 978 897 cunctis,
1032 843 1193 901 quae
1222 830 1410 888 ceteri
1452 830 1704 897 habent,
1765 829 1943 903 longe
1972 835 2152 888 ante—

496 925 747 993 cellunt,
782 924 924 982 licet
974 930 1034 983 et
1074 927 1207 997 ipse
1237 927 1533 985 nonnulla
1586 943 1915 1001 perperam
1972 928 2149 986 intel-

502 1021 743 1089 lexerit,
796 1022 963 1091 183
999 1023 1059 1080 id
1096 1025 1262 1096 quod
1318 1030 1558 1083 nostras
1609 1026 2004 1098 quaestiones
2042 1026 2151 1099 qui

498 1119 740 1192 legerit,
774 1120 909 1192 ipse
960 1121 1258 1180 inveniet.
1326 1123 1448 1181 Cur
1497 1124 1831 1182 Bollandus
1889 1124 2155 1182 meliora

498 1231 621 1274 non
670 1218 967 1288 attulerit,
1029 1218 1208 1278 facile
1252 1220 1397 1279 inde
1441 1222 1812 1294 explicatur,
1866 1223 2032 1295 quod
2078 1222 2156 1280 de

500 1314 781 1372 Macariis
829 1316 1035 1387 primo
1094 1316 1356 1391 insignis
1402 1320 1579 1392 operi
1656 1320 1974 1378 volumine
2027 1320 2157 1378 dis-

500 1411 846 1482 putandum
885 1419 1038 1480 erat,
1092 1414 1361 1488 ideoque
1418 1422 1755 1490 apparatus
1799 1418 1905 1476 ille
1950 1418 2155 1477 litera-

498 1508 654 1579 rius,
701 1524 827 1581 quo
880 1511 1227 1583 posteriora
1285 1513 1601 1573 volumina
1656 1516 1952 1586 eminent,
2006 1530 2158 1574 non-

498 1604 651 1664 dum
701 1607 934 1666 aderat.
972 1609 1059 1667 Ad
1116 1617 1502 1681 postremum
1560 1612 1878 1672 Semlerus
1935 1616 1998 1675 in
2030 1617 2157 1676 dis-

496 1705 960 1774 sertationibus,
1022 1722 1176 1780 quas
1227 1709 1303 1765 de
1348 1710 1628 1770 Macariis
1682 1714 1949 1787 scripsit,
2032 1730 2156 1775 non

493 1803 706 1872 vitam,
741 1804 850 1861 sed
868 1805 1099 1877 scripta
1130 1819 1350 1865 eorum
1382 1810 1768 1869 examinavit
1796 1810 1904 1889 (7).

575 1898 605 1977 ἓ
661 1903 757 1960 44.
845 1902 1159 1976 Superest,
1224 1912 1290 1963 ut
1332 1908 1409 1965 de
1461 1908 1582 1977 die,
1636 1925 1763 1983 quo
1829 1912 2153 1985 utriusque

496 2000 742 2058 Macarii
802 2004 1109 2061 memoria
1140 2004 1203 2061 in
1230 2005 1492 2064 ecclesia
1529 2008 1904 2082 celebretur,
1948 2013 2152 2071 brevi-

493 2102 590 2156 ter
640 2098 1084 2172 disquiramus.
1138 2101 1376 2160 Etenim
1438 2107 1885 2180 martyrologia
1942 2115 2150 2169 vetera

493 2194 681 2254 latina
714 2198 980 2257 Macario
1013 2200 1312 2273 Aegyptio
1342 2201 1509 2260 diem
1561 2203 1680 2271 XV,
1734 2205 2150 2269 Alexandrino

493 2293 662 2351 diem
686 2294 734 2351 II
773 2296 1041 2354 Ianuarii
1090 2298 1403 2356 tribuunt.
1469 2300 1512 2357 E
1568 2315 1839 2373 quorum
1885 2320 2147 2367 numero

493 2397 635 2448 sunt
658 2391 816 2450 Beda
843 2393 950 2464 (8),
980 2395 1294 2454 Usuardus
1313 2398 1416 2473 (9),
1439 2396 1568 2455 Ado
1592 2396 1736 2472 (10),
1758 2401 2049 2479 Notker(t
2068 2401 2146 2474 I),

492 2491 1009 2563 martyrologium
1060 2507 1388 2551 romanum
1446 2492 1591 2572 (12),
1647 2504 1853 2557 cetera
1906 2500 2053 2575 (13).
2102 2508 2147 2563 Α

493 2585 745 2645 Graecis
775 2604 921 2647 vero
953 2597 1215 2664 uterque
1247 2594 1545 2654 Macarius
1592 2595 1720 2659 XIX
1744 2602 2014 2661 Ianuarii
2046 2618 2146 2662 co-

491 2681 664 2757 litur,
712 2690 778 2742 ut
806 2701 839 2743 e
868 2689 1133 2749 Menaeis
1156 2697 1216 2750 et
1242 2694 1584 2770 Menologio
1615 2706 1784 2771 patet
1811 2700 1956 2777 (14).
1992 2702 2149 2760 Haec

493 2779 683 2853 igitur
718 2781 890 2859 184
943 2787 1268 2849 diversitas
1321 2794 1484 2851 unde
1535 2802 1673 2855 nata
1704 2799 1804 2870 sit,
1839 2800 1954 2857 nisi
1996 2801 2152 2860 forte

492 2891 528 2937 e
554 2891 775 2953 magna
797 2882 966 2943 illius
989 2887 1262 2946 nominis
1282 2891 1582 2962 virorum,
1618 2896 1725 2968 qui
1771 2898 1850 2956 ab
1892 2899 2153 2958 ecclesia

2263 535 2600 592 Macarium
2666 549 2839 607 vero,
2910 536 3091 595 cuius
3173 538 3395 594 festum
3476 533 3731 593 Romani
3828 534 3937 592 XV

2262 632 2531 690 Ianuarii
2576 638 2783 706 agunt,
2834 635 2878 692 i.
2936 649 2989 691 e.
3053 634 3447 707 Aegyptium,
3504 632 3563 690 in
3622 636 3939 703 martyro-

2262 730 2440 801 logiis
2475 730 2680 788 latinis
2720 731 2885 789 haud
2929 746 3073 790 raro
3130 732 3188 791 S.
3249 730 3499 789 Antonii
3544 729 3933 802 discipulum

2260 828 2586 899 appellari,
2649 830 2817 901 quod
2870 830 3202 889 Bollandus
3243 830 3607 888 observasse
3655 842 3721 886 se
3759 828 3935 885 arbi-

2260 927 2460 984 tratus
2498 932 2588 984 est
2632 923 2782 1002 (15),
2829 940 3205 1000 magnopere
3252 926 3510 999 quidem
3560 941 3682 984 non
3733 926 3932 984 oﬂ‘en-

2261 1023 2382 1083 dat.
2430 1038 2624 1095 quum
2673 1038 2854 1083 sensu
2896 1024 3119 1085 latiore
3167 1026 3356 1083 etiam
3398 1024 3701 1083 Macarius
3733 1026 3933 1098 Aegy-

2264 1121 2431 1193 ptius
2463 1121 2711 1180 Antonii
2743 1122 3095 1195 discipulus
3119 1123 3244 1181 dici
3277 1123 3490 1195 possit.
3527 1122 3818 1180 Ceterum
3854 1123 3933 1180 de

2265 1218 2509 1285 diebus,
2570 1220 2800 1292 quibus
2851 1226 3018 1279 recte
3069 1222 3356 1279 colantur
3406 1219 3580 1278 fastis
3636 1220 3930 1293 testibus,

2266 1320 2447 1390 plura
2498 1318 2607 1389 qui
2650 1318 2972 1376 addiscere
3020 1319 3213 1393 cupit,
3272 1318 3633 1378 Assemanni
3686 1317 3931 1377 librum

2264 1421 2325 1472 et
2370 1414 2735 1473 Bollandum
2782 1414 2908 1492 (16)
2953 1418 3215 1490 evolvat,
3262 1416 3372 1476 ubi
3417 1420 3753 1490 apparatus
3798 1416 3933 1475 ido-

2266 1526 2419 1571 neus
2448 1513 2782 1585 reperitur.

2906 1611 3145 1671 CAPUT
3190 1612 3287 1670 1X.

2264 1724 2305 1766 Α
2350 1723 2619 1768 SANCTIS
2648 1725 2959 1769 MACARIIS
2991 1725 3318 1769 AEGYPTIO
3351 1726 3431 1767 ΕΤ
3462 1725 3935 1769 ALEXANDRINO

2346 1822 2700 1866 MACARIUM
2744 1822 2799 1867 S.
2849 1824 3123 1866 ANTONII
3170 1823 3553 1868 MINISTRUM
3612 1822 3937 1877 ALIOSQUE

2344 1919 2757 1965 COGNOMINES
2788 1922 3104 1966 DIVERSOS
3134 1922 3283 1967 ESSE
3313 1922 3757 1967 OSTENDITUR.

2342 2003 2371 2075 §
2416 2004 2511 2061 45.
2564 2002 2925 2073 Macarium,
2970 2005 3032 2064 S.
3083 2005 3329 2063 Antonii
3374 2005 3783 2079 discipulum,
3832 2004 3935 2064 cui

2261 2101 2620 2172 quindecim
2672 2102 2848 2159 annis
2908 2102 3301 2161 ministrabat
3356 2109 3417 2161 et
3462 2105 3643 2162 cuius
3699 2118 3937 2176 corpus

2259 2198 2567 2271 sepelivit,
2624 2215 2657 2257 a
2717 2200 3000 2258 Macariis
3049 2201 3346 2273 Aegyptio
3397 2206 3461 2260 et
3508 2201 3937 2260 Alexandrino

2260 2297 2459 2368 probe
2542 2296 3047 2369 distinguendum
3148 2313 3284 2358 esse
3374 2300 3623 2372 saepius
3716 2299 3935 2358 docui-

2260 2408 2400 2451 mus
2437 2390 2583 2468 (I7).
2630 2393 2932 2453 Macarius
2970 2396 3140 2453 enim
3181 2394 3243 2453 S.
3292 2397 3537 2455 Antonii
3580 2395 3937 2469 discipulus

2260 2490 2323 2548 in
2362 2490 2667 2549 coenobio
2718 2492 2918 2564 Pispir
2954 2507 3151 2566 prope
3198 2508 3371 2551 mare
3421 2495 3704 2553 Rubrum
3751 2494 3932 2568 vixit,

2270 2589 2553 2646 Macariis
2623 2590 2852 2647 nostris
2914 2592 2976 2648 in
3039 2591 3302 2650 desertis
3365 2592 3591 2665 Libaye
3656 2593 3937 2665 degenti-

2264 2687 2379 2744 bus
2405 2684 2554 2763 (I8).
2602 2687 2722 2745 Sed
2766 2703 2927 2746 unus
2956 2703 3282 2748 remanere
3327 2690 3525 2763 potuit
3568 2692 3931 2763 scrupulus.

2262 2784 2444 2853 Quid,
2494 2784 2545 2841 si
2595 2784 2892 2843 alteruter
2938 2801 3015 2844 ex
3054 2787 3284 2846 nostris
3327 2788 3608 2846 Macariis
3647 2789 3933 2861 primum

2264 2881 2322 2939 S.
2377 2880 2625 2940 Antonii
2674 2882 3021 2955 discipulus
3075 2883 3436 2957 quindecim
3489 2886 3667 2943 annis
3716 2885 3933 2961 fuerit,

582 3116 657 3188 (1)
723 3120 837 3175 AA.
906 3120 998 3177 SS.
1063 3122 1209 3180 Boil.
1250 3125 1375 3181 Ian.
1444 3129 1501 3181 Τ.
1568 3128 1588 3180 Ι
1653 3145 1709 3200 p.
1752 3135 1881 3189 1005
1923 3150 2056 3208 sqq.
2090 3140 2158 3191 84

2343 3122 2425 3193 (8)
2439 3121 2789 3177 Additiones
2807 3122 3090 3178 nimirum
3113 3122 3188 3177 ad
3207 3122 3395 3179 Bedae
3408 3123 3922 3196 Martyrologium,

506 3222 649 3347 sqg.)
679 3278 875 3349 Dupin
907 3280 1185 3336 Nouvelle
1214 3282 1622 3357 bibliotheque
1641 3288 1745 3342 des
1776 3292 2028 3348 Auteurs
2059 3310 2157 3350 ec-

499 3363 924 3436 clésiastxques.
947 3368 1112 3422 Paris
1144 3371 1276 3425 I693
1304 3375 1363 3426 Τ.
1397 3373 1443 3426 ΙΙ
1474 3390 1531 3444 p.
1565 3380 1629 3431 69
1662 3393 1795 3449 sqq.

573 3452 653 3523 (3)
683 3451 895 3525 Fleury
926 3455 1177 3511 Histoire
1225 3458 1689 3535 ecclésiastique.
1724 3466 1890 3522 Paris
1929 3469 2065 3525 1724
2094 3474 2154 3527 Τ.

509 3539 579 3595 IV
609 3556 669 3611 p.
694 3544 796 3598 220
821 3559 955 3615 sqq.

578 3630 654 3701 (4)
709 3629 1185 3690 Commentarius
1239 3636 1318 3692 De
1378 3639 1975 3712 Scriptt.ecclesiast.
2034 3648 2093 3705 T.
2137 3651 2156 3705 Ι

506 3732 565 3790 p.
598 3722 701 3775 474
728 3737 773 3774 s.
811 3737 863 3775 v.
895 3723 1157 3779 Macarii
1188 3731 1306 3783 tres
1332 3731 1632 3788 monac/ti.

580 3809 655 3880 (5)
717 3810 946 3881 Scriptt.
994 3811 1199 3868 eccles.
1240 3816 1379 3871 Hist.
1410 3816 1517 3874 litt.
1553 3836 1603 3873 s.
1655 3837 1705 3875 v.
1739 3824 2044 3882 Macarius
2072 3843 2160 3885 se-

512 3898 649 3953 nior
686 3902 738 3954 et
768 3899 1075 3955 Macarius
1105 3902 1323 3959 iunior.

579 3986 655 4058 (6)
718 3990 1026 4044 Mémoires
1086 3993 1145 4046 T.
1216 3995 1330 4048 VIII
1362 3994 1422 4050 P.
1491 3997 1561 4051 III
1627 4015 1685 4070 p.
1721 4004 1822 4057 955
1850 4019 1983 4077 sqq.
2022 4006 2152 4062 1041

512 4092 646 4147 sqq.
680 4094 818 4134 cum
848 4082 1003 4136 notis
1036 4082 1093 4137 in
1119 4083 1234 4138 ﬁne
1267 4087 1407 4140 tomi
1435 4087 1703 4143 adiectis.

578 4165 655 4236 (7)
685 4167 847 4223 Prior
874 4172 1090 4240 prodiit
1118 4174 1231 4227 sub
1261 4173 1493 4229 indice:
1528 4176 1841 4246 Specimen
1866 4183 2158 4237 examinis

512 4253 691 4308 critici
759 4271 1033 4326 operum,
1104 4277 1260 4331 quae
1287 4263 1367 4316 ita
1428 4263 1715 4329 feruntur,
1747 4267 2007 4339 Macarii,
2045 4271 2156 4328 sub

508 4340 868 4399 laetissimos
898 4346 1198 4419 festosque
1248 4350 1375 4403 dies
1403 4350 1633 4407 Christo
1683 4355 1761 4410 ab
1789 4355 1993 4412 inferis
2026 4375 2156 4414 ma-

2266 3226 2424 3282 quas
2458 3227 2486 3265 e
2528 3211 2703 3265 codd.
2750 3210 2807 3263 S.
2843 3211 3067 3282 Cyriaci
3103 3211 3509 3267 Henschenius
3541 3218 3596 3268 et
3624 3213 3932 3284 Papebro-

2267 3297 2436 3353 chius
2497 3298 2827 3353 ediderunt.
2889 3301 3004 3354 AA.
3073 3302 3168 3356 SS.
3240 3300 3387 3356 Boil.
3432 3301 3613 3357 Martii
3652 3304 3712 3357 T.
3750 3302 3797 3356 II
3862 3318 3923 3375 p.

2273 3386 2407 3441 VIII.
2442 3388 2532 3442 IX.

2337 3476 2416 3545 (9)
2472 3475 2950 3546 Martyrologium
3008 3478 3281 3543 Usuardi,
3312 3481 3425 3534 AA.
3479 3479 3575 3536 SS.
3612 3478 3754 3535 Boll.
3791 3481 3923 3539 Mai.

2266 3564 2327 3621 T.
2360 3565 2429 3619 VI
2463 3580 2519 3635 p.
2552 3565 2604 3618 5.
2638 3565 2726 3619 34.

2340 3654 2452 3725 (t0)
2483 3653 2706 3708 Adonis
2735 3654 2897 3709 arcb.
2956 3654 3163 3711 Vienn.
3199 3658 3705 3728 Martyrologium,
3763 3659 3918 3717 Bibl.

2270 3741 2425 3798 Max.
2457 3743 2554 3798 PP.
2583 3743 2771 3811 Lugd.
2805 3745 2865 3798 T.
2899 3745 3009 3800 XVI
3039 3762 3098 3816 p.
3131 3749 3254 3801 832.
3285 3745 3409 3801 834.

2340 3832 2452 3902 (11)
2491 3832 2726 3888 Notkeri
2758 3833 3273 3906 Martyrologium,
3306 3835 3580 3893 Galland.
3610 3836 3774 3895 Bibl.
3822 3839 3929 3894 PP.

2269 3924 2329 3978 T.
2368 3923 2477 3977 xm
2515 3940 2574 3993 ρ.
2606 3923 2736 3980 760.
2766 3927 2890 3979 763.

2343 4011 2453 4081 (12)
2472 4011 2649 4065 Vetus
2675 4011 3017 4068 Romanum
3043 4012 3562 4084 martyrologium,
3597 4014 3740 4070 Bibl.
3772 4018 3924 4073 Max.

2271 4098 2379 4151 PP.
2408 4100 2590 4169 Ludg.
2611 4102 2670 4154 Τ.
2701 4101 2810 4154 XVI
2832 4118 2887 4170 p.
2909 4102 3032 4155 812.
3059 4102 3550 4175 Martyrologium
3578 4106 3924 4161 Romanum

2270 4186 2363 4240 ed.
2400 4187 2690 4241 Baronius
2720 4187 2796 4241 ad
2827 4188 2887 4242 h.
2922 4190 3024 4244 dd.

2342 4274 2452 4344 (13)
2488 4274 2656 4329 Plura
2682 4277 3114 4348 martyrologia
3144 4286 3529 4337 recensentur
3557 4298 3592 4337 a
3623 4280 3922 4339 Bollando

2265 4362 2380 4415 AA.
2416 4362 2515 4416 SS.
2549 4363 2672 4417 Ian.
2699 4366 2758 4418 T.
2789 4364 2809 4416 Ι
2840 4380 2895 4435 ρ.
2930 4367 3017 4421 84.

509 4430 723 4541 βηὲῐὶοοθ
765 4434 1044 4541 (redeunti
1085 4453 1288 4541 sacros
1322 4439 1713 4541 ligni-ominis
1764 4460 1947 4541 causa
1969 4447 2157 4507 edidit
2184 4486 2230 4541 Ι)
2272 4536 2301 4541 _
2336 4450 2548 4541 (14)(31.
2575 4430 2965 4523 Menologium
2985 4454 3196 4520 Sirleti,
3220 4457 3670 4528 quodCanisius
3703 4459 3920 4516 edidit.

508 4518 547 4617 I.
673 4522 727 4575 S.
764 4523 880 4617 Sal.
911 4523 1089 4617 Thur.
1119 4530 1189 4617 S.
1212 4528 1315 4583 LL.
1352 4527 1410 4582 S.
1444 4528 1629 4585 Halae
1658 4533 2153 4606 Magdeburgicae
2184 4518 2229 4541 υ
2264 4518 2478 4593 Canisii
2505 4540 2635 4595 lect.
2663 4518 2852 4614 antiq.
2877 4543 2971 4598 ed.
2995 4518 3332 4615 BasnageT.
3370 4548 3437 4601 III
3470 4563 3528 4617 p.
3552 4548 3655 4605 413
3693 4548 3753 4603 in
3774 4549 3922 4605 ﬁne.

504 4610 681 4676 1745;
752 4611 937 4669 altera
998 4615 1112 4670 hoc
1178 4616 1517 4673 inscribitur
1579 4620 1777 4676 titulo:
1836 4621 2148 4694 Specimen

503 4699 1101 4759 animadversionum
1134 4706 1191 4760 in
1222 4706 1450 4778 aliquot
1472 4710 1770 4779 opuscula
1800 4726 2013 4781 graeca
2041 4718 2150 4772 Ma-

501 4789 665 4854 carii,
686 4790 741 4844 in
772 4791 1027 4847 natalem
1046 4794 1200 4849 diem
1227 4796 1329 4849 viri
1348 4814 1583 4852 summe
1603 4801 1926 4867 reverendi,
1962 4804 2148 4859 excel-

497 4874 1178 4945 lentissimi,doctissimi
1212 4883 1580 4953 Sigismundi
1609 4888 2143 4962 IacobiBaumgar-

497 4969 591 5020 ten
624 4967 720 5023 SS.
778 4970 973 5025 TheoI.
1006 4972 1163 5027 doct.
1198 4980 1251 5027 et
1276 4973 1428 5043 prof.
1464 4991 1521 5045 p.
1571 4992 1626 5032 ο.
1660 4978 1813 5032 Sem.
1852 4979 2026 5035 theol.
2056 4982 2141 5037 di-

492 5056 763 5127 rectoris,
794 5060 1029 5129 patroni
1062 5066 1120 5116 et
1147 5066 1545 5135 praeceptoris
1576 5066 2014 5125 ofﬁciosissime
2047 5086 2141 5126 co-

489 5140 666 5209 lendi,
702 5146 854 5202 bene
881 5150 1331 5207 ominabundus
1362 5154 1547 5210 edidit
1574 5156 1651 5210 Io.
1691 5157 1806 5212 Sal.
1838 5158 2138 5216 Semlerus

489 5230 1238 5307 Salfelda'l'huringﬂalae
1264 5242 1488 5298 Salicae
1542 5246 1693 5299 1746.
1731 5248 1993 5311 Quarum
2021 5250 2136 5305 dis-

482 5324 870 5379 sertationum
885 5328 1068 5382 cardo
1091 5329 1149 5383 in
1169 5346 1239 5384 eo
1254 5331 1519 5397 vertitur,
1544 5338 1606 5388 ut
1631 5336 1994 5401 ostendatur,
2015 5340 2132 5395 Ma-

480 5408 619 5464 carii
662 5414 900 5484 scripta,
917 5416 1201 5487 imprimis
1215 5419 1341 5473 eius
1358 5421 1658 5489 Opuscula
1673 5440 1827 5493 quae
1842 5425 2126 5493 feruntur,

486 5499 685 5568 spuria
707 5517 854 5570 esse,
884 5504 959 5559 ad
999 5508 1161 5579 quod
1220 5509 1658 5565 ostendendum
1695 5516 1907 5583 partim
1934 5517 2128 5572 conie-

474 5587 894 5659 cturis,partim
911 5598 1277 5665 argumentis
1290 5599 1498 5671 exipso
1516 5600 1948 5669 Opusculorum
1966 5608 2125 5660 textu

470 5676 665 5749 petitis
690 5678 892 5737 utitur.

2261 4630 2321 4680 In
2336 4626 2682 4685 Calendario
2696 4631 2977 4688 ecclesiae
2993 4634 3657 4705 Constantinopolitanae
3671 4636 3926 4695 ed.Mor-

2260 4715 2383 4769 celli
2415 4719 2635 4774 Romae
2663 4721 2799 4773 1788
2833 4724 2887 4775 Τ.
2943 4724 2959 4774 I
2994 4737 3051 4792 ρ.
3084 4724 3151 4776 85
3183 4723 3257 4777 ad
3292 4725 3397 4778 XIX
3442 4725 3698 4780 Ianuarii
3727 4726 3918 4796 legis:

2260 4813 2377 4877 «τῇ
2440 4810 2570 4878 αὑτῇ
2642 4810 2809 4881 ἡμέρᾳ
2865 4816 3042 4881 μνήμη
3103 4819 3201 4862 τῶν
3255 4813 3411 4864 ὁσίων
3475 4818 3707 4888 πατέρων
3770 4818 3922 4889 ἡμῶν

2258 4899 2531 4965 Μακαρίαν
2558 4904 2649 4948 τοῦ
2692 4896 2944 4969 Ῥῳμαίου
2974 4900 3079 4969 (sic
3114 4899 3153 4970 I)
3184 4906 3272 4953 καὶ
3304 4901 3475 4976 ἑτέρου
3517 4906 3798 4976 Μακαρεου
3828 4914 3924 4959 τοῦ

2253 4982 2550 5055 Αἰγυπτίου
2561 5027 2572 5041 .
2607 5007 2635 5039 ››

2324 5073 2435 5145 (15)
2471 5078 2530 5128 In
2602 5075 2830 5130 Macarii
2892 5076 3277 5134 Alexandrini
3310 5081 3425 5136 vita
3455 5080 3493 5136 l.
3524 5082 3588 5147 I.,
3627 5082 3765 5138 etin
3795 5083 3919 5140 vita

2249 5162 2488 5217 Macarii
2516 5165 2787 5235 Aegyptii
2816 5164 2854 5221 l.
2889 5165 2950 5227 1.,
2986 5181 3044 5236 p.
3082 5168 3242 5223 1005.

2316 5252 2430 5321 (16)
2454 5254 2804 5306 Assemanni
2825 5253 3177 5311 Calendaria
3194 5257 3485 5314 Ecclesiae
3505 5259 3822 5315 universae
3836 5263 3917 5317 ad

2246 5341 2356 5395 XIX
2382 5342 2613 5394 Ianuar.
2648 5342 2706 5395 T.
2770 5341 2837 5394 VI
2874 5345 3093 5401 Romae
3155 5352 3284 5403 1755
3318 5365 3376 5419 p.
3412 5350 3481 5403 98
3518 5366 3607 5421 sq.
3658 5353 3774 5405 AA.
3810 5352 3913 5409 SS-

2244 5427 2391 5483 Boll.
2424 5428 2547 5483 Ian.
2582 5428 2650 5484 T.
2691 5434 2705 5483 |
2743 5445 2805 5499 p.
2842 5434 2930 5486 84.

2312 5518 2421 5585 (17)
2452 5518 2480 5588 §
2511 5518 2581 5571 24
2611 5533 2671 5589 p.
2702 5518 2825 5574 104.
2861 5521 2981 5593 §‘25
3008 5538 3067 5594 p.
3102 5529 3226 5582 107.
3266 5527 3385 5598 §30
3418 5544 3483 5599 p.
3530 5531 3630 5586 125
3658 5547 3799 5605 sqq.

2318 5606 2435 5676 (I8)
2464 5607 2657 5677 Supra
2679 5608 2706 5679 §
2732 5612 2799 5665 25
2828 5625 2888 5682 p.
2919 5611 3040 5667 107.
