4088 6192
170 313 267 369 173
1761 304 1784 359 \

1975 307 1997 358 Ι.
3486 303 3589 357 174

157 441 391 501 deinde
476 442 620 513 post
699 441 968 496 mortem
1051 435 1189 494 eius
1271 435 1515 495 deserta
1592 433 1820 507 Libyae
1849 431 1895 486 A
1929 437 2151 506 pturus
2196 437 2478 506 tempore
2507 438 2885 507 opportuno.
2927 427 3100 499 186
3142 431 3311 490 Tunc
3339 435 3591 490 sanctus

153 535 469 615 petierit?
502 537 665 596 Haec
694 536 886 608 igitur
935 534 1248 594 dubitatio
1299 533 1481 607 plane
1530 535 1818 593 movetur
1929 538 2323 599 Posthumius
2376 539 2641 612 pedibus
2695 539 2831 598 eius
2885 539 3253 612 provolutus
3306 537 3433 594 ait:
3471 537 3580 596 Ca-

153 640 275 697 vita
325 634 702 706 Posthumii,
743 649 866 707 qua
910 633 1250 692 Macarium
1302 633 1360 692 S.
1417 633 1666 692 Antonii
1700 633 1814 692 mi-
1926 639 2172 698 rissime
2204 644 2400 712 pater,
2434 638 2755 710 quomodo
2787 637 2942 695 mihi
2978 645 3102 695 tam
3136 643 3394 708 magnae
3415 635 3584 694 mul-

150 737 427 794 nistrum
476 734 538 791 in
581 732 890 791 coenobio
937 728 1110 800 185
1156 731 1366 804 Pispir
1406 730 1575 790 diem
1622 730 1814 789 etiam
1923 737 2208 796 titudinis
2233 751 2450 795 curam
2480 736 2775 808 imponis,
2807 736 3043 794 rustico
3073 735 3335 799 homini,
3368 733 3582 792 literas

149 845 531 907 supremum
553 830 786 889 obiisse
817 830 1202 890 edocemur:
1240 830 1577 888 Macarium
1603 834 1812 888 autem
1925 835 2220 894 nescienti
2250 833 2282 894 ‘I
2308 835 2568 894 Provide
2611 834 2802 906 igitur
2823 848 2898 890 ex
2942 832 3018 890 iis
3043 833 3338 891 meritum
3374 831 3578 890 homi-

147 929 560 1003 Aegyptium,
613 937 678 986 ut
730 942 766 986 e
808 928 1082 986 Palladio
1110 933 1368 994 constat,
1401 927 1462 985 in
1493 927 1668 986 Scete
1699 925 1807 1004 (1),
1923 947 2088 1003 nem,
2137 932 2244 1006 qui
2291 931 2484 1004 possit
2524 945 2669 990 cum
2713 929 3136 989 sollicitudine
3193 934 3391 986 tantas
3449 928 3583 987 ani-

149 1034 344 1101 atque
395 1025 906 1096 Alexandrinum,
961 1026 1128 1098 quod
1195 1040 1271 1083 ex
1319 1026 1539 1084 eodem
1588 1025 1813 1084 verisi-
1921 1047 2055 1090 mas
2126 1045 2341 1104 regere
2410 1029 2812 1104 populorum.
2886 1029 3056 1086 Tunc
3129 1027 3428 1085 Macarius
3499 1027 3581 1084 ait

146 1126 502 1185 utillimum
552 1129 666 1191 est.
723 1124 788 1182 in
859 1123 1116 1184 Cellulis
1189 1123 1612 1182 obdormiisse
1692 1125 1811 1182 sci-
1924 1129 2330 1188 Posthumio:
2387 1128 2829 1187 Excusationes
2899 1140 3020 1184 non
3091 1125 3303 1191 audio,
3376 1139 3580 1196 neque

147 1239 286 1283 mus
311 1225 424 1298 (Ξ).
462 1223 532 1281 In
561 1223 685 1282 vita
705 1222 876 1282 enim
903 1222 1012 1280 illa
1043 1222 1196 1281 haec
1228 1223 1516 1294 leguntur
1550 1239 1563 1278 :
1609 1242 1632 1274 ι
1659 1222 1812 1282 Nota
1921 1242 2138 1286 causas
2162 1225 2401 1298 recipio
2436 1245 2450 1294 ;
2486 1227 2550 1284 hi
2582 1226 2751 1285 enim
2782 1239 3002 1284 omnes
3033 1223 3150 1283 sub
3193 1229 3300 1282 tua
3341 1221 3579 1280 ditione

145 1323 340 1395 igitur
387 1322 548 1380 facta
609 1327 701 1379 est
755 1325 967 1379 sancto
1025 1321 1316 1392 Macario,
1357 1319 1597 1379 scilicet
1646 1320 1810 1379 beati
1921 1326 2285 1396 manebunt,
2340 1338 2454 1383 nec
2501 1323 2661 1382 alius
2706 1328 2800 1382 est
2881 1327 3085 1381 tantae
3166 1319 3579 1378 abstinentiae

149 1420 411 1480 Antonii
458 1419 796 1492 discipulo,
861 1419 1250 1478 conversatio
1317 1418 1692 1486 Posthumii,
1753 1425 1810 1478 ei
1923 1423 2039 1489 vir,
2073 1422 2181 1494 qui
2213 1421 2408 1494 possit
2433 1421 2612 1480 istius
2652 1419 2868 1494 populi
2904 1421 3255 1493 gubernare
3309 1417 3574 1488 animas,

144 1518 407 1578 celebre
451 1517 589 1576 eius
633 1517 862 1576 factum
912 1523 1005 1574 est
1048 1530 1297 1584 nomen,
1349 1517 1685 1590 visumque
1722 1525 1814 1578 est
1923 1537 1995 1580 ac
2057 1521 2320 1579 sollicite
2369 1524 2789 1592 pertractare;
2833 1524 2894 1576 et
2936 1524 3004 1576 ut
3046 1519 3279 1576 certius
3335 1516 3566 1581 dicam,

147 1617 266 1682 illi,
301 1615 384 1672 ad
418 1617 589 1674 hunc
615 1613 790 1673 abire
819 1615 883 1672 in
929 1628 1236 1672 eremum.
1284 1613 1442 1672 Nam
1473 1615 1640 1673 idem
1681 1617 1816 1674 Ma-
1922 1617 2327 1678 dilectissime
2377 1619 2588 1684 frater,
2648 1623 2708 1674 te
2756 1617 3060 1675 electione
3111 1630 3222 1673 sua
3277 1614 3574 1673 Dominus

145 1717 362 1774 carius
421 1716 504 1773 ab
546 1714 772 1773 illustri
817 1714 952 1772 viro
1017 1714 1284 1772 Antonio
1361 1715 1812 1773 monachorum
1847 1785 1876 1789 _
1923 1716 2265 1789 designavit
2293 1717 2369 1774 ad
2400 1715 2868 1789 suscipiendum
2902 1715 3066 1772 hunc
3109 1712 3442 1771 ministerii
3491 1713 3581 1770 lo-

148 1815 276 1872 fere
346 1811 802 1886 quinquaginta
875 1811 1073 1869 millia
1157 1818 1516 1884 susceperat
1583 1814 1809 1884 guber-
1847 1785 1886 1838 Β
1923 1785 2107 1882 ουωξ
2155 1785 2758 1888 nequaquam—ergo
2814 1812 3065 1872 coelesti
3124 1811 3362 1884 poteris
3429 1825 3582 1869 con-

155 1911 388 1970 nanda.
469 1910 761 1969 Eiusdem
848 1909 1038 1983 igitur
1129 1910 1376 1968 Macarii
1463 1910 1668 1969 exitus
1735 1911 1813 1969 de
1924 1913 2231 1972 tradicere
2298 1912 2581 1972 iussioni.
2655 1910 2819 1971 Nihil
2891 1927 2965 1968 ex
3019 1910 3138 1968 hoc
3184 1908 3582 1968 Posthumius

150 2009 408 2068 saeculo
474 2007 1040 2082 appropinquabat,
1114 2015 1175 2067 et
1238 2008 1560 2068 Dominico
1615 2008 1812 2083 gregi,
1925 2012 2169 2070 locutus
2229 2017 2322 2070 est
2392 2010 2678 2077 Macario,
2752 2009 2858 2068 sed
2948 2009 3098 2067 dum
3175 2008 3310 2066 eius
3390 2005 3578 2064 verba

152 2108 294 2182 quis
371 2113 512 2180 post
574 2106 711 2164 eius
781 2119 1104 2164 excessum
1159 2106 1500 2178 magisterii
1560 2107 1813 2166 nomine
1923 2123 2137 2168 secum
2200 2109 2263 2167 in
2339 2109 2551 2167 animo
2623 2109 2920 2173 volveret,
2998 2105 3303 2165 Macarius
3371 2103 3581 2162 emisit

151 2207 627 2279 subrogaretur,
717 2202 1178 2277 inquirebatur.
1267 2204 1524 2263 Sanctus
1603 2204 1814 2278 itaque
1923 2206 2239 2279 spiritum,
2300 2207 2636 2283 statimque
2691 2205 3074 2279 populorum
3134 2203 3348 2276 ingens
3391 2203 3580 2260 turba

151 2303 462 2362 Macarius
517 2315 664 2360 cum
715 2301 791 2359 ad
853 2305 1135 2360 sanctum
1207 2301 1477 2361 venisset
1557 2302 1813 2362 Posthu-
1924 2305 2156 2363 intente
2185 2304 2260 2362 ad
2295 2304 2479 2362 funus
2502 2309 2786 2362 currunt.
2839 2303 2929 2361 ibi
2975 2301 3374 2375 psallentium
3422 2301 3580 2358 mul-

151 2402 380 2468 mium,
429 2401 676 2473 excepit
721 2414 868 2458 eum
918 2400 1208 2468 libenter,
1255 2402 1594 2474 praecipue
1633 2403 1815 2461 cuius
1921 2402 2122 2461 titudo
2164 2402 2430 2460 diversis
2470 2403 2854 2474 hymnorum
2900 2401 3181 2470 vocibus,
3229 2399 3408 2472 quasi
3453 2412 3579 2455 uno

151 2501 275 2558 iam
321 2501 407 2558 ab
455 2499 675 2572 angelo
720 2500 948 2556 famam
998 2498 1299 2556 audierat.
1356 2499 1485 2558 Non
1525 2514 1672 2574 ergo
1705 2495 1812 2559 ille
1923 2515 2055 2569 ore,
2113 2502 2331 2560 laudes
2392 2502 2510 2558 Deo
2567 2501 2898 2567 canebant,
2959 2499 3158 2556 donec
3212 2511 3444 2568 corpus
3501 2495 3579 2554 ad

153 2604 216 2656 ut
248 2600 505 2674 hospes,
553 2597 662 2654 sed
691 2597 827 2655 eius
864 2596 1177 2655 subtiliter
1220 2597 1551 2670 explorare
1583 2613 1810 2672 propo-
1921 2599 2327 2672 sepulchrum
2392 2598 2810 2657 deduceretur
2881 2595 3270 2655 humandum
3323 2612 3336 2661 ;
3395 2607 3580 2652 nemo

151 2697 343 2755 situm
378 2700 652 2754 venerat.
690 2692 888 2753 Porro
919 2691 1168 2752 Macarii
1213 2695 1614 2767 adspectibus
1645 2697 1810 2756 Post-
1922 2704 2128 2756 tamen
2183 2697 2583 2756 vehementer
2639 2695 2891 2754 dolebat
2947 2709 3044 2762 eo,
3103 2692 3273 2766 quod
3335 2697 3582 2749 sanctus

152 2793 361 2853 humii
403 2791 786 2864 complacuit
826 2792 1239 2859 conversatio,
1275 2799 1335 2850 et
1369 2807 1514 2852 eum
1543 2796 1812 2854 suadere
1922 2794 2223 2855 Macarius
2266 2801 2391 2852 tam
2434 2792 2732 2852 velociter
2773 2793 3224 2851 monasterium
3268 2786 3582 2862 relinque-

150 2890 384 2964 coepit,
437 2895 507 2948 ut
548 2889 740 2948 sancti
782 2889 1032 2948 Antonii
1083 2891 1607 2950 anachoretarum
1642 2891 1811 2965 prin-
1923 2899 2036 2960 ret,
2065 2891 2362 2965 quoniam
2398 2892 2695 2950 Dominus
2724 2891 3000 2948 similem
3042 2890 3098 2946 ei
3149 2888 3578 2947 Posthumium

154 2989 318 3062 cipis
376 3002 502 3047 non
561 2994 924 3060 gravaretur
986 2987 1238 3047 visitare
1307 2985 1627 3063 reliquias.
1688 2990 1807 3048 Sed
1919 2991 2088 3064 gregi
2116 3005 2231 3048 suo
2265 2989 2629 3062 magistrum
2661 2987 3020 3060 providerat
3052 2986 3160 3061 (3).
3202 3008 3227 3037 »
3262 2984 3577 3057 Quidquid

148 3101 294 3145 cum
332 3085 509 3144 omni
551 3085 776 3144 virtute
820 3085 1200 3146 reniteretur
1245 3092 1305 3145 et
1348 3087 1526 3146 abire
1563 3087 1810 3160 penitus
1847 3137 1886 3192 Ο
1921 3088 2110 3162 igitur
2151 3087 2228 3145 de
2269 3087 2385 3145 hac
2423 3086 2544 3143 vita
2585 3085 2830 3156 statuis,
2862 3083 2976 3144 etsi
3009 3084 3158 3141 satis
3195 3082 3452 3154 antiqua
3505 3095 3578 3138 ea

147 3185 478 3253 noluisset,
549 3183 610 3242 in
658 3184 896 3242 somnis
951 3184 1348 3244 Posthumius
1401 3186 1536 3244 sine
1595 3186 1807 3259 aliquo
1850 3177 2051 3244 "esse
2140 3185 2448 3249 videatur,
2553 3188 2810 3256 apparet
2893 3188 3122 3249 tamen,
3213 3177 3573 3247 Macarium,

145 3282 548 3342 cunctamine
608 3282 702 3340 ire
778 3281 982 3340 iussus
1050 3282 1298 3342 divinae
1379 3283 1808 3343 contradicere
1917 3297 2106 3356 quem
2175 3281 2334 3340 vitae
2395 3281 2665 3352 scriptor
2737 3279 2796 3338 S.
2877 3277 3129 3337 Antonii
3195 3275 3575 3347 discipulum

145 3395 270 3438 non
330 3383 578 3452 poterat
635 3379 964 3438 maiestati.
1030 3380 1242 3453 itaque
1310 3395 1456 3439 cum
1537 3381 1805 3441 Macario
1915 3385 2095 3440 vocat
2144 3385 2204 3438 et
2255 3379 2652 3444 monistrum,
2715 3376 2824 3450 qui
2882 3390 3112 3449 corpus
3155 3375 3292 3434 eius
3335 3371 3575 3445 sepeli-

144 3477 510 3551 aggreditur
567 3477 706 3543 iter,
773 3478 1239 3536 multitudinem
1309 3480 1807 3554 congregationis
1915 3479 2094 3550 verit,
2159 3476 2607 3550 monachisque
2675 3481 2813 3548 post
2879 3480 3148 3534 mortem
3206 3469 3268 3534 S.
3325 3468 3570 3529 Antonii

144 3575 626 3637 monachorum.
679 3589 841 3648 quae
887 3590 922 3633 a
973 3575 1108 3635 solo
1160 3577 1629 3649 gubernabatur
1685 3579 1804 3636 Ma-
1917 3575 2279 3648 praefuerit,
2332 3590 2367 3631 a
2420 3573 2614 3632 nostri
2686 3572 2968 3631 Macariis
3020 3571 3339 3630 diversum
3413 3583 3568 3626 esse.

140 3671 342 3740 cario,
427 3672 762 3745 ingressus,
845 3673 922 3731 de
1022 3688 1150 3746 quo
1231 3689 1419 3747 saepe
1503 3675 1799 3746 diximus,
1913 3675 2304 3746 Quapropter
2351 3672 2542 3730 etiam
2595 3671 2748 3729 duas
2789 3671 2927 3729 illas
2979 3671 3056 3727 de
3110 3669 3378 3726 Macario
3429 3679 3571 3738 gra-

143 3784 382 3843 corpus
425 3770 746 3842 sepeliisse
801 3770 1108 3844 magistri,
1159 3785 1302 3830 cum
1355 3772 1622 3844 spiritus
1669 3773 1806 3832 eius
1914 3770 2144 3828 tiarum
2199 3769 2265 3828 S.
2309 3767 2555 3826 Antonii
2607 3767 2872 3824 haerede
2920 3765 3233 3829 historias,
3263 3776 3418 3835 quas
3473 3775 3574 3817 su-

143 3874 402 3927 vocatus
430 3874 522 3926 est
551 3883 626 3926 ex
673 3869 946 3928 saeculo.
998 3870 1288 3940 Quicum
1332 3885 1398 3928 se
1429 3871 1493 3928 in
1523 3876 1805 3930 extremo
1917 3883 2027 3941 pra
2064 3883 2098 3924 e
2141 3865 2490 3925 Meursiana
2547 3863 2851 3922 Historiae
2911 3861 3234 3920 Lausiacae
3295 3857 3572 3915 editione

145 3967 311 4026 vitae
342 3965 521 4024 istius
557 3967 923 4038 temporalis
971 3967 1344 4039 adspiceret,
1397 3968 1698 4027 advocato
1730 3969 1806 4027 ad
1917 3965 2162 4038 spurias
2191 3963 2594 4022 exhibuimus
2640 3959 2752 4037 (4),
2801 3961 2878 4018 ad
2906 3957 3351 4032 Pispiritanum
3383 3954 3574 4012 refer-

147 4079 213 4122 se
259 4068 480 4122 sancto
533 4063 914 4138 Posthumio,
963 4063 1046 4123 ita
1083 4080 1345 4124 exorsus
1393 4072 1485 4124 est
1513 4066 1571 4125 ei
1627 4082 1640 4124 :
1693 4066 1805 4132 En,
1921 4062 2144 4121 rendas
2174 4076 2307 4120 esse
2337 4059 2740 4120 crediderim.

144 4161 367 4231 frater,
422 4167 677 4234 tempus
723 4162 1126 4222 resolutionis
1171 4177 1348 4222 meae
1380 4164 1612 4237 instat;
1661 4180 1813 4238 qua-

159 4265 424 4333 propter
477 4259 739 4318 audiens
804 4260 1039 4319 bonum
1105 4262 1534 4320 testimonium
1593 4263 1671 4321 de
1729 4271 1810 4337 te,
2003 4255 2033 4335 §
2086 4258 2184 4316 46.
2249 4256 2340 4315 Ad
2417 4260 2662 4314 cetoros
2722 4253 2950 4313 deinde
3014 4251 3192 4310 istius
3267 4245 3573 4321 temporis

159 4357 349 4416 ﬁnem
445 4358 778 4417 senectutis
852 4373 1027 4418 meae
1101 4359 1443 4418 debilitatis
1509 4363 1812 4434 supposui
1924 4355 2223 4415 Macarios
2346 4352 2515 4426 quod
2634 4352 2872 4422 attinet,
2993 4349 3186 4409 nostri
3317 4345 3575 4419 quidem

153 4454 477 4527 gressibus
517 4455 593 4513 ad
651 4456 1122 4530 pertingendum
1173 4473 1370 4530 usque
1400 4459 1478 4517 ad
1522 4465 1601 4518 te.
1638 4459 1813 4519 Nunc
1850 4490 1895 4544 ι)
1925 4453 2173 4512 Macarii
2269 4467 2306 4510 a
2402 4449 2670 4510 Macario
2767 4448 3036 4521 iuniore,
3132 4447 3264 4520 qui,
3377 4457 3574 4544 quum

155 4552 346 4624 igitur
377 4554 539 4611 bene
569 4554 766 4612 fecisti
807 4553 1018 4612 venire
1051 4569 1317 4613 mecum.
1374 4555 1635 4630 Suscipe
1664 4573 1813 4632 ergo
1851 4541 1883 4544 ”
1926 4552 2115 4610 boves
2207 4565 2466 4623 pascens
2554 4549 2811 4607 caedem
2894 4547 3058 4604 haud
3162 4541 3576 4618 praemedita-

159 4656 424 4723 paterno
473 4665 690 4709 amore
735 4665 981 4724 gregem
1029 4653 1130 4711 Dei
1169 4653 1243 4711 ad
1278 4655 1640 4728 regendum.
1677 4657 1773 4716 N01

1963 4664 2050 4707 tm
2135 4652 2570 4722 perpetrasset,
2661 4646 2724 4704 in
2805 4644 3142 4703 solitudiue
3235 4639 3577 4699 monachus

157 4762 488 4821 quaerere,
537 4749 705 4822 quod
745 4749 860 4807 tibi
893 4750 1046 4808 utile
1074 4756 1187 4820 est,
1231 4752 1337 4810 sed
1369 4753 1538 4826 quod
1574 4753 1810 4826 multis,
1927 4747 2370 4820 poenitentiam
2461 4744 2680 4818 agebat
2792 4740 2898 4819 (5),
2994 4749 3054 4799 et
3159 4755 3191 4796 a
3312 4735 3578 4794 Macario

159 4851 229 4904 ut
276 4847 433 4905 salvi
482 4846 676 4917 ﬁant;
721 4861 798 4906 ne
843 4861 993 4922 ergo
1040 4863 1224 4923 neges
1269 4850 1653 4924 suscipiendi
1707 4852 1818 4911 ho-
1935 4841 2101 4912 187
2247 4842 2654 4902 Alexandriae
2765 4840 3130 4914 presbytero
3223 4834 3579 4909 ptochotro-

158 4944 335 5004 noris
403 4944 691 5018 gratiam,
768 4947 1126 5005 mercedem
1208 4962 1244 5005 a
1309 4949 1570 5009 Domino
1647 4964 1821 5010 rece-
1928 4943 2189 5018 phiique
2238 4940 2636 5000 Alexandrini
2684 4939 2996 5014 praefecto
3046 4933 3150 5005 (6),
3207 4948 3322 4993 nec
3383 4946 3506 4990 non
3548 4946 3582 4988 a

230 5150 319 5219 (1)
354 5146 598 5218 Supra§
627 5148 692 5202 12
721 5164 779 5219 p.
811 5148 900 5204 41.

1965 5151 2267 5209 :assiodor.
2314 5151 2454 5207 Hist.
2496 5149 2722 5221 tripart.
2763 5148 2866 5205 lib.
2903 5147 3022 5202 VIII
3067 5161 3199 5216 cap.
3246 5149 3264 5198 l
3329 5143 3388 5197 in
3436 5139 3579 5196 ﬁne.

234 5238 318 5308 (2)
343 5239 538 5308 Supra
569 5239 597 5304 §
627 5237 690 5291 21
721 5252 776 5307 p.
817 5236 906 5292 86.
947 5237 976 5310 §
1006 5237 1074 5292 30
1115 5255 1171 5309 ρ.
1199 5239 1321 5294 127.
1925 5241 2237 5313 Nicephor.
2280 5239 2499 5296 Callist.
2528 5237 2746 5294 Eccles.
2783 5237 2922 5293 Hist.
2965 5236 3067 5292 lib.
3098 5239 3165 5293 XI
3191 5253 3324 5308 cap.
3350 5241 3439 5293 35.

232 5327 314 5396 (3)
343 5326 469 5381 Vita
508 5325 566 5380 S.
602 5325 927 5382 Posthumii
975 5342 1110 5399 cap.
1165 5327 1220 5393 7,
1268 5329 1388 5382 VV.
1439 5329 1545 5386 PP.
1624 5333 1811 5386 Hosvv.
2001 5331 2077 5400 (6)
2135 5329 2275 5385 Hist.
2322 5331 2491 5384 Laus.
2539 5328 2634 5382 ed.
2676 5330 2882 5384 Meurs.
2927 5343 3060 5397 cap.
3104 5328 3132 5380 Ἰ
3197 5329 3344 5398 Opp.
3375 5329 3582 5382 Meurs.

165 5431 226 5488 p.
260 5416 366 5472 235
392 5430 486 5487 sq.
1929 5419 1970 5476 l.
1998 5419 2040 5471 Ι.
2071 5435 2128 5490 p.
2161 5423 2261 5474 757
2281 5435 2372 5490 sq.
2394 5417 2554 5473 Idem
2575 5416 2861 5473 Macarius
2876 5415 3588 5488 presbyterAlexandriae

238 5503 467 5575 (“$24
510 5520 573 5575 p.
613 5502 714 5560 103
747 5518 838 5576 sq.
1933 5507 2112 5563 fuisse
2167 5507 2416 5577 videtur,
2477 5523 2658 5579 quem
2710 5505 2962 5561 laudant
3025 5507 3183 5560 Socr.
3236 5506 3376 5559 Hist.
3432 5504 3583 5560 Eccl.

241 5594 318 5666 (5)
363 5593 509 5649 Hist.
564 5592 744 5646 Laus.
778 5591 874 5648 ed.
917 5593 1127 5649 Meurs.
1159 5610 1294 5666 cap.
1342 5596 1404 5650 18
1425 5595 1576 5668 Opp.
1608 5597 1818 5653 Meurs.
1932 5594 2037 5652 lib.
2079 5596 2121 5650 Ι.
2165 5613 2304 5668 cap.
2344 5600 2410 5651 27
2443 5613 2456 5663 ;
2495 5597 2726 5652 Sozom.
2761 5594 2907 5650 Hist.
2944 5593 3094 5650 Eccl.
3122 5594 3223 5650 lib.
3257 5594 3302 5648 ll
3329 5610 3463 5666 cap.
3498 5597 3586 5657 22,

167 5680 208 5738 l.
242 5682 282 5736 Ι.
321 5699 381 5756 p.
414 5682 550 5740 385.
590 5680 682 5738 Cf.
714 5682 946 5739 Sozom.
982 5683 1119 5740 Hist.
1149 5685 1298 5741 Eccl.
1331 5683 1434 5742 lib.
1481 5687 1543 5742 Vl
1574 5701 1707 5758 cap.
1731 5691 1819 5743 29.
1936 5690 2067 5743 tum
2099 5685 2505 5752 Cassiodorus,
2536 5684 2902 5757 Nicephorus
2936 5685 3204 5742 Callistus
3235 5689 3346 5740 cet.
