4088 6192
500 299 599 353 175
1190 294 1292 350 SS.
1336 293 1825 350 MACARIORUM
1869 293 2204 349 AEGYPTII
2249 293 2335 348 ET
2373 293 2864 349 ALEXANDRINI
2911 293 3142 351 Vl'l‘AE.
3796 290 3906 345 176

485 426 751 486 Macario
793 422 1374 495 Hierosolymorum
1435 423 1732 496 episcopo
1791 420 1899 497 (Ι),
1960 420 2344 494 aliis-Ane,
2414 438 2573 494 quae
2648 423 2725 481 de
2783 423 3049 482 Macario
3116 421 3534 480 Alexandrino
3590 419 3909 479 Palladius

486 540 607 597 que
661 525 744 594 (2)
781 520 1077 579 facillime
1121 520 1540 592 distinguitur.
1583 521 1699 579 Sed
1740 535 1864 579 una
1904 536 2133 593 super-
2246 520 2563 593 ceterique
2625 521 3038 589 tradiderunt,
3088 521 3144 579 ei
3189 519 3646 579 contradicunt.
3712 519 3912 576 Acce-

487 627 578 680 est
651 620 1003 684 difﬁcultas,
1083 634 1271 692 quam
1341 618 1563 677 obiicit
1621 620 2035 692 fragmentum
2101 635 2135 676 e
2246 618 2356 685 dit,
2391 618 2559 690 quod
2594 618 2920 685 Palladius,
2968 620 3074 692 qui
3127 623 3252 676 tres
3289 632 3482 676 annos
3511 631 3656 674 cum
3706 617 3905 674 Maca-

487 731 775 777 sermone
833 716 1102 789 Philippi
1153 717 1429 775 Sidensis
1479 717 1654 775 XXIV
1707 718 1768 774 in
1827 717 2132 775 Gallandii
2247 715 2342 773 rio
2372 715 2789 773 Alexandrino
2821 716 2974 774 vixit
3004 714 3113 791 (5),
3149 720 3208 774 et
3236 715 3508 783 Ruﬁnus,
3545 715 3679 788 qui,
3713 714 3904 785 Didy-

486 816 869 874 Bibliotheca
909 815 1014 874 PP.
1050 829 1371 881 excusum,
1405 829 1532 887 quo
1575 816 1826 874 scholae
1874 816 2136 872 Alexan-
2246 828 2351 870 mo
2399 827 2503 871 sex
2534 828 2726 872 annos
2755 814 2993 887 audito,
3028 814 3091 872 in
3131 828 3416 872 eremum
3448 813 3524 870 ad
3559 811 3901 870 Macarium

488 915 705 972 drinae
779 917 1228 970 enumerantur
1293 913 1656 985 praepositi.
1719 913 1809 971 Ab
1873 913 2136 971 Athena-
2249 911 2562 984 profectus
2604 916 2696 969 est
2726 909 2834 988 (6),
2871 912 3040 970 illius
3082 913 3172 970 rei
3217 927 3292 970 ne
3325 912 3708 969 levissimam
3748 910 3904 983 qui-

489 1027 638 1086 gora
671 1011 866 1082 enim,
895 1011 1003 1082 qui
1055 1010 1345 1068 Hadriani
1392 1016 1452 1068 et
1501 1011 1792 1069 Antonini
1837 1012 2138 1084 tempori—
2246 1009 2390 1066 dem
2441 1011 2821 1068 mentionem
2867 1011 3121 1069 faciunt.
3181 1008 3262 1067 Ex
3306 1011 3538 1082 quibus
3585 1024 3698 1082 ego
3747 1007 3903 1081 qui-

492 1113 609 1169 bus
685 1109 968 1179 ﬂorebat,
1028 1108 1354 1180 incipiens,
1419 1109 1741 1167 recensitis
1819 1109 2137 1169 nonnullis
2245 1107 2388 1164 dem
2479 1107 2770 1175 coniicio,
2875 1110 3208 1167 Macarium
3294 1123 3544 1182 quoque
3631 1103 3902 1156 πολιτικὸν

491 1208 630 1266 aliis
681 1207 758 1264 ad
805 1207 1209 1278 Serapionem
1255 1208 1498 1278 transit,
1537 1228 1566 1260 «
1604 1222 1816 1280 quem,
1851 1229 1872 1261 ι
1910 1209 2134 1281 inquit,
2253 1205 2453 1273 illum,
2512 1206 2762 1265 scholae
2819 1206 3271 1266 Alexandrinae
3336 1203 3510 1274 188
3556 1205 3901 1291 aliquando

499 1327 520 1357 ε
584 1305 826 1377 excepit
883 1318 1142 1376 magnus
1183 1304 1290 1363 ille
1339 1306 1551 1364 Petrus
1587 1306 1920 1380 episcopus
1967 1320 2136 1364 mar-
2245 1302 2603 1372 antistitem,
2653 1320 2687 1362 a
2726 1305 2954 1364 nostris
3001 1305 3283 1364 Macariis
3326 1306 3642 1365 diversum
3681 1305 3896 1363 fuisse.

494 1404 659 1476 tyrio
730 1401 1022 1474 inclytus.
1102 1402 1240 1460 Post
1305 1403 1556 1462 Petrum
1630 1405 1952 1472 Macarius,
2029 1405 2137 1477 qui
2248 1399 2412 1459 Num
2455 1416 2604 1460 vero
2662 1402 2962 1461 Macarius
3009 1404 3336 1477 presbyter
3373 1403 3488 1462 iste
3535 1402 3904 1462 Alexandri-

491 1497 756 1557 πολιτικός
812 1516 846 1556 a
933 1500 1358 1558 conterraneis
1453 1506 1543 1559 est
1639 1501 2134 1575 cognominatus.
2250 1514 2367 1557 nus
2414 1500 2669 1558 antistes
2723 1501 2972 1560 scholae
3034 1501 3202 1560 illius
3258 1502 3618 1561 statuendus
3643 1500 3744 1568 sit,
3798 1516 3906 1559 ne-

495 1601 634 1657 Post
693 1613 836 1657 eum
896 1597 1212 1668 Didymus,
1276 1603 1415 1670 post
1470 1599 1800 1671 Didymum
1854 1601 2136 1668 Rhodon,
2253 1612 2375 1670 que
2405 1612 2628 1670 negare
2657 1613 2862 1672 neque
2890 1599 3200 1658 afﬁrmare
3231 1599 3456 1658 ausim.

488 1696 595 1769 qui
628 1696 838 1764 etiam,
868 1703 935 1753 ut
967 1695 1139 1753 testis
1175 1701 1267 1754 est
1303 1697 1438 1770 ipse
1478 1698 1821 1772 Philippus,
1866 1700 2142 1758 scholam

491 1794 800 1852 transtulit
842 1794 905 1851 in
937 1793 1108 1851 illam
1141 1795 1343 1867 ipsam
1378 1797 1693 1856 vivitatem
1716 1797 1902 1856 Siden
1947 1800 2144 1871 impe-
2179 1774 2222 1830 Β
2335 1793 2546 1866 Itaque
2591 1794 2988 1867 quaestiones
3033 1795 3112 1853 de
3162 1795 3573 1854 Macariorum
3626 1793 3913 1868 Aegyptii

491 1897 662 1950 rante
729 1906 952 1964 magno
1009 1892 1380 1953 Theodosio.
1453 1895 1651 1953 Huius
1705 1896 2026 1954 Rhodonis
2079 1912 2144 1954 se
2255 1895 2317 1948 et
2380 1890 2782 1950 Alexandrini
2855 1892 2996 1951 vitis
3053 1893 3457 1951 absolvimus.
3525 1893 3611 1950 Ad
3675 1892 3915 1964 scripta

490 1989 871 2062 discipulum
920 1990 1106 2048 fuisse
1168 1991 1252 2048 ait
1297 1991 1697 2065 Philippus...
1731 2015 1760 2045 »
1828 1992 1932 2062 (3).
1987 1995 2144 2064 Quid
2256 2003 2477 2048 eorum
2499 1989 2666 2061 quod
2689 1991 2926 2059 attinet,
2959 2005 3032 2049 ea
3063 1990 3319 2063 quidem
3350 1990 3714 2064 dignissima
3739 1996 3913 2057 sunt,

491 2088 682 2160 igitur
722 2090 751 2145 ?
796 2089 953 2145 Num
996 2090 1297 2147 Macarius
1343 2091 1815 2159 Alexandrinus,
1861 2094 1968 2166 qui
2016 2095 2148 2151 Pal-
2258 2087 2336 2144 de
2378 2087 2610 2160 quibus
2640 2088 2833 2146 simili
2874 2090 3113 2147 ratione
3143 2089 3494 2147 accuratius
3525 2089 3907 2161 inquiratur.

495 2187 662 2245 ladio
723 2185 988 2259 aliisque
1057 2188 1320 2246 testibus
1372 2185 1640 2248 πολιτικός
1699 2205 1733 2248 a
1798 2192 2150 2250 coaetaneis
2261 2186 2379 2244 Sed
2431 2186 2546 2242 hac
2594 2185 3054 2259 disquisitione,
3108 2201 3303 2260 quum
3358 2189 3437 2246 ab
3490 2188 3609 2246 hoc
3658 2187 3923 2260 quidem

496 2289 748 2343 vocatus
788 2290 877 2341 est
920 2285 1412 2362 (4),aliquando,
1439 2292 1579 2345 ante
1639 2288 1970 2361 Didymum
2026 2290 2152 2347 sci-
2264 2285 2586 2360 proposito
2641 2291 2852 2343 nostro
2901 2285 3104 2344 aliena
3154 2286 3256 2359 sit,
3289 2286 3351 2343 in
3399 2285 3749 2359 praesentia
3817 2302 3924 2344 su-

500 2381 645 2440 licet
673 2383 922 2441 scholae
945 2382 1402 2441 Alexandrinae
1446 2385 1766 2456 praefuit?
1793 2387 2012 2445 Omnia
2061 2403 2155 2446 sa-
2267 2384 2695 2456 persedemus.

574 2549 650 2617 (1)
679 2549 912 2603 Sozom.
949 2547 1090 2603 Hist.
1124 2549 1272 2603 Eccl.
1305 2549 1409 2605 lib.
1441 2551 1461 2603 Ι
1492 2566 1625 2621 cap.
1661 2553 1724 2606 17
1763 2569 1776 2618 ;
1808 2551 2155 2610 Theodoret.
2271 2550 2493 2618 laudat,
2525 2553 2634 2605 cet.

507 2636 644 2691 Hist.
681 2636 832 2691 Eccl.
867 2636 967 2692 lib.
1010 2638 1032 2690 Ι
1079 2653 1212 2708 cap.
1247 2639 1333 2704 16,
1372 2639 1524 2710 Opp.
1559 2639 1652 2695 ed.
1684 2642 1949 2698 Noesselt
1996 2645 2055 2698 T.
2089 2645 2160 2698 lll
2340 2637 2712 2711 (3)Galland.
2751 2637 3020 2694 Biblioth.
3050 2642 3150 2694 PP.
3182 2641 3241 2695 Τ.
3285 2640 3348 2695 IX
3372 2639 3575 2710 p.40l.

502 2740 567 2798 p.
591 2727 684 2780 79l
725 2741 823 2797 sq.

2346 2730 2423 2800 (4)
2451 2729 2534 2784 Cf.
2567 2744 2750 2799 supra
2782 2728 2901 2794 §24
2926 2743 2984 2798 p.
3015 2729 3134 2794 104,
3168 2728 3288 2798 §25
3311 2745 3369 2801 p.
3403 2729 3504 2784 104
3527 2745 3660 2802 sqq.

577 2814 657 2885 (2)
684 2817 804 2870 Huc
837 2816 1128 2886 pertinent
1158 2818 1444 2873 Macarius
1476 2821 1802 2884 Romanus,
1835 2822 2005 2877 cuius
2040 2823 2162 2880 vita
2346 2820 2426 2888 (5)
2467 2819 2659 2888 Supra
2692 2832 2746 2888 p.
2782 2819 2968 2873 66-85.

507 2907 693 2960 exstat
723 2906 832 2959 VV.
862 2907 962 2962 PP.
997 2907 1187 2962 Rosw.
1223 2908 1325 2962 224
1359 2923 1474 2980 sq.,
1506 2909 1799 2966 Macarius
1830 2911 2160 2968 Mathema-
2347 2909 2427 2978 (6)
2461 2910 2652 2978 Supra
2678 2909 2708 2960 6
2734 2905 2761 2978 §
2788 2921 2846 2977 p.
2883 2908 2968 2961 18.

510 2993 683 3059 ticus,
713 3008 894 3066 quem
946 2995 1194 3052 Ruﬁnus
1241 2996 1302 3052 in
1332 2996 1584 3069 Apolog.
1629 2999 1956 3074 [lnvectiv.]
1985 3000 2090 3057 lib.
2120 3001 2166 3056 Il
