4088 6192
476 299 581 356 179

1236 280 1239 281 ί
1324 299 1423 358 ss.
1461 296 1952 356 MACARIOBUM
1990 294 2323 355 AEGYPTII
2372 295 2459 351 ET
2497 294 2981 354 ALEXANDRINI

3726 293 3833 353 180

464 438 603 494 gros
634 425 965 494 nonaginta
990 440 1205 492 annos,
1228 423 1473 480 virtutes
1503 422 1824 494 proferam.
1859 423 1913 477 Is
1938 422 1997 477 in
2027 437 2119 477 so-

2231 442 2325 495 μαι
2366 424 2386 458 ³
2416 429 2507 475 τοῦ
2541 422 2824 493 Αἰγυπτίου
2855 424 3132 493 Μακαρίου
3165 422 3260 482 τὰς
3286 419 3468 494 ἀρετάς
3494 438 3508 451 ⁸
3543 420 3598 483 ὃς
3618 423 3639 457 ⁸
3671 421 3831 483 ἔζησε

464 513 771 569 litudinem
811 514 1048 585 triginta
1094 529 1288 571 annos
1336 518 1509 568 natus
1555 512 1842 576 ascendit,
1890 511 1950 566 in
1997 527 2122 583 qua

468 619 660 659 annos
694 602 998 671 sexaginta
1042 603 1284 673 peregit.
1325 603 1512 657 Tanta
1560 601 1797 656 labores
1839 602 2122 657 exercita-

462 692 636 748 tionis
665 691 791 746 tulit
819 692 1173 757 constantia,
1210 698 1268 746 ut
1291 696 1423 762 post
1454 691 1661 746 decem
1684 707 1874 746 annos
1903 691 2119 759 insigni

466 778 733 851 quadam
760 779 1137 835 distinctione
1169 780 1388 850 dignus
1417 778 1657 834 habitus
1704 775 2119 853 παιδαριογέρων

467 876 802 931 vocaretur,
825 870 969 939 quia
992 870 1181 931 citius,
1207 885 1391 940 quam
1426 884 1532 937 pro
1559 873 1768 934 aetate,
1806 869 2119 923 virtutibus

467 956 814 1029 profecerat.
850 957 1260 1027 Quadraginta
1300 958 1458 1012 enim
1508 972 1701 1012 annos
1747 963 1921 1013 natus
1956 962 2118 1028 pote-

466 1052 679 1101 statem
724 1045 1053 1117 expellendi
1100 1047 1445 1108 daemones,
1489 1047 1741 1115 gratiam
1773 1047 2119 1116 curationis,

470 1135 867 1207 spiritumque
895 1135 1243 1207 prophetiae
1270 1135 1516 1207 accepit,
1537 1140 1594 1191 et
1618 1135 1957 1194 honorabili
1977 1152 2123 1208 quo-

470 1241 588 1297 que
629 1224 958 1280 sacerdotio
988 1225 1207 1294 dignus
1237 1226 1610 1282 existimatus
1640 1230 1748 1280 est.
1796 1225 1939 1280 Cum
1988 1226 2119 1297 ipso

469 1315 591 1370 duo
612 1312 970 1369 habitabant
991 1314 1263 1384 discipuli
1287 1314 1344 1369 in
1367 1314 1577 1369 intima
1598 1314 1937 1382 solitudine,
1964 1330 2120 1387 quae

471 1408 717 1458 vocatur
754 1404 937 1457 Scete.
972 1404 1238 1468 Quorum
1272 1419 1424 1458 unus
1462 1419 1700 1473 semper
1724 1418 1912 1475 prope
1952 1404 2118 1459 illum

474 1496 599 1547 erat
645 1507 852 1547 eorum
884 1508 1087 1557 causa,
1136 1491 1236 1564 qui
1285 1492 1604 1548 veniebant
1633 1498 1695 1547 ut
1727 1498 2076 1549 curarentur
2104 1510 2117 1559 ;

474 1580 621 1636 alter
638 1596 904 1635 seorsum
940 1580 1179 1636 sedebat
1211 1582 1269 1635 in
1294 1581 1538 1652 propria
1561 1580 1731 1637 cella.
1764 1584 2120 1637 Procedente

469 1674 671 1726 autem
706 1673 973 1740 tempore
1005 1671 1089 1725 vir
1118 1677 1359 1725 sanctus
1391 1671 1720 1741 perspicaci
1752 1671 1925 1726 oculo
1956 1687 2122 1743 prae-

468 1759 703 1824 videns,
737 1758 811 1824 ei,
853 1759 955 1830 qui
992 1758 1101 1813 sibi
1136 1759 1529 1823 ministrabat,
1562 1760 1810 1815 Joannis
1856 1762 2119 1826 nomine,

469 1848 571 1919 qui
624 1854 834 1918 postea
860 1847 1172 1919 presbyter
1210 1848 1400 1904 factus
1433 1852 1522 1904 est
1554 1850 1609 1903 iu
1644 1848 1831 1920 ipsius
1874 1851 2063 1905 vicem
2101 1868 2122 1917 ς

470 1937 643 2003 Audi,
661 1936 872 2009 inquit,
895 1936 1091 2002 frater,
1110 1953 1305 1992 meam
1320 1938 1815 2005 admonitionem,
1830 1940 2120 2011 quoniam

473 2030 527 2081 te
558 2026 998 2097 tentatspiritus
1031 2027 1336 2082 avaritiae.
1367 2027 1451 2083 Ita
1476 2026 1636 2082 enim
1668 2029 1946 2097 equidem
1980 2029 2118 2091 vidi,

472 2131 667 2186 neque
693 2116 924 2185 ignoro,
946 2115 990 2169 si
1014 2131 1212 2171 meam
1236 2131 1431 2188 aequo
1459 2118 1662 2172 animo
1690 2116 1892 2172 tuleris
1912 2118 2122 2172 exhor-

472 2204 777 2268 tationem,
806 2203 865 2258 in
891 2220 1070 2275 opere
1114 2205 1210 2260 Dei
1241 2204 1353 2259 hoc
1386 2205 1518 2260 loco
1557 2212 2120 2262 consummaturum

470 2296 527 2347 te
556 2307 709 2357 esse,
739 2291 1187 2365 gloriosumque
1225 2292 1369 2357 fore,
1402 2300 1459 2349 et
1492 2294 1797 2365 ﬂagellum
1840 2311 1960 2350 non
2009 2312 2120 2367 ap-

466 2381 1012 2452 propinquaturum
1037 2382 1422 2437 tabernaculo
1444 2386 1568 2438 tuo.
1593 2384 1663 2437 At
1687 2384 1732 2437 si
1759 2399 1851 2439 me
1871 2400 1993 2439 non
2018 2400 2120 2439 au-

470 2469 670 2534 dieris,
702 2470 854 2524 Giezi
894 2469 953 2523 in
997 2475 1050 2525 te
1079 2470 1215 2525 ﬁnis
1256 2471 1467 2535 veniet,
1502 2471 1672 2542 cujus
1700 2475 1757 2527 et
1784 2472 1999 2528 morbo
2032 2473 2118 2528 la-

468 2559 668 2615 boras.
704 2561 834 2613 Huic
872 2558 1031 2615 dicta
1073 2565 1211 2615 sunt
1258 2560 1521 2631 quinque
1569 2577 1763 2616 annos
1794 2567 2119 2633 antequam

471 2654 714 2702 sanctus
765 2647 933 2703 obiit.
985 2650 1049 2703 Et
1086 2649 1427 2720 quindecim
1470 2650 1644 2704 annis
1680 2656 1814 2720 post
1870 2656 2119 2707 mortem

469 2735 907 2808 Macariiquum
938 2739 1197 2792 Joannes
1228 2737 1389 2793 bona
1417 2754 1752 2810 pauperum
1783 2739 2116 2806 avertisset,

468 2825 549 2881 ita
580 2824 873 2881 laboravit
903 2825 1319 2896 elephantiasi,
1356 2834 1417 2881 ut
1447 2828 1505 2882 in
1553 2843 1799 2898 corpore
1832 2829 1961 2900 ejus
1999 2845 2119 2884 non

468 2912 1067 2984 invenireturinteger
1089 2914 1273 2978 locus,
1291 2916 1348 2969 in
1372 2932 1493 2989 quo
1513 2917 1649 2988 quis
1662 2916 1914 2984 digitum
1940 2918 2120 2987 ﬁgere

469 3008 690 3074 posset.
716 3005 799 3058 lta
819 3003 876 3058 in
907 3018 997 3072 eo,
1023 3004 1126 3075 qui
1154 3019 1274 3059 non
1306 3005 1630 3069 obedierat,
1656 3006 1967 3076 prophetia
1988 3023 2119 3062 san-

470 3092 543 3147 cti
571 3091 679 3146 viri
706 3090 949 3159 impleta
965 3098 1070 3148 est.
1100 3094 1175 3147 De
1204 3093 1335 3148 cibo
1358 3098 1560 3149 autem
1588 3093 1765 3167 249
1788 3100 1846 3151 et
1867 3101 2010 3167 potu
2029 3112 2120 3151 su-

472 3195 912 3251 pervacaneum
935 3187 1021 3235 est
1043 3197 1305 3246 narrare,
1326 3185 1613 3254 quoniam
1638 3199 1711 3239 ne
1738 3184 1901 3255 apud
1926 3200 2123 3239 socor-
2155 3170 2199 3227 (εἶ

468 3269 666 3323 diores
681 3268 925 3339 quidem
946 3272 1276 3325 monachos
1291 3271 1947 3345 monasteriorum,quae
1959 3278 2123 3328 extra

470 3361 626 3423 sunt,
659 3357 909 3411 inveniri
942 3358 1235 3427 ingluvies
1262 3361 1456 3430 possit
1481 3366 1583 3415 aut
1612 3360 1729 3416 alia
1754 3363 2051 3433 quaedam
2088 3379 2124 3417 a

470 3435 899 3500 consuetudine
929 3438 1156 3510 eorum,
1199 3449 1301 3519 qui
1348 3449 1405 3503 in
1452 3449 1576 3504 istis
1608 3448 1753 3504 locis
1789 3456 2120 3519 morantur,

471 3532 706 3589 diversa
738 3533 972 3589 vivendi
1004 3535 1267 3602 libertas,
1297 3553 1432 3593 cum
1466 3543 1708 3610 propter
1739 3539 2002 3611 inopiam
2038 3556 2123 3595 re-

471 3638 606 3678 rum
638 3624 1132 3689 necessariarum,
1178 3631 1301 3680 tum
1334 3632 1575 3699 propter
1613 3627 1802 3684 zelum
1847 3630 1943 3685 Dei
1976 3629 2124 3685 inter

474 3727 597 3777 eos,
614 3712 715 3784 qui
735 3712 813 3767 ibi
830 3712 1124 3781 habitant,
1142 3731 1509 3790 unoquoque
1524 3732 1761 3789 semper
1776 3718 2008 3791 proxim
2022 3736 2119 3775 um

469 3801 650 3858 variis
674 3801 825 3857 vitae
847 3802 1128 3859 institutis
1152 3805 1385 3862 vincere
1403 3808 1820 3864 contendente.
1835 3810 2025 3881 Atque
2044 3809 2120 3864 ad

472 3890 653 3947 aliam
683 3890 864 3963 hujus
893 3893 1000 3949 viri
1026 3895 1500 3953 exercitationem
1525 3897 1689 3969 quod
1721 3904 1966 3969 spectat,
1996 3899 2122 3970 ipse

469 3979 780 4036 dicebatur
809 3980 1060 4038 adsidue
1104 3984 1162 4039 in
1195 3986 1410 4041 exstasi
1439 4002 1588 4055 esse,
1637 3991 1692 4041 et
1738 3988 1947 4057 majori
1983 3994 2122 4043 tem-

468 4084 612 4139 pore
632 4070 748 4124 Deo
782 4071 973 4139 magis
1001 4087 1185 4142 quam
1209 4073 1385 4128 rebus
1410 4075 1653 4130 terrenis
1682 4076 1982 4149 occupari.
2010 4078 2123 4131 Nec

469 4172 665 4227 pauca
696 4157 964 4213 feruntur
995 4160 1283 4217 miracula
1312 4163 1389 4217 ab
1417 4178 1486 4218 eo
1518 4170 1776 4234 peracta.

542 4243 923 4301 Lihidinosus
967 4247 1215 4318 quidam
1256 4250 1460 4316 homo,
1514 4252 1842 4323 Aegyptius
1885 4267 2119 4322 genere,

471 4338 680 4404 captus
692 4339 817 4389 erat
833 4349 1039 4390 amore
1060 4338 1376 4407 cujusdam
1392 4340 1645 4409 pudicae
1668 4340 1951 4407 mulieris,
1967 4356 2123 4413 quae

471 4421 599 4476 viro
638 4429 940 4492 nupserat.
976 4425 1169 4489 Quum
1210 4427 1504 4484 desiderio
1548 4428 1944 4500 frustraretur,
1979 4446 2124 4485 con-

2230 515 2296 564 τά
2346 515 2625 584 σύμπαντα
2670 514 2756 569 ἔτη
2817 510 3111 568 ἐνενήκοντα
3150 512 3198 554 1ο
3230 530 3243 543 ·
3271 507 3490 563 ἀνελθὼν
3542 514 3631 582 μὲν
3686 531 3836 584 τρια-

2231 605 2509 661 κονταέτης
2550 606 2808 673 νεώτερος,
2877 603 2965 651 καὶ
3028 598 3075 649 ἐν
3148 606 3211 671 τῇ
3282 598 3457 673 ἐρήμῳ
3535 605 3833 662 πεποιηκὼς

2232 688 2271 752 ξ’
2303 692 2388 748 ἔτη
2442 692 2483 725 ¹¹
2523 711 2534 723 ο
2571 691 2801 761 τοσαύτῃ
2854 686 3126 761 ἐχρήσατο
3152 693 3401 761 καρτερίᾳ
3448 693 3615 740 πόνων
3656 688 3835 747 ἀσκη-

2230 788 2406 844 τικῶν,
2440 782 2503 839 ὡς
2552 778 2623 840 εἰς
2670 775 2799 830 δέκα
2827 780 2910 835 ἔτη
2943 784 3122 829 τοῦτον
3152 779 3197 813 ¹²
3242 777 3436 837 πολλῆς
3465 782 3553 829 καὶ
3602 778 3839 849 μεγάλης

2232 867 2517 931 ἀξιωθῆναι
2558 864 2893 939 διακρίσεως,
2936 868 3070 918 ὥστε
3099 866 3372 919 καλεῖσθαι
3423 866 3576 919 αὐτὸν
3626 864 3837 919 παιδα-

2229 962 2532 1031 ριογέροντα
2571 954 2663 1009 διὰ
2702 960 2759 1008 τό
2812 958 2992 1009 θᾶττον
3046 963 3146 1018 τῆς
3201 955 3407 1018 ἡλικίας
3462 963 3574 1017 ταῖς
3620 955 3835 1028 ἀρεταῖς

2230 1045 2515 1117 προκόψαι,
2574 1044 2694 1097 έτῶν
2723 1047 2823 1119 γὰρ
2880 1045 2940 1115 μ’
2989 1049 3258 1118 γενόμενος
3301 1046 3348 1080 ¹³
3378 1050 3468 1098 καὶ
3507 1046 3643 1097 κατά
3682 1064 3837 1098 πνευ-

2231 1136 2405 1207 μάτων
2448 1134 2620 1187 ἔλαϐεν
2668 1133 3065 1197 ἐξουσιαστικὴν
3115 1130 3338 1205 δύναμιν
3368 1139 3457 1187 καὶ
3502 1136 3754 1209 χάρισμα
3784 1135 3835 1170 1⁸

2233 1224 2463 1297 ἰαμάτων
2532 1228 2622 1276 καὶ
2686 1231 2887 1295 πνεῦμα
2940 1222 3273 1297 προῤῥὴσεων
3332 1227 3422 1275 καὶ
3474 1231 3567 1285 τῆς
3621 1221 3835 1296 ἐντίμου

2233 1315 2512 1388 ἱερωσύνης
2567 1312 2889 1375 κατηξιώθη.
2945 1314 3111 1383 τούτῳ
3169 1320 3405 1370 συνῆσαν
3450 1309 3547 1364 δύο
3599 1314 3837 1383 μαθηταὶ

2231 1403 2305 1464 εἰς
2348 1407 2436 1461 τὴν
2492 1398 2776 1460 ἰνδοτάτην
2843 1403 2888 1438 ³⁸
2937 1404 3127 1475 ἔρημον
3184 1406 3278 1459 τὴν
3327 1401 3647 1473 καλουμένην
3702 1408 3841 1460 Σκῆ-

2230 1511 2309 1544 τιν
2342 1494 2424 1528 ¹⁸·
2459 1491 2484 1544 ὀ
2530 1495 2619 1563 μὲν
2650 1492 2718 1551 εἰς
2766 1492 2812 1526 1⁷
2847 1489 3062 1548 πλησίον
3097 1489 3257 1542 αὐτοῦ
3307 1486 3367 1548 ἧν
3409 1492 3457 1525 ¹⁸
3498 1487 3591 1542 διὰ
3620 1493 3739 1551 τούς
3787 1492 3837 1525 ¹⁹

2231 1587 2349 1655 περὶ
2377 1583 2650 1654 θεραπείας
2679 1584 2721 1615 ²⁰
2768 1579 3079 1654 ἐρχομένους
3119 1580 3163 1615 ²¹
3201 1598 3213 1612 ο
3242 1581 3267 1631 ό
3300 1576 3359 1632 δε
3402 1578 3554 1641 ἄλλος
3583 1578 3841 1652 ἀνεχώρει

2232 1672 2345 1723 κατ’
2381 1667 2521 1723 ἰδίαν
2579 1669 2755 1722 κέλλαν
2787 1671 2834 1705 ²²
2869 1686 2881 1699 ⁸
2905 1674 3101 1742 χρόνου
3135 1664 3194 1721 δὲ
3246 1668 3607 1740 προκόψαντος
3656 1665 3839 1742 διορα-

2232 1769 2360 1831 τικῷ
2421 1764 2616 1831 ὄμματι
2679 1758 2815 1830 λέγει
2878 1766 2950 1827 τῷ
3014 1758 3361 1831 ὑπηρετοῦντι
3417 1757 3556 1827 αύτῷ
3619 1756 3839 1829 ὀνόματι

2234 1849 2467 1921 Ἰωάννῃ,
2502 1848 2573 1910 εἰς
2620 1848 2831 1921 ὕστερον
2874 1843 2931 1900 δὲ
2980 1851 3025 1882 ³³
3070 1851 3323 1918 γενομένῳ
3376 1845 3707 1921 πρεσϐυτέρῳ
3762 1846 3837 1907 εἰς

2233 1942 2319 1991 τὸν
2372 1943 2525 1990 τόπον
2565 1944 2656 1989 τοῦ
2710 1936 2861 2009 ἁγίου
2897 1956 2909 1968 ·
2965 1937 3191 1989 ἄκουσόν
3240 1955 3340 2008 μου
3393 1945 3488 1998 τῆς
3534 1938 3835 2000 νουθεσίας,

2234 2020 2438 2099 ἀδελφε,
2490 2022 2671 2085 ἐπειδὴ
2727 2026 2964 2100 πειράζει
3013 2045 3070 2078 σε
3108 2029 3167 2078 τὸ
3200 2034 3401 2097 πνεῦμα
3448 2034 3538 2086 τῆς
3584 2025 3837 2098 φιλαργυ-

2231 2122 2368 2191 ρίας,
2411 2116 2544 2168 οὕτω
2589 2118 2695 2189 γὰρ
2746 2114 2846 2186 έγώ
2898 2115 3102 2189 ἑώρακα
3148 2120 3238 2167 καὶ
3271 2111 3414 2180 οῖδα,
3458 2117 3557 2181 ὃτι,
3616 2114 3700 2167 ἐάν
3731 2134 3835 2187 μου

2233 2205 2478 2278 ἀνάσχῃς
2532 2214 2622 2265 τῆς
2673 2204 3070 2277 παρακλήσεως,
3117 2204 3432 2277 τελειωθήσῃ
3489 2203 3537 2256 έν
3582 2212 3652 2275 τῷ
3699 2207 3837 2276 ἔργῳ

2232 2303 2325 2347 τοῦ
2384 2302 2517 2348 Θεοῦ
2580 2292 2628 2345 ἐν
2684 2302 2752 2364 τῷ
2806 2298 2946 2364 τόπῳ
2995 2296 3161 2365 τούτῳ
3218 2299 3307 2346 καὶ
3362 2290 3675 2365 δοξασθὴσῃ
3744 2298 3837 2346 καὶ

2230 2384 2427 2457 μάστιξ
2456 2383 2550 2435 ούκ
2597 2385 2761 2454 ἔγγιεί
2803 2392 2872 2453 τῷ
2909 2385 2957 2417 ³⁸
2991 2387 3298 2454 σκηνώματι
3340 2402 3455 2448 σου,
3498 2381 3584 2434 ἐὰν
3624 2378 3684 2435 δε
3733 2401 3835 2454 μου

2232 2475 2595 2547 πάρακούσῃς,
2642 2480 2732 2524 τοῦ
2782 2472 2932 2533 Γιεζῆ
2991 2472 3102 2536 ἣξει
3132 2470 3213 2525 ἐπὶ
3255 2475 3311 2525 σὲ
3369 2475 3434 2524 τὰ
3462 2472 3605 2537 τέλη,
3658 2472 3717 2524 οὗ
3747 2477 3837 2524 καί

2229 2566 2286 2614 τό
2318 2564 2481 2622 πάθος
2511 2569 2699 2625 νοσεῖς,
2730 2566 2819 2613 καὶ
2851 2569 3018 2614 ταῦτα
3056 2564 3145 2633 μὲν
3190 2566 3289 2635 πρὸ
3339 2560 3374 2613 ε’
3416 2560 3537 2613 ἐτῶν
3586 2568 3680 2623 τῆς
3728 2580 3838 2613 κοι-

2230 2656 2427 2723 μήσεως
2490 2658 2580 2703 τοῦ
2620 2650 2770 2722 ἁγίου
2835 2653 3061 2723 εἴρηται,
3118 2656 3206 2703 καὶ
3274 2651 3405 2722 μετά
3460 2649 3592 2703 ἄλλα
3645 2649 3696 2702 ιε’
3745 2652 3834 2708 ἔτη

2230 2741 2390 2800 οὕτως
2444 2738 2769 2811 ἐλεφαντίασε
2844 2741 3223 2811 νοσφισάμενος
3287 2758 3353 2790 τα
3404 2746 3501 2790 τῶν
3569 2746 3823 2810 πτωχῶν,

2230 2832 2293 2890 ὡς
2346 2833 2417 2900 μὴ
2480 2830 2751 2900 εὑρεθῆναι
2807 2826 2854 2880 έν
2904 2836 2975 2898 τῷ
3038 2834 3241 2899 σώματι
3298 2827 3454 2880 αύτοῦ
3514 2826 3752 2901 ἀκέραιον
3786 2827 3835 2862 ⁵⁵

2229 2938 2406 2983 τόπον,
2437 2918 2484 2969 ἐν
2588 2937 2662 2978 τις
2702 2914 2956 2970 δάκτυλον
2986 2917 3144 2980 πήξοι
3178 2919 3224 2953 ²⁶
3251 2938 3263 2951 ·
3298 2922 3387 2969 καὶ
3416 2917 3578 2977 οὕτως
3631 2915 3713 2969 ἐπὶ
3744 2919 3835 2968 τὸν

2230 3009 2594 3081 παρακούοντα
2623 3008 2666 3041 ³⁷
2717 3007 2747 3064 ἡ
2800 3010 3092 3079 προφητεία
3145 3013 3237 3058 τοῦ
3278 3005 3429 3077 ἁγίου
3473 3006 3834 3078 πεπλήρωται.

2232 3100 2357 3169 Περὶ
2405 3098 2494 3167 μὲν
2544 3092 2632 3146 οὖν
2690 3092 2934 3167 βρώσεως
2988 3099 3079 3147 καὶ
3147 3099 3348 3155 πόσεως
3404 3099 3643 3167 περιττόν
3714 3096 3835 3147 ἑστι

2234 3182 2561 3256 διηγεῖσθαι,
2605 3184 2757 3236 ὁπότε
2798 3180 2921 3236 ούδε
2974 3186 3118 3256 παρά
3155 3191 3265 3245 τοῖς
3309 3184 3681 3257 ῥᾳθυμοτέρως
3733 3190 3837 3235 τῶν

2233 3273 2327 3336 ἔξω
2400 3277 2761 3346 μοναστηρίων
2836 3275 2975 3325 ἔστιν
3070 3274 3341 3345 εὑρεθῆναι
3414 3270 3717 3343 ἀδηφαγίαν
3796 3273 3827 3329 ἦ

2233 3362 2391 3420 ἄλλην
2446 3364 2562 3414 τινὰ
2609 3358 2943 3435 ἀδιαφορίαν,
2996 3363 3024 3421 ἢ
3075 3364 3218 3433 παρὰ
3273 3368 3377 3422 τοῖς
3421 3357 3568 3414 οὖσιν
3626 3361 3673 3413 έν
3727 3368 3839 3421 τοῖς

2232 3458 2404 3512 τόποις
2434 3454 2661 3516 ἐκείνοις,
2716 3456 2805 3503 καὶ
2856 3446 2949 3503 διά
2996 3452 3043 3485 ³⁸
3088 3455 3175 3509 τὴν
3210 3452 3411 3507 σπάνην
3462 3458 3560 3502 τῶν
3613 3459 3832 3522 χρειῶν,

2233 3545 2321 3593 καὶ
2374 3536 2467 3592 διὰ
2545 3544 2631 3592 τὸν
2684 3542 2814 3592 κατὰ
2874 3541 3001 3593 Θεὸν
3055 3539 3210 3599 ζῆλον
3278 3546 3378 3591 τῶν
3456 3542 3835 3591 κατοικούντων

2234 3629 2354 3693 ἐκεῖ,
2409 3628 2486 3681 ἀεὶ
2530 3633 2662 3704 πρὸς
2692 3627 2944 3690 ἀλλήλους
2988 3630 3030 3663 ²⁰
3063 3628 3293 3681 ἑκάστων
3336 3627 3751 3700 φιλονεικούντων
3786 3628 3835 3663 ³ο

2234 3717 2556 3791 ὑπερϐαίνειν
2630 3721 2717 3770 τόν
2792 3717 3013 3775 πλησίον
3072 3724 3183 3778 ταῖς
3224 3719 3266 3753 ³¹
3348 3715 3621 3791 διαφόροις
3686 3716 3839 3769 πολι-

2232 3814 2394 3871 τείαις
2427 3809 2473 3842 ³³
2501 3828 2514 3841 ·
2544 3811 2663 3879 περὶ
2715 3803 2773 3859 δὲ
2804 3807 2850 3841 ³³
2883 3814 2973 3867 τῆς
3004 3807 3163 3867 ἄλλης
3212 3804 3489 3868 ἀσκήσεως
3533 3814 3623 3858 τοῦ
3656 3804 3834 3876 ἁγίου,

2232 3898 2381 3960 οὗτος
2411 3896 2605 3967 ἐλέγετο
2669 3891 3013 3957 ἀδιαλείπτοις
3073 3897 3120 3929 ³⁸
3164 3892 3473 3957 ἐξίστασθαι
3524 3898 3614 3946 καὶ
3644 3893 3835 3966 μᾶλλον

2231 3996 2300 4058 τῷ
2352 3987 2546 4040 πλείονι
2575 3990 2751 4059 χρόνῳ
2788 3981 3221 4058 προσδιατρίϐειν
3260 3987 3305 4020 ³⁸
3369 3992 3481 4055 Θεῷ
3528 3984 3559 4043 ἦ
3611 3990 3714 4044 τοῖς
3745 3983 3835 4035 ὑπ’

2232 4077 2447 4151 ούρανὸν
2505 4084 2811 4150 πράγμασιν
2846 4074 2944 4127 ·ού
2992 4079 3081 4127 καὶ
3137 4072 3367 4148 διάφορα
3419 4078 3656 4148 φέρονται
3705 4075 3838 4126 θαύ-

2231 4184 2376 4237 ματα
2407 4165 2475 4217 ³⁸.

2302 4254 2539 4313 Ἀσωτος
2610 4270 2691 4313 τις
2749 4251 2876 4326 ἀνὴρ
2934 4251 3222 4324 Αἰγύπτιος
3278 4251 3517 4325 ἐρασθεὶς
3584 4252 3831 4322 γυναικὸς

2231 4338 2499 4414 ύπάνδρου
2550 4344 2640 4392 καὶ
2698 4346 2953 4414 σώφρονος
2998 4346 3087 4394 καὶ
3131 4340 3413 4413 ἀποτυχὼν
3480 4347 3573 4393 τοῦ
3629 4346 3833 4392 σκοποῦ

2233 4430 2605 4506 προσωμίλησε
2655 4434 2811 4501 γόητι
2862 4429 3020 4500 λέγων
3049 4447 3062 4460 ·
3106 4432 3329 4501 ἔργασαι
3384 4437 3446 4502 τῇ
3492 4432 3656 4502 τέχνῃ
3712 4446 3831 4491 σου,

473 4509 631 4565 venit
680 4526 947 4580 magum,
993 4515 1127 4569 cui:
1165 4517 1295 4583 Fac,
1342 4517 1550 4589 inquit,
1586 4524 1710 4573 arte
1742 4526 1861 4584 tua,
1910 4525 2011 4574 aut
2060 4522 2120 4576 ut

2232 4521 2261 4580 ἦ
2325 4521 2408 4572 ἵνα
2459 4518 2711 4591 ἀγαπήσῃ
2768 4538 2847 4590 με,
2906 4520 2935 4578 ᾖ
2988 4520 3070 4571 ’ίνα
3117 4518 3247 4593 ῥίψῃ
3296 4520 3338 4553 ³⁷
3400 4517 3562 4575 αὐτὴν
3620 4518 3646 4568 ὁ
3700 4514 3832 4589 ἀνὴρ

474 4604 632 4655 amet
658 4616 774 4667 me,
805 4609 907 4658 aut
935 4608 997 4658 ut
1037 4606 1286 4660 maritus
1314 4622 1446 4661 eam
1482 4606 1643 4662 foras
1678 4608 1891 4678 ejiciat.
1920 4611 2123 4678 Magus

472 4704 628 4761 quae
642 4696 1467 4766 poteratexpertus,quoniam
1480 4702 1701 4752 castum
1717 4698 1847 4768 ejus
1862 4698 2121 4753 animum

473 4778 779 4836 dimovere
801 4797 920 4837 non
956 4791 1172 4853 posset,
1194 4783 1404 4851 eﬂ‘ecit,
1440 4792 1501 4842 ut
1531 4802 1688 4858 equa
1716 4787 2121 4853 videreturiis,

475 4869 579 4940 qui
613 4884 749 4925 eam
792 4870 1199 4931 intuebantur.
1232 4876 1469 4931 Maritus
1495 4890 1638 4945 ergo
1669 4876 1797 4947 ejus
1831 4876 1931 4931 ubi
1962 4876 2123 4933 foras

2234 4610 2361 4668 αύτῆ
2376 4631 2415 4674 ς,
2449 4614 2538 4660 καὶ
2580 4606 2745 4660 λαϐὼν
2778 4609 2803 4659 ό
2833 4612 2961 4678 γόης
3005 4611 3065 4660 τὸ
3094 4610 3267 4661 ἱκανόν
3296 4606 3420 4680 παρ’
3452 4603 3608 4658 αὑτοῦ
3638 4605 3711 4667 ⁸³,
3740 4608 3833 4655 καὶ

2233 4705 2302 4771 μὴ
2360 4696 2604 4759 δυνηθεὶς
2659 4704 2993 4769 μεταστῆσαι
3039 4701 3125 4749 τὸν
3182 4703 3421 4769 σώφρονα
3475 4701 3591 4747 νοῦν
3648 4692 3831 4757 αὐτῆς,

2232 4787 2642 4863 παρασκευάζει,
2702 4788 2770 4848 ὡς
2816 4782 3057 4858 φορϐάδα
3103 4787 3150 4822 ³³
3201 4785 3365 4843 αὐτὴν
3404 4784 3676 4857 φαίνεσθαι
3728 4788 3837 4843 τοίς

2237 4879 2427 4947 ὁρῶσιν
2458 4896 2470 4910 ·
2513 4880 2604 4929 καὶ
2634 4874 2843 4938 ἐξελθὼν
2884 4874 3064 4938 ἔξωθεν
3112 4876 3138 4927 ὁ
3183 4873 3313 4943 ἀνὴρ
3363 4878 3528 4935 αὐτῆς
3575 4876 3663 4925 καὶ
3708 4868 3839 4924 ἰδὼν

1823 4992 1907 5049 VA
1920 4996 2079 5050 RIAE
2118 4994 2521 5050 LECTIONES.

548 5095 1027 5181 ξδιηγήςομαι
1075 5107 1295 5181 oAm._B.
1329 5108 1350 5142 θ
1385 5107 1654 5169 Βοῦτος.
1699 5110 1744 5145 ¹⁰
1777 5116 1812 5162 Β
1852 5107 2247 5168 ἐνενήκοντα
2284 5111 2419 5166 ἔτη.
2465 5110 2505 5144 ¹¹
2549 5113 2586 5160 Β
2634 5104 2682 5158 ἐν
2728 5104 3015 5181 ,τῇνὶρημῷ
3073 5109 3317 5165 πεποίη
3342 5124 3410 5181 κε
3444 5102 3535 5181 *δὲ
3576 5102 3841 5181 έκρίσεν

473 5172 787 5251 έξτξκοντα
824 5172 964 5251 ἔτη,
1016 5178 1059 5212 ¹²
1092 5178 1278 5244 Coui.,
1320 5186 1559 5231 τοῦτον
1600 5196 1719 5235 om.
1756 5187 1808 5246 B,
1845 5184 1887 5235 Α
1920 5184 2179 5234 τούτου.
2224 5182 2271 5218 ¹⁸
2303 5187 2338 5232 Β
2368 5183 2677 5251 γεγον-ώς.
2721 5172 2871 5233 ¹⁴Ἀ’
2899 5172 3327 5250 χαρίσματα.
3363 5177 3410 5213 ³⁸
3444 5176 3714 5251 Emend,
3759 5180 3845 5228 ΑΒ

476 5241 859 5323 ένδοδάτην.
920 5250 1030 5299 ¹⁶Β
1089 5241 1358 5323 σκήτην.
1411 5252 1456 5286 ¹⁷
1494 5258 1664 5304 Βκαὶ
1712 5241 1880 5323 ὁμὲν
1925 5253 2028 5313 εἷς.
2066 5254 2112 5288 ¹⁸
2163 5259 2199 5304 Β
2256 5241 2402 5323 ῳκοῖ.
2456 5241 2500 5286 ί⁹
2552 5247 2663 5323 διά
2699 5253 2861 5323 τοὺς
2899 5241 3149 5323 f6ui.__n'.
3205 5247 3641 5323 “Alimenqu
3701 5251 3844 5323 περὶ

479 5317 809 5398 θεραπίαᾷς,
844 5322 1071 5398 Βιπρὸλς
1133 5322 1500 5398 θεραπ-είαν.
1558 5326 1599 5359 ²¹
1652 5330 1687 5375 Β
1723 5316 1849 5398 ,των
1917 5316 2304 5398 ἐρχομένων.
2361 5324 2407 5359 ²²
2447 5329 2490 5398 ΑΒ
2546 5322 2661 5373 κατ’
2695 5317 2836 5398 ἰξίαν
2870 5320 2940 5382 εἰς
2971 5320 3152 5398 ξιέλλαν
3220 5321 3267 5355 ’³
3337 5316 3411 5398 δβ
3459 5335 3580 5375 οω·
3626 5324 3688 5398 Ῑῇ

475 5384 561 5438 ἕν’
591 5395 692 5457 τῷ.
750 5392 796 5426 ³⁵
830 5397 865 5443 Α
898 5384 1276 5464 ἀκαίραιόν,
1323 5396 1363 5448 Β
1404 5395 1577 5464 ύγιῆ.
1624 5397 1667 5430 ³⁸
1696 5397 1777 5450 Ex
1804 5384 2299 5460 (Σοαίξλπήξει,
2358 5402 2396 5447 Β
2437 5396 2653 5451 θήσοι.
2688 5394 2733 5428 ⁸⁷
2765 5392 3035 5455 Emend.,
3069 5398 3109 5447 Α
3143 5399 3178 5445 Β
3206 5392 3606 5464 παράκουον.
3641 5389 3689 5425 ³⁸
3723 5385 3845 5442 διὰ

478 5474 604 5536 ριῐιζ
638 5466 696 5514 Α.
722 5464 766 5496 ²⁹
798 5471 923 5536 τῷν
975 5462 1692 5535 κατοικούντων-πρὸς
1724 5465 2047 5530 ἀλλήλους
2093 5483 2213 5523 om.
2250 5474 2304 5519 Β.
2339 5469 2384 5503 ³ο
2440 5472 2475 5518 Β
2516 5465 2801 5518 ἑκάστου
2829 5462 3484 5536 ⁸φιλονεικοῦντος.)1
3523 5464 3780 5536 ΡΓρ-ταίς
3806 5467 3846 5513 Β

478 5528 549 5611 53.
583 5532 737 5611 °’_AB
761 5535 1185 5611 πολιτα-ίαμις.
1246 5538 1292 5574 ³³
1324 5539 1464 5611 porr
1516 5528 1599 5592 ΑΒ
1623 5545 1734 5611 τῇ.-
1769 5539 1815 5573 ³⁴
1850 5546 1885 5591 Β
1913 5528 2423 5598 ὃτι-ἀδιαλείπτως.
2454 5538 2496 5571 ³⁵
2546 5544 2738 5611 Βγπρο
2765 5528 3138 5611 σδίέτριϐε.
3171 5536 3217 5611 ξε
3249 5541 3287 5588 Β
3316 5533 3504 5611 addit.
3531 5531 3839 5611 iudicem:

482 5606 661 5687 {lfpi
710 5594 2131 5687 τοῦᾳςεῇο1)ε.ἰ.ς’φορθάδαμετάϐλησθείσης
2183 5594 2521 5681 γυναικός.
2566 5610 2611 5644 ³⁷
2642 5594 2725 5665 Ex
2780 5594 3043 5674 coni.,'A
3080 5606 3282 5681 ῥίψει,
3332 5602 3662 5675 Βὲκϐάλῃ.
3709 5604 3757 5637 ³⁸
3809 5608 3848 5655 Β

481 5674 569 5726 ἀπ’
590 5674 780 5735 αὐτοῦ.
814 5674 869 5717 ³⁹’
887 5684 933 5736 Α
959 5674 1282 5756 φοράδα,’θι’
1297 5680 1384 5738 sic
1409 5674 1651 5755 ubique.
