4088 6192
247 282 342 336 181

240 402 410 462 αὐτὴν
470 403 518 456 ἄν
575 409 818 477 σχήματι
880 397 1138 476 φορϐάδος
1194 399 1500 476 ἀπωδύρετο
1551 408 1642 456 καὶ
1680 403 1852 458 ἔκλαιε
1885 413 1927 462 Α

239 497 336 551 τὴν
390 497 702 569 συμφοράν·
759 498 846 546 καὶ
908 491 1397 564 προσκαλεσάμενος
1456 496 1575 555 τούς
1624 494 1848 568 πρεσϐυο

238 587 426 656 τέρους
473 593 570 646 τῆς
628 589 806 655 κώμης
857 579 1096 635 δείκνυσι
1148 581 1333 646 αὐτὴν,
1386 588 1476 635 καὶ
1534 580 1657 636 οὐδὲ
1701 584 1850 638 αὐτοὶ

243 680 482 732 συνῆκαν
534 677 594 724 τὸ
642 677 870 744 γεγονὸς,
926 676 1018 724 καὶ
1059 673 1144 723 ἐπὶ
1193 678 1326 743 τρεῖς
1383 673 1580 746 ἡμέρας
1622 670 1851 745 μηδενὸς

236 765 578 834 γευσαμένης
628 761 815 825 αὐτῆς,
867 760 1030 826 τέλος,
1087 761 1170 812 ἶνα
1213 755 1449 833 δοξασθῇ
1507 763 1532 813 ὁ
1587 766 1709 825 Θεὸς
1762 768 1850 816 τον

239 850 398 918 ἅγιον
446 850 628 916 αὐτοῦ,
672 849 824 908 ἀνέϐη
858 852 943 902 ἐπὶ
985 850 1030 883 ⁸ο
1060 852 1146 901 τὸν
1198 856 1314 901 νοῦν
1360 857 1451 902 τοῦ
1481 847 1689 924 ἀνδρὸς,
1723 852 1850 925 ἀγα-

241 945 354 1008 γείν
404 939 567 997 αὐτὴν
615 941 659 975 ⁴¹
714 939 781 999 εἰς
823 943 916 997 τὴν
967 941 1161 1010 ἔρημον
1203 939 1248 973 ⁸³
1300 941 1425 1010 πρὸς
1472 944 1559 992 τὸν
1589 941 1737 1012 οἷγιον
1777 944 1846 997 ⁴³.

879 1028 1044 1086 αὐτὴν
1107 1030 1175 1089 ὡς
1228 1029 1405 1094 ἵππον,
1471 1029 1631 1091 οὕτως
1688 1031 1850 1090 αὐτὴν

240 1120 463 1188 ἤγαγεν,
517 1119 638 1170 ἔνθα
674 1121 797 1189 ᾤκει
829 1119 854 1170 ὁ
906 1124 998 1169 τοῦ
1039 1124 1172 1170 Θεοῦ
1220 1119 1513 1189 ἄνθρωπος,
1557 1124 1648 1173 καὶ
1688 1119 1736 1172 έν
1777 1129 1848 1192 τῷ

239 1031 336 1079 καὶ
387 1027 672 1100 φορϐιάσας
736 1029 783 1062 ⁴⁸

243 1205 547 1263 πλησιάσαι
592 1206 833 1278 λέγουσιν
881 1206 1024 1276 αύτῷ
1076 1208 1126 1258 οἱ
1177 1202 1433 1278 ἀδελφοί·
1491 1212 1542 1260 τί
1594 1206 1699 1264 ὧδε
1755 1215 1848 1270 τὴν

246 1290 494 1367 φορϐάδα
542 1298 740 1366 ἤγαγες
773 1311 788 1361 ;
827 1299 918 1347 καὶ
955 1293 1092 1366 λέγει
1143 1293 1329 1358 ἐκεῖνος
1360 1312 1372 1325 ⁸
1418 1296 1500 1348 ἱνα
1555 1296 1736 1371 ἐλεηθῇ
1783 1307 1844 1371 τῇ

247 1391 526 1455 προσευχῇ
559 1391 652 1436 τοῦ
684 1379 916 1438 δικαίου.
969 1385 1018 1435 οἰ
1063 1380 1123 1436 δὲ
1160 1387 1292 1456 πρὸς
1332 1384 1487 1437 αὐτόν
1529 1388 1575 1421 ‘5
1605 1403 1618 1417 '
1655 1392 1708 1438 τί
1745 1390 1846 1462 γὰρ

242 1473 360 1542 ἔχει
383 1477 542 1524 κακόν
576 1489 590 1539 ;
623 1472 759 1543 ὶέγει
789 1472 966 1534 αὐτοῖς
999 1490 1012 1502 '
1043 1473 1198 1541 αὕτη,
1236 1473 1298 1532 ἣν
1329 1475 1479 1546 ὁρᾶτε
1506 1476 1552 1510 ⁸⁸
1585 1475 1846 1548 φορϐάδα,

242 1561 272 1617 ὴ
315 1565 450 1631 γυνή
501 1580 602 1633 μου
644 1557 706 1619 ἦν
765 1563 795 1620 ἠ
854 1559 1028 1626 ἀθλία,
1070 1566 1160 1614 καὶ
1209 1561 1302 1613 ούκ
1342 1559 1485 1629 οἶδα,
1529 1568 1581 1616 τί
1633 1571 1720 1616 νῦν
1761 1567 1849 1636 μεν

243 1649 382 1707 αύτὴ
436 1651 480 1684 ‘7
515 1666 527 1679 °
572 1648 905 1721 ἀπεκαλύφθη
959 1646 1018 1701 δὲ
1078 1658 1151 1720 τῷ
1183 1649 1316 1722 ἁγίῳ
1365 1653 1536 1704 πάντα
1580 1655 1646 1705 τὰ
1702 1672 1850 1724 γεγο-

240 1743 373 1792 νότα
411 1739 542 1810 αύτῇ
588 1740 654 1805 ⁵⁸,
699 1744 789 1791 καὶ
819 1736 879 1797 ἦν
921 1735 1162 1810 δεόμενος
1201 1747 1292 1792 τοῦ
1333 1748 1467 1794 Θεοῦ
1506 1747 1625 1814 περὶ
1664 1743 1846 1804 αὐτῆς.
1882 1763 1925 1818 Β

243 1830 294 1880 οἱ
367 1823 426 1880 δὲ
495 1826 806 1889 ἀκούσαντες
863 1835 1029 1880 ταῦτα
1077 1826 1391 1900 ἀναφέρουσι
1439 1837 1510 1900 τῷ
1582 1833 1852 1906 θεράποντι

240 1924 339 1968 τοῦ
387 1924 626 1989 Χριστοῦ
673 1922 928 1988 Μακαρίῳ
957 1916 1201 1988 λέγοντες,
1233 1919 1313 1970 ὅτι
1355 1915 1594 1990 φορϐάδα
1633 1923 1852 1974 ἐνταῦθά

243 2025 327 2067 τις
379 2009 593 2076 ἤγαγεν.
643 2004 779 2077 λέγει
830 2005 1004 2066 αὐτοῖς
1033 2022 1046 2035 '
1094 2007 1240 2077 ὑμεῖς
1288 2006 1408 2060 ἐστε
1454 2009 1622 2074 ἵπποι,
1664 2012 1713 2062 οὶ
1751 2019 1850 2062 τῶν

245 2096 422 2145 ἱππ-ων
453 2097 577 2154 τοὺς
608 2093 905 2167 ὀφθαλμοὺς
932 2097 1142 2166 ἔχοντες
1175 2115 1188 2128 ο
1228 2097 1390 2154 ἐκείνη
1435 2092 1494 2149 δὲ
1522 2103 1650 2167 γυνή
1686 2097 1846 2166 ἐστιν,

243 2186 315 2244 ὡς
349 2185 592 2248 ἐκτίσθη,
624 2183 752 2235 ἀλλὰ
795 2188 948 2256 μόνον
997 2192 1150 2236 τοῦτο
1182 2190 1456 2257 φαινομένη
1500 2188 1545 2221 ‘9
1575 2207 1850 2260 μετασχη-

242 2273 574 2344 ματισθείσα
648 2279 760 2332 τοῖς
832 2272 1117 2344 ὀφθαλμοῖς
1180 2282 1279 2326 τῶν
1342 2274 1700 2345 ἠπατημένων,
1760 2283 1848 2330 καὶ

239 2363 654 2436 προσαχθείσης
706 2361 868 2422 αὐτῆς
921 2361 1212 2433 εὐλογήσας
1254 2359 1398 2437 ὕδωρ
1457 2370 1547 2417 καὶ
1605 2364 1705 2418 ἀπὸ
1758 2386 1846 2419 κο·

241 2457 420 2523 ρυφῆς
470 2451 690 2522 ἐπιχέας
730 2455 862 2524 αὐτῇ
916 2459 1110 2524 γυμνῇ,
1170 2457 1258 2504 καὶ
1298 2451 1463 2523 εύχὴν
1519 2459 1748 2518 ποιήσας
1799 2457 1847 2492 ⁵ο

243 2538 333 2591 ἐπὶ
382 2544 478 2596 τὴν
528 2539 752 2611 κεφαλὴν
800 2542 960 2602 αὐτῆς
1010 2542 1079 2604 ⁵³,
1120 2548 1455 2614 παραχρῆμα
1506 2541 1661 2614 ἐφάνη
1713 2551 1847 2598 πᾶσι

241 2631 377 2699 γυνὴ
427 2630 724 2699 καθορῶσιν
770 2630 840 2694 ⁸³,
890 2633 978 2681 καὶ
1027 2628 1283 2682 ᾶκέλευσεν
1337 2629 1468 2702 αὐτῇ
1531 2627 1752 2692 δοθῆναι
1799 2637 1845 2670 ⁵³

244 2723 452 2788 φαγεῖν,
510 2718 724 2769 ὑπέθετο
773 2713 833 2770 δὲ
886 2717 1014 2790 αὐτῇ
1063 2719 1089 2769 ὁ
1148 2724 1239 2770 τοῦ
1279 2725 1413 2772 Θεοῦ
1470 2720 1734 2793 ἄνθρωπος
1783 2722 1849 2775 εἰ·

241 2810 360 2857 πῶν
411 2821 424 2833 ⁸
456 2801 720 2874 μηδέποτε
760 2805 1074 2877 ἀπολειφθῇς
1117 2807 1165 2841 5‘
1211 2814 1302 2866 τὴς
1346 2814 1437 2859 τοῦ
1483 2815 1616 2861 Θεοῦ
1663 2809 1848 2870 ἐκκλη-

244 2899 375 2956 σίας
421 2895 471 2928 ⁵⁶
500 2899 591 2947 καὶ
628 2904 724 2957 τῆς
763 2900 1031 2956 κοινωνίας
1081 2903 1180 2947 τῶν
1227 2901 1534 2968 μυστηρίων
1573 2906 1666 2950 τοῦ
1723 2902 1850 2975 Χρι-

248 2991 382 3035 στοῦ
422 2983 490 3050 ⁸⁸,
532 2991 687 3035 τοῦτο
723 2987 826 3059 γάρ
876 3004 960 3037 σοι
1006 2984 1192 3043 συνέϐη
1248 2984 1340 3038 διὰ
1373 2989 1431 3038 τό
1485 2990 1569 3040 ἐπὶ
1618 2990 1664 3024 ⁵⁷
1705 2994 1852 3044 πέντε

1825 282 2031 340 ACTA.

3506 296 3615 351 {82

1962 409 2141 475 venit,
2159 410 2218 467 in
2238 411 2433 470 forma
2457 429 2646 487 equae
2668 434 2800 474 eam
2819 421 3216 492 conspicatus,
3233 419 3527 490 ingemuit
3546 436 3618 477 ac

1959 496 2119 554 ﬂevit
2146 501 2221 556 de
2245 501 2340 567 iis,
2384 519 2538 574 quae
2570 508 2930 566 acciderant.
2973 510 3211 566 Vocatis
3241 509 3460 565 deinde
3497 509 3616 565 vici

1961 588 2314 660 presbyteris
2335 608 2469 648 eam
2497 598 2775 662 ostendit,
2801 599 2902 652 sed
2930 615 3003 654 ne
3029 600 3086 654 hi
3106 598 3351 671 quidem
3375 613 3500 654 rem
3531 599 3612 653 in-

1961 677 2326 736 tellexerunt.
2385 683 2578 748 Quum
2621 685 2796 754 igitur
2837 687 2935 742 illa
2983 687 3173 743 tribus
3214 687 3427 742 diebus
3467 687 3616 742 nihil

1960 768 2208 823 omnino
2245 771 2626 839 comedisset,
2687 780 3058 845 postremum
3122 780 3274 832 Deus
3335 782 3612 831 sanctum

1960 873 2136 912 suum
2182 859 2609 929 gloriﬁcaturus
2664 865 3087 933 cogitationem
3143 865 3356 921 marito
3416 863 3617 936 injecit

1962 946 2223 1002 adeundi
2262 965 2396 1004 cum
2426 967 2510 1008 ,ea
2553 957 2828 1007 sanctum
2875 953 3063 1008 virum
3119 953 3176 1007 in
3239 953 3559 1008 solitudine
3596 969 3610 1018 ;

1959 1051 2147 1106 quare
2186 1037 2234 1091 is
2265 1041 2524 1110 capistro
2554 1039 2798 1111 ligatam
2835 1047 2896 1097 ut
2925 1058 3143 1114 equam
3177 1041 3366 1108 duxit,
3398 1040 3496 1096 ubi
3531 1041 3619 1096 vir

1963 1128 2060 1182 Dei
2107 1128 2436 1184 habitabat.
2463 1131 2984 1202 Appropinquanti
3025 1131 3274 1186 fratres:
3319 1130 3492 1196 Quid,
3534 1131 3620 1185 in-

1959 1217 2193 1288 quiunt,
2225 1218 2341 1272 huc
2370 1234 2592 1291 equam
2624 1219 2926 1276 adduxisti
2961 1220 2991 1273 ‘2
3023 1219 3118 1276 Ille
3151 1219 3510 1290 respondet:
3549 1220 3620 1274 Ut

1955 1305 2096 1376 justi
2127 1306 2393 1362 oratione
2427 1308 2897 1365 misericordiam
2931 1314 3356 1380 consequatur.
3408 1309 3480 1361 At
3508 1306 3568 1362 hi
3602 1327 3615 1359 :

1961 1395 2112 1460 Quid
2135 1397 2375 1451 tandem
2403 1397 2543 1453 mali
2565 1397 2746 1453 habet
2767 1397 2795 1452 7
2826 1398 3196 1470 Respondet:
3225 1397 3403 1470 25o
3438 1397 3615 1460 Haec,

1961 1501 2144 1556 quam
2175 1486 2384 1541 videtis
2417 1503 2654 1559 equam,
2681 1504 2818 1543 cara
2848 1504 2982 1543 mea
3015 1503 3165 1543 uxor
3191 1493 3334 1551 erat,
3363 1492 3440 1551 et,
3469 1485 3615 1557 quid

1956 1574 2085 1645 jam
2099 1576 2148 1630 ei
2161 1575 2690 1640 acciderit,nescio.
2703 1577 2974 1632 Revelata
2989 1582 3178 1632 autem
3193 1582 3402 1631 sancto
3419 1574 3618 1630 omnia

1963 1670 2150 1732 erant,
2182 1681 2337 1736 quae
2370 1664 2591 1720 femina
2623 1671 2940 1737 pateretur,
2971 1671 3028 1721 et
3055 1667 3239 1720 Deum
3270 1665 3485 1720 orabat
3506 1679 3616 1734 pro

1962 1769 2051 1809 ea.
2090 1753 2174 1808 Illi
2208 1769 2346 1808 vero
2372 1770 2507 1808 cum
2533 1755 2642 1808 ista
2673 1754 3066 1818 audivissent,
3098 1754 3362 1809 referunt
3391 1752 3468 1808 ad
3497 1767 3616 1807 ser-

1965 1859 2106 1897 vum
2148 1842 2352 1897 Christi
2393 1843 2735 1906 Macarium,
2775 1842 3042 1898 dicentes
3077 1865 3088 1896 ε
3129 1841 3355 1913 Equam
3394 1839 3614 1911 aliquis

1962 1930 2080 1986 huc
2118 1932 2387 1986 adduxit.
2423 1931 2648 1996 Quibus
2675 1932 2723 1986 is
2765 1947 2778 1983 :
2837 1933 2972 1995 Vos,
3013 1931 3225 2003 inquit,
3279 1928 3422 1985 estis
3453 1929 3610 2000 equi,

1962 2021 2062 2092 qui
2089 2036 2384 2092 equorum
2405 2023 2616 2076 oculos
2639 2020 2902 2089 habetis;
2928 2021 3026 2076 illa
3042 2026 3242 2075 autem
3261 2019 3485 2074 femina
3506 2022 3611 2081 est,

1962 2117 2026 2164 ut
2045 2115 2132 2164 est
2152 2117 2372 2174 creata,
2401 2116 2455 2165 et
2480 2111 2561 2166 ita
2589 2109 3013 2166 transformata
3037 2109 3223 2164 oculis
3251 2111 3484 2163 tantum
3510 2121 3613 2177 ap-

1963 2204 2129 2269 paret
2158 2215 2386 2264 eorum,
2410 2199 2509 2270 qui
2539 2207 2677 2254 sunt
2701 2199 2954 2271 decepti.
2993 2197 3212 2253 Deinde
3239 2212 3400 2268 aqua
3430 2196 3607 2251 bene-

1960 2287 2120 2344 dicta
2147 2288 2395 2354 nudam,
2424 2304 2608 2359 quam
2635 2288 3032 2353 adduxerant,
3064 2303 3098 2342 a
3125 2300 3365 2341 summo
3394 2283 3614 2341 vertice

1961 2377 2232 2447 aspersit,
2275 2393 2585 2448 quumque
2616 2393 2794 2446 super
2832 2383 3011 2447 caput
3041 2376 3170 2447 ejus
3201 2378 3477 2445 precatus
3519 2389 3610 2428 es-

1959 2468 2269 2532 set,statim
2285 2466 2566 2522 omnibus
2579 2481 2713 2521 eam
2726 2465 3066 2521 videntibus
3080 2464 3303 2520 femina
3315 2463 3614 2534 apparuit.

1958 2558 2149 2626 Atque
2190 2555 2276 2608 vir
2331 2555 2426 2608 Dei
2457 2555 2508 2609 ei
2549 2554 2748 2610 cibum
2783 2553 3007 2624 apponi
3043 2551 3248 2624 jussit.
3285 2551 3436 2605 Tum
3480 2566 3612 2606 eam

1959 2643 2330 2699 commonuit
2359 2643 2564 2698 dicens
2598 2659 2610 2698 :
2642 2643 2971 2714 Nunquam
3019 2657 3137 2696 non
3177 2655 3530 2711 compareas
3556 2639 3616 2694 in

1959 2731 2208 2786 ecclesia
2241 2732 2338 2785 Dei
2369 2731 2506 2786 etin
2547 2731 2972 2786 communione
3005 2729 3425 2802 mysteriorum
3453 2725 3614 2782 Chri-

1963 2820 2034 2874 sti
2069 2839 2082 2887 ;
2116 2820 2263 2874 haec
2293 2820 2451 2874 enim
2489 2819 2592 2874 tibi
2622 2820 2988 2886 acciderunt,
3021 2818 3309 2892 quiajam
3344 2816 3616 2888 quinque

1963 2908 2445 2964 hebdomadibus
2467 2923 2586 2963 non
2609 2907 2908 2963 accessisti
2933 2907 3006 2964 ad
3032 2907 3385 2962 intemerata
3398 2904 3615 2961 Christi

1964 2997 2269 3069 mysteria.
2330 3000 2414 3053 lta
2454 3013 2590 3053 eam
2617 3012 2864 3070 corpore
2896 3002 2951 3052 et
2994 2997 3200 3052 anima
3229 3000 3503 3050 sanatam
3532 2993 3620 3048 di-

247 3067 559 3145 ἑϐδομάδας
645 3077 717 3145 μὴ
789 3072 1225 3148 προσεληλυθέναι
1289 3093 1346 3127 σε
1406 3083 1512 3137 τοῖς
1565 3076 1853 3150 ἀχράντοις
1890 3116 1932 3174 C
1965 3067 2146 3142 misit.

248 3167 583 3235 μυστηρίοις.
616 3161 775 3224 οὕτως
817 3163 1094 3235 ἰασάμενος
1125 3163 1283 3222 αὐτὴν
1328 3170 1533 3238 σώματι
1573 3172 1664 3219 καὶ
1694 3166 1848 3242 ψυχῇ

248 3249 504 3302 ἀπέλυσεν
529 3249 714 3308 αὐτὴν.

321 3337 557 3410 Ἐλέγετο
616 3336 694 3404 δε,
741 3341 823 3391 ὅτι
878 3339 928 3392 ἰν
977 3348 1047 3411 τῷ
1105 3349 1290 3415 μακρῷ
1341 3349 1436 3403 τῆς
1495 3343 1635 3406 ζωῆς
1692 3345 1854 3399 αὐτοῦ

245 3431 428 3500 χρόνῳ
459 3429 697 3500 ὑπόγειον
738 3429 786 3464 ⁵⁸
834 3433 1063 3491 ποιήσας
1095 3432 1141 3465 ⁵⁸
1170 3433 1404 3503 σύριγγα
1427 3431 1720 3504 ὀρύγματος
1748 3435 1851 3488 ἀπὸ

248 3526 342 3577 τῆς
397 3517 583 3580 κελλης
635 3517 796 3570 αὐτοῦ
853 3515 1183 3588 ἡμισταδίου
1236 3520 1402 3591 μῆξος
1455 3521 1524 3582 εἰς
1586 3525 1642 3575 τὸ
1693 3525 1851 3598 ἄκρον

249 3602 508 3659 σπήλαιον
576 3602 890 3669 ἀπετέλεσεν,
947 3608 1038 3656 καὶ
1104 3606 1148 3656 εἰ
1206 3623 1331 3656 ποτε
1407 3605 1634 3670 πλείονες
1710 3609 1851 3680 αύτῷ

245 3691 480 3762 ῶχλουν,
542 3700 788 3764 κρυπτῶς
840 3691 892 3744 ἔκ
964 3701 1057 3752 τῆς
1112 3692 1294 3753 κέλλης
1368 3693 1514 3756 ἐξιὼν
1573 3694 1728 3769 ἀπῄει
1779 3698 1851 3760 εἰς

243 3784 304 3831 τὸ
366 3780 622 3839 σπήλαιον
674 3785 763 3834 καὶ
827 3781 930 3854 οὐχ
1000 3783 1263 3854 εὑρίσκετο
1308 3799 1322 3812 ⁸
1384 3788 1472 3836 καὶ
1539 3785 1619 3836 ὅτι
1686 3785 1849 3839 ἀπιὼν

248 3865 347 3921 διὰ
406 3877 505 3931 τῆς
547 3873 799 3943 σύριγγος
830 3873 997 3924 εἴκοσι
1046 3875 1304 3943 τέσσαρας
1362 3872 1523 3925 ἐποίει
1554 3873 1717 3946 εὐχὰς
1757 3877 1848 3938 ἕως

241 3966 339 4012 τοῦ
372 3960 654 4024 σπηλαίου,
677 3965 766 4012 καὶ
796 3962 1077 4034 ἑρχόμενος
1111 3960 1260 4013 πάλιν
1288 3962 1497 4032 ὁμοίῶς.

319 4053 447 4118 Περὶ
485 4051 670 4101 τούτου
725 4048 903 4111 ἐξῆλθε
941 4055 1110 4121 φήμη,
1149 4052 1230 4102 ὅτι
1277 4054 1368 4102 καὶ
1405 4053 1582 4125 νεκρὸν
1620 4055 1844 4124 ἤγειρεν,

243 4137 331 4187 ἶνα
375 4138 638 4211 αἱρετικὸν
675 4143 831 4211 πείσῃ
891 4141 963 4209 μή
1026 4137 1380 4209 ὁμολογοῦντα
1409 4137 1699 4192 ἀνάστασιν
1747 4160 1846 4193 σω-

241 4227 424 4296 μάτων
454 4245 467 4257 ο
510 4231 600 4279 καὶ
641 4227 771 4285 αὕτη
813 4228 844 4284 ἡ
888 4232 1034 4299 φήμη
1081 4229 1283 4302 ἐκράτει
1328 4232 1448 4300 περὶ
1487 4229 1648 4281 αὐτοῦ
1699 4231 1749 4282 ἐν
1779 4238 1842 4303 τῇ

243 4313 424 4386 ἐρήμῳ
445 4317 513 4368 “-

319 4408 422 4457 Καὶ
476 4405 655 4459 οἶλλοτε
702 4407 1031 4479 προσενέχθη
1078 4405 1218 4476 αύτῷ
1251 4411 1516 4469 νεανίσκος
1563 4403 1845 4480 δαιμονιῶν

241 4496 389 4567 παρὰ
437 4501 531 4554 τῆς
573 4491 715 4557 ἰδίας
741 4472 970 4566 μητρὸς,
1019 4492 1146 4548 δυσὶ
1190 4472 1485 4557 νεανίσκοις
1536 4472 1824 4569 συνέεδεμέ
1880 4472 1926 4527 D

242 4601 328 4642 νος
357 4581 412 4646 ἐξ
451 4583 693 4656 ἐκατέρου
723 4588 913 4658 μέρους
945 4605 956 4617 ·
989 4587 1182 4642 ταύτην
1223 4580 1282 4636 δι
1312 4586 1355 4620 ⁶¹
1393 4589 1485 4643 τὴν
1528 4588 1780 4660 ἐνέργειαν
1819 4588 1845 4638 ὁ

244 4668 456 4742 δαίμων
495 4670 636 4744 εἶχεν
665 4689 678 4702 '
728 4679 884 4746 τριῶν
931 4668 1132 4744 μοδίων
1176 4674 1364 4745 ἄρτους
1409 4675 1580 4739 ἤσθιε,
1634 4679 1722 4726 καὶ
1770 4693 1848 4726 κι-

1095 4761 1223 4835 ἇπερ
1279 4764 1327 4798 ⁸³
1383 4762 1714 4835 ἓρευγόμενος
1776 4763 1846 4826 εἰς

244 4848 410 4921 ἀτμόν
443 4851 513 4887 δι’
544 4849 716 4904 ἀνέλυε
754 4853 818 4902 τὰ
841 4849 1099 4924 βρώματα
1146 4852 1216 4912 ὡς
1253 4849 1354 4903 ἀπὸ
1395 4853 1442 4886 ⁸³
1469 4856 1633 4926 πυρὸς
1675 4849 1848 4905 δαπα-

243 4945 445 5011 νώμενα
475 4941 524 4976 ⁸⁸
553 4957 566 4970 '
592 4942 706 4992 ἔστι
743 4941 843 5013 γάρ
880 4959 930 4992 τι
980 4936 1252 5011 δαιμόνιον
1298 4942 1474 5012 τάγμα
1511 4943 1723 5013 πύρινον
1769 4940 1849 4994 λε-

240 5032 480 5100 γόμενον,
523 5028 619 5080 οὐκ
671 5028 857 5091 οὐσίας
913 5027 1328 5100 μεταϐληθείσης
1374 5031 1440 5096 ⁸⁵,
1485 5027 1593 5081 ἀλλ’
1637 5033 1706 5092 ὡς
1754 5033 1844 5083 καὶ

240 4761 468 4813 λικίσιον
543 4759 737 4822 ὓδατος
808 4763 971 4814 ἔπινεν
1012 4779 1024 4792 ο

2035 3203 2213 3258 Porro
2245 3201 2557 3258 dicebatur
2586 3200 2916 3274 posteriore
2956 3200 3112 3256 vitae
3157 3214 3301 3254 suae
3340 3203 3612 3268 tempore

1965 3289 2417 3347 subterraneum
2467 3290 2686 3346 fodisse
2743 3289 3086 3346 cuniculum
3119 3288 3179 3343 in
3210 3285 3443 3342 dimidii
3476 3300 3614 3358 spa-

1963 3380 2114 3436 tium
2139 3380 2338 3446 stadii,
2362 3385 2417 3435 et
2438 3379 2784 3452 speluncam
2813 3379 3130 3450 adjecisse.
3152 3376 3212 3433 Si
3233 3376 3479 3449 quando
3503 3374 3616 3445 igi-

1961 3486 2031 3526 ur
2081 3470 2421 3541 complures
2457 3469 2506 3524 ei
2555 3474 2723 3524 erant
2778 3469 3033 3533 molesti,
3101 3465 3328 3524 occulte
3384 3481 3416 3521 e
3460 3462 3612 3520 cella

1962 3574 2233 3628 egressus
2283 3557 2426 3614 abiit
2472 3558 2529 3614 in
2588 3560 2962 3626 speluncam,
3004 3557 3103 3621 ita,
3149 3560 3209 3611 ut
3255 3569 3433 3610 nemo
3473 3568 3612 3608 eum

1962 3648 2226 3704 iveniret.
2274 3647 2488 3703 Abiens
2529 3663 2665 3703 vero
2697 3663 2800 3718 per
2835 3646 3177 3702 cuniculum
3219 3644 3422 3713 viginti
3469 3657 3605 3714 qua-

1964 3741 2096 3793 tuor
2148 3737 2446 3792 orationes
2499 3735 2736 3792 dicebat
2783 3751 2971 3807 usque
3020 3734 3096 3790 ad
3139 3733 3513 3806 speluncam,
3558 3733 3616 3786 et

1961 3825 2196 3882 rediens
2227 3824 2494 3881 totidem.

2035 3962 2110 4014 De
2139 3975 2210 4015 eo
2240 3973 2482 4030 quoque
2513 3958 2674 4013 fama
2705 3957 2859 4023 exiit,
2893 3955 3057 4028 quod
3091 3958 3392 4010 mortuum
3424 3952 3610 4008 susci-

1959 4048 2112 4113 tarit,
2160 4051 2225 4103 ut
2270 4047 2646 4103 convinceret
2674 4046 3053 4112 haereticumI
3102 4044 3204 4116 qui
3235 4040 3612 4098 resurrectio-

1960 4153 2096 4193 nem
2146 4153 2466 4210 corporum
2514 4153 2632 4192 non
2691 4136 3103 4209 proﬁtebatur.
3159 4131 3322 4201 Quae
3365 4130 3612 4204 quidem

1957 4226 2121 4282 fama
2151 4232 2434 4282 constans
2464 4225 2572 4282 fuit
2601 4226 2660 4282 in
2687 4224 3027 4281 solitudine.

2032 4408 2083 4476 2
2096 4407 2145 4479 5
2161 4408 2202 4476 ι
2223 4404 2382 4460 Alias
2399 4404 2472 4459 ad
2488 4405 2676 4476 ipsum
2697 4407 2877 4459 mater
2889 4401 3138 4458 adduxit
3151 4398 3606 4464 adolescentem,

1957 4496 2111 4568 quia
2129 4497 2425 4550 daemone
2444 4494 2797 4558 vexabatur,
2821 4491 3106 4548 aduobus
3121 4489 3606 4545 adolescentibus

1959 4584 2256 4655 utrimque
2270 4581 2678 4638 constrictum.
2697 4584 2959 4652 Eamque
2977 4579 3036 4634 in
3051 4594 3190 4633 eum
3207 4579 3326 4632 vim
3345 4577 3606 4633 daemon

1956 4671 2237 4736 exercuit,
2275 4677 2334 4726 ut
2365 4672 2544 4726 trium
2578 4670 2918 4726 modiorum
2948 4683 3136 4738 panes
3162 4666 3519 4730 comederet,
3553 4671 3607 4720 et

1956 4761 2284 4832 amphorae
2323 4759 2641 4814 Ciliciensis
2680 4774 2905 4832 aquam
2935 4757 3184 4814 biberet.
3235 4757 3395 4820 Quos
3444 4751 3611 4807 cibos

1957 4851 2169 4906 exinde
2204 4855 2480 4906 eructans
2517 4849 2577 4904 in
2612 4863 2892 4919 vaporem
2928 4844 3282 4910 resolvebat,
3316 4848 3608 4914 tanquam

1957 4940 2094 5010 igne
2107 4943 2617 4994 consumerentur.
2641 4937 2900 4993 Estenim
2921 4934 3070 4991 ordo
3091 4932 3340 5006 quidam
3359 4933 3607 4989 daemo-

1957 5043 2125 5095 num,
2148 5029 2249 5099 qui
2269 5029 2479 5100 igneus
2502 5031 2770 5092 vocatur,
2788 5026 2892 5098 qui
2913 5023 3158 5097 quidem
3182 5038 3302 5080 non
3324 5020 3608 5091 essentia,

1571 5119 1828 5174 VARIAE
1874 5117 2285 5175 LECTIONES.

314 5207 408 5281 ξθΒ
434 5206 553 5281 sig;
623 5207 664 5281 β
687 5206 732 5281 β
757 5205 919 5281 αύτήν
949 5211 1111 5281 πρρς
1140 5205 1353 5281 αύτόν.

243 5278 351 5332 ΑΒ.
432 5280 480 5314 ⁸⁵
520 5277 642 5332 Βοξ
675 5274 958 5350 δεεῖπον.
1002 5274 1147 5332 ’⁴⁶Α
1175 5280 1427 5350 ὁρᾶται.
1507 5279 1553 5314 ⁸⁷
1577 5274 1661 5334 ΑΒ
1688 5274 1869 5350 αὕτη.

1432 5208 1479 5243 ⁴²
1507 5211 1549 5262 Α
1582 5211 1819 5280 ἔριμον,
1849 5215 1904 5263 et
1930 5207 2011 5280 sic
2038 5206 2156 5280 fere
2190 5206 2432 5280 ubique.

2511 5206 2558 5240 ⁴³
2593 5207 2749 5277 πρὸς
2788 5207 2890 5256 τὸν
2930 5203 3114 5277 ἅγιον
3142 5217 3262 5258 om.
3291 5203 3350 5257 Β.
3428 5200 3475 5237 “
3517 5198 3611 5256 Sic

1948 5278 2060 5332 ⁴⁸Α
2088 5277 2266 5349 αὐτῇ,
2301 5275 2336 5331 Β
2369 5277 2456 5338 εἰς
2487 5275 2710 5349 αὐτὴνἈ
2777 5277 2824 5312 ⁴⁹
2860 5275 3156 5349 Ρτοάλλὰ
3193 5279 3380 5346 μόνον
3419 5278 3609 5349 τοῦτο

241 5353 592 5437 φαινομένη
631 5351 667 5403 Β
707 5350 868 5402 οὕτω
910 5347 1328 5437 δεθφαίνεται.
1369 5351 1448 5437 ,⁸ο
1479 5350 1590 5405 ΡΓο
1641 5356 1747 5403 καὶ
1798 5349 1916 5401 ἀπὸ
1967 5347 2561 5420 κορφῆςὲ-ποιὴσας
2610 5351 2646 5403 Β
2693 5347 2958 5418 ἐπέχεεν
3000 5348 3104 5399 ἐπὶ
3160 5347 3610 5437 ξὴνγκορύφήν

377 5430 397 5437 -
565 5425 576 5436 .
757 5427 768 5437 .
1091 5424 1101 5437 .
1235 5423 1275 5437 ..
1447 5429 1469 5437 -
1681 5426 1692 5437 .
1809 5421 2133 5437 ..πίει
2317 5425 2336 5435 -
2595 5425 2604 5437 .
2747 5421 2770 5437 Α
2876 5427 2894 5436 -
3050 5419 3226 5437 n»,
3505 5421 3591 5437 ,ιν

241 5421 439 5483 αὐτῆς
474 5425 584 5473 καὶ
625 5427 903 5482 ποιήσας
943 5421 1002 5474 εὖ

238 5501 520 5562 γυναῖκα
548 5495 713 5545 κατὰ
752 5495 962 5564 φύσιν.

239 5573 350 5616 τού
389 5581 512 5620 om.
545 5565 606 5620 Β.
686 5565 731 5600 ³⁷
779 5567 879 5618 ἐπὶ
918 5581 1038 5620 om.
1083 5567 1139 5620 Β.

245 5633 720 5708 δαιμονιῶντος
747 5641 854 5708 καὶ
891 5635 1088 5689 πολλά
1118 5638 1412 5691 έσθίοντο
1431 5658 1474 5699 ς.

241 5707 439 5780 ἀτμὸν
476 5711 518 5765 Β
546 5707 706 5766 male
738 5707 946 5762 αὐτόν.
1027 5710 1072 5745 ⁸³
1103 5711 1142 5765 Β
1170 5710 1316 5768 ὑπὸ.

1015 5424 1154 5494 κάς-

1041 5490 1088 5528 ⁸³
1116 5490 1391 5553 δοθῆναι
1421 5509 1542 5548 οω.
1596 5498 1648 5547 Β.

1401 5709 1448 5746 ⁶⁴
1481 5710 1667 5777 Corr.,
1689 5708 1779 5764 AB
1806 5705 2051 5762 δαπανό
2069 5728 2106 5781 μ
2124 5727 2276 5761 εναι.

1234 5423 1276 5458 ⁵³
1313 5420 1512 5482 αὐτῆς
1541 5438 1639 5477 om
1663 5426 1729 5478 Α.
1808 5423 1992 5492 "Pro
2019 5413 2216 5492 ε’φάνη
2259 5425 2419 5473 πᾶσι
2455 5425 2612 5491 γυνὴ
2654 5413 3018 5491 καθορῶσιν
3048 5419 3087 5474 Β
3127 5413 3370 5492 ἓᾷειξεν
3399 5413 3610 5474 ἀὐτὴν

1729 5495 1776 5529 ⁸⁸
1807 5495 1842 5547 Β
1864 5490 2359 5562 ἀπολειφθῆναι.

1218 5565 1266 5601 ⁵⁸
1306 5565 1570 5625 Emend.
1625 5567 1712 5620 ΑΒ
1761 5566 2010 5635 ύπόγηον.

1552 5639 1595 5672 ⁶¹
1624 5637 1727 5692 PFO
1755 5631 1999 5694 ταύτην
2041 5631 2107 5688 δὲ
2146 5638 2191 5690 Α
2227 5636 2380 5692 male
2411 5631 2773 5698 ὅς’ταύτην.

2440 5490 2486 5527 ⁵⁵
2516 5499 2625 5544 τοῦ
2665 5490 2828 5545 Θεου
2859 5508 2980 5545 om.
3025 5496 3089 5562 Αἲ
3167 5490 3215 5524 ⁵⁸
3255 5497 3369 5542 τοῦ
3410 5496 3612 5562 Χρισ-

2608 5566 2649 5598 ⁶⁰
2690 5566 2725 5617 Β
2755 5562 2921 5619 addit
2967 5560 3202 5617 titulum
3245 5576 3258 5615 :
3305 5560 3611 5634 Περιτοῦ

2853 5635 2900 5670 ⁶²
2933 5635 3154 5707 Β-οἷπερ
3194 5639 3327 5686 καὶ.

2353 5709 2400 5743 ⁸³
2434 5711 2616 5779 Corr.,
2647 5709 2693 5762 Α
2723 5705 3315 5779 Βμεταϐληθήσης.

2090 5564 2136 5598 ⁵³
2168 5566 2213 5618 Α
2262 5568 2527 5638 ποιήσῃ.

3406 5634 3472 5670 ⁸³·
3498 5633 3610 5688 Pro
3687 5633 3692 5639 ’
