4078 6194
482 289 580 346 183
1326 287 1430 344 SS.
1472 289 1959 346 MACARIORUM
1999 287 2331 344 AEGYPTII
2372 287 2458 342 ET
2497 286 2982 342 ALEXANDRINI

3723 283 3832 340 184

473 415 602 477 sed,
636 419 699 470 ut
728 415 786 468 in
815 413 1163 469 hominibus
1189 429 1432 486 quoque
1461 414 1777 481 invenitur,
1811 419 2009 471 mente
2034 430 2138 486 po-

2245 412 2329 465 ίπὶ
2393 412 2671 486 ἀνθρώπων
2731 418 2943 484 γνώμης
2997 411 3184 483 μᾶλλον
3253 411 3653 482 ἀλλοιουμένης·
3689 409 3854 472 οὗτος

475 506 589 560 tius
606 503 912 558 differunt.
943 503 1053 557 Iste
1077 503 1250 572 igitur
1271 502 1639 568 adolescens,
1665 505 1713 558 si
1737 520 1771 558 a
1804 509 1990 559 matre
2010 519 2132 559 non

476 594 617 649 satis
630 593 680 648 ei
697 591 1399 661 suppeditabatur,saepe
1413 594 1716 664 propriam
1732 609 1902 648 suam
1919 593 2133 648 edebat

477 682 742 752 corporis
795 680 1181 750 egestionem,
1246 685 1301 735 et
1361 679 1569 736 lotium
1611 681 1875 736 bibebat.
1935 681 2130 736 Flente

478 775 665 826 matre
682 774 735 824 et
757 769 1141 831 lamentante,
1165 774 1561 840 sanctumque
1584 770 1754 824 enixe
1773 770 2125 832 obtestante,

476 861 657 914 istum
689 863 934 912 sanctus
973 857 1220 927 excepit,
1270 861 1325 911 et
1374 857 1550 930 suppl
1591 874 1628 913 x
1673 874 1782 929 pro
1825 874 1895 914 eo
1943 861 2127 913 Deum

477 948 686 1005 oravit.
721 952 799 1001 Ac
828 951 959 1016 post
1007 946 1159 1001 duos
1203 946 1330 1000 dies
1378 946 1660 1002 miserum
1712 949 1970 1003 daemon
2002 964 2129 1002 cru-

479 1038 698 1091 ciatum
727 1035 966 1089 remisit.
987 1034 1149 1088 Tunc
1181 1035 1494 1105 matriejus
1521 1052 1532 1088 :
1559 1038 1878 1100 Quantum,
1914 1037 2124 1108 inquit,

479 1125 583 1186 vis,
613 1131 673 1177 ut
693 1123 1236 1186 comedat‘IQuam,
1259 1139 1448 1194 quum
1465 1123 1672 1179 decem
1700 1124 1883 1179 libras
1907 1125 2128 1192 signiﬁ-

483 1218 700 1275 casset,
752 1212 1104 1280 increpavit,
1144 1212 1288 1282 quia
1326 1212 1580 1267 nimium
1619 1214 1893 1277 dixisset;
1949 1219 2128 1285 atque

481 1303 694 1357 iterum
714 1315 891 1371 super
907 1300 1282 1355 adolescente
1306 1308 1578 1371 precatus
1592 1317 1730 1357 cum
1743 1303 1971 1373 jejunio
1995 1318 2128 1373 sep-

478 1395 598 1445 tem
628 1388 862 1443 dierum
892 1389 1251 1445 daemonem
1282 1390 1564 1458 ingluviei
1595 1392 1668 1446 ab
1694 1408 1762 1447 eo
1792 1392 2029 1463 expulit,
2075 1397 2132 1448 et

480 1478 684 1533 cibum
711 1477 761 1532 ei
791 1476 1092 1532 constituit
1123 1479 1300 1532 trium
1343 1478 1631 1534 librarum
1662 1496 1906 1550 panem,
1947 1497 2129 1551 quem

483 1565 796 1622 comedere
828 1565 1086 1633 deberet,
1139 1568 1188 1620 si
1227 1572 1593 1637 operaretur.
1634 1572 1712 1624 Ita
1745 1575 1801 1623 et
1831 1570 1990 1624 hunc
2018 1572 2131 1625 vir-

483 1660 604 1710 tute
629 1655 861 1709 divinae
892 1656 1116 1723 gratiae
1147 1661 1428 1712 sanatum
1455 1656 1624 1711 matri
1657 1657 1932 1712 reddidit.

555 1742 717 1798 Talia
741 1744 894 1796 Deus
916 1743 1212 1813 stupenda
1236 1743 1528 1799 miracula
1553 1745 1688 1800 fecit
1713 1761 1818 1816 per
1845 1747 2131 1803 dilectum
2165 1755 2205 1808 Β

484 1847 661 1886 suum
723 1831 1062 1896 Macarium,
1107 1833 1279 1902 cujus
1327 1833 1678 1889 immortalis
1728 1836 1933 1891 anima
1973 1853 2134 1892 nunc

484 1925 572 1975 est
597 1936 733 1975 cum
766 1920 1015 1988 angelis.
1044 1924 1163 1990 Ego
1193 1927 1467 1978 sanctum
1498 1924 1624 1993 ipse
1670 1940 1789 1980 non
1834 1927 2084 1981 conveni
2119 1943 2132 1993 ;

483 2025 645 2065 anno
676 2010 856 2071 enim.
889 2015 1213 2080 antequam
1247 2011 1302 2065 in
1330 2011 1711 2068 solitudinem
1737 2014 2136 2088 ingrediebar,

487 2097 743 2155 obierat.

2244 508 2411 554 τοίνυν
2455 507 2524 574 μὴ
2573 505 2953 574 ἓπαρκούμενος
2989 505 3133 576 παρὰ
3179 511 3272 562 τῆς
3322 505 3520 573 μητρὸς
3569 505 3662 557 τὴν
3697 496 3846 551 ἰδίαν

2241 596 2430 664 κόπρον
2470 591 2714 652 πολλάκις
2745 593 2898 650 ἤσθιε
2928 596 3015 643 καὶ
3054 594 3111 643 τὸ
3152 593 3199 626 ⁸⁸
3239 587 3390 662 οὖρον
3439 592 3594 657 ἔπινε,
3628 589 3846 640 κλαιού-

2243 700 2342 742 σης
2391 677 2478 732 οὖν
2519 683 2562 716 ⁸⁷
2619 689 2713 741 τῆς
2770 684 2964 753 μητρὸς
3010 685 3098 732 καὶ
3158 677 3479 752 ὀδυρομένης
3520 683 3607 730 καὶ
3656 679 3704 714 ⁸⁸
3753 681 3844 729 τὸν

2237 770 2384 839 ἅγιον
2439 771 2772 830 ἱκετευούσης
2818 769 2986 821 λαϐὼν
3027 768 3212 820 ἐκεῖνον
3256 770 3280 819 ὁ
3334 769 3497 839 οἶγιος,
3550 771 3637 818 καὶ
3687 765 3844 818 ἕπευ-

2238 859 2451 929 ξάμενος
2482 854 2621 928 αύτῷ
2665 863 2753 910 καὶ
2794 860 2840 893 5°
2883 861 2970 909 τὸν
3004 861 3132 910 Θεὸν
3174 859 3410 909 ἱκετεύων
3450 855 3532 907 ἐπὶ
3565 853 3662 907 δύο
3707 856 3846 926 ἡμέ-

2235 967 2350 1021 ρας,
2400 947 2700 1018 ὑπελώφησε
2755 954 2846 998 τοῦ
2898 943 3070 998 δεινοῦ
3121 947 3322 1007 πάθους
3362 947 3386 996 ὁ
3435 941 3639 1016 δαίμων
3672 959 3683 970 ·
3725 947 3846 995 τότε

2235 1035 2370 1105 λέγει
2417 1044 2479 1108 τῇ
2522 1041 2682 1108 μητρὶ
2725 1035 2884 1086 αὑτοῦ
2912 1052 2924 1064 °
2977 1040 3138 1087 πόσον
3181 1035 3336 1094 θέλεις
3387 1035 3468 1085 ἵνα
3499 1035 3646 1104 ἑσθίη
3685 1048 3698 1097 ;
3749 1037 3845 1083 καὶ

2237 1125 2398 1186 αὐτῆς
2447 1122 2575 1176 δέκα
2639 1124 2820 1196 λίτρας
2895 1124 3144 1185 εἰπούσης
3203 1123 3511 1195 ἐπετίμησεν
3588 1122 3718 1192 αὐτῇ
3771 1124 3844 1184 ὡς

2237 1215 2365 1267 πολὺ
2415 1215 2703 1287 εἰρηκυίας,
2742 1220 2832 1266 καὶ
2881 1212 3220 1285 ἐπευξάμενος
3267 1213 3420 1264 πάλιν
3464 1219 3536 1281 τῷ
3583 1215 3840 1280 νεανίσκῳ

2238 1305 2367 1375 μετὰ
2415 1306 2659 1360 νηστείαν
2704 1303 2790 1354 ἐπὶ
2847 1303 2974 1355 ἑπτὰ
3016 1305 3213 1375 ἡμέρας
3267 1300 3495 1364 ἕξελασεν
3546 1299 3631 1352 ἀπ’
3675 1300 3840 1351 αὐτοῦ

2237 1395 2324 1444 τὸν
2357 1389 2585 1463 δαίμονα
2610 1399 2704 1453 τῆς
2742 1391 3088 1463 πολυφαγίας,
3121 1395 3210 1443 καὶ
3241 1394 3458 1448 ἔστησεν
3497 1391 3540 1425 ⁷⁰
3577 1389 3712 1459 αύτῷ
3743 1393 3840 1445 τὴν

2238 1484 2431 1554 τροφὴν
2469 1488 2624 1552 τριῶν
2663 1480 2848 1554 λιτρῶν
2889 1482 3076 1552 οἰρτους
3103 1482 3171 1544 ⁷¹,
3215 1483 3282 1541 ὡς
3330 1479 3588 1551 ὀφείλοντα
3621 1477 3842 1552 ἐργαζό-

2239 1589 2385 1641 μενον
2424 1577 2577 1621 τούτο
2618 1568 2827 1624 ὶσθίειν.
2856 1570 3014 1628 οὕτως
3041 1566 3126 1622 οὖν
3156 1574 3245 1621 καὶ
3271 1576 3448 1621 τοῦτον
3477 1576 3538 1640 τῇ
3572 1575 3667 1627 τῆς
3698 1569 3840 1628 Θείας

2242 1668 2464 1731 χάριτος
2481 1663 2752 1730 συνεργείᾳ
2775 1661 2793 1692 ⁷
2807 1665 2825 1694 ⁸
2842 1659 3117 1730 ἰασάμενος
3137 1661 3258 1728 ύγιῆ
3277 1665 3337 1728 τῇ
3362 1662 3525 1731 μητρὶ
3555 1652 3848 1711 ἀπέδωκεν.

2311 1755 2489 1801 Ταῦτα
2518 1749 2584 1800 τά
2622 1745 2901 1820 παράδοξα
2943 1751 3184 1820 θαύματα
3219 1751 3498 1804 πεποίηκεν
3524 1747 3549 1797 ὁ
3591 1748 3719 1806 Θεὸς
3753 1741 3851 1796 διὰ

2243 1846 2334 1890 τοῦ
2385 1841 2607 1908 γνησίου
2650 1838 2810 1889 αὑτοῦ
2859 1839 2904 1872 ⁷³
2947 1837 3095 1907 «pileo
3137 1840 3430 1907 Μακαρίου,
3474 1835 3533 1886 οὗ
3582 1837 3610 1891 ἠ
3655 1833 3852 1885 ἁθάνα·

2245 1947 2331 1988 τος
2381 1929 2430 1962 ⁷⁸
2495 1927 2650 1999 ψυχὴ
2708 1934 2795 1977 νῦν
2851 1929 2977 1998 μετὰ
3035 1925 3260 1996 ἀγγέλων
3317 1927 3363 1959 ⁷⁵
3410 1923 3549 1976 ἐστίν
3592 1921 3734 1994 ’ἐγὼ
3779 1929 3855 1991 τῷ

2248 2018 2381 2087 ἁγίῳ
2411 2019 2578 2086 τούτῳ
2616 2016 2675 2067 ού
2714 2017 2763 2050 ⁷⁶
2807 2019 3092 2086 συνέτυχον
3125 2035 3136 2047 ·
3185 2018 3285 2087 πρὸ
3331 2013 3567 2065 ἐνιαυτοῦ
3608 2015 3711 2084 γὰρ
3763 2019 3859 2071 τῆς

2251 2106 2318 2165 εἰς
2343 2111 2435 2163 τὴν
2467 2108 2654 2178 ἔρημον
2695 2103 2820 2176 ἐμῆς
2849 2101 3060 2156 εἰσόδου
3093 2102 3393 2175 ἐκεκοίμητο
3424 2105 3494 2156 ⁷⁷.

497 2232 3840 2249 W

2039 2327 2214 2400 252
2248 2331 2319 2389 II-

1459 2444 1639 2502 VITA
1681 2445 1952 2506 SANCTI
1995 2445 2312 2505 MACARII
2355 2445 2891 2505 ALEXANDRINI

855 2608 949 2667 Ea:
981 2608 1246 2670 Historia
1291 2608 1575 2669 Lau-siaca
1611 2609 1869 2670 Palladii
1899 2612 1974 2670 ad
2012 2611 2266 2672 codicum
2301 2610 2546 2671 duorum
2589 2609 3093 2670 Vindobonensium
3120 2608 3287 2690 ﬁdem
3316 2607 3490 2667 edita.

551 2724 683 2790 god.
735 2724 988 2790 ms._bist.
1019 2738 1195 2786 graec.
1217 2725 1491 2790 LXXXIV,
1533 2727 1660 2776 olim
1695 2728 1867 2782 XXIX,
1901 2727 2030 2776 Bibl.
2071 2728 2216 2777 Caes.
2244 2728 2546 2777 Vindobon.
2577 2729 2938 2777 membranae.
2976 2730 3332 2790 pervetustus.
3405 2761 3417 2774 .
3489 2764 3500 2774 .
3571 2763 3582 2774 .
3655 2760 3666 2771 .
3739 2762 3749 2773 .
3822 2728 3862 2790 ᾼ

549 2786 674 2836 Cod.
714 2801 810 2836 ms.
848 2788 971 2836 hist.
1007 2801 1180 2850 graec.
1216 2789 1300 2847 IX,
1330 2789 1457 2837 olim
1487 2790 1636 2847 XLII,
1677 2789 1806 2839 Bibl.
1844 2791 1990 2841 Caes.
2032 2791 2332 2840 Vindobon.
2361 2791 2592 2840 cbartac.
2627 2793 2908 2854 antiquus.
2979 2786 2996 2838 ζ
3070 2828 3080 2838 .
3152 2826 3163 2837 .
3235 2825 3248 2837 .
3319 2825 3331 2837 .
3401 2825 3413 2838 .
3485 2823 3496 2835 .
3569 2825 3581 2837 .
3656 2826 3666 2837 .
3743 2822 3754 2834 .
3827 2787 3864 2836 Β

552 2887 689 2936 Sunt
713 2887 1127 2953 iide_m_codices_
1143 2892 1325 2953 atque
1363 2903 1543 2953 supra.
1579 2888 1636 2938 In
1664 2890 1860 2953 quibus
1889 2891 2056 2939 sancti
2096 2889 2313 2939 Macarii
2343 2891 2590 2952 Aegyptii
2630 2891 2794 2938 vitam
2830 2889 2998 2939 altera
3041 2888 3174 2938 haec
3213 2888 3409 2951 excipit
3442 2888 3612 2936 sancti
3645 2885 3865 2935 Macarii

491 2949 853 3000 Alexandrini.
884 2950 1082 2999 Textus
1111 2949 1399 3000 Meursiaui
1430 2949 1693 3002 lectiones
1708 2954 1899 3008 varias,
1929 2966 2068 3016 quae
2094 2949 2445 3009 innumerae:
2459 2949 2569 3002 non
2600 2953 3015 3016 adscripsimus.

789 3196 872 3251 De
903 3198 1101 3250 sancto
1134 3195 1404 3252 Macario
1435 3195 1856 3252 Alexandrino.

2265 3197 2414 3268 Περὶ
2498 3200 2607 3245 τοῦ
2673 3196 2854 3265 αγίου
2928 3195 3261 3263 Μακαρίου
3321 3196 3430 3241 τοῦ
3496 3183 3832 3250 Ἀλεξανδ-

566 3321 845 3373 Sanctum
873 3333 1015 3372 vero
1037 3319 1354 3372 Macarium
1378 3318 1847 3374 Alexandrinum
1875 3317 2148 3382 conveni,
2910 3301 2939 3356 Ρ
2959 3300 3082 3334 ίνου
3125 3281 3196 3334 ⁷⁸ο

491 3409 594 3480 qni
615 3406 921 3477 presbyter
937 3405 1410 3473 eratCelliorum,
1431 3420 1585 3476 quae
1599 3406 1895 3462 dicuntur.
1915 3407 1977 3460 In
1996 3420 2153 3477 quae

493 3510 605 3564 ego
637 3509 857 3548 novem
888 3510 1081 3548 annos
1121 3494 1358 3559 secessi,
1391 3510 1462 3548 ex
1492 3495 1716 3565 quibus
1767 3501 1881 3550 tres
1915 3510 2150 3550 mecum

496 3583 641 3638 vixit
665 3582 760 3638 ille
783 3583 1069 3638 Macarius
1091 3581 1150 3637 in
1177 3583 1374 3654 quiete
1400 3584 1646 3652 degens.
1670 3588 1859 3655 Atque
1879 3583 1995 3639 alia
2024 3583 2152 3654 qui-

495 3672 632 3726 dem
667 3671 794 3742 ipse
820 3671 936 3726 vidi
965 3671 1128 3741 apud
1159 3687 1295 3726 eum
1329 3673 1591 3742 optimae
1623 3673 1750 3743 ejus
1780 3673 2018 3726 vivendi
2054 3688 2140 3727 ra-

498 3761 674 3817 tionis
705 3777 887 3832 opera
921 3767 974 3815 et
1006 3762 1196 3832 signa,
1229 3761 1347 3816 alia
1378 3761 1456 3816 ab
1483 3762 1573 3827 iis,
1606 3764 1709 3834 qui
1755 3778 1872 3816 una
1909 3778 2047 3816 cum
2080 3777 2150 3816 eo

497 3850 792 3914 vixerunt,
834 3849 1036 3915 didici,
1070 3850 1187 3906 alia
1217 3849 1475 3922 denique
1507 3868 1542 3905 a
1573 3850 1986 3922 compluribus
2023 3849 2153 3905 aliis

497 3939 724 3997 audivi.
757 3939 1106 3996 Exercitatio
1137 3940 1312 4009 igitur
1338 3941 1572 3996 Macarii
1607 3941 1832 4009 magni,
1863 3945 1926 3994 ut
1957 3955 2066 4009 ego
2100 3944 2155 3994 et

500 4030 666 4086 multi
689 4029 855 4100 apud
872 4046 1011 4085 eum
1032 4029 1374 4098 didicimus,
1401 4029 1550 4084 haec
1576 4029 1714 4085 fuit:
1735 4031 1790 4086 Si
1811 4032 1972 4101 quod
1996 4045 2153 4100 opus

501 4118 936 4174 exercitationis
969 4118 1231 4189 aliquem
1289 4133 1556 4190 unquam
1610 4118 1816 4172 fecisse
1866 4119 2149 4182 audierat,

500 4205 662 4260 idem
694 4205 928 4260 efﬁcere
959 4206 1236 4260 ardenter
1266 4207 1512 4263 studuit.
1546 4207 1643 4261 Hic
1675 4207 1850 4275 igitur
1887 4210 2150 4271 sanctus,

505 4309 694 4366 quum
719 4293 1027 4356 audiisset,
1050 4293 1518 4348 Tabennesiotas
1549 4311 1650 4364 per
1679 4300 1861 4348 totam
1889 4294 2155 4364 quadra-

505 4380 798 4452 gesimam
823 4379 985 4435 nulla
1005 4397 1064 4434 re
1084 4381 1236 4436 vesci
1260 4397 1418 4452 quae
1439 4382 1560 4449 igni
1581 4382 1826 4437 admota
1847 4386 2153 4448 esset,sta-

502 4469 612 4525 tuit
641 4474 697 4524 et
727 4469 852 4538 ipse
884 4470 1186 4538 septennio
1215 4469 1379 4534 nihil,
1403 4475 1567 4540 quod
1601 4485 1704 4540 per
1731 4469 1930 4539 ignem
1961 4475 2151 4524 trans-

505 4558 692 4627 iisset,
719 4558 1047 4623 comedere,
1077 4563 1131 4612 et
1146 4566 1374 4629 septem
1401 4559 1574 4614 annis
1595 4558 1736 4614 nihil
1766 4559 1930 4614 aliud
1955 4565 2157 4628 gusta-

511 4647 612 4714 vit,
632 4647 742 4703 nisi
762 4647 942 4702 cruda
965 4647 1146 4716 olera,
1167 4653 1223 4702 et
1244 4648 1290 4702 si
1307 4664 1464 4721 quae
1477 4647 1625 4704 forte
1645 4649 1819 4722 253
1838 4649 2136 4704 invenisse

2271 4646 2564 4721 διέρχεται,
2609 4655 2679 4721 μὴ
2735 4657 2910 4722 φαγεῖν
2943 4652 3013 4716 οί,
3046 4650 3179 4707 πλὴν
3215 4649 3456 4721 λαχάνων
3501 4649 3651 4720 ὠμῶν
3682 4651 3771 4698 καὶ
3829 4651 3878 4700 εἰ

503 4736 811 4810 legumina
837 4737 1204 4796 humectata.
1245 4738 1322 4792 De
1353 4737 1467 4794 alio
1493 4739 1780 4802 audierat,
1813 4739 1915 4809 qui
1943 4737 2142 4794 libran

2269 4758 2371 4791 που
2431 4738 2570 4813 εὗρεν
2630 4738 2853 4814 ὀσπρίου
2909 4740 2956 4775 ⁸⁸
3015 4738 3262 4812 βρεκτοῡ,
3311 4734 3536 4810 μηδενὸς
3599 4737 3647 4772 9³
3708 4735 3874 4788 ἄλλου

1833 4847 2043 4900 νΑΒΙΑ
2057 4848 2092 4900 Ε
2142 4845 2525 4901 LECTIONES
2539 4889 2551 4901 .

595 4953 642 4990 ⁸⁸
675 4955 857 5020 Corr.,
902 4955 993 5010 ΑΒ
1024 4959 1152 5008 τὸν.
1231 4955 1273 4990 ⁸⁷
1309 4958 1350 5009 Α
1385 4958 1626 5009 τοίνυν.
1711 4955 1758 4990 ⁵⁸
1789 4959 1896 5007 καὶ
1935 4971 2059 5010 om.
2100 4960 2165 5009 A.
2244 4955 2289 4989 ⁶⁹
2349 4959 2456 5006 καὶ
2505 4970 2627 5009 om.
2663 4956 2730 5008 A.
2811 4955 2852 4992 ⁷ο
2882 4952 2924 5007 Β
2953 4957 3043 5005 καὶ
3071 4955 3460 5005 τετύπωκεν.

518 5026 744 5100 λίτρας
785 5029 1008 5100 ἄρτου.
1087 5030 1134 5100 7⁷³
1168 5024 1355 5095 Corr.,
1382 5027 1493 5100 _AB
1547 5032 1811 5100 συνεργία.
1889 5027 1936 5060 ⁷³
1968 5033 2012 5081 Α
2045 5023 2157 5078 διὰ
2195 5034 2585 5100 τούῗσαυτού
2627 5025 3066 5100 (ίοιζζθηέαυτού
3097 5023 3147 5094 Ῡ)
3197 5027 3492 5096 γνησίου.

515 5093 782 5160 τοξοω.
818 5093 875 5152 Β.
952 5100 1000 5170 ⁷⁵
1043 5099 1133 5154 Sic
1165 5100 1252 5152 AB
1300 5138 1311 5149 .
1341 5093 1472 5151 'sine
1504 5093 1892 5170 apostropho,
1930 5103 1994 5152 ut
2018 5114 2216 5168 saepe.
2293 5099 2343 5132 ⁷⁸
2373 5101 2483 5170 ΑΒ.
2517 5093 2648 5150 οὐκ.
2725 5098 2770 5131 ⁷⁷
2805 5099 2882 5151 Ex
2921 5096 3102 5170 coni}
3139 5093 3214 5150 Α.
3249 5100 3604 5170 κεκοίμητε
3714 5097 3888 5170 εκοίτ

522 5189 707 5242 μητο.
789 5172 834 5205 ⁷⁸
868 5169 1126 5224 Iudicem
1179 5169 1338 5224 hunc
1389 5185 1512 5242 om.
1545 5164 1619 5224 Ἀ.
1697 5164 1769 5205 ⁷⁹’
1801 5172 1837 5224 Β
1876 5164 2224 5242 ἐνναετίαν.
2303 5171 2344 5207 ⁸ο
2376 5173 2413 5224 Β
2446 5169 2890 5242 ἐπέζηᾳσλέῗμοι.
2961 5169 3012 5242 ⁸⁸]
3051 5169 3200 5242 lixa}.
3231 5164 3612 5242 πολλᾴιμέν.⁸
3657 5164 3702 5242 ξ’
3735 5165 3884 5242 παρ’

523 5234 722 5314 αύτοῡ
762 5257 889 5297 om.
927 5243 1009 5314 ΑΒ.
1089 5242 1220 5314 ⁸³-Β
1273 5247 1363 5299 τῆς
1413 5239 1648 5314 ἀρίστης
1689 5241 1886 5293 αὐτοῦ
1927 5241 2302 5314 πολιτείας.
2383 5242 2429 5276 ⁸⁸
2565 5234 2771 5292 πολλᾶ
2802 5236 2925 5314 δέ..-
2959 5239 3005 5274 ⁸⁸
3061 5239 3171 5294 ΡΓο
3217 5243 3305 5314 γτὰ
3353 5234 3614 5314 iis-napi
3653 5234 3887 5314 ἑτέρων

526 5313 796 5366 πλεόνων
843 5316 878 5366 Β
918 5311 1103 5383 ἕτερα
1142 5309 1212 5364 δε
1257 5317 1364 5384 καὶ
1403 5307 1558 5384 παρ’
1596 5313 1797 5365 ἄλλων
1837 5312 2098 5365 πολλῶν.
2177 5315 2224 5348 ⁸⁸
2257 5313 2363 5384 Pro
2394 5315 2457 5372 ὡς
2505 5312 2604 5382 ἐγὼ
2642 5315 2754 5362 καὶ
2788 5309 3109 5384 πολλοὶᾼ-
3159 5312 3318 5384 αύτη
3350 5311 3388 5363 Β
3420 5312 3488 5370 ὡς
3527 5307 3626 5384 ἐγὼ
3672 5313 3890 5384 τε-καὶ

523 5386 828 5458 πλείονες
869 5379 1087 5458 ἕτεροι
1139 5379 1614 5458 ἠκριϐωσανῂτο,
1654 5386 1810 5458 αὕτη
1854 5389 2059 5437 ἐστίν.
2140 5384 2183 5419 ⁸⁷
2219 5387 2257 5438 Β
2306 5379 2767 5456 ἐργασάμενον.
2845 5383 2892 5416 ⁸⁸
2925 5383 2963 5436 Β
3006 5379 3100 5458 διᾲ
3124 5383 3366 5458 πολλῆς
3405 5379 3661 5458 σπουδῆς.
3741 5379 3788 5412 ⁸9
3825 5381 3885 5433 Β.

527 5456 842 5518 ἀκηκοώς.
909 5449 1056 5529 ν⁹⁰’Β
1104 5449 1336 5529 ἔκρινε.
1416 5458 1458 5493 9⁷
1504 5457 1615 5512 ΡΓο
1669 5457 1694 5509 ὃ
1762 5454 1873 5508 διὰ
1941 5459 2142 5529 πυρᾲς
2190 5486 2258 5529 έ
2302 5449 2524 5529 φαγεῖν
2565 5449 2726 5529 Βλμὴ
2761 5461 3028 5529 Δφαγεῖν
3069 5453 3094 5505 ὂ
3135 5451 3248 5506 διὰ
3285 5456 3486 5529 πυρὸς
3530 5449 3889 5529 διέρχετ-αι

526 5530 573 5564 ⁹²
607 5530 785 5601 Cor_r.,
822 5519 1611 5601 Ao’anpéou;Boa1rpimv.
1697 5529 1743 5563 ⁰³
1775 5534 1820 5584 Α
1858 5533 1962 5580 καὶ
2001 5519 2244 5601 μηδενός.
2309 5519 2369 5559 ’⁸⁸
2397 5519 2521 5601 :Pro
2555 5519 2735 5601 «Hs
2761 5519 3514 5601 λαχάνιον-γευσάμενο
3546 5543 3566 5584 ς
3605 5519 3651 5574 Β⁷
3681 5519 3887 5601 μηδε-

527 5602 633 5659 νός
669 5599 859 5652 ἄλλον
901 5601 1002 5653 ἰπὶ
1030 5597 1190 5653 ἑπτὰ
1219 5597 1814 5672 ἔτεσιγευσάμενος
1855 5597 2010 5672 πλὴν
2051 5600 2348 5672 λαχάνων
2381 5597 2555 5672 ὠμῶν
2583 5597 3342 5672 καὶόσπρίωνβρεκτῶν,
3378 5599 3429 5648 εἳ
3458 5613 3612 5647 ποτε
3636 5597 3886 5645 τούτων

536 5671 875 5744 εὐπόρησε.
955 5673 1002 5706 ⁸⁸
1026 5673 1131 5728 Pro
1158 5667 1697 5732 ἤκουσεᾶλλουΒ
1729 5677 1873 5744 περὶ
1912 5669 1980 5724 δε
2012 5667 2183 5730 τινος
2213 5667 2404 5720 ἄλλου
2439 5668 2756 5732 ἀκούσας.

2331 3413 2413 3476 Τῷ
2448 3401 2506 3458 δὲ
2542 3405 2676 3476 ἁγίῳ
2719 3411 2975 3479 Μακαρίῳ
3011 3414 3083 3476 τῷ
3120 3400 3453 3470 Ἀλεξανδρεῖ
3493 3405 3871 3473 συντετύχηκα

2261 3493 2597 3566 πρεσϐυτέρῳ
2645 3498 2755 3546 ὄντι
2801 3503 2899 3546 τῶν
2942 3483 3222 3566 λεγομένων
3267 3493 3491 3556 κελλίων,
3537 3491 3610 3552 εἰς
3668 3488 3702 3542 ἃ
3755 3489 3852 3560 ἐγὼ

2260 3590 2556 3656 παρῴκησα
2585 3585 2724 3635 ἐννέα
2762 3586 2848 3640 ἔτη
2898 3585 2968 3637 ⁷9.
3011 3587 3059 3634 ἐν
3099 3583 3175 3642 οἷς
3223 3587 3344 3656 τρία
3391 3584 3477 3638 ἔτη
3523 3599 3613 3651 μοι
3663 3578 3862 3640 ἐπέζη-

2265 3691 2347 3724 σεν
2380 3674 2422 3707 ⁸ο
2459 3675 2484 3724 ὁ
2529 3674 2801 3745 Μακάριος
2840 3672 3009 3739 οὗτος,
3063 3668 3262 3742 διάγων
3293 3670 3340 3722 ἐν
3390 3672 3621 3741 ἠσυχίᾳ,
3672 3673 3762 3720 καὶ
3801 3671 3871 3719 τὰ

2261 3766 2350 3835 μὲν
2384 3763 2427 3797 ³⁷
2461 3759 2598 3814 εἶδον
2629 3764 2725 3832 ἐγὼ
2757 3762 2878 3833 παρ’
2917 3761 3080 3812 αὐτοῦ
3120 3762 3166 3795 ⁸³
3214 3769 3308 3820 τῆς
3342 3758 3565 3830 ἀρίστης
3605 3756 3869 3818 πολιτείοις

2263 3851 2424 3904 αὐτοῦ
2452 3853 2499 3885 ⁸³
2531 3853 2658 3924 ἔργα
2685 3870 2737 3903 τε
2783 3857 2872 3903 καὶ
2915 3857 3126 3921 σημεῖα,
3157 3852 3223 3901 τὰ
3262 3845 3320 3901 δι
3351 3849 3397 3883 ⁸⁴
3430 3851 3573 3919 παρὰ
3612 3854 3710 3899 τῶν
3747 3849 3871 3897 τού⁴

2263 3960 2352 3992 του
2425 3939 2836 4012 συμϐιωσάντων
2900 3941 3202 4010 μεμάθηκα,
3266 3940 3332 3988 τὰ
3380 3933 3438 3988 δὲ
3501 3935 3623 4009 παρ’
3683 3935 3871 4008 ἐτέρων

2262 4031 2504 4083 πλειόνων
2558 4031 2603 4064 ⁸⁸
2659 4028 2863 4088 ἀκήκοα
2896 4047 2908 4059 ·
2938 4029 2966 4087 ἡ
3025 4031 3113 4100 μεν
3163 4023 3250 4078 οὖν
3294 4029 3520 4085 ἄσκησις
3564 4032 3654 4076 τοῦ
3708 4026 3876 4094 μεγά-

2261 4119 2351 4170 λου
2393 4123 2692 4189 Μακαρίου,
2740 4121 2804 4178 ως
2843 4119 2942 4187 ἐγὼ
2991 4123 3080 4168 καὶ
3136 4115 3314 4168 πολλοὶ
3361 4116 3484 4187 παρ’
3534 4113 3674 4184 αὐτῷ
3716 4113 3874 4186 ἠκρι-

2264 4205 2526 4277 ϐώσαμεν,
2559 4203 2619 4262 ἦν
2657 4205 2787 4262 αὕτη
2819 4207 2865 4240 ⁸⁸
2893 4221 2904 4233 ⁸
2959 4208 3002 4256 εἰ
3039 4225 3091 4256 τι
3131 4203 3322 4262 ἀκήκοε
3372 4207 3579 4256 πώποτέ
3628 4221 3745 4253 τινα
3783 4221 3876 4254 πε-

2267 4298 2525 4351 ποιηκότα
2571 4294 2614 4327 ⁸⁷
2669 4295 2812 4366 ἔργον
2858 4291 3153 4361 ἀσκήσεως,
3197 4289 3291 4346 διὰ
3337 4289 3576 4353 σπουδῆς
3627 4292 3673 4326 ⁸³
3715 4299 3874 4343 τοῦτο

2263 4384 2637 4451 κατώρθωσενο
2683 4381 2916 4444 ἀκούσας
2958 4382 3003 4417 ⁸⁹
3057 4380 3165 4446 οὖν,
3217 4385 3296 4434 ὅτι
3339 4385 3388 4434 οἱ
3447 4380 3876 4438 Ταϐεννησιώται

2266 4468 2360 4523 διὰ
2414 4473 2586 4531 πάσης
2651 4478 2745 4533 τῆς
2813 4479 3242 4545 τεσσαρακοστῆς
3313 4473 3510 4544 ἄπυρον
3579 4471 3874 4537 ἐσθίουσιν,

2266 4563 2455 4631 ἔκρινεν
2513 4562 2556 4594 ⁹⁰
2594 4560 2739 4621 οὗτος
2777 4562 2803 4612 ὁ
2857 4561 3008 4631 ἅγιος
3046 4563 3130 4612 ἐπι
3179 4564 3449 4613 ἑπταετίαν
3511 4560 3536 4611 ὃ
3577 4555 3670 4611 διὰ
3707 4562 3877 4632 πυρὸς

3537 4952 3580 4986 ⁷¹
3629 4951 3665 5004 Β
3697 4956 3884 5021 τρεῖς

3569 5023 3617 5056 ⁷⁴
3649 5023 3886 5072 «θάνα-
