4078 6194
92 42 212 105 π

200 273 305 333 185

1794 266 2000 325 ACTA.

3469 276 3573 330 186

193 408 327 460 ἐτι·τὰ
369 408 513 460 ἰτεσι
549 408 864 478 γευσάμενος
906 404 975 459 ⁹⁴.
1031 406 1251 462 ἤκουσεν
1296 401 1450 455 ἱλλου
1491 403 1559 467 ⁸⁵,
1612 402 1692 454 ὅτι
1726 402 1801 453 λί-

1927 402 2088 474 panis
2103 403 2471 470 comederet;
2490 419 2679 477 quare
2694 403 2888 477 fregit,
2906 422 3064 478 quae
3082 407 3314 474 habuit,
3332 409 3571 467 buccel-

190 516 319 569 τραν
339 496 506 567 ἄρτου
535 493 716 556 ἐσθίει,
749 499 838 546 καὶ
867 493 1063 553 κλάσας
1111 494 1178 544 τὰ
1226 490 1538 564 βουκελάτα,
1569 490 1604 542 ά
1634 486 1798 562 εἶχεν,

191 584 428 639 ἐνέϐαλεν
497 584 568 646 εὶς
634 585 860 658 κεράμα,
924 586 1103 655 κρίνας
1171 588 1419 633 τοσοῦτον
1479 579 1671 632 ἐσθίειν
1728 580 1799 645 ⁸⁸,

192 677 317 728 ὅσον
360 673 426 725 ἂν
452 675 484 731 ἠ
538 678 660 745 χεὶρ
717 672 879 724 αὑτοῦ
911 669 1153 741 ἁνενέγκη
1179 683 1194 699 ⁸
1230 668 1427 741 μεγάλη
1463 665 1522 721 δι
1548 672 1637 721 καὶ
1667 668 1799 727 αὕτη

190 765 479 837 ἐγκράτεια
512 782 525 796 ·
558 758 797 832 διηγεῖτο
865 763 967 833 γὰρ
1024 760 1151 830 ἡμῖν
1200 758 1674 830 χαριεντιζόμενος,
1722 758 1803 809 ὃτι

193 848 659 926 περιεδρασθόμην
707 852 798 922 μεν
845 850 895 884 9⁷
941 847 1185 901 πλειόνων
1214 846 1546 918 κλασμάτων,
1580 846 1638 898 ού
1685 865 1803 898 συν.

193 945 519 1016 εχωρούμην
551 936 609 992 δε
634 941 683 975 ⁵⁸
712 938 986 1008 ἐξενεγκεῖν
1024 936 1125 989 ύπὸ
1160 943 1249 988 τοῦ
1280 943 1459 988 στενοῦ
1494 944 1585 996 τῆς
1612 935 1743 997 ὀπῆς
1779 948 1795 964 ⁸

193 1031 477 1092 ὀτελώνης
545 1031 645 1102 γάρ
698 1047 812 1100 μοι,
868 1030 1027 1099 φησὶν
1093 1027 1164 1090 9’,
1244 1026 1303 1078 ού
1354 1026 1682 1098 συνεχώρει¹
1742 1026 1803 1076 τὸ

194 1119 461 1180 παντελῶς
545 1123 616 1189 μὴ
650 1122 671 1153 ³
720 1116 932 1181 ἐσθίειν,
1013 1114 1149 1167 οὕτω
1229 1112 1317 1167 οὖν
1347 1115 1369 1149 ⁸
1415 1114 1500 1166 ἐπὶ
1544 1118 1665 1187 τρία
1713 1116 1800 1172 ἔτη

196 1206 385 1273 ἐποίει,
435 1210 705 1279 τέσσαρας
744 1206 774 1264 ἠ
831 1209 977 1257 πέντε
1023 1203 1243 1275 οὐγκίας
1273 1205 1294 1238 ⁸
1325 1202 1511 1256 ἐσθίων
1554 1206 1755 1255 καὶτὸν
1781 1205 1802 1239 ⁵

194 1300 312 1349 ἴσον
346 1298 370 1332 ⁸
425 1298 660 1367 σταθμόν
712 1290 859 1365 ὕδωρ
917 1298 1113 1347 πίνων·
1171 1293 1357 1356 ξέστην
1398 1289 1457 1345 δε
1510 1293 1679 1346 ἐλαίου
1734 1293 1804 1355 εἰς

194 1390 395 1458 τροφήν
452 1393 549 1436 τοῦ
626 1382 864 1435 ἐνιαυτοῦ
925 1381 1197 1439 ἀνήλισκεν
1229 1398 1243 1411 ·
1295 1383 1458 1455 ἔκρινε
1526 1378 1631 1434 δξτ
1682 1401 1807 1434 ποτε

193 1476 361 1527 ῦπνου
393 1474 783 1545 περιγενέσθαι,
834 1474 904 1534 ὡς
958 1471 1110 1532 αὐτὸς
1164 1467 1487 1541 διηγησατο,
1549 1472 1629 1523 ὅτι
1660 1473 1681 1505 ³
1711 1470 1805 1523 οὐκ

194 1564 443 1623 εἰσῆλθον
476 1566 497 1598 ⁹
551 1564 652 1615 ὑπό
706 1566 898 1632 στέγην
943 1560 1027 1613 ἐπὶ
1066 1564 1233 1614 εἴκοσι
1261 1562 1640 1634 νυχθημέροις,
1698 1568 1805 1621 τοῖς

194 1656 287 1723 μεν
317 1654 569 1724 καύμασι
620 1650 927 1723 φλεγόμενος
982 1652 1180 1724 ἡμέρας
1232 1650 1301 1717 ¹⁰,
1340 1657 1413 1720 τῷ
1445 1645 1505 1701 δε
1532 1656 1806 1723 νυκτερινῷ

1910 490 2049 558 lata,
2074 497 2130 547 et
2151 492 2209 547 in
2229 491 2508 562 lagenam
2530 495 2792 559 immisit,
2818 500 3084 551 statuens
3108 501 3345 553 tantum
3371 514 3570 556 come-

1910 580 2072 645 dere,
2086 587 2381 651 quantum
2397 598 2614 637 manus
2634 584 2820 653 ipsius
2838 600 3076 639 sursum
3093 586 3342 643 tulisset.
3360 590 3573 657 Magna

1912 674 2112 724 autem
2159 670 2307 726 haec
2335 686 2577 742 quoque
2618 671 2732 725 fuit
2759 674 3148 729 continentia.
3176 674 3327 731 Nam
3368 676 3573 734 festive

1912 757 2086 812 nobis
2111 759 2398 815 narrabat
2424 776 2437 813 :
2468 759 2644 815 Plura
2670 760 2916 832 quidem
2943 762 3133 817 frusta
3156 766 3568 836 apprehende-

1913 846 2075 910 bam,
2107 847 2213 901 sed
2243 846 2450 903 efferre
2483 863 2604 903 non
2639 854 2911 920 poteram
2935 854 3014 905 ob
3046 854 3387 921 angustiam
3418 853 3575 911 fora-

1914 935 2110 989 minis.
2139 935 2519 991 Publicamus
2550 937 2729 1002 enim,
2761 937 2979 1009 inquit,
3009 939 3157 994 mihi
3184 956 3304 996 non
3333 944 3577 1013 permit-

1912 1024 2077 1088 tebat
2131 1025 2380 1079 omnino
2433 1040 2554 1080 non
2606 1026 2784 1080 vesci.
2837 1027 2929 1081 Sic
2977 1026 3157 1095 igitur
3209 1032 3328 1083 tres
3382 1046 3576 1086 annos

1914 1112 2160 1184 peregit,
2185 1119 2446 1184 quatuor
2470 1114 2714 1184 quidem
2740 1113 2832 1169 vel
2849 1115 3118 1185 quinque
3147 1117 3357 1172 uncias
3381 1134 3575 1175 come-

1914 1201 2062 1256 dens
2092 1208 2150 1257 et
2180 1202 2489 1257 modicum
2521 1218 2719 1273 aquae
2744 1202 2959 1258 libens.
2994 1203 3114 1259 Olei
3146 1213 3349 1261 autem
3384 1213 3577 1264 sexta-

1914 1290 2071 1344 rium
2102 1295 2225 1346 toto
2249 1306 2409 1346 anno
2439 1292 2501 1345 in
2530 1291 2884 1347 alimentum
2914 1294 3329 1349 consumebat.
3365 1296 3578 1352 Statuit

1915 1377 2246 1449 aliquando
2265 1394 2548 1450 superare
2564 1395 2848 1435 somnum
2861 1380 2968 1448 ,uti
2978 1396 3081 1451 pse
3102 1381 3277 1437 nobis
3292 1384 3575 1439 narravit:

1914 1468 2069 1523 Totis
2082 1468 2284 1535 viginti
2308 1467 2523 1523 diebus
2544 1473 2599 1524 et
2621 1468 2898 1524 noctibus
2916 1469 3030 1524 sub
3056 1474 3274 1526 tectum
3292 1487 3414 1527 non
3442 1488 3578 1528 sum

1916 1568 2244 1627 ingressus,
2264 1556 2517 1611 interdiu
2534 1558 2781 1628 quidem
2796 1566 2966 1613 aestu
2993 1559 3230 1629 urebar,
3246 1568 3426 1616 noctu
3440 1576 3578 1619 vero

1917 1644 2067 1700 febri
2095 1646 2389 1715 rigebam.
2424 1646 2595 1711 Quod
2636 1645 2748 1701 nisi
2790 1652 3008 1702 tectum
3041 1648 3215 1703 citius
3244 1666 3445 1705 essem
3496 1651 3583 1707 in-

195 1749 409 1813 πυρετῷ
436 1744 763 1811 στυφόμενος
786 1757 798 1769 ⁸
860 1743 950 1791 καὶ
987 1738 1031 1791 εἰ
1056 1742 1127 1810 μὴ
1157 1740 1365 1809 τάχιον,
1398 1740 1514 1809 ἔφη,
1564 1738 1664 1790 ὑπὸ
1697 1742 1808 1790 στέ-

1927 1749 2184 1803 gressus,
2199 1734 2529 1806 inquiebat,
2550 1740 2607 1789 et
2624 1751 2835 1791 somno
2861 1752 3005 1791 usus
3024 1752 3242 1816 essem,
3266 1739 3580 1796 cerebrum

200 1850 303 1899 γην
363 1829 611 1888 εἰσῆλθον
655 1834 746 1881 καὶ
798 1827 1114 1902 ἐχρησάμην
1177 1827 1340 1898 ὕπνῳ,
1393 1825 1557 1888 οὑτως
1629 1845 1729 1898 μου
1763 1828 1807 1862 ¹¹

199 1918 463 1989 ἐξηράνθη
525 1919 552 1969 ὀ
603 1917 897 1989 ἐγκέφαλος,
975 1919 1045 1979 ὡς
1100 1916 1171 1978 εἰς
1236 1918 1445 1968 ἔκτασίν
1507 1934 1571 1987 με
1630 1915 1814 1967 ἐλάσαι

198 2008 387 2059 λοιπον
414 2026 428 2037 ·
460 2013 553 2059 καὶ
594 2011 650 2059 τὸ
708 2008 831 2059 ὅσον
888 2009 936 2058 ἐν
977 2006 1115 2071 ἐμοὶ,
1162 2009 1343 2076 φησιν,
1375 2003 1594 2062 ἐνίκησα
1634 2004 1811 2069 ύπνον,

198 2102 259 2149 τό
287 2101 573 2168 χρήσιμον
614 2095 774 2148 αὑτοῦ
804 2102 866 2153 τῆ
900 2097 1049 2167 φύσει
1069 2097 1492 2169 παραχωρήσας.

272 2193 383 2238 Τοῦ
409 2186 566 2256 αγίου
600 2188 788 2238 τούτου
843 2183 893 2235 ἐν
934 2190 996 2255 τῇ
1044 2182 1195 2255 κελλῃ
1227 2182 1573 2253 καθεζομένου
1598 2183 1737 2253 πρωὶ
1768 2182 1814 2216 ¹²

201 2274 396 2345 κώνωψ
426 2274 514 2327 ἐπὶ
569 2282 662 2327 τοῦ
713 2269 875 2334 ποδὸς
921 2272 1077 2325 αὐτὸν
1129 2275 1418 2336 ἐκέντησεν,
1459 2275 1548 2322 καὶ
1581 2269 1817 2341 ἀλγήσας

201 2372 263 2435 τῇ
298 2370 456 2435 χειρὶ
512 2370 695 2415 τοῦτον
752 2360 995 2424 κατέαξεν
1050 2361 1098 2397 ¹³
1154 2364 1518 2432 κεκορεσμένον
1545 2360 1593 2395 ¹⁸
1618 2366 1707 2411 τοῦ
1737 2358 1816 2410 αἱ·

200 2472 368 2524 ματος
401 2472 416 2484 υ
450 2452 669 2524 ὕστερον
743 2448 802 2503 δε
858 2454 1169 2521 κατγνωκὼς
1260 2449 1447 2501 ἐαυτοῦ
1482 2450 1527 2485 ³⁵
1585 2451 1649 2508 ὡς
1703 2446 1815 2499 ἐαυ-

204 2548 291 2594 τόν
326 2544 375 2578 ³⁸
405 2537 792 2602 ἐκδικήσαντος
820 2536 1171 2600 καταδικάζει
1232 2537 1436 2602 ἐαυτὸν,
1464 2540 1598 2590 ὥστε
1637 2537 1708 2599 εἰς
1755 2539 1814 2588 τό

200 2631 315 2692 ilo;
354 2639 451 2691 τῆς
501 2636 755 2696 Σκητεως,
813 2632 839 2682 ὃ
892 2628 1032 2682 ἐστιν
1071 2629 1121 2680 έν
1169 2636 1231 2700 τῇ
1278 2632 1557 2701 πανερήμῳ
1590 2628 1658 2692 ³7,
1689 2628 1816 2678 καθ-

204 2722 432 2778 εσθῆναι
482 2723 676 2791 γυμνὸν
735 2718 819 2771 ἐπὶ
890 2724 1060 2789 μῆνας
1134 2716 1206 2781 ἐξ,
1264 2718 1385 2768 ἔνθα
1457 2717 1508 2768 οἱ
1578 2721 1814 2776 κώνωπες

201 2803 469 2860 δύνανται
497 2808 546 2843 ¹⁸
602 2812 693 2859 καὶ
750 2808 992 2879 συάγρων
1042 2802 1281 2877 δέρματα
1330 2811 1634 2878 τιτρώσκειν
1687 2807 1813 2856 ὼσεὶ

209 2904 404 2966 σφῆκες
434 2900 574 2958 ὄντες
604 2895 843 2968 μεγάλοι,
896 2894 1059 2955 οὕτως
1087 2893 1177 2947 ὑπ’
1215 2894 1385 2946 αὐτῶν
1428 2896 1623 2966 ἐτρώθη
1681 2893 1810 2962 ὅλος,

208 2987 278 3045 ὡς
320 2990 416 3037 καὶ
460 2981 786 3055 σφονδύλους
835 2983 1111 3054 ἐξενεγκεῖν
1149 2983 1267 3034 καθ’
1316 2982 1435 3034 ὅλου
1492 2990 1583 3034 τοῦ
1634 2988 1815 3054 σώμα-

1922 1823 2004 1877 ita
2018 1822 2162 1878 mihi
2179 1829 2331 1878 esset
2348 1823 2695 1886 arefactum,
2713 1830 2794 1887 ut,
2819 1824 2969 1896 quin
2992 1827 3051 1881 in
3066 1830 3328 1881 exstasin
3347 1842 3578 1897 agerer,

1925 1928 2138 1982 parum
2167 1913 2427 1968 abesset.
2456 1913 2518 1968 Et
2540 1921 2859 1984 quantum,
2888 1916 3099 1986 inquit,
3118 1916 3286 1971 inme
3308 1915 3435 1982 fuit,
3469 1917 3579 1974 vici

1924 2015 2228 2065 somnum,
2260 2008 2554 2073 quantum
2597 2016 2754 2071 opus
2786 2008 2894 2067 est,
2931 2009 3181 2060 naturae
3216 2004 3575 2061 concedens.

1995 2090 2192 2153 Quum
2208 2091 2304 2145 hic
2330 2096 2573 2145 sanctus
2599 2106 2776 2146 mane
2800 2091 2861 2146 in
2886 2091 3035 2147 cella
3061 2092 3311 2157 sederet,
3340 2095 3400 2148 in
3425 2094 3579 2165 pede

1925 2191 2066 2232 eum
2112 2178 2282 2233 culex
2314 2180 2590 2249 pupugit,
2636 2194 2841 2250 quem,
2887 2181 3179 2251 sanguine
3220 2186 3578 2246 saturatum,

1924 2265 2129 2321 dolore
2162 2273 2353 2323 tactus
2388 2283 2577 2324 manu
2603 2267 2773 2324 elisit.
2809 2268 3097 2341 Deinceps
3129 2286 3269 2326 vero
3298 2286 3360 2326 se
3384 2287 3584 2342 repre-

1924 2355 2146 2421 hendit,
2167 2356 2269 2428 qui
2293 2372 2355 2411 se
2379 2357 2510 2428 ipse
2540 2356 2698 2412 ultus
2724 2362 2898 2424 esset,
2920 2374 3106 2430 seque
3131 2360 3577 2427 condemnavit,

1926 2443 2107 2516 254
2128 2451 2188 2499 ut
2211 2445 2440 2501 sederet
2460 2445 2658 2501 nudus
2686 2462 2790 2502 sex
2814 2449 3122 2503 mensesin
3141 2448 3361 2521 palude
3374 2449 3576 2515 Scetis,

1922 2550 2079 2605 quae
2100 2533 2264 2589 estin
2291 2540 2459 2589 vasta
2485 2534 2819 2607 solitudine,
2838 2535 2939 2591 ubi
2966 2536 3187 2592 culices
3212 2542 3465 2608 possunt
3487 2536 3580 2594 vel

1923 2637 2208 2694 aprorum
2243 2623 2426 2694 pelles
2458 2625 2745 2689 sauciare,
2778 2640 2971 2696 quum
3008 2627 3122 2681 sint
3151 2641 3342 2699 aeque
3374 2628 3577 2697 magni

1925 2719 1989 2769 ut
2017 2715 2365 2784 vespae.Ab
2388 2714 2653 2782 iisigitur
2680 2720 2837 2769 totus
2858 2715 2937 2770 ita
2960 2715 3265 2771 sauciatus
3288 2722 3396 2781 est,
3430 2722 3491 2770 ut
3522 2725 3581 2772 et
3637 2775 3652 2787 ,

1924 2802 2111 2859 aculei
2127 2803 2189 2859 in
2212 2808 2329 2858 toto
2341 2818 2591 2873 corpore
2612 2803 2807 2874 ipsius
2835 2805 3197 2870 viderentur,
3213 2822 3283 2861 ac
3303 2804 3575 2861 nonnulli

1924 2892 2251 2955 crederent,
2302 2890 2693 2962 elephantiasi
2734 2907 2870 2946 eum
2913 2892 3207 2948 laborare.
3252 2894 3577 2948 Reversum

1925 2996 2067 3037 vero
2114 2982 2173 3035 in
2204 2980 2481 3036 cellulam
2512 2995 2685 3035 suam
2729 2995 2796 3035 ex
2828 2979 2957 3037 sola
2989 2996 3132 3036 voce
3163 2986 3579 3050 cognoverunt

209 3092 317 3137 τος,
368 3079 464 3126 καὶ
512 3093 653 3135 τινας
702 3078 917 3145 νομίσαι
942 3074 989 3109 ¹⁹
1038 3073 1117 3125 ὅτι
1165 3070 1518 3144 ἐλεφαντίησεν
1557 3074 1623 3137 ²⁰,
1658 3070 1810 3124 ἐπαν-

1927 3071 2246 3127 Macarium
2276 3084 2428 3125 esse.

208 3162 368 3215 ελθὼν
400 3159 464 3215 δέ
507 3162 579 3224 εἰς
633 3167 693 3214 τό
749 3161 945 3214 κελλίον
996 3162 1157 3213 αὑτοῦ
1215 3159 1316 3213 ἀπό
1358 3168 1455 3221 τῆς
1501 3168 1671 3232 φωνῆς
1720 3165 1813 3233 μό-

207 3271 291 3303 νον
331 3254 377 3287 ²¹
403 3252 712 3323 ἐγνωρίζετο
741 3250 897 3303 αὐτὸν
928 3251 1057 3303 εἶναι
1082 3254 1168 3303 τὸν
1198 3252 1486 3324 Μακάριον.

282 3340 620 3412 Ἐπεθύμησέ
651 3343 696 3376 ³³
736 3358 881 3405 ποτε,
922 3342 987 3400 ὡς
1033 3339 1192 3400 αὐτὸς
1222 3340 1347 3411 ἡμῖν
1395 3335 1719 3410 διηγήσατο,
1746 3339 1815 3400 εἰς

208 3434 268 3482 τὸ
316 3431 647 3501 κηποτάφιον
705 3428 948 3482 εἰσελθεῖν
1009 3428 1203 3482 Ἰαννοῦ
1234 3429 1281 3464 ³³
1345 3432 1432 3480 καὶ
1468 3426 1714 3501 Ἰαμϐροῦ
1745 3430 1814 3492 ³⁸,

206 3528 311 3570 τῶν
350 3520 537 3590 μάγων
589 3526 689 3570 τῶν
733 3516 817 3570 ἐπὶ
871 3525 964 3570 τοῦ
1017 3520 1229 3593 Φαραὼ,
1293 3518 1533 3589 ἱστορίας
1587 3519 1751 3591 χάριν
1781 3518 1811 3578 ἦ

212 3612 514 3679 συντυχίας
546 3614 647 3659 τῶν
685 3607 852 3659 ἐκεῖσε
894 3603 1176 3678 δαιμόνων.
1210 3604 1409 3676 ἐλέγετο
1460 3608 1561 3678 γὰρ
1600 3605 1819 3667 πολλοὺς

211 3703 300 3748 καὶ
341 3696 614 3768 χαλεπούς
652 3694 1120 3767 ἁποκεκληρώσθαι
1160 3693 1209 3747 ἐν
1243 3694 1385 3764 αὐτῷ
1415 3694 1538 3768 παρ’
1572 3694 1740 3747 αὐτῶν
1771 3697 1817 3731 ³⁵

216 3782 479 3858 δαίμονας
539 3781 614 3837 δι’
666 3783 952 3858 ὑπερϐολήν
1005 3792 1237 3857 μαγικῆς
1285 3788 1489 3855 τέχνης,
1545 3780 1701 3846 δι’ἧς
1730 3788 1819 3837 καὶ

216 3878 284 3927 τὰ
307 3884 497 3946 πρῶτα
526 3871 672 3946 εἶχον
701 3883 803 3927 τῶν
850 3872 963 3926 κατ’
1018 3873 1210 3926 ἐκείνου
1242 3874 1290 3909 ﬂ
1322 3879 1508 3945 καιροῦ
1560 3877 1705 3946 παρὰ
1746 3882 1819 3944 τῷ

218 3969 412 4038 Φαραώ
447 3984 460 3995 ·
492 3966 562 4024 ὡς
617 3958 707 4014 οὖν
754 3967 848 4020 την
905 3960 954 4013 ἐν
992 3961 1245 4033 Αἰγύπτῳ
1298 3958 1610 4013 δυναστείαν
1642 3980 1821 4019 κεκτη-

220 4058 365 4125 μένοι
405 4055 456 4105 ἐν
499 4059 573 4121 τῷ
605 4060 695 4111 τῆς
734 4050 871 4112 ζωῆς
908 4050 1075 4103 αὐτῶν
1119 4054 1295 4124 χρόνῳ
1324 4051 1370 4086 ³⁷
1402 4048 1457 4101 ἐκ
1494 4046 1821 4125 τετραπέδων

221 4143 378 4195 λίθων
401 4144 617 4194 ἔκτισαν
660 4145 719 4193 τὸ
772 4143 918 4215 ἔργον
957 4138 1134 4205 ἐκεῖνο,
1190 4138 1239 4191 ἐν
1273 4139 1415 4210 αύτῷ
1441 4146 1621 4210 μνῆμα
1660 4139 1707 4175 ³⁸
1736 4158 1822 4191 πε-

222 4249 501 4291 ποιηκότες
547 4235 638 4282 καὶ
690 4233 897 4305 χρυσόν
946 4228 1104 4282 πολὺν
1143 4230 1469 4301 ἀποθέμενοι,
1501 4233 1592 4280 καὶ
1626 4224 1833 4301 δένδρα

226 4328 451 4373 παντοῖα
502 4319 868 4391 ἐφυτεύσαντο,
944 4324 1032 4371 καὶ
1110 4324 1268 4391 φρέαρ
1339 4314 1531 4379 ὓδατος
1582 4322 1825 4389 μέγιστον

226 4410 432 4484 ὤρυξαν
453 4410 503 4444 ³⁸
560 4408 851 4470 ἐλπίζοντες
909 4404 1067 4467 δῆθεν
1094 4411 1225 4479 μετὰ
1276 4412 1368 4466 τὴν
1416 4406 1641 4459 ἐντεῦθεν
1666 4406 1828 4459 ἐκεῖσε

227 4499 403 4569 ἄφιξιν
434 4500 481 4533 ³ο
509 4495 559 4549 ἐν
601 4500 770 4569 τούτῳ
800 4498 843 4532 ³¹
876 4506 947 4568 τῷ
984 4492 1292 4570 παραδείσῳ
1344 4501 1541 4568 τρυφᾴν
1575 4512 1588 4526 ο
1620 4499 1711 4553 τὴν
1741 4490 1828 4548 οὖν

228 4588 309 4640 ἐπὶ
361 4591 452 4640 τόν
496 4594 665 4645 κῆπον
721 4593 903 4639 τοῦτον
950 4582 1073 4639 ὀδόν
1113 4585 1309 4657 ἀγνοῶν
1372 4587 1397 4638 ὀ
1454 4592 1546 4638 τοῦ
1596 4591 1828 4657 Χριστοῦ

2001 3335 2197 3407 Cupiit
2224 3334 2574 3407 aliquando,
2605 3338 2664 3389 ut
2685 3332 2863 3389 nobis
2889 3333 3019 3405 ipse
3041 3335 3325 3402 narravit,
3348 3338 3580 3407 ingredi

1930 3432 2414 3490 monumentum,
2459 3422 2625 3495 quod
2662 3421 2880 3479 dicitur
2908 3426 3230 3498 κηποτάφιον
3267 3426 3492 3483 Jannes
3522 3432 3582 3484 et

1928 3515 2199 3571 Jambres
2213 3528 2553 3582 magorum,
2568 3512 2671 3583 qui
2693 3511 2931 3567 fuerunt
2943 3517 3212 3585 tempore
3226 3515 3581 3583 Pharaonis,

1930 3603 2174 3660 videndi
2199 3617 2404 3671 causa,
2429 3608 2533 3656 aut
2557 3601 2909 3667 daemones,
2939 3602 3044 3672 qui
3067 3603 3147 3657 ibi
3177 3611 3336 3671 sunt,
3369 3620 3585 3661 conve-

1932 3692 2155 3748 niendi.
2185 3691 2543 3746 Dicebantur
2563 3689 2723 3744 enim
2756 3688 2919 3744 multi
2953 3690 3109 3761 iique
3140 3691 3364 3748 feroces
3394 3693 3479 3749 ibi
3508 3696 3585 3750 ab

1932 3782 2044 3838 illis
2061 3778 2327 3836 collocati
2360 3794 2491 3833 esse
2521 3778 2849 3833 daemones
2880 3793 2985 3849 per
3013 3780 3425 3837 excellentiam
3458 3798 3587 3838 ma-

1934 3873 2101 3943 gicae
2125 3870 2286 3932 artis,
2311 3882 2434 3939 qua
2456 3866 2681 3937 primas
2708 3882 2951 3938 quoque
2968 3866 3066 3922 illo
3098 3874 3365 3939 tempore
3388 3877 3586 3941 partes

1935 3960 2099 4032 apud
2126 3959 2494 4014 Pharaonem
2516 3954 2872 4010 habuerunt.
2903 3956 3013 4020 Qui
3038 3956 3117 4011 ita
3146 3959 3304 4012 nacti
3327 3964 3585 4029 potesta-

1936 4056 2054 4107 tem
2075 4049 2135 4103 in
2175 4052 2459 4116 Aegypto,
2493 4050 2754 4115 tempore
2788 4044 2938 4100 vitae
2978 4061 3122 4101 suae
3162 4062 3232 4101 ex
3272 4046 3585 4119 quadratis

1936 4137 2240 4209 lapidibus
2268 4140 2726 4190 construxerunt
2754 4132 2902 4188 illud
2931 4148 3106 4205 opus.
3138 4136 3197 4190 in
3226 4151 3349 4207 quo
3377 4151 3591 4193 monu-

1938 4234 2209 4283 mentum
2263 4224 2526 4279 fecerunt
2565 4232 2622 4278 et
2676 4222 2929 4279 multum
2981 4224 3113 4279 auri
3156 4224 3589 4296 deposuerunt,

1940 4316 2137 4373 omnis
2164 4328 2407 4386 quoque
2438 4314 2667 4384 generis
2701 4312 2946 4368 arbores
2979 4312 3347 4385 plantarunt,
3387 4320 3444 4370 et
3474 4332 3589 4387 pu—

1941 4409 2101 4461 teum
2123 4418 2318 4475 aquae
2341 4402 2673 4457 maximum
2694 4401 2991 4468 foderunt,
3012 4408 3321 4474 sperantes
3341 4403 3590 4476 quidem

1941 4493 2085 4558 fore,
2105 4499 2169 4548 ut
2188 4498 2326 4564 post
2354 4506 2531 4546 suum
2553 4491 2692 4546 hinc
2719 4490 2857 4546 illuc
2888 4490 3225 4547 discessum
3253 4491 3591 4549 fruerentur

1942 4582 2167 4639 deliciis
2198 4583 2257 4637 in
2284 4581 2399 4637 hoc
2429 4579 2733 4651 paradiso.
2768 4581 2986 4636 Servus
3012 4580 3189 4650 igitur
3227 4578 3442 4638 Christi
3470 4585 3590 4640 Ma-

1587 4764 1817 4821 VARIE
1845 4763 2247 4820 LECTIONES.

302 4951 350 4983 ’⁸
379 4946 495 5003 Pro
532 4949 638 4997 καὶ
671 4943 921 5003 κλάσας
944 4973 1011 4984 —-
1050 4941 1304 4995 ἐσθιειν
1334 4939 1375 4993 Β
1403 4939 1482 5015 τὰ
1508 4935 1896 5015 βουμκελ-άτα,
1925 4936 2307 5015 ἇέῖκέκτῇηετιο,
2352 4932 2667 5015 εἰς-μικρηὰ
2691 4932 2933 5015 τρίψας
2958 4932 3273 5015 ἁπέςαλεν
3304 4938 3392 4999 είς
3420 4941 3597 5015 κερά-

232 5040 349 5090 μεα
404 5001 726 5070 τοσοῦτον
755 5001 970 5099 μόνον,
999 5016 1263 5099 ἐσθίειν.
1303 5001 1588 5099 κῆρίναςλα
1622 5010 1807 5099 ⁹⁷ιμΞν
1846 5024 1968 5093 ομ).
1997 5009 2053 5059 Β.
2131 5001 2274 5099 υεῖδι
2300 5020 2422 5091 om.
2455 5001 2538 5090 Β..
2590 5001 2638 5039 δ’
2671 5001 3127 5099 regiorum}
3155 5010 3199 5063 Α
3234 5001 3602 5099 συνεχώρει

1172 5085 1194 5118 ³
1228 5077 1489 5142 Βοῦτως
1521 5077 1608 5134 δέ.

279 5093 465 5148 ησί.²
521 5089 562 5143 Β
602 5091 670 5141 τό
724 5082 879 5159 μηδ’
916 5084 1094 5147 ὅλως.
1172 5082 1489 5142 ³Βοῦτως
1521 5082 1608 5134 δέ.

279 5166 418 5205 In“
449 5177 572 5205 nm-
609 5167 674 5205 Α-
751 5159 771 5191 ⁷
805 5154 875 5205 δὲ
903 5172 1023 5205 om.
1058 5163 1122 5205 Α.
1200 5155 1221 5189 ³
1262 5156 1361 5205 ὅτι
1412 5151 1613 5205 om.B

1262 5173 1361 5206 οτι
1412 5169 1537 5209 om.
1569 5169 1633 5205 D.

276 5166 418 5216 ἴσον
449 5177 572 5215 om.
604 5167 675 5215 Α.
724 5154 771 5191 ’⁷
805 5154 875 5209 δὲ
903 5172 1023 5212 om.
1057 5163 1122 5211 Α.

1688 5078 1780 5135 ‘B
1841 5078 2253 5148 οὐγκιαςτῆς
2345 5078 2685 5148 ἡμετέρας.

1712 5153 1732 5185 ⁹
1780 5154 1818 5205 Β
1849 5148 2167 5207 εἰσῆλθεν.

2764 5077 2785 5111 ⁵
2810 5077 2992 5141 Corr.,
3038 5082 3150 5130 τὸν
3188 5095 3310 5136 om.
3346 5077 3598 5148 ΒΪΑτὸ.

2248 5148 2296 5183 ιο
2351 5150 2599 5227 ᾑμέρας
2628 5150 2853 5227 9m.A.
2928 5150 3299 5227 f‘_f¢pn,ﬂno
3361 5159 3601 5227 στέγην

236 5201 704 5320 ..ξ’γινούυὸἷιίίὲ.
747 5201 1098 5283 “EJEJ
1121 5226 1310 5320 a't-yi'ou
1337 5201 1690 5320 —'1:p'mil‘3:
1730 5222 1985 5320 Αλλοῖέὶ
2015 5237 2164 5272 ποτε
2192 5219 2250 5271 ἐν
2294 5201 2494 5291 κέλλπρ⁸
2541 5221 2779 5320 Solam
2831 5201 3297 5320 κξθεζόμένου,
3376 5227 3421 5260 1³
3455 5201 3600 5282 μῖ-ό.

681 5306 691 5317 ι
750 5300 807 5320 γε
881 5301 913 5320 n
950 5319 966 5320 κ
1068 5304 1193 5320 1--.
1268 5316 1284 5320 -
1312 5305 1535 5320 ---ὴ--.λ
1699 5296 1839 5320 [ηε-..ι
2017 5294 2439 5320 υ---.....ἰ..-..
2631 5289 2751 5320 ’Ληιε
2954 5300 3385 5320 ....__-._.-,--,‘__
3425 5316 3556 5320 _-_.-

235 5297 464 5359 τούτου
532 5300 847 5363 κατέαξεν
879 5301 916 5353 Β
938 5297 1285 5371 συνέτριψε
1309 5305 1557 5348 τοῦτον.

239 5386 363 5431 τοῦ.
412 5379 460 5412 ’⁸
493 5377 585 5429 ΑΒ
617 5376 924 5427 σεαυτόν.
972 5372 1013 5407 ¹’¹
1052 5363 1321 5433 Εαῇθῐίιιη
1352 5371 1399 5421 Α
1450 5370 1818 5436 πανηρέμῳ,
1855 5367 1893 5419 Β
1945 5363 2178 5436 ἐρήμῳ.
2222 5363 2239 5397 ¹

1637 5294 1986 5359 “Corr.,AB
2017 5294 2460 5365 κορεισμένον.

2541 5291 2585 5324 ¹⁵
2608 5289 2797 5354 Corn,
2824 5292 2908 5346 AB
2954 5289 3386 5364 κατάγνωκὼς
3419 5316 3602 5349 σεαυ-

2324 5358 2690 5434 Α-δυναντε.
2734 5363 2780 5396 η
2812 5369 2857 5416 Α
2918 5358 3246 5434 νομίζέιν.
3288 5369 3336 5402 ²⁰
3367 5368 3527 5425 COI‘I‘.
3564 5373 3603 5426 Β

239 5429 601 5522 ἐλιγαντία,
656 5447 859 5533 ﬁeri}.
902 5443 943 5478 ³¹
974 5445 1027 5533 ,β
1058 5441 1160 5493 ἀπὸ
1186 5429 1518 5533 μόννηςτῆνς
1548 5429 1711 5533 genus}.
1733 5429 1778 5499 ς.’
1816 5437 1935 5523 ³³-Β
1966 5429 2297 5533 ςἨθέλέδὲε
2353 5430 2533 5533 δέ.Α²ι;
2574 5432 2613 5486 Β
2659 5429 2881 5523 ’ξανννῇ
2926 5429 3053 5533 uti.
3082 5437 3371 5525 Ἰαμβρῆ,
3414 5443 3461 5533 1:
3492 5441 3602 5497 pro

242 5520 296 5572 ἐν
342 5504 513 5591 αὐτῷ
548 5504 692 5591 παρ’
734 5515 1010 5591 αὖτώνὴΒ
1052 5504 1433 5591 ,παρῖαύτῶν
1466 5510 1524 5591 ἐν
1548 5504 1775 5591 ἶκείνῳ
1913 5506 2411 5591 τόπῳ-βεϐοηη
2444 5505 2537 5591 Al}
2568 5504 2682 5556 κατ’
2722 5504 2976 5591 ἐκείνῳ,
3008 5509 3053 5543 ³⁷
3086 5511 3145 5591 ἐν
3170 5504 3606 5591 τῷτῆςςιιέῆς

242 5593 433 5646 αὐτῶν
482 5577 715 5666 ⁴χρόνῳ
772 5603 902 5667 pm.
937 5586 1017 5667 Β.¹
1045 5588 1092 5623 ³³
1124 5577 1241 5641 Βέν
1288 5584 1533 5667 αὐτῷ-,τό
1589 5577 1771 5667 μνῆμα
1812 5579 2037 5632 αὐτῶν.
2106 5579 2153 5614 ³⁸
2184 5579 2409 5653 Βφρέαρ
2442 5580 2751 5649 μέγιστον
2808 5577 3055 5653 ὤρυξαν
3113 5577 3376 5647 ὓδατος,
3418 5585 3601 5653 δοριιο

243 5663 437 5723 ἐκεῖσε
484 5650 721 5741 Ξριξίν
768 5662 809 5716 Β
856 5659 1293 5733 μετάστασιν.
1345 5650 1547 5710 ³1’Βίν
1587 5650 1830 5725 ἐκείνῳ.
