4088 6192
490 278 594 334 18³7

1340 266 1439 321 SS.
1485 258 1975 321 MACARIORUM
2015 256 2351 316 AEGYPTII
2390 256 2477 313 ET
2516 254 3009 314 ALEXANDRINI

3748 258 3852 315 188

492 402 688 458 carius
722 412 910 469 quum
950 394 1125 457 viam,
1162 406 1318 463 quae
1370 390 1449 445 ad
1486 389 1649 444 hunc
1681 389 1920 444 hortum
1952 386 2137 450 ducit,

2261 381 2437 445 δοῦλος
2493 383 2767 455 Μακάριος
2822 402 3117 456 στοχασμῳ
3190 387 3329 455 μόνῷ
3401 382 3673 443 ἠκολούθει
3742 392 3855 445 τοῖς

492 492 813 562 ignoraret,
846 483 975 539 sola
1004 482 1348 551 conjectura
1386 481 1627 533 secutus
1666 483 1752 532 est
1782 483 1963 539 astra,
1996 476 2145 529 sicut

493 584 732 641 nautae,
761 574 867 646 qui
898 572 1084 627 maria
1104 570 1529 625 transmittunt.
1552 567 1644 622 Sic
1667 571 1847 621 totam
1884 562 2144 635 pervasit

494 658 1277 722 solitudinem.Fasciculum
1298 672 1439 712 vero
1460 655 1822 711 arundinum
1846 653 2048 719 tenuit,
2073 668 2143 708 ex

492 755 712 828 quibus
741 766 927 807 unam
960 750 1017 804 in
1060 762 1428 819 unoquoque
1476 744 1708 800 milliari
1750 748 2039 814 tanquam
2074 741 2145 796 si-

494 859 681 913 gnum
721 840 942 912 posuit,
981 838 1153 908 cujus
1187 851 1299 907 ope
1336 838 1645 890 remearet.
1682 835 1901 889 Novem
1933 830 2144 886 diebus

493 946 680 1005 prope
709 929 877 985 illum
900 927 1139 983 hortum
1169 924 1349 989 venit,
1384 929 1439 978 et
1479 928 1651 977 nocte
1682 936 2007 993 Oppressus
2040 935 2144 991 pa-

494 1037 628 1077 rum
660 1016 963 1074 dormivit.
1004 1013 1321 1086 Improbus
1350 1027 1488 1067 vero
1527 1010 1787 1065 daemon
1820 1009 2144 1065 arundines

496 1110 625 1165 illas
639 1106 917 1163 collectas
934 1104 1009 1160 ad
1024 1102 1346 1173 caputejus
1359 1102 1557 1172 posuit
1574 1099 2029 1171 255,fortasse
2045 1097 2143 1153 Dei

493 1198 790 1270 permissu
817 1194 893 1250 ad
915 1192 1200 1262 majorem
1235 1188 1422 1244 sancti
1450 1190 1951 1251 exercitationem,
1981 1203 2053 1242 ne
2083 1187 2144 1242 in

497 1285 896 1343 arundinibus
919 1281 1174 1338 ducibus
1189 1294 1357 1350 spem
1374 1294 1546 1333 suam
1567 1277 1947 1344 haberet,sed
1965 1277 2145 1345 magis

496 1377 555 1431 in
589 1374 778 1444 gratia
833 1370 951 1435 Dei,
1002 1370 1103 1441 qui
1162 1384 1265 1439 per
1295 1370 1636 1422 columnam
1679 1365 1831 1434 ignis
1883 1370 1938 1420 et
1967 1366 2147 1420 nubis

495 1462 895 1537 quadraginta
920 1474 1113 1515 annos
1130 1458 1187 1511 in
1201 1457 1316 1511 ista
1334 1453 1648 1510 solitudine
1662 1454 1949 1525 populum
1967 1452 2146 1508 Israel

494 1569 619 1611 non
650 1551 1021 1606 obedientem
1048 1552 1099 1603 et
1131 1550 1561 1618 repugnantem
1584 1542 1853 1598 deduxit.
1890 1545 2147 1612 Surgens

497 1641 679 1712 igitur
696 1637 1022 1695 arundines
1044 1635 1352 1704 colligatas
1370 1633 1612 1688 invenit.
1630 1632 1882 1687 Sanctus
1909 1637 2142 1687 autem:

2254 475 2492 545 ἄστροις,
2552 475 2783 547 καθάπερ
2833 479 3067 527 ναυτικοὶ
3112 469 3467 535 διαϐαίνοντες
3513 476 3580 527 τὰ
3606 473 3803 546 πελάγη
3836 492 3851 505 ⁸

2254 564 2410 624 οὕτως
2468 559 2525 616 δὲ
2557 565 2603 599 ³³
2669 566 2759 621 τὴν
2816 564 3003 636 ἔρημον
3074 569 3248 616 πᾶσαν
3329 560 3616 616 διώδευσεν

2256 649 2392 725 δέμα
2417 654 2465 687 ³³
2488 652 2730 719 καλάμων
2759 654 2920 724 χάριν
2952 657 3169 725 σημείου
3218 653 3305 706 ἕνα
3342 656 3476 705 κατὰ
3508 652 3677 724 μίλιον
3705 653 3852 718 ἵστα,

2255 743 2392 804 ὅπως
2424 743 2469 777 ³⁴
2521 739 2596 794 δι’
2627 741 2792 802 αὐτῆς
2853 742 3161 815 ὑποστρέψῃ
3194 744 3260 813 ³⁵,
3310 746 3400 794 καὶ
3457 740 3593 802 ἐντός
3651 744 3855 815 ἡμερῶν

2258 829 2300 883 θ’
2328 832 2374 866 ³⁵
2420 829 2641 889 πλησίον
2688 837 2778 882 τοῦ
2826 834 2997 887 κήπου
3025 834 3219 902 γέγονε,
3268 835 3359 883 καὶ
3397 834 3577 891 νυκτός
3623 829 3859 882 καταλα-

2255 919 2454 982 ϐούσης
2512 923 2696 994 μικρὸν
2757 917 3105 977 ἕκαθεύδησεν
3139 938 3151 950 ⁸
3182 922 3207 972 ό
3260 917 3319 972 δὲ
3371 924 3595 995 πονηρός
3647 917 3856 992 δαίμων

2257 1014 2562 1081 συναγαγὼν
2604 1012 2719 1072 τοὺς
2772 1008 3037 1081 καλάμους
3094 1007 3317 1071 ἐκείνους
3367 1012 3493 1083 πρὸς
3543 1017 3603 1082 τῇ
3655 1008 3851 1081 κεφαλῇ

2256 1099 2413 1151 αὐτοῦ
2438 1100 2677 1162 τέθεικεν,
2733 1100 2882 1169 τάχα
2922 1105 3011 1150 τοῦ
3052 1103 3178 1151 Θεοῦ
3234 1103 3686 1171 συγχωρήσαντος
3721 1101 3857 1171 πρὸς

2254 1192 2467 1261 μείζονα
2497 1190 2681 1240 τούτου
2707 1192 3021 1260 γυμνασίαν,
3057 1189 3138 1239 ἵνα
3184 1192 3254 1259 μή
3295 1184 3493 1259 όδηγίᾳ
3524 1190 3566 1223 ³⁷
3609 1188 3856 1260 καλάμων

3667 584 3680 597 ·
3715 567 3855 635 ἔχων

2256 1278 2466 1351 ἐλπίζῃ,
2520 1277 2647 1330 ἀλλὰ
2700 1285 2762 1349 τῇ
2805 1286 2896 1330 τοῦ
2945 1283 3074 1331 Θεοῦ
3112 1280 3302 1353 χάριτι
3367 1277 3578 1350 μᾶλλον,
3637 1286 3729 1330 τοῦ
3759 1274 3853 1331 διὰ

2258 1368 2447 1420 στύλον
2500 1370 2666 1443 πυρός
2721 1372 2810 1419 καὶ
2881 1367 3091 1439 νεφέλης
3167 1366 3251 1419 ἐπὶ
3311 1370 3702 1442 τεσσαράκοντα
3761 1370 3850 1425 ἔτη

2256 1456 2447 1529 μᾶλλον
2477 1454 2525 1507 ἐν
2580 1455 2743 1529 ἐκείνῃ
2802 1464 2865 1528 τῇ
2936 1455 3108 1529 ἐρήμω
3159 1458 3243 1508 τόν
3275 1455 3490 1510 ἀπειθέα
3516 1462 3606 1509 καὶ
3646 1455 3858 1509 ἁντίλο-

2255 1565 2348 1617 γον
2408 1553 2502 1597 τοῦ
2555 1545 2769 1619 Ἰσραήλ
2842 1544 2963 1597 λαόν
3029 1541 3396 1616 ὁδηγήσαντος
3428 1562 3443 1575 ·
3479 1550 3569 1597 καὶ
3630 1544 3857 1606 ἀναστὰς

2258 1636 2396 1709 εὗρεν
2450 1633 2498 1686 ἐν
2543 1630 2723 1706 δεσμῷ
2781 1638 2900 1696 τοὺς
2957 1633 3242 1706 καλάμους,
3298 1634 3438 1706 ἔλεγε
3498 1631 3558 1688 δὲ
3609 1636 3635 1687 ό
3684 1635 3855 1707 ἅγιος,

497 1728 852 1799 Ubi,inquit,
869 1726 943 1781 ad
956 1725 1197 1780 hortum
1226 1722 1472 1795 propius
1486 1722 1727 1785 accessi,
1745 1738 1815 1776 ex
1839 1737 1906 1776 eo
1923 1720 2146 1789 egressi

2261 1726 2337 1777 ὅτι
2368 1724 2677 1794 ἑγγίσαντός
2724 1743 2823 1795 μου
2876 1731 2947 1793 τῷ
3015 1727 3165 1789 κήπῳ
3209 1723 3418 1787 ἐξῆλθον
3473 1722 3559 1776 ἀπ’
3588 1724 3749 1777 αὐτοῦ
3787 1724 3857 1786 εἰς

495 1825 632 1873 sunt
648 1816 902 1887 mihique
920 1816 1514 1882 occurreruntseptua
1525 1810 1688 1881 ginta
1704 1810 1820 1865 fere
1834 1810 2148 1865 daemones

494 1906 675 1961 variis
702 1903 910 1959 formis
942 1901 1209 1973 praediti,
1244 1899 1341 1954 alii
1384 1898 1633 1970 quidem
1664 1898 2015 1963 clamantes,
2049 1899 2145 1953 alii

495 2010 637 2050 vero
668 1992 1020 2056 exsilientes,
1074 1990 1168 2045 alii
1225 2005 1362 2044 cum
1414 2000 1638 2056 magno
1679 1986 1914 2042 fremitu
1948 1988 2010 2043 in
2050 2004 2147 2043 me

496 2082 777 2138 dentibus
833 2080 1167 2135 stridentes.
1230 2076 1408 2132 Celeri
1460 2080 1753 2147 tauquam
1829 2077 1991 2131 corvi
2049 2093 2147 2133 vo-

490 2172 689 2228 lantes
737 2169 1040 2226 audebant
1084 2166 1273 2222 vultui
1314 2182 1447 2221 meo
1490 2165 1772 2220 insultare
1816 2165 2080 2222 dicentes
2129 2182 2141 2218 :

496 2261 649 2327 Quid
670 2260 784 2329 vis,
809 2259 1045 2326 Macari,
1076 2254 1322 2312 tentatio
1364 2254 1797 2310 monachorum
1831 2255 1859 2310 ‘I
1885 2255 2036 2320 Quid
2069 2256 2146 2311 ad

495 2365 608 2405 nos
640 2348 939 2404 accessisti
964 2346 992 2400 i’
1011 2349 1098 2401 An
1126 2361 1236 2400 nos
1257 2358 1500 2416 quoque
1522 2348 1730 2399 contra
1755 2344 1991 2416 aliquos
2026 2360 2148 2399 mo-

494 2438 829 2495 nachorum
882 2435 1205 2491 machinati
1238 2448 1443 2487 sumus
1478 2432 1504 2487 ?
1544 2432 1684 2496 Quae
1738 2438 1940 2487 nostra
1987 2438 2145 2499 sunt,

493 2526 681 2583 habes
712 2526 827 2582 illic
861 2541 997 2580 cum
1032 2524 1113 2578 tui
1146 2521 1468 2581 similibus,
1503 2520 1888 2577 solitudinem
1930 2523 2085 2587 dico,
2117 2538 2149 2577 e

494 2632 619 2688 qua
634 2618 923 2685 cognatos
951 2617 1186 2667 nostros
1212 2608 1545 2679 fugavistis.
1574 2612 1789 2666 Tecum
1818 2610 1964 2665 nihil
1992 2628 2151 2666 com-

497 2720 680 2759 mune
708 2704 1024 2766 habemus,
1050 2700 1195 2772 quid
1214 2705 1419 2756 nostra
1437 2699 1572 2755 loca
1597 2699 1924 2769 ingrederis
1948 2699 1975 2754 ‘l
1999 2708 2153 2755 Ana-

499 2794 740 2849 choreta
767 2797 1082 2848 contentus
1111 2795 1242 2845 esto
1266 2789 1604 2845 solitudine.
1631 2789 1737 2854 Qui
1767 2789 1927 2844 hunc
1954 2788 2153 2845 locum

497 2882 910 2946 aediﬁcarunt,
954 2896 1089 2935 eum
1123 2878 1297 2934 nobis
1326 2878 1739 2947 adsignarunt.
1771 2880 1897 2933 Non
1936 2880 2153 2950 poteris

494 2972 592 3030 hic
639 2985 906 3027 manere.
948 2969 1097 3034 Quid
1130 2968 1371 3040 quaeris
1424 2967 1658 3037 ingredi
1696 2967 1919 3034 locum,
1971 2984 2152 3039 quem

499 3076 678 3116 nemo
700 3060 1037 3121 hominum,
1067 3059 1171 3131 qui
1196 3058 1486 3121 vixerunt,
1516 3072 1585 3111 ex
1609 3071 1730 3126 quo
1755 3062 2020 3127 tempore
2041 3055 2154 3112 fra-

499 3154 636 3215 tres,
667 3149 772 3222 qui
798 3165 936 3204 eum
952 3147 1367 3209 condiderunt,
1390 3162 1423 3201 a
1443 3145 1615 3200 nobis
1643 3145 1737 3200 hic
1761 3146 2149 3216 sepultisunt,

497 3245 584 3295 est
614 3239 917 3308 ingressus
949 3236 976 3290 ?
1004 3238 1257 3291 Sanctus
1285 3234 1528 3303 :Quum,
1549 3234 1764 3300 aiebat,
1788 3233 2041 3289 multum
2069 3235 2153 3288 in-

497 3342 678 3397 super
691 3324 1605 3394 turbarentlamentarenturque
1623 3323 1972 3388 daemones,
1989 3322 2110 3377 dixi
2136 3339 2147 3377 :

500 3415 803 3484 Ingrediar
836 3419 1089 3480 tantum,
1125 3412 1363 3477 videbo,
1398 3418 1454 3467 et
1492 3412 1630 3466 hinc
1673 3416 1971 3467 recedam.
2004 3412 2153 3467 Dae-

501 3519 712 3560 mones
757 3520 769 3558 :
819 3503 959 3568 Hoc,
1025 3501 1324 3573 inquiunt,
1366 3500 1541 3556 nobis
1584 3500 1857 3571 promitte
1901 3501 1961 3556 in
2013 3516 2149 3556 con-

500 3593 745 3649 scientia
778 3598 895 3647 tua.
928 3594 991 3646 Et
1018 3606 1206 3661 quum
1238 3589 1527 3644 dixissem
1554 3606 1567 3644 :
1602 3589 1719 3644 Hoc
1750 3588 1987 3655 faciam,
2012 3604 2152 3645 con—

500 3681 695 3738 festim
737 3688 1125 3738 evanuerunt.
1172 3680 1480 3751 Ingressus
1529 3678 1726 3748 igitur,
1761 3677 1982 3746 aiebat,
2032 3678 2151 3734 vidi

500 3770 725 3827 omnia.
755 3770 862 3826 Ubi
902 3770 1100 3825 inveni
1141 3768 1362 3823 cadum
1414 3782 1689 3833 aeneum,
1721 3774 1932 3823 catena
1965 3767 2154 3823 ferrea

499 3860 862 3932 pendentem
884 3876 955 3915 ex
972 3865 1172 3931 puteo,
1201 3858 1306 3913 sed
1332 3863 1598 3928 tempore
1621 3862 2068 3927 consumptum,
2097 3861 2154 3911 et

500 3948 725 4005 fructus
740 3949 1037 4004 malorum
1059 3948 1371 4010 siccarum,
1386 3961 1540 4017 quae
1554 3946 1906 4001 intrinsecus
1925 3958 2153 4002 vacuae

500 4043 688 4094 erant.
715 4040 969 4094 Sanctus
1009 4037 1186 4106 igitur
1224 4051 1414 4106 quum
1445 4035 1675 4106 absque
1709 4035 2154 4105 perturbatione

499 4126 658 4181 illinc
697 4127 1055 4193 recessisset,
1099 4140 1205 4194 per
1245 4124 1447 4194 viginti
1496 4124 1623 4178 dies
1663 4125 1965 4179 remeavit.
2008 4124 2156 4177 Con-

501 4215 754 4285 sumptis
779 4230 916 4269 vero
940 4212 1183 4267 cibariis
1209 4211 1589 4267 solitudinem
1616 4227 1942 4282 peragrans
1965 4226 2155 4281 paene

498 4301 646 4357 nihil
672 4303 919 4357 omnino
942 4301 1226 4370 gustavit,
1256 4299 1422 4370 quod
1444 4316 1537 4354 res
1564 4315 1806 4370 quoque
1838 4299 2152 4369 probavit;

498 4394 916 4460 atquetentata
933 4387 1348 4443 esttolerantia
1363 4388 1509 4455 ejus.
1538 4389 1735 4452 Quum
1753 4386 2023 4457 verojam
2051 4403 2155 4458 pa-

498 4494 624 4534 rum
638 4474 1041 4547 abesset,quin
1057 4475 1526 4537 collaberetur,ei
1540 4475 1663 4529 eisa
1676 4480 1763 4529 est
1783 4475 1834 4543 2
1848 4474 1961 4546 56
1978 4491 2155 4529 unum

500 4566 621 4621 fere
652 4564 912 4621 stadium
941 4565 1173 4619 distans
1204 4562 1401 4635 puella
1420 4561 1723 4633 quaedam
1747 4565 1979 4619 munda
2001 4563 2157 4620 linea

497 4660 656 4710 veste
688 4654 917 4719 induta,
943 4668 1097 4724 quae
1116 4668 1329 4707 urnam
1358 4651 1598 4707 tenebat
1623 4667 1785 4723 aqua
1808 4651 2144 4725 stillantem,

500 4752 682 4817 atque
713 4760 849 4799 eum
878 4742 1269 4816 provocabat.
1310 4740 1450 4796 Tres
1482 4741 1660 4811 igitur
1694 4741 1819 4796 dies
1850 4741 2157 4811 ingressus

501 4848 637 4888 eam
656 4832 819 4903 vidit,
848 4846 1042 4903 neque
1060 4831 1300 4901 assequi
1318 4828 1508 4900 potuit
1532 4845 1544 4895 ;
1566 4845 1673 4899 spe
1687 4836 1887 4884 autem
1908 4830 2158 4887 bibendi

498 4921 851 4991 languorem
868 4920 1164 4976 sustinuit.
1186 4919 1519 4991 Postquam
1546 4920 1824 4991 apparuit
1841 4920 2157 4977 multitudo

500 5010 864 5068 bubalorum
894 5027 907 5078 ;
939 5009 1318 5080 reperiuntur
1343 5008 1501 5062 enim
1543 5007 1602 5063 in
1642 5007 1753 5064 illis
1783 5008 2151 5079 regionibus.

2261 1815 2576 1870 συνάντησίν
2606 1832 2706 1885 μου
2739 1814 2862 1865 ὡσεὶ
2888 1814 2929 1864 ο’
2958 1815 3005 1849 ³⁸
3037 1814 3280 1885 δαίμονες
3318 1818 3543 1885 παντοίῳ
3585 1818 3857 1886 σχήματι,

2258 1905 2307 1954 οἱ
2347 1905 2435 1973 μὲν
2491 1900 2736 1974 βοῶντες,
2770 1903 2819 1953 0i
2852 1897 2911 1954 δὲ
2942 1898 3236 1968 πηδῶντες,
3284 1901 3428 1953 ἄλλοι
3475 1901 3680 1973 μεγάλῳ
3718 1900 3859 1975 βρυ-

2256 1999 2374 2061 γμῷ
2425 1991 2688 2062 τρίζοντες
2757 1991 2872 2042 κατ’
2918 1989 3043 2061 ἐμοῦ
3093 1993 3211 2051 τοὺς
3276 1987 3511 2056 ὀδόντας,
3571 1992 3735 2065 ἕτεροι
3792 1994 3859 2051 ὡς

2257 2084 2475 2154 κόρακες
2530 2084 2942 2153 πτερυσσόμενοι
2974 2082 3019 2114 ⁸9
3081 2078 3304 2151 ἐτόλμων
3381 2082 3516 2132 κατά
3588 2087 3681 2141 τῆς
3733 2078 3859 2152 ἐμῆς

2258 2168 2425 2239 ὄψεως
2460 2168 2735 2239 λέγοντες·
2790 2173 2842 2220 τί
2916 2168 3094 2237 θέλεις,
3138 2171 3396 2241 Μακάριε,
3448 2172 3705 2241 πειρασμε
3756 2178 3857 2220 τῶν

2256 2266 2542 2330 μοναχῶν;
2604 2262 2656 2309 τί
2711 2260 2841 2331 πρὸς
2870 2259 3006 2329 ἡμᾶς
3056 2262 3397 2332 παραγένους
3440 2262 3510 2330 μή
3566 2263 3656 2310 καὶ
3709 2259 3859 2330 ἡμεῖς

2259 2350 2330 2408 ε’ίς
2358 2366 2501 2406 τινας
2531 2355 2631 2397 τῶν
2660 2355 2906 2418 μοναχῶν
2958 2346 3319 2421 ἒνηργήσαμεν
3354 2364 3366 2414 ;
3402 2346 3504 2400 ἐκεῖ
3535 2350 3601 2399 τὰ
3628 2350 3860 2419 ἡμέτερα

2258 2438 2416 2507 ἔχεις,
2450 2440 2543 2493 τὴν
2597 2437 2806 2509 ἔρημον,
2864 2438 2996 2508 μετὰ
3031 2444 3130 2488 τῶν
3170 2438 3358 2509 ὁμοίων
3413 2455 3528 2503 σου,
3564 2436 3709 2508 ἀφ’ᾔς
3734 2441 3859 2499 τοὺς

2264 2530 2524 2595 συγγενεῖς
2576 2525 2721 2594 ἡμῶν
2771 2520 3037 2588 ἐδιώξατε,
3087 2522 3238 2578 οῦδὲν
3268 2514 3453 2577 ’κοινόν
3492 2528 3679 2598 ἔχομεν
3722 2528 3857 2596 μετὰ

2263 2620 2358 2665 σοῦ
2394 2615 2460 2675 ⁸ο,
2513 2617 2564 2665 τί
2606 2612 2885 2675 ἐπιϐαίνεις
2934 2616 3079 2686 ἡμῶν
3110 2622 3215 2674 τοῖς
3262 2620 3441 2676 τόποις
3474 2631 3488 2681 ;
3521 2617 3590 2677 ὡς
3642 2618 3861 2687 ἀναχω-

2262 2706 2427 2776 ρητής
2480 2701 2768 2775 ἀρκέσθητι
2812 2711 2870 2775 τῇ
2918 2706 3093 2776 ἐρήμῳ
3131 2718 3145 2731 ·
3180 2708 3303 2775 ἡμῖν
3360 2711 3540 2756 τοῦτον
3578 2708 3667 2756 τὸν
3700 2710 3859 2756 τόπον

2263 2793 2606 2851 οἰκτίσαντες
2659 2790 3033 2864 ἀπεκλήρωσαν
3074 2807 3088 2823 ⁶
3134 2792 3193 2844 οὗ
3243 2789 3448 2865 δυνήσῃ
3502 2790 3606 2863 ᾧδε
3635 2801 3806 2865 μεῖναι
3840 2810 3858 2828 ’

2264 2884 2315 2932 τί
2348 2882 2523 2943 ζητεῖς
2550 2879 2813 2946 εἰσελθεῖν,
2859 2880 2929 2943 εἰς
2976 2880 3003 2932 ὃ
3043 2882 3087 2917 ⁸1
3148 2877 3318 2942 οὐδεὶς
3357 2890 3457 2933 τῶν
3521 2886 3722 2945 ζώντων
3774 2881 3865 2934 ἁν-

2266 2971 2482 3043 θρώπων
2553 2968 2803 3035 εἰσῆλθεν,
2875 2969 2958 3041 ἀφ’
3045 2971 3203 3044 οὗπερ
3265 2972 3313 3023 οἱ
3386 2978 3540 3023 τοῦτο
3596 2976 3865 3033 κτίσαντες

2264 3055 2475 3130 ἀδελφοὶ
2504 3059 2552 3093 ⁴²
2584 3059 2666 3130 ὑφ’
2708 3060 2853 3130 ἡμῶν
2902 3055 3086 3111 ἐνθάδε
3115 3056 3577 3118 κατεκηδεύθησαν
3618 3076 3631 3127 ;
3666 3065 3756 3113 καὶ
3788 3064 3867 3113 ἔτι

2262 3147 2424 3199 πολλὰ
2479 3155 2579 3199 τῶν
2637 3143 2896 3219 δαιμόνων
2980 3153 3369 3223 ταραττομένων
3426 3154 3516 3202 καὶ
3555 3148 3870 3224 ὀλοφυρομέ-

2261 3257 2358 3287 νων
2412 3232 2549 3287 εῖπον
2582 3236 2777 3300 αὐτοῖς,
2840 3240 3019 3307 φησὶν,
3084 3237 3298 3289 εἰσέλθω
3330 3239 3378 3272 ⁸³
3402 3242 3558 3311 μόνον
3586 3243 3675 3291 καὶ
3724 3240 3871 3291 ἱστοε-

2262 3330 2406 3398 ρήσω
2459 3329 2549 3376 καὶ
2593 3323 2897 3397 ἀπέρχομαι
2955 3328 3116 3394 ἔνθεν,
3175 3329 3223 3378 οί
3272 3323 3332 3379 δε
3389 3324 3669 3398 δαίμονες·
3710 3335 3871 3380 τοῦτο

2263 3415 2387 3484 ἡμῖν
2431 3413 2753 3485 ὁμολόγησον
2811 3413 2859 3465 ἐν
2903 3411 3210 3473 συνειδήσει
3244 3434 3339 3468 σου
3378 3418 3427 3451 ⁴⁴
3471 3438 3484 3450 ·
3514 3422 3604 3469 καὶ
3639 3417 3873 3479 εἰπόντος

2263 3522 2362 3575 μου
2397 3522 2410 3536 σ
2462 3510 2616 3555 τοῦτο
2672 3509 2903 3569 ποιήσω,
2971 3504 3125 3565 εὐθὺς
3181 3505 3554 3577 ἠφανίσθησαν
3588 3505 3872 3558 ἐἰσελθὼν

2263 3592 2374 3656 οὖν,
2416 3597 2595 3664 φησὶν,
2635 3591 2932 3665 ἐθεασάμην
2964 3596 3155 3659 πάντα,
3204 3598 3252 3646 ἓν
3304 3596 3382 3657 οἷς
3439 3595 3583 3667 εὗρον
3628 3593 3794 3648 κάδον
3820 3597 3870 3631 ⁸⁸

2264 3681 2497 3752 χαλκοῦν
2566 3678 2769 3756 σιδηρᾷ
2816 3682 2998 3735 ἁλύσει
3054 3684 3370 3757 κρεμάμενον
3433 3686 3569 3735 κατὰ
3597 3691 3687 3736 τοῦ
3717 3688 3875 3756 φρέαι

2262 3789 2367 3834 τος,
2434 3769 2612 3822 λοιπὸν
2659 3771 2707 3806 ⁴⁶
2758 3779 2830 3841 τῷ
2889 3775 3065 3843 χρόνῳ
3128 3772 3471 3837 ἀναλωθέντα,
3517 3778 3607 3825 καὶ
3669 3777 3873 3848 καρπόν

2262 3859 2393 3933 ῥοῶν
2447 3858 2614 3931 ξηρῶν
2671 3856 2825 3911 οὐδὲν
2876 3862 3102 3931 ἑχόντων
3196 3858 3342 3913 ἔνδον
3374 3879 3386 3891 ·
3453 3861 3734 3934 ἀταράχως
3782 3859 3874 3915 οὖν

2265 3946 2450 3999 ἐκεῖθεν
2480 3949 2523 3981 ⁸⁷
2581 3946 2933 4022 ἀναχωρήσας
2986 3951 3011 4001 ό
3057 3949 3205 4021 ἅγιος
3272 3946 3364 4002 διὰ
3445 3954 3610 4003 εἰκοσι
3665 3954 3875 4026 ἡμερῶν

2264 4035 2581 4107 ὑπέστρεψεν
2614 4054 2627 4067 ⁸
2663 4037 3059 4090 ἁναλωσθείσων
3128 4036 3187 4091 δὲ
3248 4048 3347 4090 τῶν
3422 4049 3619 4115 τροφῶν
3671 4038 3876 4113 σχεδὸν

2265 4121 2380 4176 οὐδ’
2421 4123 2548 4186 ὅλως
2576 4128 2828 4196 ἐγεύσατο
2875 4123 3068 4179 ὁδεύων
3100 4132 3195 4186 τὴν
3246 4130 3453 4200 ἔρημον,
3501 4133 3571 4191 ὡς
3608 4135 3697 4182 καὶ
3723 4131 3771 4164 ⁸⁸
3812 4134 3875 4183 τὸ

2264 4219 2485 4286 πρᾶγμα
2549 4211 2760 4281 ἔδειξεν,
2815 4222 2904 4268 καὶ
2952 4216 3019 4277 εἰς
3068 4218 3330 4289 ὑπομονὴν
3403 4217 3700 4293 ἑπειράζετο
3728 4240 3744 4252 ο
3785 4225 3880 4272 καὶ

2266 4304 2335 4364 ὡς
2365 4301 2522 4373 ἐγγὺς
2552 4302 2746 4375 ἕγένετο
2785 4312 2878 4357 τοῦ
2926 4304 3170 4371 ὀκλάσαι,
3203 4308 3347 4378 ὤφθη
3385 4306 3525 4378 αύτῷ
3568 4327 3642 4368 τις
3663 4310 3733 4370 ὡς
3772 4307 3877 4361 ἀπὸ

2269 4388 2490 4443 σταδίου
2522 4392 2733 4446 ἑστῶσα
2790 4399 2943 4469 κόρη,
2998 4396 3232 4467 καθαρὰν
3292 4396 3475 4454 ὀθόνην
3506 4402 3751 4471 φέρουσα,
3785 4402 3878 4450 καὶ

2268 4480 2546 4532 καυκάλιον
2616 4478 2814 4544 ὕδατος
2896 4488 3207 4555 κατέχουσα
3265 4484 3491 4550 στάζον,
3554 4489 3643 4538 καὶ
3691 4492 3878 4539 τοῦτον

2266 4569 2740 4643 προσκαλουμένη’
2771 4575 2861 4623 καὶ
2918 4570 3001 4624 ἐπὶ
3059 4581 3193 4646 τρεῖς
3245 4574 3440 4646 ἡμέρας
3493 4571 3713 4641 ὥδευσε,
3757 4573 3878 4647 βλε-

2267 4678 2373 4710 πων
2431 4661 2521 4731 μὲν
2561 4659 2742 4728 αὐτὴν,
2808 4660 3115 4713 καταλαϐεῖν
3164 4658 3224 4714 δὲ
3279 4666 3351 4734 μὴ
3397 4659 3655 4728 δυνηθεὶς,
3706 4670 3769 4734 τῇ
3814 4660 3879 4717 δὲ

2267 4743 2443 4799 ἐλπίδι
2497 4755 2586 4800 τοῦ
2631 4756 2764 4801 πιεῖν
2822 4752 3103 4821 ὑπομείνας
3159 4759 3221 4823 τῇ
3283 4751 3465 4823 ἁτονίᾳ
3498 4754 3644 4824 ’μέθ’
3699 4752 3760 4811 ἣν
3790 4751 3876 4803 ἀνι

2269 4838 2423 4907 εφάνη
2457 4835 2649 4898 πλῆθος
2675 4839 2721 4873 ⁴⁹
2756 4837 3028 4911 βουϐάλων
3071 4857 3082 4869 ο
3137 4839 3241 4892 εἰσὶ
3297 4842 3399 4915 γὰρ
3459 4840 3508 4893 ἐν
3558 4848 3660 4902 τοῖς
3689 4845 3877 4904 τόποις

2267 4928 2477 4987 ἐκείνοις
2520 4947 2533 4959 ”
2568 4926 2623 4989 ἐξ
2660 4928 2728 4978 ὧν
2753 4933 2852 5000 μία
2882 4931 3084 5000 ἔχουσα
3134 4933 3342 5001 μόσχον
3400 4930 3534 4995 ἐστὶ,
3566 4935 3716 5003 φησὶ,
3747 4950 3878 4983 κατ-

2268 5016 2434 5066 ἐναντί
2464 5034 2564 5087 μου
2596 5036 2608 5049 ·
2652 5020 2742 5069 καὶ
2777 5013 2924 5086 ἰδὼν,
2983 5018 3064 5069 ὅτι
3103 5017 3235 5093 ἕρῥει
3266 5017 3431 5081 αὐτῆς
3474 5022 3533 5073 τὸ
3584 5018 3740 5091 γάλα,
3768 5019 3877 5073 ύπ-

1845 5209 2107 5265 VARIAE
2146 5210 2440 5268 LECTION
2447 5215 2547 5270 ES.

581 5384 627 5420 an
658 5377 894 5443 Αούτως
931 5382 1086 5450 καὶ.-
1137 5378 1183 5414 ³³
1223 5378 1264 5433 Β
1323 5372 1583 5450 δεσμόν.
1665 5376 1711 5412 ⁸⁸
1745 5379 1783 5432 Β
1816 5381 1974 5450 πρὸς
2044 5382 2133 5433 τό.

509 5451 779 5525 ὀδηγίω.
817 5453 930 5507 ³⁸Β
982 5447 1130 5503 ἐϐδο
1195 5447 1459 5508 ἡκονταζ
1535 5452 1580 5483 ³⁹
1648 5451 1729 5503 Ex
1761 5447 1940 5514 coni,
1988 5451 2099 5505 AB
2146 5454 2497 5525 πτεροισού
2562 5447 2708 5507 ενοι.

510 5529 585 5575 ἶν.
654 5528 702 5560 ⁴²
733 5510 775 5575 ’Β
816 5527 990 5575 ἡμῶν
1021 5472 1309 5575 ἀδελφοί.
1391 5523 1435 5556 ⁸⁸
1466 5521 1505 5573 Β
1544 5521 1639 5572 ὃτι
1686 5520 1917 5575 εἰσέλθω.
1953 5521 2047 5575 Sic
2078 5537 2180 5575 pro
2237 5524 2329 5574 ὅτι
2364 5472 2694 5575 sia-cretico

2078 5537 2180 5593 pro
2237 5541 2329 5574 οτι
2364 5537 2497 5593 εισε

2133 5592 2180 5628 ⁴⁶
2212 5593 2357 5681 Βνὼς
2417 5591 2503 5650 δέ.
2585 5596 2630 5630 ⁴⁹
2663 5591 2920 5670 Ρὲομεθ¹
2948 5599 3018 5657 ἦν
3048 5591 3321 5673 ἀνεφάνη
3364 5598 3606 5660 πλῆθος
3633 5600 3672 5654 Β
3699 5602 3863 5672 μετὰ

510 5529 585 5579 ἰν.
733 5510 775 5579 ’Β
816 5527 990 5595 ἡμῶν
1021 5510 1309 5595 ἀδελφοί.
1340 5593 1367 5595 _
1391 5523 1435 5556 ’⁵⁸
1466 5521 1521 5595 Β,
1544 5521 1639 5595 ότι
1686 5510 2047 5595 είσέλθωίδίο

507 5587 780 5652 κάδδον.
836 5582 906 5631 γλσ
935 5595 1157 5647 λοιπόν
1188 5582 1310 5650 om.
1338 5593 1396 5647 Β.
1475 5592 1521 5626 ⁸⁷
1555 5590 1803 5645 ἐκεῖθεν
1831 5607 1951 5648 om.
1998 5594 2056 5648 Β.

510 5667 581 5728 δε
610 5676 800 5723 τοῦτο
829 5667 1076 5729 πλῆθος
1114 5669 1280 5737 αύτῷ
1320 5664 1616 5736 ἀνεφάνη,

2926 5384 2972 5418 ³⁸
3005 5385 3043 5438 Β
3106 5382 3299 5436 ἐννέα.

2790 5455 2837 5489 ⁸⁰
2875 5455 2931 5528 Β,
2953 5454 3099 5528 *μεθ’
3166 5456 3353 5528 ὑμῶν.

2547 5528 2839 5596 εύσομαι.

2213 5379 2259 5414 ³⁵
2312 5380 2352 5433 Β
2414 5380 2845 5453 ὑποστρέψαι.
2926 5384 3043 5438 ³⁸Β
3106 5382 3299 5436 ἐννέα.
3378 5384 3426 5420 ³⁷
3453 5386 3531 5439 Ex
3566 5382 3743 5450 coni.,
3774 5384 3871 5440 ΑΒ

3432 5456 3475 5491 ⁴¹
3511 5455 3622 5510 PFO
3658 5455 3737 5518 εἰς
3766 5457 3791 5507 ὃ
3827 5458 3866 5511 Β

2920 5526 2966 5561 ⁸⁴
3021 5527 3058 5581 Β
3115 5526 3228 5593 σου⁹
3285 5533 3483 5583 εἶπον.
3562 5528 3608 5562 ⁸⁵
3656 5528 3695 5582 Β
3754 5532 3864 5579 καὶ
