4078 6194
190 240 283 315 189

1029 248 1135 307 SS.
1180 245 1677 307 MACARIORUM
1718 244 2054 305 AEGYP’I‘II
2101 244 2186 303 ET
2224 248 2711 308 ALEXANDRINI

3439 259 3543 317 190

173 379 411 433 εισελθὼν
443 383 538 432 καὶ
581 377 813 439 θηλάσας
850 376 1115 449 ἠρκέσθην
1142 394 1155 408 ο
1186 375 1217 435 ἣ
1256 377 1299 419 ³ο
1325 379 1417 426 καὶ
1473 375 1585 445 θείῳ
1616 391 1777 448 προσ·
1807 404 1817 427 Α

1912 375 1929 427 ἰ
1958 372 2203 444 quibus,
2230 373 2447 439 aiebat,
2474 390 2592 430 una
2622 376 2871 433 vitulum
2903 378 3134 436 habens
3167 379 3309 438 mihi
3342 397 3413 439 ex
3431 384 3539 441 ad-

169 471 407 539 τάγματι
436 470 816 542 πειθαρχούσα
864 465 1135 524 ἠκολούθει
1182 465 1273 527 ἕως
1304 473 1400 525 τῆς
1428 462 1625 526 κελλης,
1656 462 1777 535 ἐμοῦ

168 560 252 630 μὲν
294 557 618 620 θηλάζοντος
660 558 704 592 ⁵1
762 554 948 626 αὐτὴν,
997 558 1081 607 τὸν
1142 550 1199 607 δὲ
1242 558 1451 627 μόσχον
1498 552 1654 613 αὐτῆς
1704 555 1774 623 μὴ

169 644 467 719 δεχομένη.

244 912 460 967 Ἀλλοτε
562 913 717 966 πάλιν
792 912 1015 970 πλησίον
1091 914 1256 987 θρύων
1348 914 1435 962 καὶ
1511 910 1781 983 φρυγάνων

168 1006 415 1078 ὀρύσσων
466 1005 515 1038 ⁵³
572 1008 730 1078 φρέαρ
764 1004 790 1054 6
843 1004 1071 1075 ἓνάρετος
1103 1001 1151 1036 ⁵³
1197 1000 1345 1063 οὗτος
1382 999 1455 1060 εἰς
1488 999 1782 1051 ἀνάπαυσιν

171 1101 422 1165 μοναχῶν
446 1094 548 1144 ύπό
584 1087 816 1153 ἀσπίδος
845 1088 1053 1162 ὶδήχθη
1086 1108 1098 1121 ⁸
1131 1089 1452 1164 ἀναιρετικὸν
1483 1085 1541 1141 δὲ
1571 1088 1644 1140 ἰὸν
1668 1091 1782 1159 ἔχει

168 1190 323 1234 τοῦτο
367 1186 427 1234 τό
464 1184 645 1256 θηρίον
675 1203 687 1215 ο
733 1178 1048 1253 δραξάμενος
1078 1176 1166 1232 οἶν
1206 1188 1296 1240 τῆς
1327 1174 1553 1239 ἀσπίδος
1584 1180 1609 1229 6
1635 1177 1786 1247 ἅγιος

170 1279 285 1332 ταῖς
340 1278 538 1343 χερσὶν
589 1271 688 1322 ἀπὸ
734 1279 836 1322 τῶν
891 1270 1163 1341 χελυνείων
1213 1269 1261 1304 ³⁴
1321 1268 1485 1330 αύτῆς
1517 1264 1783 1341 διέρρηξεν

171 1361 334 1419 αὐτὴν
387 1361 547 1412 εἰπών
602 1379 616 1392 σ
667 1364 739 1432 μὴ
789 1358 1183 1419 ἀποστείλαντός
1227 1360 1274 1394 ⁵⁵
1330 1377 1387 1410 σε
1442 1361 1638 1430 Κυρίου
1686 1375 1783 1428 μου

170 1458 271 1510 πῶς
301 1450 601 1521 ἐτόλμησας
633 1453 699 1501 σύ
720 1454 852 1522 πρὸς
881 1467 944 1520 με
980 1447 1174 1513 ἐλθείν;

237 1540 411 1599 Οὗτος
462 1540 489 1590 6
529 1542 695 1610 μέγας
754 1538 1027 1612 Μακάριος
1099 1534 1383 1610 διαφόρους
1427 1535 1602 1595 κέλλας
1647 1532 1786 1605 εἶχεν

166 1629 212 1680 ἐν
241 1637 304 1701 τῇ
354 1631 557 1702 ἐρήμῳ,
591 1626 638 1679 ἐν
670 1629 753 1690 αἷς
791 1631 912 1688 τούς
938 1626 1128 1688 ἄθλους
1154 1634 1246 1687 τῆς
1278 1625 1460 1698 ἀρετῆς
1492 1624 1783 1699 εἰργάζετο,

167 1723 291 1790 μίαν
372 1720 422 1769 ἓν
499 1725 563 1788 τῇ
642 1723 823 1775 Σκήτει
896 1724 958 1789 τῇ
1036 1712 1283 1788 ίνδοτέρᾳ
1358 1717 1406 1750 ³⁸
1485 1719 1787 1786 πανερήμῳ,

168 1812 293 1878 μίαν
358 1806 428 1867 εἰς
508 1804 711 1864 Λιϐύην
787 1807 834 1841 ⁸⁷
889 1804 954 1865 εἰς
1009 1806 1075 1857 τὰ
1125 1804 1373 1875 λεγόμενα
1426 1802 1623 1869 κελλία,
1699 1806 1789 1853 καὶ

170 1894 333 1952 illiw
373 1895 444 1955 εἰς
488 1898 545 1947 τὸ
594 1898 708 1965 ὄρος
750 1902 845 1955 τῆς
893 1898 1131 1966 Νιτρίας.
1178 1898 1268 1945 καὶ
1316 1895 1371 1944 αἱ
1419 1896 1509 1963 μέν
1551 1891 1683 1944 εἰσιν
1740 1892 1789 1925 ⁵⁸

168 1980 516 2055 αθυρίδωτοι,
595 1984 663 2043 εἰς
736 1983 800 2041 ἃς
848 1982 1042 2055 ἑλέγετο
1097 1984 1122 2034 6
1176 1989 1448 2057 Μακάριος
1487 1979 1535 2032 ἐν
1593 1987 1655 2052 τῇ
1734 1978 1787 2051 μ’

168 2075 493 2136 καθέζεσθαι
536 2074 585 2108 ⁵³
624 2074 675 2124 ἐν
710 2076 935 2143 σκοτίᾳ·
986 2073 1016 2129 ἡ
1053 2068 1112 2124 δε
1156 2071 1282 2129 άλλη
1316 2070 1468 2123 κε’λλα
1509 2071 1785 2125 στενοτάτη

170 2165 388 2237 ὑπῆρχε
418 2164 579 2227 πάνυ,
608 2162 680 2224 εἰς
709 2162 772 2220 ἣν
802 2164 1023 2214 ἔκτεῐναι
1061 2164 1178 2221 τοὺς
1209 2163 1260 2203 ⁸ο
1287 2157 1455 2221 πόδας
1486 2159 1579 2212 ούκ
1608 2156 1668 2217 ἧν
1694 2179 1707 2192 ·
1757 2161 1785 2217 ἡ

174 2250 231 2305 δε
277 2258 436 2324 τρίτη
472 2252 767 2326 πλατυτέρα
797 2252 839 2288 ⁶ί
892 2248 970 2317 ἦν,
1014 2250 1061 2302 ἐν
1166 2255 1257 2303 καὶ
1302 2252 1657 2321 συνετύγχανε
1684 2256 1790 2310 τοῖς

175 2346 306 2413 πρὸς
347 2341 511 2393 αὐτόν
544 2349 814 2413 φοιτῶσιν.

1820 1712 1861 1766 Β

245 2430 419 2492 Οὗτος
495 2431 520 2481 6
588 2429 815 2502 φιλόθεος
892 2436 1138 2482 τοσοῦτον
1226 2427 1422 2488 πλῆθος
1483 2425 1794 2500 ἐθεράπευσε

178 2515 575 2591 δαεμονώντων,
640 2522 703 2579 ὡς
752 2539 823 2590 μη
872 2515 1072 2593 ῥᾳδίως
1134 2519 1345 2577 τούτους
1410 2514 1794 2569 ύποϐἀλλεσθαι

180 2610 393 2680 ἀριθμῷ
430 2626 442 2636 ·
473 2612 741 2676 παρόντων
797 2602 857 2659 δε
906 2608 1051 2678 ἡμῶν
1109 2608 1239 2677 πρὸς
1288 2612 1469 2658 τοῦτον
1525 2608 1611 2657 τὸν
1652 2605 1795 2656 ὅσιον

181 2699 439 2769 παρθένος
486 2716 568 2758 τις
620 2694 721 2748 ἀπὸ
786 2695 1194 2761 Θεσσαλονίκης,
1260 2694 1468 2765 εὐγενὴς
1523 2702 1596 2764 τῷ
1638 2697 1792 2765 γένει,

178 2785 414 2838 πλουσία
460 2793 534 2855 τῷ
586 2783 688 2857 βίῳ
746 2786 814 2850 θ’,
878 2780 1113 2857 φοράδην
1177 2786 1458 2855 ἐκομίσθη,
1526 2782 1796 2835 πολυετίαν

179 2879 390 2945 ἱχονσα
466 2873 515 2925 ἐν
589 2873 882 2948 παραλύσει
944 2894 957 2907 ο
1006 2877 1097 2925 καὶ
1184 2875 1347 2943 τούτῳ
1421 2874 1797 2944 προσαχθείσα

179 2962 361 3037 ὶῤῥίφη
428 2966 654 3019 πλησίον
695 2970 787 3023 τῆς
836 2961 993 3013 αύτοῦ
1040 2961 1221 3023 κε’λλης
1254 2961 1359 3021 ἐἰς
1400 2960 1459 3018 ἣν
1504 2959 1796 3031 σπλαγχνι-

182 3055 320 3112 σθεὶς
383 3056 474 3104 καὶ
544 3052 897 3124 ἐπευξάμενος,
951 3050 1101 3121 ἔλαίῳ
1157 3050 1288 3123 ἁγίῳ
1368 3049 1583 3122 ἀλείφων
1633 3050 1795 3108 αὐτὴν
1827 3074 1868 3130 C

180 3149 291 3202 ταῖς
322 3148 486 3194 αὑτοῦ
534 3146 744 3213 χερσὶν,
802 3146 894 3193 καὶ
927 3139 1136 3201 ἕκτενῶς
1182 3142 1307 3213 ύπερ
1357 3140 1523 3202 αὐτῆς
1570 3158 1794 3214 προσευ-

182 3237 408 3303 χόμενος
462 3238 671 3300 cuius;
716 3229 761 3263 ⁸³
827 3227 909 3280 ἐπὶ
956 3232 1124 3281 εἰκοσι
1194 3231 1386 3301 ἡμέρας
1436 3233 1627 3285 ταύτην
1671 3228 1791 3298 ύγιῆ

185 3320 247 3379 εἰς
304 3324 400 3377 τήν
466 3317 656 3380 ἑαυτῆς
724 3316 989 3370 ἀπέστειλε
1048 3316 1197 3370 πόλιν
1265 3318 1335 3381 ⁵4,
1417 3313 1577 3378 ἰδίοις
1640 3321 1796 3368 ποσὶν

186 3407 516 3461 ἀπελθοῦσαν
550 3410 618 3473 ⁸⁵,
669 3410 787 3468 ητις
834 3405 1024 3465 πολλὴν
1067 3410 1423 3481 καρποφορίαν
1456 3404 1722 3459 ἀπέστειλε
1749 3407 1795 3440 ⁸⁸

189 3505 299 3559 τοῖς
329 3498 525 3568 ἁγίοις.

255 3588 430 3647 Οὗτος
458 3588 486 3639 6
533 3589 687 3657 μέγας
730 3577 1002 3659 Μακάριος
1051 3582 1278 3645 ἀκούσας
1329 3586 1397 3651 δ”,
1448 3586 1529 3637 ὅτι
1574 3585 1800 3656 μεγάλην

189 3680 383 3747 ἔχουσι
450 3675 715 3729 πολιτείαν
773 3677 824 3727 οἱ
889 3673 1335 3743 Ταϐεννησιῶται,
1388 3676 1802 3747 μεταμφιεσάμε-

186 3785 268 3826 νος
325 3766 376 3801 ⁸⁸
429 3769 521 3816 καὶ
573 3762 842 3816 ἀναλαϐὼν
903 3767 1159 3835 κοσμικόν
1215 3772 1408 3836 σχῆμα
1446 3763 1687 3836 ἐργάτου,
1731 3757 1803 3814 δι’

188 3857 396 3928 ἡμερῶν
430 3854 490 3906 ιε’
526 3853 762 3913 εἰσῆλθεν
795 3853 859 3915 εἰς
886 3859 979 3912 τὴν
1015 3849 1276 3911 Θηϐαίδα
1322 3851 1417 3906 διὰ
1462 3861 1557 3914 τῆς
1612 3851 1804 3926 ἐρήμου

189 3940 422 4004 ὁδεύσας
453 3944 501 3977 ⁸⁵
540 3964 552 3975 ·
586 3948 677 3993 καὶ
716 3941 869 3994 έλθὼν
902 3941 949 3994 ἐν
980 3951 1054 4012 τῷ
1106 3942 1412 4016 ἀσκητηρίῳ
1437 3950 1535 3994 τῶν
1555 3941 1807 3999 Ταϐεννη·

197 4040 407 4085 σιωτῶν
477 4034 719 4093 ἐπεζήτει
777 4035 865 4084 τόν
910 4027 1340 4105 ἀρχιμανδρίτην
1384 4030 1554 4083 αὐτῶν
1618 4035 1810 4101 Παχὼ-

188 4143 328 4191 μιον,
402 4117 582 4191 ἄνδρα
671 4117 1050 4192 δοκιμώτατον,
1127 4125 1213 4172 καὶ
1294 4124 1545 4195 χάρισμα
1620 4122 1811 4191 ἔχοντα

200 4216 531 4284 προγητικόν
569 4225 582 4236 ⁶
624 4208 888 4281 ἀπεκρύϐη
931 4211 978 4244 ⁷⁸
1010 4206 1069 4262 δι
1096 4213 1265 4281 τούτῳ
1293 4210 1338 4244 ⁷¹
1378 4212 1445 4261 τὰ
1469 4211 1604 4261 κατά
1644 4210 1693 4243 ⁷³
1725 4211 1810 4260 τὸν

200 4306 367 4371 μέγαν
424 4300 476 4333 ⁷³
521 4300 815 4372 Μακάριόν,
889 4303 1189 4371 περιτυχὼν
1246 4299 1294 4333 ⁷⁴
1341 4298 1431 4350 οὖν
1485 4297 1627 4369 αύτῷ
1677 4298 1812 4369 λέγει

202 4390 345 4459 αὗτῷ
388 4390 413 4440 6
456 4392 726 4462 Μακάριος
762 4405 775 4417 ’
826 4382 1013 4458 δέομαί
1067 4407 1177 4449 σου,
1232 4390 1399 4459 κύριε,
1454 4383 1603 4449 δέξαι
1648 4405 1710 4458 με
1743 4386 1814 4448 εἰς

199 4484 292 4537 τὴν
335 4482 503 4549 μονήν
544 4497 663 4543 σου,
724 4479 806 4528 ἱνα
845 4480 1072 4548 γένωμαι
1123 4482 1355 4549 μοναχός
1389 4494 1399 4506 ’
1430 4476 1564 4546 λέγει
1603 4474 1741 4545 αύτῷ
1788 4476 1813 4526 6

204 4574 502 4639 Παχώμιος
539 4584 551 4596 ·
598 4566 775 4619 λοιπὸν
806 4566 873 4626 εἰς
921 4573 1088 4640 γῆρας
1146 4566 1367 4629 ἦλασας,
1413 4573 1516 4625 πῶς
1545 4568 1609 4616 σύ
1636 4563 1813 4616 ἀσκεῖν

204 4653 437 4708 δύνασαι
465 4673 479 4723 ;
511 4651 722 4728 ἀδελφοί
762 4655 893 4707 εἰσιν
946 4654 1048 4707 ἀπὸ
1082 4659 1325 4715 νεότητος
1355 4652 1685 4715 ἀσκήσαντες
1724 4672 1815 4704 και

205 4754 305 4807 τοῖς
358 4764 541 4807 πονοις
602 4748 1089 4819 συνανατραφίντες,
1153 4749 1242 4796 καὶ
1286 4746 1345 4796 ού
1376 4744 1425 4778 ⁷⁵
1484 4745 1698 4814 φέρουσι
1728 4742 1814 4791 τόν

208 4840 441 4907 κάματον
477 4852 490 4864 ·
526 4837 595 4887 σύ
671 4831 728 4887 δε
778 4835 829 4886 ἐν
902 4836 1064 4907 ταύτῃ
1117 4840 1179 4905 τῇ
1228 4832 1409 4904 ἡλικίᾳ
1480 4831 1539 4884 ού
1586 4828 1815 4883 δύνασαι

214 4926 512 4996 ὑπενεγκεῖν
586 4924 633 4959 ⁷⁸
689 4926 812 4985 τοὺς
868 4932 953 4983 τῆς
1004 4921 1277 4985 ἀσκήσεως
1335 4923 1681 4993 πειρασμούς,
1726 4922 1815 4971 καὶ

1888 478 2061 518 verso
2096 462 2271 517 stetit.
2307 463 2485 533 Cujus
2517 470 2749 521 uterum
2780 484 2967 538 quum
2991 470 3141 527 lacte
3162 470 3346 527 ﬂuere
3379 472 3541 529 vide-

1888 566 2035 617 rem,
2069 550 2313 616 accessi,
2337 555 2393 606 et
2420 568 2612 624 usque
2644 554 2717 609 ad
2746 556 3077 613 satietatem
3101 563 3360 616 nutritus
3380 577 3537 617 sum.

1888 644 1969 695 Ac
2000 640 2202 694 divino
2247 640 2446 709 jussui
2479 656 2693 711 parens
2740 659 2835 700 me
2876 653 3079 703 secuta
3118 653 3210 703 est
3240 666 3430 723 usque
3461 651 3540 707 ad

1890 728 2122 795 cellam,
2147 734 2201 783 et
2234 744 2327 783 me
2347 728 2593 801 quidem
2625 733 2880 799 nutrivit,
2910 750 3102 807 neque
3119 753 3257 794 vero
3286 739 3538 797 vitulum

1892 834 2071 873 suum
2102 816 2360 874 admisit.

1964 909 2186 961 Rursus
2245 907 2393 961 alias
2444 907 2539 963 hic
2588 908 2794 965 virtute
2846 913 3149 983 praeditus
3197 916 3306 982 vir,
3351 932 3541 989 quum

1892 1011 2079 1068 prope
2112 995 2251 1051 folia
2276 1000 2334 1051 et
2358 1002 2664 1052 sarmenta
2702 1004 2946 1070 puteum
2972 1001 3195 1058 foderet
3222 1004 3282 1060 in
3312 1020 3539 1062 recrea-

1892 1086 2113 1140 tionem
2146 1086 2609 1155 monachorum,
2643 1088 2720 1143 ab
2743 1090 2953 1159 aspide
2982 1107 3214 1147 morsus
3237 1101 3341 1150 est.
3373 1095 3543 1159 Quod

1893 1174 2119 1229 animal
2151 1174 2321 1229 letale
2343 1191 2638 1232 venenum
2667 1177 2865 1233 habet.
2891 1182 3341 1251 Apprehensam
3367 1184 3543 1252 igitur

1895 1280 1931 1319 a
1946 1262 2220 1318 faucibus
2240 1264 2514 1334 aspidem
2534 1272 2776 1321 sanctus
2800 1268 3099 1324 ambabus
3124 1271 3406 1326 manibus
3426 1271 3547 1327 dis-

1896 1353 2135 1422 cerpsit,
2168 1358 2266 1408 et:
2313 1354 2529 1421 Quum,
2572 1355 2780 1427 inquit,
2817 1362 2869 1411 te
2917 1373 3040 1413 non
3086 1360 3311 1415 miserit
3358 1361 3549 1416 Domi-

1896 1457 2011 1497 nus
2046 1458 2234 1509 meus,
2263 1444 2573 1514 quomodo
2604 1460 2751 1499 ausa
2778 1462 2841 1499 es
2875 1446 2951 1500 ad
2984 1463 3079 1503 me
3109 1449 3389 1505 accedere
3413 1450 3442 1503 ‘2

1969 1530 2070 1586 Hic
2086 1532 2373 1587 Macarius
2391 1548 2649 1601 magnus
2670 1533 2937 1590 diversas
2953 1535 3127 1592 cellas
3146 1538 3204 1592 in
3227 1537 3550 1595 solitudine

1899 1619 2127 1689 habuit,
2148 1620 2205 1674 in
2222 1620 2443 1691 quibus
2466 1622 2793 1678 certamina
2818 1624 3047 1679 virtutis
3073 1627 3333 1696 peregit:
3364 1643 3547 1684 unam

1899 1709 2146 1781 quidem
2176 1710 2233 1764 in
2268 1710 2452 1775 Scete,
2486 1727 2640 1782 quae
2671 1712 2832 1781 regio
2862 1718 2949 1768 est
2980 1714 3038 1768 in
3069 1715 3343 1772 interiore
3383 1722 3554 1774 vasta

1901 1798 2240 1865 solitudine,
2264 1815 2448 1854 unam
2472 1800 2528 1854 in
2555 1801 2737 1872 Libya
2758 1802 2816 1856 in
2846 1802 3229 1875 Celliis,quae
3249 1805 3548 1873 dicuntur,

1899 1893 1955 1943 et
1982 1887 2160 1944 aliam
2185 1889 2242 1943 in
2276 1894 2476 1943 monte
2508 1890 2738 1945 Nitriae.
2775 1891 2853 1946 Ex
2884 1892 3107 1963 quibus
3132 1893 3283 1949 aliae
3305 1894 3552 1964 quidem

1899 1978 2053 2031 ostio
2084 1976 2390 2043 carebant,
2425 1978 2482 2032 in
2513 1978 2731 2049 quibus
2757 1980 3046 2035 Macarius
3071 1980 3379 2037 dicebatur
3411 1988 3554 2038 tem-

1901 2082 2045 2137 pore
2076 2066 2576 2137 quadragesimae
2600 2069 2806 2124 sedere
2836 2070 2895 2124 in
2930 2069 3207 2126 tenebris.
3236 2070 3430 2127 Altera
3450 2087 3554 2127 au-

1904 2160 2020 2210 tem
2051 2154 2197 2210 cella
2229 2154 2415 2210 multo
2447 2159 2754 2225 angustior
2782 2163 2909 2213 erat
2938 2160 3161 2226 ceteris,
3197 2160 3257 2214 in
3281 2176 3405 2231 qua
3443 2176 3552 2216 nec

1900 2243 2117 2316 pedem
2136 2245 2452 2300 extendere
2475 2250 2724 2316 poterat.
2754 2248 2942 2303 Tertia
2964 2264 3103 2304 vero
3126 2248 3383 2321 amplior
3408 2254 3550 2316 erat,

1904 2332 1964 2388 in
1995 2349 2116 2405 qua
2147 2335 2323 2389 etiam
2341 2349 2443 2389 eos
2466 2335 2882 2401 conveniebat,
2914 2337 3019 2409 qui
3043 2337 3120 2393 ad
3142 2338 3340 2409 ipsum
3370 2338 3556 2394 venti-

1904 2420 2129 2476 tabant.
3387 2427 3393 2435 '

1977 2511 2076 2566 llic
2116 2512 2201 2565 vir
2258 2516 2499 2566 sanctus
2540 2516 2768 2567 tantam
2812 2514 3253 2570 multitudinem
3312 2514 3553 2572 sanavit

1903 2614 2132 2664 eorum,
2174 2599 2277 2671 qui
2310 2616 2346 2655 a
2371 2600 2769 2655 daemonibus
2804 2603 3190 2670 vexabantur,
3223 2608 3282 2659 ut
3312 2620 3415 2660 eos
3451 2619 3558 2660 nu-

1906 2689 2195 2745 merando
2221 2688 2385 2744 haud
2409 2689 2577 2745 facile
2601 2705 3004 2761 percenseres.
3030 2694 3223 2757 Quum
3258 2710 3369 2749 nos
3390 2693 3559 2749 ades-

1905 2794 2017 2834 sem
2027 2778 2200 2845 us,ad
2214 2778 2373 2833 hunc
2388 2785 2652 2833 sanctum
2668 2780 2834 2849 virgo
2850 2780 3272 2838 Thessalonica
3284 2781 3555 2848 oriunda,

1906 2867 2124 2923 nobilis
2165 2882 2380 2935 genere
2407 2872 2462 2922 et
2500 2867 2559 2921 in
2586 2867 2699 2922 hac
2729 2870 2848 2923 vita
2879 2870 3065 2935 dives,
3098 2876 3415 2942 apportata
3448 2877 3557 2939 est,

1904 2972 2060 3029 quae
2102 2956 2303 3011 multis
2351 2955 2523 3011 annis
2568 2955 2835 3027 paralysi
2876 2956 3210 3014 laborabat.
3257 2962 3449 3030 Atque
3479 2959 3556 3014 ad

1906 3062 2043 3102 eum
2072 3045 2353 3110 adducta,
2387 3060 2573 3116 prope
2596 3044 2805 3100 cellam
2833 3048 3020 3101 sancti
3045 3051 3307 3117 projecta
3334 3048 3561 3113 est.0ui

1906 3135 2319 3191 misericordia
2332 3141 2670 3189 commotus
2684 3150 2870 3207 quum
2888 3136 3058 3209 257
3081 3152 3287 3207 preces
3302 3137 3560 3192 fundens

1906 3230 1960 3281 et
1999 3224 2130 3280 oleo
2162 3226 2372 3279 sancto
2402 3239 2535 3279 eam
2568 3224 2823 3294 propriis
2853 3228 2977 3279 suis
3005 3224 3285 3280 manibus
3307 3240 3557 3295 ungens,

1908 3313 2112 3384 viginti
2128 3313 2342 3368 diebus
2365 3328 2545 3384 super
2560 3328 2695 3368 eam
2717 3313 2925 3368 sedulo
2948 3330 3017 3369 ac
3038 3313 3288 3369 multum
3307 3320 3557 3378 orasset,

1908 3420 2119 3460 sanam
2144 3403 2199 3457 in
2232 3402 2529 3458 civitatem
2561 3403 2690 3472 ejus
2716 3402 2956 3458 dimisit.
2992 3404 3154 3469 Quae
3182 3403 3437 3475 propriis
3464 3419 3564 3475 pe-

1909 3492 2089 3548 dibus
2117 3506 2403 3561 regressa,
2425 3491 2733 3561 copiosam
2761 3492 2982 3547 sanctis
2998 3493 3364 3549 oblationem
3385 3492 3567 3548 misit-

1981 3583 2083 3637 Hic
2114 3597 2369 3649 magnus
2399 3580 2685 3636 Macarius
2706 3597 2893 3652 quum
2928 3583 3233 3648 audiisset,
3257 3585 3565 3640 Tabenne-

1912 3673 2096 3727 siotas
2125 3670 2497 3742 praeclarum
2522 3669 2747 3725 habere
2778 3672 2926 3725 vitae
2958 3672 3309 3737 institutum,
3340 3678 3567 3729 mutata

1916 3767 2074 3816 veste
2092 3766 2147 3815 et
2162 3760 2487 3830 adsumpto
2508 3760 2821 3814 mundano
2843 3760 3099 3830 operarii
3118 3761 3347 3828 habitu,
3372 3761 3569 3832 spatio

1915 3848 2260 3921 quindecim
2290 3848 2522 3903 dierum
2555 3848 2614 3902 iu
2644 3847 3025 3916 Thebaidem,
3050 3866 3154 3920 per
3184 3849 3567 3905 solitudinem

1916 3938 2235 4010 profectus,
2281 3937 2568 4008 pervenit.
2623 3936 2729 3991 Ubi
2776 3952 2963 4007 quum
3021 3938 3079 3992 in
3133 3938 3568 3993 monasterium

1916 4026 2486 4083 Tabennesiotarum
2523 4025 2795 4089 venisset,
2832 4025 3213 4081 Pachomium
3240 4042 3450 4081 eorum
3480 4042 3571 4082 ar-

1920 4113 2704 4184 chimandritamquaesivit,
2727 4112 2917 4168 virum
2934 4114 3447 4185 probatissimum,
3466 4114 3572 4187 qui

1922 4205 2174 4274 gratiam
2208 4203 2551 4275 prophetiae
2580 4202 2861 4258 habebat.
2892 4201 2995 4258 Cui
3019 4210 3218 4259 tamen
3251 4205 3571 4260 Macarium

1924 4309 2214 4362 magnum
2244 4308 2379 4347 esse
2400 4292 2905 4347 abscondebatur.
2932 4295 3078 4348 Eum
3104 4293 3280 4365 igitur
3300 4311 3438 4350 cum
3462 4294 3571 4349 Ma-

1852 4412 1891 4465 D
1923 4384 2119 4438 carius
2148 4382 2560 4437 convenisset:
2587 4385 2699 4437 Oro
2724 4387 2795 4446 te,
2819 4381 3028 4454 inquit,
3054 4383 3319 4448 domine,
3340 4384 3575 4455 suscipe

1926 4488 2020 4525 me
2048 4470 2106 4525 in
2140 4469 2576 4525 monasterium
2606 4476 2792 4535 tuum,
2826 4476 2887 4525 ut
2919 4471 3251 4527 monachus
3283 4472 3447 4528 ﬁam.
3473 4472 3577 4526 Cui

1926 4559 2286 4615 Pachomius
2320 4575 2334 4614 :
2368 4563 2568 4614 Aetate
2595 4565 2717 4614 tam
2748 4565 3064 4631 provectus
3085 4560 3188 4631 qui
3215 4560 3499 4633 deinceps
3526 4566 3576 4616 te

1926 4664 2196 4705 exercere
2230 4646 2446 4718 poteris
2471 4647 2501 4699 ‘2
2529 4648 2757 4703 Fratres
2781 4664 2817 4703 a
2837 4649 3143 4717 juventute
3171 4666 3235 4704 se
3280 4653 3574 4714 exercent,

1926 4744 1982 4794 et
2006 4738 2065 4793 in
2097 4737 2403 4792 laboribus
2422 4735 2832 4803 adoleverunt,
2857 4752 3051 4808 neque
3068 4737 3263 4793 ferunt
3281 4738 3573 4793 laborem.

1925 4830 2007 4883 Tu
2035 4842 2174 4882 vero
2196 4826 2308 4882 hac
2339 4831 2532 4880 aetate
2557 4840 2675 4880 non
2706 4831 2875 4897 potes
2900 4825 3193 4883 sustinere
3224 4826 3577 4883 tentationes

1928 4914 2378 4972 exercitationis.
2439 4912 2792 4979 Oﬂ'enderis,
2853 4914 3060 4986 exibis,
3126 4922 3183 4973 et
3256 4915 3577 4973 maledices

1557 5060 1814 5117 VARIAE
1854 5057 2255 5115 LECTIONES.

284 5207 331 5241 ‘°
359 5206 387 5263 ἡ
419 5219 550 5259 om.
585 5206 652 5261 Α.

219 5278 264 5310 ³⁸
294 5275 487 5339 Corr.,
512 5276 603 5330 ΑΒ
632 5272 1005 5339 χελυννίων.

218 5349 302 5409 εἰς
339 5347 586 5404 λιϐύην
626 5341 917 5418 Ηέτέραν
958 5341 1015 5396 ἕν
1046 5342 1263 5418 λιϐύῃ.

221 5420 422 5475 "Bia
473 5418 599 5491 βίῳ.
636 5418 685 5452 ⁸³
715 5424 972 5491 συχνῶς
1027 5431 1148 5470 om.

222 5492 265 5574 '.'
295 5493 386 5547 ΑΒ
443 5490 700 5579 erat?
720 5490 873 5579 1529‘

222 5555 561 5637 ἀπεκρύϐε.
614 5555 689 5595 ἠ
726 5560 765 5613 Β
795 5555 1049 5612 δι’τότε
1094 5566 1173 5631 τῷ
1204 5556 1369 5630 ἁγίῳ
1425 5555 1671 5628 ἐκείνῳ.

219 5634 423 5712 μόλις.
514 5636 566 5670 ⁷⁸
600 5634 643 5688 Β
672 5634 976 5704 ἐνεγκεῖν.

1331 5415 1377 5449 ⁸⁸
1517 5418 1755 5483 κώμην.

730 5202 773 5280 ει
830 5206 935 5280 pm
993 5198 1403 5280 θηλάςογτος
1556 5192 1882 5280 δεχομένη
1954 5191 2280 5280 θηλαςειν.

1084 5272 1131 5307 ⁸⁵
1164 5272 1208 5325 Α
1241 5264 1747 5356 ἀποστίλαντος,
1778 5264 2377 5356 ΒτέιποιῖτιίλφλοντοςΖ

1341 5337 1652 5398 "Bidens
1729 5340 1775 5374 ⁸9
1824 5332 2264 5393 Βκαθεύδειν.
2343 5337 2457 5385 ⁶⁰τι

1341 5415 1377 5449 ⁵⁸
1420 5414 1459 5467 Β
1517 5418 1755 5481 κώμην.
1837 5408 1959 5462 ⁶⁵Β
2016 5404 2457 5481 βαδίζουσαν.

720 5474 1091 5560 ιαὲάμε-νος.
1171 5487 1217 5521 ⁸9
1271 5486 1379 5541 Pro
1431 5480 1543 5537 δια
1588 5474 1702 5544 ⁸ιίῆς
1755 5474 2331 5555 ἐρήμου’ὁδεύσας
2386 5479 2426 5533 Β
2481 5474 2724 5530 ὁδεύων
2776 5476 2889 5531 διά
2955 5488 3067 5542 τῆς
3109 5480 3373 5555 ἐρήμου.
3451 5484 3497 5520 ’³ο
3542 5486 3587 5537 Α

726 5556 864 5613 Βδε
908 5564 1049 5612 τότε
1094 5566 1173 5627 τῷ
1204 5556 1369 5627 ἁγίῳ
1425 5555 1671 5627 ἐκείνῳ.
1748 5553 2083 5627 "Aps-rei.
2159 5552 2439 5624 ⁷³μίγαν
2488 5567 2609 5607 om.
2650 5552 2711 5605 Β.
2790 5551 3247 5625 ⁷⁴Βὲντυχών.
3323 5554 3587 5611 ⁷⁶Βκαὶ

2361 5191 2408 5230 ⁸³
2438 5188 2941 5269 ᾼββρῥιέσςωγ-
3012 5194 3067 5269 ί⁶³
3098 5194 3138 5248 Β
3189 5195 3229 5269 ,6-
3270 5195 3585 5269 ξακάριος

2456 5263 2578 5338 “VA
2705 5261 2762 5314 ἐν
2806 5261 3120 5338 ξνδοτίρᾳ.
3190 5268 3233 5338 τέτ
3270 5261 3395 5322 ῬΓο
3433 5261 3586 5337 μίαν

2343 5322 2385 5369 ⁸ο
2414 5337 2579 5411 τοὺς*
2612 5322 2732 5411 om.
2787 5336 2854 5389 A.
2936 5338 2977 5411 ξι
3027 5322 3583 5411 ἈΒᾷπλαᾲτυστίρα.

2535 5408 2582 5442 ⁸⁵⁸
2612 5409 2649 5461 Β
2688 5404 3025 5463 ἀπίσταλε.
3103 5409 3149 5444 ⁸⁷
3180 5412 3216 5463 Β
3270 5404 3583 5472 ἀκηκοῶς.

2159 5552 2205 5586 ⁷³
2237 5555 2439 5624 μέγαν
2488 5567 2609 5607 om.
2650 5552 2711 5605 Β.

2790 5551 2838 5587 ⁷⁴
2870 5552 2910 5607 Β
2943 5551 3247 5625 ἕντυχήών.
3323 5555 3371 5589 ⁷³
3402 5554 3445 5611 Β
3474 5557 3589 5609 καὶ
