4078 6194
517 266 612 322 191
2100 230 2308 287 ACTA.

3769 222 3880 278 192

522 393 715 451 nobis.
739 387 941 458 Neque
971 395 1107 437 eum
1135 373 1422 446 suscepit.
1464 370 1560 426 ille
1590 371 1791 424 autem
1823 359 2169 456 perstitit-ac

2286 350 2634 427 σκανδαλίζῃ,
2685 359 2773 406 καὶ
2828 352 3036 427 έξέρχη,
3093 356 3184 405 καὶ
3230 351 3533 423 κακολογείς
3573 352 3733 422 ἡμᾶς,
3783 356 3880 402 καὶ

2321 443 2332 457 .
2424 441 2536 458 ...ηρ
2719 443 2731 458 .
2783 447 2790 456 .
2902 445 2912 454 ν
2961 439 2994 458 μ.
3098 442 3109 458 ,
3163 447 3168 454 .
3550 445 3560 456 ,
3731 449 3751 458 -

515 448 760 556 j—eiunus
808 448 1094 531 remansit
1133 469 1360 538 septem
1413 460 1563 516 dies.
1617 454 1833 511 Deinde
1881 448 2168 550 Macarius

518 537 777 642 magnus
807 583 819 622 :
875 565 980 626 Me,
1033 537 1242 630 inquit,
1277 550 1535 620 suscipe,
1568 544 1748 608 abba,
1781 547 1836 597 et
1866 539 1981 595 nisi
2019 537 2166 642 jeju-

520 633 758 721 navero,
783 655 929 709 sicut
949 649 1048 706 illi.
1070 652 1124 701 et
1139 647 1418 714 operatus
1436 637 1621 697 fuero,
1641 647 1798 704 quae
1817 633 2163 697 operantur,

518 756 645 806 tum
665 717 808 818 jube
835 758 930 798 me
955 737 1083 808 ejici
1108 751 1139 790 e
1169 727 1552 788 monasterio.
1577 724 1825 790 Magnus
1858 717 2032 814 igitur
2056 718 2164 770 Pa-

518 804 785 896 chomius
836 804 1113 888 fratribus
1153 817 1487 893 persuadet,
1526 818 1584 867 ut
1634 825 1769 864 eum
1811 804 2160 875 suscipiant.

519 891 855 985 éonventus
899 923 1097 975 autem
1150 891 1303 965 illius
1348 899 1692 960 monasterii
1733 900 1965 952 constat
2007 891 2165 947 mille

516 983 968 1092 quadringentis
995 1003 1129 1059 viris
1158 1001 1215 1054 in
1238 995 1594 1052 hodiernum
1623 1002 1815 1059 usque
1841 985 2020 1082 diem.
2047 983 2164 1080 Hoc

517 1071 692 1179 ijgitur
712 1071 1136 1158 monasterium
1151 1086 1440 1142 Macarius
1455 1095 1712 1151 magnus
1726 1074 1984 1130 intravit.
2003 1071 2165 1126 Brevi

517 1163 715 1253 auutem
733 1199 996 1259 tempore
1007 1168 1863 1253 posteratquadragesima.Ac
1877 1163 2165 1259 Macarius

521 1299 778 1352 magnus
791 1251 971 1350 quum
989 1251 1229 1326 vidisset
1247 1265 1424 1336 258
1441 1251 2167 1328 unumquemquediversa

519 1344 855 1440 suscepisse
873 1359 1106 1419 vivendi
1126 1357 1410 1417 instituta,
1435 1350 1619 1405 alium
1638 1344 1881 1417 quidem
1900 1354 2163 1440 vespere,

518 1429 1044 1530 alium-postduos.
1063 1447 1242 1502 alium
1263 1447 1396 1516 post
1411 1439 1675 1512 quinque
1689 1433 1815 1487 dies
1830 1429 2164 1530 comedere,

518 1551 703 1607 alium
721 1520 900 1602 etiam
923 1547 1075 1595 stare
1094 1551 1198 1609 per
1215 1540 1396 1588 totam
1416 1533 1673 1589 noctem,
1694 1520 1948 1577 interdiu
1966 1521 2166 1572 autem

517 1640 595 1697 ad
621 1654 773 1709 opus
803 1632 1009 1688 sedere
1034 1645 1049 1681 :
1074 1626 1220 1697 ipse,
1249 1635 1437 1693 quum
1460 1631 1661 1671 ramos
1689 1611 1797 1666 sibi
1827 1609 2165 1679 palmarum

2278 443 2372 495 οὐκ
2420 441 2631 506 ἐδέξατο
2672 443 2824 494 αὐτόν
2853 464 2866 475 ο
2892 445 2917 494 ό
2949 439 3007 494 δε
3047 442 3302 500 ηύτόνησε
3333 445 3647 513 παραμείνας
3692 449 3881 499 νῆστις

2278 534 2373 594 ἕως
2435 535 2639 605 ἡμερῶν
2703 534 2743 566 ’³⁷
2815 533 2943 584 ἑπτά
2985 553 2997 565 ·
3039 532 3255 603 ὕστερον
3319 527 3378 583 δὲ
3439 529 3574 601 λέγει
3642 529 3783 599 αὐτῷ
3848 530 3877 580 6

2277 627 2435 693 μέγας
2465 624 2734 694 Μακάριος
2756 642 2767 653 ·
2799 617 2947 683 δέξαι
2976 641 3057 692 με,
3089 619 3243 686 ἀϐϐᾱ,
3277 625 3365 672 καὶ
3398 622 3479 672 ἐὰν
3501 624 3572 691 μή
3601 621 3878 676 νηστεύσω

2276 712 2390 763 κατ’
2436 713 2622 773 αύτούς
2681 713 2729 746 ⁷⁸
2779 717 2867 764 καὶ
2922 710 3245 785 ἐργάζωμαι,
3284 709 3318 762 ἁ
3370 711 3700 782 ἐργάζονται,
3759 713 3878 760 τότε

2275 802 2514 854 κέλευσόν
2577 821 2640 873 με
2706 801 2974 873 ἐκριφῆναι
3029 802 3077 835 79
3136 809 3226 861 τῆς
3290 809 3451 871 μονῆς
3497 816 3511 830 ο
3558 801 3722 851 πείθει
3784 794 3876 850 οὖν

2275 895 2396 953 τούς
2443 888 2692 964 ἀδελφούς
2740 893 2765 942 6
2815 895 2974 962 μέγας
3035 894 3323 962 Παχώμιος
3373 886 3627 952 δέξασθαι
3659 887 3814 940 αὐτόν
3853 903 3867 915 ⁶

2276 981 2388 1032 ἐστὶ
2416 978 2476 1033 δὲ
2509 985 2566 1032 τὸ
2610 984 2859 1052 σύστημα
2897 988 2990 1040 τῆς
3041 988 3202 1050 μονῆς
3241 977 3432 1038 ἐκείνης
3469 979 3638 1049 χίλιοι
3689 997 3880 1049 τετρα-

2275 1075 2449 1122 κόσιοι
2493 1070 2539 1107 ⁸ο
2567 1066 2753 1143 ἄνδρες
2799 1074 2963 1142 μέχρι
3001 1076 3096 1129 τῆς
3128 1073 3369 1142 σήμερον.
3423 1067 3654 1125 εἰσῆλθεν
3706 1063 3793 1117 οὖν
3825 1066 3874 1100 δι

2277 1159 2346 1220 εἰς
2405 1162 2596 1217 ταύτην
2647 1162 2694 1194 ⁸³
2748 1159 2774 1210 6
2838 1162 3000 1229 μέγας
3057 1159 3366 1229 Μακάριος”
3410 1154 3753 1227 παρελθόντος
3816 1150 3880 1206 δὲ

2278 1247 2455 1319 ὀλίγου
2493 1253 2691 1321 χρόνου
2741 1250 2903 1304 ἓπστη
2971 1249 3000 1304 ἡ
3058 1244 3110 1318 μ’
3168 1248 3237 1313 ⁸³,
3291 1249 3382 1297 καὶ
3436 1242 3560 1296 ἰδὼν
3611 1245 3636 1296 6
3699 1247 3864 1314 μέγας

2279 1340 2546 1413 Μακάριος
2599 1339 2645 1372 ³⁴
2699 1338 2914 1390 ἕκαστον
2967 1336 3133 1387 αὐτῶν
3187 1336 3237 1371 ⁸⁵
3288 1332 3566 1408 διαφόρους
3619 1333 3880 1392 πολιτείας

2280 1427 2700 1500 ἀναλαμϐάνοντα
2738 1427 2806 1492 ⁸⁸,
2857 1430 2942 1478 τόν
2971 1426 3012 1460 ⁸⁷
3043 1428 3133 1492 μὲν
3184 1424 3423 1476 ἐσθίοντα
3459 1423 3507 1474 έν
3537 1423 3750 1494 ἑσπέρα,
3791 1425 3878 1473 τόν

2280 1514 2339 1570 δὲ
2371 1514 2463 1569 διὰ
2494 1513 2610 1580 δύο,
2641 1520 2727 1568 τόν
2756 1513 2815 1568 δὲ
2846 1512 2939 1567 διὰ
2968 1519 3132 1578 πέντε,
3168 1513 3316 1565 ἄλλον
3349 1509 3408 1566 δὲ
3433 1513 3584 1564 πάλιν
3611 1513 3656 1546 ⁸⁸
3685 1511 3884 1564 ἐστῶια

2281 1604 2373 1658 διὰ
2411 1608 2583 1665 πάσης
2635 1613 2731 1666 τῆς
2759 1608 2960 1670 νυκτός,
3010 1608 3103 1662 τήν
3153 1600 3212 1654 δὲ
3243 1604 3438 1676 ἡμέραν
3467 1603 3757 1672 καθήμενον
3804 1600 3880 1662 εἰς

520 1689 1202 1784 ὧυίιὲέίωεάθίθοίεὲθῑ,
1243 1689 1301 1765 in
1339 1706 1559 1779 angulo
1595 1719 1712 1758 uno
1748 1700 1920 1764 stetit,
1951 1711 2167 1767 neque,

2286 1698 2445 1768 ἔργον,
2510 1695 2655 1754 οὗτος
2714 1693 2904 1767 βρέξας
2967 1693 3177 1752 θαλλοὺς
3237 1695 3352 1751 τούς
3405 1689 3459 1742 ἐκ
3508 1694 3746 1762 φοινίκων
3809 1689 3880 1749 εἰς

518 1820 710 1872 donec
731 1805 1199 1885 quadragesima
1224 1798 1465 1870 impleta
1487 1799 1640 1851 esset
1665 1798 1720 1846 et
1747 1787 1972 1860 pascha
1993 1786 2066 1840 ad
2078 1801 2170 1838 ve-

518 1907 724 1968 nisset,
750 1882 984 1972 'panem
1033 1907 1228 1964 neque
1266 1902 1490 1959 aquam
1531 1882 1732 1950 tetigit,
1767 1892 1959 1949 neque
2012 1890 2168 1942 genu

519 1966 919 2060 ﬂexit,_neque
944 1984 1114 2047 sedit,
1151 1994 1342 2050 neque
1366 1971 1668 2036 accubuit,
1692 1983 1886 2039 neque
1921 1966 2169 2020 omnino

520 2053 1035 2153 aliud'quidquam
1054 2068 1330 2141 gustavit,
1361 2065 1473 2120 nisi
1497 2061 1682 2116 cruda
1709 2055 1983 2112 crambes
2007 2053 2166 2153 folia,

520 2187 676 2245 quae
699 2143 950 2236 sumpsit
973 2163 1068 2217 die
1085 2158 1408 2218 dominica,
1436 2158 1498 2207 ut
1521 2151 1814 2204 videretur
1834 2143 2167 2199 comedere.

522 2238 716 2330 neque
739 2258 796 2312 in
821 2255 1085 2325 aliquam
1105 2250 1178 2304 de
1195 2263 1254 2301 se
1274 2243 1616 2316 opinionem
1640 2238 1944 2293 incideret.
1960 2239 2165 2304 Atque,

522 2350 568 2404 si
590 2324 837 2419 quando
850 2324 1092 2415 propter
1109 2335 1518 2392 necessitatem
1540 2344 1714 2383 suam
1735 2324 2167 2395 egrediebatur,

524 2439 692 2494 citius
715 2431 1052 2503 regrediens
1076 2427 1229 2481 stetit
1250 2423 1326 2478 ad
1358 2438 1512 2491 opus
1542 2433 1756 2473 manus
1781 2429 1949 2479 suae,
1979 2427 2171 2483 neque

523 2542 589 2583 os
618 2498 874 2595 aperuit,
897 2534 1006 2575 nec
1037 2530 1230 2588 pauca
1252 2512 1482 2566 locutus
1505 2523 1611 2562 nec
1647 2504 1854 2570 multa,
1887 2501 1989 2556 sed
2018 2498 2175 2554 stetit

526 2589 723 2669 silens.
757 2612 957 2681 Neque
985 2621 1229 2678 prorsus
1257 2599 1416 2655 aliud
1436 2596 1792 2669 quidquam,
1824 2592 1933 2646 nisi
1959 2589 2175 2645 oratio-

526 2719 665 2758 nem
687 2701 804 2771 egit
827 2678 884 2754 in
903 2696 1103 2759 corde,
1123 2699 1176 2748 et
1200 2705 1398 2745 ramos
1428 2685 1717 2748 tractavit,
1739 2697 1892 2752 quos
1915 2678 2175 2734 habebat

525 2792 584 2847 in
614 2767 916 2847 manibus.
948 2788 1097 2840 Haec
1119 2785 1319 2837 autem
1347 2791 1558 2832 omnes
1587 2771 1998 2827 exercitatores
2021 2767 2175 2821 illius

529 2878 870 2936 monasterii
889 2889 1078 2949 quum
1101 2869 1406 2930 vidissent,
1428 2865 1872 2920 insurrexerunt
1888 2858 2176 2913 adversus

527 2968 895 3041 praefectum
909 2946 1106 3024 suum,
1121 2964 1298 3030 atque
1317 2978 1327 3008 :
1345 2949 1982 3020 Undenam,inquiunt,
2001 2946 2174 3000 nobis

2279 1783 2475 1846 πλῆθος
2501 1786 2623 1842 ἔστη
2658 1783 2704 1834 έν
2733 1788 2894 1854 γωνίᾳ
2946 1787 3043 1853 μιᾷ
3081 1785 3192 1845 καὶ,
3227 1784 3421 1852 μέχρις
3451 1779 3510 1830 οὗ
3550 1780 3578 1836 ἡ
3636 1777 3688 1849 μ’
3720 1776 3882 1834 ἐπλη-

2279 1875 2421 1947 ρώθη
2475 1878 2563 1924 καὶ
2612 1892 2668 1923 το
2721 1873 2915 1944 πάσχα
2965 1874 3332 1941 παραγέγονεν,
3388 1868 3482 1920 οὐκ
3539 1869 3719 1939 ἄρτου,
3771 1865 3881 1937 οὐχ

2279 1961 2474 2024 ὕδατος
2520 1962 2713 2032 ἣψατό,
2771 1961 2830 2012 ού
2869 1965 2992 2031 γόνυ
3021 1958 3267 2030 ἔκαμψεν,
3313 1957 3406 2008 ούκ
3455 1957 3732 2019 ἑκαθέσθη,
3784 1954 3882 2006 οὐκ

2281 2053 2539 2118 ἀνέπεσεν,
2591 2048 2799 2111 οὐδενός
2851 2050 3008 2101 ἄλλου
3059 2049 3308 2117 ἐγεύσατο
3371 2049 3626 2118 παρεκτὸς
3679 2044 3881 2116 φύλλων

2282 2142 2521 2218 κράμϐης
2549 2143 2721 2214 ὠμῶν,
2752 2142 2818 2191 ὧν
2850 2139 3124 2211 ἐλάμϐανεν
3156 2141 3290 2189 κατὰ
3315 2141 3590 2208 κυριακήν,
3628 2136 3709 2187 ἶνα
3743 2131 3878 2206 δόξῃ

2282 2234 2493 2297 ἐσθίειν,
2546 2237 2634 2283 καὶ
2673 2234 2743 2303 μή
2794 2231 2863 2292 εἰς
2923 2233 3095 2286 οἴησιν
3137 2226 3333 2300 ἐμπέσῃ
3371 2231 3493 2278 ’καὶ
3524 2229 3690 2278 εἶποτε
3741 2223 3884 2297 ἐξῄει

2284 2322 2348 2381 εἰς
2394 2326 2487 2378 τὴν
2535 2325 2721 2392 χρείαν
2766 2319 2947 2385 αὐτοῦ,
2990 2321 3172 2369 θᾶττον
3234 2316 3407 2367 εἰσιὼν
3458 2316 3641 2366 ἵστατο
3700 2315 3772 2375 εἰς
3819 2317 3881 2365 1'6

2283 2409 2583 2482 έργόχειρον
2624 2409 2694 2471 ⁸9,
2722 2412 2793 2480 μή
2841 2405 3058 2476 ἀνοίγων
3113 2424 3300 2475 στόμα,
3340 2409 3410 2476 μή
3443 2403 3670 2463 λαλήσας
3711 2407 3782 2474 μὴ
3828 2404 3883 2444 90

2282 2503 2467 2572 μικρὸν
2501 2503 2570 2570 μή
2619 2499 2662 2532 ⁹¹
2713 2501 2864 2569 μέγα,
2919 2494 3022 2546 ἀλλ’
3066 2494 3230 2554 ἑστὼς
3273 2492 3493 2557 ἐσιώπα,
3534 2489 3699 2564 μηδὲν
3758 2491 3884 2543 ἄλλο

2286 2596 2441 2640 ποιῶν
2493 2589 2743 2659 παρεκτὸς
2808 2593 2902 2644 τῆς
2958 2583 3004 2634 ἐν
3063 2590 3125 2655 τῇ
3181 2579 3378 2656 καρδίᾳ
3425 2589 3732 2656 προσευχῆς
3788 2586 3886 2633 καὶ

2284 2686 2384 2729 τῶν
2433 2675 2626 2728 θαλλῶν
2660 2677 2728 2740 9³,
2780 2672 2845 2725 ὧν
2877 2670 3015 2745 εἶχεν
3059 2674 3108 2723 ἐν
3161 2678 3276 2732 ταῖς
3331 2675 3492 2744 χερσί
3526 2688 3538 2700 ⁸
3576 2672 3887 2741 θεασάμενοι

2287 2762 2346 2818 δὲ
2393 2766 2438 2800 ⁹³
2486 2772 2668 2816 τοῦτον
2725 2764 2908 2823 πάντες
2954 2763 3002 2812 οἱ
3050 2758 3280 2816 ἀσκηταὶ
3339 2767 3434 2818 τῆς
3491 2767 3651 2829 μονῆς
3691 2757 3887 2819 ἐκείνης

2287 2857 2608 2907 ἐστασίασαν
2633 2855 2767 2904 κατὰ
2798 2855 2882 2903 τόν
2932 2853 3213 2922 ἡγούμενον
3245 2851 3292 2884 ⁹⁴
3324 2849 3491 2901 αὐτῶν
3523 2851 3569 2883 9⁵
3600 2849 3830 2915 λέγοντες
3864 2864 3876 2876 ·

2287 2947 2439 2997 πόθεν
2505 2946 2630 3016 ἡμῖν
2696 2945 2886 3012 ἤγαγες
2931 2947 3115 2992 τοῦτον
3183 2943 3265 2991 τόν
3328 2940 3558 3013 οἶσαρκον
3613 2939 3887 3011 ἄνθρωπον

532 3026 830 3116 adduxisti
862 3055 1022 3110 hunc
1061 3049 1364 3106 hominem
1394 3050 1680 3114 tanquam
1717 3039 1840 3092 sine
1872 3051 2050 3090 carne
2081 3035 2172 3089 de-

2289 3036 2358 3096 εἰς
2402 3036 2653 3106 ἡμετέραν
2700 3032 3050 3104 κατάκρισινς
3087 3029 3114 3086 ἡ
3167 3027 3373 3080 ἔκϐαλλε
3424 3035 3602 3079 τοῦτον
3634 3026 3885 3092 ἐντεῦθεν,

531 3151 769 3218 gentem
784 3143 859 3199 ad
873 3146 1138 3198 nostram
1152 3131 1715 3192 condemnationem
1732 3127 2026 3182 ctAuteum
2042 3124 2181 3178 hinc

534 3215 698 3307 ejice,
732 3239 834 3289 aut
861 3232 1011 3286 bene
1030 3229 1195 3290 scito,
1219 3239 1329 3279 nos
1355 3236 1564 3277 omnes
1577 3218 1716 3273 hinc
1741 3215 1917 3271 hodie
1949 3229 2073 3267 esse
2096 3228 2181 3266 re-

536 3301 1002 3385 cessuros.Quae
1015 3331 1202 3386 quum
1221 3309 1572 3366 Pachomius
1587 3319 1887 3374 magnusa
1903 3301 2181 3356 fratribus

538 3411 846 3472 audiisset,
882 3407 1214 3462 sciscitatus
1241 3406 1331 3455 est
1353 3400 1426 3453 de
1449 3414 1538 3451 eo.
1575 3398 1846 3465 thuum
1874 3391 2181 3446 didicisset

534 3501 664 3571 ejus
705 3499 855 3552 vitae
903 3493 1192 3556 instituta,
1237 3491 1418 3543 Deum
1465 3484 1675 3551 oravit,
1709 3488 1789 3544 ut,
1839 3480 1974 3551 quis
2003 3484 2178 3542 esset,

535 3589 645 3644 sibi
667 3585 1044 3642 revelaretur.
1063 3578 1402 3635 Revelatum
1431 3579 1516 3628 est
1543 3571 1949 3641 ei,lltacarium
1977 3584 2182 3623 mona-

535 3677 717 3734 chum
743 3688 893 3730 esse.
913 3672 1059 3725 Tum
1086 3666 1368 3723 dominus
1400 3659 1758 3716 Pachomius
1782 3659 1909 3728 ejus
1932 3673 2178 3711 manum

535 3763 847 3839 prehendit
866 3773 1125 3830 eumque
1147 3756 1304 3810 foras
1325 3750 1566 3814 eduxit;
1592 3755 1770 3819 atque
1786 3763 1974 3820 quum
2000 3746 2055 3800 in
2081 3746 2180 3800 do-

539 3838 707 3913 mum
737 3850 998 3914 oratorii,
1032 3847 1130 3902 ubi
1158 3851 1248 3900 est
1272 3844 1474 3911 altare,
1503 3855 1641 3894 eum
1668 3838 2028 3907 deduxisset,
2059 3853 2183 3892 am-

538 3944 868 4018 plexusque
899 3942 1058 3994 esset
1092 3957 1104 3992 :
1132 3937 1314 3997 Tune,
1345 3931 1442 3995 ait,
1477 3945 1561 3994 es,
1595 3925 1930 3983 venerande
1959 3942 2136 3980 senex
2166 3925 2178 3980 !

535 4016 617 4091 'i‘u
631 4050 694 4087 es
709 4026 1206 4096 Macarius,idque
1228 4021 1446 4082 celasti,
1471 4033 1575 4073 nec
1590 4018 1732 4072 mihi
1758 4016 2176 4070 manifestasti!

536 4125 614 4177 Ex
641 4120 843 4175 multis
873 4115 1048 4172 annis
1072 4111 1231 4183 cupii
1261 4116 1314 4165 te
1345 4109 1564 4172 videre,
1593 4122 1781 4178 quum
1831 4105 1904 4158 de
1937 4110 1988 4159 te
2019 4103 2184 4158 audi-

534 4225 684 4265 rem.
705 4207 901 4262 Habeo
924 4203 1024 4259 tibi
1044 4200 1286 4270 gratias,
1304 4197 1468 4267 quod
1492 4196 1796 4262 subegeris
1821 4193 1971 4247 ﬁlios
1999 4209 2179 4256 meos,

538 4314 612 4354 ne
643 4295 758 4351 alte
791 4293 1048 4348 sentiant
1075 4289 1148 4342 de
1179 4285 1595 4341 exercitatione
1626 4298 1760 4335 sua.
1802 4283 1965 4348 Rogo
1997 4287 2070 4343 te,
2100 4296 2184 4333 re-

539 4387 684 4441 cede
728 4385 785 4438 in
817 4381 1014 4436 locum
1049 4383 1214 4430 tuum
1250 4391 1262 4438 ;
1313 4388 1423 4428 nos
1455 4372 1612 4426 enim
1649 4371 1786 4424 satis
1830 4368 2156 4423 aediﬁcasti

536 4481 714 4546 atque
743 4487 848 4527 ora
881 4484 987 4540 pro
1019 4466 1212 4521 nobis.
1246 4461 1463 4518 Deinde
1489 4460 1566 4515 ab
1593 4475 1661 4514 eo
1689 4463 1949 4526 rogatus,
1988 4463 2184 4528 peten-

538 4566 694 4622 tibus
724 4574 966 4634 quoque
997 4552 1278 4613 omnibus
1309 4549 1610 4612 fratribus,
1637 4547 1898 4603 recessit.

612 4764 663 4834 2
677 4761 788 4834 59
811 4761 1034 4814 Rursus
1051 4752 1197 4809 alias
1215 4750 1314 4806 hic
1337 4747 1422 4802 vir
1437 4745 1783 4818 impatibilis
1799 4744 1973 4800 nobis
1991 4761 2191 4802 narra-

542 4852 865 4914 vit.0mne,
881 4845 1092 4918 inquit,
1108 4842 1258 4897 vitae
1271 4837 1656 4894 monachicae
1670 4835 2192 4907 institutum,quod

2167 4410 2180 4433 ’
2220 4414 2262 4466 D

2290 3125 2317 3182 ἡ
2374 3126 2487 3176 ἰσθι
2538 3124 2608 3189 9⁵,
2666 3122 2746 3172 ὅτι
2793 3123 2943 3190 ἡμεῖς
2995 3118 3207 3177 ἅπαντες
3256 3119 3303 3152 ⁸⁷
3354 3115 3726 3188 ἀναχωροῦμέν
3787 3134 3886 3167 σου

2291 3219 2512 3287 σήμερον
2551 3226 2563 3238 ·
2605 3211 2834 3270 ἀκούσας
2912 3205 2969 3260 δὲ
3042 3215 3207 3259 ταῦτα
3265 3208 3289 3258 ό
3357 3210 3520 3276 μέγας
3595 3210 3889 3276 Παχώμιος

2287 3305 2428 3375 παρὰ
2501 3308 2600 3353 τῶν
2677 3295 2907 3370 ἀδελφῶν
2984 3298 3224 3368 ἠρώτησε
3275 3298 3340 3348 τὰ
3396 3295 3508 3347 κατ’
3563 3295 3737 3359 αὐτόν,
3794 3300 3888 3347 καὶ

2287 3393 2463 3462 μαθὼν
2503 3391 2568 3441 τὰ
2615 3394 2730 3460 περὶ
2778 3395 2868 3446 τῆς
2920 3387 3080 3438 αὐτοῦ
3135 3385 3395 3446 πολιτείας
3438 3383 3771 3458 προσηύξατο
3811 3392 3889 3454 τῷ

2289 3488 2424 3550 Θεῷ,
2482 3480 2562 3530 ἵνα
2607 3478 2747 3544 αύτῷ
2805 3475 3114 3548 ἀπόκαλύψη
3171 3480 3229 3527 τό
3288 3476 3334 3509 ³³
3381 3479 3453 3535 τίς
3510 3477 3650 3526 ἐστιν
3702 3473 3878 3533 οὗτος.

2290 3568 2622 3640 ἀπεκαλύφθη
2689 3564 2746 3618 δὲ
2807 3569 2965 3636 αὖτῷ,
3017 3567 3096 3617 ὃτι
3151 3565 3293 3625 οὗτός
3360 3563 3471 3615 ἐστι
3527 3565 3800 3634 Μακάριος
3862 3565 3888 3614 ό

2289 3665 2524 3731 μοναχός
2548 3675 2561 3686 '
2603 3657 2708 3708 τότ’
2742 3657 2942 3729 ἐκράτει
2976 3658 3022 3690 ⁸9
3056 3655 3210 3706 αὐτόν
3241 3658 3334 3712 τὴν
3362 3660 3519 3725 χεῖρα
3548 3655 3564 3689 ί
3599 3655 3624 3704 ό
3654 3656 3836 3723 κύριος
3869 3658 3889 3688 ³

2293 3754 2580 3820 Παχώμιος
2637 3751 2726 3798 καὶ
2779 3745 2947 3816 ἐξάγει
3001 3746 3023 3778 ⁸
3081 3746 3235 3794 αύτόν
3291 3743 3404 3807 ἔξω,
3446 3747 3534 3794 καὶ
3589 3742 3889 3812 εἰσαγαγὼν

2291 3838 2445 3890 αὐτόν
2501 3837 2567 3898 εἰς
2595 3840 2650 3888 τό
2694 3836 2962 3909 εύκτήριον
3016 3837 3182 3898 οἴκου,
3217 3832 3264 3884 ἐν
3316 3834 3354 3902 ᾧ
3403 3835 3461 3884 τό
3504 3834 3890 3903 θυσιαστήριον

2291 3924 2352 3985 ἡν
2409 3929 2451 3992 ⁴,
2504 3931 2593 3978 καὶ
2650 3925 3013 3996 ἀσπασάμενος
3066 3921 3221 3974 αύτόν
3277 3921 3411 3991 λέγει
3465 3921 3647 3990 αὐτῷ’
3704 3915 3886 3990 δεῦρο,

2290 4017 2546 4090 καλόγηρε
2576 4032 2592 4047 ⁶
2624 4019 2687 4067 σὺ
2737 4011 2783 4065 εἰ
2810 4015 3076 4087 Μακάριος
3129 4016 3219 4063 καὶ
3267 4009 3573 4083 ἀπέκρυψας
3603 4011 3623 4043 ⁵
3654 4013 3743 4060 καὶ
3790 4009 3891 4060 ούκ

2291 4108 2613 4180 ἑφανέρωσάς
2688 4123 2776 4175 μοι
2817 4117 2831 4132 ·
2865 4101 2919 4153 ἐκ
2995 4100 3192 4153 πολλῶν
3268 4099 3390 4151 ἐτῶν
3466 4101 3750 4170 ἐπεθύμουν
3831 4117 3892 4150 σε

2295 4192 2443 4258 ἰδεῖν,
2475 4193 2673 4244 ἀκούων
2710 4195 2774 4242 τὰ
2825 4197 2940 4265 περὶ
2975 4198 3091 4246 σοῦ.
3140 4192 3302 4263 χάριν
3337 4209 3420 4241 σοι
3461 4191 3588 4260 ἔχω,
3623 4189 3702 4239 ὅτι
3743 4185 3890 4239 ἑκον-

2293 4279 2513 4343 δύλισας
2567 4284 2631 4332 τὰ
2674 4277 2867 4332 παιδία
2905 4299 3025 4351 μου,
3077 4281 3158 4329 ἵνα
3204 4283 3275 4350 μὴ
3309 4283 3443 4349 μέγα
3496 4285 3750 4350 φρονῶσιν
3801 4276 3891 4328 ἐπὶ

2293 4378 2353 4443 τῇ
2411 4370 2600 4422 ἑαυτῶν
2642 4369 2866 4426 ἀσκήσει
2909 4372 2928 4402 ⁶
2955 4385 2972 4402 ο
2999 4368 3283 4441 παρακαλῶ
3313 4387 3386 4431 σε,
3431 4366 3617 4418 ἄπελθε
3673 4365 3743 4426 εἰς
3801 4369 3893 4417 τὸν

2293 4465 2449 4511 τόπον
2511 4479 2604 4511 σου
2648 4477 2659 4488 '
2712 4459 2981 4531 αὐτάρκως
3022 4460 3122 4529 γὰρ
3183 4453 3536 4528 ᾠκοδόμησας
3587 4457 3746 4526 ἡμᾶς,
3803 4460 3900 4506 καὶ

2297 4552 2458 4620 εὔχου
2491 4550 2616 4622 ὑπὲρ
2655 4549 2800 4620 ἡμῶν
2830 4567 2842 4579 ·
2882 4552 2997 4599 τότε
3037 4545 3272 4608 ἀξιωθεὶς
3302 4547 3320 4578 ⁷
3356 4544 3440 4597 ὑπ’
3487 4545 3647 4596 αὑτοῦ
3688 4541 3905 4602 δεήθέν-

2296 4656 2395 4688 των
2422 4637 2590 4690 αὐτῶν
2617 4640 2820 4688 πάντων
2842 4645 2940 4688 τῶν
2973 4633 3202 4706 ἀδελφῶν
3232 4632 3584 4706 ἀνεχώρησεν.

2371 4743 2584 4798 ’Ἀλλοτε
2614 4744 2764 4796 πάλιν
2796 4745 2836 4778 ⁷·
2881 4740 3182 4813 διηγήσατο
3213 4741 3234 4774 ⁸
3265 4741 3388 4811 ἡμῖν
3439 4740 3584 4800 οὗτος
3615 4740 3639 4790 ό
3671 4737 3906 4800 ἀπαθής.

2303 4836 2382 4886 ὅτι
2445 4840 2618 4886 πᾶσαν
2666 4834 2927 4886 πολιτείαν
2991 4832 3276 4889 ἁσκητικὴν
3327 4828 3387 4887 ἡν
3449 4831 3752 4901 ἐπεθύμησα
3813 4834 3914 4882 καὶ

1868 5016 2120 5071 VARIAE
2179 5015 2575 5072 LECTIONES.

634 5205 880 5263 173g“;
933 5201 1195 5270 ἡμέρας.
1273 5192 1491 5270 κέατ’
1544 5192 1774 5252 αύτούς
1830 5191 2256 5270 οωηΒηιτξὶΒ
2284 5189 2639 5270 ἐκριφῆναι
2687 5203 2800 5270 με.,
2858 5187 2900 5221 ⁸ο
2931 5183 3219 5270 Βῇχςλιοι
3261 5187 3708 5270 πενξνακόσιοι.
3791 5181 3836 5220 ⁸1
3871 5190 3922 5240 Α

759 5276 804 5310 θ’
833 5275 873 5328 Β
917 5267 1003 5332 εἰς
1033 5267 1250 5325 α’ύτήν.
1329 5267 1376 5301 ³³
1404 5267 1443 5320 Β
1473 5268 2011 5335 τεσσαρακοστή,

571 5277 672 5332 δέ.

2091 5264 2136 5297 ⁸⁸
2165 5261 2276 5315 Pro
2309 5263 2333 5312 ὁ

2368 5255 2571 5333 μέγας
2618 5255 2839 5331 Μακάρ
2862 5255 3036 5333 ιος-Βί
3058 5258 3432 5333 ῥ-’χέρωνηθξ
3454 5255 3819 5333 αύτ-ῶνῂοω.
3850 5261 3926 5333 ﬁt.

570 5327 689 5404 ίσ-ίό
721 5327 1136 5399 ἀναλαϐόντα
1207 5340 1250 5372 ⁸⁷
1287 5342 1322 5392 Β
1362 5342 1481 5388 καὶ
1535 5341 1641 5390 τὸν.
1697 5327 1749 5368 ’⁸⁸
1781 5337 1867 5389 ΑΒ
1893 5332 2142 5387 πάλλιν.
2200 5335 2244 5368 ⁸9
2281 5327 2506 5388 ΞΠΞΑΒ.
2577 5333 2624 5366 ⁹⁰
2653 5334 2753 5404 Δμὴ
2787 5327 2913 5404 dm.
3053 5331 3097 5364 ⁹¹
3123 5327 3263 5404 Bri}.
3325 5331 3370 5364 ⁹¹
3402 5329 3451 5404 ΒΔ
3488 5327 3643 5404 θαλλ
3670 5331 3810 5404 ίων.
3869 5330 3927 5363 9³

571 5419 639 5473 δὴ
695 5435 816 5474 om,
851 5423 914 5472 Α,
950 5413 1368 5467 “Bac-rarae
1422 5411 1808 5479 ἡγουμένου.
1867 5409 1913 5441 9⁵
1964 5406 2167 5457 αὐτῶν
2194 5405 2404 5458 om.B.

837 5471 884 5523 δε
922 5491 981 5540 τό
1013 5502 1132 5541 om.
1184 5485 1240 5536 Β.
1306 5471 1993 5550 ⁹⁹Βτότε’κρατ-ήσας.
2061 5478 2154 5550 fB
2202 5479 2674 5550 τῇςχειρος..²
2736 5473 2831 5526 B6
2884 5471 3319 5550 μακάριος-’ξ
3368 5473 3404 5525 Β
3460 5476 3551 5523 καὶ
3603 5471 3931 5550 ἐξήκγαγεν

1311 5554 1331 5588 ⁵
1364 5542 1750 5623 EmendqjiB
1780 5543 2082 5623 ἆποκρύψ
2104 5567 2191 5607 ας.
2252 5542 2896 5623 ⁶-β”έτξὶ’τῇ“‹ξισκήσει
2946 5542 3172 5623 αὐτῶν.
3228 5544 3245 5577 ⁷
3285 5545 3364 5598 Ex
3389 5547 3568 5609 coni.,
3600 5551 3644 5598 A
3674 5542 3931 5605 ἑξιωθείς.

1296 5625 1547 5684 Βούτως
1603 5619 1708 5675 οὖν
1742 5614 2218 5695 παρακληθείς.
2282 5617 2322 5651 ⁷¹
2366 5618 2458 5672 AB
2487 5614 2736 5672 πάλλιν.
2796 5617 2816 5651 ⁸
2868 5614 3275 5690 Αὸιηγιῐτο.

570 5495 600 5550 ἡ
618 5499 720 5564 μῗεῖ
738 5513 777 5553 ς.

572 5556 714 5615 ι’ἐν
762 5562 891 5630 ᾧ-
930 5556 991 5618 ἦν
1022 5573 1148 5613 om.
1191 5556 1250 5608 Β.

569 5650 680 5713 pro
728 5629 882 5686 τότε
939 5629 1244 5693 ἀξιωθείς

2488 5404 2608 5455 ⁹⁶Α
2641 5396 2675 5458 ἡ
2723 5402 2821 5452 ἶνα
2866 5396 3115 5453 εἰδέναι
3173 5401 3348 5473 ἔχῃς.
3408 5398 3521 5453 ⁹⁷Α
3556 5402 3636 5452 ὅτι
3683 5401 3932 5460 πάντες
