4078 6194
232 287 324 343 193

1917 287 1997 342 TA
2008 331 2020 343 .
3049 337 3055 343 ο
3491 307 3594 364 194

215 417 473 486 ερθώσας,
527 416 645 464 τότε
688 414 708 446 ³
765 411 834 473 εἰς
893 410 1049 468 ἄλλην
1131 412 1410 481 ἐπιθυμίαν
1467 415 1803 482 πνευματικὴι

1936 416 2312 488 expetebam,
2328 427 2604 493 expertus
2627 424 2702 480 ad
2725 425 2884 481 aliud
2904 429 3149 486 tandem
3173 431 3477 502 spirituale
3490 435 3590 489 de-

217 499 371 560 ξλθον
425 504 490 566 ί),
551 506 641 552 καὶ
698 501 950 569 ἠθέλησα,
1013 504 1160 572 φησί,
1242 502 1392 550 πέντε
1453 500 1650 571 ἡμέρας
1737 503 1824 552 τὸν

213 600 332 643 νοῦν
372 593 418 627 ¹¹
450 610 555 662 μου
589 589 691 642 ἀπὸ
720 599 814 642 τοῦ
849 596 984 643 Θεοῦ
1035 587 1426 663 ἀπερίσπαστον
1462 597 1707 655 ποιῆσαι,
1735 596 1824 642 καὶ

212 678 383 754 μηδὲν
415 681 546 742 ὅλως
575 680 699 732 ἄλλο
744 699 796 731 τι
838 681 884 715 ¹²
917 680 1156 738 ἐννοῆσαι
1204 678 1274 744 ¹³,
1308 676 1415 729 ἀλλ’
1466 676 1640 750 ἐκείνῳ
1687 684 1825 752 μόνῳ

210 777 618 844 προσανασχιίν
675 770 744 818 ¹⁴.
811 774 902 821 καὶ
960 775 1110 820 τοῦτο
1181 772 1357 839 κρίνας
1415 765 1463 818 έν
1520 765 1724 838 ἐμαυτῷ
1777 770 1822 804 1‘

212 858 504 911 ἆπέκλεισά
550 877 652 929 μου
697 863 792 914 τήν
823 857 1004 909 κέλλαν
1049 861 1136 908 καὶ
1170 855 1353 916 ἔξωθεν
1400 859 1488 912 τὴν
1545 855 1707 912 αύλὴν
1754 857 1822 920 ¹⁶,

211 951 348 1000 ὥστε
402 952 475 1019 μὴ
529 943 714 998 δοῦναι
775 945 1025 1020 ἀνθρώπῳ
1079 944 1277 996 έλθόντι
1358 942 1658 1016 ἀπόκρισιν.
1736 949 1825 997 καὶ

210 1038 368 1094 ἔστην
416 1034 699 1110 ἀρξάμενος
744 1034 846 1087 ἀπὸ
896 1043 987 1096 τῆς
1032 1031 1301 1108 δευτέρας,
1337 1033 1692 1105 παραγγείλας
1722 1055 1822 1106 μου

210 1134 283 1195 τῷ
311 1133 387 1195 νῷ
443 1129 535 1176 καὶ
584 1123 742 1176 εἰπὼν
774 1123 916 1195 αύτῷ
967 1142 979 1154 ·
1021 1121 1177 1194 βλέπε
1211 1125 1282 1193 μὴ
1322 1121 1576 1194 κατέλθῃς
1622 1121 1676 1174 έκ
1725 1131 1824 1175 τῶν

207 1214 446 1286 οὐρανῶν
479 1234 494 1246 ο
541 1216 684 1284 ἔχεις
715 1211 820 1265 ἐκεῖ
865 1210 1131 1283 ἀγγελους,
1164 1217 1254 1262 καὶ
1309 1210 1690 1283 ἀρχαγγέλους,
1736 1213 1824 1272 τὰς

209 1305 315 1354 ἄνω
375 1299 651 1374 δυνάμεις,
708 1304 773 1354 τὰ
819 1299 1082 1376 χερουϐἱμ
1120 1306 1210 1352 atati
1257 1301 1324 1351 τὰ
1352 1300 1394 1334 ¹⁷
1450 1305 1695 1372 σεραφίμ,
1737 1303 1823 1352 τὸν

209 1394 341 1444 Θεὸν
377 1401 480 1443 τῶν
530 1391 770 1444 ἁπάντων
822 1393 868 1426 ¹⁸
914 1393 1106 1442 τούτων
1155 1393 1381 1447 ποιητήν
1414 1405 1426 1418 ’
1475 1391 1576 1441 ἐκεῖ
1623 1387 1824 1462 διάτρι-

205 1479 305 1551 «jam
335 1500 348 1511 ·
397 1485 474 1552 μὴ
527 1481 782 1553 κατέλθης
820 1481 1067 1532 ύποκάτω
1105 1485 1196 1530 τοῦ
1245 1477 1465 1550 οὐρανοῦ
1499 1494 1512 1507 ³
1545 1482 1616 1550 μὴ
1673 1476 1822 1550 ἐμπέ-

209 1583 310 1641 σῇς
366 1571 414 1604 ¹⁹
468 1569 536 1630 εἰς
577 1570 869 1642 λογισμούς
925 1568 1198 1640 ψυχικούς
1231 1584 1242 1596 ’
1299 1572 1388 1618 καὶ
1423 1563 1704 1641 διαρκέσας
1755 1569 1818 1635 ³ο,

1936 503 2220 562 siderium
2251 511 2403 564 veni.
2439 512 2621 567 Statui
2652 514 2811 569 enim
2841 516 2916 570 ad
2944 517 3062 573 tale
3083 535 3335 590 operum
3362 523 3594 580 deside-

1936 593 2086 647 rium
2119 599 2420 654 accedere.
2461 601 2650 665 Volui,
2685 602 2894 673 inquit,
2937 607 3202 680 quinque
3231 610 3358 664 dies
3398 612 3587 668 solam

1939 687 2194 738 mentem
2237 701 2432 741 meam
2464 688 2712 743 reddere
2745 707 2778 745 a
2811 694 2928 748 Deo
2960 695 3354 764 individuam,
3392 715 3584 772 neque

1935 769 2096 824 aliud
2136 772 2472 844 quidquam
2513 779 2762 832 omnino
2793 781 3078 850 cogitare,
3122 785 3224 839 sed
3257 787 3304 841 ei
3340 787 3450 842 soli
3482 769 3585 844 ad-

1934 859 2196 914 haerere.
2227 863 2396 926 Quod
2427 881 2614 935 quum
2649 868 2811 936 apud
2847 885 2940 924 me
2981 874 3340 936 statuissem.
3375 875 3586 933 cellam

1935 962 2131 1003 meam
2160 954 2342 1020 atque
2369 953 2730 1008 extrinsecus
2756 957 2959 1012 aulam
2987 959 3194 1028 clausi,
3231 969 3291 1017 ut
3320 963 3462 1019 nulli
3483 965 3591 1021 ad-

1933 1038 2190 1092 venienti
2216 1055 2576 1110 responsum
2600 1043 2831 1100 darem.
2859 1049 2938 1101 Ac
2968 1049 3099 1103 steti
3126 1050 3414 1122 incipiens
3436 1070 3472 1109 a
3497 1070 3588 1109 se-

1935 1126 2153 1191 cunda,
2187 1129 2362 1182 menti
2393 1146 2561 1186 meae
2588 1134 2959 1204 praecipiens
2986 1139 3264 1193 etdicens
3297 1156 3310 1194 :
3341 1142 3482 1196 Vide
3512 1159 3584 1200 ne

1935 1214 2262 1270 descendas
2292 1233 2323 1271 e
2356 1219 2535 1274 coelis
2570 1237 2584 1285 ;
2627 1220 2706 1276 ibi
2741 1223 2988 1291 angelos
3022 1226 3209 1281 habes
3249 1234 3304 1282 et
3336 1229 3587 1286 archan-

1934 1301 2120 1373 gelos,
2145 1321 2436 1376 supernas
2455 1313 2799 1378 potestates,
2826 1311 3130 1369 cherubim
3162 1331 3232 1370 ac
3258 1317 3583 1388 seraphim,

1935 1391 2117 1447 Deum
2147 1393 2359 1448 horum
2392 1397 2662 1451 omnium
2688 1397 3049 1458 etfectorem.
3079 1403 3195 1458 illic
3218 1421 3468 1461 versare.
3503 1409 3583 1462 Ne

1934 1482 2046 1536 sub
2063 1481 2294 1537 coelum
2319 1484 2672 1552 descendas;
2697 1504 2768 1541 ne
2790 1489 3019 1544 incidas
3042 1491 3099 1545 in
3125 1495 3468 1551 mundanas
3488 1511 3584 1551 co-

1931 1568 2271 1638 gitationes.
2328 1573 2440 1640 Sic,
2492 1573 2702 1644 inquit,
2744 1592 2932 1647 quum
2974 1580 3214 1635 duobus
3253 1581 3465 1637 diebus
3512 1599 3582 1638 ac

206 1664 363 1729 φησὶ,
422 1655 523 1711 δύο
570 1661 770 1731 ἡμέρας
821 1663 912 1710 καὶ
964 1661 1149 1717 νύκτας
1200 1656 1359 1717 οὕτως
1409 1655 1689 1728 παρώξυνα
1734 1659 1803 1708 rbi

1930 1657 2167 1712 duabus
2188 1660 2460 1714 noctibus
2476 1678 2968 1735 perseverassem,
2990 1668 3069 1722 ita
3082 1669 3440 1726 daemonem
3459 1673 3581 1727 irri-

205 1743 462 1816 δαίμονα,
505 1751 573 1798 ὡν
605 1748 769 1820 φλογα
798 1751 964 1820 πυρὸς
1011 1747 1252 1817 γενέσθαι
1299 1752 1475 1797 τοῦτον
1524 1751 1613 1797 καὶ
1661 1764 1803 1797 κατα

1933 1747 2070 1813 tavi,
2091 1753 2151 1801 ut
2171 1747 2420 1803 ﬂamma
2439 1751 2592 1818 ignis
2608 1752 2793 1819 ﬁeret,
2821 1756 3083 1827 mihique
3098 1760 3321 1824 omnia,
3347 1776 3501 1830 quae
3521 1763 3580 1816 in

202 1842 408 1888 καῦσαί
455 1855 558 1907 μου
607 1837 770 1888 πάντα
814 1838 859 1871 ²¹
895 1838 958 1887 τα
999 1837 1049 1887 έν
1093 1842 1165 1904 τῷ
1196 1833 1395 1904 κελλίῳ,
1431 1834 1495 1893 ὡς
1541 1835 1587 1868 ⁸³
1617 1838 1707 1885 καὶ
1732 1836 1803 1884 τόι

1929 1833 2146 1889 cellula
2176 1845 2362 1901 erant,
2395 1839 2788 1906 combureret,
2830 1842 2913 1896 ita
2960 1852 3018 1898 ut
3049 1846 3226 1900 etiam
3271 1853 3488 1911 storea,
3523 1848 3582 1903 in

1135 1891 1144 1904 ι
1347 1891 1392 1904 μ
1481 1891 1491 1893 ν
2348 1891 2361 1901 ,
2443 1891 2788 1906 ,_,-
2831 1891 2913 1896 --η
2962 1891 3018 1898 _-
3051 1891 3226 1900 πη.
3271 1891 3488 1911 -.-..,..,
3523 1891 3574 1903 ...

455 1891 581 1996 ⁸ἐφ’
663 1926 715 1976 ὃν
772 1923 1048 1987 εἱστήκειν,
1132 1921 1558 1993 καταφλεχθῆναι
1608 1921 1676 1986 ³³,
1727 1927 1816 1973 καὶ
1927 1925 3574 2006 quastabam,concremaretur,etsicmequoquetotum

1926 2013 2094 2067 aduri
2117 2015 2541 2071 existimarem.
2569 2020 2938 2075 Postremum
2957 2022 3167 2076 timore
3189 2022 3439 2079 affectus
3464 2030 3579 2080 ter-

1924 2100 2006 2154 tio
2037 2101 2130 2156 die
2162 2103 2361 2158 destiti
2394 2105 2471 2158 ab
2502 2107 2615 2160 hoc
2648 2109 2959 2179 proposito
2993 2126 3124 2165 meo
3152 2118 3352 2182 atque,
3381 2129 3572 2185 quum

1924 2195 2186 2246 mentem
2208 2207 2402 2247 meam
2423 2194 3057 2264 ampliusindivulsam
3082 2204 3278 2256 tenere
3299 2216 3414 2256 non
3435 2218 3575 2273 pos-

1924 2294 2071 2344 sem,
2121 2279 2298 2351 260
2345 2279 2625 2337 descendi
2670 2283 2729 2338 in
2779 2285 3346 2357 contemplationem
3393 2290 3576 2361 hujus

1925 2368 2153 2435 mundi,
2187 2385 2260 2424 ne
2292 2369 2351 2424 id
2385 2369 2528 2426 mihi
2550 2377 2925 2442 reputaretur
2947 2375 3010 2430 in
3041 2375 3406 2448 superbiam.

197 1922 419 1992 ψίαθον,
504 1924 581 1996 ἐφ’
663 1926 715 1976 ὃν
772 1923 1048 1987 εἱστήκειν,
1132 1921 1558 1993 καταφλεχθῆναι
1608 1921 1676 1986 ³³,
1727 1927 1816 1973 καὶ

198 2012 341 2064 οὕτω
386 2013 435 2047 ³⁸
493 2017 710 2084 νομίσαι
765 2031 849 2084 με,
905 2013 984 2064 ὅτι
1055 2009 1197 2082 κᾶγὼ
1266 2009 1394 2070 ὅλως
1448 2008 1804 2082 έμπίπραμαι,

198 2101 363 2166 τέλος,
423 2101 647 2173 πληγεὶς
690 2105 790 2173 ἑγὼ
847 2109 918 2172 τῷ
971 2099 1129 2172 φόϐῳ,
1187 2098 1415 2155 ἀπέστην
1459 2106 1553 2159 τῆς
1603 2099 1649 2133 ³⁵
1691 2118 1815 2171 προ-

201 2193 394 2254 Θέσεως
427 2195 622 2252 ταύτης
653 2198 714 2259 τῇ
774 2195 922 2265 τρίτη
971 2191 1159 2262 ἡμέρᾳ,
1193 2193 1381 2261 μηκέτι
1414 2185 1658 2247 δυνηθεὶς
1705 2188 1812 2240 λοι-

198 2284 293 2332 πον
330 2279 732 2353 ἀπερίσπαστον
791 2299 892 2352 μου
942 2286 1166 2337 ποιῆσαι
1212 2281 1299 2329 τὸν
1328 2284 1447 2329 νοῦν
1492 2277 1560 2342 ³⁸,
1612 2275 1737 2328 ἀλλὰ
1765 2278 1808 2313 ³⁸³

194 2369 458 2427 κατῆλθον
525 2368 600 2430 εἰς
654 2370 873 2442 θεωρίαν
931 2375 1021 2419 τοῦ
1070 2369 1272 2438 κόσμου
1331 2367 1542 2432 τούτου,
1599 2366 1680 2416 ἵνα
1735 2370 1808 2438 μὴ

195 2457 423 2530 λογισθῇ
451 2477 544 2530 μοι
575 2463 724 2510 τοῦτο
750 2457 816 2516 εἰς
844 2464 999 2529 τῦφον
1031 2456 1102 2510 ³⁸.

271 2547 595 2621 Παραϐαλὼν
619 2567 744 2601 ποτε
786 2549 833 2583 ³⁸
863 2555 932 2607 τῷ
977 2546 1110 2618 ἁγίῳ
1161 2547 1207 2580 ³ο
1249 2544 1392 2618 εὗρον
1433 2543 1528 2606 ἔξω
1575 2553 1671 2605 τῆς
1697 2545 1806 2596 κέλ·

193 2637 287 2700 λης
333 2637 500 2689 αὐτοῦ
544 2636 892 2711 πρεσϐύτερον
922 2641 1101 2708 κώμης
1147 2637 1281 2694 τινὸς
1335 2638 1718 2706 κατακείμενον,
1749 2635 1808 2686 οὗ

194 2729 222 2784 ἡ
277 2727 475 2799 κεφαλὴ
519 2725 793 2800 έϐέϐρωτο,
849 2728 914 2786 ὡς
966 2730 1056 2776 καὶ
1105 2723 1233 2776 αύτό
1273 2725 1329 2774 τὸ
1379 2724 1566 2774 ὀστοῦν
1613 2721 1712 2774 ἀπὸ
1759 2725 1802 2758 ³¹

194 2825 282 2876 τῆς
326 2825 558 2889 κορυφῆς
606 2816 875 2888 φαίνεσθαι
944 2814 1081 2866 ἅπαν
1135 2814 1235 2864 ὑπὸ
1279 2813 1481 2871 πάθους
1527 2819 1615 2862 τοῦ
1664 2810 1805 2882 λεγο-

191 2910 346 2976 μένου
373 2909 648 2977 καρκίνον,
679 2909 769 2955 καὶ
799 2911 980 2955 τοῦτον
1020 2897 1143 2953 οὔδε
1173 2899 1221 2950 έν
1256 2905 1516 2971 συντυχίᾳ
1541 2898 1753 2971 ἐδέχετο
1786 2920 1798 2933 ο

193 2993 562 3066 παρακαλέσας
617 2995 664 3028 ³³
715 2997 886 3044 τοίνυν
934 2991 1090 3042 αὐτὸν
1142 2989 1274 3060 λέγω
1326 2989 1392 3042 ³³.
1443 2992 1800 3059 κατοικτείρη-

195 3101 303 3145 σον,
360 3080 555 3154 δέομαί
599 3100 717 3147 σου,
765 3088 945 3133 τοῦτον
994 3083 1077 3131 τὸν
1126 3078 1326 3144 ἄθλιον,
1390 3082 1481 3128 καὶ
1523 3073 1614 3138 δὸς
1657 3077 1798 3147 αὐτῷ

193 3171 282 3222 κᾶν
325 3172 638 3246 απόκρισιν,
669 3175 758 3221 καὶ
803 3170 851 3204 ⁸⁸
897 3168 1029 3239 λέγει
1058 3187 1148 3240 μοι
1179 3185 1190 3196 ·
1225 3168 1303 3218 ὅτι
1347 3167 1397 3200 ³⁸
1449 3164 1652 3228 ἀνάξιός
1685 3163 1798 3218 ἐστι

192 3268 278 3313 τοῦ
326 3262 566 3319 ἰαθῆναι.
627 3255 846 3312 παιδεία
895 3259 996 3328 γὰρ
1046 3256 1186 3326 αὐτῷ
1237 3254 1501 3312 ἀπεστάλη
1552 3254 1706 3310 αὕτη.
1753 3253 1798 3306 εἰ

193 3347 246 3402 δί
277 3351 442 3412 θέλεις
495 3350 653 3402 αὐτὸν
695 3349 908 3406 ἰαθῆναι
954 3347 1044 3411 ³⁵⁸,
1075 3353 1255 3398 πεῖσον
1304 3343 1460 3396 αὐτὸν
1504 3342 1797 3401 ἀποστῆναι

191 3448 279 3501 τῆς
306 3439 661 3511 λειτουργίας.
696 3441 786 3489 καὶ
817 3431 955 3488 εἶπον
1005 3434 1104 3506 έγὼ
1141 3451 1152 3464 ⁸
1189 3429 1281 3486 διὰ
1325 3437 1395 3497 τί,
1431 3427 1616 3501 δέομαί
1653 3450 1746 3484 σου
1777 3448 1791 3499 ;

188 3528 314 3598 λέγει
345 3548 440 3600 μοι
475 3545 487 3557 °
524 3529 784 3598 πορνεύων
809 3526 1092 3599 λειτουργεί
1118 3524 1235 3587 ³⁵⁸⁸,
1265 3528 1354 3574 καὶ
1381 3517 1474 3573 διὰ
1502 3528 1653 3573 τοῦτο
1673 3540 1795 3572 παι-

186 3614 394 3670 δεύεται
451 3623 560 3669 νῦν.
611 3614 694 3667 έὰν
744 3611 831 3667 οὖν
891 3613 1094 3684 ἀποστῇ
1153 3610 1312 3684 φόϐῳ,
1355 3610 1422 3662 ὧν
1463 3618 1792 3683 καταφρονῶν

183 3707 572 3778 κατετόλμησεν
602 3707 671 3769 ³⁸,
702 3706 727 3754 ὁ
757 3707 884 3763 Θεὸς
915 3703 1056 3754 ἰᾶται
1091 3701 1247 3752 αὐτόν
1279 3701 1345 3752 ³⁷,
1380 3698 1524 3770 κάγὼ
1565 3701 1611 3734 ³⁸
1651 3697 1791 3750 εἷπον

181 3805 249 3866 τῷ
278 3797 579 3866 πάσχοντι.
615 3794 640 3844 ὁ
672 3790 730 3844 δὲ
773 3794 1010 3844 συνέθετο
1057 3789 1254 3863 ὀμόσας
1307 3788 1390 3840 ἐπὶ
1419 3797 1571 3856 Θεοῦ,
1605 3793 1791 3859 μηκέτι

181 3887 504 3957 ἰερατεῠσαι.
560 3888 651 3934 καὶ
703 3885 821 3932 τοτε
888 3876 1097 3941 ἐδέξατο
1149 3884 1240 3930 καὶ
1287 3877 1422 3948 λέγει
1473 3876 1611 3945 αύτῷ
1641 3895 1654 3908 ·
1707 3895 1791 3928 πι-

181 3979 398 4037 στεύεις,
445 3974 530 4025 ὅτι
577 3973 688 4022 ἔστι
733 3974 880 4034 Θεός,
937 3970 988 4019 ὃν
1034 3964 1184 4020 οὐδὲν
1230 3967 1508 4031 λανθάνει;
1553 3970 1639 4016 καὶ
1692 3963 1786 4016 ἁπ-

176 4068 417 4136 εκρίνατο
452 4063 502 4096 ³⁵
533 4082 546 4093 ·
594 4065 684 4110 καὶ
735 4055 923 4130 δέομαι
981 4076 1096 4112 σου,
1155 4053 1268 4108 εἶτα
1309 4055 1443 4124 λέγει
1491 4054 1631 4124 αύτῷ
1662 4070 1674 4083 ’
1719 4059 1787 4125 μὴ

177 4147 450 4210 ἠδυνήθης
493 4145 775 4209 διαπαίξαι
803 4152 889 4199 τὸν
921 4153 1048 4198 Θεον
1075 4162 1089 4212 ;
1120 4150 1210 4197 καὶ
1238 4144 1374 4216 λέγει
1418 4143 1606 4204 ἐκεῖνος
1639 4160 1650 4172 ’
1693 4141 1787 4194 οὐκ

173 4237 472 4304 ἠδυνήθην,
530 4240 676 4308 κύριέ
728 4255 848 4308 μου.
905 4235 1037 4306 λέγει
1089 4236 1114 4286 ὁ
1164 4238 1368 4305 μέγας⁶
1423 4232 1466 4283 εἰ
1514 4231 1787 4304 γνωρίζεις

173 4347 265 4381 σου
296 4334 396 4386 τήν
442 4329 706 4399 ἁμαρτίαν
755 4330 843 4376 καὶ
892 4329 984 4383 την
1023 4331 1112 4375 τοῦ
1154 4330 1287 4376 Θεοῦ
1319 4317 1582 4386 παιδείαν,
1619 4316 1690 4372 δι’
1726 4320 1784 4377 ἣν

168 4426 335 4470 ταῦτα
380 4419 635 4482 ὑπέστης,
675 4412 968 4488 διορθωσαι
1020 4412 1087 4473 εἰς
1140 4417 1196 4464 τὸ
1240 4411 1354 4474 ἑξῆς
1395 4428 1407 4440 °
1459 4415 1548 4462 atati
1587 4409 1786 4482 ἐξωμο-

168 4507 437 4577 ias/iacto
494 4510 582 4562 τήν
630 4503 890 4577 ἁμαρτίαν
923 4504 982 4567 ⁸ο,
1033 4507 1122 4552 καὶ
1168 4497 1328 4552 ἔδωκε
1372 4499 1521 4571 λόγον
1567 4505 1657 4550 τοῦ
1687 4517 1782 4570 μη-

171 4601 274 4648 κέτι
313 4597 632 4668 αμαρτῆσαι
685 4597 814 4664 μήτε
858 4591 1233 4664 λειτουργῆσαι
1276 4598 1347 4658 τῷ
1388 4590 1490 4640 θυσ
1523 4592 1780 4660 αστηρίῳ,

173 4684 296 4736 ἀλλὰ
353 4689 442 4736 τὸν
505 4683 681 4733 λαῐκὸν
762 4679 1107 4732 ἀσπάσασθαι
1167 4679 1356 4750 κλῆρον
1391 4697 1403 4709 ·
1469 4673 1562 4729 εἶθ’
1618 4677 1781 4737 οὕτως

171 4777 412 4831 ἐπέθηκεν
464 4771 608 4841 αύτῷ
645 4777 833 4843 χεῖρας
890 4771 916 4820 ὀ
963 4768 1128 4841 ἅγιος,
1170 4772 1260 4820 atati
1305 4767 1353 4818 έν
1405 4765 1604 4826 ὀλίθαις
1653 4765 1780 4837 ἠμέ-

1992 2547 2306 2612 Quondam
2322 2564 2511 2621 quum
2527 2550 2603 2606 ad
2616 2551 2776 2608 hunc
2790 2557 3067 2610 sanctum
3083 2557 3573 2629 venissem,extra

1918 2635 2130 2692 cellam
2155 2637 2284 2708 ejus
2301 2639 2598 2708 jacentem
2622 2639 2823 2696 inveni
2846 2643 2954 2698 vici
2980 2645 3296 2714 cujusdam
3325 2649 3572 2721 presby-

1919 2727 2228 2795 terum,cuj
2242 2743 2311 2780 us
2329 2729 2736 2800 caputitaerat
2750 2745 2996 2788 exesum
3011 2736 3345 2806 morbo,qui
3358 2753 3574 2794 cancer

1916 2813 2148 2876 dicitur.
2182 2821 2242 2868 ut
2272 2822 2326 2870 et
2357 2815 2556 2886 ipsum
2586 2833 2652 2872 os
2686 2823 2874 2875 totum
2904 2830 3220 2892 appareret
3246 2825 3304 2878 in
3334 2827 3568 2882 vertice.

1915 2902 2112 2971 Neque
2131 2918 2267 2957 eum
2282 2905 2359 2959 ad
2373 2904 2740 2977 colloquium
2763 2907 3135 2966 admittebat.
3154 2914 3373 2981 Rogavi
3391 2914 3571 2982 igitur

1912 3004 1982 3044 ac
2009 3005 2021 3044 :
2051 2989 2278 3055 Precor,
2309 2994 2577 3065 inquam,
2603 2995 2884 3051 miserere
2914 2997 3096 3067 hujus
3116 3001 3337 3069 miseri,
3370 3008 3426 3055 et
3449 3002 3567 3056 sal-

1915 3083 2030 3133 tem
2053 3095 2408 3150 responsum
2425 3081 2587 3138 eida.
2614 3071 2930 3155 Respondil
2948 3087 3089 3141 mihi
3118 3088 3434 3156 :lndiguus
3455 3095 3561 3157 est,

1910 3167 2011 3237 qui
2034 3173 2290 3224 sanetur.
2327 3171 2480 3226 Haec
2507 3173 2668 3226 enim
2700 3173 2750 3226 ei
2789 3174 3060 3230 immissa
3099 3181 3188 3231 est
3225 3175 3564 3248 disciplina.

1910 3256 2008 3310 Sin
2034 3272 2172 3311 eum
2198 3257 2282 3312 vis
2305 3259 2526 3326 sanari,
2557 3261 2745 3316 suade
2771 3261 2843 3325 ei,
2875 3269 2936 3318 ut
2957 3263 3239 3335 deinceps
3265 3265 3563 3324 abstineat

1908 3345 2424 3416 asacriﬁcio.Ego:
2444 3348 2578 3414 Cur,
2598 3348 3168 3421 inquam,obsecro?
3184 3355 3524 3425 Respondet
3547 3373 3560 3412 :

1909 3433 2226 3490 Fornicans
2279 3451 2516 3492 sacrum
2545 3439 2768 3508 peregit
2797 3440 3213 3509 ministerium,
3249 3443 3407 3499 unde
3433 3444 3561 3515 jam

1903 3523 2250 3591 castigatur.
2285 3525 2510 3589 Quodsi
2543 3533 2702 3581 metu
2733 3529 2981 3584 desistat
3020 3529 3098 3585 ab
3126 3531 3220 3596 iis,
3270 3547 3425 3605 quae
3457 3549 3563 3604 per

1903 3617 2313 3682 contemptum
2354 3630 2536 3668 ausus
2579 3622 2666 3670 est
2695 3616 2908 3681 facere,
2947 3619 3100 3674 Deus
3132 3637 3270 3676 eum
3302 3623 3558 3678 sanabit.

1904 3701 2021 3755 Hoc
2043 3699 2114 3764 ei,
2138 3701 2241 3770 qui
2263 3701 2662 3772 aﬂligebatur,
2678 3704 2820 3760 dixi.
2847 3708 2952 3771 Qui
2973 3708 3374 3778 jurejurando
3395 3711 3559 3782 apud

1901 3788 2086 3844 Deum
2111 3789 2407 3858 pollicitus
2427 3797 2534 3855 est,
2566 3808 2629 3847 se
2651 3809 2771 3848 non
2794 3795 3052 3864 amplius
3080 3798 3408 3853 sacerdotis
3435 3815 3561 3854 mu-

1900 3892 2044 3932 nera
2064 3893 2192 3932 esse
2218 3878 2545 3933 obiturum.
2574 3882 2716 3934 Tum
2741 3898 2880 3936 eum
2905 3885 3169 3954 suscepit
3191 3887 3363 3957 eique
3390 3901 3402 3940 :
3430 3890 3562 3942 Cre-

1898 3965 2089 4030 disne,
2145 3967 2356 4036 inquit.
2405 3983 2534 4022 esse
2584 3971 2790 4034 Deum,
2823 3985 3005 4042 quem
3040 3972 3182 4027 nihil
3211 3973 3351 4029 latet
3396 3973 3424 4029 7
3461 3973 3557 4031 ille

1896 4055 2220 4126 respondet
2243 4070 2253 4108 :
2278 4056 2550 4126 Maxime,
2572 4072 2719 4125 rogo
2746 4062 2818 4113 te.
2846 4059 3069 4116 Deinde
3093 4080 3105 4120 :
3138 4065 3310 4129 Num,
3337 4062 3554 4135 inquit,

1897 4142 2143 4213 potuisti
2171 4141 2416 4200 illudere
2450 4147 2566 4201 Deo
2609 4144 2636 4200 ?
2668 4148 3004 4218 Respondet
3037 4168 3049 4208 :
3086 4152 3211 4206 Non
3240 4152 3420 4222 potui,
3469 4152 3554 4208 mi

1895 4230 2155 4287 domine.
2198 4231 2446 4301 Magnus
2481 4248 2493 4287 :
2528 4234 2584 4289 Si
2633 4236 2933 4304 agnoscis,
2981 4237 3191 4310 inquit,
3239 4248 3553 4311 peccatum

1895 4324 2086 4388 tuum,
2109 4335 2179 4375 ac
2199 4320 2578 4393 disciplinam
2607 4323 2724 4388 Dei,
2757 4340 2882 4396 qua
2896 4325 3042 4382 haec
3069 4328 3321 4398 subiisti,
3351 4335 3404 4384 te
3432 4346 3558 4386 cor-

1892 4408 2055 4478 rigas
2090 4408 2148 4462 in
2177 4415 2501 4479 posterum.
2528 4410 2634 4475 Qui
2678 4412 2986 4468 confessus
3017 4421 3102 4471 est
3135 4424 3466 4488 peccatum,
3500 4423 3556 4474 et

1812 4481 1856 4537 Ῑ)
1892 4495 2072 4551 ﬁdem
2091 4496 2271 4560 dedit,
2295 4513 2357 4554 se
2375 4514 2495 4554 non
2509 4500 2768 4569 amplius
2786 4517 2917 4557 esse
2934 4481 3338 4574 peccaturum,
3355 4523 3553 4580 neque

1893 4583 2062 4640 altari
2079 4585 2574 4656 ministraturum,
2595 4591 2699 4644 sed
2714 4589 2849 4646 laici
2869 4598 3086 4647 sortem
3107 4595 3546 4666 ainplexurum.

1897 4674 2112 4729 Deinde
2139 4681 2382 4730 sanctus
2398 4674 2446 4731 ei
2475 4693 2690 4732 manus
2721 4679 3029 4750 imposuit.
3056 4682 3162 4747 Qui
3191 4685 3398 4753 paucis
3428 4686 3548 4742 die-

1890 4764 2004 4819 bus
2025 4767 2268 4820 sanatus
2280 4771 2398 4834 est;
2419 4765 2736 4839 capillique
2750 4769 2960 4840 capitis
2979 4771 3032 4826 ei
3052 4779 3383 4840 creverunt,
3406 4781 3461 4830 et
3484 4774 3546 4830 in

1499 4927 1754 4982 VARIAE
1795 4925 2202 4982 LECTIONES.

241 5093 323 5148 ’Β
361 5091 755 5145 τελευταῖον.
835 5091 876 5129 ¹ο
903 5091 1010 5143 Pro
1058 5084 1210 5146 ἦλθον
1258 5094 1302 5142 Α
1333 5083 1508 5151 ἦλθον,
1543 5085 1728 5168 ένΔΒίς
1767 5085 1989 5166 ἔκρινά
2027 5102 2178 5168 ποτε
2218 5083 2304 5168 εἰς
2345 5086 2743 5168 ταύτηνητῶν
2784 5088 2995 5168 ἔργωνΔ
3025 5093 3137 5146 τὴν
3178 5088 3546 5164 έπιθυμίαν

169 5165 388 5218 nati...
472 5165 516 5198 ¹¹
553 5163 807 5233 Αμονον
847 5162 931 5212 τὸν
956 5167 1093 5212 νοῦν.
1171 5160 1217 5194 1³
1243 5177 1303 5209 τι
1342 5159 1536 5212 01Π.Β.
1615 5157 1662 5194 ¹⁸
1698 5160 1790 5212 Εἰ.
1816 5156 1994 5241 conm
2023 5157 2304 5241 Αβέννοή
2331 5173 2426 5241 σει.
2475 5156 3538 5241 Δ¹⁴νΕε.οοῐι’1.,ᾼΒπροσανασχῶν,

170 5239 287 5290 ιιεν
329 5226 756 5305 εμαντῷδω,
804 5234 862 5288 Β,
940 5232 985 5265 ιδ
1015 5233 1051 5284 Β
1091 5229 1308 5287 ἄλλην,
1389 5231 1430 5265 ιτ
1475 5233 1540 5280 τα
1578 5244 1700 5284 orn.
1836 5302 1843 5305 _
1879 5227 1925 5263 ίθ
1952 5236 1996 5282 Α
2027 5229 2300 5305 πάντων.
2379 5228 2426 5262 ¹⁹
2549 5226 2850 5305 ἐμμπέσις,
2888 5231 2973 5286 sic
2999 5226 3240 5303 saepius
3276 5255 3292 5285 ι
3335 5226 3441 5305 pro
3483 5257 3538 5294 η.

172 5257 287 5290 ..εν
329 5257 594 5308 ιμαντῳ
633 5257 756 5288 om.
805 5257 862 5288 Ι).
940 5257 984 5265 η
1015 5257 1051 5284 υ
1091 5257 1308 5287 αΑΛην,
1391 5257 1427 5265 ··
1475 5257 1540 5280 Tu
1578 5257 1700 5284 Ulu.
1736 5257 1798 5282 εὶ.
1835 5302 1843 5309 Ι
1880 5257 1923 5263 ·“
1952 5257 1996 5282 Λ
2028 5257 2300 5281 ιιυινιων.
2381 5257 2421 5262 *⁷
2461 5257 2503 5308 εξ
2549 5257 2850 5317 ιμπῑισις,
2888 5257 2973 5286 516
2999 5257 3292 5320 saepius:
3335 5257 3441 5305 pl‘O
3483 5257 3536 5294 η.

167 5310 210 5346 ³³
233 5307 626 5370 Emeii:.l.,AB
657 5302 1067 5376 3:181:97“;
1145 5303 1192 5339 ’ί
1226 5302 1484 5354 Βπὶντα
1525 5321 1663 5376 μου.
1728 5301 1788 5376 7“
1821 5320 1886 5361 ως
1927 5315 2048 5354 om.
2085 5301 2144 5352 Β.
2225 5302 2268 5334 ⁸³
2302 5302 2815 5376 κατςρλδεχθηναι
2856 5306 3062 5376 οιιιτΒ.
3142 5306 3188 5340 ³⁸
3220 5325 3383 5358 ουτω
3415 5324 3536 5363 om.

170 5347 1097 5435 -Koi'ﬁ
1119 5392 1224 5424 σαι
1265 5377 1369 5424 τὸν
1407 5353 1551 5423 νοῦν
1598 5375 1632 5425 Β
1678 5375 1782 5449 {by
1823 5347 1966 5422 νοῦν
2007 5379 2323 5449 τηρῆσαι.
2403 5347 2459 5449 ξῗῖ
2487 5375 2523 5424 Β
2556 5347 2808 5449 Ϋοᾷιπςόντ
2890 5375 2935 5410 ³⁸
2968 5375 3078 5430 Pro
3110 5376 3388 5449 λογισθῇ
3433 5399 3540 5449 μοι

454 5420 484 5427 η
531 5420 569 5427 -.
629 5420 642 5427 -
789 5420 895 5428 -.ν
1273 5420 1325 5424 --
1601 5420 1628 5425 .-
1727 5420 1732 5421 γ
1870 5420 1880 5422 ἡ
2067 5420 2077 5427 .
2156 5420 2165 5427 .
2487 5420 2517 5424 -
2968 5420 3386 5449 -.νηη---γ
3433 5420 3539 5449 Γ.-.

167 5420 484 5510 garoue};
525 5420 723 5518 n.3,?”
759 5446 908 5506 Βείς
947 5447 1137 5516 τῦφον
1179 5445 1458 5511 ἐμπέσω.
1539 5445 1585 5478 ³)
1619 5448 1654 5497 Β
1685 5439 1753 5493 δέ
1799 5461 1939 5495 ποτε.
2018 5441 2113 5522 ³οβ
2144 5441 2543 5522 ἁγίῳπούτῳ.
2621 5441 2808 5522 "cinia
2850 5450 3050 5522 nimii.
3130 5451 3237 5522 ³13
3260 5453 3539 5522 παρεκά-

169 5489 352 5576 ἆέἓέιῗ
393 5489 792 5590 ’ἀνέλῃ-νς·
1722 5519 1769 5566 Β.
1928 5489 2551 5592 massam.
2585 5530 2718 5592 pm.
2765 5515 2828 5568 Β.
2866 5518 2961 5592 as;
2988 5519 3082 5592 si.
3106 5520 3220 5592 is,
3250 5489 3399 5576 τοτῶ
3428 5538 3537 5592 pm

544 5565 603 5571 ρ-
667 5565 699 5569 τ
752 5565 761 5570 .
1064 5565 1088 5569 --
1209 5565 1244 5569 _
1577 5565 1657 5569 κὴ
1762 5565 1767 5566 γ
2420 5565 2429 5570 -
2600 5565 2718 5570 νη-
2765 5565 2827 5568 --
2988 5565 3220 5582 η---υη
3250 5565 3398 5576 ηι--ι
3431 5565 3522 5592 γ...

171 5565 642 5665 έλέιατοούρᾶειλ
680 5589 726 5623 ³⁸
768 5589 878 5642 Pro
903 5596 1234 5665 καταφρονῶν
1265 5587 1753 5657 κατετόλμησεν
1790 5583 2280 5665 ιξκατατοιλμῶν
2321 5589 2833 5665 κατεφρόνησεν,
2918 5587 2969 5665 ’ξ
3008 5587 3050 5642 Β
3083 5589 3278 5665 αὐτον
3315 5592 3522 5647 ἰᾶται,

172 5641 217 5699 ;i
689 5641 895 5731 χ’ἇγώ.
973 5661 1020 5712 ."
1046 5641 1231 5724 ξοντ’..
1267 5660 1328 5712 Α.
1357 5641 1765 5732 ἀποκρίνετο,
1798 5657 2012 5727 Βλέγει.
2092 5641 2271 5708 “sati
2313 5659 2422 5714 τὴν
2461 5641 2571 5709 τοῦ
2613 5665 2774 5712 Θεοῦ
2807 5655 3528 5735 παιδείαν-ἁμαρτίαν

457 5769 706 5824 Panos.
747 5766 848 5821 Gn.
886 5765 1060 5821 XXXI
1073 5763 1135 5820 V.
3227 5769 3258 5834 7
