4088 6192
512 286 612 341 195

1343 282 1445 338 SS.
1488 283 1969 340 MACABIORUM
2011 283 2336 341 AEGYPTII
2380 285 2463 339 ET
2504 283 3024 344 ALEXANDRINI.
3755 294 3848 353 196

506 413 758 469 domum
779 425 952 466 suam
968 423 1246 465 reversus
1261 407 1610 478 gloriﬁcavit
1629 413 1836 477 Deum,
1851 427 1920 468 ac
1940 410 2160 482 gratias

2288 431 2388 472 im;
2441 410 2559 469 ἰάθη
2615 416 2704 464 καὶ
2754 410 3016 485 ἐτρίχωσε
3063 418 3153 466 καὶ
3201 413 3428 474 ἀπῆλθεν
3480 416 3548 481 είς
3589 422 3670 472 τὸν
3724 440 3850 476 οικον

513 503 630 571 egit
657 505 884 556 sancto.

583 593 804 645 Rursus
823 587 1032 643 vidiad
1050 603 1188 642 eum
1209 587 1428 642 adduci
1447 603 1697 659 puerum
1722 605 1757 644 a
1772 591 1981 660 spiritu
2002 589 2168 645 mali-

513 693 632 750 gno
645 683 945 732 vexatum.
970 677 1070 732 Cui
1095 684 1338 732 sanctus
1362 693 1608 732 manum
1628 678 1898 733 dextram
1916 679 1974 733 in
1989 684 2169 750 caput

512 768 803 838 imposuit
833 767 1003 836 261
1043 771 1098 820 et
1130 765 1434 820 sinistram
1468 783 1648 836 supra
1682 783 1803 828 eor,
1837 784 1907 823 ac
1939 768 2169 823 tamdiu

515 857 725 922 oravit,
758 855 950 909 donec
983 854 1213 909 fecisset
1253 869 1390 908 eum
1425 855 1685 924 pendere
1726 857 1784 910 in
1820 872 1976 911 aere.
2025 860 2170 911 Puer

515 945 713 1015 igitur,
749 945 901 998 sicut
934 948 1058 996 uter
1087 942 1356 1007 inﬂatus,
1391 941 1450 996 in
1482 959 1730 1014 corpore
1764 945 2169 1016 maximopere

514 1033 817 1098 intumuit,
869 1031 1106 1096 deinde,
1141 1047 1329 1100 quum
1364 1031 1562 1087 subito
1603 1032 2014 1098 exclamasset,
2069 1049 2171 1104 per

513 1137 725 1178 omnes
753 1135 963 1174 sensus
988 1135 1212 1191 aquam
1238 1121 1463 1186 emisit;
1491 1136 1647 1192 quae
1672 1137 1859 1193 quum
1883 1122 2169 1186 desiisset,

518 1213 579 1266 in
601 1226 756 1276 eam,
780 1225 901 1280 qua
919 1209 1084 1264 initio
1098 1208 1308 1274 fuerat,
1338 1212 1884 1266 mensuramrediit.
1907 1212 2173 1282 Eumque

519 1315 707 1370 quum
739 1299 871 1353 oleo
899 1304 1106 1353 sancto
1138 1298 1401 1353 unxisset
1427 1303 1483 1353 et
1515 1314 1677 1369 aqua
1706 1299 2022 1355 benedicta
2048 1315 2174 1370 per-

519 1388 790 1451 fudisset,
821 1388 972 1458 patri
1002 1387 1283 1454 reddidit,
1332 1402 1400 1442 ac
1447 1391 1652 1453 vetuit,
1685 1405 1759 1443 ne
1795 1405 2034 1445 carnem
2066 1406 2174 1444 nec

523 1478 726 1531 vinum
742 1477 1466 1547 attingeretquadraginta
1478 1476 1712 1532 diebus.
1726 1480 1914 1532 Puero
1928 1479 2172 1549 quidem

521 1567 604 1622 ita
626 1571 837 1621 sanato
865 1581 966 1620 eos
987 1565 1231 1620 dimisit.

592 1745 758 1798 Hune
779 1741 1100 1798 Maearium
1123 1757 1415 1810 magnum
1433 1743 1744 1814 quondam
1767 1748 2061 1800 vexarunt
2075 1760 2171 1800 eo-
2208 1778 2246 1831 Β

520 1834 831 1904 gitationes
860 1847 1053 1886 vanae
1089 1831 1331 1899 gloriae,
1367 1847 1522 1902 quae
1554 1848 1689 1886 eum
1725 1848 1754 1887 e
1786 1833 1934 1889 cella
1966 1834 2174 1904 ejicere

520 1928 913 1992 tentarunt,et
927 1920 1977 1992 suggesseruntei,utdispensationis
1989 1923 2176 1994 gratia

520 2015 770 2067 Romam
794 2017 1080 2082 pergeret,
1097 2010 1445 2080 justamque
1463 2026 1711 2064 causam
1732 2011 2065 2081 allegarunt
2087 2028 2178 2067 sa-

521 2103 826 2156 nationem
850 2115 1080 2162 eorum,
1110 2100 1215 2169 qui
1246 2099 1325 2152 ibi
1367 2105 1523 2163 sunt,
1553 2099 1950 2155 inﬁrmorum.
1996 2101 2176 2157 Valde

519 2190 679 2243 enim
709 2190 770 2241 in
792 2203 861 2242 eo
889 2187 1177 2241 adversus
1199 2188 1438 2257 spiritus
1463 2188 1823 2258 operabatur
1845 2190 2038 2257 gratia
2071 2192 2171 2244 Do-

519 2280 685 2334 mini.
709 2281 905 2347 Longo
930 2283 1128 2331 autem
1162 2284 1425 2347 tempore
1449 2278 1526 2331 ab
1558 2278 1628 2331 iis
1651 2284 1961 2344 tentatum,
1983 2295 2174 2350 quum

521 2383 642 2422 non
687 2367 1032 2429 obediisset,
1062 2369 1126 2419 ut
1177 2368 1574 2434 egrederetur,
1609 2368 1805 2421 acrius
1852 2370 2171 2436 agitarunt.

522 2459 856 2510 Prostratus
881 2456 1056 2523 igitur
1075 2461 1314 2508 sanctus
1338 2455 1394 2507 in
1410 2455 1611 2509 limine
1633 2455 1810 2510 cellae
1830 2473 1971 2510 suae
1992 2457 2174 2527 pedes

517 2545 676 2599 foras
691 2544 1434 2613 emisit,daemonibusque
1454 2559 1641 2597 vanae
1655 2544 1877 2614 gloriae
1894 2564 1905 2601 :
1922 2545 2172 2608 Trahite,

521 2632 736 2704 inquit,
770 2648 866 2686 me
914 2638 970 2685 et
1008 2631 1219 2694 vellite,
1270 2633 1616 2695 daemones,
1664 2633 1711 2686 si
1755 2635 2018 2703 potestis.
2055 2635 2174 2703 Ego

521 2725 680 2776 enim
709 2722 855 2776 meis
901 2720 1158 2792 pedibus
1208 2720 1355 2775 alias
1383 2736 1504 2774 non
1532 2721 1741 2776 abibo.
1779 2723 1878 2776 Sin
1933 2723 2174 2792 potestis

518 2811 697 2866 talem
726 2826 821 2864 me
838 2810 1174 2879 deportare,
1199 2824 1322 2879 quo
1344 2809 1560 2873 dicitis,
1589 2811 1951 2880 perveniam.
1984 2816 2174 2880 Atque

514 2900 825 2971 juravitiis
857 2915 869 2949 :
902 2898 1013 2960 Sic,
1047 2899 1257 2968 inquit,
1280 2897 1493 2966 jacebo
1525 2913 1715 2969 usque
1743 2900 1821 2952 ad
1841 2914 2170 2969 vesperam.

518 2989 636 3044 Nisi
653 3004 748 3042 me
773 2988 1096 3051 moveritis,
1131 2986 1300 3061 vobis
1328 3002 1446 3040 non
1483 2987 1790 3041 obediam.
1814 2986 2011 3053 Quum
2036 3004 2176 3043 vero

520 3078 808 3133 immotus
837 3076 1184 3140 mansisset,
1214 3091 1344 3130 sero
1373 3077 1599 3146 vesperi
1627 3077 1869 3131 tandem
1901 3078 2172 3131 surrexit.

521 3169 627 3222 Sed
645 3172 812 3221 nocte
829 3166 1185 3220 adventante
1204 3180 1409 3218 rursus
1423 3180 1558 3218 eum
1577 3166 1982 3219 vehementius
1996 3165 2178 3220 etiam

519 3257 791 3310 insectati
824 3260 979 3308 sunt.
1011 3256 1202 3318 Quare
1231 3258 1468 3307 sanctus
1504 3255 1772 3316 surrexit,
1797 3253 2179 3325 duorumque

521 3345 640 3397 fere
655 3343 996 3397 modiorum
1013 3349 1280 3412 sportam
1296 3357 1476 3395 arena
1492 3341 1905 3410 implevit,qua
1917 3343 2181 3396 humeris

522 3431 806 3500 imposita
846 3437 1029 3484 totam
1062 3430 1444 3483 solitudinem
1479 3431 1752 3499 pervasit.
1799 3430 1900 3484 Cui
1929 3431 2185 3484 occurrit

525 3520 701 3589 262
730 3519 1091 3573 'l‘beosebius
1116 3518 1860 3582 CosmetorAntioehenus,
1885 3525 1940 3573 et
1964 3535 1976 3573 :
2005 3519 2180 3584 Quid,

523 3611 738 3680 inquit,
773 3615 998 3680 portas,
1034 3607 1249 3662 abba?
1290 3608 1439 3662 Cede
1475 3607 1614 3660 mihi
1642 3623 1818 3672 onus,
1857 3624 2003 3663 neve
2055 3608 2184 3679 ipse

527 3700 755 3753 vexeris
789 3697 800 3748 1
847 3697 944 3752 llle
994 3704 1238 3751 autem:
1279 3700 1453 3761 Vexo,
1503 3697 1711 3767 inquit,
1745 3713 1902 3762 eum,
1953 3699 2056 3769 qui
2092 3713 2184 3752 me

526 3794 724 3843 vexat.
752 3791 876 3858 Ipse
894 3787 1050 3840 enim
1067 3802 1255 3857 quum
1279 3787 1537 3841 lascivus
1563 3785 1657 3849 sit,
1680 3786 1821 3840 mihi
1842 3790 2186 3858 peregrina-

528 3879 718 3932 tiones
762 3877 1043 3946 suggerit.
1089 3876 1178 3932 Sic
1224 3892 1362 3931 vero
1408 3891 1596 3946 quum
1644 3892 1704 3930 se
1756 3877 2012 3931 multum
2060 3892 2187 3948 per-

530 3967 834 4031 movisset,
877 3969 936 4020 in
957 3966 1170 4021 cellam
1196 3966 1438 4021 intravit
1462 3966 1714 4020 contrito
1736 3981 2007 4036 corpore.

607 4165 683 4216 De
759 4169 965 4216 sancto
1043 4163 1235 4216 Marco
1323 4176 1540 4230 magno
1630 4162 2012 4216 exercitatore
2092 4162 2187 4217 hic

531 4249 904 4304 admirabilis
919 4249 1205 4303 Macarius
1221 4249 1334 4302 hoe
1349 4249 1690 4303 incredibile
1706 4248 1879 4301 nobis
1896 4251 2182 4305 narravit:

536 4341 731 4401 Quum
760 4353 952 4400 sacro,
974 4338 1183 4406 inquit,
1207 4352 1450 4389 munere
1471 4337 1768 4404 fungerer,
1792 4344 2056 4406 tempore
2074 4338 2188 4391 dis-

537 4428 874 4480 tributionis
936 4427 1352 4495 mysteriorum
1414 4425 1621 4480 Christi
1679 4441 1789 4495 ego
1843 4427 2184 4492 observavi,

536 4518 727 4571 Marco
772 4514 1138 4570 exercitatori
1171 4530 1481 4584 nunquam
1531 4530 1623 4566 me
1655 4513 1893 4567 dedisse
1934 4515 2189 4570 oblatio-

537 4621 697 4670 nem,
714 4607 816 4660 sed
839 4606 1086 4674 angelus
1111 4605 1160 4658 ei
1179 4604 1448 4658 dabatde
1471 4602 1663 4657 altari.
1691 4605 1810 4673 Ego
1831 4619 1967 4658 vero
1992 4605 2187 4659 solum

538 4695 916 4767 splendorem
969 4709 1187 4749 manus
1222 4693 1338 4746 vidi
1387 4695 1535 4762 ejus,
1565 4694 1666 4763 qui
1725 4695 1776 4747 ei
1825 4692 2186 4750 oblationem

2277 501 2436 553 αὐτοῦ
2469 496 2704 563 δοξάζων
2735 502 2777 536 ⁴¹
2814 505 2899 554 τὸν
2945 506 3075 556 Θεὸν
3117 508 3205 556 καὶ
3247 503 3576 578 εὐχαριστῶν
3605 515 3673 580 τῷ
3709 509 3851 582 ἀγίῳ.

2349 587 2503 642 Εἶδον
2557 590 2709 642 πάλιν
2778 592 2846 657 ⁸³,
2907 593 2986 644 ὅτι
3035 596 3379 665 προσηνέχθη
3437 595 3574 667 αὐτῷ
3624 595 3856 672 παιδαρί-

2279 697 2406 741 σκος
2435 680 2478 713 ⁸³
2525 679 2885 753 ἐνεργούμενος
2914 682 3013 732 ὑπὸ
3043 683 3331 754 πνεύματος
3371 692 3615 756 πονηροῦ.
3649 687 3855 750 Ἐπιθεὶς

2279 763 2340 820 δὲ
2367 767 2504 838 αύτῷ
2536 774 2628 825 την
2662 764 2838 830 δεξιὰν
2870 768 2954 821 ἐπι
2986 778 3081 830 τῆς
3122 770 3346 843 κεφαλῆς
3377 777 3466 824 καὶ
3496 777 3590 831 τὴν
3621 774 3854 846 εὐώνυμον

2279 856 2364 909 ἐπὶ
2393 861 2486 914 τὴν
2513 854 2758 928 καρδίαν,
2785 857 2868 911 ἐπὶ
2911 865 3158 910 τοσοῦτον
3185 861 3210 910 6
3250 860 3399 930 ἅγιος
3430 862 3476 895 ⁸⁸
3521 863 3854 934 προσηύξατο,

2281 947 2370 1005 ἕως
2396 945 2455 997 οὗ
2501 945 2655 996 αὐτὸν
2703 944 2806 997 ἀπὸ
2856 946 3003 1019 ἀέρος
3037 946 3253 1005 ἐποίησε
3299 952 3658 1021 κρεμασθῆναι
3701 953 3766 1006 ⁴⁸,
3795 953 3858 1004 οἱ·

2284 1030 2454 1093 δήσας
2481 1030 2568 1085 οὖν
2599 1035 2625 1085 6
2656 1043 2779 1096 παῖς
2820 1037 2887 1096 ὡς
2919 1038 3083 1096 άσκὸς
3114 1037 3466 1110 ὑπερμεγέθης
3494 1039 3542 1074 ⁴⁶
3573 1047 3641 1110 τῷ
3673 1046 3858 1112 σώματι

2283 1122 2503 1193 ὠγκώθη
2559 1123 2626 1187 ⁴⁷,
2673 1127 2761 1174 καὶ
2794 1121 3050 1195 αἰφνίδιον
3098 1123 3387 1200 ἀνακράξας
3428 1123 3521 1180 διὰ
3564 1137 3739 1180 πασῶν
3775 1138 3858 1182 τῶν

2285 1211 2580 1269 αἰσθήσεων
2610 1208 2753 1284 ὕδωρ
2795 1216 3003 1284 ἤνεγκεν
3049 1214 3117 1283 ⁸³,
3150 1220 3238 1267 καὶ
3279 1215 3525 1287 λωφήσας
3553 1217 3620 1279 εἰς
3651 1216 3675 1269 ὃ
3702 1215 3758 1276 ἦν
3782 1217 3857 1270 ἀπ’

2285 1300 2463 1372 ἀρχῇς
2513 1304 2714 1372 γέγονεν
2760 1303 2827 1356 ‘9.
2884 1307 2973 1354 καὶ
3029 1302 3245 1374 ἀλείψας
3292 1305 3445 1357 αύνὸν
3485 1306 3614 1378 ἁγίῳ
3645 1308 3686 1342 ⁵ο
3725 1307 3858 1378 ἐλαίῳ

2285 1390 2636 1462 ηὐλογημένον
2686 1391 2726 1424 ⁵¹
2783 1387 2927 1462 ὕδωρ
2982 1390 3208 1462 ἐπιχέων
3241 1391 3618 1464 παραδίδωσιν
3647 1396 3693 1430 ⁵⁸
3722 1395 3858 1448 αὐτὸν

2283 1487 2355 1548 τῷ
2401 1484 2561 1552 πατρὶ
2614 1478 2788 1548 αὐτοῦ,
2841 1480 3208 1552 παραγγείλας,
3261 1487 3332 1553 μὴ
3393 1491 3573 1556 κρεῶν,
3623 1487 3691 1555 μὴ
3738 1487 3858 1537 οἴνου

2283 1566 2525 1637 ἅψασθαι
2568 1567 2723 1619 αὐτὸν
2767 1568 2854 1620 ἐπὶ
2899 1570 3094 1644 ἡμέρας
3143 1569 3215 1641 μ’·
3266 1575 3355 1622 καὶ
3402 1571 3563 1632 οὕτως
3615 1571 3861 1645 ἰασάμενος

2283 1655 2532 1709 ἀπέλυσεν
2560 1655 2750 1717 αύτούς
2787 1657 2854 1710 ⁸⁸.

2354 1744 2637 1817 Ὠχλησαν
2698 1747 2860 1817 τούτῳ
2907 1749 3027 1798 ποτε
3088 1755 3160 1817 τῷ
3218 1747 3426 1819 μεγάλῳ
3489 1751 3732 1823 Μακαρίῳ
3787 1750 3864 1802 λο-

2284 1839 2472 1906 γισμοὶ
2524 1830 2818 1896 κενοδοξίας
2885 1840 3187 1909 πειρώμενοι
3255 1844 3439 1889 τοῦτον
3517 1837 3735 1891 ἐκϐαλεῖν
3786 1847 3864 1900 τῆς

2285 1923 2487 1985 κέλλης,
2541 1924 2897 1994 ὑποτιθέμενοι
2970 1924 3266 1996 οἰκονομίας
3338 1928 3503 2000 χάριν
3560 1926 3864 1999 καταλαμϐά-

2285 2031 2384 2063 νειν
2430 2016 2521 2069 τὴν
2571 2010 2792 2083 Ῥώμην,
2844 2014 2912 2072 ως
2957 2011 3038 2064 ἐπὶ
3088 2015 3344 2086 προφάσει
3387 2011 3548 2073 δῆθεν
3597 2017 3864 2088 εὐεργεσίας

2286 2109 2384 2151 τῶν
2433 2100 2534 2152 ἐκεῖ
2574 2099 2996 2173 ἀρρωστούντων,
3052 2103 3224 2176 ἄκρως
3270 2106 3371 2175 γάρ
3423 2108 3555 2156 κατά
3598 2113 3692 2155 τῶν
3726 2124 3861 2157 πνεν-

2285 2193 2461 2262 μάτων
2492 2189 2561 2250 εἰς
2601 2191 2756 2240 αὑτὸν
2797 2192 2999 2261 ἐνήργει
3045 2192 3092 2225 ⁵⁴
3125 2193 3151 2248 ἡ
3186 2193 3351 2264 χάρις
3404 2201 3500 2245 τοῦ
3551 2200 3754 2264 Κυρίου.
3785 2200 3860 2246 καὶ

2287 2282 2354 2340 ὡς
2403 2282 2482 2330 ἐπὶ
2517 2277 2644 2330 πολὺ
2696 2277 2972 2349 ὀχλοῦντες
3004 2280 3109 2351 οὐχ
3147 2282 3380 2338 ὑπήκουε
3413 2283 3484 2347 ⁵⁵,
3539 2280 3865 2356 σφοδροτέρως

2287 2369 2426 2438 αύτῷ
2487 2367 2902 2440 προσελάσαντες
2957 2377 3138 2420 τοῦτον
3207 2371 3509 2432 ἐξήλαυνον.
3581 2377 3742 2424 πεσὼν
3789 2369 3862 2423 οὖν

2287 2455 2369 2507 ἐπὶ
2418 2461 2510 2513 την
2553 2456 2698 2527 φλιάν
2759 2465 2852 2517 τῆς
2915 2458 3103 2508 ἑαυτοῦ
3156 2458 3338 2520 κέλλης
3395 2461 3424 2510 6
3484 2460 3628 2531 ἅγιος
3678 2464 3788 2520 τοὺς
3824 2460 3864 2494 ⁵⁸

2284 2541 2452 2606 πόδας
2502 2544 2724 2604 ἐκτείνας
2781 2545 2973 2616 ἀφῆκεν
3026 2546 3111 2598 ἐπὶ
3151 2550 3215 2598 τά
3269 2548 3381 2612 ἔξω,
3433 2548 3590 2619 λέγων
3640 2557 3741 2609 τοῖς
3785 2557 3863 2609 τῆς

2284 2630 2580 2694 κενοδοξίας
2607 2631 2856 2704 δαίμοσιν
2881 2654 2893 2665 ·
2939 2636 3105 2687 ἕλκετέ
3143 2655 3204 2704 με
3237 2640 3484 2708 σύροντες
3514 2640 3579 2702 ⁵⁷,
3625 2635 3862 2709 δαίμονες,

2284 2725 2369 2774 ἒάν
2419 2719 2646 2774 δύνασθε
2699 2723 2766 2774 ³⁸.
2827 2727 2924 2794 ἐγὼ
2964 2727 3063 2798 γὰρ
3108 2733 3217 2787 τοῖς
3267 2725 3412 2797 ἐμοῖς
3461 2732 3612 2779 ποσὶν
3657 2727 3866 2798 ἀλλαχοῦ

2286 2812 2380 2863 ούκ
2433 2810 2756 2884 ἀπέρχομαι.
2791 2812 2834 2863 εἰ
2872 2808 2958 2863 οὖν
3001 2810 3229 2867 δύνασθέ
3281 2816 3329 2849 ⁵³
3369 2835 3438 2886 με
3468 2817 3631 2878 οὕτως
3680 2815 3867 2886 ἀπενεγ-

2287 2907 2412 2969 κεῖν,
2465 2901 2592 2951 ὅπου
2633 2899 2820 2970 λέγετε,
2855 2900 3228 2974 ἀπελεύσομαι,
3278 2899 3624 2976 διομνύμενος
3667 2905 3866 2964 αὐτοῖς’

2290 2991 2369 3040 ὅτι
2420 2989 2578 3049 οὕτως
2629 2990 2814 3060 ἔσομαι
2856 2994 3086 3062 κείμενος
3144 2992 3236 3053 ἕως
3276 2992 3505 3066 ἑσπέρας
3533 3010 3544 3020 ⁸
3599 2995 3680 3045 ἐὰν
3725 2997 3790 3064 μή
3819 3010 3872 3062 με

2294 3077 2600 3144 σαλεύσητε,
2633 3078 2691 3129 ού
2741 3083 2811 3148 μὴ
2855 3079 3000 3150 ὑμῶν
3053 3080 3358 3133 ὑπακούσω.
3418 3087 3507 3135 καὶ
3548 3087 3713 3154 μείνας
3757 3080 3874 3132 ἀσά-

2291 3167 2465 3227 λευτος
2523 3168 2566 3200 ⁶⁰
2617 3165 2802 3224 ἀνέστη
2872 3167 3050 3219 λοιπὸν
3119 3167 3341 3241 ἑσπέρας
3431 3174 3590 3230 οὔσης
3658 3168 3869 3241 βαθείας.

2290 3259 2477 3316 νυκτὸς
2509 3251 2566 3306 δὲ
2601 3255 2755 3306 πάλιν
2802 3256 3167 3328 ἐπιγενομένης
3222 3255 3596 3334 σφοδροτέρως
3625 3257 3875 3329 ίνώχλουν.

2295 3343 2522 3404 ἀναστὰς
2569 3340 2654 3395 οὖν
2687 3345 2711 3395 6
2744 3343 2889 3414 ἅγιος
2921 3346 2986 3409 ⁸1,
3024 3352 3114 3397 καὶ
3163 3349 3208 3380 ⁶²
3238 3345 3412 3398 λαϐὼν
3447 3344 3679 3420 σπυρίδα
3707 3348 3767 3405 ὡς
3794 3341 3877 3396 δύο

2293 3430 2492 3505 μοδίων
2542 3433 2783 3504 ψάμμου,
2837 3436 3028 3491 ταύτην
3070 3434 3356 3508 ἐπλήρωσε,
3419 3443 3510 3488 καὶ
3541 3439 3765 3495 τεθεικώς
3807 3433 3875 3485 ἐπὶ

2293 3525 2380 3573 τὸν
2427 3522 2617 3573 ἑαυτοῦ
2664 3520 2800 3593 ὦμον
2829 3519 3040 3575 διεκίνει
3091 3526 3137 3558 ⁸³
3189 3529 3280 3582 την
3323 3528 3538 3597 ἔρημον.
3583 3529 3738 3595 τούτῳ
3777 3542 3879 3574 cur

2297 3617 2516 3667 ηντησεν
2594 3611 2639 3645 ⁶⁴
2700 3610 2970 3671 Θεοσέϐιος
3037 3613 3062 3662 6
3127 3618 3413 3687 κοσμὴτωρ
3500 3614 3788 3685 Ἀντιοχεύς
3837 3612 3876 3645 ⁸⁵

2295 3704 2383 3750 καὶ
2414 3698 2548 3769 λέγει
2597 3700 2736 3768 αὐτῷ
2773 3717 2784 3728 ·
2818 3705 2868 3751 τί
2920 3699 3228 3772 βαστάζεις,
3279 3700 3464 3769 ἀϐϐᾶς
3509 3707 3876 3776 παραχώρησον

2296 3787 2408 3858 ἐμοὶ
2447 3791 2502 3838 τὸ
2548 3793 2756 3861 φορτίον
2801 3793 2888 3840 καὶ
2942 3794 3012 3860 μη
3049 3789 3271 3841 σκύλλου
3312 3795 3476 3852 αὐτός
3511 3809 3520 3820 ·
3553 3793 3577 3842 6
3623 3788 3678 3842 δὲ
3716 3789 3837 3858 ἔλεγε
3865 3803 3875 3816 ⁸

2300 3875 2499 3928 σκύλλω
2545 3881 2631 3926 τὸν
2679 3877 2959 3929 σκύλλοντά
2985 3898 3045 3949 με
3076 3896 3087 3907 ·
3135 3880 3305 3940 ἄνετος
3338 3881 3441 3952 γὰρ
3486 3881 3555 3931 ὥν
3606 3875 3880 3948 ἀποδημίας

2297 3984 2387 4037 μοι
2465 3964 2760 4018 ὑποϐάλλει.
2843 3971 2933 4018 καὶ
3016 3967 3099 4019 ἐπὶ
3173 3968 3303 4019 πολὺ
3369 3966 3684 4028 διακινήσας
3737 3966 3880 4024 οὕτως

2298 4053 2533 4112 εἰσῆλθεν
2561 4055 2633 4114 εἰς
2662 4059 2753 4112 τὴν
2783 4055 2960 4106 κὲλλαν
2995 4056 3284 4129 συντρίψας
3309 4061 3367 4108 τὸ
3403 4066 3576 4130 σῶμα,

2371 4165 2495 4233 Περὶ
2527 4162 2573 4195 ⁸⁸
2607 4163 2829 4234 Μάρκου
2885 4170 2975 4213 τοῦ
3015 4166 3104 4234 μὲν
3138 4161 3371 4220 ἀσκητοῡ
3408 4167 3467 4216 τὸ
3525 4160 3811 4238 παράδοξον
3840 4159 3874 4192 ⁶”³

2299 4258 2450 4302 τοῦτο
2481 4252 2506 4300 6
2537 4253 2824 4322 θαυμάσιος
2854 4251 2999 4311 οὗτος
3047 4255 3316 4326 Μακάριος
3348 4248 3654 4324 διηγήσατο
3696 4252 3837 4321 λέγων
3869 4261 3881 4275 ⁸

2299 4340 2376 4390 ὅτι
2431 4339 2478 4389 ἐν
2532 4347 2601 4409 τῷ
2652 4338 2963 4413 λειτουργεῖν
3018 4359 3079 4411 με
3138 4339 3553 4414 ἐπισημηνάμην
3609 4344 3706 4412 ἐγὼ
3767 4337 3881 4388 κατὰ

2298 4432 2382 4478 τὸν
2423 4432 2602 4502 καιρὸν
2651 4438 2741 4488 τῆς
2785 4425 3076 4489 διαδόσεως
3131 4437 3229 4481 τῶν
3258 4439 3347 4481 τοῦ
3410 4438 3646 4503 Χριστοῦ
3702 4444 3880 4499 μυστη-

2296 4523 2439 4590 ρίων,
2506 4520 2587 4568 ὅτι
2643 4521 2840 4589 Μάρκῳ
2902 4528 2973 4588 τῷ
3032 4518 3234 4591 ἀσκητῇ
3314 4516 3566 4571 οὐδέποτε
3622 4514 3786 4570 ἔδωκα
3835 4512 3876 4547 ⁸⁸

2298 4607 2397 4676 ἐγὼ
2451 4607 2496 4639 ⁸9
2539 4610 2861 4681 προσφοράν,
2914 4606 3020 4658 ἀλλ’
3071 4609 3285 4679 ἄγγελος
3333 4608 3475 4678 αύτῷ
3517 4604 3679 4660 ὶδίδω
3717 4606 3756 4645 ⁷ο
3792 4601 3879 4653 ἀπὸ

2296 4702 2387 4746 τοῦ
2421 4697 2803 4770 θυσιαστηρίου
2843 4695 3134 4768 λαμϐάνων.
3187 4700 3282 4768 ἔγω
3335 4693 3394 4749 δε
3435 4700 3524 4749 τὸν
3573 4689 3878 4768 ἀστράγαλον

1869 4899 2130 4956 YARIAE
2168 4901 2459 4958 LECTION
2466 4901 2570 4958 ES.

538 5113 656 5184 om.
685 5096 748 5151 Β.
827 5099 869 5132 ⁴¹
909 5099 1228 5167 Βχαίρων,
1264 5092 1534 5181 δοξάζωνη
1599 5096 1644 5130 ⁴²
1668 5097 1762 5178 ΑΒ
1782 5095 1986 5179 πάλλιν,
2014 5096 2097 5150 sic
2133 5095 2248 5150 fere
2269 5095 2511 5184 ubique.
2550 5165 2561 5180 ,
2591 5096 2636 5128 ⁴³
2661 5097 2696 5148 Β
2726 5100 2896 5155 παῖς.
2954 5094 3023 5184 ις
3041 5091 3526 5184 ὁηᾶγιοςιοτφ.β.
3604 5092 3652 5127 ⁸⁸
3668 5087 3882 5184 Ρείξξως

539 5169 607 5220 οὗ
649 5201 714 5209 —
763 5162 1211 5241 κρεμασθῆναι
1252 5170 1291 5221 Β
1340 5169 1433 5229 ἕως
1467 5168 1663 5220 αὐτὸν
1705 5167 1793 5228 εἰς
1829 5166 1983 5238 ἀέρα
2039 5162 2504 5241 κρεμασθῆναι
2543 5165 2878 5222 ἐποίησεν.
2954 5164 3002 5199 ⁴⁶
3060 5162 3377 5241 (ΣΟΠη-ΑΒ
3441 5162 3874 5241 ὑπερμεχίθιίΣ

539 5182 607 5220 ου
649 5201 714 5209 —
763 5182 1211 5241 κρεμασθῆναι
1252 5182 1291 5221 15
1340 5188 1433 5229 εως
1467 5188 1663 5220 αυτον
1705 5188 1793 5228 εις
1829 5187 1983 5238 αερα
2039 5182 2504 5240 κρεμασθῆναι
2543 5183 2878 5222 εποιησεν.
2954 5182 3002 5199 "
3060 5182 3243 5231 Corn,
3286 5182 3377 5219 AD
3441 5182 3742 5286 inrepqu

539 5243 584 5324 ξ’
616 5243 654 5293 Β
685 5241 1098 5324 ὠγικρὶθηδὸλῳ
1131 5241 1622 5324 τῴισώμαῖι.ᾑ⁴⁸
1665 5241 2045 5324 ἐξένεγκε.
2097 5240 2143 5272 ⁴⁹
2187 5240 2468 5324 ξίιῐξϐῐιάη
2499 5245 2543 5324 ιὲ
2572 5242 2815 5324 γέγονε,
2860 5243 2894 5289 Β
2924 5239 3235 5324 κατέσλσιτιιη.
3272 5238 3313 5275 ⁵ο
3341 5236 3511 5324 ἀγίὲ
3542 5251 3664 5324 om.
3700 5305 3742 5324 7‘

1530 5312 1640 5365 Pro
1673 5304 1951 5381 ἐπιχέων
1992 5307 2458 5383 παραδίδωσιν
2504 5313 2539 5364 Β
2571 5304 2840 5380 ἐπιχέας
2881 5304 3380 5383 παραδέδωκεν.

2019 5385 2066 5417 ⁵⁵
2086 5384 2201 5438 Sic.
2227 5384 2330 5438 ΑΒ.

1343 5457 1383 5488 ⁶⁰
1412 5456 1680 5520 Emetitl.,
1728 5457 1816 5508 AB
1847 5453 2248 5515 ἀσαλεύτως,

540 5313 842 5372 C01‘1‘.,AB
893 5313 1365 5382 εὐλογειμένον.
1447 5313 1492 5346 ⁵³

538 5384 865 5445 -αύτοὺς
905 5385 1100 5454 om.B.
1181 5384 1228 5418 ⁵⁸
1271 5383 1536 5450 Emend,
1571 5384 1656 5435 ΑΒ
1687 5386 1942 5454 ἐνήργη.

543 5457 665 5508 θαι.
744 5457 788 5489 ⁸9
823 5459 867 5509 Α
908 5453 1256 5508 δύνασθαι.

3461 5302 3513 5342 ⁵⁷³
3543 5311 3652 5359 καὶ
3692 5302 3880 5361 οὕτως

3489 5380 3538 5414 ⁵⁸
3579 5380 3623 5432 Α
3657 5373 3880 5428 δύνασ-

2410 5383 2457 5417 ⁵⁶
2488 5384 2658 5434 Βκαὶ
2700 5385 2836 5440 τοὺς.
2912 5382 2959 5415 ⁵⁷
2998 5386 3041 5434 Α
3073 5382 3407 5453 σύραντες.
3489 5382 3538 5414 ⁵⁵
3579 5382 3623 5432 Α
3657 5382 3716 5428 δι

2412 5453 2645 5504 ὀᾶνιος
2686 5469 2807 5504 om.
2855 5452 2913 5504 Β.
2992 5453 3171 5503 “xui.
3212 5468 3332 5504 om.
3367 5453 3438 5504 Α.
3520 5452 3566 5486 ⁸³
3611 5450 3650 5504 Β
3683 5443 3716 5500 δ

3731 5462 3874 5502 ιοει.

2335 5455 2375 5489 ⁸1
2412 5453 2645 5523 ὀᾶγιος
2686 5469 2807 5508 om.
2855 5452 2913 5505 Β.
2992 5452 3171 5503 “xui
3212 5468 3332 5507 om.
3367 5453 3438 5504 A.

541 5527 588 5560 “
619 5528 660 5579 Β
690 5533 964 5585 συνήντη
984 5546 1047 5579 σε
1089 5525 1154 5579 δέ
1195 5531 1415 5597 τούτῳ.
1496 5527 1542 5610 εξ
1575 5527 1614 5579 Β
1647 5527 1671 5576 ὁ
1712 5525 2005 5610 ἀντισχεύς.
2083 5528 2129 5561 σε
2157 5527 2412 5610 ᾼ-Ιιιθιειε
2441 5521 2700 5603 miniatis
2737 5525 2814 5610 ad
2849 5524 3184 5610 marginem
3219 5522 3596 5610 adscripsit:
3625 5524 3739 5591 περὶ
3761 5521 3880 5610 μὰρ·

539 5617 653 5667 κου,
700 5601 737 5651 Β
786 5601 1086 5686 inscripsit
1124 5615 1134 5651 :
1171 5605 1286 5673 περὶ
1335 5589 1424 5648 τοῦ
1466 5599 1668 5686 μάμκου
1709 5609 1799 5650 του
1844 5589 2098 5655 ἀσκητου.
2176 5599 2446 5686 “lixa-ap:
2488 5603 2600 5648 τοῦ
2639 5594 2828 5684 ἀγίομ
2870 5589 3108 5686 ταύξτοιιυ
3147 5597 3394 5670 μάρκου
3429 5589 3571 5646 ”τοῦ
3610 5589 3878 5666 μεγάλου

554 5668 564 5683 ν
813 5679 825 5684 ..
1015 5674 1024 5685 ν
1128 5671 1152 5684 ν
1325 5671 1371 5686 ια
1398 5671 1433 5686 n
1524 5674 1531 5682 ι
1818 5670 1863 5686 ιη
1891 5670 1901 5684 ³
1976 5674 1984 5685 ι
2049 5685 2052 5686 ,
2112 5685 2122 5686 κ
2339 5669 2383 5686 ’,Α
2459 5682 2544 5686 ,ΔΛ
2628 5669 2644 5686 Δ
2667 5669 2703 5686 n
2836 5685 2853 5686 η
2875 5668 2887 5686 1
2944 5664 2956 5686 ἓ
3028 5672 3038 5686 ρ
3112 5684 3122 5686 -

554 5668 564 5683 .
639 5649 653 5667 ’
700 5649 728 5651 -
786 5649 1084 5686 ':""'r"..'
1125 5649 1179 5684 '..'
1216 5649 1285 5673 τί
1524 5649 1551 5682 ,ι

543 5688 828 5728 ασκητου
859 5674 1246 5745 παράοοςον.
1325 5649 1740 5726 ⁶⁸Βδεδωκα.

1818 5670 1863 5704 ⁸9
1883 5670 2001 5742 ἐγὼ
2033 5685 2159 5724 om.
2198 5667 2261 5723 Β.

2339 5664 2592 5733 τοῸοιὛη
2616 5664 2705 5723 ΑΒ
2737 5665 2895 5719 αὐτὸ
2937 5664 3199 5722 ἑδίδου.
