4088 6192
239 278 340 340 19⁸1

239 413 393 482 μόνον
432 416 532 470 τῆς
583 410 769 483 χειρός
809 406 1056 482 ἐθεώρουν
1083 411 1176 458 τοῦ
1209 400 1543 465 ἐπιδιδόντος
1581 403 1721 474 αύτῷ
1745 409 1843 463 τὴν
1873 406 1921 459 Α

238 501 538 553 κοινωνίαν.
597 497 743 557 οὗτος
783 493 842 549 δε
875 497 901 548 ὁ
940 497 1145 571 Μάρκος
1174 495 1219 529 ’⁷³
1263 499 1504 566 νεώτερος
1543 498 1611 544 ὧν
1651 495 1719 528 ⁷¹¹
1744 513 1848 546 πα-

240 587 390 640 λαιὰν
435 592 526 639 καὶ
562 591 746 644 καινὴν
793 589 998 660 γραφὴν
1044 583 1395 640 ἁπεστήθισεν
1434 589 1595 658 πρᾶος
1631 587 1700 634 ὤν
1729 584 1846 636 καθ’

241 675 550 748 ὑπερϐολήν,
574 675 731 746 ἁγνὸς
769 671 829 727 δε
853 674 898 726 εἰ
928 678 1017 726 καί
1045 691 1121 733 τις
1146 671 1317 734 ἄλλος.

313 769 458 824 Μιᾶς
507 759 569 816 δὲ
624 771 724 814 τῶν
767 762 973 836 ἡμερῶν
1020 763 1359 833 διαιρούμενος
1397 761 1445 796 ⁷³
1497 757 1596 829 ἐγὼ
1650 759 1724 820 εἰς
1787 762 1845 810 τὸ

246 857 475 925 ἱσχατον
516 851 680 904 αὐτου
709 858 880 926 γῆρας
923 850 1101 902 λοιπὸν
1152 849 1456 922 ἀπέρχομαι
1501 851 1632 920 πρὸς
1670 847 1842 902 αὐτόν.

242 948 335 994 καὶ
364 941 804 1015 παρακαθέζομαι
862 948 924 1012 τῇ
987 941 1120 1014 θύρᾳ
1189 946 1286 999 τῆς
1322 938 1499 998 κε’λλης
1553 937 1737 1002 αὐτοῦ,
1779 940 1846 999 ὡς

242 1032 333 1083 ἅτε
371 1030 470 1102 ἐγὼ
522 1029 781 1102 ἀρχάριος
809 1029 859 1064 ⁷³
919 1031 988 1079 ὧν
1016 1031 1242 1099 νομίζων
1274 1028 1322 1062 7‘
1373 1026 1530 1079 αὐτὸν
1578 1028 1706 1099 ὑπερ
1763 1025 1848 1077 ἆν-

246 1123 450 1193 θρωπον
495 1117 647 1184 εἶναι,
697 1121 872 1192 ὥσπερ
931 1123 1022 1170 καὶ
1075 1115 1155 1175 ἦν.
1219 1121 1306 1169 καὶ
1335 1117 1636 1192 ἠκροώμην,
1667 1120 1718 1167 τί
1747 1117 1850 1188 ἄρα

242 1209 384 1262 λαλεῖ
422 1213 453 1268 ἧ
511 1213 562 1260 τί
611 1204 1018 1279 διαπράττειτδ.
1073 1210 1162 1258 καὶ
1233 1211 1527 1276 μονώτατος
1581 1204 1647 1256 ὧν
1704 1200 1848 1256 ἔνδον

244 1303 362 1372 περὶ
414 1299 482 1349 τὰ
549 1295 728 1348 ἑκατόν
784 1294 872 1352 ἓτη
931 1294 1119 1355 ἐλάσας
1174 1290 1281 1352 ἤδη
1331 1300 1421 1346 καὶ
1467 1297 1586 1355 τοὺς
1632 1289 1851 1352 ὀδόντας

246 1385 507 1448 ἀπολέσας
540 1385 707 1456 ἐαυτῷ
736 1381 1026 1456 διεμάχετο
1079 1388 1169 1436 καὶ
1200 1391 1272 1453 τῷ
1307 1379 1340 1434 δ
1347 1382 1556 1454 ιαϐόλῳ,
1589 1382 1747 1453 λέγων
1775 1383 1846 1432 ⁷⁸.

243 1483 294 1529 τί
336 1475 496 1536 θέλεις
541 1474 741 1541 λοιπόν,
800 1488 1111 1546 κακογηρε;
1165 1469 1281 1524 ἰδοὺ
1329 1477 1418 1524 καὶ
1483 1475 1622 1523 οἰνου
1679 1469 1851 1531 ἔλαϐες

245 1570 337 1617 καὶ
368 1565 541 1616 ἐλαίου
592 1562 732 1634 ἥψω.
777 1563 954 1614 λοιπόν
984 1566 1036 1614 τί
1073 1561 1231 1622 θέλεις
1255 1562 1300 1595 77
1358 1565 1566 1618 ποιήσω
1609 1578 1714 1627 σοι,
1754 1577 1852 1610 πο·-

244 1654 481 1725 λιοφάγε,
555 1648 880 1704 κοιλιόδουλε
943 1650 1124 1702 ἑαυτὸν
1210 1647 1541 1722 ἐξυϐρίζων;
1607 1644 1719 1699 εἶτα
1777 1655 1850 1717 τῷ

249 1738 463 1813 δαίμονι
497 1759 510 1772 ο
544 1739 750 1806 ἄπελθε,
810 1740 990 1810 λέγων,
1050 1738 1138 1790 ἀπ’
1192 1741 1318 1810 ἐμοῦ
1364 1739 1436 1802 ⁷⁸,
1478 1733 1688 1789 διάϐολε
1720 1756 1853 1810 συγ-

245 1831 552 1903 γεγήρακάς
606 1848 698 1900 μοι
745 1827 792 1879 ἐν
842 1824 1196 1901 ἁδιαφορίαις,
1268 1825 1531 1878 ἀσθένειάν
1603 1845 1694 1898 μοι
1761 1832 1850 1877 τοῦ

250 1927 498 1989 σώματος
547 1916 847 1992 ἔπιρῥίψας,
903 1920 1044 1969 οἴνου
1100 1917 1228 1988 μετ’
1261 1915 1513 1976 ἐποίησας
1545 1913 1851 1987 μεταλαϐεῖν

1885 1765 1928 1819 Β

247 2015 341 2061 καὶ
418 2008 613 2072 ἐλαίου,
695 2003 972 2078 φιλήδονον
1041 2023 1105 2078 με
1184 2004 1630 2078 ἀπεργασάμενος,
1701 2006 1773 2075 μὴ
1805 2003 1852 2037 ⁸⁰

248 2100 424 2169 ἀκμὰν
483 2101 569 2148 σοί
629 2115 681 2146 τι
733 2101 1033 2168 χριωστῶ;
1075 2090 1227 2145 οὐδεν
1279 2094 1536 2166 εὑρίσκεις
1587 2094 1636 2144 ἓν
1688 2090 1853 2164 ἐμοίὸ

249 2186 412 2246 θέλεις
474 2184 705 2243 συλῆσαι
737 2185 804 2237 ⁸¹.
872 2182 1059 2236 ἄπελθε
1106 2183 1282 2234 λοιπὸν
1336 2180 1423 2234 ἀπ’
1468 2184 1612 2254 ἁμοῦ,
1659 2182 1854 2252 μισάν-

1698 2266 1853 2342 δεῦρο

242 2363 646 2438 λοιπιξν,’λῆρε,
703 2360 1012 2434 πολίοςίάγε,
1077 2365 1371 2433 φαγὸγηρε,
1427 2361 1516 2420 ἕως
1569 2363 1694 2412 πότε
1733 2361 1850 2411 ἔσο-

244 2473 346 2525 μαι
363 2456 496 2524 μετὰ
527 2459 622 2503 σοῦ
652 2467 667 2518 ;

321 2547 628 2611 Διηγήσατο
657 2542 706 2576 ⁸³
757 2536 814 2592 δε
839 2541 965 2612 ἡμῖν
1014 2543 1104 2591 καὶ
1135 2540 1160 2590 6
1193 2535 1374 2598 δοῦλος
1421 2545 1511 2590 τοῦ
1537 2545 1774 2611 Χριστοῦ
1805 2537 1850 2572 ⁸³

249 2633 572 2702 Παγνούτιος
632 2632 659 2682 6
715 2637 808 2682 τοῦ
845 2633 1080 2700 γενναίου
1113 2629 1160 2662 ⁸⁸
1212 2629 1397 2679 τούτου
1465 2628 1725 2698 μαθητής,
1775 2628 1854 2679 ὅτι

244 2726 373 2793 μιᾶς
401 2727 500 2771 τῶν
559 2720 764 2790 ἡμερῶν
804 2717 1152 2788 καθεζομένου
1215 2723 1309 2768 τοῦ
1375 2721 1644 2788 Μακαρίον
1669 2715 1718 2750 ⁸⁸
1781 2717 1855 2766 οἶ-

249 2277 442 2348 θρωπε,
499 2278 588 2325 καὶ
647 2277 718 2334 ὡς
794 2272 1044 2347 στερίζων
1121 2270 1287 2340 ἑαυτῷ
1339 2267 1593 2341 διελέγετο
1626 2286 1638 2299 ο

246 2828 344 2862 κου
374 2811 425 2846 ⁸⁸
483 2811 531 2860 ἓν
591 2815 652 2879 τῇ
713 2807 866 2878 αὐλῇ,
931 2811 1018 2858 καί
1082 2813 1155 2876 τῷ
1224 2812 1337 2875 Θεῷ
1421 2804 1855 2877 προσομιλοῦντος

246 2899 403 2950 ὗαινα
452 2895 690 2948 λαϐοῦσα
746 2899 830 2947 τόν
880 2902 1070 2956 εαυτῆς
1131 2896 1356 2965 σκύμνον
1384 2895 1429 2928 ⁸⁷
1489 2894 1676 2965 τυφλόν
1735 2897 1858 2944 ὄντα

249 2990 458 3058 ἤνεγκε,
485 2990 575 3038 καὶ
635 2994 707 3057 τῷ
766 2981 990 3057 θυριδίῳ
1033 2993 1124 3045 τῆς
1172 2983 1333 3046 αύλῆς
1376 2985 1652 3057 κρούσασα
1682 2991 1742 3055 τῇ
1773 3002 1858 3035 κε-

250 3083 384 3148 φαλῇ
439 3074 672 3132 εἰσῆλθεν
762 3075 836 3126 ἔτι
912 3073 1072 3125 αὑτοῦ
1147 3072 1254 3124 ἕκεῖ
1330 3073 1695 3144 καθεζομένου.
1769 3077 1857 3123 καὶ
1891 3117 1932 3172 C

248 3167 428 3240 ῥίπτει
457 3164 612 3216 αὐτὸν
657 3164 757 3214 ὑπὸ
797 3167 915 3224 τοὺς
947 3158 1116 3223 πόδας
1174 3161 1336 3213 αὐτοῦ
1361 3178 1372 3190 '
1407 3168 1588 3213 τοῦτον
1618 3164 1702 3212 τὸν
1735 3166 1858 3212 σκύ-

249 3274 378 3326 μνον
408 3252 580 3305 λαϐὼν
619 3253 646 3303 ὁ
698 3251 849 3323 ἅγιος
896 3253 1160 3324 Μακάριος
1189 3251 1236 3286 ⁸⁸
1275 3257 1363 3303 καί
1426 3249 1716 3310 ἐπιπτύσας
1754 3259 1861 3312 τοῖς

254 3343 548 3416 ὀφθαλμοῖς
621 3341 781 3393 αὑτοῦ
863 3339 1143 3405 ἐπηύξατο,
1226 3344 1316 3391 καὶ
1395 3348 1732 3412 παραχρῆμα
1778 3339 1862 3390 ἀν-

254 3432 458 3503 έϐλεψε,
499 3436 590 3484 καὶ
623 3431 926 3488 θηλάσαντα
973 3430 1128 3482 αὐτὸν
1160 3429 1206 3464 ⁸9
1235 3429 1388 3481 ὗαινα
1414 3429 1632 3488 ἀπῆλθε.
1680 3433 1769 3480 καὶ
1795 3437 1857 3502 τῇ

253 3523 376 3586 ἑξῆς
431 3523 603 3593 ἡμέρᾳ
668 3517 861 3571 κώδιον
946 3519 1173 3591 μεγάλου
1227 3518 1491 3594 προϐάτου
1547 3519 1726 3590 ἣνεγκε
1791 3527 1863 3590 τῷ

254 3611 392 3682 ἁγίῳ
421 3614 681 3684 Μακαρίῳ
736 3611 785 3643 ⁹⁰
819 3629 832 3640 ’
903 3609 1024 3683 ὅπερ
1061 3605 1252 3660 κώδιον
1294 3609 1452 3669 αὐτὸς
1501 3612 1742 3660 κατέλιπε
1793 3616 1865 3679 τῷ

265 3701 405 3771 ἁγίῳ
459 3698 750 3768 Ἀθανασίῳ
807 3704 878 3766 τῷ
958 3695 1244 3769 ἐπισκὸπῳ.
1301 3702 1392 3749 καὶ
1431 3698 1460 3754 ἡ
1509 3703 1745 3773 μακαρία
1809 3695 1866 3749 δὲ

265 3789 478 3846 Μιλάνη
530 3783 638 3838 εἶπέ
687 3805 776 3858 μοι
819 3805 831 3818 ·
888 3787 969 3837 ὃτι
1014 3789 1157 3860 παρὰ
1199 3793 1290 3837 τοῦ
1344 3786 1496 3857 ἁγίου
1554 3787 1867 3838 Ἀθανασίου

264 3877 435 3930 ἐκεῖνο
485 3880 545 3927 τὸ
600 3871 794 3926 κώδιον
846 3873 1024 3926 ὓςαϐον
1043 3876 1114 3940 ⁹¹,
1157 3874 1313 3936 ξένιον
1367 3881 1461 3946 τῇς
1500 3875 1683 3937 ὑαίνης
1729 3874 1870 3945 λεγό-

1823 271 2025 336 ACTA.

3499 285 3602 344 198

1949 405 2157 462 dabat.
2185 407 2288 462 Hic
2318 422 2456 463 vero
2499 410 2723 464 Marcus
2753 421 2942 482 quum
2971 412 3175 482 junior
3210 420 3382 478 esset,
3435 419 3604 470 vetus

1949 500 2004 551 et
2033 511 2258 551 novum
2289 501 2712 554 testamentum
2743 502 3083 556 memoriter
3112 500 3338 568 didicit,
3371 503 3605 576 fuitque

1946 584 2256 654 insigniter
2292 584 2452 640 mitis
2477 591 2655 658 atque
2685 595 2904 654 castus,
2938 592 2986 645 si
3012 592 3147 664 quis
3175 591 3355 650 alius.

2019 762 2293 828 Quodam
2314 763 2409 818 die
2439 780 2630 836 quum
2670 767 2857 821 otium
2884 767 3028 822 mihi
3052 773 3228 832 esset,
3257 769 3336 824 ad
3364 785 3504 826 eum
3545 770 3606 826 in

1949 855 2211 906 extrema
2239 853 2368 922 ejus
2399 857 2699 908 senectute
2731 855 2985 925 perrexi.
3020 857 3206 922 Quem
3247 873 3435 928 quum
3468 874 3605 929 ego,

1951 946 2152 1011 utpote
2173 940 2273 1012 qui
2298 941 2462 995 rudis
2483 957 2702 1012 essem,
2728 958 2912 1014 supra
2933 944 3240 1001 hominem
3260 961 3391 1001 esse
3414 947 3611 1002 existi-

1952 1044 2201 1094 marem,
2234 1030 2492 1086 utetiam
2522 1030 2652 1098 fuit,
2686 1032 2838 1088 ostio
2864 1031 3046 1088 cellae
3077 1034 3266 1104 ipsius
3293 1035 3504 1090 adsedi
3529 1040 3607 1100 et,

1949 1117 2094 1189 quid
2112 1117 2452 1189 loqueretur
2483 1119 2571 1174 vel
2594 1126 2814 1190 ageret,
2841 1122 3206 1178 auscultavi.
3233 1122 3409 1178 Solus
3432 1123 3612 1194 igitur

1949 1206 2107 1260 intus
2135 1222 2325 1277 quum
2347 1207 2476 1276 jam
2507 1214 2744 1263 centum
2778 1208 2898 1265 fere
2931 1226 3123 1266 annos
3155 1210 3423 1275 haberet,
3464 1211 3614 1266 den-

1953 1301 2158 1365 tesque
2189 1296 2506 1358 amisisset,
2535 1311 2740 1351 secum
2780 1305 2836 1352 et
2865 1314 3005 1353 cum
3036 1298 3281 1354 diabolo
3315 1298 3613 1370 pugnavit

1953 1399 2024 1438 ac
2055 1399 2067 1437 :
2100 1383 2256 1448 Quid
2280 1385 2540 1450 tandem,
2574 1386 2785 1458 inquit,
2814 1387 2923 1453 vis,
2961 1388 3115 1443 male
3149 1403 3332 1444 senex
3362 1387 3376 1442 l
3413 1391 3494 1442 En
3525 1388 3612 1442 vi-

1953 1487 2100 1526 num
2122 1472 2321 1528 bibisti
2346 1482 2398 1527 et
2421 1473 2618 1528 oleum
2639 1475 2895 1544 tetigisti.
2925 1477 3074 1541 Quid
3109 1477 3195 1531 vis
3217 1476 3482 1548 amplius
3506 1475 3612 1532 tibi

1955 1559 2193 1626 faciam,
2225 1577 2405 1616 vorax
2450 1563 2508 1616 in
2539 1563 2776 1628 canitie,
2827 1565 3092 1620 serviens
3142 1567 3332 1621 ventri
3366 1566 3393 1621 ‘I
3421 1568 3504 1620 Ita
3552 1581 3617 1620 se

1958 1649 2086 1720 ipse
2103 1650 2478 1704 contumeliis
2496 1651 2824 1721 castigavit.
2844 1652 3090 1708 Diabolo
3111 1659 3312 1709 autem
3329 1674 3340 1711 :
3365 1654 3614 1720 Recede,

1961 1737 2215 1809 inquit,a
2230 1738 2608 1802 me,diabole.
2627 1742 3002 1796 Consenuisti
3024 1758 3260 1797 mecum
3278 1742 3337 1796 in
3359 1743 3616 1814 pigritia.

1963 1827 2371 1882 inﬁrmitatem
2386 1828 2652 1900 corporis
2669 1831 2810 1884 mihi
2829 1831 3224 1886 inﬂixisti.Vin
3235 1848 3332 1886 um
3348 1830 3615 1886 etoleum

1965 1931 2059 1970 me
2085 1915 2266 1986 263
2294 1917 2593 1987 percipere
2623 1917 2832 1972 fecisti.
2861 1918 3272 1990 Voluptarium
3299 1934 3393 1973 me
3415 1917 3615 1974 reddi-

1963 2003 2124 2058 disti.
2148 2006 2299 2070 Quid
2315 2005 2422 2060 tibi
2449 2011 2693 2076 insuper
2714 2006 2906 2062 debeo
2929 2008 2955 2062 ‘I
2973 2008 3130 2062 Nihil
3155 2007 3388 2062 invenis
3409 2008 3470 2062 in
3494 2023 3612 2073 me,

1963 2093 2124 2164 quod
2154 2095 2424 2164 deripere
2445 2094 2608 2149 velis.
2629 2095 2852 2150 Recede
2882 2111 3024 2166 ergo
3047 2113 3082 2151 a
3109 2112 3226 2165 me,
3249 2097 3487 2152 inimice
3508 2095 3620 2151 ho-

1964 2183 2215 2237 minum.
2251 2187 2329 2236 Ac
2356 2182 2533 2237 veluti
2563 2181 2713 2238 latro
2746 2184 2858 2238 sibi
2884 2185 3012 2254 ipse
3037 2201 3049 2240 :
3080 2185 3374 2255 Agedum,
3403 2185 3616 2257 inquit,

1963 2277 2238 2341 nugator,
2274 2273 2333 2325 in
2361 2272 2572 2326 canitie
2600 2277 2856 2338 vorator,
2887 2275 3020 2328 etin
3044 2274 3387 2330 heluatione
3419 2289 3620 2330 senex.

1963 2360 2264 2427 Quamdiu
2295 2360 2472 2416 etiam
2505 2366 2700 2416 tecum
2733 2375 2834 2417 ero
2855 2362 2884 2418 ?

2036 2539 2406 2610 Paphnutius
2437 2554 2680 2611 quoque
2729 2539 2940 2596 Christi
2981 2555 3188 2596 servus
3238 2545 3294 2598 et
3328 2540 3622 2612 praeclari

1963 2629 2144 2699 hujus
2163 2627 2268 2682 viri
2289 2627 2617 2698 discipulus
2639 2628 2785 2684 haec
2801 2628 2978 2684 nobis
2995 2629 3258 2686 narravit
3283 2647 3296 2685 :
3317 2630 3620 2697 Quodam,

1965 2717 2174 2789 inquit,
2205 2716 2324 2782 die,
2355 2732 2544 2788 quum
2575 2718 2865 2774 Macarius
2897 2718 3063 2774 domi
3093 2720 3154 2775 in
3201 2718 3338 2775 aula
3369 2720 3619 2785 sederet,

1965 2813 2022 2862 et
2044 2805 2315 2862 animum
2334 2806 2453 2861 Deo
2473 2807 2769 2862 intentum
2796 2807 3064 2873 haberet,
3090 2808 3331 2880 hyaena
3354 2808 3621 2864 catulum

1965 2910 2212 2951 caecum
2246 2910 2426 2949 suum
2453 2894 2664 2962 attulit,
2695 2901 2753 2951 et
2782 2898 2933 2951 ostio
2962 2897 3134 2952 aulae
3158 2897 3352 2969 capite
3384 2897 3623 2969 pulsato

1966 2989 2235 3055 ingressa
2265 2989 2372 3048 est,
2405 2982 2504 3038 illo
2544 2985 2722 3040 etiam
2764 2984 3026 3042 sedente.
3055 2986 3236 3056 Cujus
3266 2992 3403 3041 ante
3435 2985 3620 3057 pedes

1966 3091 2102 3131 eum
2121 3072 2384 3144 projecit.
2403 3073 2650 3128 Sanctus
2664 3073 2840 3142 igitur
2852 3075 3137 3130 Macarius
3150 3089 3341 3146 quum
3354 3075 3620 3130 catulum

1967 3163 2313 3233 accepisset,
2357 3161 2606 3232 ejusque
2658 3161 2717 3215 iu
2748 3162 2954 3218 oeulos
2990 3164 3266 3235 spuisset,
3322 3163 3534 3230 oravit,
3568 3169 3622 3219 et

1969 3253 2170 3308 statim
2192 3249 2421 3306 catulus
2450 3249 2611 3304 vidit.
2636 3250 2823 3314 Quem
2848 3265 3035 3322 quum
3059 3251 3361 3322 lactasset,
3383 3253 3622 3324 hyaena

1969 3341 2134 3397 abiit.
2154 3339 2253 3394 Die
2267 3345 2465 3394 autem
2481 3340 2753 3410 sequenti
2775 3339 2990 3410 pellem
3006 3355 3263 3410 magnae
3276 3341 3402 3397 ovis
3417 3345 3623 3397 sancto

1971 3433 2163 3485 Marco
2189 3427 2399 3492 attulit,
2423 3444 2609 3500 quam
2635 3429 2881 3500 quidem
2907 3429 3117 3502 pellem
3145 3432 3196 3487 is
3222 3438 3429 3487 sancto
3451 3430 3626 3487 Atha-

1974 3519 2140 3576 nasio
2171 3517 2455 3589 episcopo
2487 3517 2723 3589 reliquit
2747 3535 2760 3584 ;
2788 3519 2965 3574 beata
2988 3527 3189 3576 autem
3213 3520 3456 3576 Melania
3480 3519 3626 3575 mihi

1975 3608 2138 3672 dixit,
2188 3622 2251 3662 se
2280 3622 2314 3660 a
2359 3613 2565 3661 sancto
2609 3607 2934 3664 Athanasio
2984 3608 3142 3663 illam
3178 3608 3415 3679 pellem,
3466 3623 3624 3680 quae

1977 3713 2198 3753 munus
2220 3696 2491 3766 hyaenae
2517 3694 2956 3766 appellabatur,
2979 3697 3304 3769 accepisse.
3338 3698 3401 3753 Id
3423 3704 3624 3754 autem

1978 3785 2268 3842 Dominus
2287 3783 2438 3852 fecit,
2457 3782 2859 3852 utgloriosum
2881 3783 3399 3841 redderetservum
3422 3801 3620 3852 suum,

1983 3875 2134 3930 sicut
2163 3874 2342 3928 etiam
2369 3871 2429 3926 in
2461 3871 2584 3926 Elia
2613 3876 2669 3927 et
2697 3871 2758 3925 in
2783 3871 3023 3927 Daniele
3050 3873 3203 3928 fecit.

264 3985 417 4038 μενον
481 3965 553 4016 ⁵³.
601 3971 752 4015 τοῦτο
806 3965 907 4038 γὰρ
964 3967 1242 4021 πεποίηκεν
1299 3964 1324 4014 6
1370 3966 1565 4037 κύριος,
1615 3963 1748 4014 ὥστε
1801 3960 2026 4026 δοξάσαι
2077 3966 2163 4014 τὸν
2204 3957 2388 4013 δοῦλον
2436 3958 2617 4025 αὐτοῦ,
2677 3961 2745 4022 ὡς
2786 3963 2875 4012 καὶ
2932 3960 3018 4014 ἐπὶ
3071 3967 3162 4013 τοῦ
3219 3960 3396 4013 Ἠλίου
3451 3962 3499 3996 ⁸³
3537 3965 3628 4013 καὶ

265 4062 362 4108 τοῦ
385 4051 579 4111 Δανιὴλ
606 4056 908 4110 πεποίηκεν.

342 4143 580 4213 Ἐλέγετο
628 4137 687 4193 δὲ
713 4142 762 4176 ⁰⁴
818 4145 930 4214 περὶ
980 4139 1139 4192 αὐτοῦ
1186 4147 1278 4192 τοῦ
1318 4140 1366 4174 9⁸
1403 4139 1576 4212 ἁγίου,
1638 4141 1738 4206 ὅτι,
1790 4137 1856 4212 ἀφ

2045 4139 2360 4195 Dicebatur
2399 4139 2492 4194 hic
2528 4141 2793 4204 sanctus,
2820 4153 2891 4194 ex
2924 4154 3046 4210 quo
3077 4138 3412 4210 baptizatus
3455 4146 3630 4208 esset,

267 4228 333 4286 οὗ
392 4230 713 4295 ἐϐαπτίσθη,
778 4229 871 4282 ούκ
933 4232 1122 4281 ἓπτυσε
1149 4231 1196 4264 ⁸⁸
1255 4233 1433 4301 χαμαὶ
1486 4229 1572 4281 ἐπὶ
1629 4228 1877 4292 ἐξήκοντα

268 4326 384 4378 ἔτη.
436 4324 952 4393 τεσσαρακονταετὴς
1011 4322 1111 4393 γὰρ
1154 4317 1444 4375 ἐϐαπτίσθη
1487 4320 1555 4371 ⁸⁷.
1602 4314 1662 4376 ἦν
1709 4315 1766 4370 δὲ
1818 4319 1875 4369 τὸ

269 4407 416 4471 εἶδος
481 4417 577 4470 τῆς
644 4408 802 4459 αὐτοῦ
835 4409 883 4443 9⁸
937 4407 1141 4468 ἡλικίας
1202 4406 1534 4473 ύποκόλοϐον,
1585 4409 1778 4458 σπανόν
1804 4408 1875 4471 9°,

269 4498 356 4551 ἐπὶ
415 4505 510 4550 τού
563 4496 771 4568 χείλους
807 4501 960 4569 μόνον
1011 4499 1133 4567 ἔχον
1164 4501 1370 4568 τρίχας,
1403 4501 1490 4547 καὶ
1536 4496 1604 4557 εἰς
1631 4500 1688 4547 τό
1720 4497 1876 4569 ἄκρον

271 4584 336 4640 δε
364 4595 461 4640 τοῦ
503 4591 699 4658 γενείου
736 4587 876 4658 εἶχεν
928 4584 1104 4656 ὀλίγας
1134 4603 1148 4614 ·
1209 4583 1463 4659 ὑπερϐολῇ
1519 4587 1620 4658 γὰρ
1655 4584 1877 4642 ἀσκητι-

269 4684 376 4728 κῶν
415 4682 585 4728 πόνων
624 4672 749 4728 ούδί
799 4676 853 4726 αἱ
905 4678 1091 4748 τρίχες
1149 4680 1238 4734 τῆς
1291 4670 1556 4746 γενειάδος
1605 4673 1766 4727 αὐτοῦ
1802 4671 1879 4736 ἐξ·

270 4765 364 4839 ίφυ
373 4783 494 4818 σαν.

1983 4229 2152 4285 humi
2173 4243 2291 4283 non
2313 4228 2549 4300 spuisse
2564 4242 2667 4298 per
2691 4227 3003 4297 sexaginta
3021 4243 3233 4283 annos.
3255 4235 3454 4284 Annos
3473 4229 3632 4285 enim

1984 4317 2386 4390 quadraginta
2433 4323 2607 4371 natus
2637 4315 2969 4386 baptizatus
3019 4323 3126 4372 est.
3176 4319 3410 4374 Statura
3435 4324 3633 4373 autem

1986 4405 2084 4461 illa
2112 4410 2306 4460 aetate
2333 4406 2480 4460 satis
2512 4405 2742 4460 minuta
2783 4421 2851 4460 ac
2883 4420 3019 4461 rara
3046 4405 3153 4461 fuit
3188 4425 3206 4477 ;
3244 4407 3395 4478 pilos
3419 4407 3478 4461 in
3510 4407 3638 4462 solo

1983 4493 2155 4549 labro
2183 4492 2407 4557 habuit,
2447 4498 2624 4564 atque
2654 4491 2832 4564 264
2866 4494 2926 4547 in
2956 4509 3240 4564 suprema
3262 4501 3428 4565 parte
3456 4495 3638 4549 menti

1972 4574 2196 4638 habuit
2220 4597 2466 4653 paucos.
2501 4584 2647 4636 Nam
2688 4588 2928 4652 propter
2959 4583 3176 4637 nimios
3205 4583 3640 4638 exercitationis

1985 4670 2224 4727 labores
2251 4685 2325 4725 ne
2356 4669 2457 4741 pili
2482 4670 2731 4742 quidem
2759 4671 2942 4726 menti
2966 4669 3097 4742 ejus
3126 4669 3287 4728 enati
3313 4675 3470 4727 sunt.

1622 4886 1883 4943 VARIAE
1902 4883 2191 4941 LECTION
2198 4883 2299 4940 ES.

333 5015 382 5050 "
413 5013 456 5068 Β
480 5012 630 5085 οὗτος
654 5007 714 5064 δε
750 5013 776 5065 6
833 5014 1152 5085 μακάριος
1224 5013 1464 5085 μάρκον
1493 5029 1506 5076 ;
1540 5009 1646 5065 sed
1678 5009 1841 5085 haud
1862 5008 2043 5085 dubie
2181 5006 2506 5085 legendum
2533 5013 2614 5085 est
2639 5008 2664 5059 6
2694 5025 2946 5085 μακάριος
2991 5009 3258 5085 μάρκρς.
3307 5010 3373 5085 τιβ
3406 5013 3483 5061 ὧν
3510 5027 3638 5068 om.

260 5086 328 5140 Β.
352 5087 402 5121 τ’
437 5085 473 5138 Β
498 5064 989 5155 ἁκοξιρούμένος.
1019 5067 1080 5119 ’⁷³
1112 5064 1348 5155 έίοᾌέ.
1392 5085 1436 5117 τί
1475 5064 1656 5148 Corn,
1695 5084 1780 5137 AB
1833 5081 2156 5155 νόμιςονοῃτδ
2224 5064 2262 5134 Β

2344 5075 2941 5154 horruerit-Arsacia?”
2969 5075 3116 5154 _Ptj6_
3158 5077 3526 5154 διεμάχετο
3564 5113 3634 5125 —-

259 5137 462 5227 λέγων
501 5137 1395 5230 Β,δίελίγετογτιξκιδιοεϐόλέι)Δ
1449 5137 1900 5230 μαχόμενος.)
1930 5137 2212 5212 τ’ίθέλεις
2257 5137 2677 5230 ρωλΒιξτδ-[ξ
2726 5152 2923 5230 ἀξπελθε
2959 5149 3056 5230 ὄιπ’
3099 5137 3489 5230 ἐμοῦ’λέγέι.
3519 5225 3530 5230 Α
3575 5155 3626 5189 ⁷9

256 5232 309 5284 Α
337 5221 476 5301 μοι.
563 5229 721 5301 “fl-it
752 5221 872 5284 o'm.
907 5229 965 5283 Β.
1013 5221 1088 5301 ’,δι
1113 5221 1298 5280 οὐδεν
1339 5221 1666 5301 εὗρ’ίσκγεις
1694 5255 1764 5301 —_-r
1786 5225 1939 5301 692.5
1961 5242 2068 5276 σαι
2099 5238 2232 5301 om.‘
2470 5222 2571 5301 ilic
2598 5224 2633 5276 Β
2667 5223 2845 5301 habet
2869 5221 3411 5301 titulum-impivi;
3443 5225 3632 5286 ὑαίνης

257 5299 358 5362 τῆς
395 5303 487 5352 τόν
519 5299 708 5372 τυγλὸν
743 5302 968 5372 σκύμνον
1006 5300 1290 5372 ἰχθύσοςη
1338 5299 1384 5333 ⁸³
1419 5300 1458 5352 Β
1484 5299 1646 5351 θεοῦ.

257 5390 396 5424 κου.
477 5372 526 5406 ⁸⁶
557 5370 738 5422 οἶκοῡ
778 5370 898 5427 om.
935 5373 992 5426 Β.
1058 5370 1120 5407 ήδτ
1161 5370 1424 5430 Βαῦτῆς
1456 5375 1554 5421 τόν
1605 5371 1858 5440 σκύμνον,

1725 5297 1772 5330 ⁸³
1806 5297 1893 5350 ΑΒ
1918 5302 2132 5367 γενεοῡ
2165 5293 2323 5364 (sic).

1942 5369 1989 5402 ⁸⁸
2020 5368 2057 5421 Β
2087 5366 2351 5437 μάρκος.

2407 5295 2538 5372 θξλΒ-
2571 5298 2897 5372 μαιέκρέου
2939 5299 3054 5372 καὶ.
3087 5295 3623 5372 ’ἀθανάτουΔμάρο

2432 5367 2477 5399 ⁸9
2507 5365 2601 5420 Sic
2637 5365 2944 5422 ABjForte
2982 5366 3060 5423 ad
3085 5366 3336 5424 tendum
3361 5365 3623 5422 λαϐοῦσα.

256 5415 648 5514 λῖίρΐᾶθῖθτε
677 5415 1323 5501 ϐοτῖἦθηλιάσασααὶτόν
1405 5415 1423 5430 ⁷
1455 5426 1726 5514 θοβοτικ,
1773 5441 1859 5493 ΑΒ
1892 5419 2110 5514 μάρκῷ
2141 5415 2217 5514 ei.
2270 5415 2641 5514 Silpl‘a“p_._75
2675 5453 2821 5514 sqq.
2864 5439 2930 5514 _“
2971 5441 3006 5491 Β
3046 5439 3260 5514 ἓ-λαϐε.
3298 5512 3323 5514 Α
3345 5442 3394 5477 ⁸⁸
3417 5442 3456 5495 Β
3494 5441 3630 5514 ἐπι-

256 5510 908 5590 1‘76ynov._Dd_l_l£i§
943 5514 1111 5590 pellis
1139 5514 1465 5590 d')f_llll0[13
1495 5513 1796 5590 «Περ-μανι
1826 5528 1892 5590 p._
1917 5510 1992 5590 {‘6'
2018 5516 2143 5590 apt.

258 5586 313 5621 ⁸⁸
339 5577 449 5638 τού
478 5597 602 5642 orn.
637 5585 702 5640 Δ.
781 5586 830 5620 ⁸⁸
864 5577 1153 5650 Είοοτιί.,
1180 5587 1266 5639 ΑΒ
1313 5587 1481 5660 ἔπεσε.
1559 5577 1607 5619 ’7
1639 5585 1676 5638 Β
1712 5577 1998 5640 ﬁxit-£734
2045 5583 2070 5633 6
2102 5584 2369 5652 γνήτιος
2402 5585 2508 5632 τοῦ
2546 5586 2836 5653 Χριστοῦ
2878 5577 3109 5644 δοῦλος
3139 5577 3416 5660 μάρκοξ.

269 5657 466 5713 αὐτοῦ
502 5664 576 5719 τῆ
596 5676 640 5721 ς.
717 5657 766 5692 ³⁸
807 5659 877 5712 νο
908 5659 1094 5729 Corr.,
1123 5658 1214 5713 AB
1246 5659 1472 5721 σπανός.

2315 5510 2362 5543 9³
2395 5509 2483 5564 ΑΒ
2518 5509 2694 5566 ἡλία.
2779 5509 2826 5543 ⁹⁴
2863 5509 3130 5583 E_uend.,
3175 5514 3263 5567 AB
3290 5512 3428 5583 ἑλέγε
3467 5509 3624 5570 τόδε.

3502 5585 3624 5640 003
