4088 6192
258 306 341 361 201

1788 302 1996 357 ACTA.

3472 315 3577 367 1‘02

255 434 433 493 κοσίας,
485 431 567 479 καὶ
622 428 669 464 ¹⁸
708 424 1051 485 ἁπευδόκησα
1082 426 1179 497 ἐγὼ
1205 424 1430 497 ἐμαυτοῦ
1456 430 1607 475 τοῦτο
1637 424 1801 495 μαθὼν

1926 428 2090 497 poris
2122 428 2349 485 viribus
2390 430 2767 501 instructum,
2810 433 3007 502 plures
3049 436 3317 490 trecentis
3353 437 3574 495 oratio-

251 516 571 588 λογιζόμενος,
623 517 701 569 ὅτι
756 515 883 589 ἀνὴρ
944 514 1297 587 δυνατώτερος
1347 512 1459 565 κατ’
1509 512 1703 571 ἐκείνην
1748 520 1810 585 τῇ

248 608 379 681 ῥώμη
425 613 512 658 τοῦ
557 610 796 676 σώματος
844 603 1255 679 δημιουργηθεὶς
1306 605 1431 675 ὑπερ
1474 604 1560 662 τὰς
1603 622 1813 673 τριακο-

251 702 351 755 σίας
386 696 539 765 εὐχὰς
576 695 669 747 οὐκ
718 693 988 753 ἠδυνήθην
1032 695 1187 747 πλείω
1234 700 1455 751 ποιῆσαι
1499 694 1565 742 ¹³.
1600 690 1814 765 ἀποκρί-

246 803 368 836 νεται
412 783 542 853 αὐτῷ
580 785 606 835 6
636 783 781 853 ἅγιος
821 786 1093 857 Μακάριος
1131 782 1289 853 λέγων
1329 781 1470 833 αὐτῶ
1502 798 1514 810 ’
1551 779 1650 851 ἐγὼ
1702 780 1812 842 έξη·

245 876 410 925 κοστὸν
456 876 557 933 ἔτος
604 875 733 944 ἔχω,
787 872 870 945 ἀφ’
926 872 985 925 οὗ
1034 876 1363 943 τεταγμένας,
1414 870 1593 922 ἑκατὸν
1648 869 1813 941 εὐχὰς

242 971 374 1027 ποιῶ,
430 968 513 1014 καὶ
574 964 642 1014 τὰ
694 966 828 1035 πρὸς
899 966 993 1020 τὴν
1049 965 1240 1034 τροφὴν
1298 959 1639 1031 ἐργαζόμενος
1695 967 1810 1021 ταῖς

239 1056 396 1123 χερσὶ.
428 1057 513 1103 καὶ
565 1059 676 1113 τοῖς
722 1049 965 1125 ἀδελφοῖς
1023 1055 1115 1108 τὴν
1165 1048 1489 1122 ὀφειλομένην
1519 1054 1809 1120 συντυχίαν

241 1136 525 1205 ἀποδιδούς,
573 1145 663 1192 καὶ
694 1140 753 1193 οὐ
785 1144 947 1215 κρίνει
976 1158 1039 1212 με
1079 1142 1135 1191 τὸ
1177 1135 1415 1199 συνειδὸς
1443 1156 1543 1209 μου
1576 1140 1645 1198 ὡς
1682 1136 1807 1209 ἀμε-

237 1229 443 1286 λήσαντα
472 1245 484 1258 ·
539 1233 608 1281 σὺ
638 1226 700 1282 δε
727 1228 822 1301 [εἰ]
852 1230 899 1265 ³⁸
941 1234 1249 1301 τριακοσίας
1298 1227 1461 1298 εὐχὰς
1506 1234 1664 1278 ποιῶν
1707 1228 1807 1278 ὑπό

236 1325 312 1368 τοῦ
361 1313 656 1380 συνειδότος
712 1322 888 1391 κρίνῃ,
919 1313 1081 1378 δῆλος
1128 1313 1204 1374 εἷῆ
1238 1317 1479 1389 καθαρῶς
1532 1314 1695 1376 αὐτὰς
1732 1321 1803 1388 μὴ

237 1406 507 1477 εὐχόμενος,
573 1407 605 1466 ἦ
663 1404 904 1469 πλείονας
961 1402 1251 1478 δυνάμενος
1292 1406 1545 1477 εὔχεσθαι
1592 1410 1681 1458 καὶ
1733 1410 1803 1477 μὴ

234 1514 393 1551 ποιων.

976 1622 1029 1675 2.

230 1749 360 1817 Περὶ
398 1744 719 1831 Εΰλργίου
758 1748 865 1831 καί
907 1751 1014 1831 του
1054 1742 1647 1831 λελῶϐημένουικαὶ
1692 1752 1803 1807 τῆς
1832 1778 1871 1831 Β

426 1822 711 1891 κρίσεως
756 1822 863 1869 τοῦ
899 1817 1095 1887 ἁγίου
1144 1817 1581 1871 Ἀντωνίου¹⁵.

229 1980 239 1992 .
278 1980 289 1992 .
332 1981 344 1994 .
383 1980 394 1993 .
436 1942 546 1993 ἔστι
583 1935 641 1992 δε
673 1940 755 2010 (τὸ
798 1942 917 2011 ὅρος
947 1945 1037 1991 τοῦ
1082 1939 1235 2009 ἁγίου
1268 1938 1569 2010 ’Δντωνίου)
1605 1939 1800 2011 μεταξὺ

225 2026 493 2090 Βαϐυλῶνος
546 2032 641 2079 καὶ
694 2027 1002 2101 Ἡρακλέους
1056 2028 1128 2090 εἰς
1184 2032 1277 2087 τήν
1331 2031 1648 2100 πανίρημον,
1708 2033 1800 2087 την

224 2120 447 2189 φέρουσαν
475 2118 620 2170 κατὰ
659 2120 754 2176 τὴν
802 2115 1020 2192 ἐρυθρὰν
1066 2116 1356 2183 θάλασσαν,
1404 2120 1474 2177 ὡς
1521 2117 1622 2169 ἀπὸ
1653 2119 1799 2191 τριά-

220 2224 354 2257 κοντα
394 2211 628 2277 σημείων
673 2212 766 2258 τοῦ
806 2214 1066 2278 ποταμοῦ.
1114 2206 1271 2259 ἐλθὼν
1320 2206 1386 2267 εἰς
1429 2210 1486 2258 τὸ
1535 2210 1802 2278 μοναστή-

218 2313 311 2367 ριον
338 2298 392 2347 τὸ
420 2298 569 2369 παρὰ
618 2298 702 2347 τὸν
751 2299 1002 2365 ποταμόν,
1045 2294 1093 2347 ἄν
1218 2297 1266 2347 οί
1297 2296 1532 2367 μαθηταὶ
1564 2295 1722 2347 αὐτοῦ
1755 2296 1799 2331 ¹⁸

222 2381 512 2451 ἐκαθίζοντο,
582 2383 654 2446 εἰς
707 2386 765 2435 τό
820 2382 1089 2454 λεγόμενον
1150 2388 1348 2457 Πίσπιρ
1401 2385 1468 2449 ¹’⁷,
1528 2384 1801 2457 Μακάριος

222 2476 293 2523 καὶ
338 2472 592 2543 Ἀμάτας.
641 2472 689 2524 οἳ
742 2476 829 2524 καὶ
889 2471 1088 2543 ἔθαψαν
1154 2475 1240 2525 τὸν
1295 2473 1551 2543 μακάριον
1608 2472 1800 2526 Ἀντώ·

220 2580 306 2613 νιον
374 2562 417 2598 ¹⁸
471 2563 817 2634 κοεμηθέντα,
879 2558 1193 2633 ἐξεδεξάμην
1243 2564 1436 2634 ἡμέρας
1492 2566 1659 2627 πέντε,
1719 2562 1801 2613 ἶνα

224 2652 441 2721 σνντύχω
486 2659 565 2720 τῷ
598 2649 732 2721 ἁγίῳ
784 2652 1061 2721 ⁹Δντωνίῳ.
1116 2648 1311 2721 ἰλέγετο
1359 2646 1417 2703 δε
1456 2649 1799 2722 παραϐάλλειν

225 2738 357 2789 αὑτὸν
390 2748 459 2809 τῷ
497 2743 845 2811 μοναστηρίῳ
872 2741 1039 2810 τούτῳ
1070 2742 1193 2791 ποτε
1231 2742 1320 2811 μεν
1351 2735 1445 2791 διὰ
1478 2738 1549 2811 ιβ’
1576 2740 1643 2803 ⁸9,
1677 2742 1798 2791 ποτε

221 2822 269 2880 δε
294 2823 377 2880 διὰ
401 2828 446 2880 κ’
494 2831 571 2893 ³⁸,
608 2831 733 2880 ποτε
764 2824 823 2880 δὶ
854 2823 948 2880 διὰ
988 2826 1031 2878 ν’
1080 2829 1124 2864 ²¹
1179 2829 1399 2899 ἡμερῶν,
1442 2830 1611 2889 καθὼς
1646 2827 1797 2879 αὐτὸν

220 2918 385 2977 ὁΘεός
421 2917 502 2971 έπὶ
558 2916 832 2990 εὐεργεσίᾳ
882 2924 983 2969 τῶν
1029 2922 1539 2989 παρατυγχανόντων
1581 2912 1701 2987 ἦγεν
1750 2915 1798 2967 έν

219 3013 277 3075 τῷ
321 3010 675 3079 μοναστηρίῳ,
745 3002 989 3080 διάφοροι
1046 3002 1133 3058 οὖν
1194 3007 1533 3077 συνήχθημεν
1590 3001 1799 3077 ἀδελφοὶ

222 3091 474 3169 διαφόρους
520 3099 738 3170 ῖχοντες
787 3100 995 3171 χρείας,
1050 3097 1098 3149 ἓν
1145 3095 1223 3158 οἷς
1276 3099 1365 3148 καὶ
1419 3094 1668 3167 Εὑλὸγιός
1724 3114 1799 3157 τις

219 3203 262 3237 κ.
286 3203 329 3241 τ.
347 3185 393 3242 λ.

218 3359 237 3381 ο
266 3365 276 3378 .
315 3369 326 3380 .
368 3370 379 3382 .
422 3327 614 3386 συνέϐη
651 3323 711 3380 δὶ
753 3331 846 3385 τὴν
892 3326 1049 3385 ἄλλην
1096 3327 1290 3401 ἡμέραν
1323 3325 1481 3379 έλθεῖν
1521 3330 1607 3378 τὸν
1638 3331 1798 3399 μέγαν

218 3410 457 3469 ’Λντώνιον
507 3417 733 3490 έσπέρας
785 3415 1018 3488 βαθείας,
1052 3420 1119 3478 ὡς
1160 3418 1251 3487 ἔφη
1304 3416 1329 3467 ὁ
1378 3420 1606 3489 Κρόνιος,
1650 3415 1799 3487 ἄμπε-

221 3504 519 3578 φιϐωπμένην
576 3506 655 3543 ³1⁸
717 3502 975 3578 χλαμύδα
1032 3501 1347 3577 δερματίνην
1389 3513 1572 3577 φορῶν.
1625 3505 1800 3579 εἰσήρ-

220 3612 325 3663 χετο
372 3594 440 3658 εἰς
485 3599 544 3647 τὸ
576 3598 933 3667 μοναστήριον
972 3593 1152 3655 αὑτοῦ,
1198 3598 1285 3645 καὶ
1331 3596 1524 3651 ταύτην
1565 3590 1676 3666 εἶχε
1705 3599 1798 3653 τὴν

223 3685 466 3740 συνήθειαν
510 3682 560 3735 έν
599 3690 676 3752 τῷ
732 3680 923 3757 έρωτᾲν
967 3686 1054 3734 τὸν
1116 3684 1358 3753 μαθητὴν
1401 3682 1561 3735 αὐτοῦ
1609 3686 1798 3737 Μακά-

219 3788 312 3841 pm
357 3776 468 3844 περὶ
515 3780 620 3825 τῶν
670 3769 982 3843 έρχομένων,
1038 3774 1156 3831 τοὺς
1202 3773 1292 3842 μὶν
1340 3773 1608 3843 μοναχούς
1645 3771 1797 3845 Ἰερο-

222 3859 476 3931 σολυμίτας
544 3860 741 3925 καλεῖν,
795 3863 915 3922 τοὺς
975 3856 1035 3913 δε
1108 3863 1395 3931 κοσμικοὺς
1456 3864 1791 3931 Αίγυπτίους.

220 3946 370 4020 ἠρώτα
420 3946 505 4003 οὖν
561 3952 588 4002 ὀ
648 3953 810 4022 μέγας
842 3965 856 3979 ⁸
915 3944 1100 4021 ἁδελφε
1151 3951 1409 4021 Μακάριε,
1465 3948 1619 4007 ἦλθόν
1669 3968 1795 4012 τινες

220 4033 403 4110 ἀδελφοὶ
461 4035 691 4110 ίνθάδε;
748 4042 838 4091 καὶ
892 4036 1144 4110 ἀπεκρίθη
1179 4055 1190 4068 '
1240 4035 1413 4096 ἦλθον.
1472 4042 1562 4090 καὶ
1612 4038 1747 4110 λέγει
1778 4055 1789 4068 ⁸

220 4127 469 4196 Αἰγύπτιοί
502 4129 639 4183 εἰσιν
664 4128 693 4187 ἦ
731 4127 1141 4201 Ἱεροσολυμῖται
1183 4144 1196 4191 ;
1230 4124 1392 4179 ἔδωκε
1443 4124 1499 4180 δε
1528 4127 1669 4199 αὐτῷ
1701 4148 1793 4187 ση-

218 4222 336 4283 μεῖον
391 4222 507 4280 τοὺς
568 4219 962 4291 άπραγοτέρους
1005 4221 1093 4268 καὶ
1142 4218 1191 4251 ²²
1248 4216 1444 4289 ἁεργεῖς
1496 4216 1657 4287 λέγειν
1712 4219 1792 4270 ὃτι

220 4304 465 4374 Δίγυπτιοί
518 4307 677 4369 εἰσιν,
730 4310 819 4357 καὶ
875 4305 1039 4375 ἔλεγεν
1105 4304 1245 4375 αὐτῷ
1304 4310 1421 4378 περὶ
1476 4313 1574 4357 τῶν
1632 4307 1793 4378 Αἰγυ-

217 4397 350 4445 πτίων
377 4397 422 4430 ’³
502 4400 731 4453 ποίησον
762 4397 922 4466 φακὸν
972 4398 1061 4446 καὶ
1109 4390 1205 4456 δὸς
1248 4393 1423 4454 αὐτοῖς
1462 4403 1667 4465 φαγεῖν.
1699 4401 1792 4448 καὶ

1925 515 2103 571 nibus
2151 517 2341 574 facere
2391 536 2509 575 non
2564 522 2845 590 potuisse.
2892 523 3280 593 Respondens
3328 533 3571 584 sanctus

1924 607 2208 661 Macarius
2240 624 2252 661 :
2286 611 2429 675 Ego,
2459 609 2669 679 inquit,
2699 611 3142 679 sexagesimum
3174 628 3289 681 ago
3316 631 3572 687 annum,

1924 710 1993 748 ex
2035 712 2155 766 quo
2203 703 2453 752 statutas
2488 706 2724 753 centum
2776 703 3075 755 orationes
3128 701 3299 767 facio,
3356 719 3568 776 eaque,

1921 798 2078 854 quae
2119 792 2256 840 sunt
2296 789 2372 841 ad
2422 787 2772 842 alimentum
2834 792 3190 853 necessaria,
3238 793 3384 846 meis
3426 794 3572 849 mihi

1922 873 2205 928 manibus
2218 891 2530 945 comparo,
2545 893 2612 931 ac
2626 876 2905 931 fratribus
2918 878 3179 932 debitam
3198 896 3290 933 me
3305 881 3571 937 adeundi

1920 963 2158 1032 copiam
2187 963 2392 1029 reddo,
2422 980 2528 1019 nec
2556 983 2646 1019 me
2676 982 2807 1020 mea
2837 968 3201 1022 conscientia
3227 968 3447 1025 iudicat
3473 985 3572 1025 ne-

1919 1050 2237 1120 gligentem
2261 1069 2411 1107 esse.
2441 1056 2521 1108 Tu
2556 1070 2710 1117 vero,
2734 1070 2922 1126 quum
2953 1060 3241 1110 trecentas
3268 1058 3570 1113 orationes

1918 1138 2140 1194 faciens
2168 1157 2201 1194 a
2234 1141 2657 1197 conscientiam
2684 1143 2989 1208 iudicaris,
3018 1151 3119 1199 aut
3144 1159 3262 1198 non
3296 1160 3441 1215 pure
3466 1160 3568 1201 eas

1920 1234 1971 1284 te
2001 1228 2191 1284 facere
2236 1231 2458 1300 prodis,
2493 1238 2615 1299 aut,
2655 1232 2932 1303 quamvis
2974 1231 3173 1301 plures
3210 1232 3402 1287 facere
3435 1248 3568 1302 pos-

1917 1318 2017 1383 sis,
2053 1334 2170 1373 non
2198 1317 2407 1374 facere.

2712 1623 2765 1675 2.

1919 1744 1997 1798 De
2040 1742 2294 1813 Eulogio
2326 1749 2379 1799 et
2404 1741 2693 1805 mutilata,
2722 1745 2783 1813 ret
2813 1742 2886 1798 de
2914 1742 3259 1800 discrimine
3288 1760 3324 1800 a
3353 1749 3561 1800 sancto

2507 1812 2763 1869 Antonio
2790 1814 2974 1882 facta.

1983 1940 2080 1994 Est
2108 1944 2307 1994 autem
2336 1939 2535 2010 (mons
2568 1940 2623 1995 S.
2656 1938 2911 2006 Antonii)
2938 1939 3087 1994 inter
3120 1939 3486 2011 Babylonem
3511 1946 3567 1995 et

1912 2027 2252 2083 Heracleam
2286 2028 2434 2082 situs
2467 2028 2524 2082 in
2572 2032 2737 2083 vasta
2777 2026 3120 2091 solitudine,
3150 2043 3308 2100 quae
3345 2026 3455 2085 fert
3487 2029 3563 2083 ad

1914 2132 2075 2173 mare
2109 2117 2374 2172 Rubrum
2405 2132 2475 2173 ac
2516 2117 2801 2185 tringinta
2841 2115 2959 2173 fere
3000 2117 3278 2174 milliaria
3319 2116 3500 2173 distat
3528 2133 3565 2173 a

1911 2205 2113 2261 ﬂuvio.
2167 2207 2252 2261 Ad
2315 2208 2741 2263 monasterium
2797 2208 2975 2277 igitur
3027 2222 3215 2279 quum
3267 2206 3561 2261 venissem

1911 2309 2097 2367 prope
2135 2294 2387 2350 fluvium
2417 2296 2594 2351 situm
2621 2312 2690 2351 ac
2709 2298 2899 2368 Pispir
2922 2301 3228 2361 vocatum,
3251 2295 3351 2349 ubi
3384 2294 3565 2349 disci-

1911 2384 2032 2456 puli
2072 2384 2198 2439 eius
2232 2383 2523 2440 sedebant
2553 2386 2839 2441 Macarius
2872 2391 2929 2442 et
2956 2389 3222 2447 Amatae,
3251 2384 3356 2455 qui
3382 2384 3561 2438 etiam

1912 2480 2186 2529 sanctum
2202 2474 2523 2528 Antonium
2540 2473 2890 2529 defunctum
2905 2472 3283 2545 sepelierunt,
3296 2472 3562 2543 quinque

1909 2562 2141 2623 diebus.
2175 2568 2236 2618 ut
2269 2567 2543 2617 sanctum
2574 2564 2897 2618 Antonium
2940 2562 3344 2625 convenirem,
3374 2574 3557 2630 expe-

1909 2653 2081 2709 ctavi.
2113 2652 2221 2717 Qui
2252 2651 2327 2705 ad
2360 2650 2474 2707 hoc
2506 2654 2935 2708 monasterium
2965 2651 3146 2707 modo
3176 2654 3311 2721 post
3330 2649 3564 2718 decem,

1912 2742 2091 2798 modo
2119 2747 2253 2813 post
2283 2740 2506 2810 viginti,
2541 2741 2845 2797 interdum
2881 2748 2937 2795 et
2962 2746 3095 2811 post
3117 2737 3563 2811 quinquaginta

1908 2831 2035 2886 dies
2067 2831 2350 2886 accedere
2366 2830 2698 2895 dicebatur,
2725 2836 2900 2901 prout
2925 2832 3076 2884 Deus
3095 2843 3232 2883 eum
3258 2830 3461 2895 ageret
3484 2825 3559 2881 ad

1910 2920 2379 2975 subveniendum
2408 2920 2499 2983 iis,
2531 2920 2633 2989 qui
2672 2934 2745 2973 eo
2772 2918 3157 2974 advenerant.
3199 2915 3369 2986 267
3409 2914 3561 2970 Varii

1909 3015 2106 3066 autem
2132 3009 2341 3064 fratres
2360 3009 2438 3063 ob
2454 3008 2645 3063 varias
2660 3008 3038 3062 necessitates
3057 2992 3557 3067 conveneramUs,

1910 3116 1981 3156 ex
2010 3097 2232 3171 quibus
2263 3103 2319 3153 et
2359 3096 2633 3168 Eulogius
2662 3096 3102 3151 Alexandrinus
3129 3093 3377 3149 fuit......

2098 3326 2320 3391 Evenit,
2348 3331 2409 3381 ut
2437 3325 2623 3382 altero
2649 3325 2743 3381 die
2776 3339 3033 3394 magnus
3068 3323 3377 3390 Antonius,
3404 3322 3563 3379 chla-

1911 3418 2111 3490 myde,
2133 3417 2281 3472 sicut
2308 3416 2555 3471 Cronius
2574 3414 2855 3479 narravit,
2879 3413 3124 3485 pellicea
3147 3413 3404 3469 amictus
3428 3427 3562 3468 sero

1910 3507 2137 3578 vesperi
2170 3506 2413 3561 veniret.
2447 3507 2637 3575 Atque
2666 3505 2970 3573 ingressus
3000 3508 3089 3557 est
3129 3502 3559 3557 monasterium

1912 3613 2109 3652 suum.
2152 3595 2269 3651 Hac
2302 3600 2499 3650 autem
2527 3593 2586 3648 in
2613 3595 2863 3649 Macario
2895 3590 3190 3663 discipulo
3218 3608 3323 3646 suo
3354 3590 3429 3647 de
3460 3590 3560 3655 iis,

1908 3687 2011 3758 qui
2040 3685 2423 3749 advenerant,
2456 3682 2881 3750 interrogando
2921 3680 3199 3736 utebatur
3234 3684 3559 3735 consuetu-

1907 3774 2066 3841 dine,
2104 3781 2162 3829 ut
2189 3772 2516 3829 monachos
2544 3776 2784 3826 vocaret
2812 3769 3402 3840 Hierosolymitanos,
3436 3784 3561 3824 sae-

1906 3863 2136 3919 culares
2175 3877 2315 3917 vero
2369 3860 2711 3931 Aegyptios.
2764 3860 3009 3927 Magnus
3060 3856 3238 3925 igitur
3290 3872 3302 3909 :
3347 3856 3559 3912 Macari

1905 3952 2103 4017 frater,
2146 3952 2357 4022 inquit,
2391 3955 2755 4004 veneruntne
2796 3948 2913 4002 huc
2942 3945 3126 4017 aliqui
3158 3944 3364 3999 fratres
3397 3946 3424 4000 i’
3457 3946 3559 3999 Re-

1906 4040 2180 4114 spondit:
2214 4042 2525 4094 Venerunt.
2562 4036 2659 4091 Ille
2688 4052 2700 4090 :
2732 4038 2955 4091 Suntne
2984 4034 3283 4106 Aegyptii,
3314 4048 3390 4088 an
3434 4034 3559 4088 Hie-

1904 4130 2317 4202 rosolymitani
2344 4127 2372 4181 ‘l
2403 4128 2579 4199 Eique
2608 4126 2847 4195 signum
2882 4123 3148 4189 dederat,
3185 4127 3247 4178 ut
3271 4137 3393 4187 eos,
3427 4122 3558 4195 qui-

1903 4221 2017 4277 bus
2057 4222 2256 4275 minus
2302 4217 2521 4285 negotii
2562 4218 2734 4279 esset,
2768 4214 3094 4284 Aegyptios
3145 4227 3273 4267 esse
3312 4212 3557 4268 diceret.

1903 4315 2091 4381 Atque
2122 4308 2195 4363 ad
2225 4306 2544 4377 Aegyptios
2579 4303 2743 4375 quod
2775 4307 3021 4375 spectat,
3056 4302 3307 4358 Macario
3341 4316 3353 4354 :
3388 4304 3554 4368 Para,

1903 4398 2115 4471 inquit,
2156 4396 2397 4458 lentem,
2448 4399 2502 4450 et
2538 4393 2617 4449 da
2656 4393 2724 4447 iis
2764 4391 3099 4447 comedere.
3150 4389 3373 4445 Deinde
3415 4406 3553 4446 cum

221 4482 354 4535 ἐποίει
407 4484 587 4545 αὐτοῖς
640 4484 805 4555 εὐχὴν
872 4484 921 4518 ³⁸
994 4488 1083 4535 καὶ
1151 4481 1363 4535 ἀπέλυεν
1423 4486 1630 4545 αὐτούς.
1694 4483 1789 4537 ἁπ-

1914 4489 1973 4543 ιὶε
2017 4485 2350 4542 orationem
2394 4482 2667 4546 faciebat,
2716 4496 2939 4552 eosque
2988 4479 3345 4535 dimittebat.
3394 4480 3555 4536 Tunc

220 4574 425 4643 εερίνατο
460 4570 519 4626 δε
558 4577 676 4625 τότε
724 4574 750 4624 6
789 4574 1058 4647 Μακάριος
1095 4576 1212 4646 περὶ
1256 4574 1400 4643 ἡμῶν
1447 4569 1541 4625 διὰ
1585 4576 1670 4625 τὸν
1708 4573 1788 4626 λεο

220 4655 500 4730 λωϐημὲνον,
571 4663 650 4714 ὅτι
710 4659 929 4733 μιγάδες
985 4660 1137 4715 εἰσίν.
1204 4659 1288 4712 ἑὰν
1355 4657 1414 4713 δε
1470 4660 1655 4733 ἔλεγεν,
1711 4664 1792 4714 ὅτι

219 4742 598 4821 Ἱεροσολυμῖται
647 4750 777 4802 εἰσιν
822 4751 892 4813 ³⁵,
937 4749 1207 4809 ἓκαθιζετο
1256 4744 1348 4801 διὰ
1397 4751 1572 4811 πάσης
1609 4756 1791 4813 νυκτός

222 4839 294 4886 καὶ
331 4836 486 4891 έλάλει
532 4838 705 4899 αὐτοῖς
756 4841 820 4891 τὰ
880 4842 1012 4912 πρὸς
1065 4842 1348 4911 σωτηρίαν.
1401 4839 1448 4890 έν
1490 4838 1653 4912 έκείνῃ
1705 4836 1791 4892 οὖν

223 4929 272 4993 τῇ
314 4924 498 5000 έσπίρᾳ
545 4930 833 4995 καθεσθείς,
887 4932 1039 5000 φησί,
1088 4926 1463 5001 προσκαλεῖται
1516 4929 1715 4990 πάντας
1767 4930 1792 4980 6

224 5016 363 5082 μέγας
384 5034 433 5070 κ.
474 5036 525 5072 τ.
560 5016 610 5070 λ.

1903 4575 2192 4632 Macarius
2218 4573 2291 4629 de
2323 4572 2497 4628 nobis
2530 4571 2610 4626 ob
2642 4569 2981 4625 mutilatum
3011 4568 3175 4624 illum
3208 4567 3553 4639 respondit:

1901 4665 2052 4721 Mixti
2083 4662 2322 4719 adsunt.
2369 4660 2465 4715 Sin
2497 4658 2736 4714 dicebat
2778 4674 2791 4713 :
2837 4656 3356 4728 Hierosolymitani
3396 4661 3554 4721 sunt,

1902 4759 2146 4811 sanctus
2194 4766 2296 4822 per
2344 4754 2526 4805 totam
2580 4753 2817 4805 noctem
2864 4745 3129 4808 sedebat,
3188 4744 3265 4800 ad
3314 4759 3554 4815 eosque,

1902 4858 2060 4916 quae
2081 4840 2159 4898 ad
2186 4839 2438 4896 salutem
2464 4839 2777 4909 pertinent,
2802 4834 3180 4907 loquebatur.
3218 4832 3318 4891 Illa
3350 4836 3553 4889 autem

1906 4946 2157 5004 vespera
2182 4929 2434 4998 Magnus
2466 4926 2681 4982 sedens
2711 4939 2923 4981 omnes
2954 4922 3377 4979 arcessivit.....

1519 5169 1782 5226 VARIAE
1821 5168 2224 5228 LECTIONES.

287 5316 326 5351 “
353 5323 454 5372 καὶ
484 5334 612 5376 om.
645 5323 717 5376 A.

230 5386 408 5457 εὐχῶν
439 5391 548 5442 οὐκ
590 5388 929 5450 ἠδυνήθην
969 5400 1219 5451 ποιῆσαι,

802 5321 849 5395 ‘f
880 5320 993 5376 Pro
1022 5320 1155 5373 κατ’
1197 5320 1531 5395 έκείνην-
1568 5322 2093 5395 ποιῆσαιΒγυπερ
2132 5322 2561 5395 γυναῖκαὶιαὶ
2750 5314 2953 5395 Δπλείω
2984 5320 3105 5366 τῶν
3142 5314 3559 5395 τριακοσίων

1305 5393 1352 5429 ¹⁴
1379 5392 1434 5445 εί
1465 5406 1585 5447 om.
1620 5396 1666 5447 A
1694 5397 1755 5459 Β,
1779 5393 1984 5449 addidi
2017 5392 2084 5447 ei:
2125 5392 2279 5446 coni.

2360 5392 2408 5427 ³⁸
2435 5384 2714 5462 Bprofert
2744 5387 2981 5462 titulum
3018 5389 3211 5462 :Ainpi
3250 5384 3558 5462 εὐλογίου

230 5466 324 5508 ruﬁ
352 5463 800 5537 σχολαστικοῦ
838 5468 943 5515 καὶ
984 5472 1092 5517 τοῦ
1130 5462 1596 5537 λελῳϐημίνου.
1641 5457 1998 5537 ¹⁶Βμαθηταὶ
2040 5472 2151 5517 τοῦ
2191 5457 2843 5537 μεγάλουῖιντωνίου.
2874 5457 3558 5537 ¹⁷δέκαμθέςοντο-.Πίσπιρ

233 5541 333 5583 om.
364 5537 414 5587 Β.
492 5534 538 5571 ¹⁸
586 5534 695 5591 Pro
744 5539 849 5587 τὸν

940 5539 1213 5609 ακάριον
1254 5535 1595 5588 ’Λντώνιον
1640 5539 1679 5592 Β
1720 5535 1911 5589 αὐτὸν
1950 5539 2077 5590 τόν.

2579 5538 2622 5569 ⁸ο
2675 5535 2907 5586 εἴκοσι.
2998 5530 3038 5566 ²¹
3091 5531 3129 5586 Β
3169 5532 3559 5584 πεντίκοντα

2159 5531 2204 5571 ¹9
2238 5531 2290 5589 Β’
2319 5531 2496 5588 δέκα.

237 5556 333 5608 υιμι
365 5556 414 5587 D.
493 5556 538 5571 "
587 5556 695 5591 ι’Γο
744 5556 849 5587 τον
940 5556 1213 5609 ακαριον
1274 5556 1595 5588 Αντωνιον
1640 5556 1679 5592 D
1720 5556 1911 5589 αυτον
1950 5556 2077 5590 τον.
2161 5556 2203 5571 ’θ
2238 5556 2277 5589 D
2319 5556 2496 5588 σεκα.
2579 5556 2621 5569 ⁸*
2675 5556 2907 5586 εικοσι.
2998 5556 3038 5566 ’⁵
3091 5556 3129 5586 D
3169 5556 3559 5584 πιντιιονῖι

237 5598 365 5681 (ξιιὴς
413 5605 506 5681 Α²¹⁹
534 5606 785 5681 Averbo
816 5556 1045 5681 φιέλοῡν.
1078 5608 1153 5664 cf.
1185 5607 1469 5679 Stephani
1498 5609 1781 5666 Thesaur.
1859 5611 1905 5645 ³³
1955 5612 2070 5664 καὶ
2100 5622 2221 5665 om.
2256 5611 2320 5663 Α.
2399 5606 2447 5641 ³³
2473 5608 2615 5681 περὶ
2644 5612 2765 5658 τῶν
2809 5602 3185 5675 Αἰγυπτίων
3217 5617 3337 5659 om.
3374 5603 3434 5659 Β.
3510 5600 3561 5642 ⁸⁸

246 5667 280 5723 Β
315 5667 461 5748 εὐχὴν
492 5680 664 5749 μίαν.
740 5679 788 5717 ³⁵
818 5667 994 5735 εἰσιν
1025 5695 1145 5740 om.
1177 5683 1251 5739 A.
