4078 6194
449 272 553 329 203
1320 265 1425 321 SS.
1466 262 1955 320 MACAHIORUM
2002 260 2335 318 AEGYPTII
2378 259 2464 314 ET
2504 260 2991 317 ALEXANDBINI
3701 264 3811 321 204

1242 394 1297 447 3.
2131 386 2177 441 Δ
2993 390 3025 445 3

1086 512 1172 569 De
1205 510 1466 569 Valente.

2726 516 2878 587 Περὶ
2917 510 3285 575 Οὐάλεντος.

456 656 463 661 ί
520 642 736 699 Valens
765 639 1036 712 quidam,
1073 652 1285 711 genere
1317 635 1709 702 Palaestinus,
1746 635 1803 692 in
1835 636 2066 692 solitudi

2281 636 2490 698 Ούάλης
2535 657 2616 699 τις
2643 657 2701 689 το
2750 656 2894 709 γενος
2941 638 3287 701 Παλαιπινός
3339 642 3432 697 τὴν
3481 642 3671 713 ἰρημον
3719 660 3806 692 κα-

449 747 586 788 nem
610 731 911 801 profectus
930 729 1176 800 longum
1203 732 1438 798 tempus
1456 724 1772 780 nobiscum
1790 726 2050 781 habitavi

2210 724 2442 777 ταλαϐὠν
2498 731 2671 797 ᾤκησε
2753 728 2866 798 μ’ἑθ’
2934 730 3078 800 ἡμῶν
3139 727 3221 780 ἐπὶ
3284 728 3525 781 πλεῖστον
3586 734 3803 801 χρόνον.

450 822 558 886 Qui
606 836 795 892 quum
852 818 1117 874 maxima
1165 815 1402 871 vivendi
1440 815 1749 870 severitate
1796 832 2060 870 summar

2210 816 2353 874 ὅστις
2399 816 2596 887 μεγάλῃ
2650 815 2802 887 βιούς
2832 818 2878 852 ²⁶
2935 816 3310 890 σκληραγωγίᾳ
3360 821 3419 870 τὸ
3456 819 3612 892 ἄκρον
3645 820 3687 854 ⁸⁷
3721 826 3815 879 τῆς

449 910 770 965 asceticam
810 908 993 963 vitam
1028 905 1406 977 suscepisset,
1434 920 1587 960 vana
1626 905 1699 959 de
1726 921 1786 959 se
1818 905 2059 975 opinion

2211 901 2481 965 ἀσκήσεως
2532 907 2872 976 κατορθώσας
2927 906 2994 969 ³⁸,
3049 908 3098 957 ἑν
3155 906 3325 963 οἰήσει
3380 911 3470 958 καὶ
3520 909 3662 979 τύφῳ
3712 908 3814 959 ὑπὸ

451 1015 520 1055 ac
566 998 851 1069 superbia
894 1013 929 1052 a
958 996 1254 1051 daemone
1304 995 1508 1049 irrisus
1541 998 1595 1049 et
1631 994 1730 1048 tali
1761 995 2057 1064 pernicios

2211 989 2457 1064 δαίμονος
2510 994 2842 1065 χλευασθείς,
2886 999 2974 1047 καὶ
3022 996 3122 1046 ὑπὸ
3177 1003 3264 1047 τοῦ
3296 997 3533 1048 τοιούτου
3580 995 3814 1069 ὀλεθρίου

452 1088 637 1144 animi
685 1086 1022 1142 calamitate
1063 1084 1227 1139 brevi
1277 1088 1543 1154 tempore
1576 1083 1860 1154 deceptus
1895 1089 2000 1147 est,
2039 1100 2062 1137 t

2210 1079 2402 1137 πάθους
2452 1082 2583 1129 κατά
2624 1082 2809 1152 μικρὸν
2858 1077 3211 1151 ἀπατώμενος,
3244 1083 3336 1137 τὴν
3384 1076 3619 1132 διάνοιαν
3652 1082 3817 1133 αὑτοῦ

451 1174 699 1245 angelos
721 1190 859 1228 cum
886 1174 1017 1243 ipso
1035 1171 1397 1236 conversari,
1428 1178 1481 1225 et
1509 1170 1566 1225 in
1597 1170 1813 1243 quovis
1839 1172 2061 1227 ministi

2210 1170 2569 1239 παρεσκεύασε
2650 1168 3127 1239 μεγαλοφρονῆσαι,
3216 1171 3285 1229 ὡς
3368 1169 3592 1241 άγγελων
3674 1170 3818 1239 αύτῷ

452 1264 539 1320 rio
590 1264 699 1334 ipsi
759 1262 1043 1317 inservire
1089 1262 1347 1316 iactaret.
1385 1260 1436 1313 Is
1466 1259 1777 1331 quondam
1835 1267 2062 1332 sporta:

2215 1262 2680 1327 συντυγχανόντων
2730 1262 2817 1309 καὶ
2860 1260 2923 1309 τὰ
2952 1260 3080 1331 πρὸς
3111 1257 3337 1315 ἑκάστην
3376 1255 3643 1310 διακονίαν
3675 1259 3818 1330 αύτῷ

454 1367 779 1417 consuens,
816 1356 880 1406 ut
919 1351 1045 1406 eius
1090 1350 1234 1405 socii
1265 1353 1607 1413 narrarunt,
1640 1348 1817 1420 268
1850 1364 2064 1420 vesper.

2213 1346 2637 1417 εύτρεπιζόντων.
2709 1351 2797 1398 καὶ
2872 1366 2995 1399 ποτε
3078 1343 3318 1420 σπυρίδα
3388 1347 3675 1421 ῥάπτοντος
3728 1348 3822 1400 αύ-

454 1458 640 1515 quum
660 1441 878 1496 multae
892 1440 1170 1496 tenebrae
1184 1443 1397 1506 essent,
1411 1454 1737 1510 acum,qua
1751 1438 2054 1493 consueba

2213 1443 2305 1487 τοῦ
2336 1437 2405 1500 ³9,
2447 1438 2514 1497 ως
2540 1432 2818 1505 διηγοῦντο
2847 1437 2895 1487 οἱ
2922 1438 3111 1487 τούτου
3147 1437 3410 1499 συνήθεις,
3440 1438 3520 1488 ὅτι
3547 1435 3594 1487 έν
3622 1438 3822 1511 ἑσπέρᾳ

457 1530 678 1586 amisit.
712 1531 838 1595 Qua
860 1544 983 1584 non
1015 1529 1279 1589 inventa,
1303 1528 1564 1582 daemon
1589 1528 1639 1581 ei
1664 1527 2006 1598 lampadem
2028 1527 2067 1583 fe

2217 1524 2434 1598 βαθείας
2491 1529 2705 1584 σκοτίας
2752 1528 2917 1584 οῦσης
2968 1532 3059 1584 τῆς
3116 1522 3331 1595 βελόνης
3372 1526 3692 1586 ἐκπεσούσης
3751 1527 3818 1593 ⁸ο,

458 1621 553 1686 cit,
608 1634 728 1691 qua
778 1634 953 1673 acum
1002 1617 1237 1687 reperit,
1289 1616 1369 1671 ita
1424 1620 1486 1670 ut
1535 1617 1713 1671 miser
1753 1618 1858 1672 iste
1911 1618 2068 1686 magi

2216 1613 2323 1684 ένῇ
2366 1611 2862 1686 κατέρραπτ[ασ]εν,
2916 1618 3007 1663 καὶ
3075 1616 3146 1683 μὴ
3196 1614 3522 1685 εὑρίσκοντος
3550 1614 3711 1672 αύτὴν
3745 1616 3817 1679 ⁹¹,

457 1709 635 1763 etiam
668 1705 1411 1762 vanotumoreinﬂaretur.
1445 1705 1543 1760 Dei
1575 1712 1773 1761 autem
1794 1706 2067 1776 providet

2217 1698 2471 1775 λαμπάδα
2518 1701 2658 1771 αὐτῷ
2704 1703 2729 1753 ό
2780 1698 2984 1774 δαίμων
3043 1707 3342 1767 πεποίηκεν,
3389 1705 3457 1764 ὡς
3507 1708 3597 1755 καὶ
3654 1705 3821 1777 εύρεῖν

459 1798 539 1852 tia
557 1796 902 1852 fraternitati
933 1795 1245 1851 calamitas
1262 1793 1389 1848 eius
1415 1793 1583 1849 citius
1609 1795 1921 1849 manifesta
1948 1794 2067 1850 fact

2216 1796 2307 1856 τὴν
2363 1790 2595 1861 βελόνην,
2641 1795 2730 1843 καὶ
2774 1789 2857 1843 ἐπὶ
2887 1794 3053 1861 τούτῳ
3098 1791 3250 1844 πάλιν
3302 1792 3347 1827 ³⁸
3379 1796 3517 1862 ὄγκῳ
3565 1800 3691 1863 κενῷ
3726 1813 3823 1865 φυ-

459 1890 565 1940 est.
614 1888 759 1941 Nam
814 1884 1045 1949 accidit,
1093 1888 1154 1938 ut
1198 1882 1467 1954 hospites
1519 1882 1766 1955 quidam
1828 1881 2069 1938 fratribu

2221 1882 2448 1939 σηθῆναι
2488 1883 2572 1931 τὸν
2603 1879 2797 1934 ἄθλιον.
2832 1880 2946 1931 κατ’
2978 1880 3272 1953 οἰκονομίαν
3324 1878 3383 1933 δε
3412 1888 3502 1932 τοῦ
3532 1888 3663 1934 Θεοῦ
3697 1884 3823 1933 ϐᾶτε

459 1974 686 2029 fructus
717 1972 974 2029 aestivos
991 1970 1285 2027 afferrent.
1310 1972 1573 2035 Quorum
1598 1970 1973 2041 manipulum
2002 1971 2069 2025 dc

2220 1989 2304 2021 τον
2335 1976 2396 2041 τῇ
2442 1965 2754 2040 ἀδελφότητι
2796 1970 2824 2027 ἡ
2864 1971 3047 2020 τούτου
3082 1966 3252 2040 βλάϐη
3295 1966 3590 2031 κατάδηλος
3618 1973 3820 2041 γέγονε.

462 2062 661 2117 minus
711 2062 999 2117 Macarius
1032 2060 1344 2132 presbyter
1385 2060 1706 2130 unicuique
1742 2060 1798 2113 in
1836 2059 2072 2115 cellular

2224 2057 2409 2115 συνέϐη
2464 2057 2631 2119 ξένους
2712 2061 2851 2118 τινὰς
2917 2057 3126 2132 ὀπώρας
3200 2057 3414 2130 ἐνεγκεῖν
3476 2066 3536 2129 τῇ
3605 2055 3819 2131 ἀδελφό-

464 2151 644 2213 misit,
688 2152 1029 2222 pariterque
1075 2149 1295 2203 misero
1344 2148 1586 2203 Valenti.
1643 2148 1742 2202 Hic
1784 2164 1945 2213 eum,
2008 2165 2074 2221 qi‘

2222 2166 2342 2205 τητι
2393 2148 2466 2203 ³⁸,
2530 2148 2554 2198 ὁ
2607 2143 2663 2199 δὲ
2712 2149 2890 2220 κύριος
2946 2150 3211 2219 Μακάριος
3263 2148 3288 2199 ὁ
3331 2144 3675 2220 πρεσϐύτερος
3722 2146 3826 2199 ἀπ-

466 2240 761 2304 attulerat,
803 2238 1132 2293 verberavit
1161 2242 1217 2293 et
1245 2236 1609 2293 contumelia
1644 2236 1910 2292 afﬁciens
1944 2254 1955 2293 :
1992 2238 2076 2292 Dic

2224 2235 2413 2290 έστειλε
2439 2239 2569 2309 πρὸς
2601 2232 2777 2309 δράκα
2823 2235 3024 2307 ἑκάστῳ
3066 2236 3133 2296 εἰς
3163 2238 3227 2287 τὰ
3275 2235 3469 2301 κελλία,
3506 2236 3695 2308 ὁμοίως
3732 2240 3827 2288 καὶ

466 2330 679 2400 inquit,
715 2328 967 2383 Macario
1015 2342 1027 2381 :
1078 2332 1131 2381 te
1182 2325 1438 2381 deterior
1483 2342 1602 2379 non
1653 2342 1808 2390 sum,
1842 2326 2004 2397 quod
2050 2332 2071 2381 t

2224 2328 2391 2395 τούτῳ
2420 2333 2491 2395 τῷ
2531 2322 2691 2396 ἀθλίῳ
2721 2324 2893 2396 Ούάλῃ
2944 2325 3021 2380 ³⁸.
3070 2328 3095 2375 ό
3124 2322 3182 2376 δε
3225 2328 3308 2376 τὸν
3352 2329 3645 2397 κομίσαντα
3667 2325 3830 2396 ἔτυψε

466 2418 609 2473 mihi
643 2432 897 2473 munera
922 2416 1142 2471 mittas.
1190 2416 1383 2480 Quum
1428 2414 1608 2483 igitur
1647 2422 1887 2470 sanctus
1926 2418 2076 2471 Maca

2227 2419 2315 2465 καὶ
2355 2412 2537 2487 ὕϐρισε
2574 2414 2621 2448 ³⁵
2654 2413 2811 2484 λέγων
2842 2432 2853 2444 ·
2908 2414 3013 2465 εἰπε
3054 2422 3124 2484 τῷ
3170 2415 3217 2449 ⁸⁸
3258 2419 3533 2486 Μακαρίῳ,
3585 2415 3679 2466 ούκ
3718 2415 3829 2487 εἰμί

468 2507 589 2561 rius
618 2522 756 2560 eum
782 2506 1101 2575 deceptum
1127 2520 1257 2557 esse
1289 2503 1685 2571 cognovisset,
1717 2504 1863 2558 abiit
1885 2504 1960 2558 ad
1979 2520 2078 2559 eux

2231 2522 2325 2555 σου
2374 2508 2566 2575 χείρων
2598 2503 2665 2567 ³⁷,
2718 2503 2799 2553 ἶνα
2848 2504 2913 2553 σύ
2967 2522 3057 2573 μοι
3097 2502 3328 2574 εὐλογίαν
3360 2504 3406 2537 ³⁸
3472 2507 3696 2576 πέμπῃς,
3738 2509 3831 2556 καὶ

466 2593 928 2657 cohortandum,
953 2597 1039 2647 et:
1064 2591 1277 2647 Valens
1304 2591 1504 2657 frater,
1534 2591 1745 2662 inquit,
1778 2591 1987 2646 illusus
2014 2608 2076 2647 es

2228 2595 2383 2663 γνούς
2436 2593 2461 2643 ό
2536 2592 2685 2660 ἅγιος
2737 2594 3009 2665 Μακάριος
3068 2596 3160 2649 τὴν
3222 2592 3417 2649 πλάνην
3475 2592 3657 2656 αὐτοῦ,
3712 2594 3831 2664 μεθ’

468 2682 675 2740 desine
698 2686 754 2736 et
770 2682 1092 2753 deprecare
1117 2684 1301 2735 Deum
1332 2680 1344 2734 ι
1366 2680 1475 2745 Qui
1494 2680 1967 2736 admonitionem
1987 2681 2078 2737 eiu

2230 2682 2427 2752 ἡμέρας
2505 2680 2551 2715 ³9
2602 2678 2799 2738 ἀπῆλθε
2868 2679 3230 2753 παρακαλέσαι
3307 2681 3482 2747 αὐτόν,
3542 2685 3630 2732 καὶ
3697 2681 3832 2753 λέγει

468 2787 591 2828 non
609 2770 856 2836 audivit,
876 2769 979 2825 sed
1002 2769 1357 2825 inobediens
1376 2768 1692 2825 oblocutus
1712 2776 1817 2824 est.
1837 2769 2078 2825 Diabolu

2229 2769 2369 2839 αύτῷ
2402 2786 2415 2799 ⁸
2447 2765 2632 2840 ἀδελφε
2684 2768 2883 2835 Ούάλη,
2940 2767 3256 2840 ἐνεπαίχθης
3290 2786 3301 2797 ³
3335 2778 3539 2822 παῦσαι
3578 2774 3665 2822 καὶ
3708 2767 3832 2828 δεή-

469 2860 645 2931 igitur
686 2876 875 2932 quum
928 2863 1304 2929 compertum
1347 2858 1612 2923 haberet,
1646 2859 1973 2914 maximam
2006 2859 2079 2914 sil

2232 2860 2351 2917 θητι
2404 2866 2494 2911 τοῦ
2544 2866 2703 2915 Θεοῦ,
2745 2858 2770 2909 ό
2826 2854 2883 2909 δί
2938 2857 2995 2910 ού
3046 2863 3343 2930 προσέσχεν
3382 2866 3442 2931 τῇ
3501 2862 3832 2931 παραινέσει,

467 2950 650 3006 ﬁdem
679 2964 819 3004 eum
844 2948 1148 3015 habuisse,
1182 2947 1436 3017 ﬁguram
1468 2948 1787 3003 Salvatoris
1818 2948 2030 3013 induit,
2064 2966 2077 3003 ι

2231 2946 2452 2999 ἀπειθῶν
2503 2953 2593 2999 καὶ
2645 2946 2939 3018 ἀντιλέγων.
2995 2946 3403 3021 πληροφορηθεὶς
3452 2944 3539 3000 οὖν
3585 2949 3610 2999 ὁ
3649 2944 3836 3000 διάϐο-

470 3043 651 3095 noctu
677 3038 751 3093 ad
780 3054 917 3093 eum
950 3037 1009 3091 in
1041 3037 1463 3108 phantasmate
1502 3053 1639 3092 cum
1670 3037 1827 3092 mille
1871 3038 2080 3093 daemo

2228 3037 2334 3105 λος,
2367 3038 2443 3089 ὄτι
2473 3037 2542 3098 είς
2587 3038 2745 3111 ἄκρον
2790 3037 2930 3107 αύτῷ
2974 3038 3227 3101 πείθεται,
3281 3038 3603 3110 σχηματίζει
3646 3036 3831 3091 ἑαυτὸν

452 3129 631 3184 nibus
648 3124 971 3197 lampadas
998 3104 1327 3181 ferentibus
1350 3126 1526 3190 venit,
1543 3126 2062 3197 rotamqueigneai

2230 3127 2301 3188 εἰς
2347 3128 2392 3163 ⁴⁰
2440 3130 2526 3178 τὸν
2571 3134 2806 3199 Σωτῆρα,
2857 3131 2945 3179 καὶ
2994 3131 3339 3199 παραγίνεται
3386 3131 3512 3197 πρὸς
3548 3126 3701 3179 αὐτὸν
3746 3128 3836 3178 vu-

451 3215 731 3279 ostendit,
758 3217 817 3269 in
848 3230 973 3285 qua
1006 3214 1207 3270 media
1234 3214 1552 3271 Salvatoris
1580 3214 1833 3282 ﬁguram
1871 3215 2061 3269 simul;

2229 3219 2351 3277 κτὸς
2398 3214 2445 3267 ἐν
2490 3220 2752 3287 φαντασία
2798 3218 2927 3287 μετά
2981 3212 3240 3287 δαιμόνων
3293 3216 3481 3287 χιλίων
3546 3212 3832 3288 λαμπαδη-

456 3307 555 3363 vit.
605 3307 765 3361 Unus
798 3307 999 3359 autem
1033 3302 1223 3357 accito
1275 3320 1289 3355 :
1336 3302 1536 3357 Dilexit
1578 3308 1651 3369 te,
1695 3303 1907 3375 inquit,
1957 3304 2066 3358 Chr

2232 3308 2397 3376 φόρων
2436 3306 2505 3367 ⁴¹,
2550 3300 2799 3357 δεικνύων
2845 3308 3041 3377 τροχόν
3074 3308 3307 3377 πύρινον,
3342 3310 3430 3358 καὶ
3468 3306 3517 3357 έν
3561 3309 3705 3377 μέσῳ
3741 3310 3837 3367 τὸν

456 3398 582 3449 stus
599 3392 678 3448 ob
701 3392 850 3447 vitae
869 3395 1002 3447 tuae
1022 3390 1425 3461 integritatem
1441 3390 1897 3462 institutumque
1916 3396 2066 3446 tuuu

2230 3400 2446 3464 Σωτῆρα
2503 3396 2877 3464 σχηματίζων,
2932 3398 3021 3446 καὶ
3051 3394 3137 3447 ἕνα
3163 3393 3631 3466 προσλαμϐάνοντα
3663 3396 3709 3430 ⁸³
3739 3398 3840 3448 καί

456 3486 513 3538 et
542 3480 784 3536 advenit
812 3484 873 3533 ut
913 3484 963 3534 te
993 3478 1193 3533 videat
1221 3495 1234 3542 ;
1269 3478 1549 3546 egredere
1581 3495 1611 3533 e
1652 3478 1799 3534 cella
1828 3495 2066 3551 eumqui

2225 3481 2437 3551 λέγοντα
2482 3481 2622 3551 αύτῷ
2657 3499 2667 3510 ·
2712 3482 2919 3553 ἠράσθη
2974 3501 3069 3535 σου
3116 3485 3142 3534 ὁ
3196 3487 3424 3555 Χριστός
3469 3492 3529 3555 τῇ
3584 3492 3674 3536 τοῦ
3707 3482 3834 3556 βίου

459 3570 506 3626 si
566 3566 776 3641 procul
824 3570 1080 3623 stantem
1136 3566 1374 3630 videris,
1432 3566 1839 3637 procumbens
1903 3568 2069 3623 ador:

2227 3573 2548 3643 καθαρότητι
2600 3576 2688 3623 καὶ
2742 3571 2977 3643 πολιτείᾳ
3031 3590 3148 3636 σου,
3208 3578 3297 3625 καὶ
3351 3576 3658 3644 παρεγένετο
3701 3576 3837 3646 πρὸς

460 3661 747 3727 Egressus
776 3656 953 3726 igitur
981 3670 1013 3710 e
1044 3654 1191 3711 cella
1223 3654 1577 3712 comitatum
1612 3656 1757 3711 vidit
1797 3656 2070 3728 lampada

2229 3664 2285 3712 σε
2336 3666 2428 3712 τοῦ
2468 3656 2597 3712 ἰδεῖν
2651 3678 2725 3713 σε.
2770 3658 2934 3722 ἔξελθε
2982 3667 3076 3722 τῆς
3127 3660 3303 3721 κέλλης
3359 3680 3476 3725 σου,
3510 3665 3600 3713 καὶ
3651 3668 3833 3714 τοῦτον

461 3744 778 3805 ferentium
803 3749 859 3800 et
889 3744 1084 3816 spatio
1111 3743 1229 3800 fere
1253 3743 1430 3800 stadii
1458 3744 1904 3814 Antichristum,
1934 3762 2071 3819 quer

2226 3747 2485 3824 πόρῥωθεν
2542 3748 2750 3801 ἑστῶτα
2804 3745 2931 3801 ἰδὼν
2998 3749 3173 3820 κύψας
3228 3753 3618 3825 προσκύνησον.
3674 3752 3699 3801 ό
3769 3747 3836 3805 δε

464 3834 870 3909 procumbens
901 3834 1189 3890 adoravit.
1221 3834 1392 3889 Miser
1417 3839 1615 3890 autem
1646 3841 1951 3907 tantopere
1975 3837 2074 3893 sut

2228 3838 2438 3902 έξελθὼν
2510 3834 2617 3891 εἶδε
2687 3838 2976 3910 παράταξιν
3029 3835 3424 3913 λαμπαδηόρων
3482 3840 3551 3905 ⁸³,
3605 3844 3695 3892 καὶ
3759 3841 3833 3901 ὡς

469 3929 636 3982 actus
660 3929 716 3981 et
756 3924 1042 3994 deceptae
1083 3923 1300 3978 mentis
1330 3922 1457 3990 fuit,
1491 3928 1553 3978 ut
1579 3924 1673 3978 die
1715 3924 2079 3997 subsequent

2230 3926 2330 3980 ἀπὸ
2382 3924 2603 3980 σταδίου
2636 3930 2721 3979 τὸν
2768 3926 3127 3999 ἀντίχριστον,
3168 3933 3258 3980 καὶ¹
3310 3930 3478 3981 πεσὼν
3510 3929 3837 3999 προσεκύνη-

466 4015 693 4070 veniret
724 4014 784 4068 in
818 4012 1128 4068 ecclesiam
1177 4018 1232 4067 et
1268 4028 1471 4068 coram
1512 4013 1796 4069 omnibus
1840 4014 2063 4070 diceret

2232 4036 2335 4071 σεν.
2417 4016 2501 4069 ἐπὶ
2554 4024 2801 4069 τοσοῦτον
2881 4013 2940 4069 δε
3006 4016 3439 4091 ἓφρενοϐλάϐησεν
3498 4016 3836 4089 αἰχμαλωτι-

468 4103 604 4160 Mihi
648 4102 1071 4157 communione
1106 4116 1261 4171 opus
1306 4116 1425 4155 non
1459 4106 1545 4155 est
1575 4117 1587 4166 ;
1632 4102 1925 4157 Christum
1959 4104 2078 4157 enir

2233 4107 2375 4165 σθεὶς
2417 4106 2442 4155 ό
2486 4105 2685 4170 ἄθλιος,
2728 4108 2796 4166 ὡς
2826 4105 2937 4175 μεθ’
2984 4108 3179 4177 ἡμέραν
3238 4104 3448 4157 ἐλθόντα
3494 4105 3564 4167 εἰς
3618 4110 3710 4163 τὴν
3750 4103 3835 4155 ix-

469 4191 591 4245 vidi
621 4188 820 4243 hodie.
854 4191 1014 4242 Tunc
1060 4192 1254 4256 patres
1295 4190 1797 4258 comprehensum
1840 4205 1975 4244 eum
2020 4207 2079 4261 pe

2230 4192 2450 4250 κλησίαν
2504 4195 2585 4244 ἐπὶ
2648 4194 2851 4244 πάντων
2906 4193 3063 4247 εἰπεῖν
3093 4213 3105 4226 ·
3176 4194 3272 4265 ἐγὼ
3324 4199 3592 4255 κοινωνίας
3643 4198 3837 4267 χρείαν

473 4281 708 4345 tempus
753 4274 995 4347 aliquod
1034 4275 1187 4330 ferro
1222 4274 1555 4330 vinxerunt.
1592 4277 1770 4347 269
1801 4277 1901 4331 Cui
1939 4285 2083 4333 cont

2232 4281 2324 4331 ούκ
2382 4283 2490 4350 ἔχω
2524 4296 2535 4308 ·
2586 4284 2672 4332 τὸν
2728 4285 2958 4353 Χριστὸν
3002 4286 3103 4355 γὰρ
3164 4283 3368 4357 ἑώρακα
3417 4287 3663 4355 σήμερον.
3716 4287 3838 4335 τότε

468 4364 606 4421 nuis
638 4363 857 4418 deinde
898 4362 1177 4434 precibus
1215 4379 1324 4433 pro
1356 4380 1426 4418 eo
1470 4363 1639 4420 factis
1669 4372 1723 4420 et
1765 4365 2078 4421 multimod

2230 4366 2466 4429 λαϐόντες
2522 4368 2678 4422 αὑτὸν
2737 4373 2785 4423 οἱ
2837 4375 3053 4443 πατέρες
3102 4374 3148 4408 ⁴⁴
3194 4369 3452 4441 δεσμοῦσι
3495 4368 3703 4444 σιδήρῳ
3747 4371 3840 4423 ἰπὶ

472 4451 853 4522 despectione
883 4451 1123 4523 vitaque
1161 4452 1486 4508 austeriore
1527 4468 1743 4508 vanam
1775 4454 2082 4523 opinione:

2234 4457 2320 4509 ἕνα
2348 4462 2556 4530 χρόνον,
2598 4464 2687 4512 καὶ
2720 4465 2969 4531 συνεχέσι
3000 4468 3113 4522 ταῖς
3154 4463 3281 4533 ὑπερ
3318 4462 3479 4513 αύτού
3508 4461 3692 4532 εύχαῖς
3740 4465 3834 4512 καὶ

476 4542 852 4607 ademerunt,
888 4540 971 4595 ita
997 4545 1059 4594 ut
1094 4546 1421 4596 sanaretur.
1455 4541 1771 4597 Contrariis
1798 4543 1957 4598 enim
1981 4558 2086 4598 con

2234 4546 2443 4619 ποικίλῃ
2477 4542 2828 4623 ἀδιαφορήσει
2855 4550 2922 4583 ⁸⁸⁸
2954 4556 3042 4602 καὶ
3088 4548 3426 4622 ἀπραγοτέρῳ
3451 4547 3557 4621 βίῳ
3586 4552 3642 4601 τὸ
3669 4552 3842 4619 οἴημα

475 4631 656 4689 traria
686 4630 1049 4687 conveniunt
1074 4629 1532 4685 medicamenta.

2237 4634 2395 4687 αὐτοῦ
2442 4636 2737 4700 καθελόντες
2787 4636 3207 4710 ἀπεθεράπευσαν
3254 4639 3319 4691 ⁸⁸.
3370 4645 3479 4699 τοῖς
3526 4641 3627 4711 γὰρ
3687 4635 3839 4689 ἄναν-

478 4726 613 4783 τίοις
667 4722 734 4774 τὰ
780 4720 986 4772 ἐναντία
1042 4718 1257 4791 ἰάματα.
1314 4717 1595 4790 ἀναγκαῖον
1658 4716 1744 4771 οὖν
1810 4721 2097 4793 ἡγησάμην
2155 4729 2243 4775 καὶ
2295 4729 2415 4786 τούς
2480 4735 2579 4778 τῶν
2633 4728 2975 4799 ἠπατημένων
3035 4727 3187 4799 βίους
3245 4727 3463 4780 ἐνθεῖναι
3505 4736 3577 4798 τῷ
3640 4726 3837 4799 βιϐλίῳ

479 4813 609 4883 πρὸς
659 4808 941 4882 ἆσφάὶειαν
992 4815 1092 4861 τῶν
1273 4810 1711 4880 ἑντυγχανόντων.
1768 4809 1847 4861 ὅτι
1896 4815 1981 4862 καὶ
2043 4812 2222 4885 ἀρεταὶ
2278 4814 2525 4876 ὑπόθεσις
2581 4820 2810 4887 γίνονται
2862 4822 3100 4878 πτώσεως
3152 4824 3260 4878 τοῖς
3306 4812 3628 4888 ἁδιακρίτως
3672 4814 3840 4875 αύτάς

483 4902 909 4975 μετερχομίνοις.

1809 5106 2069 5162 νΑΒιΑΕ
2111 5106 2515 5167 LECTIONES.

560 5330 606 5411 ’ξ
640 5328 834 5403 βιούς
872 5343 994 5384 om.
1027 5327 1113 5411 BL
1169 5326 1212 5411 ξῖ
1248 5325 1293 5379 Α
1334 5326 1419 5411 τοὸν
1444 5325 1603 5411 ρῖκρον
1637 5325 1803 5398 βίον.
1838 5398 1850 5411 ²
1883 5327 1928 5411 '3-
1972 5329 2488 5411 ana-ropemxa‘uq.
2570 5334 2614 5368 ²⁹
2641 5333 2751 5388 Pro
2780 5332 3142 5406 ῥάπτοντος
3187 5336 3381 5389 αὐτοῦ
3421 5337 3461 5392 Β
3491 5337 3834 5411 ῥάπτοντι.

490 5398 1015 5474 ³⁹Απεσοῦσαςη
1072 5399 1115 5433 ⁸¹
1170 5398 1282 5453 Pro
1315 5398 1739 5474 εὑρίσκοντος
1781 5398 2054 5474 amitino}?
2099 5398 2596 5474 εύρίσκομένης.
2677 5408 2723 5439 ³³
2770 5398 2870 5457 ἐπὶ
2910 5409 3109 5474 τούτῳ
3150 5408 3340 5459 πάλιν
3380 5398 3504 5461 om:
3559 5409 3621 5463 Β.
3703 5409 3751 5443 ³³
3795 5410 3836 5463 Β

488 5480 624 5533 τοῖς
662 5471 957 5545 ἀδελφοῖς
997 5470 1292 5545 ἐνεγκεῖν.
1557 5469 1870 5545 ούάλεντι.
1951 5472 1996 5505 ³⁵
2101 5464 2283 5545 ύϐρισε
2312 5464 2418 5525 καὶ
2459 5475 2683 5545 ἔτυψε.
2764 5480 2809 5512 ³⁸
2842 5486 2911 5545 τῷ
2943 5464 3178 5533 οιι].Ἀ.
3268 5482 3309 5513 ³7
3349 5480 3423 5534 Ex
3482 5481 3663 5542 coni.,
3715 5484 3756 5533 Α
3797 5481 3835 5534 Β

490 5549 753 5650 χρείων.
831 5535 1297 5613 ³⁸Βεύλογίας.
1379 5540 1950 5611 ³⁹Βμεθ’ὴμέραν.
2030 5535 2259 5603 ⁴⁰Βώς.
2343 5546 2512 5600 “AB
2544 5535 3081 5622 λαμπαδιφόρων.
3160 5535 3829 5623 ⁴²Βπροσλαϐόντα.

592 5618 670 5650 Διὶ
701 5613 1210 5650 \..........t‘....'..._...
1310 5614 1355 5648 ιι
1392 5614 1493 5650 nn;
1521 5612 1692 5650 5.4m.
1725 5617 1939 5650 mni“,
2040 5616 2107 5647 ιι·
2138 5616 2175 5650 R
2203 5611 2580 5650 ;..i‘.......:..
2679 5622 2725 5650 Ls
2758 5624 2791 5650 υ
2819 5620 3257 5650 :n--.._...-....

582 5618 671 5673 AB
701 5604 1428 5691 λαμπαδεφόρνωννὼικθ
1448 5614 1496 5663 οἱ
1519 5604 1695 5684 ἅγιοι
1725 5604 1958 5687 πατέρες.
2040 5616 2107 5647 ⁸⁸⁸
2138 5616 2175 5671 Β
2203 5604 2636 5693 ἀδιαφορία.⁸
2679 5622 2725 5656 ⁸⁵
2758 5624 2792 5676 Β
2817 5604 3286 5696 έθεραπευσαῖ,
