4078 6194
230 266 331 324 205

1035 395 1070 447 4

797 517 963 589 Περὶ
998 511 1296 584 Ἥρωνος.

298 633 474 707 Ἥρων
539 655 624 698 τις
696 641 903 709 γέγονεν
966 631 1357 706 Ἀλεξανδρεύς,
1427 643 1662 707 γειτνιῶν
1737 656 1848 708 μοι,

235 723 466 789 ἀστεῖος,
514 731 778 798 νεώτερος,
817 726 1012 798 εὐφυὴς
1054 729 1147 784 τὴν
1187 721 1448 789 διάνοιαν,
1490 727 1716 800 καθαρὸς
1763 729 1851 778 τὸν

237 811 377 886 βίον,
429 813 546 866 καθ’
578 813 871 889 ὑπερϐολήν
918 813 1100 875 λεπτὸς
1148 820 1211 886 τῇ
1262 811 1452 886 ἀρίστη
1489 812 1739 886 πολιτείᾳ,
1784 815 1853 877 ὡς

234 901 453 962 πολλούς
496 903 619 944 ⁸⁶ο⁴⁵⁷
658 911 758 955 τῶν
805 906 1043 962 συνήθων
1075 901 1235 954 αὐτοῦ
1273 901 1454 972 λέγειν,
1504 903 1584 954 ὅτι
1609 901 1851 967 πολλάκις

236 987 333 1043 διὰ
369 999 529 1066 τριῶν
559 1001 736 1064 μηνῶν
775 993 958 1051 ἤσθιεν
1003 991 1072 1056 ⁸⁸,
1100 995 1230 1063 μόνῆ
1272 1010 1336 1063 τη
1370 996 1618 1064 κοινωνίᾳ
1661 991 1848 1065 ἀρκού-

234 1099 387 1153 μενος
443 1084 535 1132 καὶ
590 1083 637 1133 εἶ
683 1100 786 1134 που
830 1084 1150 1153 παραφανείη
1205 1078 1606 1152 ἀγριολάχοινον.
1666 1089 1847 1155 πεῖραν

236 1165 297 1222 δέ
327 1172 517 1222 τούτου
563 1172 725 1242 ἔσχον
769 1169 916 1242 κάγὼ
949 1172 1042 1222 σὺν
1081 1176 1153 1238 τῷ
1194 1174 1463 1241 μακαρίτῃ
1506 1168 1722 1241 ’Δλϐίνῳ
1763 1169 1845 1223 ἐπὶ

234 1263 330 1316 τήν
377 1265 570 1317 Σκῆτιν
604 1258 813 1312 ἀπιόντι
861 1257 1168 1330 ἀπέχουσαν
1199 1256 1284 1329 ἀφ’
1323 1259 1468 1330 ἡμῶν
1500 1259 1546 1294 ⁸⁸
1594 1257 1678 1311 ἐπὶ
1718 1258 1773 1330 μ’
1803 1261 1848 1294 ⁵ο

234 1351 498 1418 σημείοις.
552 1352 644 1402 καὶ
695 1347 746 1400 ἔν
811 1351 1013 1409 τούτοις
1073 1343 1342 1410 ὁδεύοντες
1402 1349 1549 1419 ἡμεῖς
1605 1344 1844 1420 δεύτερον

230 1438 486 1508 ἓγάγομεν
537 1442 626 1490 καὶ
674 1441 847 1509 τρίτον
875 1438 920 1474 ⁸¹
954 1436 1183 1508 ἐπίομεν,
1220 1436 1408 1498 ἐκεῖνος
1449 1433 1508 1488 δι
1553 1433 1685 1509 μηδ’
1715 1437 1843 1500 ὅλως

227 1527 552 1598 γευσάμενος
629 1526 858 1587 πεζεύων
925 1527 972 1562 ⁵³
1053 1524 1399 1586 ἀπεστήθιζεν
1466 1523 1702 1598 ψαλμοὺς
1756 1529 1840 1578 τὸν

230 1619 397 1685 μέγαν
445 1619 536 1668 καὶ
589 1614 778 1677 ἄλλους
833 1614 908 1681 ιε’,
967 1619 1062 1673 τήν
1112 1619 1238 1688 πρὸς
1267 1613 1537 1688 Ἐϐραίους
1569 1615 1840 1674 ἐπιστολήν

1845 266 2048 324 ACTA.

3510 272 3615 327 206

2759 395 2814 449 4.

2601 517 2684 573 De
2707 517 2965 573 Herone.

2033 637 2160 693 Fuit
2199 639 2349 693 Hero
2393 637 2639 709 quidam
2673 637 3126 700 Alexandrinus,
3167 639 3311 694 mihi
3354 639 3607 703 vicinus,

1963 726 2250 794 urbanus,
2295 726 2665 791 adolescens,
2699 727 2860 781 bono
2910 727 3170 795 ingenio,
3203 728 3433 796 integra
3465 729 3606 798 vita,

1963 815 2410 870 conversatione
2435 831 2617 886 supra
2637 815 2886 870 modum
2911 815 3106 870 subtili
3131 832 3322 887 eaque
3354 818 3601 888 optima,

1961 903 2044 958 ita
2089 910 2149 957 ut
2198 904 2365 958 multi
2414 920 2444 959 e
2490 903 2888 958 familiaribus
2951 904 3072 957 suis
3121 905 3404 970 dicerent,
3466 921 3606 961 eum

1961 1008 2141 1064 saepe
2167 994 2320 1048 intra
2348 999 2466 1048 tres
2489 1008 2728 1046 menses
2759 991 2943 1046 semel
2961 992 3292 1057 comedere,
3322 993 3449 1048 sola
3469 1010 3609 1049 con-

1960 1086 2186 1138 tentum
2241 1081 2667 1137 communione
2711 1085 2764 1137 et
2811 1080 3006 1135 sicubi
3055 1081 3432 1152 apparuisset
3473 1083 3605 1137 olus

1956 1177 2206 1240 agreste.
2251 1171 2732 1240 Experimentum
2781 1169 2958 1224 huius
3005 1169 3085 1224 rei
3131 1168 3257 1238 ipse
3311 1168 3424 1223 feci
3466 1186 3605 1225 cum

1954 1259 2128 1316 beato
2176 1259 2388 1313 Albino
2427 1259 2684 1313 abeunte
2739 1260 2797 1313 in
2850 1258 3083 1322 Scctim,
3139 1273 3295 1328 quae
3339 1258 3608 1313 aberata

1954 1349 2128 1405 nobis
2162 1349 2283 1404 fere
2325 1347 2726 1419 quadraginta
2761 1346 3132 1403 milliaribus.
3169 1350 3358 1418 Atque
3397 1347 3456 1399 in
3488 1345 3603 1400 hoc

1953 1438 2158 1492 itinere
2206 1453 2313 1491 nos
2360 1435 2454 1491 bis
2505 1436 2878 1492 comedimus
2922 1441 2976 1490 et
3025 1441 3106 1490 ter
3139 1435 3453 1489 bibimus:
3509 1433 3603 1489 ille

1955 1542 2092 1582 vero
2117 1542 2304 1597 quum
2341 1524 2485 1580 nihil
2511 1541 2757 1596 prorsus
2790 1529 3107 1594 gustasset,
3144 1523 3294 1577 inter
3331 1521 3601 1578 eundum

1955 1615 2292 1670 memoriter
2306 1614 2731 1686 pronuntiabat
2746 1612 3045 1683 psalmum
3076 1627 3362 1681 maguum
3377 1616 3432 1666 et
3448 1609 3599 1666 alios

230 1708 323 1757 καὶ
366 1703 616 1774 Ἡσαΐαν,
657 1709 748 1757 καὶ
793 1709 948 1777 μέρος
984 1703 1238 1777 Ἰερεμίου
1287 1711 1379 1756 τοῦ
1426 1709 1718 1778 προφήτου,
1752 1710 1837 1758 καὶ

1956 1703 2317 1776 quindecim,
2333 1701 2651 1773 epistolam
2669 1702 2743 1756 ad
2761 1700 3076 1765 Hebraeos,
3094 1705 3148 1755 et
3162 1701 3604 1769 lsaiam,etpar-

232 1799 445 1846 Λουκᾶν
489 1797 576 1845 τὸν
622 1792 1033 1865 Εὐαγγελιστην,
1099 1798 1190 1846 καὶ
1242 1794 1338 1855 τάς
1391 1797 1698 1864 Παροιμίας,
1750 1798 1840 1846 καὶ

228 1889 414 1934 τοῦτον
471 1881 780 1935 καταλαϐεῖν
851 1882 947 1935 οὐκ
999 1879 1340 1956 ἠδυνήθημεν
1407 1879 1728 1955 βαδίζοντα.
1790 1884 1840 1944 ὃς

230 1975 321 2023 καὶ
372 1971 533 2032 αὐτὸς
581 1973 714 2042 μετὰ
764 1976 952 2032 πόνους
1002 1971 1254 2044 μεγάλους
1300 1976 1391 2024 καὶ
1447 1967 1676 2045 ἱδρῶτας
1726 1991 1838 2044 γεν-

226 2064 410 2120 ναίους
449 2067 522 2130 τῷ
560 2062 703 2132 τύφῳ
744 2068 838 2122 τῆς
879 2059 1125 2122 ἀπονοίας
1175 2058 1352 2134 ἀρθεὶς
1400 2059 1467 2120 εἰς
1497 2059 1630 2132 ὕψος
1655 2065 1840 2133 μετέω-

230 2166 343 2218 ρον,
400 2145 638 2201 κάκεῖθεν
685 2147 893 2202 ἔλεεινόν
935 2153 1069 2201 πᾶσι
1115 2156 1309 2220 πτῶμα
1355 2151 1705 2220 κατενεχθεὶς,
1751 2153 1840 2202 καὶ

230 2239 369 2289 κατά
427 2245 530 2288 τῶν
577 2236 739 2308 ἁγίων
785 2241 1018 2312 πατέρων
1064 2237 1235 2296 οἰήσει
1280 2241 1478 2310 ματαίᾳ
1525 2235 1842 2311 μεγαλοφροέ

229 2330 422 2392 νήσας,
483 2328 684 2388 πάντας
741 2324 980 2400 ίξύϐρισε
1038 2325 1197 2397 λέγων
1231 2347 1245 2360 ο
1314 2328 1395 2379 ὅτι
1451 2328 1500 2379 οἱ
1548 2329 1843 2399 πειθόμενοι

229 2413 374 2484 ὑμῶν
404 2421 468 2486 τῇ
526 2409 864 2488 διδασκαλίᾳ
913 2413 1210 2468 ἀπατῶνται
1247 2433 1258 2445 ·
1290 2415 1348 2468 ού
1378 2419 1489 2489 χρὴ
1544 2418 1644 2488 γὰρ
1679 2411 1840 2469 διδασ-

231 2502 450 2563 σκάλοις
479 2502 672 2577 ἑτέροις
722 2506 968 2575 χρῆσθαι
997 2505 1044 2539 ⁵⁸
1073 2507 1326 2580 παρεκτὸς
1356 2512 1447 2556 τοῦ
1478 2511 1713 2576 Χριστοῦ
1751 2510 1842 2577 μό-

230 2611 338 2655 νου,
371 2594 457 2644 ὅτι
482 2592 635 2654 αύτὸς
667 2594 888 2666 ὁΣωτήρ
912 2589 1045 2646 εἶπεν
1076 2611 1090 2623 ⁶
1124 2616 1153 2646 ιι
1194 2599 1266 2666 μὴ
1299 2593 1552 2653 καλέσητε
1579 2592 1612 2647 δ
1618 2592 1840 2648 ιδάσκαο

228 2680 316 2743 λος
358 2680 446 2733 ἐπὶ
474 2689 573 2743 τῆς
621 2689 744 2753 γῆς.
796 2701 826 2734 ι)
858 2681 914 2743 ὃς
961 2684 1044 2735 ἐπὶ
1082 2690 1331 2736 τοσοῦτον
1374 2688 1463 2736 καὶ
1501 2684 1658 2746 αὐτὸς
1697 2682 1842 2738 ἐσκο-

228 2772 389 2828 τίσθη
449 2775 546 2827 τήν
600 2767 840 2823 διάνοιαν
908 2772 956 2806 ⁸⁵
1010 2779 1073 2845 τῇ
1132 2769 1406 2844 κενοδοξίᾳ
1474 2780 1570 2834 τῆς
1622 2773 1841 2834 οἰήσεως

231 2861 425 2913 ἄνωθεν
471 2861 613 2912 κάτω
659 2859 816 2913 ἓλθών
865 2861 932 2926 ³⁵,
967 2862 1036 2921 ὡς
1083 2861 1240 2914 αὐτὸν
1277 2859 1416 2934 μηδὲ
1468 2863 1516 2898 ⁸⁸
1549 2870 1656 2925 τοῖς
1689 2865 1840 2924 θείοις

232 2954 554 3022 μυστηρίοις
607 2949 763 3001 θίλειν
812 2951 1227 3024 προσέρχεσθαι.
1283 2949 1573 3003 τελευταῖον
1635 2948 1712 3020 δὲ,
1765 2953 1834 3014 ὡς

233 3040 331 3091 ὖπό
371 3035 739 3112 σφοδροτάτου
793 3041 958 3109 πυρὸς
995 3039 1096 3091 ὑπὸ
1136 3045 1228 3091 τοῦ
1282 3035 1528 3112 δαίμονος
1583 3040 1834 3108 ίλασθεὶς,
1871 3091 1909 3112 Π

231 3127 486 3185 κατῆλθεν
540 3125 608 3187 εἰς
651 3123 1045 3201 Ἀλεξάνδρειαν
1097 3131 1320 3200 προνοίᾳ
1357 3136 1453 3191 τῆς
1505 3131 1646 3192 θείας
1703 3129 1838 3182 οἰκο-

233 3220 420 3288 νομίας
448 3213 521 3280 δ”,
553 3217 687 3268 ὥστε
733 3215 842 3288 ἥλῳ
884 3217 970 3267 τὸν
1009 3214 1130 3288 ἧλον
1175 3213 1611 3290 ἀποκρούσασθαι
1646 3235 1658 3247 ·
1692 3237 1841 3292 περι-

235 3312 414 3358 ίπεσεν
464 3305 570 3379 γὰρ
628 3301 982 3378 ἀδιαφορίαις,
1061 3309 1151 3358 καὶ
1220 3307 1517 3380 θεατρικαῖς
1574 3309 1620 3344 ⁸⁸
1691 3309 1841 3360 ἱππο-

239 3389 508 3466 δρομίαις,
558 3397 648 3446 καὶ
694 3393 992 3454 καπηλείοις
1031 3397 1124 3456 τὰς
1176 3391 1459 3468 διατρτϐἀς
1493 3391 1632 3468 εἶχεν
1663 3398 1732 3452 ⁸9.
1765 3401 1843 3450 τί·

235 3483 323 3546 λος
366 3486 459 3535 καὶ
490 3482 560 3542 εἰς
585 3485 680 3540 τήν
725 3481 1006 3552 ἐπιθυμίαν
1046 3491 1137 3544 τῆς
1177 3489 1592 3556 γυναικομανίας
1629 3484 1843 3558 ληφθεὶς

238 3576 350 3638 καὶ,
380 3573 453 3634 ὡς
491 3572 536 3608 ⁸⁸
563 3569 841 3625 ίσκέπτετο
871 3570 1196 3644 ἀμαρτῆσαι,
1239 3569 1439 3645 μιμάδι
1476 3578 1580 3626 τινὶ
1612 3583 1844 3646 συνεχῶς

239 3662 304 3711 τὰ
354 3662 486 3731 πρὸς
538 3662 596 3712 τὸ
646 3659 790 3722 ἕλκος
833 3659 993 3712 αὐτοῦ
1061 3657 1316 3735 διελέγετο
1369 3663 1437 3714 θί.
1492 3665 1581 3715 καὶ
1639 3661 1688 3714 ἓν
1741 3670 1846 3724 τοῖς

239 3751 497 3810 τοιούτοις
527 3750 574 3786 ⁸³
606 3752 713 3802 ὄντι
741 3749 790 3786 ⁸⁸
817 3753 1020 3821 γέγονεν
1051 3750 1193 3821 αύτῷ
1230 3753 1367 3804 κατά
1396 3771 1512 3804 τινα
1550 3751 1846 3824 οἰκονομίαν

242 3838 444 3911 ἄνθραξ
492 3840 626 3890 κατά
671 3845 766 3902 τῆς
816 3837 1072 3911 βαλάνου,
1115 3844 1205 3892 καὶ
1235 3839 1321 3892 ἰπὶ
1361 3839 1415 3904 ἓξ
1441 3848 1611 3913 μῆνας
1656 3847 1848 3894 τοσοῦ-

241 3945 328 3979 τον
375 3928 423 3962 “
453 3926 720 3994 ὓόσησεν,
765 3929 836 3989 ὡς
871 3930 1244 3988 κατασᾶπῆναι
1274 3929 1434 3982 αὐτοῦ
1463 3931 1526 3982 τὰ
1569 3932 1730 4003 μόρια
1758 3934 1846 3981 καὶ

247 4015 556 4087 αὐτομάτως
608 4015 906 4071 ἀποπεσεῖν.
966 4017 1183 4091 ὕστερον
1243 4013 1301 4070 δὲ
1353 4019 1572 4088 ὑγιάνας
1631 4022 1720 4070 καὶ
1779 4017 1847 4079 είς

249 4107 604 4164 συναίσθησιν
651 4104 809 4158 ίλθὼν
850 4103 1127 4166 ἐπανῆλθεν
1175 4107 1293 4160 οἶνευ
1358 4114 1458 4159 τῶν
1511 4106 1672 4178 μελῶν
1727 4108 1847 4159 τού-

245 4211 367 4260 των,
414 4199 508 4247 καὶ
547 4193 616 4255 εἰς
644 4197 855 4266 μνήμην
903 4202 996 4257 τῆς
1049 4195 1292 4269 οὐρανίου
1339 4197 1598 4256 πολιτείας
1628 4195 1676 4248 ἓν
1728 4197 1846 4267 θείῳ

246 4286 543 4354 φρονήματι
576 4286 821 4352 γεγονώς,
870 4287 960 4335 καὶ
1006 4283 1514 4357 ἐξομολογησάμενος
1544 4292 1646 4346 τοῖς
1676 4284 1848 4357 ἁγίοις

1950 1800 2059 1848 tem
2076 1792 2346 1848 leremiae
2363 1792 2707 1862 prophetae,
2723 1790 2940 1844 deinde
2959 1788 3600 1857 Lucamevangelistam

1950 1890 2002 1938 et
2023 1881 2338 1936 Proverbia
2361 1896 2373 1934 :
2393 1895 2589 1952 neque
2610 1895 2749 1933 eum
2773 1883 3120 1950 poteramus
3147 1877 3435 1947 consequi
3460 1892 3602 1947 pro-

1949 1971 2339 2042 gredientem.
2363 1969 2527 2022 Idem
2560 1975 2695 2039 post
2721 1982 2974 2035 magnos
2998 1966 3234 2022 labores
3260 1971 3315 2020 et
3341 1963 3600 2036 praecla-

1949 2076 2048 2116 ros
2090 2059 2338 2114 sudores
2382 2057 2538 2113 fastu
2585 2063 2642 2112 et
2697 2055 2940 2111 stultitia
2970 2055 3028 2110 in
3071 2070 3375 2108 summum
3440 2053 3600 2109 fasti-

1951 2150 2120 2220 gium
2163 2148 2375 2213 elatus,
2417 2152 2473 2201 et
2515 2145 2732 2200 dehinc
2780 2142 3104 2200 miserabili
3133 2141 3415 2198 omnibus
3453 2157 3600 2198 casu

1955 2238 2131 2309 27o
2159 2236 2601 2308 praecipitatus,
2627 2234 2802 2289 etiam
2836 2240 3074 2288 sanctos
3097 2235 3294 2302 patres
3321 2247 3478 2287 vana
3506 2230 3599 2286 sui

1953 2329 2230 2396 opinione
2255 2325 2332 2380 ita
2358 2323 2726 2394 contemptui
2747 2321 2979 2386 habuit,
3018 2327 3077 2374 ut
3105 2319 3389 2375 omnibus
3421 2318 3600 2376 insul-

1952 2421 2103 2472 taret
2139 2416 2344 2470 dicens
2387 2431 2400 2469 :
2431 2414 2539 2478 Qui
2574 2416 2782 2484 parent
2809 2416 3036 2466 vestrae
3076 2408 3404 2476 doctrinae,
3445 2409 3600 2465 deci-

1953 2505 2243 2577 piuntur;
2289 2518 2484 2575 neque
2530 2502 2691 2557 enim
2727 2503 2959 2571 Oportet
3000 2497 3298 2568 magistris
3338 2497 3468 2553 aliis
3517 2497 3600 2554 uti

1951 2599 2186 2667 praeter
2215 2592 2406 2647 solum
2430 2590 2751 2655 Christum,
2783 2589 2926 2660 quia
2947 2587 3078 2659 ipse
3106 2586 3376 2643 Salvator
3405 2585 3554 2641 dixit
3582 2602 3593 2641 :

1949 2684 2039 2739 Ne
2054 2681 2394 2738 vocaveritis
2407 2679 2756 2749 magistrum
2771 2693 2952 2749 super
2964 2681 3206 2733 terram.
3224 2675 3388 2730 Idem
3402 2679 3600 2730 mente

1951 2777 2257 2842 tantopere
2283 2770 2643 2825 obcaecatus
2665 2773 2751 2822 est
2779 2783 2935 2822 vana
2951 2765 3340 2838 persuasione
3365 2763 3598 2835 opinio-

1950 2861 2065 2926 nis,
2107 2859 2384 2914 deorsum
2425 2871 2712 2928 praeceps
2754 2854 2962 2918 factus,
3007 2860 3070 2909 ut
3101 2853 3279 2909 nollet
3317 2852 3599 2908 accedere

1951 2951 2028 3004 ad
2055 2948 2254 3003 divina
2286 2945 2586 3016 mysteria.
2629 2944 3000 2998 Postremum
3033 2941 3185 2996 sicut
3211 2957 3246 2996 a
3288 2941 3603 2995 vehemen-

1951 3037 2185 3092 tissimo
2230 3037 2364 3105 igne
2405 3050 2441 3089 a
2483 3033 2780 3088 daemone
2825 3032 3101 3100 agitatus,
3148 3031 3307 3084 venit
3345 3028 3601 3083 Alexan-

1949 3126 2142 3182 driam
2183 3123 2388 3180 divino
2417 3121 2688 3196 quodam
2732 3119 3002 3187 consilio,
3045 3125 3106 3172 ut
3144 3117 3311 3172 clavo
3357 3118 3596 3171 clavum

1950 3214 2304 3271 extruderet.
2336 3210 2606 3267 lncideus
2635 3208 2794 3264 enim
2827 3207 2887 3262 in
2931 3205 3366 3262 indifferentem
3399 3219 3599 3260 rerum

1952 3319 2149 3367 usum,
2169 3303 2226 3358 in
2255 3300 2503 3357 scenicis
2524 3297 2960 3370 hippodromis,
2993 3300 3048 3351 et
3070 3295 3129 3350 in
3155 3292 3447 3365 cauponis
3477 3308 3602 3346 ver-

1952 3393 2223 3448 sabatur.
2263 3389 2596 3460 Deniqueet
2623 3387 2682 3442 in
2705 3384 3095 3456 cupiditatem
3131 3378 3601 3438 mulieriositatis

1952 3481 2159 3553 lapsus
2188 3495 2377 3552 quum
2393 3476 2776 3532 meditaretur
2798 3489 3064 3545 peccare,
3080 3487 3218 3527 cum
3239 3471 3422 3526 mima
3447 3485 3604 3542 qua-

1953 3571 2096 3626 dam
2115 3569 2354 3624 assidue
2375 3563 2797 3621 confabulatus
2822 3564 2872 3617 ei
2905 3561 3124 3618 vulnus
3144 3576 3321 3616 suum
3344 3558 3599 3631 aperuit.

1955 3664 2145 3731 Atque
2195 3671 2386 3729 quum
2436 3653 2538 3711 tali
2587 3650 3019 3710 consuetudine
3059 3654 3343 3714 uteretur,
3391 3651 3604 3706 enatus

1955 3752 2043 3804 est
2109 3745 2163 3802 ei
2209 3745 2413 3800 divino
2470 3741 2737 3814 quodam
2791 3739 3038 3796 consilio
3087 3736 3494 3806 carbunculus
3543 3737 3605 3792 in

1956 3834 2196 3906 glande,
2223 3837 2279 3889 et
2309 3847 2413 3903 per
2433 3847 2534 3886 sex
2553 3843 2789 3884 menses
2817 3826 2969 3883 adeo
2996 3825 3336 3895 aegrotavit,
3360 3828 3420 3880 ut
3445 3839 3606 3880 com-

1958 3923 2286 3996 putruerint
2335 3919 2463 3990 ejus
2503 3916 2690 3972 virilia
2731 3921 2788 3971 et
2825 3930 2934 3970 sua
2981 3919 3196 3984 sponte
3252 3911 3600 3968 deciderint.

1957 4009 2345 4068 Postmodum
2380 4021 2518 4062 vero
2547 4021 2738 4078 quum
2770 4001 3172 4059 convaluisset
3199 4007 3255 4057 et
3293 4000 3373 4056 ad
3401 3998 3607 4056 melio-

1955 4117 2083 4158 rem
2133 4099 2366 4169 frugem
2423 4110 2484 4150 se
2543 4098 2878 4166 recepisset,
2926 4106 3196 4148 reversus
3248 4093 3338 4146 est
3370 4088 3607 4160 absque

1961 4187 2243 4246 membris
2282 4185 2414 4255 illis,
2468 4189 2521 4240 et
2575 4199 2711 4237 cum
2752 4182 2813 4237 in
2867 4179 3220 4236 memoriam
3269 4181 3610 4234 revocasset

1958 4278 2277 4336 coelestem
2303 4271 2838 4336 conversationem,
2867 4274 3022 4326 utea
3053 4267 3297 4324 sentiret
3319 4282 3477 4340 quae
3507 4265 3608 4322 Dei

245 4374 480 4443 πατράσι
538 4371 708 4424 πάντα
767 4373 832 4424 τὰ
888 4371 1258 4446 συμϐεϐηκότα
1332 4373 1494 4445 αὐτῷ,
1572 4371 1845 4448 ἐνεργῆσαι

1960 4372 2116 4434 sunt,
2167 4371 2226 4420 et
2272 4362 2583 4420 confessus
2640 4365 2796 4416 esset
2847 4358 3072 4415 sanctis
3111 4357 3402 4430 patribus,
3450 4370 3606 4429 quae

244 4468 304 4531 τῇ
347 4441 588 4533 πολιτείᾳ
632 4464 705 4532 μὴ
761 4441 966 4532 φθάσας.
993 4463 1104 4533 μετ’
1136 4462 1313 4534 ὀλίγας
1365 4441 1562 4537 ἠμίροις
1592 4441 1845 4534 κεκοίμη-

1959 4456 2302 4514 acciderant
2351 4453 2424 4518 ei,
2479 4451 2557 4508 ad
2601 4465 2754 4522 opus
2793 4447 3263 4506 conversationis
3311 4461 3434 4504 non
3486 4461 3612 4503 am-

245 4567 352 4602 ται.
1467 4534 1475 4537 ’
1959 4547 2115 4620 plius
2139 4543 2426 4617 pervenit,
2446 4540 2552 4599 sed
2585 4538 2795 4612 paucis
2823 4542 2958 4611 post
2975 4536 3189 4594 diebus
3218 4534 3606 4594 obdormivit.

1579 4700 1836 4758 VARIAE
1877 4696 2278 4756 LECTIONES.

319 4851 445 4891 "-‘7
474 4854 520 4906 Α
555 4849 766 4911 πολύς.
809 4850 889 4922 ,⁵⁸
916 4854 959 4906 Α
1007 4852 1049 4907 Β
1079 4853 1313 4906 ἕσθιεν.
1394 4854 1438 4888 ⁸⁹
1471 4855 1548 4908 Ex
1589 4853 1840 4916 coni.,A
1873 4851 2157 4922 ἀπεχούς
2195 4846 2287 4922 ἀφ’
2329 4847 2521 4922 ἡμῶν,
2634 4841 2834 4922 ἁγίων
2873 4837 3215 4922 ἆτξιχλούιση
3247 4835 3400 4922 ςείο).
3481 4835 3528 4873 ³ο
3558 4835 3600 4922 ρ

247 4907 761 4997 τεσσαράκοὲντᾴ.
804 4921 849 4958 ⁵¹
883 4927 1098 4997 τρίτον
1136 4939 1265 4997 om,
1306 4926 1376 4979 Α.
1436 4907 1796 4985 “iustitiam
1833 4907 2072 4997 om._’l§.
2117 4907 2164 4954 ⁸⁸
2193 4907 2905 4997 Βχρήσασθαιςῖδηξςρ
2931 4907 3603 4997 ὅς”ἓπὶ-ῖ-ᾂιάνοιανΒ

246 4981 561 5067 τοσοῦτον
601 4988 670 5046 δι
710 4981 1061 5067 ἄσκοτίσθη
1104 4998 1206 5047 τὸν
1241 4996 1576 5067 λογισμόν.
1608 4981 1670 5067 ⁷δῖ
1699 5003 1768 5067 τῇ
1809 4991 2153 5067 κενοδοξία
2195 4981 2476 5067 τ-’ἷλθών
2516 5001 2642 5067 om:
2781 4985 2828 5019 ⁵⁸
2954 4983 3201 5067 οοηὶηᾉ
3229 4981 3599 5067 abitio-refe}

251 5062 709 5138 σιδηρωθῆναι
749 5069 856 5117 καὶ
895 5065 1091 5118 αύτόν
1129 5054 1400 5138 μηδε,’Β
1440 5054 1517 5128 ὧς
1546 5054 1945 5138 μηδε(ἀύτ-ὸν
1977 5054 2165 5138 01171.),
2206 5062 2266 5138 _‘7
2312 5061 2424 5138 Pro
2451 5057 2768 5138 infimo”
2795 5054 3317 5138 -oix_ov‘op'i¢C“B,
3344 5059 3418 5125 τῇ
3464 5054 3607 5138 θ-είᾳ

254 5123 524 5210 προνοίᾳ
562 5123 1421 5210 οἰκονομήμενοςκατῆλθεν
1460 5123 1554 5210 εἷς’
1586 5123 2367 5210 ’Δλεξανδρείανέῖῗϐου-π,
2402 5131 2488 5185 ΑΒ
2523 5123 3606 5210 θεατρικοῖῇξξΑεῖχλεῆΒίποιείτο.

254 5157 524 5210 προνοιᾳ
562 5157 1066 5209 οικονομημενος
1104 5157 1420 5199 κατηΑυεν
1460 5157 1549 5199 εις
1587 5157 1879 5202 ’.ὶΑεςοινο
1941 5157 2094 5190 ειαν.
2122 5157 2367 5193 “muria,
2402 5157 2488 5185 ιω
2523 5157 2983 5198 νιαῖμιιιυιεο⁷⁷
3012 5157 3216 5198 αυλι-
3244 5157 3606 5180 own-Hv-

252 5209 425 5263 ⁵⁹ιιαὶ
462 5213 542 5273 ὡς
577 5225 700 5268 om.
727 5209 790 5264 Β.
815 5209 860 5246 ⁶¹
893 5205 1133 5281 μιμάδι
1170 5206 1714 5282 τινὶ-διελέγετο
1739 5157 1959 5267 om.
1989 5209 2036 5244 "
2061 5208 2100 5262 Β
2142 5205 2197 5258 iv
2229 5205 2506 5263 τούτοις.
2535 5201 2580 5236 ⁸³
2604 5203 2649 5256 Α
2675 5202 2851 5257 ὄντα.
2885 5199 2933 5234 ⁶⁴
2953 5200 3136 5265 Corr.,
3163 5197 3254 5254 AB
3284 5201 3610 5251 τοιοῦτον.
