4078 6194
460 263 561 319 207
1341 256 1443 312 ss.
1489 254 1966 312 MACARIORUM
2007 251 2340 309 AEGYPTll
2383 250 2469 306 ET
2508 248 2993 306 ALEXANDRINI
3708 246 3818 304 sos

464 384 2677 410 ___—_———_——————_

1991 571 2163 642 271
2210 570 2297 625 1V.

1389 709 1487 767 DE
1535 705 1825 766 SANCTO
1870 704 2132 765 MARCO
2176 703 2480 764 ABBATE
2524 704 2885 765 HISTORIA

1640 838 1693 892 E’
1732 836 1929 893 codice
1979 835 2408 892 Vindobonensi
2444 835 2620 892 edita.

450 1098 573 1149 Cod.
600 1112 698 1146 ms.
730 1096 891 1146 theol.
930 1109 1111 1159 graec.
1154 1107 1412 1149 CCLXXIV,
1445 1095 1573 1143 olim
1603 1104 1902 1149 ccxxxvn,
1939 1091 2067 1141 Bibl.
2100 1090 2247 1141 Caes.
2275 1089 2579 1140 Vindobon.
2612 1089 2946 1147 chartaceus,
2980 1089 3106 1139 in-L.

451 1330 507 1377 ln
531 1328 629 1377 hoc
656 1330 835 1377 codice
849 1328 913 1375 de
933 1330 1119 1376 sancto
1148 1326 1323 1375 Marco
1340 1325 1531 1375 abbate
1558 1324 1779 1373 historia
1798 1324 2011 1378 haecce,
2033 1336 2059 1370 e
2075 1321 2294 1370 Palladii
2322 1321 2549 1369 Historia
2576 1320 2831 1383 Lausiaca
2852 1320 3157 1383 desumpta,
3176 1323 3231 1369 et
3253 1332 3285 1369 a
3315 1332 3477 1369 manu
3500 1318 3701 1367 recenti
3724 1332 3817 1383 ne-

513 1393 777 1453 gligenter
809 1392 1024 1453 scripta,
1061 1393 1319 1452 tanquam
1358 1388 1613 1452 prologus
1648 1387 1890 1435 asceticis
1925 1385 2083 1433 Marci
2115 1383 2396 1432 cuiusdam
2430 1382 2703 1445 Capitibus
2739 1380 3155 1445 praeﬁgitur'ita
3188 1382 3459 1444 inscriptis
3502 1394 3517 1430 :
3546 1388 3650 1433 Τοῦ
3676 1380 3821 1434 άϐϐᾶ

526 1465 741 1533 Μάρκου
759 1467 980 1533 περὶτοῦ
1004 1468 1349 1530 πνευματικοῦ
1367 1464 1544 1529 νόμου,
1567 1473 1703 1522 quae
1722 1459 1771 1505 in
1803 1458 2002 1533 Magna
2027 1456 2135 1533 Bibl

2200 1456 2437 1533 veterum
2461 1455 2684 1533 Patrum
2711 1454 2872 1533 Paris.
2899 1455 2955 1502 T.
2998 1454 3063 1533 Xl
3085 1468 3136 1533 ρΣ
3160 1454 3250 1533 88§
3283 1467 3398 1533 sqq.
3432 1466 3629 1533 excusa
3660 1457 3810 1502 sunt.

514 1523 1209 1644 Codigemtdgscripsggunt
1254 1523 1566 1581 Lambecius
1594 1530 1651 1578 Τ.
1678 1530 1722 1577 V
1748 1544 1798 1592 p.
1838 1528 1945 1583 194,
1973 1527 2038 1576 de
2062 1525 2238 1574 Nessel
2272 1527 2334 1579 Τ.
2370 1526 2387 1573 ι
2422 1540 2472 1588 p.
2507 1526 2621 1578 379.
2651 1526 2723 1574 De
2763 1524 2862 1574 hac
2888 1526 3058 1574 sancti
3089 1524 3250 1574 Marci
3284 1523 3506 1572 historia
3548 1523 3613 1572 cf.
3648 1537 3817 1585 supra

512 1612 566 1659 p.
696 1609 764 1645 no
799 1638 811 1650 ,
910 1609 937 1643 e
978 1610 1027 1658 p.
1146 1608 1262 1657 sqq.

526 1891 625 1945 Hic
654 1890 1008 1945 immortalis
1047 1895 1101 1944 et
1144 1889 1353 1943 beatus
1394 1890 1643 1952 Marcus,
1671 1902 1861 1958 quum
1892 1886 2093 1955 junior
2132 1931 2136 1939 .

2280 1885 2445 1946 Οὗτος
2496 1887 2520 1936 ὁ
2576 1885 2829 1947 ἀθάνατος
2866 1890 2956 1938 καὶ
2993 1888 3251 1958 μακάριος
3300 1887 3513 1957 Μάρκος
3556 1886 3602 1920 ⁸⁵
3636 1891 3818 1937 νεώτε-

450 1986 623 2041 esset,
672 1983 839 2032 vetus
890 1983 945 2032 et
996 1993 1221 2032 novum
1276 1979 1698 2030 testamentum
1760 1975 2060 2028 memorite

2207 1994 2291 2049 ρος
2344 1975 2410 2025 ὢν
2464 1975 2687 2027 παλαιὰν
2746 1979 2833 2026 καὶ
2910 1980 3091 2033 καινὴν
3157 1979 3362 2047 ’γραφὴν
3430 1972 3813 2041 ἀπεστήθισιν,

449 2067 671 2128 didicit,
700 2066 924 2138 fuitque
957 2066 1265 2134 insigniter
1300 2065 1457 2118 mitis
1490 2071 1545 2119 et
1578 2064 1835 2118 sobrius.
1868 2062 1946 2116 De
1977 2079 2056 2134 qu

2208 2068 2374 2135 πρᾶος
2411 2063 2478 2113 ὧν
2527 2065 2642 2115 καθ’
2696 2059 2983 2137 ὑπερϐολὴν
3036 2069 3124 2115 καὶ
3165 2070 3403 2135 σώφρων.
3454 2068 3572 2136 περὶ
3622 2065 3818 2114 τούτου

449 2156 737 2210 Macarius
764 2155 1218 2220 Alexandrinus,
1243 2155 1343 2224 qui
1372 2160 1495 2207 erat
1518 2152 1857 2223 presbyter:
1886 2154 2059 2205 Μαι-ο(

2210 2153 2298 2223 ἔφη
2331 2154 2357 2202 6
2398 2155 2487 2222 μὲν
2537 2154 2586 2188 ⁶⁸
2634 2154 2904 2226 Μακάριος
2944 2154 2968 2205 6
3021 2149 3415 2225 Ἀλεξανδρῖνος
3468 2151 3818 2223 πρεσϐύτερος

449 2244 659 2313 inquit,
693 2244 1052 2299 exercitatori
1074 2258 1385 2313 nunquam
1414 2242 1548 2296 dedi
1573 2257 1682 2311 ego
1711 2241 2059 2295 oblationen:

2209 2244 2296 2305 ὤν,
2356 2242 2435 2292 ὅτι
2496 2241 2695 2312 Μάρκῳ
2752 2250 2813 2314 τῇ
2887 2242 3101 2312 ἀσκητῷ
3162 2239 3414 2293 οὐδέποτε
3466 2238 3639 2293 ἔδωκα
3709 2238 3813 2311 ἐγὼ

449 2334 551 2388 sed
585 2333 831 2401 angelus
872 2332 923 2387 ei
960 2332 1145 2387 dabat
1173 2331 1245 2385 de
1288 2330 1456 2385 altari
1501 2346 1768 2395 sumens,
1818 2345 1928 2398 ego
1964 2345 2059 2384 ver

2208 2332 2526 2403 προσφοράν,
2576 2329 2684 2381 ἀλλ’
2752 2330 2969 2401 ἄγγελος
3018 2329 3154 2401 αὐτῷ
3212 2326 3452 2382 ἀπεδίδω
3489 2330 3532 2364 ³⁷
3589 2329 3689 2381 ὰπὸ
3719 2337 3818 2381 τοῦ

449 2422 642 2476 solum
677 2421 1057 2492 splendorem
1088 2436 1301 2474 manus
1345 2419 1463 2473 vidi
1494 2419 1646 2489 ejus,
1678 2419 1781 2490 qui
1813 2418 1996 2473 dabat
2025 2436 2054 2473 e

2211 2419 2589 2490 θυσιαστηρίου
2656 2418 2948 2491 λαμϐάνων,
3027 2424 3179 2491 μόνον
3237 2415 3295 2471 δὲ
3346 2422 3430 2470 τὸν
3483 2416 3816 2493 ἀστράγαλον

450 2510 542 2564 Sic
564 2525 822 2578 magnus
840 2514 897 2563 et
920 2507 1270 2563 immortalis
1292 2509 1542 2561 Marcus.
1563 2506 2060 2578 Aliquandoquur

2209 2515 2302 2568 τῆς
2352 2511 2531 2580 χειρὸς
2578 2508 2825 2580 ἐθεώρουν
2884 2507 2982 2578 ἐγὼ
3033 2516 3122 2559 τοῦ
3164 2504 3514 2569 ἐπιδιδόντος.
3571 2507 3734 2568 οὕτως
3789 2509 3815 2559 6

450 2598 683 2651 sederet
706 2598 764 2651 in
793 2597 932 2652 aula
962 2596 1142 2652 cellae
1175 2612 1343 2659 suae,
1384 2602 1440 2651 et
1466 2596 1736 2650 animum
1760 2595 1877 2650 Deo
1908 2596 2060 2650 inten

2210 2598 2373 2667 μέγας
2411 2602 2500 2647 καὶ
2532 2595 2787 2657 ἀθάνατος
2835 2598 3066 2667 Μάρκος.
3112 2601 3234 2648 ποτὲ
3271 2596 3620 2667 καθεζομένου
3648 2599 3695 2648 ἓν
3736 2605 3804 2668 τῇ

449 2692 573 2741 tum
606 2686 871 2751 haberet,
901 2687 1140 2758 hyaena
1170 2686 1433 2741 catulum
1465 2702 1711 2741 caecum
1744 2701 1921 2739 suum
1952 2689 2059 2740 attt

2212 2683 2338 2757 αὐλῇ
2381 2692 2476 2746 τῆς
2518 2685 2695 2745 κέλλης
2733 2689 2894 2738 αὐτοῦ
2934 2691 3024 2737 καὶ
3077 2694 3149 2756 τῷ
3189 2693 3303 2755 Θεῷ
3342 2685 3816 2759 προσομιλοῦντος,

450 2776 535 2838 lit,
567 2790 827 2846 eumque
874 2782 1012 2830 ante
1062 2774 1243 2846 pedes
1282 2775 1470 2830 sancti
1514 2774 1783 2846 proiecit.
1820 2776 2003 2839 Quem
2047 2790 2060 2827 ε

2210 2773 2363 2825 ὕαινα
2401 2777 2486 2825 τὸν
2544 2776 2590 2809 ⁸⁸
2637 2774 2817 2834 ἑαυτῆς
2858 2777 3081 2846 σκύμνον
3120 2775 3305 2847 τυφλὸν
3328 2778 3449 2827 ὄντα
3488 2779 3688 2845 ἤνεγκε,
3721 2780 3818 2827 καὶ

451 2864 680 2919 sanavit
708 2850 969 2919 sanctus.
990 2862 1091 2918 Die
1107 2868 1305 2918 autem
1331 2863 1599 2935 sequenti
1632 2864 1871 2933 hyaena
1887 2862 2061 2932 pellet

2210 2862 2378 2936 ῥίπτει
2409 2863 2562 2914 αὐτὸν
2603 2863 2668 2923 εἰς
2706 2867 2820 2924 τοὺς
2867 2860 3032 2923 πόδας
3073 2872 3162 2915 τοῦ
3201 2863 3374 2935 ἁγίου,
3407 2864 3460 2915 ὃν
3503 2869 3592 2916 καὶ
3640 2862 3820 2937 ἐθερά-

451 2970 707 3025 magnae
738 2957 866 3009 ovis
897 2960 1103 3009 sancto
1134 2954 1344 3019 attulit,
1378 2971 1561 3025 quam
1601 2960 1843 3009 sanctus
1873 2956 2061 3009 Marcu

2211 2970 2395 3004 πευσεν
2443 2953 2489 2987 ⁸9
2531 2953 2555 3003 6
2604 2952 2772 3023 ἅγιος.
2816 2960 2876 3025 τῇ
2933 2952 3046 3015 ἑξῆς
3094 2954 3264 3026 ἡμέρᾳ
3312 2948 3505 3005 κώδιον
3545 2950 3816 3025 προϐάτου

450 3044 685 3114 reliquit
714 3050 923 3100 sancto
955 3043 1210 3099 Macario
1244 3059 1488 3112 magno,
1516 3050 1570 3097 et
1601 3044 1649 3097 is
1684 3044 1891 3098 beatae
1927 3043 2060 3098 Mela

2210 3040 2437 3112 μεγάλου
2487 3040 2620 3111 ἁγίῳ
2679 3045 2877 3112 ἤνεγκε,
2940 3043 3060 3113 ὅπερ
3116 3044 3141 3092 6
3198 3041 3343 3111 ἅγιος
3394 3043 3603 3113 Μάρκος
3654 3060 3818 3092 κατα-

450 3134 583 3188 niae
616 3132 856 3187 tradidit
880 3148 1012 3187 eam
1040 3148 1196 3203 quae
1215 3148 1436 3186 munus
1458 3133 1730 3202 hyaenae
1757 3131 2060 3202 appellaba

2210 3128 2408 3181 λέλοιπε
2455 3137 2527 3199 τῷ
2582 3129 2714 3201 ἁγίῳ
2747 3136 3001 3204 Μακαρίῳ
3051 3138 3122 3200 τῷ
3163 3130 3390 3201 μεγάλῳ,
3422 3136 3512 3183 καὶ
3551 3130 3701 3190 οὗτος
3746 3138 3809 3203 τῇ

449 3228 559 3277 tur.
596 3221 698 3274 Hic
741 3222 1145 3291 quadraginta
1192 3236 1384 3276 annos
1425 3226 1600 3275 natus
1647 3222 1981 3291 baptizatus
2016 3236 2059 3273 es

2212 3222 2445 3291 μακαρίᾳ
2507 3220 2707 3291 Μιλάνῃ
2770 3219 2960 3291 ἀφῆκεν
3008 3223 3065 3271 τὸ
3114 3220 3272 3282 ξένιον
3330 3228 3425 3279 τῆς
3469 3221 3650 3280 ὑαίνης
3704 3218 3816 3271 ἑπι-

450 3312 677 3381 probus
710 3310 913 3366 Christi
948 3325 1177 3366 servus.

2211 3307 2499 3378 λεγόμενον.
2580 3308 2726 3368 οὗτος
2803 3311 3195 3382 τεσσαράκοντα
3242 3310 3365 3360 ἑτῶν
3441 3306 3731 3365 ἐϐαπτίσθη
3789 3309 3817 3360 6

2209 3400 2421 3466 γνήσιος
2461 3392 2647 3458 δοῦλος
2673 3403 2764 3448 τοῦ
2793 3404 3047 3469 Χριστοῦ.

1763 3521 2019 3576 VARIAE
2062 3521 2465 3577 LECTIONES.

522 3645 568 3719 οξ
599 3643 853 3719 Nomina
902 3644 1143 3719 propria
1172 3645 1231 3700 in
1263 3644 1467 3719 codice
1497 3644 1678 3719 literis
1708 3645 1909 3715 parvis
1932 3645 2291 3701 scribuntur.
2390 3646 2437 3682 ⁶⁶
2465 3645 2608 3703 Cod.
2642 3651 2744 3702 aut
2774 3649 2887 3718 μὲν
2928 3652 3028 3703 aut
3057 3648 3327 3719 μέγ(ας).
3413 3648 3456 3683 ⁸⁷
3492 3646 3634 3703 Cod.
3669 3646 3820 3702 ἀπε-

452 3710 669 3771 δίδον.
707 3716 751 3752 ⁸³
776 3710 963 3783 Cori,
1006 3710 1144 3773 eod.
1188 3720 1283 3774 τό.
1368 3718 1415 3753 ⁶⁹
1445 3717 1587 3774 Cod.
1618 3710 1921 3791 θερᾶπευσι.

1480 4122 1578 4181 DE
1625 4121 1921 4181 SANCTO
1966 4121 2308 4180 MACARIO
2354 4120 2768 4182 HISTORIAE

1619 4282 1675 4337 E
1713 4280 1910 4336 codice
1957 4278 2391 4335 Vindobonensi
2429 4279 2641 4336 editae.

449 4526 575 4576 Cod.
603 4541 703 4575 ms.
736 4526 861 4576 hist.
884 4540 1057 4589 graec.
1084 4526 1167 4586 IX,
1205 4527 1333 4578 olim
1361 4527 1511 4587 XLII,
1535 4527 1666 4581 Bibl.
1706 4528 1854 4577 Caes.
1880 4526 2180 4577 Vindobon.
2205 4528 2440 4579 chartae.
2473 4531 2728 4595 antiquus
2766 4531 2938 4582 in-fol.

449 4757 509 4807 In
540 4757 640 4806 hoc
671 4757 851 4808 codice
878 4758 965 4821 [οἵ.
993 4758 1757 4832 Lambec..T.VIII.p_..849,dIe
1780 4759 1965 4808 Nesse!
1991 4761 2047 4808 T.
2143 4774 2192 4822 p.
2222 4759 2299 4832 31]
2322 4762 2672 4832 appendicem
2696 4764 2765 4832 ad
2801 4763 3266 4832 apophtheginata
3296 4778 3325 4832 a
3357 4764 3617 4832 Cotelerio
3647 4763 3815 4832 edita,

510 4834 669 4891 quam
691 4835 891 4891 eorum
922 4821 1307 4891 compilatorin
1340 4822 1685 4891 praefatiouis
1719 4822 1822 4891 fine
1852 4827 2127 4891 memorat.
2148 4821 2415 4891 contineri
2443 4838 2607 4891 supra
2632 4840 2681 4887 p.
2711 4828 2777 4891 367
2796 4821 3197 4891 docuimusﬂﬁx
3230 4841 3292 4876 ea
3311 4827 3474 4889 igitur
3494 4825 3815 4891 appendice,

509 4883 661 4952 cuius
687 4883 777 4931 fol.
811 4885 887 4952 θεῷ,
926 4885 1188 4952 1-τ-145..2
1211 4884 1281 4952 _d_e
1314 4883 1530 4952 senibus
1567 4886 1868 4952 anonymis,
1908 4885 2097 4952 deinde
2129 4900 2300 4948 usque
2333 4887 2399 4934 ad
2437 4883 2526 4935 fol:
2561 4883 2666 4943 163,
2694 4891 2709 4935 1
2739 4890 2816 4952 Ade
2848 4890 3085 4952 senibus.
3113 4883 3593 4952 quoruuinomina
3625 4889 3817 4938 addita

513 4949 653 5011 sunt,
688 4950 954 5001 narratur,
985 4950 1089 4994 tres
1119 4947 1435 5011 dengacario
1455 4948 1701 4997 historias
1720 4948 1876 4996 hasce
1900 4947 2243 5009 proferimus,
2268 4962 2497 5011 quarum
2525 4962 2634 4998 una
2652 4950 2850 4999 codicis
2879 4951 2968 5000 fol.
3001 4952 3107 5005 148,
3131 4947 3301 5001 altera
3330 4952 3418 5000 fol.
3444 4954 3552 5006 161.
3579 4952 3623 5005 1,
3653 4952 3815 5000 tertia

512 5007 578 5057 ad
604 5008 767 5057 ﬁnem
792 5022 963 5071 usque
993 5009 1305 5072 appendicis
1340 5010 1550 5073 legitur.

1248 5269 1298 5323 1.
2129 5277 2170 5333 C
2980 5272 3029 5325 1.

515 5354 661 5411 Dixit
691 5354 978 5412 Macarius
1009 5356 1201 5413 abbas
1238 5375 1251 5413 ζ
1294 5357 1445 5424 Quid
1487 5357 1719 5413 iudicas
1752 5358 2091 5415 interfecto-
2276 5355 2423 5412 Εἶπεν
2470 5362 2495 5410 ὀ
2563 5358 2727 5421 ἁϐϐᾶς
2768 5363 3040 5436 Μακάριος
3073 5377 3085 5389 ⁸
3125 5368 3176 5415 τί
3238 5368 3430 5435 κρίνεις
3480 5364 3594 5421 τούς
3642 5369 3813 5432 φονεῖς

446 5460 536 5499 res
564 5448 618 5499 et
646 5444 946 5502 adulteres
973 5450 1029 5501 et
1069 5446 1516 5517 sepulchrorum
1547 5446 1925 5516 depilatores,
1959 5451 2091 5502 etsi
2202 5452 2290 5499 καὶ
2343 5452 2568 5519 μοιχοὺς
2617 5454 2705 5501 καὶ
2758 5450 3140 5522 τυμϐωρύχους
3190 5456 3278 5503 καὶ
3336 5455 3379 5503 εἴ
3442 5470 3556 5503 τινα
3610 5447 3813 5507 δήποτε

446 5533 744 5604 quisalius
775 5535 1242 5606 eiusmodilegis
1270 5535 1559 5590 violator?
1587 5536 2087 5590 Habentiudicem
2201 5545 2298 5587 τῶν
2341 5544 2649 5610 παρανόμων
2684 5555 2696 5603 ;
2728 5542 2946 5609 ἔχουσιν
2999 5536 3140 5592 ἴδιον
3196 5538 3476 5597 δικαστήν.
3524 5538 3716 5610 μᾶλλον
3752 5536 3811 5591 δε

450 5624 1111 5696 suum.lmmoinquire
1133 5641 1254 5680 non
1285 5625 1461 5681 modo
1484 5625 1541 5679 in
1576 5624 1769 5680 aliena
1802 5626 2085 5690 facinora,
2201 5630 2271 5697 μὴ
2315 5636 2606 5697 μονοσιιοὼς
2669 5628 2872 5693 ἐξέταζε
2924 5632 2989 5683 τὰ
3046 5632 3350 5705 πράγματα,
3413 5629 3540 5682 ἀλλὰ
3596 5633 3685 5680 καὶ
3743 5632 3813 5683 τὰ
