4088 6192
215 296 314 353 209
1798 291 1829 344 Α

1964 295 2009 346 ι.
3460 295 3578 352 ⁷210

212 430 436 476 σεαυτοῦ
480 426 792 493 πταίσματα
830 418 992 472 πολλὰ
1044 420 1389 490 προγενόμενα
1416 417 1476 481 ⁷ο,
1532 419 1618 467 ιιαὶ
1656 416 1805 487 εὑρή-

1964 417 2029 472 ed
2062 418 2241 473 etiam
2272 418 2330 473 in
2363 418 2577 475 delicta
2608 424 2711 477 tua
2750 437 2928 492 saepe
2956 423 3409 493 praemeditata,
3441 427 3494 477 et
3527 426 3578 479 te

211 532 315 572 σεις
352 513 402 549 τί
459 514 675 564 σεαυτὸν
733 509 932 563 έκείνων
979 506 1226 566 πολλάκις
1273 510 1509 577 χείρονα.
1560 509 1650 556 καὶ
1707 507 1809 577 γὰρ

1963 522 2124 561 )sum
2148 522 2584 578 saepenumero
2612 508 2878 565 invenies
2900 511 3013 566 illis
3038 513 3323 582 peiorem.
3351 514 3499 567 Nam
3519 517 3577 566 tu

207 604 271 653 σὺ
301 601 555 662 πολλάκις
596 596 727 661 εἶδες
752 598 1058 657 ἀκολάστοις
1090 594 1375 667 ὀφθαλμοῖς
1402 611 1414 622 ·
1448 601 1599 646 τοῦτο
1628 590 1685 645 δὲ
1724 599 1813 645 καὶ

1969 612 2162 668 noque
2187 596 2428 651 lascivis
2453 597 2639 652 oculis
2668 614 2786 654 non
2814 615 2951 655 raro
2979 600 3453 671 circumspexisti
3478 616 3491 665 ;
3520 599 3577 655 id

206 690 369 751 αὐτὸς
405 686 552 748 οἶδας
598 690 678 740 ὃτι
715 692 936 759 μοιχεία
978 685 1337 760 ἁπαρτισμένη
1386 685 1543 735 ἰστίν.
1576 687 1665 734 καὶ
1694 682 1815 734 πολ-

1970 685 2104 750 uod,
2166 691 2229 740 ut
2268 685 2392 756 ipse
2446 686 2579 752 scis,
2626 703 2832 742 verum
2889 689 3006 743 iam
3057 693 3143 743 est
3194 689 3576 743 adulterium.

202 780 357 841 λάκις
401 775 739 849 έλοιδόρησας
776 780 863 828 τὸν
906 772 1126 847 ἀδελφὸν
1161 792 1253 826 σου
1277 788 1290 802 ⁸
1324 772 1416 824 οὐκ
1467 770 1687 843 ἁγνοείς,
1734 772 1814 823 ὅτι

1966 790 2111 847 aepe
2139 775 2318 829 etiam
2352 774 2514 830 fratri
2550 782 2652 830 tuo
2682 777 3057 841 maledixisti,
3092 793 3285 848 neque
3313 780 3574 845 ignoras,

203 875 297 921 καὶ
357 874 476 941 περὶ
526 871 711 920 τούτου
769 869 795 918 ὁ
844 870 1025 940 κύριος
1088 864 1400 936 ἀπεφήνατο,
1443 864 1524 914 ὅτι
1576 864 1601 913 ὁ
1661 862 1814 914 εἰπὼν

1965 880 2033 918 ac
2066 864 2139 918 de
2162 879 2222 919 re
2256 866 2574 921 Dominum
2604 864 2922 928 revelasse,
2955 866 3252 921 dicentem
3274 882 3577 939 quemque

203 961 294 1010 τὸν
328 954 551 1029 ἀδελφὸν
583 958 743 1008 αὑτοῦ
797 958 982 1028 μωρέ,
1014 957 1197 1025 ἔνοχός
1236 955 1349 1005 ἔστι
1381 951 1446 1012 εἰς
1496 956 1584 1009 τὴν
1613 955 1812 1023 γέενναν

1965 952 1999 1007 d
2033 952 2272 1009 fratrem
2322 970 2498 1009 suum
2532 975 2560 1004 ‹‹
2613 953 2771 1009 fatue
2822 975 2850 1005 ››
2889 970 3057 1010 reum
3108 970 3236 1009 esse
3270 956 3579 1023 gehennae

203 1055 300 1098 τοῦ
353 1052 533 1118 πυρός,
589 1050 646 1097 τὸ
698 1042 757 1097 δι
808 1045 1014 1096 πάντων
1067 1037 1500 1115 φρικωδέστερον,
1553 1044 1675 1101 ἴσως
1725 1040 1810 1092 ἀν-

1964 1044 2096 1111 ςηὶε.
2130 1048 2337 1113 Atque,
2376 1042 2539 1115 quod
2571 1044 2845 1099 omnium
2878 1045 3316 1099 atrocissimum
3350 1049 3454 1109 est,
3488 1045 3578 1100 vel

202 1135 361 1198 αξίως
420 1139 693 1207 προσέρχῃ
763 1140 871 1196 τοῖς
926 1132 1093 1204 ἁγίοις
1150 1135 1239 1183 καὶ
1297 1128 1585 1203 ἀχράντοις
1651 1130 1812 1182 αὑτοῦ

1963 1132 2201 1199 idignus
2250 1131 2496 1187 fortasse
2556 1132 2630 1187 ad
2683 1138 2888 1188 sancta
2944 1137 2999 1188 et
3050 1134 3399 1187 intemerata
3454 1134 3577 1188 eius

198 1230 537 1297 μυστηρίοις,
580 1230 669 1275 καὶ
708 1225 892 1295 ἔνοχος
916 1226 1031 1294 γίνῃ
1078 1227 1171 1273 τοῦ
1204 1226 1445 1291 σώματος
1483 1225 1572 1271 καὶ
1611 1226 1702 1271 τοῦ
1734 1219 1811 1270 αἶ-

1964 1220 2206 1293 iysteria
2236 1222 2495 1287 accedis,
2530 1223 2608 1277 ita
2642 1227 2704 1277 ut
2735 1238 2871 1277 reus
2902 1222 3013 1278 ﬁas
3053 1221 3325 1293 corporis
3355 1228 3411 1277 et
3449 1237 3578 1277 san-

203 1333 371 1385 ματος
426 1320 516 1365 τοῦ
561 1320 822 1385 Χριστοῦ,
874 1316 965 1363 καὶ
1004 1310 1056 1362 ὃν
1104 1313 1195 1381 μιν
1247 1314 1457 1383 κρίνεις,
1514 1310 1810 1381 εὑρίσκεται

1964 1310 2117 1363 uinis
2164 1310 2392 1365 Christi.
2447 1311 2541 1365 Ille
2574 1312 2767 1380 igitur,
2820 1327 3001 1383 quem
3046 1311 3298 1373 iudicas,
3346 1325 3575 1366 merum

204 1405 282 1454 ὅτι
331 1402 488 1471 ψιλὸν
538 1403 811 1474 ἄνθρωπον
850 1402 1106 1471 ἱφόνευσε,
1161 1402 1225 1450 σὺ
1276 1394 1335 1449 δι
1384 1399 1610 1469 εὑρίσκει
1656 1396 1810 1447 αὐτὸν

1964 1398 2225 1453 ominem
2258 1399 2547 1453 occidisse
2574 1398 3077 1470 deprehenditur;
3112 1406 3175 1454 tu
3207 1415 3345 1455 vero
3372 1398 3578 1470 depre-

204 1496 291 1542 τὸν
378 1494 611 1562 Χριστὸν
679 1495 921 1562 φονεύων,
994 1493 1083 1539 καὶ
1160 1495 1249 1547 τῆς
1326 1484 1517 1538 έκείνου
1602 1493 1809 1557 σφαγῆς

1964 1486 2197 1541 enderis
2224 1486 2520 1542 Christum
2553 1488 2750 1558 ipsum
2782 1488 3063 1543 occidens
3100 1491 3424 1559 mortisque
3452 1488 3578 1542 eius

205 1581 517 1643 ὑπεύθυνος,
565 1582 629 1639 ὡς
678 1578 893 1640 ἀναξίως
953 1582 1187 1649 μετέχων
1244 1582 1336 1627 τοῦ
1386 1573 1655 1647 ἂχράντου
1711 1580 1807 1625 σὼο

1961 1591 2073 1640 aus,
2097 1591 2285 1648 quum
2309 1576 2592 1644 indignus
2614 1578 2787 1648 273
2810 1577 3128 1648 participes
3161 1580 3575 1632 intemeratum

203 1688 361 1740 ματος
386 1674 479 1720 καὶ
506 1675 600 1719 τοῦ
631 1669 849 1739 αἱματος
882 1683 893 1695 ·
925 1668 949 1718 ὁ
980 1668 1081 1737 γὰρ
1127 1664 1361 1729 ἀναξίως,
1396 1669 1575 1737 φησιν,
1621 1665 1808 1715 ἐσθίων

1964 1681 2139 1735 crpus
2152 1671 2207 1721 et
2228 1665 2603 1736 sanguinem.
2621 1666 2787 1736 Legis
2805 1666 2963 1721 enim
2982 1684 2998 1720 :
3017 1665 3127 1733 Qui
3144 1665 3387 1734 indigne
3410 1680 3578 1720 man-

202 1763 289 1811 καί
324 1763 488 1809 πίνων
532 1760 719 1827 ἔνοχός
768 1755 881 1808 ἔστι
915 1762 1007 1807 τοῦ
1063 1759 1300 1825 σώματος
1328 1757 1418 1804 καὶ
1466 1759 1558 1804 τοῦ
1590 1753 1808 1824 αἵματος

1965 1760 2099 1809 ucat
2126 1759 2180 1810 et
2211 1753 2377 1819 bibit,
2412 1770 2547 1809 reus
2572 1760 2663 1809 est
2689 1756 2956 1826 corporis
2986 1761 3043 1810 et
3073 1754 3383 1825 sanguinis
3417 1754 3577 1809 Chri-

205 1855 293 1899 τοῦ
351 1854 615 1920 Χριστοῦ,
683 1850 772 1897 καί
834 1852 999 1918 κρῖμα
1054 1843 1219 1913 ἑαυτῷ
1298 1840 1461 1894 ἐσθίει
1510 1847 1595 1893 καί
1652 1847 1806 1895 πίνει.

1959 1844 1991 1897 ti
2027 1848 2083 1899 et
2121 1842 2408 1899 iudicium
2449 1844 2561 1898 sibi
2600 1844 2925 1899 manducat
2952 1850 3007 1898 et
3046 1844 3195 1899 bibit
3227 1861 3240 1909 ;
3289 1844 3402 1899 hoc
3442 1847 3529 1898 est
3562 1865 3573 1895 :

204 1936 340 1988 τοῦτ’
399 1940 540 1987 ἔστιν
571 1953 581 1964 ·
627 1936 799 2007 ὥσπερ
846 1933 1025 1985 έκεῖνοι
1067 1933 1115 1984 οἱ
1166 1928 1420 1985 Ἰουδαῖοι
1454 1934 1684 2003 έτρωσαν
1714 1932 1811 1983 αὐ-

1963 1933 2077 1987 icut
2130 1932 2329 1988 Iudaei
2374 1932 2453 1988 illi
2505 1934 2851 1988 occiderunt
2908 1950 3067 1999 eum,
3116 1932 3197 1987 ita
3252 1938 3305 1987 et
3357 1932 3415 1998 ii,
3473 1932 3575 2003 qui

196 2030 299 2090 τόν,
353 2026 493 2077 οὕτω
555 2028 643 2075 καὶ
690 2026 738 2076 οἱ
791 2022 1013 2085 ἀναξίως
1064 2026 1371 2094 μετέχοντες
1422 2028 1513 2073 τοῦ
1573 2027 1809 2093 σώματος

1958 2022 2149 2091 1digni
2197 2038 2415 2092 corpus
2457 2027 2513 2077 et
2539 2022 2893 2094 sanguinem
2941 2022 3070 2076 eius
3103 2026 3368 2086 sumunt,
3419 2021 3572 2077 idem

202 2121 291 2167 καὶ
323 2122 424 2166 τοῦ
457 2116 681 2185 αἵματος
713 2112 872 2164 αὐτοῦ
911 2115 969 2163 τὸ
1002 2110 1129 2163 αὐτὸ
1160 2118 1423 2163 ποιοῦσιν.
1475 2114 1563 2161 καὶ
1594 2110 1712 2181 μάλ’
1743 2112 1809 2163 εἰς

1961 2112 2161 2166 tciunt.
2195 2112 2343 2166 Nam
2375 2111 2872 2166 verisimillimum
2906 2116 3011 2175 est,
3042 2116 3097 2166 et
3122 2127 3283 2175 eum,
3311 2110 3415 2182 qui
3440 2124 3575 2180 pur-

196 2209 385 2268 κοτως,
422 2206 503 2255 ὅτι
550 2199 839 2276 διαρῥήξας
898 2202 1166 2275 πορφύραν
1220 2197 1504 2271 βασιλικὴν
1547 2204 1635 2251 καὶ
1667 2202 1692 2250 ὀ
1720 2201 1809 2275 ῥυ-

1963 2216 2129 2255 uram
2170 2201 2396 2267 regiam
2429 2201 2681 2266 scindat,
2723 2207 2778 2255 et
2807 2201 2911 2271 qui
2948 2216 3080 2255 eam
3124 2200 3401 2264 maculet,
3437 2213 3577 2255 ean-

195 2299 381 2352 πὼσας
437 2292 603 2349 αὐτὴν
654 2295 741 2342 τὸν
790 2290 943 2341 αὑτὸν
986 2290 1203 2341 θάνατον
1252 2290 1620 2359 ὑπομένουσιν.
1671 2292 1807 2342 ὥστε

1962 2305 2055 2343 em
2097 2294 2347 2345 mortem
2399 2290 2541 2361 pati.
2596 2289 2761 2344 Unde
2801 2295 2858 2345 et
2895 2290 2997 2360 qui
3038 2304 3257 2359 corpus
3302 2290 3428 2343 eius
3476 2286 3576 2344 ali-

195 2379 280 2433 οὖν
346 2386 439 2432 καὶ
495 2383 545 2432 οἱ
595 2384 968 2451 κατατεμόντες
1022 2382 1075 2429 τὸ
1132 2386 1286 2447 σῶμα
1334 2377 1496 2429 αὐτοῦ
1550 2382 1663 2429 τότε
1718 2383 1807 2430 καὶ

1964 2378 2159 2432 nando
2192 2377 2587 2447 perforarunt,
2631 2383 2682 2432 et
2714 2377 2817 2449 qui
2850 2392 3009 2432 nunc
3050 2377 3367 2448 inquinant
3405 2375 3573 2439 illud,

193 2473 238 2523 οἱ
284 2478 378 2521 νῦν
426 2471 708 2543 ῥυποῦντες
752 2468 878 2519 αὐτὸ
930 2466 979 2518 έν
1033 2466 1312 2538 ἀκαθάρτῳ
1350 2465 1504 2537 ψυχῇ
1547 2465 1807 2537 μεταλαμ-

1962 2466 2140 2537 uippe
2190 2467 2428 2536 impura
2470 2467 2667 2537 ipsum
2716 2472 2911 2521 mente
2960 2465 3371 2537 percipientes,
3415 2464 3572 2520 idem

194 2558 433 2618 ϐάνοντες
501 2557 630 2609 αὖτὸ
678 2562 771 2614 τὴν
842 2556 1004 2614 αὐτὴν
1062 2562 1167 2615 τοῖς
1224 2560 1597 2625 σταυρώσασιν
1653 2556 1808 2607 αὐτὸν

1962 2571 2054 2609 um
2100 2554 2583 2623 cruciﬁgentibus
2633 2555 2926 2610 Christum
2984 2554 3271 2609 iudicium
3315 2569 3387 2609 ex
3438 2568 3576 2624 apo-

187 2655 273 2699 καὶ
328 2649 729 2704 ὑποστήσονται
804 2641 981 2709 δίκην,
1042 2646 1173 2696 κατὰ
1230 2648 1322 2701 τὴν
1377 2651 1470 2695 τοῦ
1518 2642 1801 2696 ἀποστόλου

1042 2646 1173 2696 κατὰ
1230 2648 1322 2701 τὴν
1377 2651 1470 2695 τοῦ
1518 2642 1805 2696 ἀποστόλου
1920 2644 2053 2700 stoli
2088 2645 2284 2699 verbis
2310 2644 2619 2699 subibunt.

193 2736 485 2808 ἀπόφασιν.
654 2737 663 2747 ’

981 2826 1013 2876 2
2614 2814 2772 2877 '2.

260 2915 445 2986 Ἐλεγε
490 2917 517 2965 ὁ
566 2912 730 2974 ἁϐϐᾶς
771 2914 1064 2985 Μακάριος,
1106 2913 1179 2963 ὃτι
1227 2913 1308 2963 ὅτε
1354 2913 1494 2983 ἤμην
1546 2916 1801 2983 νεώτερος,

1986 2910 2143 2965 Alias
2193 2908 2499 2964 confessus
2552 2915 2639 2963 est
2691 2909 2979 2965 Macarius
3039 2908 3231 2963 abbas
3293 2924 3305 2963 :
3378 2910 3570 2974 Quum

186 3001 495 3063 ἁκηδιάσας
551 3002 598 3054 έν
650 3010 723 3072 τῷ
776 3001 957 3073 κελλίῳ
1011 2999 1224 3063 ἐξῆλθον
1264 3000 1333 3062 εἰς
1364 3004 1457 3059 τὴν
1488 3002 1697 3074 ἔρημον,
1729 3000 1800 3052 λέ-

1960 2999 2110 3053 inior
2151 3013 2344 3053 essem
2387 2998 2664 3069 curisque
2711 3000 2769 3052 in
2816 2998 2961 3052 cella
3006 3012 3305 3064 vacarem,
3349 2997 3405 3051 in
3452 3012 3574 3053 ere-

187 3115 295 3165 γων
344 3100 422 3164 τῷ
470 3092 708 3163 λογισμῷ
760 3110 881 3162 μου,
933 3090 1011 3141 ὅτι
1131 3087 1191 3140 ἂν
1233 3086 1556 3162 ἁπάντὴσης,
1611 3088 1801 3161 έρώτη-

1962 3104 2085 3142 ium
2123 3086 2418 3157 profectus
2447 3102 2683 3143 mecum
2714 3092 3003 3156 reputans
3036 3085 3154 3140 dixi
3191 3102 3203 3140 :
3236 3086 3334 3140 Cui
3370 3101 3576 3141 occur-

180 3202 287 3255 ,σον
321 3182 481 3232 αὐτὸν
530 3182 692 3252 χάριν
737 3178 999 3251 ὠφελείας.
1029 3183 1118 3230 καὶ
1172 3177 1317 3239 εὖρον
1346 3174 1561 3229 παιδίον
1605 3175 1794 3250 βόσκον

1959 3194 2016 3242 s,
2052 3192 2187 3232 eum
2222 3176 2520 3246 interroga
2561 3191 2667 3247 pro
2710 3174 2952 3230 utilitate
2980 3180 3101 3230 tua.
3132 3179 3322 3246 Atque
3359 3190 3573 3245 pueru-

190 3270 325 3343 βοῦς
355 3272 428 3334 ⁷⁸,
473 3276 560 3321 καὶ
601 3268 730 3339 λέγω
762 3267 901 3337 αὐτῷ
934 3285 945 3296 ·
972 3271 1024 3319 τί
1054 3271 1285 3330 ποιήσω,
1315 3262 1552 3331 παιδίον,
1582 3269 1661 3319 ὅτι
1689 3287 1800 3320 πει--

1958 3282 2036 3321 im
2074 3266 2272 3321 inveni
2306 3266 2483 3320 boves
2520 3270 2886 3336 pascentem,
2916 3264 3010 3319 cui
3042 3284 3054 3322 :
3091 3263 3265 3330 Quid,
3298 3265 3572 3336 inquam,

186 3368 304 3427 νεῶς
347 3360 487 3429 λέγει
538 3376 663 3429 μοι·
716 3361 805 3408 καὶ
852 3358 998 3428 φάγε.
1049 3355 1203 3407 πάλιν
1261 3352 1423 3423 εἶπον,
1479 3357 1559 3407 ὃτι
1590 3358 1796 3427 ἔφαγον,

1957 3356 2149 3418 ιοὶειω,
2182 3354 2448 3425 puerule,
2496 3355 2639 3425 quia
2669 3353 2913 3409 esurio?
2952 3354 3003 3407 ls
3047 3352 3190 3408 mihi
3225 3370 3238 3407 :
3290 3352 3571 3419 Comede,

192 3456 286 3501 καὶ
333 3447 492 3499 πάλιν
545 3454 723 3499 πεινῶ.
773 3444 926 3496 πάλιν
976 3444 1112 3516 λέγει
1158 3463 1249 3515 μοι
1279 3461 1289 3472 ·
1324 3448 1413 3496 καὶ
1450 3444 1602 3496 πάλιν
1635 3447 1790 3517 φάγε.

1959 3445 2121 3515 ιιιιιίῑ,
2173 3443 2437 3499 tandem.
2485 3444 2630 3499 Tum
2684 3458 2843 3511 ego:
2887 3441 3151 3505 Comedi,
3207 3442 3310 3496 sed
3362 3442 3573 3497 iterum

187 3544 279 3589 καὶ
339 3537 496 3588 πάλιν
546 3534 708 3600 εἶπον,
768 3536 849 3586 ὅτι
921 3532 1164 3594 πολλάκις
1224 3535 1431 3604 ἔφαγον,
1502 3540 1592 3586 καὶ
1643 3535 1797 3588 πάλιν

1958 3533 2130 3588 surio.
2180 3537 2257 3587 Ac
2301 3548 2512 3587 rursus
2553 3532 2696 3587 mihi
2745 3532 2891 3586 dixit
2938 3547 2949 3585 :
3007 3533 3158 3599 Ergo
3211 3529 3425 3585 iterum
3481 3546 3572 3585 co-

186 3635 371 3680 πεινῶ.
400 3631 517 3677 τότε
543 3624 680 3695 λέγει
731 3642 821 3695 μοι
850 3642 861 3655 ·
902 3624 1047 3693 τάχα
1095 3626 1204 3684 ὄνος
1251 3622 1312 3690 εί,
1362 3620 1519 3687 ἁϐϐᾶ,
1566 3624 1645 3676 ὅτι
1676 3626 1799 3675 πάν-

1950 3622 2103 3678 aede.
2150 3621 2427 3678 Similiter
2466 3627 2519 3676 et
2554 3636 2663 3691 ego
2707 3637 2718 3673 :
2764 3622 3232 3690 Saepenumero,
3293 3619 3564 3691 inquam,

185 3735 303 3769 τοτε
336 3720 556 3787 τρώγειν
591 3713 765 3774 θέλεις.
806 3717 895 3764 καὶ
925 3710 1199 3783 ὠφεληθεὶς
1241 3709 1578 3783 ἀνεχώρησα.

1957 3710 2167 3775 οωοιὶί,
2201 3710 2524 3782 denuoque
2548 3725 2783 3780 semper
2810 3709 3029 3763 esurio.
3062 3709 3147 3762 Ad
3174 3707 3322 3763 haec
3354 3707 3447 3762 ille
3478 3723 3571 3762 re-

184 3803 482 3877 spondit:
515 3803 643 3857 Non
688 3800 939 3856 multum
971 3799 1161 3866 abest,
1198 3805 1257 3855 ut
1286 3800 1495 3855 asinus
1523 3802 1623 3866 sis,
1661 3802 1841 3869 abba,
1877 3800 2103 3873 quippe
2134 3800 2236 3871 qui
2270 3814 2506 3869 semper
2536 3800 2691 3853 vesci
2724 3796 2887 3854 velis.
2925 3801 3128 3868 Itaque
3162 3802 3374 3851 nactus
3414 3795 3577 3850 utili-

184 3898 376 3950 tatem
410 3890 677 3947 discessi.

971 3977 1024 4033 3.
2716 3976 2766 4030 3.

259 4073 432 4144 Γέρων
464 4087 546 4130 τις
577 4062 878 4139 διηγήσατο
905 4070 1024 4138 περὶ
1070 4070 1165 4116 τοῦ
1218 4063 1356 4118 ἅϐϐᾶ
1384 4070 1684 4141 Μακαρίου,
1718 4067 1796 4121 ὅτι

1978 4068 2167 4123 Senex
2210 4063 2449 4120 tradidit
2479 4063 2553 4119 de
2597 4062 2817 4119 abbate
2862 4061 3133 4120 Macario.
3170 4065 3229 4117 ln
3273 4064 3427 4118 terra
3474 4066 3562 4117 Ar-

182 4164 304 4233 περὶ
347 4160 437 4209 τὸν
488 4158 822 4230 ’Δρσενοίτην
871 4154 1141 4215 ἐκαθέζετο
1188 4174 1267 4217 τις
1295 4156 1533 4227 μονάζων
1582 4154 1664 4208 έπὶ
1707 4158 1790 4215 ἔτη

1952 4154 2137 4211 incita
2184 4153 2515 4209 monachus
2578 4152 2831 4225 quidam
2882 4150 3145 4214 sedebat,
3201 4151 3305 4223 qui
3346 4149 3566 4206 multo

180 4248 375 4313 πολλὰ,
424 4249 511 4299 τὸν
560 4253 659 4297 τῶν
702 4244 862 4316 ἁγίων
902 4242 1147 4305 ἀσκήσας
1188 4242 1327 4316 βίον,
1466 4252 1667 4317 πνεῦμα
1694 4247 1793 4297 πύ-

1953 4260 2097 4299 unos
2128 4244 2312 4298 vitam
2344 4250 2693 4297 sanctorum
2727 4246 2950 4312 egerat.
2994 4240 3096 4295 Cui
3123 4255 3311 4312 quum
3347 4239 3567 4310 gloriae

187 4341 351 4397 θωνος
401 4334 757 4406 προσεπέλασε
809 4330 1067 4403 κενοδόξῳ
1116 4337 1224 4384 ὄντι
1276 4328 1369 4385 διὰ
1414 4338 1508 4392 τὴν
1547 4339 1661 4406 περὶ
1701 4339 1794 4393 τὴν

1957 4332 2161 4404 lpidus
2220 4337 2392 4402 esset,
2455 4333 2698 4403 propter
2757 4330 3087 4402 superbam
3135 4328 3455 4385 elationem
3515 4333 3571 4385 et

184 4427 545 4498 ὑπερηφανίαν
603 4426 907 4495 κουφότητα
935 4442 947 4455 ·
986 4426 1073 4473 καὶ
1116 4428 1321 4492 πρῶτον
1370 4424 1459 4494 μεν
1490 4421 1659 4493 πλανᾷ
1704 4423 1795 4475 αὖ·

1950 4423 2292 4477 ιωοτίιειῐοω
2327 4422 2567 4492 spiritus
2595 4420 2879 4492 pythonis
2906 4418 3141 4485 insedit,
3170 4418 3271 4488 qui
3302 4417 3564 4489 primum

188 4519 275 4567 τὸν
328 4512 431 4566 ἀπὸ
478 4521 571 4573 τῆς
623 4511 843 4571 ἀληθοῦς
886 4514 1127 4575 πίστεως,
1161 4514 1249 4561 καὶ
1296 4510 1493 4581 εἰσάγει
1540 4511 1693 4563 αὐτὸν
1725 4512 1796 4575 εἰς

1962 4526 2103 4566 vera
2124 4510 2240 4565 ﬁde
2264 4525 2401 4565 eum
2426 4509 2689 4580 depulit,
2723 4515 2849 4563 tum
2875 4507 2954 4563 ad
2975 4508 3307 4562 doctrinam
3334 4522 3567 4575 eorum,

186 4608 246 4656 τὸ
312 4606 554 4676 φρόνημα
598 4609 697 4652 τῶν
754 4600 1037 4671 λεγομένων
1103 4598 1415 4669 Ἰερακιτῶν,
1495 4600 1673 4662 οἵτινες
1719 4601 1795 4653 λέ-

1960 4600 2007 4654 ui
2040 4599 2361 4654 Hieracitae
2393 4604 2702 4661 vocantur,
2743 4597 3014 4652 adduxit.
3052 4602 3239 4667 Atque
3279 4596 3337 4650 hi
3370 4595 3574 4651 Salva-

187 4711 379 4763 γουσιν
436 4695 568 4762 μήτε
623 4695 709 4741 τὸν
759 4697 970 4760 Σωτῆρα
1013 4686 1329 4760 ἀνθρώπινον
1379 4687 1699 4757 ἀνειληφέναι
1746 4690 1793 4725 ⁷³

1952 4704 2093 4742 »νοω
2107 4688 2440 4743 humanam
2455 4687 2862 4755 assumpsisse
2874 4690 3566 4754 carnem,nostrumque,

190 4791 365 4851 σῶμα,
412 4783 545 4850 μήτε
606 4778 901 4852 ἐγείρεσθαι
954 4780 1012 4828 τὸ
1068 4778 1312 4848 ἡμέτερον
1368 4785 1541 4848 σῶμα,
1584 4776 1609 4828 ὃ
1654 4796 1795 4849 περιο

1956 4794 2023 4831 uo
2053 4778 2243 4831 vestiti
2273 4792 2507 4839 sumus,
2546 4792 2764 4846 corpus
2792 4773 3128 4829 resuscitari
3167 4778 3406 4841 negant.
3438 4773 3570 4827 Tria

185 4870 423 4939 κείμεθα,
458 4873 543 4919 καὶ
594 4868 673 4919 ὅτι
712 4874 849 4939 τρεῖς
887 4866 1016 4917 εἰσιν
1060 4864 1247 4940 ἁρχαὶ,
1284 4868 1408 4925 Θεὸς
1460 4872 1547 4917 καὶ
1577 4865 1671 4923 ὕλη
1705 4871 1793 4918 καὶ

1959 4884 2035 4920 ise
2069 4881 2288 4934 genera
2316 4865 2495 4919 iidem
2519 4864 2741 4926 dicunt,
2776 4867 2982 4925 Deum,
3019 4862 3331 4917 materiam
3355 4868 3411 4917 et
3444 4877 3573 4917 ma-

182 4963 368 5022 κακία,
426 4957 480 5019 ἐξ
553 4956 619 5006 ὧν
686 4954 1158 5017 κατασκευάζεται,
1213 4958 1345 5025 μήτε
1412 4955 1794 5027 ᾑνθρωπικέναι

1953 4972 2049 5020 im,
2075 4955 2296 5027 quibus
2314 4954 2571 5026 quisque
2591 4957 2991 5019 construatur,
3018 4967 3211 5021 neque
3238 4953 3422 5006 Deum
3438 4952 3567 5005 Ver-

181 5052 265 5098 τον
302 5049 433 5098 Θιὸν
485 5049 649 5113 Λόγον
694 5049 780 5093 καὶ
820 5042 1005 5094 ra.ro
1056 5040 1373 5113 ἁνειληφεναι
1419 5044 1464 5077 ⁷⁴
1498 5043 1789 5115 ἄνθρωπον,

1951 5059 2050 5098 um
2064 5043 2373 5098 hominem
2389 5058 2516 5096 esse
2544 5042 2766 5096 factum
2791 5041 3238 5112 perfectumque
3260 5039 3565 5095 hominem

174 5141 315 5206 μήτε
353 5138 457 5205 μὴν
506 5133 774 5192 σώζεσθαι
818 5135 876 5183 τὸ
923 5129 1053 5184 εἶναι
1090 5138 1190 5182 τῶν
1247 5132 1295 5166 ’³⁵
1346 5132 1553 5182 πάντων
1600 5133 1788 5186 αἴτιον.

1950 5132 2329 5202 ssumpsisse,
2364 5146 2558 5204 neque
2578 5131 2828 5186 omnino
2852 5130 3071 5185 servari
3108 5144 3354 5184 causam
3386 5126 3564 5201 274

174 5225 345 5284 οὕτως
392 5220 451 5275 δι
499 5218 846 5291 διαστραφεὶς
898 5220 1116 5290 ἀποσπᾷ
1162 5218 1350 5290 ψυχὰς
1416 5225 1786 5282 πεντακοσίας.

1955 5221 2177 5277 mnium
2214 5236 2408 5276 rerum
2444 5219 2822 5276 effectricem.
2859 5222 2941 5275 Ita
2980 5233 3117 5275 vero
3152 5218 3276 5291 ipse
3327 5233 3569 5290 perver-

172 5318 380 5385 ἴσχυσε
409 5307 469 5364 δέ
508 5307 602 5363 διὰ
650 5313 709 5362 τὸ
742 5310 905 5380 λεγειν
944 5308 1151 5370 πολλοῖς
1189 5308 1370 5377 πολλὰ,
1414 5314 1503 5361 καὶ
1536 5307 1786 5371 ἀπωλείας

1952 5326 2007 5366 ιε
2035 5311 2271 5366 animas
2300 5308 2534 5365 seduxit
2559 5309 2939 5380 quingentas.
2969 5307 3139 5374 Quod
3158 5306 3348 5363 eﬂ'ecit
3377 5307 3566 5363 multa

1525 5460 1614 5516 VA
1625 5459 1733 5516 RIA
1747 5463 1785 5516 E
1826 5460 2224 5518 LECTIONES.

259 5610 311 5643 πο
341 5610 417 5663 Ex
450 5606 643 5679 coni,
690 5602 826 5679 cod.
886 5622 1281 5679 πταίσματα
1322 5602 1485 5657 πολύ
1521 5608 1885 5679 προγνονα,
1929 5602 1974 5679 f.
2042 5603 2568 5679 πολυπράγμονα
2600 5604 2650 5679 ⁸24
2702 5606 2744 5640 ⁷³
2796 5604 2935 5679 C_0d.
2973 5605 3273 5679 εὑρῐσει,
3336 5605 3399 5679 1⁷³
3456 5567 3577 5669 Cod

268 5625 417 5663 "15x
450 5625 643 5671 conn,
690 5625 826 5659 σοῦ.
886 5625 1281 5675 πταισματα
1322 5625 1485 5657 ποΑυ
1521 5625 1637 5709 πΊρο
1703 5625 1885 5662 νονα.
1929 5625 1974 5659 Ι.
2042 5625 2568 5677 πολυπράγμονα
2604 5625 2624 5659 τ
2710 5625 2744 5640 ιι
2796 5625 2935 5659 pou.
2973 5625 3273 5679 ευρισιι,
3364 5625 3399 5639 ιι
3456 5625 3533 5669 ω)

198 5678 378 5755 βόας.
454 5680 505 5713 ⁷³
540 5678 618 5732 Ex
650 5675 829 5742 coni.,
863 5675 996 5731 cod.
1034 5674 1474 5751 ἁνηλαιρέναι.
1582 5677 1605 5711 ⁴
1656 5625 2262 5749 ἐθὰᾶνηλαφέναι.
2348 5678 2397 5712 ⁷⁸
2432 5677 2702 5745 Emend.,
2733 5676 2867 5734 cod.
2901 5681 3021 5732 τόν.
3076 5698 3079 5701 -
3312 5674 3342 5681 “’
3426 5703 3435 5709 -
3526 5690 3533 5697 ·
