4078 6194
541 245 642 300 211

1425 239 1504 294 SS
1574 239 2062 294 MACARIOBUM
2095 233 2428 312 .AEGYPTII
2477 233 2560 286 ET
2601 232 3090 287 ALEXANDRINI

3799 234 3924 293 242

543 369 748 425 multis
778 373 834 424 et
871 367 1114 439 quidem
1148 365 1330 422 variis
1366 381 1610 437 prorsus
1645 365 1839 421 modis
1875 362 2198 436 loquendo,

2311 361 2402 411 xui
2466 358 2690 431 εὑρέσεις
2741 362 2831 411 καὶ
2889 357 3145 419 ἁποϐολόις
3217 359 3440 411 Θανάτου
3513 357 3563 410 ἐν
3632 356 3920 439 διαφόροις

544 459 848 516 interitum
880 456 1117 519 scilicet,
1161 456 1406 511 inventa
1443 455 1772 526 mortisque
1811 453 2192 524 despectum.

543 552 657 604 Nec
706 562 823 601 non
870 545 1193 600 daemonia
1242 544 1489 615 ejecisse
1530 544 1827 598 ferebatur
1868 541 2201 596 secundum

525 636 686 700 illud
724 637 781 688 in
818 634 1151 701 Evangeliis
1185 653 1195 690 :
1244 634 1420 698 Signa
1449 632 1664 687 facient
1690 638 1745 686 et
1779 631 2071 701 prodigia,
2116 633 2198 693 ut,

543 725 592 779 si
649 724 771 779 ﬁeri
829 723 1036 794 possit,
1082 723 1258 777 etiam
1315 721 1482 776 electi
1533 723 1916 776 seducautur.
1956 718 2198 773 Multum

544 815 702 869 enim
747 812 1046 883 principes
1096 811 1463 866 daemonum
1511 810 1571 865 in
1597 811 1710 865 hoc
1751 825 1964 878 genere
2003 808 2203 863 valent

545 903 619 957 ad
681 902 778 956 illa
834 901 1118 955 nimirum
1177 901 1307 972 ipsa
1348 899 1693 963 abolenda;
1752 915 1892 953 nam
1952 897 2201 953 libenter

544 992 929 1046 consentiunt
969 990 1026 1043 in
1087 990 1384 1044 interitum
1441 989 1802 1044 animarum.
1840 988 1969 1042 Loci
2025 987 2201 1055 igitur

543 1081 864 1150 episcopus
895 1095 1030 1132 cum
1063 1077 1219 1132 clero
1249 1094 1358 1132 suo
1392 1078 1584 1132 virum
1619 1077 1714 1132 Dei
1749 1076 2066 1131 Macarium
2098 1075 2198 1129 ab-

543 1168 742 1223 batem
770 1167 934 1231 adiit,
960 1182 1080 1238 quo
1105 1182 1346 1220 summa
1373 1182 1509 1221 cum
1539 1165 1865 1221 reverentia
1899 1163 2154 1218 salutato
2181 1179 2193 1216 :

542 1257 598 1310 Si
635 1256 742 1319 vis,
797 1255 1008 1327 inquit,
1044 1256 1175 1310 veni
1207 1255 1504 1326 nobisque
1544 1270 1840 1309 succurre.
1883 1255 2029 1307 Nam
2066 1253 2112 1307 si
2144 1259 2195 1308 te

543 1345 854 1415 superstite
885 1344 1247 1398 vicinitatem
1270 1349 1534 1398 nostram
1565 1358 1681 1397 non
1714 1357 2197 1413 purgamus,om-

545 1449 650 1488 nes
701 1433 778 1487 illi
834 1433 1266 1497 adhaerebunt,
1295 1438 1350 1486 et
1401 1431 1677 1486 facillime
1733 1431 1850 1495 ﬁet,
1884 1436 1944 1484 ut
1998 1430 2196 1501 plures

544 1522 744 1585 etiam,
768 1537 952 1592 quam
975 1521 1304 1591 hucusque,
1329 1521 1509 1575 errori
1535 1520 1784 1588 subjecti
1809 1520 2190 1575 seducantur.

546 1611 645 1665 Cui
674 1609 766 1664 ille
797 1609 1121 1679 respondet
1154 1629 1164 1666 :
1200 1609 1342 1663 Ecce
1378 1624 1489 1675 ego
1521 1608 1790 1679 plebejus
1823 1610 2004 1662 homo
2049 1607 2194 1678 quid

2313 453 2544 520 τρόποις.
2589 445 2717 499 ἀλλὰ
2763 451 2853 500 καὶ
2901 444 3170 520 δαιμόνια,
3219 452 3399 519 φησίν,
3433 446 3631 511 ἐξέϐαλε
3673 454 3810 504 κατὰ
3854 457 3917 506 τό

2313 539 2359 589 ἑν
2405 536 2740 609 Εύαγγελίοις
2795 537 3079 611 εἰρημένον,
3138 540 3218 590 ὅτι
3277 534 3514 590 δωσουσι
3569 548 3760 608 σημεῖα
3819 549 3919 595 καὶ

2312 629 2520 696 τέρατα,
2554 629 2688 679 ὥστε
2720 626 2762 678 εἰ
2793 623 3012 678 δυνατόν
3044 627 3307 684 πλανῆσαι
3328 632 3417 678 καὶ
3447 631 3569 687 τοὺς
3597 626 3868 692 ἐκλεκτοὺς
3899 648 3913 658 ·

2313 711 2520 788 σφόδρα
2546 718 2646 788 γὰρ
2680 718 2745 766 τὰ
2766 714 3054 787 ἀρχοντικὰ
3083 712 3332 787 δαιμόνια
3363 720 3477 780 περὶ
3505 723 3670 768 ταῦτα
3703 717 3911 788 ἰσχύει,

2311 806 2366 852 τό
2412 803 2544 854 αὐτὰ
2574 802 2738 856 ἐκεῖνα
2787 801 2943 862 δῆθεν
2972 807 3020 839 75
3052 811 3344 878 καταργεῖν.
3380 807 3512 856 πάνυ
3554 809 3653 880 γὰρ
3688 825 3914 878 συμφω-

2309 899 2484 944 νοῦσιν
2517 893 2602 945 ἐπὶ
2649 892 2903 946 ἀπώλειαν
2932 893 3144 964 ψυχῶν.
3192 895 3216 944 6
3247 889 3333 944 οὖν
3372 901 3460 945 τοῦ
3504 898 3664 946 τόπου
3709 898 3913 948 ἑκείνου

2310 984 2592 1044 ἐπίσκοπος
2663 985 2794 1052 μετὰ
2851 990 2942 1034 τοῦ
2989 982 3180 1054 κλήρου
3233 987 3576 1054 παραγίνεται
3639 987 3764 1058 πρός
3823 988 3914 1036 τὸν

2309 1073 2576 1143 ἄνθρωπον
2629 1080 2720 1123 τοῦ
2763 1079 2896 1124 Θεοῦ
2945 1070 3106 1122 ἀϐϐᾶν
3154 1073 3444 1144 Μακάριον,
3497 1070 3650 1135 ἀξιῶν
3698 1073 3858 1125 αὐτόν
3895 1090 3908 1102 ⁸

2308 1163 2387 1212 ὃτι
2431 1163 2494 1220 ὡς
2547 1160 2705 1222 θέλεις
2757 1161 2866 1212 ἐλθὲ
2906 1166 2994 1212 καὶ
3043 1160 3312 1232 βοήθησον
3364 1162 3508 1232 ἡμῖν.
3559 1164 3645 1233 ὲάρ
3676 1165 3776 1235 γὰρ
3833 1167 3907 1234 μὴ

2310 1257 2403 1302 σοῦ
2457 1250 2646 1311 ζῶντος
2704 1255 2797 1307 τὴν
2841 1255 3096 1320 γειτονίαν
3146 1251 3290 1320 ἡμῶν
3344 1251 3667 1322 καθαίρωμεν,
3722 1253 3913 1311 πάντες

2307 1338 2446 1408 αύτῷ
2505 1342 2860 1412 πρόσκεινται,
2910 1343 2999 1390 καὶ
3053 1339 3280 1410 εὐχερῶς
3341 1344 3458 1411 περὶ
3507 1341 3569 1390 τὰ
3628 1344 3915 1410 φαινόμενα

2306 1434 2364 1497 τῇ
2392 1426 2555 1498 πλάνη
2591 1429 2907 1498 ὑπαγόμενοι
2938 1426 3248 1498 ἀπάγονται.
3283 1428 3307 1477 6
3340 1423 3398 1478 δε
3430 1431 3557 1498 πρός
3587 1427 3739 1480 αὐτὸν
3767 1431 3863 1500 ἔφη
3893 1450 3908 1462 ·

2304 1521 2393 1567 καὶ
2427 1513 2543 1568 ἰδού
2585 1519 2812 1588 ἔρχομαι
2847 1511 3065 1576 ἰδιώτης
3091 1517 3376 1586 ἄνθρωπος,
3411 1521 3459 1566 τί
3486 1517 3626 1586 αύτῷ
3649 1521 3862 1573 ποιήσω
3891 1519 3908 1570 ἲ

2306 1606 2330 1655 ὁ
2365 1601 2422 1656 δὲ
2461 1606 2743 1665 ἐπίσκοπος
2776 1604 3005 1675 ἐπέμενεν
3046 1603 3200 1666 ἀξιῶν
3249 1609 3337 1655 xui
3383 1603 3559 1674 λέγων,
3618 1607 3695 1656 ὅτι
3739 1605 3912 1665 οὕτως

545 1698 598 1752 ei
630 1697 846 1752 faciam
873 1696 902 1751 ?
947 1698 1266 1768 Episc0pus
1312 1703 1515 1751 autem
1545 1698 1791 1767 perstitit
1824 1697 2196 1751 venerabun-

2307 1696 2554 1756 πιστεύω,
2615 1695 2715 1758 ὃτι,
2776 1693 2858 1744 ἐὰν
2917 1694 3087 1766 ἔλθῃς,
3137 1695 3161 1744 ό
3212 1696 3338 1754 Θεὸς
3392 1693 3671 1764 εἰρηνεύσει
3726 1695 3772 1728 ⁷⁷
3813 1699 3911 1752 τὴν

544 1786 658 1841 dus
693 1792 746 1840 et
776 1803 788 1840 :
835 1787 935 1848 Ita,
986 1786 1195 1857 inquit,
1229 1785 1490 1851 conﬁdo,
1521 1786 1566 1839 si
1613 1793 1670 1839 tu
1705 1785 1955 1850 veneris,
2012 1788 2194 1840 Deum

544 1874 998 1946 paciﬁcaturum
1045 1876 1359 1930 ecclesiam
1394 1891 1612 1938 suam;
1648 1890 1825 1944 saepe
1857 1876 2015 1928 enim
2051 1873 2194 1928 mihi

545 1979 1002 2035 proposueram,
1049 1965 1125 2018 ad
1165 1970 1217 2020 te
1247 1963 1564 2035 proﬁcisci,
1616 1964 1720 2018 sed
1756 1963 2058 2033 prohibuit
2088 1979 2198 2033 cle-

545 2068 666 2116 rus,
700 2068 774 2107 ne
817 2053 1140 2108 mundanis
1170 2053 1513 2108 hominibus
1563 2052 1783 2107 derisui
1815 2053 2041 2108 ﬁerem.
2068 2053 2196 2106 Jam

545 2157 682 2195 vero
731 2155 848 2194 non
884 2141 1143 2210 amplius
1185 2141 1381 2196 ferens
1430 2142 1632 2212 populi
1667 2141 2108 2212 corruptionem
2143 2147 2200 2195 et

544 2229 723 2284 etiam
758 2230 876 2293 Dei,
914 2231 1017 2300 qui
1049 2230 1129 2284 ait
1161 2246 1173 2282 :
1211 2231 1578 2298 Sanguinem
1627 2231 1813 2300 ipsius
1845 2245 2132 2300 quaeram
2167 2245 2198 2283 e

546 2333 726 2373 manu
761 2325 978 2383 vestra,
1008 2320 1451 2374 accusationem
1484 2320 1700 2373 timens
1731 2323 1782 2374 te
1805 2319 1947 2384 adii,
1982 2319 2199 2372 missus

544 2423 580 2462 a
614 2410 749 2461 Deo.
782 2409 926 2461 Tum
965 2407 1059 2462 ille
1100 2409 1371 2471 surrexit,
1404 2424 1664 2479 eumque
1707 2409 1781 2462 ad
1824 2408 2198 2462 seductorem

543 2501 780 2550 secutus
828 2501 937 2549 est.
981 2497 1168 2559 Quem
1227 2496 1324 2550 ubi
1372 2497 1536 2556 vidit.
1583 2497 1866 2568 episcOpo
1901 2515 1910 2547 :
1947 2498 2066 2560 Hic,
2115 2497 2199 2550 in-

541 2583 687 2654 quit,
718 2584 991 2652 spiritum
1030 2584 1356 2654 principem
1402 2586 1601 2650 habet,
1635 2601 1894 2655 eumque
1927 2585 2199 2654 ejiciendi

545 2687 745 2725 meum
778 2687 930 2741 Opus
963 2687 1079 2726 non
1111 2687 1244 2726 esse
1273 2673 1452 2735 scito;
1483 2689 1622 2728 nam
1655 2679 1863 2728 contra
1888 2674 1995 2728 hos
2024 2674 2192 2744 spiri-

544 2763 637 2812 tus
681 2760 952 2815 nondum
993 2761 1241 2815 omnino
1290 2761 1526 2816 certavi.
1591 2764 1714 2817 Duo
1745 2762 1901 2815 cnim
1955 2763 2199 2832 agmina

545 2846 910 2902 daemonum
957 2865 1085 2904 esse
1136 2850 1321 2904 sancti
1353 2852 1542 2919 ajunt,
1593 2867 1776 2906 unum
1809 2867 2038 2914 eorum.
2095 2852 2195 2922 qui

543 2936 820 2991 libidines
868 2940 1097 3008 corpori
1133 2939 1472 3009 infundunt,
1526 2941 1778 2995 alterum
1813 2957 2042 3006 eorum,
2094 2941 2197 3012 qui

2305 1783 2583 1840 ἐκκλησίαν
2655 1783 2830 1835 αὐτοῦ.
2892 1782 3140 1844 πολλάκις
3197 1784 3298 1852 γὰρ
3357 1784 3666 1855 προθέμενος
3741 1781 3914 1834 ἐλθεῖν

2307 1871 2564 1928 ἐκωλύθην
2615 1869 2715 1922 ἀπό
2746 1879 2833 1922 τού
2871 1871 3088 1944 κλήρου,
3120 1873 3188 1932 ὡς
3245 1870 3655 1942 καταγελώμενος
3709 1872 3756 1904 ⁷⁸
3803 1869 3913 1922 ἀπὸ

2306 1970 2404 2012 τῶν
2457 1969 2740 2033 κοσμικῶν.
2776 1968 2860 2010 νῦν
2912 1958 2999 2012 ούν
3032 1965 3101 2031 μὴ
3155 1964 3314 2033 φέρων
3368 1963 3459 2016 τὴν
3509 1958 3761 2011 ἀπώλειαν
3813 1967 3912 2011 τού

2307 2051 2452 2115 λαοῦ,
2487 2049 2646 2109 ἄλλως
2676 2047 2733 2101 δε
2777 2055 2864 2100 καὶ
2909 2052 2965 2100 τὸ
2998 2048 3231 2120 ἔγκλημα
3268 2056 3358 2100 τοῦ
3408 2055 3540 2100 Θεοῦ
3589 2047 3914 2120 φοϐούμενος

2307 2140 2539 2211 λέγοντος
2570 2157 2580 2166 ·
2635 2141 2712 2190 ὅτι
2742 2143 2799 2190 τὸ
2845 2140 2976 2208 αἷμα
3025 2138 3184 2189 αὑτοῦ
3241 2138 3520 2198 ἐκζητήσω
3564 2137 3618 2188 ἔκ
3649 2145 3742 2197 τῆς
3785 2156 3916 2209 χει-

2309 2232 2392 2301 ρός
2431 2230 2593 2299 ὑμῶν,
2628 2224 2780 2285 ἦλθον
2823 2232 2952 2300 πρὸς
3002 2230 3056 2278 σε
3109 2226 3404 2298 πέμψαντός
3436 2246 3498 2298 με
3536 2234 3625 2278 τοῦ
3670 2235 3829 2279 Θεοῦ.
3887 2229 3914 2280 ὁ

2309 2314 2368 2369 δὲ
2399 2316 2630 2378 ἀναστὰς
2664 2317 2985 2374 ἠκολούθησε
3017 2315 3178 2385 αύτῷ.
3225 2321 3313 2368 καὶ
3352 2319 3598 2390 ἔρχονται
3629 2316 3716 2376 ἕως
3767 2319 3908 2369 ἑκεί-

2309 2427 2395 2459 νου
2427 2415 2518 2458 τοῦ
2557 2406 2770 2458 πλάνου.
2817 2411 2906 2457 καὶ
2954 2408 3050 2477 ορᾴ
3079 2404 3234 2456 αύτὸν
3286 2411 3374 2457 καὶ
3415 2405 3546 2476 λέγει
3592 2414 3660 2475 τῷ
3695 2404 3918 2457 ἐπισκο-

2308 2517 2388 2567 πῳ
2422 2516 2433 2528 ο
2478 2495 2628 2555 οὗτος
2678 2502 2877 2565 πνεῦμα
2922 2497 3034 2564 ἔχει
3078 2494 3413 2567 ἁρχοντικόν,
3461 2500 3549 2544 καὶ
3600 2495 3681 2545 ἱνα
3729 2491 3912 2559 οἶδας,

2309 2588 2389 2638 ὃτι
2437 2585 2556 2658 ἐμὸν
2605 2588 2749 2658 ἔργον
2803 2591 2955 2634 τοῦτο
3004 2584 3096 2634 οὐκ
3151 2587 3315 2638 ἔστιν.
3376 2579 3499 2634 οὐδὲ
3545 2586 3645 2655 γὰρ
3695 2585 3740 2617 τ’
3775 2587 3910 2654 πρὸς

2308 2683 2475 2726 ταῦτα
2504 2676 2569 2724 τὰ
2598 2676 2864 2744 πνεύματα
2906 2672 3032 2732 ὅλως
3079 2671 3359 2723 ἑπάλαισα-
3395 2668 3490 2723 δύο
3515 2674 3612 2742 γὰρ
3646 2672 3910 2742 τάγματα

2307 2763 2547 2834 λέγουσιν
2579 2764 2626 2813 οἱ
2671 2761 2813 2830 ἅγιοι
2857 2757 3139 2833 δαιμόνων,
3177 2761 3224 2812 ἓν
3265 2764 3320 2812 τό
3352 2763 3442 2820 τὰς
3499 2757 3688 2819 ἡδονὰς
3717 2758 3918 2830 ἐμϐάλ-

2307 2853 2390 2905 λον
2438 2857 2778 2921 τῷ’σώματι,
2829 2855 2916 2902 καὶ
2969 2849 3015 2901 ἓν
3070 2853 3126 2900 τὸ
3175 2852 3264 2910 τὰς
3299 2849 3542 2920 ψυχικὰς
3586 2848 3811 2917 ὶμπνοῦν
3865 2851 3917 2886 ⁸ο

2309 2942 2520 3005 πλάνας,
2553 2941 2578 2992 ὃ
2608 2946 2694 2992 καὶ
2737 2938 2944 3013 σφόδρα
2987 2937 3098 2990 ἐστὶ
3147 2934 3571 2995 δυσυπότακτον,
3611 2945 3776 2989 ταῦτα
3805 2941 3915 3012 γὰρ

541 3025 876 3095 spirituales
909 3026 1163 3082 afferunt
1190 3044 1438 3084 errores.
1469 3030 1640 3095 Quod
1667 3030 1912 3100 quidem
1942 3030 2192 3085 alterum

2310 3031 2543 3106 ἀφορίζει
2573 3031 2598 3080 6
2633 3035 2855 3089 σατανᾶς
2902 3034 3006 3087 τοῖς
3057 3032 3216 3098 γόησι
3263 3031 3351 3078 καὶ
3381 3027 3593 3087 πλάνοις
3646 3031 3736 3078 καὶ
3770 3028 3918 3100 αἱρε-

542 3129 732 3184 genus
758 3113 995 3170 difﬁcile
1021 3122 1111 3170 est
1141 3117 1217 3171 ad
1249 3117 1675 3186 subigendum.
1717 3121 1825 3173 Eos
1857 3121 2013 3173 enim
2040 3124 2190 3174 sata-

544 3218 652 3256 nas
699 3203 938 3256 immitit
986 3205 1178 3273 magis
1209 3212 1266 3259 et
1317 3207 1730 3261 seductoribus
1785 3213 1840 3261 et
1870 3207 2195 3263 haeresiar-

542 3290 667 3344 chis
717 3297 774 3345 et
826 3292 1100 3346 veneﬁcis
1151 3295 1283 3348 etsi
1333 3296 1436 3365 qui
1491 3297 1587 3350 alii
1627 3296 1682 3348 id
1747 3299 1978 3363 generis
2033 3302 2190 3351 sunt.

539 3382 609 3434 At
653 3381 973 3450 episcopus
1005 3401 1016 3438 :
1050 3382 1201 3446 Quid
1241 3398 1404 3453 ergo,
1439 3385 1648 3454 inquit,
1701 3384 1989 3439 faciemus
2017 3384 2044 3438 ?
2085 3388 2190 3440 Re-

537 3466 792 3537 spondet
816 3483 996 3522 senex
1023 3485 1033 3521 :
1065 3470 1340 3523 Precibus
1369 3487 1522 3541 opus
1548 3479 1657 3542 est;
1683 3489 1824 3527 nam
1851 3489 2046 3528 sermo
2072 3489 2191 3528 non

540 3554 791 3626 proﬁcit.
808 3558 1024 3612 Jubent
1046 3557 1224 3625 igitur
1250 3561 1358 3629 27
1375 3561 1424 3632 5
1445 3561 1761 3630 procedere
1789 3561 2186 3630 seductorem,

537 3645 705 3715 isque
731 3645 808 3700 ad
846 3661 946 3700 eos
971 3662 1250 3716 egressus
1277 3654 1382 3704 est.
1413 3651 1600 3714 Quem
1631 3651 1826 3705 statim
1871 3652 2189 3722 episcopus

537 3732 745 3804 lingua
768 3735 1014 3790 adortus
1051 3751 1063 3790 :
1101 3738 1233 3803 Cur,
1263 3738 1471 3809 inquit,
1499 3744 1659 3794 tanto
1693 3741 1974 3810 temporis
1997 3741 2190 3812 spatio

536 3822 853 3878 nobiscum
891 3841 1007 3879 non
1038 3829 1541 3884 communicasti?
1575 3829 1674 3884 Cui
1709 3829 1802 3885 ille
1831 3845 1843 3882 :
1891 3828 2061 3896 Quia,
2104 3831 2192 3884 in-

537 3911 684 3982 quit,
737 3927 855 3968 non
895 3920 1048 3970 recte
1088 3917 1332 3971 sentitis.
1375 3919 1520 3972 Tum
1561 3925 1805 3973 sanctus
1849 3919 2135 3974 Macarius
2174 3938 2186 3977 :

533 4001 698 4056 Tune
745 4003 941 4071 igitur,
985 4004 1196 4075 inquit,
1243 4012 1396 4060 recte
1451 4007 1683 4062 sentis?
1713 4010 1865 4064 Sane
1913 4008 2186 4080 quidem,

533 4085 626 4142 ille
663 4091 1005 4158 respondet.
1049 4094 1333 4148 Macarius
1368 4112 1380 4149 :
1424 4095 1576 4158 Quid
1613 4111 1749 4150 vero
1781 4101 1886 4160 est,
1930 4097 2093 4165 quod
2128 4102 2185 4151 tu

539 4175 770 4230 sentis?
799 4177 897 4232 Ille
940 4199 950 4236 :
988 4181 1137 4234 Num
1171 4189 1325 4237 recte
1365 4183 1642 4246 creditur,
1675 4200 1915 4238 carnem
1957 4189 2010 4238 et
2051 4200 2189 4239 ossa

537 4265 861 4320 suscitari?
893 4269 1144 4322 Sanctus
1187 4270 1512 4339 respondet
1542 4285 1553 4324 :
1591 4272 1645 4326 Si
1676 4287 1746 4325 ex
1780 4271 1951 4325 nobis
2001 4271 2186 4342 loqui-

531 4367 668 4406 mur
707 4351 858 4408 bene
910 4353 1189 4424 loqueris.
1243 4357 1344 4411 Sin
1395 4358 1607 4412 veritas
1659 4358 1715 4412 id
1779 4359 1979 4422 voluit,
2033 4360 2180 4430 quid

534 4439 875 4512 obloqueris
895 4440 922 4496 7
953 4444 1062 4498 Sed
1088 4459 1160 4498 ne
1190 4445 1376 4500 multa
1399 4447 1579 4501 verba
1607 4447 1951 4517 perdamus,
1980 4448 2182 4504 dicam

532 4526 657 4592 tibi,
700 4530 845 4600 quid
884 4533 1210 4588 sentiamus
1238 4550 1250 4599 ;
1278 4533 1499 4607 quibus
1553 4535 1600 4590 si
1638 4537 1996 4600 assentieris,
2031 4537 2184 4594 bene

533 4616 732 4686 facies,
765 4621 852 4676 sin
897 4621 1113 4687 minus,
1147 4623 1264 4678 Deo
1311 4640 1634 4695 repugnas,
1678 4625 1850 4696 cujus
1893 4626 2182 4696 dogmata

535 4710 789 4780 spernis.
825 4715 896 4766 At
943 4711 1079 4766 ille:
1119 4714 1256 4781 Ego,
1300 4713 1508 4785 inquit,
1557 4715 1718 4786 prior
1749 4715 1930 4770 ﬁdem
1981 4732 2180 4772 meam

533 4811 854 4869 exponam.
885 4803 1030 4855 Tum
1063 4802 1349 4858 Macarius
1384 4820 1394 4856 :
1432 4806 1632 4869 Prava,
1664 4804 1765 4869 ait,
1799 4804 1946 4860 ﬁdes
1977 4821 2050 4860 ne
2078 4821 2177 4861 no-

531 4885 810 4953 minetur,
845 4889 948 4943 sed
971 4889 1245 4946 dicamus
1272 4892 1631 4950 catholicam
1658 4893 1943 4950 ecclesiae
1971 4895 2177 4951 ﬁdem.

530 4975 596 5030 Et
620 4976 820 5032 statim
845 4977 1037 5033 innuit
1065 4980 1368 5052 episcopo,
1402 4988 1462 5036 ut
1492 4998 1624 5038 eam
1669 4983 2033 5054 proﬁteatur.
2071 4986 2178 5050 Qui

528 5063 950 5121 circumstante
1000 5068 1222 5139 populo
1270 5071 1475 5142 incipit
1503 5071 1682 5128 ﬁdem
1722 5074 1800 5129 ita
1827 5089 2118 5145 exponere
2162 5091 2172 5125 :

531 5152 718 5210 Credo
739 5154 798 5210 in
823 5171 1010 5212 unum
1037 5159 1245 5229 Deum,
1273 5164 1500 5232 patrem
1523 5163 2016 5235 omnipotentem,
2039 5169 2095 5220 et
2117 5163 2176 5219 in

2310 3125 2563 3192 σιάρχαις
2594 3124 2682 3170 καὶ
2723 3119 3186 3190 φαρμακομάντεσι
3217 3118 3284 3179 3‘,
3336 3124 3424 3168 xui
3457 3120 3498 3169 εἴ
3528 3135 3631 3168 τινι
3661 3119 3912 3188 τοιούτῳ.

2305 3208 2437 3280 λέγει
2468 3210 2492 3258 6
2524 3207 2804 3267 ἐπίσκοπος
2839 3223 2850 3236 ⁸
2900 3211 2948 3257 τί
2989 3203 3074 3256 οὖν
3107 3211 3392 3276 ποιήσομεν
3428 3221 3441 3271 ;
3472 3204 3607 3276 λέγει
3638 3206 3663 3255 6
3694 3209 3858 3278 γέρων
3897 3223 3913 3238 ο

2305 3298 2473 3368 εὐχῶν
2505 3301 2663 3367 χρεία
2693 3310 2706 3324 ⁸
2758 3295 2909 3366 λόγος
2955 3297 3052 3367 γὰρ
3098 3295 3191 3346 ούκ
3225 3295 3424 3365 ἰσχύει.
3467 3293 3762 3346 κελεύουσιν
3817 3291 3916 3346 οὖν

2304 3386 2518 3447 ἐξελθεῖν
2554 3403 2566 3414 ·

2304 3481 2495 3545 χρῆμα
2527 3470 2746 3544 δέχεται
2799 3472 2951 3524 αὑτὸν
2993 3475 3017 3523 ό
3049 3471 3326 3532 ἐπίσκοπος
3357 3472 3587 3543 χείλεσιν
3635 3477 3721 3523 καὶ
3768 3470 3915 3540 λέγει

2622 3385 2646 3435 6
2702 3380 2759 3435 δὲ
2818 3383 3089 3457 ἐξέρχεται
3137 3387 3266 3452 πρὸς
3325 3383 3533 3445 αύτούς.
3597 3387 3686 3435 καὶ
3737 3385 3916 3456 παρα-

2301 3567 2426 3634 πρὸς
2479 3566 2520 3598 δι
2564 3562 2718 3614 αὐτόν
2755 3579 2766 3590 ’
2819 3570 2928 3622 πῶς
2980 3569 3227 3613 τοσοῦτον
3275 3567 3465 3633 χρόνον
3509 3561 3567 3613 ού
3620 3558 3915 3632 παρέλαϐες

2552 3670 2564 3717 ;
2612 3653 2636 3702 ό
2687 3647 2745 3702 δε
2797 3647 2930 3701 εἶπεν
2968 3672 2978 3682 -

2302 3656 2425 3724 ἡμῖν
2476 3653 2564 3717 ⁸⁸ς
2612 3653 2636 3702 ό
2687 3649 2745 3702 δε
2797 3649 2930 3701 εἶπεν
2968 3672 2978 3682 -
3035 3652 3112 3702 ὅτι
3151 3651 3209 3702 ού
3258 3658 3479 3725 φρονεῖτε
3528 3650 3710 3724 ὀρθῶς.
3766 3649 3910 3719 λέγει

2303 3742 2442 3812 αύτῷ
2492 3743 2516 3792 ό
2569 3740 2712 3811 ἅγιος
2751 3740 3058 3811 Μακάριος·
3111 3743 3175 3791 σὺ
3229 3741 3314 3791 ούν
3363 3740 3530 3801 καλῶς
3575 3745 3821 3810 φρονεῖςς
3882 3741 3909 3790 ὁ

2304 3828 2362 3883 δέ
2410 3851 2420 3862 ·
2465 3835 2554 3882 καὶ
2597 3831 2750 3893 πάνυ,
2804 3833 2956 3899 φησί.
3000 3833 3050 3879 τί
3105 3825 3163 3880 δέ
3217 3832 3352 3892 ἐστι,
3408 3834 3586 3900 φησίν,
3631 3827 3656 3879 ὂ
3703 3828 3852 3898 ὑμεῖς
3891 3845 3905 3893 ;

2301 3925 2585 3992 Φρονοῡμεν
2617 3918 2801 3988 ὀρθῶς,
2836 3918 2916 3968 ὅτι
2962 3919 3131 3987 σάρκα
3175 3922 3262 3968 καὶ
3291 3909 3422 3968 ὀστᾶ
3448 3916 3768 3987 ἀνειληφέναι
3808 3915 3858 3948 ⁸⁸
3891 3933 3904 3980 ;

2303 4014 2454 4080 Λέγει
2497 4011 2521 4059 ό
2574 4008 2722 4080 ἅγιος
2762 4010 3027 4078 Μακάριος
3061 4023 3072 4034 ’
3124 4005 3166 4058 εἰ
3218 4011 3307 4077 μεν
3358 4005 3441 4077 ἀφ’
3492 4005 3685 4057 ἑαυτῶν
3737 4003 3904 4074 λέγω·

2300 4119 2409 4170 μεν,
2443 4097 2609 4157 καλῶς
2643 4118 2653 4129 ·
2690 4096 2732 4148 εἰ
2776 4092 2834 4147 δε
2879 4094 3094 4153 ἀλήθεια
3124 4096 3282 4156 οὕτως
3329 4095 3570 4162 ἠθέλησε,
3617 4097 3681 4146 σὺ
3733 4098 3785 4144 τί
3837 4092 3902 4143 ἂν

2299 4185 2455 4255 λέγεις
2487 4202 2500 4252 ;
2537 4186 2617 4235 ἱνα
2649 4181 2705 4235 δὲ
2753 4188 2823 4254 μὴ
2859 4183 3070 4244 πολλοὺς
3111 4182 3449 4256 ἀναλώσωμεν
3491 4183 3693 4254 λόγους,
3737 4181 3904 4252 λέγω-

2296 4278 2386 4344 μέν
2437 4292 2541 4337 σοι,
2593 4275 2656 4332 ῶς
2696 4280 2989 4344 φροιοῡμεν,
3030 4278 3119 4325 καὶ
3169 4273 3210 4325 εἰ
3253 4277 3344 4346 μεν
3393 4274 3676 4338 πεισθείης,
3725 4270 3902 4332 καλῶς

2296 4369 2477 4426 ποιεῖς,
2504 4362 2545 4414 εἰ
2575 4358 2633 4413 δὲ
2664 4367 2759 4432 μή,
2792 4365 2920 4432 πρὸς
2950 4365 3035 4413 τὸν
3091 4366 3216 4415 Θεὸν
3249 4364 3409 4433 ἔχεις,
3444 4362 3503 4413 οὗ
3543 4364 3608 4413 τὰ
3648 4357 3903 4431 δόγματα

2295 4450 2514 4512 ἀθετεῖς,
2548 4453 2572 4502 ό
2618 4447 2675 4502 δε
2708 4454 2797 4520 ἔφη
2836 4471 2847 4483 ·
2881 4453 2976 4522 ἐγὼ
3026 4460 3229 4526 πρῶτος
3271 4451 3399 4523 λέγω
3430 4471 3529 4523 μου
3563 4455 3655 4508 την
3686 4454 3897 4504 πίστιν.

2294 4534 2402 4590 εἶτα
2430 4537 2564 4609 λέγει
2614 4540 2638 4590 6
2670 4537 2819 4609 ἅγιος
2852 4558 2863 4570 ·
2899 4543 3032 4596 κακὴ
3066 4544 3240 4599 πίστις
3273 4540 3317 4573 ⁸⁵
3349 4534 3488 4609 μηδὲ
3534 4537 3898 4609 ὀνομαζέσθω,

2292 4626 2421 4680 ἀλλὰ
2465 4627 2687 4699 λέγωμεν
2734 4631 2825 4685 τὴν
2880 4626 3160 4686 καθολικὴν
3205 4635 3295 4687 τῆς
3326 4626 3638 4686 Ἐκκλησίας
3669 4629 3889 4684 πίστιν,

2291 4722 2379 4769 καὶ
2424 4716 2557 4788 λέγει
2606 4726 2676 4786 τῷ
2707 4715 2971 4788 ἔπισκόπῳ
3027 4716 3204 4770 εἰπεῖν.
3247 4716 3472 4778 ἑστῶτος
3502 4712 3588 4767 οὖν
3637 4721 3726 4766 τοῦ
3761 4714 3897 4768 λαοῦ

2290 4807 2514 4880 ἄρχεται
2571 4805 2868 4857 ἐκτίθεσθαι
2922 4810 3013 4862 τὴν
3063 4810 3242 4856 πίστιν
3279 4807 3480 4866 οὕτως’
3539 4805 3772 4856 πιστεύω
3817 4803 3896 4864 εἰς

2290 4896 2375 4948 ἕνα
2427 4899 2554 4947 Θεόν
2608 4897 2806 4966 πατέρα
2857 4897 3264 4966 παντοκράτορα,
3317 4899 3405 4945 καὶ
3459 4894 3525 4954 εἰς
3573 4895 3656 4945 τόν
3701 4893 3898 4962 όμοού-

2292 5003 2403 5036 σιον
2434 4983 2592 5034 αύτοῦ
2625 4988 2812 5052 Λόγον,
2866 4979 2939 5034 δι’
2970 4983 3028 5034 οὗ
3063 4982 3272 5040 ἐποίησε
3303 4987 3421 5043 τοὺς
3471 4983 3516 5017 ⁸⁵
3550 4982 3754 5046 αἰῶνας,
3799 4985 3894 5032 τόν

2290 5072 2373 5124 έπὶ
2423 5071 2685 5142 συντελείᾳ
2734 5079 2829 5122 τῶν
2871 5071 3064 5122 αἰώνων
3097 5072 3168 5133 εἰς
3205 5071 3450 5128 ἀθέτησιν
3484 5080 3572 5130 τῆς
3623 5071 3893 5142 ἁμαρτίας

2291 5158 2696 5233 ἐπιδημήσαντα
2746 5158 2792 5210 ἐν
2851 5165 3025 5232 σαρκί,
3076 5160 3134 5219 ἣν
3183 5160 3237 5213 ἐκ
3289 5169 3381 5223 τῆς
3421 5161 3576 5231 ἁγίας
3626 5162 3890 5233 παρθένου

1856 5289 2108 5344 VARIAE
2147 5285 2546 5344 LECTIONES.

603 5392 649 5427 ⁷⁸
676 5393 833 5450 Haec
871 5411 988 5452 vox
1027 5397 1084 5452 in
1133 5399 1333 5457 codice
1365 5406 1452 5458 est
1493 5402 1847 5460 difﬁcillima
1876 5403 1952 5459 ad
1982 5402 2328 5473 legendum.
2372 5403 2416 5437 ⁷⁷
2452 5400 2649 5463 Corr.,
2687 5395 2823 5453 cod.
2854 5397 3269 5474 εἰρηνοῡσαι.

603 5465 1110 5506 ξτα-νσνιὶιὶηιυηρ
1219 5474 1266 5506 ἰο
1303 5475 1443 5506 nm...
1519 5475 1626 5506 ηηΑ
1697 5472 1820 5506 ,ωλι
1871 5471 1928 5506 .r'.
1977 5478 2076 5506 ,λη
2192 5475 2238 5506 so
2275 5475 2415 5506 ριπι..
2494 5471 2601 5506 μηδ
2671 5470 2888 5506 ὶηπῖωπυ
2989 5471 3032 5506 ει
3070 5473 3213 5506 Γηνε-

530 5465 1134 5549 καταγγελὸμενος,
1219 5474 1266 5510 7°
1303 5475 1487 5540 Corr.,
1519 5475 1652 5531 cod.
1696 5472 1820 5528 οὐδὲ
1871 5471 1928 5528 δὲ
1976 5465 2104 5550 φὰρ,
2192 5475 2238 5509 ⁸ο
2275 5475 2458 5537 Corr.,
2493 5471 2626 5526 cod.
2671 5465 2928 5542 ἐμπῖοῦν.’
2989 5471 3032 5508 ⁸¹
3070 5473 3256 5538 Corr.,
3305 5472 3463 5536 cod.,

531 5553 848 5620 puVTt-gt;
911 5541 974 5620 fl
1005 5547 1162 5615 πρός
1189 5559 1310 5604 om.
1341 5547 1512 5613 cod.,
1557 5547 1762 5604 addidi
1795 5563 1866 5604 ex
1893 5548 2048 5604 coni.
2127 5547 2170 5582 ”
2212 5543 2304 5602 Sic
2335 5543 2467 5600 cod.
2510 5543 2555 5579 "
2587 5543 2768 5608 Corr.,
2811 5541 2946 5602 cod.
2995 5541 3439 5620 ἀνελειφέναι,

531 5536 843 5606 μάντεσι.

531 5624 561 5660 τ
583 5625 655 5673 ης
729 5609 777 5648 ³⁸
811 5611 950 5670 Cod.
983 5609 1110 5680 τάς.

3353 5401 3400 5436 ⁷⁸
3433 5401 3515 5455 Ex
3547 5399 3726 5463 coni.,
3755 5401 3894 5457 cod.

3523 5490 3745 5602 τιαὲἔιῗ
3759 5480 3901 5601 ἴτ’ἒξῗ

3649 5543 3728 5602 Od
3763 5550 3903 5601 πίσ-
