4088 6192
203 258 282 314 213

200 403 369 474 Μαρίας
418 395 580 466 έαυτῷ
651 394 1008 457 ὑπεστήσατο,
1083 392 1170 444 τὸν
1226 388 1592 463 σταυρωθέντα
1652 390 1743 441 καὶ
1775 366 1822 423 Α

199 490 485 543 ἀποθανόντα
550 488 633 536 καὶ
694 485 918 554 ταφέντα
974 479 1067 533 καί
1120 478 1416 532 ἀναστάντα
1469 484 1529 550 τῇ
1589 481 1739 550 τρίτῃ

196 582 354 650 ἡμέρᾳ,
406 579 493 627 καὶ
545 572 879 644 καθεζόμενον
931 569 980 623 έν
1030 562 1178 642 δεξιᾷ
1232 575 1324 621 τοῦ
1378 572 1598 639 πατρός,
1654 570 1745 619 καὶ

198 667 321 719 πάλιν
368 664 631 737 ἐρχόμενον
688 663 736 715 ἐν
785 669 856 732 τῷ
922 659 1155 733 μέλλοντι
1214 658 1363 710 αἰῶνι
1412 663 1585 730 κρῖναι
1614 656 1748 716 ζῶν-

194 776 265 816 τας
307 759 388 807 καὶ
438 754 656 827 νεκρούς.
723 756 813 803 καὶ
873 750 949 812 εἰς
995 753 1052 801 τό
1117 755 1326 819 Πνεῦμα
1375 750 1433 797 τό
1483 746 1652 817 ἅγιον,
1686 748 1745 799 τό

195 845 434 916 ὁμοούσιον
452 850 520 912 τῷ
549 845 711 915 Πατρὶ
734 845 826 892 καὶ
854 847 927 910 τῷ
950 843 1104 909 Λόγῳ
1134 837 1321 893 αὐτοῦ.
1361 838 1658 907 πιστύωμεν
1686 830 1721 886 δ
1725 837 1746 887 't

193 940 266 986 καὶ
291 933 352 994 εἰς
386 931 663 984 ἀνάστασιν
688 929 871 1000 ψυχῆς
917 948 1007 980 και
1038 932 1299 999 σώματος,
1341 928 1509 986 καθὼς
1556 924 1690 996 λέγει
1720 925 1745 976 6

195 1020 476 1083 ἀπόστολος·
510 1024 774 1093 σπείρεται
813 1027 966 1089 σῶμα
1006 1016 1255 1088 ψυχινόν,
1298 1014 1549 1089 ἐγείρεται
1595 1021 1749 1085 σῶμα

194 1114 516 1181 πνευματικόν.
573 1112 661 1160 καὶ
693 1107 845 1159 πάλιν
879 1128 892 1140 ·
942 1102 1025 1158 δεῖ
1061 1107 1163 1176 γὰρ
1208 1107 1266 1156 τό
1320 1105 1545 1174 φθαρτόν
1594 1097 1747 1154 τοῦτο

193 1192 478 1248 ἐνδύσασθαι
524 1192 823 1266 ἀφθαρσίαν
850 1210 862 1221 ·
898 1185 1037 1265 ὁρᾷς,
1079 1198 1189 1250 πῶς
1229 1188 1365 1258 λέγει
1402 1194 1555 1240 τοῦτο
1586 1203 1599 1252 ;
1630 1188 1655 1237 ό
1687 1183 1745 1239 δε

192 1286 292 1356 πρὸς
316 1282 457 1335 αὐτόν
488 1280 744 1356 ἀπεκρίθη
780 1298 792 1310 ⁸
827 1279 941 1351 ἐμοὶ
979 1280 1027 1316 ⁸⁷
1054 1282 1146 1337 τὴν
1178 1276 1232 1330 ἐκ
1271 1277 1436 1347 λόγων
1486 1280 1668 1327 πίστιν
1699 1276 1746 1311 ⁸⁸

194 1379 248 1443 μὴ
290 1376 547 1445 πρόσφερε,
606 1370 713 1423 ἀλλ’
765 1368 1058 1440 ἀπέλθωμεν
1112 1367 1183 1427 εἰς
1232 1370 1297 1418 τά
1352 1372 1598 1438 μνημεῖα,
1658 1368 1748 1416 καὶ

192 1464 259 1514 ἕνα
302 1468 391 1513 τῶν
430 1464 530 1513 ζ’κεί
578 1463 824 1531 κειμένων
873 1457 1170 1515 ἀνάστησόν
1214 1475 1322 1527 μοι,
1369 1459 1459 1507 καὶ
1490 1450 1635 1520 οἶδα,
1667 1455 1748 1506 ὅτι

191 1552 327 1612 καλῶς
378 1557 599 1625 φρονεῖτε
648 1564 661 1577 ⁸
725 1548 832 1601 έπεὶ
860 1546 960 1618 έγὼ
1007 1546 1192 1617 ψυχὴν
1222 1549 1391 1616 χωρὶς
1422 1544 1470 1579 ⁸9
1512 1550 1749 1615 σώματος

192 1640 300 1711 ἄγω.
356 1643 589 1712 στραφεὶς
629 1635 691 1691 δε
721 1640 748 1690 6
794 1637 946 1708 ἅγιος
1004 1642 1271 1707 Μακάριος
1322 1633 1457 1704 λέγει
1521 1642 1593 1704 τῷ
1641 1631 1749 1684 έπι-

195 1733 356 1797 σκόπῳ·
393 1732 523 1799 μέγα
562 1730 747 1792 κακόν,
797 1727 877 1778 ὅτι
918 1727 1241 1799 πειράζωμεν
1299 1726 1384 1775 τὸν
1439 1727 1587 1781 Θεὸν,
1640 1720 1745 1773 ἀλλ’
1778 1720 1815 1773 Β

193 1813 291 1868 ούδε
315 1819 410 1888 ἔχω
445 1816 767 1891 παῤῥησίαν,
803 1813 1027 1877 ἀξιῶσαι
1057 1817 1141 1865 τόν
1182 1816 1301 1866 Θεὸν
1336 1808 1408 1864 δι’
1448 1816 1533 1863 ἕνα
1563 1807 1747 1882 δαιμο-

192 1910 333 1956 νιακόν
375 1905 677 1963 τηλικοῦτον
732 1911 944 1975 σημεῖον
996 1904 1257 1974 γενέσθαι.
1306 1901 1440 1972 λέγει
1476 1901 1501 1952 6
1540 1898 1746 1951 ἐπίσκο-

194 2012 305 2055 πος’
359 1995 498 2066 όύχί,
568 1996 761 2068 πάτερ,
831 1993 960 2045 ἀλλά
1013 1989 1087 2044 δι’
1142 1991 1381 2063 όλόκλρον
1446 1993 1745 2063 παροικίαν.

194 2088 283 2135 τότε
323 2082 633 2157 ἀπέρχονται
692 2084 784 2144 ἕως
840 2090 939 2133 τῶν
992 2082 1294 2153 μνημάτων,
1342 2084 1431 2132 καὶ
1471 2080 1695 2151 ἄρχεται
1722 2078 1747 2129 ό

189 2170 431 2247 Ἱερακίτης
465 2172 833 2225 ἐπικακεῖσθαι
882 2168 1132 2243 δαίμονα.
1184 2169 1243 2221 ού
1273 2172 1374 2244 γὰρ
1410 2165 1476 2226 δή
1520 2187 1618 2220 που
1649 2167 1750 2238 ψυ-

188 2266 273 2332 χήν
306 2258 518 2320 ἠδύνατο
568 2260 850 2333 ἀναγαγεῖν
897 2259 1057 2331 ψιλὴν
1113 2263 1202 2312 καὶ
1250 2262 1477 2331 γυμνήν,
1540 2262 1630 2308 καὶ
1684 2260 1749 2317 ὡς

190 2348 308 2403 οὐδὲν
345 2354 585 2423 ἴσχυσεν,
637 2352 897 2402 άντέκειτο
938 2346 997 2401 δε
1034 2349 1173 2419 αὐτῷ
1226 2347 1425 2408 ἀληθῶς
1451 2350 1508 2399 τό
1544 2353 1750 2418 Πνεῦμα

188 2443 233 2491 τό
251 2440 392 2511 ἇγίον,
431 2441 564 2512 λέγει
596 2440 773 2500 αὐτοῖς
810 2455 823 2466 ’
865 2435 957 2491 διὰ
985 2442 1075 2496 τὴν
1108 2437 1354 2491 ἀπιστίαν
1384 2439 1526 2508 ὑμῶν
1565 2435 1623 2488 οὐ
1657 2432 1747 2489 δύ-

188 2549 314 2600 ναμαι
357 2529 552 2601 ἀνάγειν
594 2532 661 2583 9°.
710 2536 1047 2603 παραχρῆμα
1094 2524 1152 2580 δε
1204 2523 1460 2599 δριμύξας
1505 2525 1684 2579 έαυτὸν
1722 2526 1747 2576 ὀ

188 2621 416 2691 Μακάριος
483 2618 689 2691 ἔκαμψε
745 2620 811 2669 τὰ
854 2622 1069 2689 γόνατα,
1141 2612 1306 2688 μηδὲν
1362 2617 1745 2686 ὑποσχόμενος,

188 2712 252 2759 καὶ
295 2710 420 2782 ὤραν
460 2714 583 2780 μίαν
633 2711 950 2779 παρατείνας
992 2709 1042 2759 ἓν
1082 2714 1141 2779 τῇ
1195 2706 1327 2778 εύχῇ
1372 2707 1503 2777 μετά
1545 2704 1748 2756 πάντων

189 2794 363 2855 ἀνίστη.
420 2803 507 2850 καὶ
560 2797 735 2868 τύψας
784 2798 827 2832 ⁹¹
873 2803 944 2866 τῷ
988 2794 1126 2869 βαῖῳ
1158 2798 1215 2847 τό
1256 2803 1437 2868 μνῆμα
1480 2825 1525 2835 κ-
1560 2793 1609 2846 οί
1646 2796 1746 2867 γὰρ

186 2882 340 2957 ῥάϐδοι
387 2896 481 2939 τῶν
537 2887 647 2940 έκεί
686 2894 934 2957 μοναχῶν
985 2885 1041 2937 ἐκ
1081 2884 1248 2957 βαῐῳν
1288 2884 1418 2936 εἰσίν
1460 2915 1524 2923 —
1564 2881 1749 2957 έγείρει

188 2975 429 3047 ἄνθρωπον,
496 2977 606 3048 οὐχ
661 2977 902 3046 ὑπόγειον
963 2994 1081 3026 τινα
1161 2975 1279 3046 ἄρτι
1350 2973 1746 3038 τελευτήσαντα,

189 3062 287 3116 ἀλλὰ
333 3074 425 3117 τῶν
462 3066 733 3139 ἀρχαίων.
787 3069 876 3118 καὶ
925 3065 1078 3137 φωνεῖ
1118 3067 1204 3116 τὸν
1245 3062 1447 3137 ’ῐέρακα
1480 3066 1569 3114 καὶ
1612 3061 1749 3132 λέγει
1782 3069 1822 3126 C

328 3170 341 3184 ·
377 3155 614 3218 ἇξέτασον
647 3162 854 3219 τοῦτον,
897 3154 941 3206 εἰ
979 3152 1230 3226 ἐγείρεται
1262 3161 1439 3223 σῶμα.
1480 3153 1505 3204 6
1537 3149 1596 3204 δὲ
1622 3150 1744 3202 ἀπο-

189 3241 322 3310 ·ᾇύξας
363 3246 402 3280 θ’
427 3252 515 3297 τοῦ
550 3242 810 3316 δαίμονος
856 3243 1016 3295 αὐτοῦ
1056 3244 1502 3317 ὑποχωρήσαντος
1549 3239 1631 3292 ἐπὶ
1678 3247 1749 3309 τῷ

188 3332 431 3407 τηλικούτῳ
488 3338 695 3406 σημείῳ
753 3336 932 3386 πίπτει
975 3332 1044 3393 εἰς
1089 3336 1209 3394 τοὺς
1246 3328 1419 3394 πόδας
1468 3337 1558 3384 τοῦ
1602 3330 1750 3402 ἁγίου

190 3424 290 3490 μετά
325 3428 501 3487 παντὸς
542 3431 641 3477 τοῦ
672 3423 819 3476 λαοῦ·
876 3425 1166 3486 ζητούντων
1199 3418 1257 3475 δὲ
1304 3421 1459 3473 αὐτὸν
1509 3428 1751 3493 φονεῦσαι

192 3512 234 3560 ού
275 3520 649 3585 συνεχώρησεν,
702 3511 809 3564 ἀλλ’
860 3510 1127 3583 ἀπήγαγεν
1182 3511 1339 3563 αὐτόν
1387 3510 1459 3572 εἰς
1509 3514 1601 3569 τὴν
1636 3512 1753 3582 ἔρη-

189 3608 413 3673 μον.φησὶ
465 3600 542 3669 δέ,
603 3606 683 3655 ὅτι
733 3600 1055 3674 έρωτηθεὶςό
1087 3599 1332 3665 ἀναστάς,
1378 3599 1421 3652 εἰ
1472 3598 1751 3651 ἐπίσταται

190 3692 255 3737 τόν
292 3696 520 3762 Χριστόν,
574 3694 697 3763 ἔφη,
748 3692 832 3742 ὅτι
879 3686 994 3742 οὐδ’
1037 3689 1314 3748 ἀκηκοέναι
1371 3687 1524 3740 αὐτόν
1580 3688 1748 3758 [ξῶν].

190 3780 342 3849 Φαραὼ
410 3783 507 3853 γὰρ
595 3778 859 3851 βασιλέως
914 3778 1109 3851 εἰρήκει
1150 3776 1562 3835 τετελευτηκέναι
1631 3778 1752 3849 [πρὸ

192 3874 263 3926 τῆς
299 3875 576 3942 παρουσίας
627 3876 718 3922 τοῦ
769 3875 1002 3941 Χριστοῦ
1062 3864 1123 3940 ᾖν
1164 3867 1285 3938 ³³,]
1343 3865 1607 3939 βαπτίσας
1665 3862 1751 3918 οὖν

192 3958 316 4008 αὐτόν
364 3954 471 4030 εἶχε
508 3960 623 4031 μεθ’
680 3957 865 4011 ἑαυτοῦ
911 3960 995 4017 ἔτη
1044 3961 1166 4031 τρία
1204 3961 1297 4015 τὴν
1346 3956 1512 4015 ἀληθῆ
1576 3955 1752 4008 λοιπόν

192 4050 399 4117 κοίμησιν
447 4049 785 4121 κοιμηθέντα,
834 4048 901 4108 ὡς
961 4046 1207 4121 ἁρμόζειν
1258 4044 1333 4098 ἄπ’
1376 4045 1531 4097 αὐτόν
1559 4048 1644 4097 τόν
1675 4044 1753 4097 λό⁴

193 4150 264 4202 ἰον
287 4144 365 4187 τοῦ
395 4142 613 4211 Κυρίου,
658 4139 740 4189 ότι
770 4136 884 4189 οὔτε
912 4136 1060 4196 οὗτος
1103 4137 1329 4208 ἥμαρτεν
1370 4136 1486 4187 οὔτε
1511 4136 1559 4186 οἱ
1586 4141 1754 4205 γονεῖς

195 4222 341 4289 ritca,
370 4224 467 4277 ἀλλ’
498 4226 583 4278 ἶνα
636 4226 898 4298 φανερωθῇ
944 4225 990 4260 ⁹⁴
1020 4225 1049 4282 ἡ
1088 4221 1222 4287 δόξα
1250 4231 1341 4276 τοῦ
1381 4230 1534 4290 Θεοῦ,
1576 4223 1754 4298 ἠρώτα

197 4306 309 4363 οὖνὸ
359 4312 638 4376 ἐπίσκοπος
684 4317 771 4366 τόν
825 4314 973 4385 ἅγιον
1038 4315 1330 4387 Μακάρων,
1376 4312 1421 4364 εἰ
1472 4311 1624 4371 ἀνέϐη
1667 4312 1751 4365 ἐπὶ

196 4404 266 4457 τὶν
286 4398 489 4469 καρδίαν
519 4404 684 4456 αὐτοῦ
725 4399 856 4466 δόξα
892 4404 1153 4455 τοσούτων
1205 4403 1566 4455 ὑποπεσόντων
1611 4399 1750 4474 αύτῷ
1787 4425 1832 4480 D

199 4492 263 4539 ἐπὶ
296 4488 357 4561 τῷ
397 4492 688 4563 τηλικούτῳ
731 4496 974 4563 σημείῳ;
1032 4496 1123 4543 καὶ
1173 4490 1428 4564 ἀπεκρίθη
1486 4488 1654 4562 αὐτῷ·
1693 4491 1753 4543 οὗ

200 4576 221 4633 ἦ
261 4576 445 4651 καρδύα
477 4581 684 4653 σχολὴν
733 4583 849 4652 ἔχει
897 4577 1056 4643 δόξαν
1087 4579 1368 4653 ἀνθρώπων
1422 4580 1756 4653 παραϐλέψα-

202 4666 315 4731 σθαι,
343 4669 416 4721 ὃτι
444 4671 593 4734 οὗτος
627 4673 755 4725 Θεὸν
795 4673 884 4741 μεν
932 4674 1077 4722 οὔπω
1128 4672 1281 4741 ἓγνῶ.
1318 4670 1343 4722 ὃ
1391 4666 1449 4722 δε
1476 4676 1640 4736 ποιεῖ,
1672 4669 1754 4721 ἀν-

202 4753 385 4824 Θρὼπόις
412 4767 570 4815 ποιεῖ.
607 4761 634 4811 ό
675 4756 734 4812 δε
780 4757 1019 4823 ἀξιωθεὶς
1048 4758 1287 4832 ίπιπνοίᾳ
1316 4767 1468 4829 Θεοῦ,
1508 4758 1555 4811 έν
1587 4757 1757 4828 πολλῷ

201 4840 329 4912 ἀγῶνί
375 4846 509 4901 ἔστιν
566 4851 739 4921 ὥσπερ
797 4847 881 4902 ἰπὶ
930 4849 1090 4922 ξυροῦ
1119 4848 1299 4915 ἑστώς,
1342 4848 1647 4921 φοϐούμενος
1684 4852 1755 4921 μὴ

202 4930 387 5008 ἐκπέσῃ,
426 4940 451 4991 ό
501 4945 733 5001 τοιοῦτος
788 4944 913 5012 μίαν
971 4943 1131 5011 μόνην
1180 4938 1458 5011 ἐπιθυμίαν
1512 4940 1644 5011 ἔχει,
1702 4941 1759 4992 τὸ

204 5018 381 5082 ἐξελθεῖν
423 5030 477 5080 ἑκ
526 5035 620 5083 τοῦ
674 5033 932 5101 σώματος.
974 5028 1093 5103 περί
1145 5031 1248 5102 γὰρ
1307 5024 1467 5092 δόξης
1518 5023 1642 5081 ούδε
1688 5027 1762 5090 εἰς

1723 239 1927 298 ACTA.

3402 248 3508 305 2M

1854 371 2240 429 coessentiale
2253 373 2385 445 ejus
2406 374 2685 441 Verbum,
2707 389 2813 447 per
2824 374 2989 446 quod
3001 389 3152 432 aeva
3172 374 3327 445 fecit,
3340 372 3510 447 quod

1854 461 1913 516 in
1945 463 2467 519 consummatione
2498 470 2834 536 temporum
2865 464 2925 520 in
2955 463 3343 520 abolitionem
3373 478 3507 535 pec—

1854 550 1969 606 cati
2009 551 2290 623 apparuit
2317 552 2376 607 in
2408 568 2607 618 carne,
2642 569 2826 625 quam
2859 569 2889 608 e
2931 558 3140 609 sancta
3167 552 3346 608 Maria
3384 552 3507 607 vir-

1855 642 1992 710 gine
2024 646 2385 712 susceperat,
2418 641 2585 713 quod
2615 642 2987 707 crucifixum,
3020 646 3322 697 mortuum
3345 644 3401 695 et
3422 655 3509 695 se-

1856 728 2089 802 pultum
2134 734 2221 785 est
2264 735 2319 785 et
2366 731 2686 785 resurrexit
2724 730 2890 785 tertia
2937 731 3051 795 die,
3103 730 3386 801 sedetque
3431 728 3510 784 ad

1855 820 2124 874 dextram
2152 820 2356 891 patris,
2378 836 2449 875 ac
2478 820 2675 875 denuo
2700 824 3016 874 venturum
3038 824 3128 873 est
3154 819 3211 872 in
3242 824 3509 889 tempore

1856 908 2071 971 futuro,
2100 908 2372 978 judicare
2415 908 2577 963 vivos
2607 912 2663 963 et
2695 912 2960 962 mortuos
2996 913 3093 972 ;et
3127 907 3185 961 in
3228 906 3509 977 Spiritum

1857 1003 2153 1062 sanctum,
2179 998 2331 1052 Patri
2345 998 2592 1069 ejusque
2607 996 2796 1052 Verbo
2819 994 3305 1061 coessentialem;
3331 994 3509 1050 credo

1858 1088 1915 1141 in
1971 1086 2464 1142 resurrectionem
2523 1102 2768 1159 quoque
2816 1085 3055 1140 animae
3113 1088 3171 1139 et
3220 1083 3507 1154 corporis,

1857 1177 2008 1231 sicut
2049 1175 2358 1248 apostolus
2397 1176 2477 1232 ait
2518 1191 2531 1229 :
2575 1176 2913 1231 Seminatur
2961 1188 3179 1244 corpus
3218 1171 3508 1235 naturale,

1858 1266 2173 1321 suscitatur
2221 1280 2441 1335 corpus
2481 1263 2785 1335 spirituale
2818 1282 2832 1331 ;
2872 1268 2927 1317 et
2966 1277 3170 1317 rursus
3212 1275 3226 1313 :
3270 1260 3514 1331 Oportet

1858 1355 2017 1410 enim
2044 1353 2424 1423 corruptibile
2454 1352 2567 1408 hoc
2597 1353 2843 1408 induere
2868 1348 3511 1421 incorruptibilitatem.

1859 1446 1993 1499 Post
2021 1445 2168 1499 haec
2199 1444 2478 1499 Macarius
2518 1442 2814 1498 haeretico
2844 1456 2857 1497 :
2893 1441 3084 1504 Vides,
3119 1438 3329 1510 inquit,
3364 1436 3513 1508 quid

1857 1534 2033 1589 dicat.
2077 1534 2130 1587 Is
2171 1548 2310 1587 vero
2353 1530 2675 1603 respondet
2717 1550 2728 1589 :
2774 1530 2904 1586 Mihi
2950 1528 3196 1601 quidem
3237 1543 3269 1581 e
3318 1524 3513 1581 verbis

1859 1623 1979 1679 noli
2023 1623 2205 1677 ﬁdem
2246 1621 2477 1684 aﬂerre,
2511 1620 2613 1675 sed
2660 1635 2869 1675 eamus
2918 1621 2997 1674 ad
3040 1616 3358 1689 sepulchra
3409 1633 3423 1673 :
3464 1614 3511 1669 si

1860 1729 2045 1768 unum
2064 1728 2135 1767 ex
2154 1710 2231 1766 ibi
2247 1709 2585 1781 jacentibus
2606 1708 3008 1772 suscitaveris,
3026 1707 3213 1762 sciam
3235 1720 3340 1760 vos
3358 1703 3511 1759 bene

1858 1802 2090 1867 sentire,
2136 1801 2265 1873 ipse
2313 1814 2423 1869 ego
2472 1798 2737 1852 animam
2778 1797 2903 1850 sine
2948 1810 3196 1865 corpore
3237 1791 3511 1847 afferam.

1860 1893 2110 1949 Sanctus
2138 1905 2277 1943 vero
2313 1886 2598 1944 Macarius
2628 1886 2704 1940 ad
2744 1886 3096 1956 episcopum
3135 1896 3459 1937 conversus
3495 1895 3508 1934 :

1858 1980 2122 2045 Multum,
2159 1978 2370 2050 inquit,
2406 1976 2573 2031 nefas
2601 1988 2767 2038 sane,
2812 1976 2994 2029 Deum
3038 1976 3282 2034 tentare,
3316 1982 3511 2041 neque

1857 2070 2242 2137 dignaturum
2273 2082 2404 2121 esse
2421 2081 2555 2120 eum
2582 2068 2824 2135 propter
2838 2077 3024 2116 unum
3046 2057 3510 2115 daemoniacum

1861 2159 2037 2231 276
2057 2155 2491 2213 tantumfacere
2505 2154 2743 2222 signum
2760 2150 3021 2206 confido.
3039 2146 3379 2219 Respondet
3393 2146 3515 2217 epi-

1859 2264 2105 2322 scopus:
2125 2246 2378 2308 Minime,
2408 2248 2603 2315 pater;
2632 2244 3047 2297 verumtamen
3064 2241 3303 2308 propter
3328 2241 3512 2290 totam

1859 2338 2240 2394 vicinitatem.
2278 2335 2440 2389 Tunc
2478 2331 2757 2387 abierunt
2792 2328 2871 2384 ad
2915 2325 3248 2397 sepulchra.
3300 2322 3515 2394 Incipit

1860 2426 2148 2483 Hieracita
2177 2425 2454 2479 invocare
2486 2420 2867 2481 daemonem,
2901 2415 3008 2470 sed
3042 2414 3287 2470 minime
3322 2412 3515 2483 potuit

1858 2517 2127 2573 animam
2158 2528 2409 2568 evocare
2447 2514 2689 2565 tenuem
2719 2512 2775 2562 et
2812 2505 3062 2560 nudam.
3100 2505 3294 2569 Quum
3332 2500 3516 2572 igitur

1860 2606 2003 2662 nihil
2021 2603 2309 2660 effecisset
2332 2634 2387 2641 ——
2409 2598 2521 2670 ipsi
2539 2598 2698 2652 enim
2722 2593 3097 2667 repugnabat
3118 2591 3356 2664 spiritus
3380 2605 3517 2644 san-

1859 2704 2008 2761 ctus,
2034 2694 2216 2748 _iis:
2242 2685 2989 2760 Propterincredulitatem,
3006 2683 3221 2751 inquit,
3252 2686 3514 2735 vestram

1859 2802 1978 2841 non
2003 2797 2254 2855 possum
2286 2778 2549 2835 animam
2580 2790 2845 2830 evocare.
2883 2772 3088 2829 Statim
3121 2769 3406 2827 Macarius
3432 2767 3519 2821 in-

1858 2875 2140 2946 dignatus
2198 2883 2398 2939 genua
2448 2864 2647 2928 tlectit,
2708 2862 2854 2917 nihil
2913 2876 3051 2915 vero
3110 2857 3404 2929 promisit,
3462 2862 3518 2910 et

1859 2943 2049 3036 quum
2081 2974 2265 3015 unam
2304 2958 2517 3013 horam
2560 2954 2619 3008 in
2658 2951 2925 3007 oratione
2956 2950 3413 3019 perseverasset,
3454 2943 3516 2998 in

1860 3032 2187 3122 conspectu
2226 3045 2499 3103 omnium
2549 3040 2800 3095 surrexit
2846 3044 2902 3093 et
2945 3035 3261 3106 sepulchro
3310 3032 3519 3104 palma

1862 3119 2102 3217 pulsato
2117 3170 2182 3178 —
2204 3132 2402 3193 baculi
2422 3132 2603 3196 enim,
2623 3128 2844 3202 quibus
2864 3121 3310 3181 monachiillius
3327 3119 3519 3217 regio-

1861 3208 1953 3287 nis
1967 3233 2231 3295 utuntur,
2248 3222 2399 3280 rami
2413 3220 2751 3294 palmarum
2773 3212 3315 3271 sunt—hominem
3331 3208 3518 3264 susci-

1863 3326 1948 3378 tat
1966 3333 2086 3375 non
2114 3318 2173 3372 in
2199 3321 2352 3371 terra
2370 3310 2699 3372 defossum,
2731 3319 2923 3376 nuper
2953 3306 3281 3370 mortuum,
3313 3298 3419 3354 sed
3444 3312 3519 3354 ex

1863 3408 2127 3482 antiquis
2158 3405 2442 3476 aliquem.
2482 3401 2629 3453 Tum
2658 3394 2947 3451 Hieracita
2974 3395 3181 3446 vocato
3218 3405 3231 3443 :
3268 3390 3517 3453 Quaere,

1861 3476 2073 3571 inquit,
2105 3512 2177 3552 ex
2206 3496 2341 3557 hoc,
2384 3505 2529 3547 num
2566 3486 2878 3541 suscitetur
2914 3496 3155 3551 corpus.
3200 3476 3311 3543 Qui
3350 3479 3518 3531 tanto

1864 3566 2035 3661 sig-no
2056 3566 2452 3645 exanimatus,
2473 3580 2797 3651 postquam
2826 3573 3086 3628 daemon
3111 3568 3189 3624 ab
3211 3583 3281 3623 eo
3303 3566 3522 3621 disces-

1864 3658 1958 3740 sit.
2002 3676 2080 3731 ad
2120 3673 2304 3746 pedes
2351 3667 2536 3724 sancti
2587 3662 2936 3736 provolutus
2982 3664 3073 3715 est
3116 3673 3253 3712 cum
3301 3658 3518 3711 cuncto

1866 3744 2337 3841 ρονιιιοίρυυω
2366 3772 2505 3812 vero
2528 3770 2666 3810 eum
2694 3750 2962 3806 occidere
2992 3748 3369 3819 quaererent,
3398 3744 3516 3841 Ma-

1864 3829 2063 3914 carius
2099 3869 2203 3909 eos
2243 3845 2569 3920 prohibuit,
2611 3846 2791 3912 atque
2824 3840 2885 3893 in
2920 3850 3190 3892 eremum
3227 3847 3367 3887 eum
3407 3829 3518 3885 ab-

1863 3946 2049 4004 duxit.
2093 3918 2418 3999 Suscitatus
2460 3939 2661 3989 autem
2700 3928 3125 3994 interrogatus,
3173 3935 3318 3977 num
3361 3918 3519 3975 Chri-

1865 4042 2024 4092 stum
2058 4029 2449 4104 proﬁteretur,
2494 4020 2715 4076 dixisse
2756 4016 2959 4079 fertur,
3000 4028 3061 4068 se
3109 4026 3184 4067 ne
3217 4006 3520 4104 audivisse

1864 4094 2106 4201 quidem
2139 4121 2213 4175 de
2244 4133 2313 4172 eo
2344 4116 2404 4170 in
2448 4111 2572 4168 vita
2615 4123 2746 4164 sua.
2792 4102 3115 4160 Pharaonis
3167 4097 3327 4201 enim
3360 4094 3518 4201 regis

1863 4186 2132 4282 tempore
2162 4224 2224 4264 se
2263 4205 2481 4261 obiisse
2509 4198 2676 4263 dixit,
2714 4194 2969 4265 ideoque
3010 4192 3147 4246 ante
3186 4186 3516 4244 adventum

1866 4278 2071 4363 Christi
2119 4299 2280 4354 vixit.
2328 4295 2518 4360 Quem
2566 4301 2756 4359 quum
2794 4282 3160 4353 baptizasset
3206 4278 3519 4339 Macarius,

1865 4409 2071 4451 secum
2114 4386 2324 4445 habuit
2361 4388 2474 4437 tres
2518 4392 2732 4439 annos,
2777 4370 2998 4444 quibus
3047 4366 3264 4439 elapsis
3310 4377 3516 4419 veram

1863 4486 1958 4543 ille
2017 4476 2441 4537 dormitionem
2500 4462 2807 4533 dormivit,
2868 4460 2970 4524 ita,
3039 4461 3104 4511 ut
3164 4455 3216 4510 ei
3280 4456 3517 4525 aptetur

1865 4574 2109 4630 verbum
2173 4560 2402 4621 Domini
2463 4574 2475 4612 :
2547 4557 2748 4625 Neque
2815 4549 2909 4605 hic
2966 4543 3255 4618 peccavit,
3318 4554 3515 4630 neque

1865 4627 2142 4738 parentes
2215 4653 2365 4724 ejus,
2434 4644 2540 4701 sed
2623 4645 2687 4697 ut
2752 4635 3044 4738 reveletur
3123 4631 3313 4738 gloria
3370 4627 3517 4727 .Dei.

1867 4716 2265 4817 interrogavit
2285 4743 2485 4797 autem
2515 4732 2834 4804 episcopus
2866 4728 3145 4817 sanctum
3175 4716 3516 4817 Macarium,

1869 4802 2127 4901 οἷᾝῶ
2153 4830 2347 4903 gloria
2387 4826 2449 4882 in
2485 4802 2586 4879 cor
2623 4820 2750 4891 ejus
2793 4810 3147 4876 ascenderit,
3194 4814 3316 4903 tam
3366 4802 3519 4859 mul-

1970 4932 2109 4985 ante
2149 4896 2288 4979 eum
2315 4906 2848 4990 procumbentibus
2872 4902 2952 4960 ob
2991 4905 3222 4990 tantum
3253 4896 3518 4990 signum.

1871 4983 2338 5087 aui—respondet
2380 5022 2395 5062 :
2438 5001 2619 5073 Cujus
2662 5011 2765 5054 cor
2810 4993 3003 5052 otium
3041 4988 3223 5047 habet
3258 4983 3514 5057 gloriam

1501 5206 1757 5264 VARIAE
1795 5194 2200 5260 LECTIONES.

267 5379 305 5459 37
332 5384 461 5440 Ε01⁵1·
489 5387 667 5459 καθά.
698 5386 825 5459 έμὴ.
903 5387 951 5459 9⁸
973 5386 1117 5443 Cod.
1146 5390 1405 5445 πίστην.

217 5589 563 5676 όετὶωλῐῗοζιθ
580 5618 743 5676 _corr.
776 5605 891 5676 ἔφη,
925 5605 1006 5655 ὅτι
1036 5598 1149 5656 οὐδ’
1177 5673 1188 5676 _
1210 5602 1486 5662 ἀκηκοέναι

222 5670 412 5738 φαραοῡ)
439 5674 534 5745 γὰρ
566 5670 817 5747 βασιλέως
844 5675 1040 5751 εἰρήκει
1066 5673 1476 5734 τετελευτηκέναι

1486 5386 1531 5422 8³
1564 5386 1706 5429 Πηᾶ-
1753 5386 1990 5429 νωοῆς.

247 5383 305 5463 ,³⁷
332 5384 461 5440 Corr
489 5429 501 5451 ,
534 5387 667 5443 cod.
698 5386 825 5459 ίμὴ.
903 5387 951 5423 ⁸⁸
973 5386 1117 5443 Cod.
1146 5390 1405 5445 πίστην.
1486 5386 1531 5422 ⁸⁸
1564 5383 1707 5441 Cod.
1750 5386 1990 5454 χωρῆς-
2067 5383 2117 5408 νυ
2152 5383 2232 5424 l5!
2261 5383 2315 5422 ο(

211 5449 364 5531 τιθείς.
436 5460 482 5492 ⁹²
508 5456 693 5520 Corn.
735 5459 868 5515 cod.
905 5458 1287 5531 ἀποψύχας.
1368 5460 1415 5494 9³
1449 5456 1640 5531 Verba
1670 5448 2108 5531 u‘ncisinclusa
2135 5443 2315 5531 autg

216 5526 299 5592 aut
324 5525 442 5582 loco
472 5546 581 5586 suo
607 5537 767 5587 mota
789 5547 917 5586 esse
946 5519 1486 5586 vident'ﬁr.7Vocem
1518 5530 1618 5589 ζῶν
1645 5529 1721 5583 ad
1754 5523 1936 5579 verba
1966 5519 2066 5591 πρὸ
2097 5520 2192 5573 τῆς
2220 5519 2515 5592 παροιξσιας
2539 5519 3313 5592 τρυηλρφστξυντξχζῇτιζυχιξς

1522 5569 1721 5664 6366;:-
1858 5569 1979 5668 Ῑῷδ
2007 5569 2453 5668 Ιτ.’τῆς.’τιῖαροὶισίοις
2484 5582 2583 5668 τοῦ
2627 5569 2860 5647 Χριστοῦ
2895 5569 2996 5633 ζῶν
3027 5569 3108 5626 ἦν.
3150 5569 3330 5639 φαραὼ

1551 5649 1609 5709 ίί
1628 5649 2079 5734 timendq'cod.
2117 5649 2611 5730 ἠνοίφανερώθη.

2067 5373 2117 5408 ⁹⁰
2151 5370 2232 5424 Ex
2261 5362 2441 5429 coni.,
2473 5358 2607 5417 cod.
2640 5356 2969 5429 ἀνάγειν..
3010 5342 3519 5429 “_Emend,_cod.

2317 5415 2498 5491 ἰῦεέοί
2518 5415 2589 5487 ex
2621 5415 2890 5497 margine
2923 5422 3017 5497 _in
3064 5425 3293 5497 textum
3333 5415 3521 5497 illata,

2397 5487 2515 5564 σίας
2539 5509 2629 5555 τοῦ
2660 5487 2978 5576 Χρίᾶτοῦῇν
3009 5491 3313 5576 pertinere.
3335 5487 3525 5576 credi-
