4078 6194
517 256 627 310 215

1433 256 1533 311 SS.
1577 253 2059 311 MACARIORUM
2108 253 2426 310 AEGYPTH
2474 254 2556 309 ET
2596 252 3080 309 ALEXANDRINI

3806 249 3925 306 216

513 379 829 437 hominum
859 382 1238 454 respiciendi,
1270 384 1317 438 is
1351 386 1532 440 Deum
1563 382 1833 438 nondum
1868 381 2165 451 cognovit.
2197 381 2242 435 A

2277 379 2467 432 ἔννοιαν
2493 382 2730 452 ἔρχεται.
2762 375 3062 451 ὑπόδειγμα
3104 378 3151 414 ⁸⁸
3199 373 3491 431 δίδίδωσιν
3522 376 3664 449 αὐτῷ
3700 384 3934 444 τοιοῦτο,

519 470 691 541 277
720 474 770 525 ls
788 470 968 536 enim,
990 471 1284 544 quidquid
1308 472 1467 538 facit,
1490 471 1836 527 hominibus
1869 470 2025 526 facit.
2057 470 2166 536 Qui

518 574 658 613 vero
680 559 899 629 dignus
921 566 1011 614 est
1035 561 1274 616 habitus
1300 560 1502 617 aﬁlatu
1528 561 1650 625 Dei,
1679 562 1726 614 is
1748 561 1805 614 in
1840 560 2027 615 multo
2048 575 2167 614 cer—

517 647 741 702 tamine
775 654 1055 713 versatur,
1089 650 1262 721 quasi
1289 651 1346 705 in
1372 650 1672 705 novacula
1698 655 1895 713 staret,
1932 654 2165 713 timens,

516 750 590 789 ne
621 735 879 793 decidat.
923 737 1073 793 Talis
1106 753 1292 794 unum
1335 739 1530 795 solum
1567 738 1751 793 habet
1782 738 2166 804 desiderium,

514 824 855 895 egrediendi
882 826 1106 882 scilicet
1126 846 1155 881 e
1179 843 1449 899 corpore.
1476 827 1647 893 Quod
1664 842 1802 882 vero
1822 825 1899 881 ad
1914 827 2166 896 gloriam

515 914 739 979 attinet,
770 915 915 969 haec
942 916 994 969 ei
1026 932 1098 971 ne
1130 918 1189 971 in
1218 924 1477 971 mentem
1510 915 1755 987 quidem
1788 915 1966 971 venit.
2008 918 2168 971 Hanc

514 1006 712 1057 autem
762 1003 815 1056 ei
846 1003 1183 1059 doctrinam
1229 1005 1433 1060 dedit:
1486 1006 1696 1059 Adduc
1740 1005 1905 1068 mihi,
1953 1004 2164 1075 inquit,

514 1089 775 1161 aliquem
832 1092 889 1146 in
924 1094 1074 1147 mari
1122 1092 1534 1149 ambulantem
1576 1098 1631 1148 et
1681 1093 1912 1149 coelum
1963 1108 2169 1147 versus

514 1178 719 1233 oculos
742 1180 798 1233 in
829 1180 1037 1246 solem,
1070 1182 1245 1253 cujus
1278 1182 1461 1237 radiis
1495 1186 1881 1249 sustentetur,
1908 1181 2171 1253 deﬁgen'

513 1270 652 1331 tem,
689 1269 780 1322 cui
813 1270 947 1340 quis
978 1270 1306 1341 praecipiat
1334 1289 1346 1326 :
1377 1271 1431 1326 Si
1461 1270 1684 1339 locum,
1715 1270 1773 1324 in
1807 1286 1930 1342 quo
1959 1270 2169 1325 ambu-

510 1354 621 1418 las,
654 1357 892 1427 aspicis,
917 1358 974 1413 in
1008 1375 1170 1414 mare
1198 1359 1627 1428 submergeris,
1656 1359 1803 1430 quid
1830 1360 1883 1413 ei
1916 1359 2164 1423 accidet,

2277 474 2366 521 καί
2417 488 2614 541 φησιν·
2663 473 2866 541 ἧγησαί
2917 473 3007 541 μοί
3052 487 3169 519 τινα
3244 466 3325 519 ἐπὶ
3385 466 3624 539 θαλάσσῃ
3698 487 3934 541 περιποι-

2276 565 2465 610 τοῦντοι
2502 563 2590 611 καὶ
2629 559 2701 620 εἰς
2735 558 2949 631 οὐρανὸν
3004 556 3302 617 ἀτενίζοντα
3357 554 3429 627 τῷ
3488 555 3616 627 ἡλίῳ
3672 557 3770 607 ὑπὸ
3824 564 3935 609 τῶν

2278 646 2494 700 ἀκτίνων
2544 648 2703 700 αὐτοῦ
2773 646 3166 720 βασταζόμενον
3209 663 3221 675 ’
3289 653 3360 697 τῶ
3412 648 3628 716 τοιούτῳ
3684 647 3939 698 ὑποτίθε-

2275 741 2360 789 ταί
2398 756 2492 807 τις,
2545 739 2644 801 ὅτι,
2676 739 2759 789 ἐὰν
2811 733 2937 809 ἴδῃς
2993 738 3042 770 ⁸⁸
3095 738 3181 787 τὸν
3211 753 3387 798 τοπον,
3437 733 3511 806 ἐφ’
3556 734 3595 784 ὦ
3640 736 3685 769 ⁸⁷
3727 733 3938 787 ἐπιϐαί-

2276 845 2398 892 νεις,
2447 832 2701 879 ποντώσει
2748 827 2817 887 ⁸⁸,
2873 829 2925 877 τί
2970 824 3030 875 ἂν
3085 826 3244 876 πάθοι
3308 825 3703 897 παρακούσας;
3762 824 3938 885 οὕτως

2277 915 2393 986 ότῇ
2425 916 2471 949 ⁸ο
2531 922 2621 967 τοῦ
2685 921 2818 968 Θεοῦ
2876 910 3004 986 δόξῃ
3065 912 3362 973 ἓτατινίζων
3416 918 3569 963 πατεί
3630 916 3722 969 τὴν
3781 914 3939 984 ποιρὰ

2278 1002 2557 1077 ἀνθρώπων
2589 1001 2767 1066 δόξαν.
2820 1003 2904 1055 ἐὰν
2946 1000 3004 1055 δὴ
3045 1008 3161 1075 περὶ
3207 1002 3401 1059 ταύτην
3442 1008 3673 1074 στροφῇ,
3731 1000 3937 1063 ἐκείνης

2278 1091 2532 1144 brain-ru.
2592 1095 2818 1145 ἐκπεσὼν
2869 1089 2927 1144 δὲ
2981 1091 3193 1156 ἐκείνης,
3271 1088 3324 1141 ἐκ
3376 1089 3574 1141 πολλῶν
3616 1089 3778 1141 ἄλλων
3826 1109 3937 1142 πα-

2281 1182 2380 1233 θῶν
2444 1177 2840 1241 κλυδωνίζεται.
2896 1182 2963 1232 τὰ
3014 1176 3073 1232 δὲ
3128 1179 3285 1231 λοιπὰ
3345 1185 3437 1230 τοῦ
3505 1177 3657 1249 ἁγίου
3717 1180 3935 1241 τούτου,

2279 1271 2400 1341 ὅπερ
2446 1265 2506 1327 ἦν
2552 1268 2774 1341 ἐλεήμων
2817 1274 2906 1321 καὶ
2947 1265 3259 1341 φιλάδελφος
3296 1273 3385 1320 καὶ
3431 1272 3601 1325 πόσην
3662 1269 3735 1303 ¹⁰⁰
3780 1265 3939 1339 εἶχεν

2282 1356 2550 1433 διάκρισιν
2579 1364 2692 1432 περὶ
2747 1362 2810 1410 τὰ
2857 1360 3163 1431 πράγματα,
3209 1361 3268 1410 τὸ
3318 1353 3559 1419 κατιιδὸς
3597 1362 3927 1429 σιγήσομαι,

512 1442 559 1496 si
576 1442 925 1501 inobediens
940 1446 1456 1519 fuerit?lta,quiin
1471 1447 2054 1517 gloriamDeioculos
2071 1448 2343 1517 intendit,
2360 1448 2635 1518 gloriam,
2668 1462 2823 1520 quae
2847 1448 2924 1503 ab
2954 1446 3298 1503 hominibus
3336 1447 3628 1517 provenit,
3668 1446 3935 1517 pedibus

517 1530 724 1588 calcat.
746 1534 909 1590 Hanc
934 1540 1133 1591 autem
1156 1539 1201 1590 si
1230 1537 1485 1606 respicit,
1519 1536 1597 1592 ab
1622 1536 1719 1592 illa
1741 1535 1980 1592 decidit.
2012 1537 2057 1590 Δ
2078 1552 2202 1609 qua
2240 1537 2290 1591 si
2319 1535 2624 1602 deciderit,
2651 1535 2849 1592 multis
2875 1536 3004 1591 aliis
3046 1533 3358 1591 affectibus
3396 1536 3673 1605 agitatur.
3719 1535 3936 1590 Cetera

515 1633 759 1692 quoque
784 1623 964 1694 hujus
992 1624 1200 1689 sancti,
1229 1640 1415 1696 quam
1446 1624 1780 1681 misericors
1827 1624 2000 1681 fuerit
2031 1629 2086 1680 et
2134 1624 2447 1689 fraternus,
2481 1630 2537 1681 et
2584 1630 2875 1698 quantam
2918 1624 3196 1680 habuerit
3229 1623 3648 1679 discretionem
3691 1622 3751 1677 in
3784 1636 3936 1694 ope-

518 1708 698 1773 ribus,
728 1726 890 1767 nunc
920 1713 1164 1785 quidem
1198 1712 1407 1770 silebo.

1872 1838 2129 1894 VARIAE
2173 1837 2574 1895 LECTIONES.

544 1978 545 1981 ‘
590 1960 638 1995 "
665 1959 806 2016 Cod.
843 1958 1226 2033 ὑπόδαγμα.
1304 1963 1353 1999 ⁸⁸
1390 1962 1534 2018 Cod.
1565 1959 1763 2023 ἴδοις.
1806 1965 1851 1998 ⁸⁷
1946 1978 2067 2017 om.
2097 1962 2259 2027 cod.,
2293 1962 2500 2018 addidi
2526 1978 2598 2017 ex
2616 1962 2771 2018 coni.
2850 1963 2897 1998 “
2929 1961 3071 2019 Cod.
3110 1968 3503 2032 ποντοῦσαι,
3556 1961 3706 2019 forte
3736 1961 3937 2016 mavis

516 2045 667 2086 corr.
702 2034 1029 2091 ποντωθὴσει
1060 2034 1151 2089 vel
1181 2036 1551 2093 ποντισθήσει.
1636 2036 1683 2071 ⁹⁹
1712 2034 1859 2089 Cod.
1895 2042 1978 2089 τῑ.
2055 2035 2124 2070 ¹⁰⁰
2149 2034 2292 2090 Cod.
2313 2039 2536 2091 πόσιν.

2036 2374 2215 2445 278
2256 2374 2343 2429 νι-

835 2524 1217 2587 SPECIMEN
1253 2527 2002 2588 INTERPRETATIONIS
2047 2527 2549 2589 GERMANICAE
2593 2527 2982 2600 ANTIQUAE
3034 2527 3558 2590 HISTORIARUM

1241 2711 1330 2765 DE
1373 2711 1656 2767 SANCTIS
1695 2711 2020 2766 MACARIIS
2061 2711 2403 2768 AEGYPTIO
2448 2714 2529 2768 ET
2568 2712 3064 2767 ALEXANDRINO

1187 2863 1242 2918 E
1280 2862 1478 2918 codice
1517 2862 1906 2919 bibliothecae
1940 2861 2300 2918 Jesuitarum
2339 2862 2706 2919 Coloniensi:
2745 2864 3183 2934 depromptum.

505 3016 632 3067 Cod.
664 3033 763 3068 ms.
796 3019 925 3070 Bibl.
951 3020 1278 3071 Jesuitarum
1301 3020 1484 3071 Colon.
1511 3022 1744 3073 chartae.
1772 3034 1910 3072 saec.
1948 3034 2056 3074 XIV
2078 3021 2163 3072 vel
2188 3033 2265 3073 xv
2290 3023 2421 3073 satis
2452 3022 2587 3073 bene
2618 3027 2867 3074 exaratus
2892 3023 3022 3072 in-l“

508 3306 599 3355 Est
624 3305 791 3355 codex
814 3319 911 3354 ms.
932 3306 1187 3377 foliorum
1210 3308 1322 3378 390.
1353 3308 1411 3356 ln
1433 3308 1585 3380 cuius
1606 3308 1859 3380 operculo
1880 3307 2559 3418 legiturinscriptiozBibl.
2587 3309 2646 3357 de
2665 3309 2920 3358 Cros'u'ers
2940 3323 2959 3370 ;
2987 3323 3153 3374 quare
3184 3310 3250 3361 ad
3276 3309 3659 3383 bibliothecam
3695 3312 3932 3386 fratrum

565 3369 737 3416 crucis
762 3368 1160 3417 Coloniensium
1181 3369 1308 3417 olim
1337 3374 1659 3418 pertinuisse
1674 3371 1899 3418 Videtur.
1956 3374 2119 3418 nsunt
2149 3384 2195 3418 ei
2222 3371 2611 3418 nulcherrimae
2637 3372 2701 3418 de
2734 3372 2976 3418 Barlaam
3000 3376 3051 3418 et
3082 3373 3346 3418 Josanhat
3368 3377 3676 3418 sanctisque
3704 3376 3931 3418 semhm.

565 3369 737 3430 crucis
762 3368 1160 3417 Coloniensium
1181 3369 1308 3417 olim
1337 3368 1659 3430 pertinuisse
1674 3371 1899 3419 videtur.

1956 3374 2119 3438 nsunt
2141 3372 2195 3438 ei
2222 3371 2611 3438 pulcherrimae
2636 3372 2976 3438 de_l_3arlaam
3000 3371 3051 3422 et
3082 3373 3346 3438 Josaphat
3368 3376 3676 3438 sanctisque
3704 3376 3931 3426 senibus

565 3428 1685 3501 historiaegermanicoquidemidiomate
1717 3432 2037 3501 elaboratae,
2062 3433 2117 3481 in
2138 3428 2314 3497 iisque
2332 3433 2593 3495 plurimae
2619 3434 2683 3483 de
2708 3435 2957 3485 Macariis
2983 3450 3045 3484 ex
3060 3428 3258 3499 quibus
3274 3440 3510 3501 quatuor
3528 3428 3738 3487 tantum
3756 3439 3842 3488 hic
3856 3440 3932 3488 ad

567 3490 766 3540 codicis
789 3490 950 3541 ﬁdem
972 3490 1373 3542 accuratissime
1398 3494 1691 3557 descriptas
1714 3496 2088 3557 proponimus.

1302 3774 1348 3826 l.

1114 3856 1217 3898 BYN
1256 3857 1501 3898 ZEICHBN.

569 3930 686 3985 Dar
714 3942 794 3984 na
836 3930 1081 3986 sachten
1126 3947 1199 4002 sy
1251 3946 1363 3986 ons
1413 3930 1571 3987 oucb
1613 3947 1727 4003 eyu
1774 3930 1994 3988 selssen
2043 3932 2150 3989 zei-

496 4021 669 4077 chen.
700 4020 747 4075 It
770 4036 896 4075 was
924 4035 1040 4091 eyn
1068 4020 1215 4092 rych
1242 4036 1383 4076 man
1415 4022 1488 4076 de
1519 4021 1718 4079 hadde
1750 4041 1901 4096 eyne
1928 4024 2149 4079 schone

495 4109 762 4165 dochter.
794 4109 922 4163 Vnd
944 4108 1088 4164 omb
1108 4108 1181 4163 de
1205 4126 1270 4163 so
1296 4109 1473 4165 warﬁ‘
1489 4126 1605 4182 eyn
1627 4112 2013 4183 yungelinck.
2042 4111 2151 4167 Ind

496 4197 576 4252 do
597 4213 668 4268 sy
689 4212 818 4252 eme
841 4213 987 4267 syns
1008 4196 1196 4251 bosen
1221 4196 1413 4253 willen
1433 4200 1550 4253 neit
1572 4200 1627 4253 in
1651 4200 1887 4255 wolden
1912 4201 2145 4269 volgen.

494 4285 578 4340 Do
611 4284 863 4339 machde
897 4285 1015 4355 hey
1044 4284 1148 4338 dat
1183 4290 1311 4356 myt
1345 4301 1704 4357 zouueryen.
1740 4289 1845 4343 Dat
1875 4305 1942 4360 sy
1978 4288 2026 4342 ir
2055 4302 2148 4342 va-

494 4373 601 4428 der
625 4372 725 4426 ind
753 4372 803 4426 ir
826 4372 1051 4426 moder.
1082 4372 1184 4427 ind
1209 4371 1308 4444 vyl
1332 4373 1583 4429 anderre
1614 4375 1751 4430 lude
1776 4381 1910 4446 neyt
1931 4375 2148 4431 anders

493 4460 555 4517 in
601 4475 821 4529 saegen
851 4460 972 4515 dan
1008 4475 1117 4515 vur
1158 4476 1273 4532 eyn
1316 4461 1455 4533 wylt
1501 4468 1647 4533 pert.
1684 4466 1806 4518 End
1835 4464 1914 4519 da
1952 4480 2066 4519 van
2100 4464 2149 4519 ir

492 4550 678 4606 vader
720 4549 821 4605 ind
850 4549 899 4605 ir
932 4550 1141 4606 moder
1187 4549 1291 4605 ind
1336 4552 1386 4606 ir
1416 4551 1605 4606 ander
1644 4558 1819 4609 vrunt
1852 4569 2055 4609 waren
2087 4553 2146 4608 in

493 4640 783 4709 gl'oissem
821 4639 1022 4711 lyden.
1061 4639 1162 4694 Ind
1195 4638 1423 4695 voirten
1468 4657 1537 4711 sy
1568 4645 1882 4710 gezoumet
1916 4642 2019 4697 ind
2048 4657 2149 4713 ge-

493 4727 737 4785 bunden
778 4745 886 4784 vur
919 4728 1033 4783 den
1076 4728 1350 4799 heyligen
1380 4730 1563 4784 vader
1604 4736 1769 4785 sante
1806 4731 2137 4789 machario.

490 4817 598 4872 Iud
621 4816 850 4888 veyllen
880 4833 987 4871 vur
1010 4833 1157 4888 syne
1179 4833 1395 4889 voysse
1423 4823 1549 4890 myt
1579 4820 1871 4887 groissem
1893 4836 2144 4892 weynen

491 4904 596 4962 ind
644 4907 937 4976 sprachen
967 4921 1033 4962 zo
1086 4921 1238 4962 eme.
1272 4907 1454 4963 Ouwe
1501 4907 1735 4979 beylige
1786 4910 1967 4964 vader
2003 4909 2147 4965 dese

2187 3772 2230 3827 Β
2265 3772 2443 3845 279
2464 3773 2582 3830 neit
2602 3774 2935 3846 deirlyches
2952 3790 3029 3831 an
3050 3776 3115 3829 ir.
3139 3775 3260 3831 dan
3283 3790 3434 3847 eyns
3458 3776 3793 3849 mynshcen
3816 3786 3929 3835 na'

2261 3870 2410 3922 ture.
2452 3864 2608 3920 oucb
2638 3865 2698 3919 in
2728 3864 2778 3918 is
2820 3878 2898 3919 an
2925 3864 3072 3920 irme
3098 3864 3237 3935 lyue
3268 3865 3390 3920 neit
3427 3864 3763 3921 deirliches.
3805 3867 3933 3923 Mer

2261 3954 2303 4010 it
2330 3954 2379 4009 is
2414 3954 2472 4009 in
2506 3954 2613 4009 der
2640 3952 2778 4008 lude
2810 3967 3005 4023 ougen
3035 3953 3110 4008 de
3149 3969 3220 4025 sy
3246 3969 3323 4009 an
3354 3955 3479 4009 sien
3511 3956 3627 4009 den
3656 3955 3932 4013 duncket

2260 4044 2364 4099 dat
2386 4044 2435 4098 is
2460 4059 2573 4097 van
2598 4042 2704 4097 des
2731 4042 2942 4097 duuels
2970 4042 3224 4098 wercke.
3255 4043 3380 4096 Vnd
3408 4042 3485 4098 do
3515 4043 3631 4115 hey
3649 4042 3753 4099 dat
3773 4043 3930 4101 had-

2259 4131 2333 4186 de
2364 4131 2754 4201 gesprochen.
2788 4132 2866 4186 da
2895 4130 3077 4185 voirte
3106 4131 3220 4202 hey
3248 4147 3317 4203 sy
3343 4131 3403 4186 in
3431 4146 3580 4203 syne
3617 4132 3780 4188 celle.
3814 4134 3930 4189 Ind

2260 4232 2337 4273 na
2357 4218 2453 4289 vyl
2480 4218 2737 4285 gebedes
2758 4218 2861 4272 dat
2880 4218 2997 4290 hey
3017 4234 3161 4274 ouer
3184 4236 3254 4291 sy
3281 4219 3455 4275 dede.
3480 4220 3563 4274 Do
3591 4220 3779 4275 sall'de
3804 4222 3932 4294 hey

2260 4322 2331 4377 sy
2355 4311 2482 4377 myt
2512 4305 2647 4377 olye
2678 4306 2733 4359 iu
2769 4305 2945 4362 deme
2978 4323 3199 4363 namen
3221 4323 3366 4364 ones
3391 4307 3575 4364 heren
3612 4310 3684 4364 lh
3705 4327 3731 4363 s
3775 4296 3876 4381 Χῖ)
3903 4330 3931 4366 s

2261 4396 2425 4451 Want
2455 4411 2527 4466 sy
2550 4410 2665 4449 van
2699 4396 2993 4465 groissem
3019 4397 3282 4468 arbeyde
3307 4396 3419 4453 alle
3444 4414 3516 4469 yr
3540 4397 3735 4454 kraeft
3768 4399 3927 4455 bad-

2258 4482 2331 4538 de
2358 4483 2645 4543 verloren.
2686 4486 2765 4539 Do
2796 4483 2923 4554 gaﬂ‘
2944 4484 3059 4556 hey
3101 4487 3148 4541 ir
3174 4502 3243 4541 zo
3282 4502 3455 4542 essen
3489 4487 3591 4541 ind
3634 4488 3819 4543 voirte
3851 4505 3931 4561 sy

2260 4573 2363 4628 her
2382 4588 2446 4627 vs
2467 4588 2536 4627 zo
2557 4588 2695 4628 eren
2721 4573 3012 4629 vrunden.
3046 4578 3125 4630 Do
3144 4590 3329 4645 sagen
3348 4590 3417 4647 sy
3442 4592 3512 4647 sy
3534 4591 3612 4632 an
3636 4592 3745 4631 vur
3765 4593 3929 4648 eyne

2258 4662 2629 4717 iuntirouwe.
2665 4663 2761 4717 Als
2789 4678 2856 4733 sy
2887 4663 2946 4717 in
2979 4662 3083 4718 der
3112 4664 3384 4719 wairheit
3415 4680 3559 4719 was.
3602 4664 3723 4720 End
3759 4666 3839 4721 do
3875 4668 3930 4723 ir

2258 4751 2442 4807 vader
2465 4752 2563 4806 ind
2588 4752 2672 4806 eir
2695 4758 2870 4806 vrunt
2885 4752 3244 4821 groislichen
3263 4751 3584 4809 danckden
3610 4753 3927 4811 machario

2256 4840 2431 4896 deme
2463 4840 2738 4910 heyligen
2778 4841 2960 4895 vader
2990 4840 3106 4895 end
3140 4847 3241 4909 got
3270 4841 3549 4898 loueden.
3585 4845 3664 4897 Do
3697 4845 3929 4914 sprach

2257 4929 2351 4985 hei
2382 4944 2450 4984 zo
2480 4929 2585 4983 der
2615 4928 3055 5000 yunﬁ'rouwen.
3101 4932 3209 4985 Des
3241 4929 3452 4985 duuels
3495 4931 3709 4999 gewalt
3737 4933 3809 4987 ist
3841 4933 3933 4989 da

491 5000 692 5089 ευθεερ
720 4994 794 5089 d_°
824 4995 906 5049 du
950 4994 1077 5089 hei?
1109 5011 1254 5067 9".”
1285 4996 1387 5089 d3}
1412 5011 1538 5089 “(iis
1569 5004 1715 5052 0098
1740 4996 2006 5089 άοοωθνο
2039 4998 2145 5054 Ind
2182 5071 2220 5089 η
2260 5033 2374 5073 van
2397 5033 2473 5073 an
2494 5018 2586 5073 dir
2604 4994 2903 5089 schynber
2925 5018 3265 5086 geworden.
3284 4994 3570 5075 Wantdu
3594 5021 3724 5076 hais
3745 5022 3935 5079 vunff

489 5082 636 5141 bose
660 5083 799 5140 lude
826 5088 1050 5179 syri}?
1076 5085 1461 5179 sentirenind
1496 5086 1770 5179 hayatsy
1798 5088 2145 5179 alitzouusj
2180 5071 2220 5127 C
2258 5071 3083 5178 ssereusys'agn‘neyﬁgea
3104 5071 3480 5178 resimas
3494 5071 3769 5179 Quae;
3792 5071 3927 5167 ἐῖιῖἇ

489 5188 635 5244 ryen
671 5172 1048 5229 verwandelt.
1086 5175 1195 5229 Dat
1236 5190 1309 5245 sy
1343 5174 1391 5229 is
1420 5176 1739 5243 geworden
1769 5175 1857 5231 als
1887 5176 1969 5231 du
2008 5176 2145 5234 wail

489 5260 780 5317 sust.Wir
801 5261 1049 5333 bydden
1075 5261 1212 5318 dich
1242 5263 1433 5319 durch
1464 5264 1581 5320 den
1605 5264 1897 5336 schepper
1925 5264 2145 5321 hemel-

488 5349 649 5405 richs
676 5350 782 5405 ind
811 5349 1060 5407 ertrichs
1090 5351 1193 5407 ind
1225 5352 1299 5407 de
1325 5353 1438 5409 alle
1464 5358 1775 5410 creaturen
1802 5354 2143 5423 geschatfen

486 5436 631 5493 hait.
666 5440 771 5495 Dat
799 5438 882 5495 du
917 5440 1036 5511 god
1064 5440 1297 5512 byddes
1328 5442 1431 5497 dat
1469 5456 1539 5512 sy
1574 5442 1765 5497 weder
1794 5442 2013 5498 werde.
2046 5444 2143 5499 Als

488 5525 585 5586 hei
612 5544 696 5596 sy
720 5543 843 5583 Avan
872 5530 1085 5585 eirsten
1117 5530 1240 5586 hait
1271 5530 1635 5601 geschatfen.
1682 5534 1763 5587 Do
1796 5532 2008 5587 lachde
2039 5534 2145 5589 der

496 5614 733 5689 heylige
755 5617 957 5675 valder
973 5634 1080 5691 gar
1102 5619 1419 5683 goitlichen
1438 5619 1542 5679 ind
1569 5620 1809 5695 sprach.
1829 5622 1995 5679 lehin
2017 5623 2143 5679 sien

2218 5230 2219 5233 η
2256 5194 2383 5251 also
2425 5196 2649 5252 voirten
2686 5212 2755 5266 sy
2785 5194 2858 5249 de
2893 5194 3141 5251 dochter
3179 5196 3285 5253 mil.
3314 5197 3586 5253 vrouden
3617 5198 3822 5255 weder
3854 5216 3927 5257 zo

2254 5284 2493 5356 heyme.
3057 5357 3090 5411 ²

2329 5447 2441 5500 Dar
2464 5460 2542 5499 ua
2563 5443 2820 5513 begerde
2842 5444 2948 5499 der
2968 5443 3202 5515 heylige
3231 5446 3412 5501 vader
3441 5448 3544 5502 dat
3561 5447 3674 5519 hey
3696 5464 3921 5520 qucme

2256 5534 2312 5588 in
2345 5532 2459 5587 den
2491 5533 2864 5602 bongardeu.
2903 5536 3110 5588 Janme
3152 5536 3252 5588 ind
3284 5535 3525 5591 manbe.
3568 5538 3673 5590 Dat
3718 5554 3921 5593 waren

2259 5621 2355 5679 die
2385 5637 2591 5682 zwene
2618 5638 2916 5680 zouuener
2949 5624 3024 5679 de
3054 5624 3136 5696 by
3165 5623 3451 5697 konynck
3494 5624 3765 5697 pharone
3806 5642 3924 5685 wa.
