4088 6192
193 290 289 348 321
1788 323 1794 344 ι

1903 288 1988 348 Ἃ.
2056 292 2067 301 ’

3454 296 3567 356 292

1723 597 1899 670 235
1930 598 2047 654 vn.

716 740 1039 801 MACARII
1063 738 1458 801 CUIUSDAM
1490 740 1814 803 ABBATIS
1844 742 2195 805 VISIONES
2230 745 2328 806 DE
2359 745 2676 809 SANCTIS
2722 749 3050 811 ANGELIS

1264 890 1320 947 E
1348 891 1546 948 codice
1587 892 2023 951 Vindobonensi
2040 894 2304 965 primum
2331 897 2541 954 editae.

192 1141 321 1192 God.
354 1154 455 1190 ms.
482 1139 653 1193 theol.
680 1138 774 1190 CC.
798 1138 927 1189 olim
957 1137 1287 1195 CLXXXVII,
1325 1137 1453 1188 Bibl.
1482 1140 1629 1189 Caes.
1654 1140 1956 1192 Vindobon.
1989 1142 2303 1194 chartaceus
2336 1146 2478 1195 in-4°.

189 1381 441 1434 Codicem
469 1380 808 1452 negligenter
822 1379 1360 1452 ﬁexaratumr._in_quo
1390 1384 1434 1431 εί
1464 1393 1561 1443 pro
1593 1400 1610 1431 ι
1646 1381 1727 1430 vel
1766 1402 1796 1433 υ
1826 1383 2137 1445 saepissime
2177 1386 2435 1449 scriptum
2468 1387 2695 1447 invenis,
2729 1387 3009 1452 descripsit
3040 1388 3358 1439 Lambecius
3402 1390 3462 1439 Τ.
3494 1390 3561 1438 IV

297 1489 309 1499 .
342 1452 455 1507 ιιι,
492 1450 560 1499 de
589 1450 776 1500 Nessel
816 1451 873 1499 Τ.
910 1450 930 1499 ι
1018 1487 1031 1498 .
1072 1450 1183 1497 294.
1222 1449 1329 1499 Ista
1369 1454 1551 1501 autem
1588 1452 1820 1502 visiones
1855 1458 2068 1504 exstant
2100 1456 2299 1505 codicis
2333 1471 2495 1521 pagg.
2528 1460 2604 1515 97,
2643 1460 2804 1515 1-100,
2855 1449 3084 1519 2.Ὀιιο.ε
3119 1460 3434 1524 descriptas,
3462 1463 3560 1511 etsi

249 1467 613 1563 ﬁscariorum
648 1513 895 1563 Aeizvotii
927 1464 1013 1562 veg
1038 1511 1381 1562 Alexandrini
1407 1526 1517 1563 non
1544 1528 1659 1563 esse
1688 1515 1956 1563 videntur.
1988 1516 2217 1563 adiicere
2249 1520 2557 1563 statuimus.

337 1514 613 1565 cariorum
648 1513 895 1577 Aegyptii
927 1526 959 1560 v

260 1787 569 1855 Διήγημα
607 1784 876 1857 φρικτὸν
915 1785 1020 1833 καὶ
1060 1781 1310 1844 ξενίζον
1349 1784 1453 1834 τὸν
1494 1781 1511 1817 ί
1553 1788 1720 1836 νοῦν.

263 1904 419 1961 Εἶπεν
449 1908 477 1959 ό
502 1904 665 1966 ἆϐϐᾶς
715 1906 1013 1980 Μακάριος,
1058 1907 1142 1957 ὅτι
1176 1904 1404 1967 mem;
1433 1926 1533 1979 μου
1562 1906 1613 1959 ἐν
1659 1913 1798 1960 Κών-

196 2001 472 2049 σταντίνου
514 2001 537 2031 ⁸
587 1994 751 2060 πόλει,
794 1996 1079 2066 ἐπιθυμοῦν
1112 1997 1132 2028 ³
1187 1996 1286 2069 γάρ
1325 2014 1417 2067 μοι
1452 1991 1513 2053 ἧν
1552 2003 1644 2047 τοῦ
1685 1998 1799 2048 θεά-

197 2088 395 2139 σασθαι
434 2085 625 2150 αύτήν,
683 2088 773 2136 καὶ
810 2091 1106 2159 περιπατῶν
1145 2084 1167 2118 ⁸
1216 2086 1264 2135 ἓν
1303 2103 1407 2136 τινι
1443 2083 1662 2156 ἐμϐόλῳ,
1704 2092 1798 2147 τῆς

195 2175 442 2236 ἀληθείας
502 2176 878 2246 μαρτυρούσης
940 2191 1030 2244 μοι
1081 2172 1154 2234 εἰς
1203 2180 1369 2225 ταῦτα
1411 2176 1478 2225 τὰ
1514 2172 1801 2245 λαλούμενα

194 2264 316 2338 παρ’
355 2266 509 2335 ὶμοῦ,
553 2260 726 2334 βλέπω
773 2267 878 2321 τοῖς
913 2267 1108 2334 νοεροίς
1156 2259 1436 2333 ὀφθαλμοῖς
1481 2268 1591 2321 τοῖς
1636 2258 1802 2314 δεδωο

193 2358 442 2426 ρημένόις
490 2370 584 2422 μοι
620 2352 765 2424 παρὰ
802 2349 1006 2422 Κυρίου
1044 2354 1174 2422 πρὸς
1213 2354 1271 2401 τό
1309 2357 1440 2402 νοεῖν
1472 2369 1537 2422 με
1572 2353 1639 2403 τὰ
1679 2352 1801 2402 θαυ-

192 2444 363 2513 μάσια
405 2445 590 2506 αὐτοῦ,
646 2437 916 2512 ἄνθρωπόν
954 2458 1071 2491 τινα
1107 2440 1281 2511 ὥσπερ
1331 2438 1579 2510 εὐνοῦχον
1617 2438 1799 2501 ἔξωθεν

193 2538 283 2582 τοῦ
310 2532 656 2601 καταγωγίου
682 2529 704 2563 ⁵
737 2534 828 2581 τοῦ
854 2535 1101 2601 πορνικοῦ
1150 2527 1369 2595 ἑστῶτα,
1399 2528 1544 2599 πάνμ
1589 2536 1795 2599 κατηφῆ

190 2624 497 2695 κρύπτοντα
524 2619 546 2653 ⁶
591 2621 649 2670 τό
676 2623 957 2692 πρόσωπον
999 2616 1162 2668 αὐτοῦ
1199 2623 1315 2676 ταῖς
1368 2612 1497 2669 δυσὶ
1534 2616 1802 2689 παλάμαις

188 2714 379 2773 αὑτοῦ,
407 2712 502 2759 καὶ
541 2706 740 2781 ἐθρήνει
776 2713 850 2776 τῷ
908 2712 1172 2777 σχήματι,
1240 2705 1374 2757 ὥστε
1424 2705 1672 2777 νομίζειν,
1719 2708 1801 2758 ὃτι

185 2803 277 2850 καὶ
318 2799 347 2849 ὸ
413 2796 635 2868 οὐρανός
698 2795 1077 2868 συνεθρήνησεν
1123 2794 1143 2828 ⁷
1185 2792 1325 2864 αύτῷ
1368 2810 1379 2822 ·
1436 2799 1799 2867 προσεγγίσας

187 2884 247 2940 δε
274 2886 417 2957 λέγω
456 2888 593 2958 πρὸς
653 2883 807 2937 αὐτόν
840 2890 853 2913 ⁸
886 2888 938 2934 τί
986 2885 1128 2934 ἑστιν
1154 2884 1179 2934 ὀ
1231 2887 1421 2954 τρόπος
1469 2891 1561 2935 τοῦ
1607 2886 1797 2957 θρήνου

186 2994 282 3029 σου
310 2982 410 3027 καὶ
450 2975 482 3032 ἡ
516 2978 749 3045 κατηφία
785 2972 829 3037 ⁸,
862 2976 951 3023 καὶ
991 2971 1085 3023 οὐκ
1124 2970 1415 3045 ὀιναχωρεῖς
1454 2980 1553 3024 τῶν
1592 2968 1794 3039 ἐνθάδε,

184 3066 264 3117 ὅτι
329 3071 540 3135 ¹πορνῶν
595 3067 684 3113 καὶ
762 3059 994 3131 ἀσελγῶν
1082 3068 1414 3131 καταγῶγιον
1468 3063 1489 3095 ⁸
1538 3069 1794 3131 γυναικῶν

180 3156 423 3226 ὑπάρχει
455 3171 471 3220 ;
508 3153 616 3204 εἰπέ
643 3169 752 3223 μοι,
784 3149 1072 3222 παρακαλῶ
1105 3165 1117 3178 ⁸
1173 3151 1287 3219 ἔχει
1315 3152 1416 3222 γὰρ
1465 3152 1793 3221 συμπάθειαν

178 3242 374 3299 πολλὴν
425 3242 452 3291 ὁ
514 3242 701 3314 θρῆνός
750 3257 866 3293 σου.
913 3242 1002 3290 καὶ⁵
1040 3236 1336 3310 ἀποκριθεὶς
1370 3237 1502 3309 λέγει
1526 3257 1616 3309 μοι
1648 3255 1661 3267 '
1696 3240 1795 3310 φύ-

183 3350 281 3396 σει,
334 3326 518 3392 ϊνδοξε
558 3324 711 3380 δοῦλε
756 3336 850 3380 τοῦ
882 3334 1037 3393 Θεοῦ,
1087 3326 1303 3398 ἄγγελός
1346 3326 1471 3398 εἰμι,
1529 3327 1701 3400 ὥσπερ
1745 3325 1793 3362 ¹⁰

178 3422 371 3481 πάντες
425 3420 477 3471 οἱ
524 3421 835 3490 Χριστιανοὶ
894 3415 941 3467 ἄν
1000 3424 1057 3488 τῇ
1115 3417 1224 3490 ὥρα
1277 3424 1368 3467 τοῦ
1420 3414 1791 3488 βαπτίσματος

177 3510 403 3567 ἕκαστος
452 3504 705 3577 λαμϐάνει
745 3504 962 3576 ἄγγελον
1014 3506 1159 3579 παρὰ
1210 3511 1302 3555 τοῦ
1349 3510 1504 3569 Θεοῦ,
1536 3509 1667 3577 πρὸς
1699 3524 1791 3575 φυ-

174 3597 343 3655 λακήν
372 3601 464 3647 καὶ
502 3599 696 3651 σκέπην
726 3601 818 3645 τοῦ
856 3595 1001 3653 ὄντος
1029 3590 1133 3645 ὧδε
1170 3590 1467 3665 ἀνθρώπου,
1500 3597 1589 3643 καὶ
1626 3592 1791 3644 πολλὰ

178 3686 433 3759 θλίϐομαι
478 3686 609 3757 ὁρῶν
657 3684 813 3735 αὐτόν
876 3678 971 3734 ὧδ’
1015 3681 1357 3755 ἐργαζόμενον
1408 3689 1525 3744 ταῖς
1556 3680 1790 3754 ἀνομίαις

175 3781 268 3828 καὶ
320 3776 604 3833 ἁσωτείαις
664 3775 734 3838 ll,
766 3775 835 3834 ὡς
880 3774 969 3823 καί
1017 3778 1105 3823 νῦν
1148 3770 1197 3821 ἐν
1246 3780 1320 3841 τῷ
1376 3775 1690 3843 καταγωγίῳ
1741 3772 1788 3806 ¹¹

177 3872 350 3935 τούτῳ
390 3868 620 3935 κείμενον
651 3863 699 3898 ³⁸
750 3861 821 3923 εἰς
860 3860 1096 3932 ἀνομίαν,
1148 3863 1212 3921 ὡς
1265 3862 1405 3935 ὁρᾷς,
1460 3861 1593 3931 μετὰ
1622 3855 1790 3918 τῆσδε

176 3962 277 4015 τῆς
323 3958 519 4027 πόρνης
550 3970 564 3982 ·
617 3955 707 4003 καὶ
754 3958 865 4011 πῶς
911 3955 983 4023 μὴ
1033 3952 1281 4023 θρηνήσω
1335 3954 1430 4007 τὴν
1480 3950 1655 4002 εἰκόνα
1696 3957 1790 4001 τοῦ

178 4050 318 4097 Θεοῦ
398 4041 471 4103 εἰς
546 4047 779 4092 τοιοῦτον
854 4044 1038 4099 σκότος
1109 4040 1583 4103 κατασταθεῖσανς
1659 4038 1792 4109 λέγω

180 4129 366 4206 [πρὸς]
415 4132 465 4167 ¹⁴
510 4130 665 4182 αύτὸν
704 4128 804 4200 ἐγώ
836 4145 849 4158 ·
885 4133 974 4180 καὶ
1007 4124 1102 4179 διὰ
1138 4132 1191 4179 τί
1243 4128 1301 4179 ού
1349 4130 1599 4187 νουθετεῖς
1636 4127 1791 4179 αὐτόν

177 4228 275 4273 τοῦ
328 4220 512 4292 φυγεῖν
557 4221 644 4271 τόν
685 4218 837 4289 ζόφον
875 4224 966 4277 τῆς
1006 4216 1267 4290 ἁμαρτίας
1307 4219 1505 4278 ταύτης
1546 4221 1677 4283 ;καὶ
1714 4215 1792 4267 λέ-

177 4328 265 4380 γει
308 4326 404 4379 μοι
456 4309 483 4357 ὁ
525 4306 742 4379 ἄγγελος
776 4327 788 4339 ·
831 4301 1011 4363 ἐπειδὴ
1051 4305 1148 4357 οὐκ
1189 4307 1298 4377 ἔχω
1339 4312 1524 4379 χώραν
1582 4304 1794 4376 ἕγγίσαι

180 4402 319 4473 πρὸς
357 4396 531 4451 αὐτόν.
594 4395 677 4467 ἀφ’
709 4394 769 4447 οὗ
797 4397 899 4470 γὰρ
949 4394 1145 4469 ἤρξατο
1183 4401 1346 4446 ποιεῖν
1385 4399 1478 4451 τὴν
1510 4393 1790 4469 ἁμαρτίαν,

1038 1511 1381 1562 Alexandrini
1407 1526 1517 1563 non
1544 1528 1659 1564 esse
1688 1515 1956 1572 videntur,
1988 1516 2217 1567 adiicere
2249 1511 2557 1570 statuimus.

1827 1784 1874 1838 Δ
1975 1784 2269 1842 Narratio
2295 1787 2597 1845 horrenda
2619 1792 2673 1845 et
2688 1788 3163 1859 obstupefaciens
3191 1790 3486 1848 animum.

1981 1907 2345 1964 Dixitabbas
2372 1912 2661 1967 Macarius
2687 1913 2921 1977 :Quum
2947 1915 3243 1969 venissem
3275 1917 3562 1970 Constan-

1908 1997 2241 2068 tin0polim,
2278 1998 2636 2055 desiderium
2667 2002 2824 2056 enim
2853 2017 2946 2057 me
2976 2003 3303 2058 incesserat
3334 2003 3560 2059 visendi

1908 2100 2065 2149 eam,
2080 2090 2137 2140 et
2156 2087 2532 2143 ambularem
2546 2088 2605 2143 in
2617 2091 2885 2160 quodam
2907 2091 3405 2161 porticu,veritate
3422 2108 3561 2148 con-

1908 2178 2157 2229 testante
2196 2176 2342 2230 mihi
2383 2175 2461 2232 ad
2486 2178 2635 2232 haec
2663 2192 2819 2249 quae
2855 2186 3172 2235 narrantur
3201 2197 3238 2235 a
3270 2196 3386 2247 me,
3419 2196 3560 2236 con-

1909 2262 2098 2332 spicio
2128 2264 2347 2319 mentis
2376 2265 2587 2330 oculis,
2618 2268 2772 2321 datis
2793 2267 3261 2323 mihiaDomino
3286 2269 3364 2324 ad
3395 2269 3561 2325 intel-

1907 2350 2458 2421 ligendamirabilia
2469 2355 2930 2418 eius,hominem
2942 2357 3249 2428 quendam
3265 2362 3559 2429 tanquam

1908 2441 2251 2496 eunuchum
2281 2449 2446 2497 extra
2460 2442 2856 2498 diversorium
2876 2445 3255 2501 meretricum
3273 2451 3531 2502 stantem
3544 2488 3558 2512 ,

1909 2526 2083 2609 valde
2114 2530 2548 2593 contristatum.
2579 2531 2961 2601 obtegentem
2992 2531 3206 2589 faciem
3233 2550 3406 2589 suam
3437 2550 3562 2589 am-

1908 2614 2104 2671 babus
2130 2616 2346 2687 palmis
2366 2619 2507 2684 suis,
2533 2619 2590 2674 in
2622 2622 2882 2691 speciem
2914 2623 3228 2689 gementis,
3264 2628 3328 2677 ut
3365 2622 3562 2678 crede-

1906 2719 2002 2759 res
2036 2712 2090 2760 et
2137 2704 2373 2761 coelum
2426 2708 2871 2776 congemiscere
2906 2724 3045 2765 cum
3089 2725 3179 2765 eo.
3227 2711 3563 2782 Appropin-

1906 2808 2103 2863 quans
2130 2799 2332 2849 autem
2362 2794 2497 2851 dico
2525 2797 2603 2851 ad
2633 2812 2771 2852 eum
2798 2812 2810 2851 :
2846 2799 3159 2864 Quaenam
3177 2806 3265 2854 est
3280 2800 3434 2855 ratio
3457 2814 3563 2868 ge-

1908 2882 2089 2937 mitus
2117 2884 2200 2937 tui
2226 2890 2284 2939 et
2302 2900 2459 2955 quae
2486 2886 2856 2941 contristatio
2877 2886 2905 2940 ‘I
2935 2902 3041 2942 cur
3065 2903 3187 2943 non
3209 2889 3437 2943 recedis
3463 2887 3563 2943 de-

1906 2970 2066 3035 hinc,
2090 2972 2255 3043 quod
2289 2975 2666 3028 meretricum
2692 2979 2751 3029 et.
2770 2974 3132 3031 lascivarum
3160 2976 3559 3031 diversorium

1904 3059 2225 3115 mulierum
2257 3062 2389 3117 est?
2420 3062 2520 3116 Dic
2546 3062 2712 3128 mihi,
2745 3063 3016 3119 obsecro.
3044 3064 3232 3120 Habet
3260 3064 3419 3119 enim
3451 3064 3562 3119 mi-

1904 3150 2297 3204 sericordiam
2338 3151 2587 3206 multam
2618 3152 2873 3220 gemitus
2898 3158 3053 3208 tuus.
3087 3156 3159 3208 At
3186 3154 3561 3224 respondens

1903 3237 2054 3293 dixit
2076 3238 2220 3293 mihi
2243 3254 2257 3293 :
2290 3239 2530 3306 Natura,
2552 3240 2769 3312 inclyte
2789 3257 2956 3296 serve
2986 3242 3107 3307 Dei,
3129 3242 3377 3311 angelus
3400 3256 3559 3306 sum,

1903 3326 2055 3382 sicut
2082 3343 2295 3382 omnes
2330 3328 2642 3385 Christiani
2672 3332 2731 3384 in
2770 3332 2922 3385 hora
2960 3329 3346 3402 baptismatis
3378 3346 3559 3385 suum

1900 3415 2157 3487 quisque
2195 3418 2409 3487 accipit
2448 3418 2731 3486 angelum
2762 3434 2798 3474 a
2843 3422 2982 3484 Deo,
3011 3419 3088 3474 ad
3127 3419 3471 3475 custodiam
3504 3423 3562 3473 et

1904 3503 2149 3558 tutelam
2178 3506 2470 3559 versantis
2494 3504 2658 3561 hicce
2688 3507 2988 3578 hominis;
3014 3514 3071 3562 et
3093 3506 3347 3562 multum
3380 3506 3564 3563 tribu-

1899 3593 2007 3657 lor,
2044 3594 2252 3648 videns
2283 3610 2421 3648 eum
2448 3595 2544 3648 hic
2573 3595 2843 3651 deditum
2876 3596 3224 3652 libidinibus
3249 3578 3567 3668 et‘spurci-

1902 3682 2013 3746 tiis,
2059 3690 2118 3736 ut
2148 3690 2202 3737 et
2231 3698 2392 3737 nunc
2433 3684 2494 3737 in
2537 3683 2869 3740 diversorio
2895 3687 3008 3741 hoc
3042 3685 3219 3755 286
3273 3700 3567 3741 concum-

1900 3771 2419 3826 bentemlibidinis
2440 3772 2914 3837 causa,utvides,
2933 3789 3070 3828 cum
3084 3776 3197 3828 hac
3219 3774 3526 3828 meretrice
3546 3791 3565 3844 ;

1900 3862 2070 3932 etqui
2085 3876 2206 3916 non
2218 3860 2291 3914 de
2299 3859 2527 3930 plorem
2541 3862 2869 3930 imaginem
2884 3863 2982 3916 Dei
2997 3863 3056 3915 in
3072 3868 3268 3916 tantas
3282 3861 3567 3916 tenebras

1899 3948 2241 4005 deiectam?
2275 3950 2411 4003 Dico
2437 3951 2489 4004 ei
2520 3965 2631 4020 ego
2662 3966 2679 4003 :
2714 3950 2779 4005 Et
2808 3966 2913 4005 cur
2937 3966 3057 4005 non
3093 3950 3388 4005 admones
3423 3965 3565 4003 eum

1901 4037 2104 4107 fugere
2143 4038 2460 4107 caliginem
2489 4037 2669 4093 huius
2700 4038 2929 4110 peccati
2955 4039 2983 4096 ?
3011 4038 3076 4093 Et
3107 4039 3255 4093 dixit
3288 4037 3431 4092 mihi
3459 4052 3567 4093 an-

1902 4127 2069 4197 gelus
2093 4128 2421 4192 :Quoniam
2444 4143 2564 4182 non
2590 4127 2786 4183 habeo
2801 4128 3004 4183 locum
3023 4124 3563 4199 appropinquandi

1902 4217 2003 4271 illi.
2037 4216 2117 4271 Ex
2147 4231 2269 4287 quo
2299 4217 2459 4271 enim
2485 4217 2718 4287 occepit
2754 4216 2947 4272 facere
2979 4222 3316 4289 peccatum,
3350 4231 3566 4271 servus

1903 4311 1995 4360 est
2019 4303 2501 4370 daemoniorum,
2534 4312 2592 4360 et
2620 4305 2848 4361 nullam
2882 4312 3232 4378 potestatem
3269 4305 3471 4361 habeo
3505 4306 3568 4360 in

1903 4408 2063 4448 eum.
2102 4392 2193 4466 [Et
2233 4407 2347 4461 ego
2390 4393 2525 4449 dico
2558 4394 2633 4450 ad
2683 4410 2821 4450 eum
2857 4392 2897 4467 :]
2931 4396 3097 4450 Unde
3145 4395 3349 4467 liquet,
3393 4393 3563 4466 quod

185 4482 375 4545 δοῦλός
404 4488 518 4538 ἑστι
561 4480 843 4555 δαιμόνων,
888 4489 977 4535 καὶ
1016 4480 1269 4555 οὐδεμίαν
1300 4482 1540 4544 ἐξουσίαν
1579 4485 1689 4553 ίχω
1722 4481 1794 4544 εἰς

1904 4481 2134 4536 nullam
2158 4486 2507 4552 potestatem
2530 4483 2762 4554 [habes]
2791 4485 2851 4538 in
2880 4499 3041 4548 cum,
3064 4500 3253 4555 quum
3280 4486 3433 4539 Deus
3460 4482 3565 4538 tibi

186 4576 367 4629 αὐτόν.
403 4573 519 4648 [καὶ
565 4572 664 4644 ὶγὼ
709 4572 838 4644 λέγω
866 4576 996 4645 πρὸς
1039 4571 1244 4645 αὐτόν’]
1298 4574 1451 4623 πόθεν
1492 4567 1675 4638 δῆλον,
1712 4572 1793 4624 ὃτι

187 4661 445 4735 οὐδεμίαν
472 4663 711 4725 ἐξουσίαν
745 4662 907 4733 [ἔχεις
932 4660 1006 4735 ¹⁶]
1032 4664 1079 4713 ἐν
1111 4660 1271 4729 αύτῷ,
1306 4668 1398 4711 τοῦ
1425 4667 1558 4713 Θεοῦ
1590 4678 1674 4711 σοι
1700 4660 1791 4711 αύ-

186 4757 279 4807 τόν
321 4752 765 4825 ἐμπιστεύσαντος
796 4766 811 4816 ς
862 4755 950 4802 καὶ
995 4751 1129 4822 λέγει
1154 4771 1245 4822 μοι
1284 4752 1435 4816 πᾴλιν
1464 4750 1490 4800 ό
1515 4748 1729 4820 ἄγγελος
1768 4760 1784 4779 ⁸

189 4845 219 4895 ό
242 4846 377 4903 Θεὸς
430 4843 573 4913 ἡμῶν
612 4840 805 4911 ἀγαθὸς
848 4838 913 4890 ὢν
938 4844 1027 4892 καὶ
1056 4839 1415 4913 φιλάνθρωπος
1457 4837 1792 4900 αὐτεξούσιον

187 4931 409 4989 issine:
458 4934 545 4982 τόν
591 4931 880 5003 ἄνθρωπον,
919 4933 1011 4980 καὶ
1054 4930 1200 4981 ἔασεν
1257 4926 1412 4979 αὐτὸν
1451 4934 1513 5000 τῇ
1548 4926 1794 5001 ἀρεσκείᾳ

186 5022 508 5097 πορεύεσθαι
545 5014 686 5084 ὁδόν,
722 5013 899 5079 δείξας
932 5016 1072 5088 αὐτῷ
1100 5019 1189 5077 τὰς
1220 5012 1317 5068 δύο
1348 5013 1522 5083 ὀδοὺς,
1550 5020 1644 5075 τὴν
1678 5035 1793 5070 στι.

189 5114 281 5168 νὴν
329 5113 423 5161 καὶ
460 5112 555 5166 τήν
603 5106 868 5175 πλατεῖαν,
918 5106 1134 5180 εἰρηκὼς
1186 5105 1324 5176 αύτῷ
1367 5104 1667 5180 ἀμφοτέρων
1694 5110 1791 5163 τὴν

1904 4586 2041 4625 eum
2069 4570 2385 4626 crediderit
2412 4572 2441 4628 7
2474 4574 2538 4626 Et
2562 4573 2883 4643 respondet
2908 4572 3049 4627 mihi
3078 4573 3329 4641 angelus
3363 4588 3374 4628 :
3407 4573 3571 4626 Deus

1903 4665 2198 4720 nostrum,
2221 4662 2323 4731 qui
2353 4661 2551 4714 bonus
2584 4668 2675 4715 est
2706 4668 2763 4715 et
2792 4661 3107 4715 hominum
3139 4676 3376 4726 amans,
3424 4660 3572 4715 libe-

1902 4763 2039 4804 rum
2066 4750 2285 4803 creavit
2312 4748 2641 4814 hominem,
2688 4754 2745 4804 et
2778 4750 2913 4804 sivit
2950 4765 3088 4804 eum
3120 4750 3360 4805 arbitrio
3424 4748 3571 4805 insi-

1902 4844 2053 4893 stere
2079 4838 2261 4905 viam,
2300 4844 2642 4894 monstrans
2678 4838 2731 4893 ei
2771 4838 2924 4893 duas
2954 4839 3101 4906 vias,
3136 4853 3321 4895 unam
3356 4851 3572 4908 angu-

1901 4931 2079 4993 stam,
2136 4926 2387 4982 alteram
2436 4926 2644 4995 latam,
2694 4929 3064 4983 constituens
3128 4926 3182 4983 ei
3240 4928 3571 4998 utriusque

1903 5014 2106 5080 tinem,
2133 5020 2425 5084 angustae
2454 5016 2702 5087 quidem
2732 5022 2787 5071 et
2810 5016 2977 5071 tritae
3003 5015 3131 5071 viae
3164 5020 3401 5072 meatus
3430 5030 3573 5088 par-

1902 5119 2045 5160 vum
2084 5103 2331 5176 quidem
2356 5103 2627 5161 laborem
2656 5102 2949 5161 habentes
2988 5104 3050 5161 in
3077 5119 3389 5176 praesens,
3415 5108 3475 5161 at
3501 5103 3564 5159 in

1526 5239 1782 5296 VARIAE
1822 5239 2226 5296 LECTIONES.

268 5369 287 5403 ι
318 5368 402 5422 Ex
436 5365 630 5436 coni.,

195 5441 221 5475 ⁸
259 5440 354 5494 Sic
380 5437 520 5495 cod.
605 5438 628 5471 ⁸

201 5511 223 5545 ⁸
264 5513 356 5567 Sic
404 5510 541 5565 cod.
583 5524 694 5581 pro
731 5514 1070 5581 κατήφεια.

203 5596 333 5637 esse
358 5580 623 5640 videtur.
706 5581 749 5616 ¹¹
783 5581 876 5637 Sic
904 5580 1021 5638 cod

204 5652 379 5724 ood.,
400 5651 705 5711 addidiex
729 5651 893 5712 coni.
976 5652 1023 5687 ¹⁵

740 5436 805 5494 d.
845 5436 1276 5508 καταφωλεου.

1086 5594 1151 5635 ro
1180 5578 1434 5641 ἁσωτιαις
1447 5620 1461 5635 .

717 5379 782 5439 r9
813 5364 1060 5427 ξενίζον
1098 5382 1190 5439 τον
1216 5364 1736 5439 ϐοείαξενίζοντα
1809 5364 2010 5439 '_Cod.
2058 5366 2519 5439 κοσταντίνου.
2595 5367 2613 5398 ³
2648 5366 2727 5439 Ex
2753 5364 2945 5439 coqui”
2992 5362 3515 5439 ϐοὰηὲπεθύμον

1362 5438 1383 5471 ⁸
1426 5438 1506 5492 Ex
1544 5436 1724 5501 coni.,
1757 5435 1897 5493 cod.
1941 5443 2331 5507 κρατοῦντα.

1154 5508 1397 5579 ’βοηη
1440 5509 1580 5565 cod.
1613 5509 2047 5579 καταγώλεον.

1546 5581 1592 5661 ¹ξ
1634 5581 1782 5638 Cod.
1820 5580 2130 5661 καταγωλίιςιρ
2142 5621 2155 5635 .

1100 5650 1248 5710 erba
1269 5652 1437 5709 uncis
1477 5649 1711 5711 inclusa
1737 5666 1811 5708 ex
1836 5648 1999 5709 coni.
2052 5648 2287 5708 addidi.

2413 5436 2431 5468 ⁷
2472 5438 2751 5512 Em_eud.,
2797 5437 2943 5492 Cod.
2986 5437 3357 5509 συνεθρὴνιρ
3398 5436 3552 5512 (sic).

2134 5508 2180 5542 ιο
2203 5508 2350 5564 Cod.
2386 5514 2493 5560 καί
2544 5510 2756 5581 ὥσπερ;
2792 5522 2907 5563 vox
2960 5513 3049 5560 καὶ
3096 5508 3544 5581 supervacaneis

2242 5581 2287 5655 ξε
2330 5583 2525 5643 Corn,
2568 5580 2709 5636 cod’.
2748 5583 3088 5653 κείμενος.
3136 5580 3187 5616 ³⁸
3222 5584 3388 5655 πρὸς
3422 5598 3558 5648 om.
