4088 6192
524 275 625 332 223
1369 267 1471 324 SS.
1514 265 2003 322 MACARIORUM
2045 261 2375 319 AEGYPTII
2423 261 2509 315 ET
2553 261 3045 318 ALEXANDRINI
3777 267 3887 321 τρι

525 401 756 456 inﬁnita
795 397 1169 453 saeculorum
1222 396 1458 452 saecula
1505 393 1796 464 requiem,
1837 391 1990 447 latae
2037 405 2175 445 vero

2289 388 2461 455 λύσιν,
2521 394 2611 446 τῆς
2665 391 2754 457 μιν
2809 397 2992 448 στενῆς
3045 394 3132 440 καὶ
3187 389 3519 462 τεθλιμμένης
3559 392 3606 425 ¹⁶
3653 387 3781 442 ὀδοῦ
3830 395 3898 442 τὰ

528 490 895 561 punitionem
929 493 1232 541 aeternam
1255 491 1311 540 et
1335 487 1537 554 ignem
1553 483 1859 549 gehennae
1876 484 1933 534 et
1954 485 2175 534 ceteras

2293 474 2601 547 διαϐήματα
2632 480 2817 547 μικρὸν
2845 479 2934 548 μεν
2971 483 3123 528 πόνον
3155 480 3347 549 ἔχοντα
3376 484 3506 554 πρὸς
3537 482 3593 531 τὸ
3624 485 3787 552 παρόν
3821 481 3894 543 Π,

526 594 736 634 omnes
769 592 1018 646 poenas.
1055 577 1365 639 Quaenam
1399 571 1732 627 admonitio
1767 570 1908 624 mihi
1954 568 2181 639 reliqua

527 675 633 734 est,
661 683 784 738 qua
808 669 939 719 utar
968 664 1026 718 in
1061 665 1217 718 hunc
1250 664 1577 724 hominem,
1602 675 1780 731 quem
1828 658 1968 713 mihi
2006 657 2183 712 tradi-

526 756 610 810 dit
660 759 810 809 Deus
843 754 1303 808 custodiendum
1343 750 1371 804 ‘i’
1413 756 1538 820 ipse
1587 749 1744 804 enim
1799 749 2084 802 Dominus
2128 753 2183 802 et

530 849 681 900 Deus
710 849 910 899 noster
935 844 1100 897 lesus
1140 842 1424 905 Christus,
1471 839 1647 893 Filius
1670 838 1770 890 Dei
1801 839 1936 898 vivi.
1971 837 2183 890 admo-

525 943 624 987 net
644 939 698 986 et
719 932 1060 986 cohortatur
1091 931 1338 984 etdocet
1360 943 1589 992 omnes,
1616 925 1913 980 abstinere
1943 925 2184 980 obscoe-

526 1024 619 1076 nis
659 1021 965 1089 operibus,
995 1035 1063 1072 ac
1098 1021 1191 1072 vix
1228 1033 1497 1088 unquam
1541 1015 1644 1069 ulli
1688 1015 2011 1069 observant
2050 1012 2184 1067 dili-

526 1117 730 1182 genter
754 1109 954 1162 divina
971 1107 1151 1161 verba
1177 1108 1330 1161 eius.
1359 1106 1498 1159 Dico
1527 1105 1704 1172 igitur
1725 1103 1807 1157 ei:
1840 1104 1955 1158 Cur
1985 1110 2183 1157 exten-

524 1200 888 1253 distimanus
907 1203 1040 1251 tuas
1060 1210 1306 1264 gemens
1329 1209 1532 1247 versus
1556 1192 1830 1247 coelum?
1852 1195 1914 1246 Et
1937 1207 2181 1262 respon-

525 1289 624 1344 det
644 1286 789 1342 mihi
819 1285 1067 1354 angelus
1095 1301 1107 1339 :
1144 1282 1458 1354 Conspicio
1488 1283 1817 1337 daemones
1850 1281 2007 1336 circa
2042 1296 2180 1335 eum

524 1377 895 1449 plaudentes,
930 1381 985 1428 et
1011 1372 1157 1428 alios
1192 1373 1511 1440 tragoedos
1543 1375 1808 1441 agentes,
1849 1369 1998 1424 alios
2032 1370 2182 1424 deri-

524 1467 732 1521 dentes
763 1480 901 1518 eum
940 1463 1236 1524 indecore,
1267 1467 1323 1515 et
1353 1461 1575 1514 idcirco
1615 1458 1970 1513 frendebam
2003 1473 2183 1530 super

523 1553 850 1611 insolentiis
884 1552 1013 1613 illis,
1060 1558 1112 1605 et
1152 1551 1443 1621 precabar
1469 1549 1544 1603 ad
1575 1549 1780 1610 Deum,
1819 1554 1878 1601 ut
1913 1563 2184 1602 servare-

523 1651 614 1700 tur
659 1659 695 1698 a
733 1639 1134 1696 daemonibus
1189 1646 1461 1692 creatura
1503 1637 1652 1699 eius,
1707 1641 1763 1690 et
1807 1636 1990 1690 donet
2037 1636 2181 1690 mihi

523 1747 708 1787 unam
739 1731 895 1784 diem
929 1727 1135 1782 laetari
1169 1727 1225 1780 in
1255 1742 1323 1780 eo
1355 1726 1428 1780 de
1463 1724 1825 1793 poenitentia
1858 1726 1983 1778 eius
2011 1732 2068 1779 et
2101 1739 2183 1778 re-

521 1822 646 1876 ditu
672 1820 748 1874 ad
779 1818 1082 1871 meliorem
1113 1819 1293 1870 vitam
1326 1820 1382 1868 et
1411 1813 1813 1877 confessione,
1840 1819 1897 1867 et
1922 1813 2175 1881 dignum

2292 1816 2357 1864 τὰ
2406 1812 2717 1885 έλελίσματα
2771 1815 2816 1850 ³³
2849 1813 3013 1866 έκεῐνα
3061 1820 3149 1866 καὶ
3192 1814 3437 1885 ήύχόμην
3477 1824 3545 1885 τῷ
3608 1822 3743 1884 Θεῷ,
3817 1817 3902 1868 ἱνα

520 1910 723 1965 haberi
755 1922 870 1969 me,
903 1907 998 1960 cui
1027 1905 1291 1960 tradatur
1316 1905 1521 1957 anima
1552 1904 1680 1956 eius
1713 1907 1769 1956 in
1800 1902 2175 1957 confessione

2291 1903 2460 1976 ῥυσθῂ
2498 1902 2598 1955 ἀπὸ
2628 1912 2728 1954 τῶν
2762 1900 3022 1975 δαιμόνων
3072 1909 3129 1955 τό
3176 1904 3392 1975 πλάσμα
3446 1903 3625 1969 αὐτοῦ,
3685 1911 3775 1955 καὶ
3803 1900 3911 1956 δω-

522 2003 575 2055 et
599 1997 960 2068 poenitentia
978 1993 1454 2048 incontaminata
1477 1999 1692 2058 etpura
1716 2007 1819 2061 per
1834 1991 2178 2057 Dominum,

527 2086 843 2142 iustiﬁcata
891 2083 1254 2153 benignitate
1308 2081 1425 2136 Dei.
1471 2080 1640 2149 287
1698 2082 1849 2134 Haec
1896 2080 1996 2133 ubi
2037 2080 2183 2136 dixit

523 2175 792 2245 angelus,
817 2173 1194 2244 disparuitex
1214 2171 1401 2225 oculis
1420 2170 1589 2224 meis.
1613 2169 1752 2223 Dico
1771 2176 1969 2224 autem
1992 2169 2178 2234 vobis,

522 2264 730 2321 fratres
746 2262 880 2330 mei,
899 2262 1060 2332 quod
1077 2267 1235 2313 certo
1249 2261 1391 2320 scio.
1414 2258 1644 2313 nullum
1660 2274 1790 2312 esse
1806 2260 2178 2313 immundius

524 2359 857 2424 peccatum,
887 2352 996 2404 nisi
1024 2347 1405 2414 adulterium,
1435 2355 1490 2401 et
1517 2346 1972 2401 fornicationem
1999 2355 2052 2402 et
2083 2351 2181 2404 So-

521 2443 884 2498 domitarum
914 2438 1108 2493 scelus
1129 2436 1499 2491 detestabile.
1526 2435 1581 2491 Si
1615 2442 1817 2490 autem
1841 2437 1900 2490 in
1931 2436 2022 2491 his
2051 2452 2182 2506 pec-

522 2532 670 2584 catis
722 2541 959 2582 versans
1003 2526 1076 2579 ad
1114 2523 1417 2578 meliorem
1454 2522 1684 2592 frugem
1734 2523 2028 2577 rediturus
2073 2531 2184 2605 est,

523 2617 843 2686 beniguius
871 2631 1004 2668 eum
1033 2613 1242 2682 recipit
1277 2615 1425 2665 Deus
1460 2627 1641 2682 supra
1671 2627 1883 2665 omnes
1912 2620 2184 2682 peccato-

521 2723 634 2771 res,
667 2708 810 2777 quia
835 2720 904 2757 ex
936 2703 1205 2756 libertate
1240 2702 1424 2754 oritur
1459 2701 1680 2770 passio,
1722 2699 2051 2756 veliﬁcatur
2081 2719 2182 2757 au-

522 2803 638 2851 tem
681 2796 730 2849 ei
771 2792 1048 2848 diabolus
1081 2806 1182 2860 per
1223 2791 1536 2859 pruritum.
1568 2791 1665 2844 Sin
1700 2797 1900 2844 autem
1934 2798 2180 2846 conetur

520 2888 654 2957 quis
705 2883 1060 2936 mortiﬁcare
1095 2878 1402 2949 passiones
1451 2878 1630 2932 hasce
1678 2878 1736 2932 in
1783 2878 2095 2949 vigilantia
2125 2885 2181 2934 et

521 2971 906 3037 continentia,
930 2969 1082 3023 Deus
1114 2966 1439 3035 exstinguit
1464 2982 1589 3020 eas.

2291 2979 2630 3040 μετανοῆσαι,
2684 2972 2984 3044 θερμότερον
3046 2967 3265 3042 δέχεται
3304 2973 3351 3006 ³ο
3399 2971 3554 3022 αὐτόν
3602 2971 3644 3006 ³¹
3702 2973 3728 3022 ό
3771 2975 3906 3031 Θεὸς

521 3063 646 3134 ύπερ
697 3062 892 3120 πάντας
949 3061 1063 3117 τούς
1112 3056 1462 3128 ἁμαρτωλούς,
1522 3051 1662 3108 διότι
1708 3058 1762 3107 ἐκ
1831 3061 2178 3128 προαιρέσεώς
2238 3057 2351 3111 ἐστι
2390 3063 2446 3111 rb
2499 3061 2678 3122 πάθος,
2731 3059 2980 3118 πληθύνει
3012 3063 3053 3096 ³³
3111 3057 3167 3112 δι
3237 3060 3372 3130 αύτῷ
3423 3062 3447 3111 ὁ
3507 3057 3749 3122 διάϐολος
3797 3056 3900 3112 διὰ

1130 3144 1212 3197 έὰν
1245 3141 1304 3197 δε
1359 3145 1473 3216 θέλῃ
1537 3163 1617 3204 τις
1673 3147 1718 3179 ³³
1772 3144 2072 3197 ἀποκτεῖναι
2132 3150 2196 3198 τὰ
2256 3150 2397 3206 πάθη
2457 3157 2621 3201 ταῦτα
2675 3148 2722 3200 έν
2775 3147 3040 3222 ἀγρυπνίᾳ
3087 3155 3176 3202 καὶ
3231 3148 3524 3223 ἐγκρατείᾳ.
3569 3149 3795 3220 ξηραίνει
3845 3151 3895 3184 ⁸⁸

2291 571 2380 618 xui
2426 566 2496 625 εἰς
2537 565 2899 626 ἀτελευτήτους
2958 567 3152 618 αἰώνων
3196 568 3387 630 αἰῶνας
3440 573 3533 627 τὴν
3575 570 3895 635 ἀνάπαυσιν,

2293 663 2385 716 τῆς
2427 652 2485 707 δὲ
2510 655 2753 717 πλατείας
2791 655 3004 708 κόλασιν
3043 656 3246 708 αἰώνιον
3282 663 3368 709 καὶ
3408 662 3463 710 τὸ
3502 666 3605 729 πῦρ
3638 666 3730 719 τῆς
3761 663 3898 728 γεένο

2292 764 2380 805 νης
2411 749 2500 795 καὶ
2541 747 2634 805 τὰς
2672 744 2856 806 λοιπὰς
2901 748 3079 805 πάσας
3127 747 3384 809 κολάσεις.
3421 752 3573 799 ποίαν
3623 750 3895 799 νουθεσίαν

2293 835 2401 904 ἔχω
2435 841 2660 891 ποιῆσαι
2691 834 2866 885 λοιπὸν
2917 839 3045 906 πρός
3090 839 3178 887 τόν
3218 839 3336 907 ἐμὸν
3388 837 3676 909 ἄνθρωπον,
3712 837 3765 888 ὃν
3805 857 3897 906 μοι

2293 921 2604 997 ἐνεχείρισεν
2638 923 2683 958 ¹⁸
2724 925 2750 973 b
2804 930 2933 984 Θεὸς
2961 932 3051 975 τοῦ
3105 929 3308 976 σκέπειν
3354 925 3552 990 αύτον;
3596 925 3752 986 αύτός
3790 929 3892 996 γὰρ

2293 1013 2317 1063 ὁ
2361 1014 2536 1084 κύριος
2578 1017 2667 1063 καὶ
2698 1016 2827 1071 Θεὸς
2872 1014 3015 1082 ἡμῶν
3059 1013 3263 1075 Ἰησοῦς
3316 1018 3545 1086 Χριστὸς
3575 1015 3600 1064 ὁ
3642 1017 3760 1075 Υἱός
3802 1011 3894 1066 τού

2293 1107 2426 1153 Θεοῦ
2478 1108 2567 1152 τοῦ
2609 1101 2796 1162 ζῶντος
2822 1103 3052 1153 νουθετεί
3075 1107 3165 1153 καὶ
3201 1102 3493 1173 παρακαλεῖ
3518 1107 3606 1154 καὶ
3640 1099 3898 1155 διδάσκει

2292 1192 2485 1249 πάντας
2547 1190 2842 1262 ἀπέχεσθαι
2873 1200 2971 1242 τῶν
3027 1200 3239 1264 σαπρῶν
3298 1191 3554 1263 πράξεων,
3615 1197 3704 1243 καὶ
3743 1192 3894 1262 μόλις

2292 1283 2414 1330 ποτέ
2468 1299 2596 1339 τινες
2657 1285 2963 1331 σκέπτονται
3020 1278 3249 1354 ἀκριϐῶς
3310 1284 3432 1340 τούς
3481 1282 3645 1340 θείους
3705 1279 3893 1351 λόγους

2294 1368 2473 1422 αὑτοῦ.
2532 1368 2662 1438 λέγω
2706 1365 2792 1420 οὖν
2823 1373 2948 1442 πρός
2993 1369 3148 1421 αύτόν
3178 1389 3190 1403 ·
3225 1375 3274 1421 τί
3307 1369 3546 1432 ἐξέτεινας
3586 1373 3678 1430 τὰς
3706 1375 3894 1441 χεῖράς

2297 1476 2390 1509 σου
2425 1458 2682 1518 στενάζων
2713 1462 2842 1532 πρός
2887 1462 2974 1510 τὸν
3005 1461 3218 1530 οὐρανόν
3251 1477 3263 1525 ;
3306 1465 3396 1510 καὶ
3435 1459 3570 1528 λέγει
3600 1479 3694 1529 μοι
3732 1461 3757 1511 ό
3798 1462 3893 1530 ἆγ-

2293 1547 2438 1617 γελος
2471 1564 2482 1575 '
2521 1548 2622 1620 όρῶ
2664 1552 2782 1608 τούς
2833 1544 3080 1619 δαίμονας
3123 1547 3292 1618 κύκλῳ
3344 1548 3502 1599 αύτοῦ
3558 1557 3892 1621 κροτοῦντας,

2294 1641 2383 1686 καὶ
2434 1636 2636 1709 ἐτέρους
2687 1633 3082 1708 τραγῳδοῦντας
3127 1639 3196 1701 ³9,
3250 1635 3475 1710 [ἑτέρους
3526 1636 3600 1709 ²⁰]
3645 1640 3906 1708 γελῶντας

2293 1724 2453 1775 αὑτοῦ
2498 1723 2746 1796 ἁσέμνως,
2781 1730 2866 1776 xui
2925 1729 3111 1777 τούτου
3170 1727 3328 1778 ἕνεκεν
3372 1722 3686 1797 διεπριόμήν
3718 1729 3763 1761 ﬂ
3817 1726 3905 1778 ἐπὶ

2293 1997 2528 2064 ρήσήται
2573 1995 2617 2026 ³³
2673 2012 2763 2062 μοι
2793 1997 2916 2063 μίαν
2958 1995 3153 2064 ἡμέραν
3185 2001 3420 2064 χαρῆναι
3460 1995 3505 2027 ⁸⁸
3557 1992 3603 2044 έν
3636 1992 3776 2062 αὐτῷ
3808 1993 3903 2045 ἐπὶ

2291 2090 2350 2153 τῇ
2395 2087 2604 2152 μετανοί
2645 2081 2804 2132 αὐτοῦ
2844 2087 2933 2132 καὶ
2975 2089 3076 2153 τῇᾳ
3125 2081 3411 2154 ἐπιστροφῇ
3466 2089 3564 2132 τῶν
3604 2084 3766 2154 ἔργων
3809 2082 3908 2133 αύ-

2290 2179 2380 2223 τοῦ
2439 2177 2528 2222 καὶ
2577 2178 2637 2241 τῇ
2696 2169 3084 2242 ἐξομολογήσει,
3143 2176 3232 2222 καὶ
3294 2171 3578 2233 ἀξιωθῆναί
3610 2173 3656 2205 ⁸⁵
3701 2190 3763 2241 με
3813 2179 3908 2223 τοῦ

2291 2257 2661 2332 παραδοθῆναι
2725 2260 2770 2295 ³⁵
2829 2264 2921 2317 τὴν
2971 2259 3156 2330 ψυχήν
3212 2260 3370 2311 αὐτοῦ
3428 2259 3475 2310 έν
3533 2258 3908 2330 ἐξομολογήσει

2292 2354 2381 2399 καὶ
2435 2353 2681 2420 μετανοίᾳ
2744 2349 2964 2400 ἄσπιλον
3021 2354 3109 2400 καὶ
3157 2351 3392 2422 καθαρὰν
3433 2345 3526 2400 διὰ
3563 2356 3653 2400 τοῦ
3691 2354 3904 2420 κυρίου,

2293 2437 2561 2508 ἄμεμπτον
2600 2438 2644 2471 ³⁷
2678 2444 2740 2508 τῇ
2779 2436 3068 2507 ἀγαθότήτι
3097 2445 3189 2489 τοῦ
3240 2445 3398 2501 Θεοῦ,
3430 2442 3516 2488 καὶ
3549 2445 3714 2489 ταῦτα
3745 2436 3906 2488 έίπὼν

2293 2527 2319 2577 ὁ
2354 2525 2573 2595 ἄγγελος
2629 2528 2855 2596 ἄφαντος
2905 2529 3096 2597 ἐγένετο
3143 2526 3244 2578 ἀπὸ
3289 2535 3388 2578 τῶν
3440 2526 3713 2597 ὀφθαλμῶν
3761 2545 3896 2596 μου,

2291 2614 2419 2684 λέγω
2451 2611 2508 2666 δὲ
2553 2616 2695 2685 ύμῖν,
2756 2611 2968 2685 ἀδελφοί
3024 2635 3145 2685 μου,
3211 2617 3287 2667 ὅτι
3337 2614 3564 2689 ἀκριϐῶς
3621 2611 3766 2678 οἶδα,
3816 2616 3906 2666 ὅτι

2291 2703 2384 2755 ούκ
2416 2706 2554 2754 ἔστιν
2585 2703 2710 2760 ἄλλη
2764 2701 3140 2776 δυσωδεστέρα
3181 2704 3429 2775 ἁμαρτία,
3485 2704 3526 2755 εἰ
3577 2707 3648 2773 μή
3693 2705 3720 2759 ἠ
3779 2723 3904 2774 μοι·

2290 2798 2416 2863 χεία
2446 2794 2492 2826 "
2522 2797 2611 2843 xui
2647 2794 2675 2849 ή
2711 2797 2922 2862 πορνεία
2967 2798 3053 2844 καὶ
3095 2796 3124 2850 ἠ
3161 2795 3206 2829 ⁸⁸
3241 2802 3338 2844 τῶν
3372 2789 3612 2864 Σοδόμων
3644 2795 3906 2844 ἐπικατά-

2289 2900 2437 2953 ρατος
2471 2901 2483 2914 ο
2519 2881 2601 2932 ἐὰν
2641 2878 2700 2933 δι
2746 2881 2874 2933 θέλει
2929 2883 2978 2933 έν
3011 2886 3211 2942 τούτοις
3263 2890 3372 2943 τοὶς
3420 2885 3795 2953 ἁμαρτήμασιν
3829 2882 3905 2932 ὧν

519 3155 605 3204 τὸν
661 3148 1023 3222 γαργαλισμόν
1066 3163 1077 3175 ·

521 3260 672 3296 αντα.

1319 3380 1370 3430 2.
2211 3377 2251 3434 C
3057 3383 3115 3435 2.

897 3465 1179 3521 Eiusdem
1207 3464 1363 3520 aliae
1383 3463 1784 3519 narrationes.

2530 3476 2652 3522 Τοῦ
2721 3469 2919 3520 αὐτοῦ
2979 3471 3167 3540 ἕτερα
3223 3465 3634 3540 διηγήματα.

593 3557 744 3612 Dixit
783 3571 990 3611 rursus
1024 3554 1182 3608 idem
1218 3559 1458 3608 sanctUs
1498 3553 1783 3608 Macarius
1836 3572 1848 3608 :
1895 3555 1992 3608 Die
2025 3570 2172 3625 qua-

2352 3555 2524 3628 Ἔλεγε
2580 3559 2733 3610 πάλιν
2794 3559 2818 3609 ὁ
2868 3558 3026 3620 αὐτὸς
3077 3558 3226 3628 ἅγιος
3266 3559 3556 3633 Μακάριος,
3600 3559 3678 3610 ὅτι
3714 3560 3763 3609 έν
3794 3566 3902 3630 μιᾷ

519 3648 662 3704 dam
699 3644 988 3718 precabar
1028 3645 1106 3698 ad
1147 3643 1463 3697 Dominum
1505 3645 1712 3698 Deum.
1752 3645 1892 3697 Dein
1928 3645 2168 3715 suspexi

515 3739 574 3792 iu
597 3737 828 3791 coelum
864 3735 1122 3796 intuens,
1146 3741 1200 3786 et
1221 3747 1376 3794 ecce,
1414 3737 1536 3785 erat
1564 3738 1860 3801 apertum,
1888 3739 1941 3786 et
1973 3732 2168 3802 angeli

517 3827 613 3882 Dei
646 3825 741 3880 alii
776 3839 1012 3878 sursum
1040 3821 1327 3876 meabant
1354 3821 1450 3874 alii
1481 3820 1783 3884 deorsum,
1821 3823 2055 3877 animas
2083 3821 2168 3876 ef-

514 3915 786 3972 ferentes.
820 3913 1057 3984 Aliquot
1089 3917 1289 3965 autem
1325 3910 1472 3978 nigri
1505 3918 1560 3964 et
1606 3909 1899 3964 tenebrosi
1931 3911 1991 3964 in
2033 3916 2167 3966 aere

517 4021 792 4075 magnam
807 4002 1114 4059 habebant
1127 3999 1607 4054 colluctationem
1624 3998 1893 4069 rapiendi
1909 4006 1963 4054 et
1978 4000 2167 4054 detra-

511 4094 692 4151 hendi
724 4094 958 4147 animas
980 4089 1314 4143 hominum.
1341 4086 1548 4154 Angeli
1571 4093 1779 4141 contra
1813 4088 2168 4142 resistebant

513 4183 735 4240 fortiter
769 4185 824 4234 et
853 4177 1064 4239 valide,
1098 4183 1297 4245 utpote
1341 4174 1513 4228 valde
1556 4175 1935 4230 verberantes
1968 4192 2071 4230 eos
2111 4181 2167 4232 et

513 4270 807 4326 salvantes
833 4267 1086 4322 animas.
1121 4268 1338 4317 ltursus
1368 4264 1653 4331 suspicio,
1685 4270 1739 4318 et
1766 4280 1900 4318 ecce
1923 4264 2044 4320 duo
2068 4281 2166 4319 an-

516 4358 628 4428 geli
660 4357 717 4410 in
755 4355 986 4409 coelum
1019 4351 1280 4404 hominis
1312 4349 1579 4404 animam
1606 4357 2010 4421 asportantes.
2059 4353 2162 4410 Ubi

514 4446 690 4516 igitur
731 4440 1152 4515 appropinqua
1195 4441 1338 4493 baut
1379 4437 1597 4494 tclonio
1646 4440 2055 4496 fornicationis
2111 4448 2165 4497 et

514 4533 944 4591 moechationis
990 4535 1044 4584 et
1075 4528 1505 4584 andromauiae
1549 4559 1615 4571 —
1653 4530 1800 4584 haec
1833 4533 1990 4586 enim
2027 4538 2166 4588 sunt

2281 3646 2449 3719 ἡμέρᾳ
2491 3643 2550 3704 ἦν
2581 3652 2712 3720 πρὸς
2755 3650 2941 3718 Κύριον
2979 3652 3063 3699 τὸν
3111 3654 3239 3700 Θεὸν
3287 3653 3727 3719 προσευχόμενος,
3779 3644 3898 3699 εἶτα

2280 3733 2534 3805 ἀνέϐλεψα
2585 3737 2630 3769 ³³
2687 3736 2756 3798 εἰς
2813 3740 2896 3788 τόν
2960 3737 3175 3808 οὐρανόν
3236 3732 3378 3800 ἰδών,
3439 3743 3526 3787 καὶ
3575 3731 3690 3788 ἰδού
3736 3738 3781 3770 ³⁸
3829 3734 3895 3795 ἦν

2281 3821 2612 3894 ἀνεῳγμένος,
2651 3830 2740 3877 καὶ
2771 3825 2982 3896 οῐγγελοι
3037 3833 3125 3877 τοῦ
3156 3833 3289 3878 Θεοῦ
3344 3826 3391 3876 οἱ
3422 3828 3511 3896 μὲν
3567 3824 3894 3897 ἀνήρχοντο,

2278 3915 2326 3964 οἱ
2377 3909 2435 3965 δε
2489 3921 2843 3986 κατήρχοντο,
2878 3917 2970 3976 τὰς
3015 3914 3201 3985 ψυχὰς
3243 3913 3588 3986 ἀναφέροντες.
3651 3918 3778 3976 τινὲς
3827 3911 3894 3968 δὲ

2278 4004 2481 4074 μέλανες
2537 4010 2624 4056 xui
2673 4001 2926 4076 ζοφῶδεις
2980 4008 3027 4056 ἓν
3076 4013 3145 4075 τῷ
3186 4003 3296 4078 ἀέρι
3336 4001 3478 4076 εἶχον
3519 4010 3892 4076 περισπασμὸν

2277 4091 2432 4145 πολύν
2463 4093 2512 4128 ³⁷
2547 4101 2640 4144 τοῦ
2673 4094 2924 4166 ἁρπάζειν
2965 4100 3054 4146 xui
3096 4099 3371 4145 κατασπᾶν
3430 4097 3516 4154 τας
3559 4092 3744 4164 ψυχὰς
3787 4104 3891 4146 τῶν

2279 4180 2580 4254 ἀνθρώπων,
2635 4184 2683 4234 οἱ
2744 4179 2802 4235 δε
2853 4184 3062 4254 ἄγγελοι
3112 4183 3421 4235 ἀνθίσταντο
3481 4192 3740 4254 κραταιῶς
3795 4190 3891 4236 καὶ

2279 4269 2518 4343 ἰσχυρῶς
2548 4275 2617 4333 ὡς
2663 4267 2871 4345 σφόδρα
2900 4275 3242 4344 μαστίζοντες
3273 4271 3462 4333 αύτούς
3500 4277 3586 4322 xui
3629 4277 3889 4335 σώζοντες

2275 4362 2367 4420 τὰς
2397 4360 2604 4431 ψυχάς,
2660 4358 2832 4432 βλέπω
2879 4357 2937 4412 δὲ
2983 4361 3156 4427 πάλιν,
3199 4367 3286 4412 xui
3325 4357 3442 4412 ἰδού
3473 4363 3517 4395 ³⁸
3546 4357 3641 4412 δύο
3672 4362 3888 4433 ἄγγελοι

2275 4449 2346 4509 εἰς
2406 4455 2492 4500 τὸν
2539 4450 2752 4522 οὐρανὸν
2806 4451 2991 4521 ψυχήν
3055 4449 3326 4520 ἀνθρωπου
3374 4453 3624 4522 φέροντες.
3682 4454 3744 4509 ὡς
3792 4449 3887 4503 οὖν

2276 4543 2629 4610 προσέγγισαν
2682 4549 2753 4609 τῲ
2804 4539 3021 4610 τελωνὶῳ
3079 4540 3125 4573 ³9
3186 4546 3281 4599 τῆς
3334 4544 3566 4609 πορνείας
3639 4545 3728 4590 καὶ
3785 4550 3886 4603 τῆς

513 4623 784 4681 omnium
809 4620 1166 4677 teloniorum
1196 4618 1582 4688 turpissima;
1615 4620 1671 4673 in
1695 4621 1786 4673 via
1809 4627 2007 4676 autem
2043 4638 2164 4677 sur-

2286 4632 2519 4696 κοιχείας
2579 4629 2624 4661 ⁸ο
2683 4634 2771 4678 xui
2813 4624 3160 4699 ἀνδρομανίας
3219 4629 3258 4662 ⁶¹
3305 4659 3370 4667 -
3412 4635 3576 4678 ταῦτα
3624 4631 3723 4698 γὰρ
3776 4628 3888 4680 εἰσι

514 4731 646 4770 sum
706 4714 924 4768 ferente
968 4707 1539 4780 appropinquabant
1579 4709 1846 4764 animam
1900 4718 2160 4765 tenentes

514 4803 709 4871 angeli
756 4802 854 4856 Dei
902 4829 969 4839 —
1015 4799 1210 4868 coepit
1261 4797 1536 4866 princeps
1589 4797 1786 4852 telonii
1819 4797 2162 4870 obstrepere

509 4891 871 4948 horribiliter
898 4893 956 4945 et
984 4888 1362 4943 vehementer
1396 4886 1730 4956 perturbari
1761 4903 1831 4943 ac
1859 4887 2055 4943 dicere
2083 4889 2162 4943 ad

2271 4717 2474 4767 πάντων
2506 4723 2603 4767 τῶν
2646 4717 2891 4767 τελωνίων
2933 4717 3259 4789 αἰσχρότερα
3296 4736 3304 4743 ·
3341 4724 3387 4767 ἐν
3428 4712 3535 4784 ὁδῷ
3592 4718 3693 4788 γὰρ
3749 4722 3884 4789 πρὸς

2271 4807 2337 4856 τὰ
2365 4805 2467 4854 οἰνω
2495 4808 2713 4875 ἤγγιζον
2748 4807 2794 4857 οἱ
2836 4809 3143 4876 κατέχοντες
3176 4810 3266 4863 τὴν
3309 4805 3494 4876 ψυχήν
3541 4805 3752 4874 ἄγγελοι
3784 4814 3883 4856 τοῦ

2274 4896 2400 4945 Θεοῦ
2428 4922 2495 4932 -
2539 4893 2731 4963 ἤρξατο
2778 4895 2803 4946 ὁ
2846 4895 3028 4968 ἄρχων
3078 4902 3166 4947 τοῦ
3241 4893 3478 4946 τελωνίου
3521 4895 3882 4968 ταράττεσθαι

1835 5054 2091 5112 VARIAE
2129 5057 2534 5118 LECTIONES.

584 5219 632 5255 ¹⁶
673 5217 868 5294 Corn,
911 5215 1050 5270 cod.
1091 5212 1530 5294 τετλνιϐἐνης..
1573 5213 1615 5248 ¹⁷
1651 5214 1835 5291 (3οη.)
1871 5215 2005 5294 cod:
2041 5225 2328 5291 παυρόν.
2393 5222 2647 5294 19C0t‘t‘.,
2683 5222 2823 5278 cod.
2863 5224 3338 5294 ἑνειχείρήσεν,
3401 5224 3445 5258 ¹⁹
3491 5225 3688 5286 Corr.,
3722 5224 3866 5279 cod,

514 5277 1013 5367 ιςραγωδιοοντα
1031 5308 1104 5367 gl."
1133 5289 1179 5321 ³ο
1206 5285 1421 5367 Vocem
1453 5283 1852 5367 irép‘oufluncis
1880 5277 2271 5367 inclusam'ex
2301 5293 2454 5346 coni.
2480 5277 2711 5367 addidi.
2760 5277 2820 5329 “7
2842 5295 2979 5367 Cod.
3000 5277 3360 5367 (Jtt‘t‘r‘otabynu.
3399 5301 3480 5348 An
3505 5277 3692 5367 mavis
3715 5277 3871 5349 corr;

513 5354 916 5437 ᾇ-ξεπρισάμηνλ
956 5361 1005 5437 1’
1055 5360 1145 5413 Sic
1184 5357 1322 5436 cod.
1362 5354 1908 5437 [ορισέρεθίσματαῗ
1967 5359 2482 5437 πβριὶηδγορείση
2503 5383 2609 5415 ται
2670 5366 2710 5437 17‘
2753 5366 2902 5421 Cod.
2943 5354 3300 5437 χαρείναί.
3365 5367 3406 5400 ⁸⁵
3444 5366 3592 5422 Cod.
3634 5371 3724 5417 xui
3757 5375 3872 5418 τοῦ

509 5426 810 5496 ἀξιω’θῆνοὶι.
844 5433 923 5508 ζῆ
955 5432 1058 5484 Ex.
1108 5427 1288 5508 qouiu
1323 5426 1462 5508 βοάς
1501 5429 1912 5508 πμοξρξιθρηιίοξι
1953 5431 2107 5500 (sic).
2169 5434 2209 5471 ³⁷
2241 5426 2320 5508 Ei
2373 5437 2552 5508 coni”
2587 5436 2727 5492 cod.
2765 5426 3170 5508 άμμεηπτων
3204 5437 3366 5507 (sic).
3426 5438 3466 5470 ’⁸
3499 5437 3683 5501 Οοιϊ.,
3714 5437 3857 5508 cod.

511 5510 775 5578 μοιχία,

841 5505 968 5556 “Ex
1008 5498 1366 5564 coni.,cod.
1408 5497 1481 5552 εἰ.
1541 5501 1586 5533 ³ο
1617 5498 1765 5570 Cod.
1806 5496 2144 5570 δέχαιται.
2210 5506 2250 5540 ’ί
2289 5496 2643 5562 (Ζωὼαύτό.

2723 5511 2768 5542 ³³
2822 5509 2963 5564 Cod.
3023 5509 3364 5566 πληθύνη.
3433 5510 3478 5543 ³³
3513 5508 3656 5564 Cod.
3701 5507 3866 5567 θήλη

509 5559 676 5638 τῆξ
714 5559 1280 5645 ⁸⁸Όοε1.λξ,ηροίνη.
1343 5571 1387 5603 ³⁵
1423 5569 1707 5645 Emen_d..
1743 5559 2351 5645 οοᾴῗάναϐλέψαςξ
2382 5559 2445 5612 ³⁸
2480 5581 2558 5632 Ex
2593 5559 2773 5642 coni.,
2807 5559 2962 5638 cod“,
2990 5559 3189 5637 ibév,
3234 5580 3277 5614 ⁸⁷
3318 5559 3484 5644 Con,
3522 5559 3665 5639 853'.
3724 5559 3868 5632 πόλῖ

505 5649 643 5711 λήν.
703 5647 749 5683 ⁸⁸
781 5645 929 5704 Cod.
971 5639 1134 5700 ἰδον.
1198 5644 1243 5676 ³9
1277 5645 1472 5708 Corn,
1505 5641 1644 5699 cod.
1674 5650 1741 5713 τῷ
1771 5643 2082 5698 τελωνιον
2118 5639 2278 5718 (sie).
2347 5649 2392 5684 ¹⁵⁰
2426 5649 2576 5708 Cod.
2613 5639 2914 5723 μοιχίας,
2958 5654 2998 5688 ⁸¹
3035 5652 3186 5711 Cod.
3245 5639 3766 5725 ἀνθρομανείας.
