4088 6192
194 285 298 342 225

191 406 373 469 δεινως
421 413 514 461 καὶ
567 406 904 460 ἀλλοιοῦσθαι
949 411 1040 460 καὶ
1092 405 1255 477 λέγειν
1298 407 1427 480 πρὸς
1470 408 1588 465 τοῦς
1640 404 1797 476 ἆγγί-
1828 405 1875 459 Α

183 498 308 560 λους
333 505 429 551 τοῦ
459 505 594 553 Θεοῦ
630 513 644 526 ·
681 502 814 568 ποίῳ
852 501 1026 570 τρόπῳ
1057 497 1204 568 ύμεῖς
1245 500 1339 554 τὴν
1385 495 1572 567 ψυχὴν
1597 497 1792 553 ταύτην

185 587 356 642 ἕλκετε
402 591 658 662 ἡμετέραν
708 589 1058 658 ὑπάρχουσαν
1105 587 1149 622 ⁴¹
1179 585 1456 657 ;λέγουσιν
1492 587 1540 638 οἱ
1580 584 1792 656 ἄγγελοι

183 682 318 752 πρὸς
344 677 502 731 αὐτόν
543 692 557 705 ·
594 682 646 730 τί
680 696 764 730 σοι
798 680 857 729 τὸ
906 682 1142 749 σόφισμα
1171 678 1220 728 ἐν
1267 675 1416 748 αὐτῇ,
1475 675 1582 728 εἰπέ
1609 694 1623 743 ;
1655 675 1790 746 λέγει

185 765 274 822 οὖν
318 768 498 830 αὐτοῖς
535 783 554 796 ’⁸
607 771 690 822 ὅτι
743 768 839 830 ἓως
876 775 972 830 τῆς
1026 766 1266 828 τελευτῆς
1318 766 1478 819 αὐτοῦ
1534 768 1786 838 ἐπόρνευε,

183 863 275 911 καὶ
300 863 397 916 τὴν
439 855 726 930 σοδομινὴν
757 857 1017 930 ἁμαρτίαν
1060 855 1310 917 πολλάκις
1351 852 1464 927 ἰδίᾳ
1491 859 1791 929 προαιρέσει

183 946 483 1018 εἰργάζετο.
544 947 604 1000 ού
658 951 810 1018 μόνον
869 942 929 998 δὲ
966 952 1139 1010 τοῦτο,
1191 943 1320 996 ἀλλὰ
1368 949 1458 997 καὶ
1514 947 1677 1016 ἔκρινε
1705 946 1792 996 τὸν

182 1035 414 1094 πλησίον
444 1035 606 1088 αὑτοῦ
630 1032 909 1108 λοιδόρως,
939 1039 1030 1087 καὶ
1066 1038 1119 1087 τί
1149 1029 1236 1086 οὖν
1285 1031 1568 1106 δείνότερον
1598 1036 1792 1086 τούτων

184 1132 286 1176 τῶν
332 1123 674 1197 ἐγκλημάτων
721 1127 871 1196 ἔχετε
909 1125 1076 1197 εύρεῖτ
1124 1123 1172 1176 ἐν
1227 1123 1368 1195 αύτῷ
1401 1142 1416 1191 ;
1455 1122 1696 1194 λέγουσιν
1744 1123 1794 1173 οἱ

183 1213 403 1284 ἄγγελοι
473 1215 517 1267 εἰ
563 1219 655 1266 καὶ
687 1211 750 1272 ἧν
794 1210 1155 1284 δεδουλωμένη
1211 1214 1242 1271 ἡ
1298 1213 1454 1284 ψυχὴ
1509 1213 1640 1270 αὕτη
1689 1219 1795 1273 τοῖς

186 1308 451 1365 τοιούτοις
496 1305 740 1371 πάθεσιν,
801 1301 910 1355 ἀλλ’
953 1301 1164 1372 ἐξέκοψε
1191 1309 1358 1354 ταῦτα
1387 1302 1440 1364 ἐξ
1487 1301 1650 1364 αὐτῆς
1675 1305 1795 1375 πρὶν

185 1395 214 1451 ἡ
262 1397 325 1445 τό
385 1393 524 1454 τέλος
575 1393 740 1453 αὐτῆς
787 1391 967 1444 ἐλθεῖν.
1015 1391 1150 1462 λέγει
1195 1387 1255 1443 δέ
1303 1393 1328 1442 6
1378 1387 1616 1451 διάϐολος
1645 1390 1792 1462 οὐχί,

186 1483 280 1535 ούκ
341 1485 481 1552 ἔστι,
535 1485 604 1544 ὡς
649 1481 816 1553 λέγετε
870 1483 938 1547 ⁴³,
974 1479 1101 1532 ἀλλὰ
1151 1479 1493 1551 ἁμετανόητος
1542 1479 1797 1537 ἐτελεύτη-

189 1591 272 1625 σεν
329 1572 427 1634 ἕως
483 1570 718 1644 ἐσχάτης
767 1570 1045 1636 ἀναπνοῆς,
1101 1565 1230 1641 μηδ’
1293 1569 1418 1631 ὅλως
1465 1571 1799 1641 παυσάμενος

186 1664 283 1724 τὰς
337 1660 554 1734 ἀνομίας
591 1676 605 1688 ·
640 1657 878 1733 οὐδαμοῦ
917 1660 1096 1734 εύρίθη
1139 1659 1470 1732 ἐξαγόρευσιν
1513 1661 1798 1730 ποιησάμε-

189 1771 274 1814 νος
327 1753 377 1786 ⁴⁴
443 1759 544 1803 τῶν
589 1750 855 1825 ἁμαρτιῶν
901 1749 1060 1802 αὐτοῦ
1086 1757 1266 1802 πασῶν
1295 1750 1364 1814 ‘5,
1396 1749 1425 1808 ἢ
1457 1747 1668 1821 ἀποχὴν
1697 1757 1796 1800 τῶν
1832 1763 1874 1818 Β

188 1849 434 1913 πονηρῶν
466 1841 838 1912 ποιησάμενος,
889 1837 995 1891 ἀλλ’
1047 1838 1209 1900 οὕτως
1262 1837 1576 1901 ἐτελεύτησε,
1611 1834 1799 1898 δοῦλος

188 1931 258 1982 ὢν
305 1938 403 1990 τῆς
454 1929 710 2003 ἁμαρτίας
756 1933 843 1981 καὶ
899 1928 1020 2001 ἐμὸς
1084 1930 1420 2000 συνεργάτης.
1479 1932 1588 1980 τότε
1662 1927 1797 1999 λέγει

188 2017 255 2080 εἷς
323 2027 426 2070 τῶν
503 2018 731 2090 ἀγγέλων
806 2026 898 2071 τοῦ
960 2024 1093 2071 Θεοῦ
1127 2035 1140 2049 ο
1183 2015 1389 2078 ἀληθῶς
1459 2035 1545 2068 σοι
1601 2018 1648 2052 ⁴⁶
1723 2025 1796 2087 τῷ

187 2108 372 2183 ἐχθρῷ
421 2107 482 2161 ού
525 2110 875 2180 πιστεύομενο
938 2107 1067 2171 ὅλως
1115 2110 1212 2180 γὰρ
1269 2103 1463 2178 ψεῦδος
1516 2107 1793 2181 ὑπάρχεις,

188 2198 458 2270 ἀκάθαρτε
487 2214 503 2228 ⁸
545 2195 676 2250 ἀλλὰ
699 2197 943 2256 κληθὴτω
982 2198 1025 2232 ⁸⁷
1060 2197 1086 2249 6
1133 2195 1350 2267 ἄγγελος
1380 2197 1405 2247 ὁ
1436 2195 1536 2248 ἀπὸ
1574 2204 1665 2248 τοῦ
1699 2195 1796 2270 βα-

186 2294 493 2361 πτίσματος
540 2285 710 2348 δοθεὶς
777 2287 914 2358 αὐτῷ
973 2286 1042 2348 εἰς
1099 2286 1497 2361 παραφυλακήν,
1562 2285 1795 2347 κάκεῖνος

188 2379 382 2452 γράσει
409 2382 504 2436 τὴν
557 2376 821 2435 ἀλήθειαν·
865 2379 933 2437 ὡς
973 2378 1113 2428 ἐστιν
1161 2377 1226 2436 ὡς
1271 2373 1330 2428 δὲ
1371 2375 1562 2434 ἐκλήθη
1609 2374 1791 2441 ἐκεῖσε,

187 2464 251 2526 ἦν
307 2469 414 2542 γὰρ
457 2465 849 2539 ἀσχολούμενος
905 2470 1023 2540 περὶ
1070 2472 1166 2526 τῆς
1207 2473 1375 2537 ταφῆς
1421 2473 1512 2518 τοῦ
1557 2469 1796 2538 σώματος

187 2556 378 2621 αὐτοῦ,
439 2555 680 2628 λέγουσιν
728 2555 776 2590 ⁴⁸
844 2555 892 2607 οἱ
945 2553 1158 2626 ἄγγελοι
1225 2553 1364 2624 αύτῷ
1397 2573 1411 2586 ·
1480 2553 1585 2606 εἰπε
1647 2555 1792 2626 ἡμῖν,

186 2646 360 2718 ἑταῖρε
404 2648 473 2680 "-
531 2646 562 2704 ἠ
616 2645 772 2716 ψυχὴ
830 2644 961 2702 αῦτη
1020 2648 1326 2716 μετενόησεν
1374 2642 1457 2696 ἐπὶ
1495 2652 1602 2704 ταῖς
1630 2644 1794 2719 ἁμαρ-

183 2742 322 2796 τίαις
381 2739 541 2795 αὐτῆς
592 2735 622 2793 ἦ
676 2735 1019 2786 συναπέθανεν
1073 2732 1296 2800 αὐταῖς;
1352 2737 1441 2785 καὶ
1495 2731 1795 2808 ἀποκριθεὶς

323 2027 426 2070 τῶν

187 2825 373 2885 αὐτοῖς
425 2822 563 2877 εἶπεν
627 2825 653 2876 6
716 2822 930 2894 ἄγγελος
983 2837 997 2852 ⁸
1060 2820 1161 2874 ἀπὸ
1204 2828 1295 2882 τῆς
1343 2823 1499 2896 ὧρας,
1532 2821 1631 2879 ἐνῆ
1675 2841 1794 2874 κατ-

187 2916 371 2968 ἐπεσεν
425 2916 475 2967 ἐν
531 2920 591 2985 τῇ
644 2916 802 2984 νόσῳ,
853 2915 974 2986 πρὶν
1029 2912 1059 2970 ἦ
1130 2911 1286 2964 αύτόν
1341 2909 1668 2986 βαρυνθῆναι
1724 2911 1795 2972 εἰς

185 3010 402 3077 μνήμην
455 3003 504 3038 ⁸ο
555 3001 712 3054 ἐλθὼν
768 3008 858 3053 τοῦ
903 3002 1146 3064 θανάτου,
1196 3000 1392 3072 ἤρξατο
1447 3002 1647 3073 θρηνεῖν
1704 3005 1794 3053 καὶ

187 3091 460 3168 δακρύειν,
520 3097 610 3145 καὶ
657 3090 892 3144 ἐκάλεσεν
951 3091 1110 3144 ἐλθεῖν
1167 3095 1254 3142 τόν
1301 3089 1648 3166 πρεσϐύτερον
1703 3099 1794 3152 τῆς

190 3183 497 3247 ἐκκλησίας,
547 3187 637 3234 καὶ
681 3183 817 3234 κατὰ
867 3185 1024 3252 μόνας
1070 3179 1264 3253 ἤρξατο
1321 3182 1521 3254 θρηνεῖν
1581 3187 1670 3234 καὶ
1697 3178 1790 3234 δαο

188 3294 367 3346 κρνεεν
435 3277 525 3325 καὶ
582 3270 1005 3342 ἐξομολογεῖσθαι
1073 3271 1250 3332 πάσας
1305 3271 1349 3306 ⁵¹
1405 3279 1476 3341 τῷ
1535 3279 1648 3341 Θεῷ
1704 3272 1792 3331 τὰς

189 3365 452 3437 ἁμαρτίας
531 3361 690 3414 αὐτοῦ
738 3362 949 3412 ἐνώπιον
995 3366 1087 3412 τοῦ
1163 3360 1352 3432 ἱερέως,
1411 3357 1638 3412 ἐκτείνων
1699 3361 1793 3420 τὰς

188 3461 379 3524 χεῖρας
431 3450 592 3502 αὐτοῦ
642 3468 772 3522 προς
829 3451 914 3500 τὸν
981 3447 1216 3520 οὐρανόν,
1280 3455 1476 3520 πικρῶς
1534 3450 1790 3511 στενάζων

187 3548 276 3594 καὶ
299 3537 642 3612 ὀδυρόμενος.
684 3538 728 3590 εἰ
760 3535 847 3590 οὖν
879 3543 1246 3610 συνεχώρησεν
1286 3539 1311 3589 6
1344 3541 1474 3600 Θεὸς
1511 3541 1706 3597 ταύτην
1743 3539 1791 3576 ⁵⁸

187 3638 250 3704 τῇ
311 3629 478 3682 αὐτοῦ
515 3630 746 3700 ἐξουσίᾳ,
779 3631 868 3679 καὶ
916 3627 1054 3698 μάλα
1097 3627 1326 3692 εἰκότως,
1373 3624 1465 3680 εἶτ’
1495 3628 1622 3700 ούχὶ
1662 3625 1793 3693 δόξα

185 3729 250 3793 τῇ
302 3716 338 3773 δ
346 3722 673 3791 ικαιοκρισία
701 3718 748 3752 ⁸³
799 3715 958 3769 αύτοῦ
989 3733 1005 3782 ;
1062 3723 1228 3768 ταῦτα
1268 3716 1576 3778 ἀκούσαντες
1615 3720 1664 3770 οἱ
1701 3726 1792 3771 τοῦ

188 3814 355 3882 φωτός
393 3807 606 3880 ἄγγελοι
661 3804 1014 3876 κατεγέλελετο
1044 3814 1116 3876 τῷ
1174 3802 1209 3858 δ
1216 3804 1404 3877 ιαϐόλῳ
1463 3809 1700 3870 εάσαντες
1745 3810 1792 3845 δ”

186 3899 367 3952 αὐτόν.
425 3900 516 3949 καὶ
576 3899 734 3958 ὄντως
790 3894 1051 3967 παρῆλθεν
1110 3895 1140 3953 ἡ
1196 3893 1353 3966 ψυχὴ
1414 3897 1573 3955 ἐκείνη
1607 3895 1660 3948 ἐκ
1700 3905 1794 3958 τῆς

185 3983 422 4060 παγίδος
482 3987 528 4021 ⁵⁸
583 3991 684 4036 τῶν
735 3985 1072 4056 θηρευόντων.
1129 3988 1217 4036 καὶ
1272 3983 1425 4036 πάλιν
1458 3985 1648 4060 θεωρῶ,
1705 3992 1794 4040 καὶ

184 4078 419 4150 ἐραίνετο
451 4075 597 4148 ἐτέρα
631 4073 787 4146 ψυχή
820 4092 838 4108 ο
879 4069 940 4131 ἦν
973 4069 1032 4126 δι
1057 4075 1209 4144 φύσει
1247 4072 1516 4145 εὐνοῦχος,
1545 4080 1635 4128 καὶ
1673 4095 1796 4128 κατε

185 4171 418 4240 ηγόρουν
467 4163 605 4234 αύτῷ
657 4160 890 4234 μεγάλως
940 4163 990 4214 οἱ
1040 4157 1286 4233 δαίμονες
1350 4160 1648 4234 ἐλέγχοντες
1706 4164 1798 4217 αὖ-

185 4275 280 4308 του
321 4260 448 4327 μιᾶς
500 4251 719 4311 ἑκάστης
778 4250 1040 4324 ἁμαρτίας
1095 4251 1210 4302 κατ’
1264 4247 1400 4311 εἶδος
1434 4257 1532 4303 καὶ
1563 4255 1649 4304 τὸν
1679 4259 1796 4328 τρό-

188 4365 286 4397 πον
345 4345 556 4395 καὶτὸν
605 4346 782 4406 τόπον,
835 4339 1064 4410 λέγοντες
1121 4341 1212 4401 τὰς
1265 4339 1425 4392 αύτοῦ
1456 4347 1709 4414 πονηρίας
1747 4344 1794 4378 ⁵⁶

192 4440 284 4487 καὶ
324 4430 542 4506 πράξεις
575 4429 825 4502 αἰσχράς.
855 4433 943 4481 καὶ
974 4431 1023 4481 οἱ
1051 4429 1262 4500 ἄγγελοι
1300 4437 1392 4482 τοῦ
1423 4437 1556 4483 Θεοῦ
1603 4431 1796 4484 ἀντίλε-

189 4544 304 4595 γον,
370 4518 710 4591 δικαιώματά
761 4538 878 4570 τινα
919 4521 1061 4591 ἔχειν
1115 4517 1270 4571 αύτόν
1303 4535 1315 4548 ⁸
1369 4521 1415 4571 ἐν
1448 4527 1510 4592 τῇ
1559 4521 1664 4593 ζωῇ
1693 4524 1793 4593 γὰρ
1831 4491 1875 4546 D

194 4613 361 4664 αὐτοῦ
390 4609 640 4670 πολλάκις
688 4611 777 4660 καὶ
825 4613 1063 4678 πτωχοῖς
1114 4625 1164 4658 τι
1209 4603 1368 4659 ἐδίδω
1401 4608 1470 4672 ⁵⁷,
1505 4607 1612 4659 ἀλλ’
1639 4609 1683 4660 εἰ
1707 4613 1795 4661 καὶ

195 4703 423 4774 πονηρόν
494 4717 545 4750 τι
607 4696 866 4762 ἐποίησεν,
944 4696 1128 4758 εύθέως
1197 4694 1462 4768 ἐστρέφετο
1514 4706 1796 4768 μετανοῶν,

194 4797 286 4842 καὶ
337 4783 608 4848 ὦνείδιζεν
656 4785 836 4839 ἐαυτὸν
881 4789 971 4837 καὶ
1018 4787 1267 4857 ἐμέμφετο
1314 4791 1402 4838 καὶ
1433 4784 1671 4847 ἐστέναξε
1701 4783 1802 4838 δα-

193 4882 394 4955 κρύων.
435 4881 526 4929 καὶ
554 4883 720 4928 ταῦτα
766 4874 998 4946 λέγοντες
1026 4872 1077 4926 οἶ
1123 4873 1334 4946 ἄγγελοι
1386 4883 1476 4927 τοῦ
1525 4882 1658 4929 Θεοῦ
1699 4872 1803 4928 διι-

204 4971 533 5042 σχυρίζοντο
586 4967 634 5001 ⁵⁸
690 4967 780 5017 καὶ
832 4962 1114 5036 κατεγέλων
1171 4965 1218 4999 ⁸³
1273 4967 1345 5035 μὴ
1375 4965 1704 5040 κτερίζοντας
1754 4966 1803 5000 eo

198 5062 320 5120 τοὺς
355 5053 609 5129 δαίμονας
661 5052 1026 5126 ἂνθιστάμενοι
1062 5055 1154 5106 καὶ
1200 5054 1455 5116 πείθοντες
1504 5055 1572 5118 ⁶¹,
1605 5052 1715 5126 [ὡς]
1757 5055 1803 5090 ⁸³

1772 279 1978 338 ACTA.

3453 294 3561 354 226

1905 410 2154 477 angelos
2168 409 2269 464 Dei
2297 425 2310 464 :
2336 411 2464 477 Quo
2481 417 2656 482 pacto
2678 430 2786 472 vos
2805 417 3072 476 animam
3087 420 3244 478 hanc
3259 422 3465 494 rapitis
3481 424 3562 481 ad

1904 510 2014 552 nos
2035 499 2427 568 pertinentem
2443 500 2472 556 ?
2486 505 2862 575 Respondent
2880 509 3072 578 angeli
3090 511 3140 566 ei
3173 529 3185 564 :
3208 512 3336 576 Quo
3357 513 3561 584 sophi-

1902 590 2091 640 smate
2116 587 2295 642 uteris
2314 589 2368 642 in
2384 604 2474 655 ea,
2490 590 2587 647 dic
2607 592 2620 647 Ι
2637 595 3083 665 Respondetiis:
3109 600 3260 666 Quia
3275 616 3462 674 usque
3481 601 3563 658 ad

1899 672 2082 730 ﬁnem
2104 676 2258 732 vitae
2288 677 2692 738 fornicabatur
2714 689 2771 738 et
2799 685 3217 744 sodomiticum
3249 672 3562 762 peccatum

1900 778 2079 834 saepe
2093 765 2336 837 propria
2348 769 2642 826 voluntate
2655 775 3255 850 perpetrabat.Neque
3268 779 3327 834 id
3342 779 3557 836 solum:

1901 858 1958 909 et
1977 853 2283 912 iudicabat
2300 858 2640 928 proximum
2663 877 2840 918 suum
2863 863 3239 922 calumnians
3259 885 3274 934 ;
3297 874 3352 925 et
3372 871 3563 940 quod-

1901 958 2044 998 nam
2073 946 2314 1014 gravius
2343 947 2504 1004 hisce
2535 950 2885 1007 criminibus
2924 957 3170 1026 potestis
3199 957 3461 1016 invenire
3500 960 3563 1016 in

1904 1030 2020 1088 eo?
2049 1033 2260 1088 Dicunt
2281 1036 2476 1106 angeli
2505 1039 2942 1098 :Etiamsihaec
2965 1043 3143 1116 288
3157 1046 3432 1103 animain
3446 1063 3564 1104 ser-

1904 1121 2084 1177 vitute
2114 1129 2240 1178 erat
2279 1124 2488 1181 talium
2513 1125 2855 1197 libidinum,
2879 1135 3081 1189 tamen
3120 1135 3566 1194 eradicaviteas

1905 1225 1976 1265 ex
2021 1226 2084 1266 se
2133 1217 2459 1285 antequam
2504 1215 2638 1272 finis
2683 1219 2814 1274 eius
2861 1219 3121 1277 advenit.
3172 1222 3320 1279 Dixit
3364 1229 3566 1281 autem

1905 1299 2183 1355 diabolus
2217 1323 2230 1356 :
2265 1302 2519 1370 Minime,
2550 1321 2668 1361 non
2700 1313 2787 1363 est
2817 1313 2878 1364 ut
2901 1309 3116 1378 dicitis,
3147 1313 3251 1368 sed
3272 1314 3396 1369 sine
3428 1329 3568 1370 con-

1906 1388 2140 1444 tritione
2187 1393 2514 1462 permansit
2552 1395 2628 1450 ad
2668 1403 2999 1455 extremum
3041 1417 3230 1474 usque
3268 1403 3564 1474 spiritum.

1906 1493 2016 1533 nec
2053 1495 2299 1550 prorsus
2338 1498 2373 1536 a
2411 1481 2652 1552 ﬂagitiis
2692 1485 3000 1546 abstinuit.
3041 1491 3434 1564 Nequaquam
3475 1492 3567 1548 in-

1909 1567 2260 1625 veniebatur
2313 1570 2746 1630 abrenuntians
2793 1577 3078 1633 omnibus
3117 1581 3377 1651 peccatis
3417 1581 3565 1650 suis,

1907 1663 2010 1714 aut
2037 1658 2343 1715 abstinens
2368 1676 2405 1716 a
2444 1661 2642 1728 malis,
2676 1663 2781 1720 sed
2803 1665 2887 1720 sic
2915 1667 3189 1736 decessit,
3219 1675 3418 1741 utpote
3451 1685 3568 1726 ser-

1909 1763 2017 1802 vus
2047 1749 2271 1819 peccati
2312 1753 2367 1804 et
2398 1765 2567 1805 meus
2607 1760 2975 1825 cooperator.
3017 1759 3165 1813 Tum
3205 1759 3286 1814 ait
3313 1774 3468 1815 unus
3493 1774 3567 1816 ex

1909 1836 2135 1905 angelis
2157 1837 2256 1892 Dei
2290 1853 2303 1890 :
2343 1838 2486 1894 Vere
2517 1839 2619 1896 tibi
2645 1840 2989 1899 adversario
3015 1843 3196 1901 ﬁdem
3225 1861 3348 1901 non
3378 1846 3567 1904 habe-

1909 1941 2063 1980 mus.
2093 1927 2348 1982 Omnino
2379 1929 2538 1983 enim
2567 1931 2948 1987 mendacium
2975 1948 3056 2004 es,
3091 1934 3424 1991 immunde.
3452 1935 3567 1992 Sed

1907 2017 2216 2072 arcessitor
2262 2018 2512 2086 angelus
2562 2019 2700 2074 inde
2745 2021 3166 2093 abaptismate
3209 2025 3386 2080 datus
3423 2025 3476 2081 ei
3507 2026 3566 2081 in

1906 2105 2263 2169 custodiam,
2311 2112 2365 2161 et
2404 2107 2500 2162 ille
2526 2107 2817 2164 indicabit
2861 2113 3188 2178 veritatem,
3230 2113 3425 2185 qualis
3454 2119 3566 2170 est.

1907 2193 2016 2260 Qui
2049 2198 2111 2249 ut
2144 2200 2392 2250 vocatus
2425 2201 2510 2251 est
2535 2195 2692 2266 illuc,
2714 2203 2841 2255 erat
2866 2199 3028 2256 enim
3045 2208 3380 2274 occupatus
3405 2205 3568 2261 circa

1907 2283 2276 2354 sepulturam
2313 2287 2578 2356 corporis
2619 2287 2770 2354 eius,
2822 2288 3029 2346 dicunt
3073 2291 3126 2346 ei
3177 2291 3423 2361 angeli:
3465 2292 3567 2348 Dic

1905 2373 2099 2438 nobis,
2132 2375 2357 2440 amice;
2399 2374 2623 2431 haecne
2659 2375 2866 2434 anima
2905 2394 3198 2436 conversa
3236 2386 3322 2437 est
3357 2397 3393 2437 a
3432 2396 3567 2452 pec-

1905 2462 2054 2518 catis
2093 2463 2240 2527 suis,
2265 2478 2342 2519 an
2373 2463 2433 2518 in
2473 2463 2543 2520 iis
2574 2464 2766 2521 obiit?
2788 2473 2868 2523 Ac
2899 2469 3274 2541 respondens
3311 2469 3382 2525 iis
3415 2470 3566 2528 dixit

1905 2551 2181 2624 angelus:
2200 2551 2286 2608 Ab
2303 2552 2471 2620 hora,
2487 2556 2678 2626 quain
2705 2557 2982 2612 morbum
3002 2557 3219 2625 incidit,
3242 2563 3568 2632 antequam

1906 2641 2360 2712 ingravesceret,
2403 2644 2835 2701 recordabatur
2879 2647 3109 2716 mortis,
3150 2652 3208 2704 et
3245 2649 3571 2721 incipiebat

1905 2744 2141 2798 gemere
2167 2736 2222 2786 et
2251 2731 2573 2800 lacrimari,
2607 2739 2662 2790 et
2704 2734 2900 2790 vocari
2939 2735 3118 2793 iussit
3149 2737 3566 2810 presbyterum

1903 2819 2203 2884 ecclesiae,
2231 2825 2287 2876 et
2326 2820 2670 2890 singillatim
2709 2825 2907 2895 coepit
2943 2824 3227 2896 plangere
3257 2832 3313 2882 et
3349 2826 3570 2884 deﬂere

1905 2912 1962 2962 et
1983 2909 2288 2965 conﬁterio
2331 2912 2494 2966 mnia
2532 2919 2779 2982 peccata
2819 2929 2930 2969 sua
2972 2916 3088 2969 Deo
3127 2930 3332 2970 coram
3373 2931 3568 2973 sacer-

1904 2997 2059 3062 dote,
2086 2999 2411 3054 extendens
2431 3015 2644 3054 manus
2665 3017 2811 3056 suas
2834 3018 3044 3059 versus
3070 3003 3325 3069 coelum,
3359 3021 3566 3063 amare

1905 3088 2215 3158 suspirans
2229 3089 2764 3159 etcongemiscens.
2785 3091 2840 3147 Si
2856 3091 3270 3162 igiturremisit
3287 3093 3566 3152 Deushoc

1903 3182 2216 3248 peccatum
2246 3192 2318 3232 ex
2346 3182 2631 3248 potestate
2663 3195 2790 3243 sua,
2820 3185 2876 3236 et
2899 3180 3012 3236 hoc
3043 3180 3214 3237 valde
3253 3188 3564 3240 consenta-

1901 3283 2081 3323 neum
2095 3273 2412 3331 est,nonne
2427 3271 2552 3323 tum
2569 3269 2755 3338 gloria
2769 3268 3399 3343 iustoipsiusiudicio?
3413 3275 3566 3329 Haec

1901 3357 2211 3414 audientes
2237 3357 2386 3414 lucis
2415 3357 2611 3428 angeli
2634 3358 2943 3416 irriserunt
2963 3361 3295 3428 diabolum,
3331 3364 3569 3419 mitten-

1902 3452 1988 3503 tes
2020 3463 2179 3502 eum.
2223 3451 2301 3503 Ac
2341 3463 2476 3502 vere
2507 3449 2694 3504 evasit
2722 3452 2927 3505 anima
2965 3449 3064 3507 illa
3103 3467 3134 3507 e
3171 3451 3389 3524 laqueo
3429 3450 3570 3508 insi-

1901 3536 2222 3592 diatorum.
2267 3539 2345 3590 Ac
2375 3535 2520 3592 dum
2553 3552 2758 3592 rursus
2789 3537 3116 3611 conspicio,
3139 3540 3419 3611 apparuit
3449 3540 3566 3598 alia

1902 3627 2125 3682 anima.
2157 3628 2288 3680 Erat
2312 3631 2507 3680 autem
2529 3632 2742 3682 natura
2762 3629 3093 3694 eunuchus,
3115 3635 3170 3684 et
3196 3629 3567 3686 accusabant

1903 3730 2039 3770 eum
2054 3714 2296 3786 copiose
2311 3714 2657 3780 daemones,
2673 3729 2742 3770 ex
2753 3716 3106 3787 probrantes
3119 3718 3170 3772 ei
3191 3719 3564 3774 uniuscuius-

1899 3819 2020 3877 que
2032 3803 2259 3876 peccati
2273 3804 2580 3874 speciatim
2605 3811 2660 3859 et
2674 3805 2923 3861 modum
2945 3812 3001 3861 et
3017 3805 3237 3878 locum,
3255 3822 3563 3863 recensen-

1905 3899 1990 3949 tes
2019 3894 2145 3948 eius
2186 3893 2597 3964 improbitates
2626 3900 2680 3948 et
2711 3893 2865 3949 facta
2906 3895 3118 3966 turpia.
3146 3897 3211 3950 Et
3235 3894 3431 3964 angeli
3462 3895 3563 3950 Dei

1903 3981 2408 4054 obloquebantur,
2468 3982 2720 4038 iustitiae
2763 3997 2944 4054 opera
2989 3982 3291 4055 quaedam
3340 3983 3563 4040 habere

1904 4089 2064 4128 eum.
2108 4075 2169 4126 ln
2208 4071 2328 4126 vita
2366 4071 2524 4126 enim
2568 4071 2808 4143 saepius
2845 4075 2902 4127 et
2938 4072 3307 4144 pauperibus
3338 4073 3564 4146 aliquid

1905 4161 2220 4232 erogabat;
2246 4175 2315 4216 ac
2341 4159 2474 4215 licet
2488 4159 2624 4216 mali
2640 4160 2783 4232 quid
2801 4159 3164 4226 fecit,statim
3181 4162 3561 4218 converteba-

1907 4255 2000 4305 tur
2015 4251 2072 4304 in
2087 4249 2582 4317 contritioncm,et
2603 4249 2963 4319 obiurgabat
2978 4266 3041 4306 se
3059 4250 3257 4321 ipsum
3271 4251 3565 4324 etvitupe-

1905 4339 2080 4395 rabat
2107 4345 2161 4394 et
2192 4337 2620 4408 ingemiscebat
2657 4337 3000 4394 lacrimans.
3035 4341 3098 4394 Et
3124 4340 3271 4396 haec
3299 4340 3566 4396 dicentes

1906 4429 2099 4499 angeli
2131 4428 2226 4483 Dei
2252 4429 2536 4493 vicerunt,
2575 4427 2752 4499 289
2775 4433 2827 4483 et
2849 4428 3185 4484 deriserunt
3213 4428 3564 4496 daemones,

1907 4520 2009 4590 qui
2048 4533 2169 4572 non
2207 4516 2522 4584 sepelirent
2552 4532 2711 4580 eum,
2753 4515 3148 4587 obloquentes
3188 4523 3367 4589 atque
3408 4517 3564 4572 obti-

1908 4613 2137 4672 nentes,
2163 4607 2346 4660 Deum
2369 4604 2590 4660 habere
2604 4610 2974 4676 potestatem,
3003 4605 3320 4660 miserendi
3337 4605 3569 4661 animae

1909 4697 2060 4752 eius.
2085 4697 2306 4750 Rursus
2332 4699 2531 4749 autem
2559 4692 3178 4750 dicebantdaemones
3194 4708 3348 4765 conq
3360 4709 3568 4749 ueren-

1911 4791 1998 4842 tes
2030 4800 2042 4839 :
2087 4788 2131 4840 A
2172 4784 2474 4838 iuventute
2504 4798 2634 4847 sua,
2676 4782 2974 4854 inquiunt,
3008 4781 3195 4838 multa
3225 4782 3358 4837 fecit
3389 4781 3571 4850 mala,

1913 4875 2116 4948 qualia
2139 4871 2510 4929 dedecebant
2549 4872 2770 4942 ipsum,
2808 4872 2912 4944 qui
2939 4870 3309 4928 Christianus
3338 4875 3494 4927 esset
3518 4875 3577 4927 et

1914 4963 2247 5028 eunuchus,
2282 4960 2604 5022 iornicans,
2636 4959 3002 5026 adulterans,
3035 4965 3091 5015 et
3119 4959 3575 5016 commaculans

1917 5068 1978 5108 se
2007 5052 2160 5118 istis,
2185 5051 2289 5124 qui
2322 5049 2752 5107 sodomiticum
2777 5053 3092 5122 peccatum
3117 5049 3579 5117 committerent,

1554 5204 1818 5262 VARIAE
1850 5203 2146 5261 LECTION
2155 5204 2236 5261 ES

278 5345 326 5384 ιι
355 5340 498 5399 Cod,
531 5341 820 5414 ἡμετέρα
869 5338 1287 5414 ὑπάρχουσα.

206 5419 485 5469 πάντων.
567 5409 615 5448 ⁸⁸
665 5409 853 5479 cem,
905 5409 1189 5466 cod."ao.
1269 5409 1317 5446 ‘7
1355 5409 1498 5465 Cod.
1561 5409 1882 5468 κληθεῖτο.

207 5489 406 5553 coni.,
440 5484 580 5542 cod.
609 5488 732 5592 ι-ινὴ
763 5482 916 5554 (sic).
995 5482 1040 5518 ⁸¹
1072 5481 1214 5539 Cod.
1245 5482 1502 5542 πάντας.

207 5579 318 5592 ο.-
361 5558 495 5592 Ι-ἰΛΧ
636 5557 658 5591 Β
686 5553 803 5592 ραι-1
872 5551 1174 5592 ηνησνῆιὲἢρ
1270 5555 1318 5590 ιο
1354 5551 1472 5592 ΠΛΑ

206 5579 319 5621 τις
361 5551 533 5630 (εἰς)ζ
609 5551 658 5592 ⁸⁵
686 5553 832 5610 Cod.
872 5551 1193 5630 παγήδος.

211 5633 261 5668 ⁸³
305 5625 1078 5701 Οόάβδιησχυξρίζοντο.
1158 5627 1205 5661 ⁸⁸
1254 5625 1411 5701 Οοά.Δ
1458 5625 1860 5701 κατάγελων.

212 5705 262 5740 οι
306 5701 524 5760 Vocem
551 5703 622 5762 ὡς
652 5696 825 5755 uncis
850 5697 1149 5755 inclusam
1179 5712 1254 5755 ex
1279 5697 1438 5756 coni.
1478 5696 1707 5755 addidi.

497 5799 750 5856 ΡΑτιιοι..
792 5794 897 5856 Gn.
939 5795 1191 5854 XXXIV.

1367 5339 1414 5410 θ’
1446 5339 1527 5394 Ex
1564 5337 1753 5410 Cpni.,
1785 5337 1921 5397 cod.
1959 5337 2236 5410 λέγεται.

1581 5482 1624 5517 ⁸³
1649 5482 1884 5538 Scilicet
1905 5481 2185 5555 ἁμαρτίαν.

1270 5555 1318 5590 ⁵⁸
1354 5551 1496 5610 Cod.
1533 5558 1889 5617 πονηρίας.

2317 5337 2364 5373 ⁴⁴
2394 5334 2534 5408 Cod.
2570 5335 3073 5408 ποιουσάμενος.
3116 5334 3198 5408 ’⁸⁸
3229 5335 3415 5408 Corr.,
3447 5332 3584 5408 ch.

1963 5405 2220 5466 ‘3'Cod.
2267 5413 2397 5482 iugi
2446 5405 3042 5482 λέγουσιν,-⁴⁹’(ἷρό.
3104 5405 3296 5482 ἑτέρα.
3372 5407 3420 5442 ⁶⁰
3481 5407 3585 5461 EX-

2263 5481 2309 5516 ⁵³
2333 5479 2429 5535 Sic
2463 5480 2597 5535 cod.
2675 5480 2818 5558 “E_x
2840 5480 3000 5558 coni.
3019 5521 3034 5547 ,
3061 5479 3219 5534 cod.‘
3238 5482 3593 5558 ιᾳπτὴσαν-

1967 5549 2026 5588 ετ
2061 5553 2275 5608 Vocem
2327 5568 2394 5608 ex
2425 5554 2592 5622 parte
2639 5551 2988 5607 exstinctam
3031 5565 3104 5606 ex
3156 5551 3312 5607 coni.
3343 5549 3591 5605 restitui.

1939 5626 1981 5662 ⁶⁰
2019 5623 2204 5690 Corn,
2247 5623 2380 5680 cod.
2417 5622 2890 5700 κτηρίζοντες.
2975 5623 3020 5658 ⁶¹
3055 5622 3202 5680 Cod.
3249 5623 3587 5681 πήθοντες.
