4078 6194
523 278 627 333 227
1359 271 1459 327 SS.
1505 266 1991 326 MACARIORUM
2033 262 2368 335 AEGYPTII
2421 265 2512 320 ET
2556 264 3051 322 ALEXANDRINI
3783 260 3895 317 228

524 405 702 473 atque
724 401 781 455 in
806 414 1016 455 omnes
1037 397 1353 463 insultans,
1377 397 1462 453 ira
1483 396 1878 453 exardescens
1896 401 1951 450 et
1967 394 2134 450 imm:

2299 387 2380 444 ἶνα
2427 395 2474 428 ⁵³
2501 394 2526 446 6
2561 397 2685 455 Θεὸς
2729 397 2841 465 ἔχει
2885 393 3094 452 ἓλεῆσαι
3139 395 3233 450 τὴν
3275 391 3461 464 ψυχήν
3491 391 3649 444 αὐτοῦ
3673 410 3687 423 ι
3719 390 3892 462 ἔλεγον

523 490 673 545 niter
687 489 1003 544 verberans
1018 485 1203 542 multa
1223 486 1548 542 homicidia
1564 481 2133 557 perpetravit.Quod:

2295 478 2352 535 δε
2381 485 2534 535 πάλιν
2566 486 2615 536 οἱ
2641 480 2879 556 δαίμονες
2928 481 3364 556 ἐνθρηνήσάμενοι
3421 481 3468 517 ⁶⁴
3513 498 3523 508 ·
3574 480 3627 532 ἐκ
3650 486 3896 541 νεότητος

521 578 658 633 huic
673 578 921 632 debetur
943 576 1122 640 salus,
1141 577 1396 647 accipite
1419 581 1474 630 et
1491 575 1784 631 mundum
1813 575 2131 630 universun

2292 571 2452 624 αὐτοῦ
2507 573 2670 625 πολλὰ
2716 572 2928 644 ἔπραξεν
2986 573 3142 636 κακὰ,
3204 573 3289 623 οἱα
3340 569 3432 623 οὐκ
3480 573 3689 644 ἔπρεπεν
3735 569 3893 620 αὐτὸν

522 673 577 722 et
629 683 839 722 omnes
892 669 1234 737 peccatores
1285 671 1471 720 terrae
1508 666 1764 735 gratuito
1805 664 2049 718 salvate.
2096 663 2132 715 E

2296 667 2610 734 Χριστιανὸν
2650 666 2771 714 ὅντα
2813 666 2901 714 καὶ
2934 661 3169 733 εὐνούχῳ
3200 662 3269 727 ⁸⁵,
3310 662 3589 735 πορνεύων,
3629 661 3896 730 μοιχεύων

522 757 681 812 enim
726 771 835 811 nos
881 755 1101 810 frustra
1128 754 1502 810 laboramus.
1541 756 1688 809 Tum
1731 753 1783 808 ei
1818 750 2132 824 respondet

2293 756 2380 803 καὶ
2433 757 2648 823 μιαίνων
2703 752 2866 821 ἐαυτῷ
2945 754 3064 810 τοὺς
3123 754 3214 808 την
3279 746 3560 821 σοδομινὴν
3636 747 3895 820 ἁμαρτίαν

521 845 756 914 angeli:
799 844 1116 907 Attendite,
1162 843 1377 908 miseri,
1415 842 1580 915 quod
1619 843 1823 898 omnia
1861 841 1980 906 illa,
2026 856 2131 912 qua

2295 839 2670 913 ἐργαζομένους
2722 843 2790 905 ⁸⁸,
2849 842 3046 902 πάντας
3103 835 3162 892 δὲ
3208 837 3435 910 ὑϐρίςων
3481 842 3572 890 καὶ
3622 836 3898 911 ὀργιζόμε-

523 934 789 1005 peccavit
814 949 883 986 ex
913 933 1216 987 iuventute
1244 948 1373 997 sua,
1415 931 1761 998 eradicavit,
1803 935 1858 987 et
1887 930 2133 986 abrenui

2294 949 2378 992 νος
2421 936 2509 983 καὶ
2559 935 2762 983 τύπτων
2791 926 2967 990 δεινῶς
3009 928 3228 989 πολλοὺς
3280 933 3462 999 φόνους
3517 927 3815 999 εἰργάσατο.
3852 925 3897 976 εἰ

524 1024 685 1078 tiavit
712 1023 800 1086 iis,
841 1027 897 1076 et
941 1023 1092 1075 Deus
1131 1021 1181 1074 ei
1224 1020 1372 1076 haec
1408 1021 1655 1076 remisit.
1697 1025 1889 1092 Atque
1929 1019 2134 1074 eleemt

2296 1016 2383 1071 οὖν
2421 1023 2601 1094 πρέπει
2639 1023 2805 1091 τούτῳ
2862 1023 3118 1093 σωτηρία,
3174 1016 3352 1070 λάϐετε
3402 1021 3492 1068 καὶ
3547 1018 3634 1068 τὸν
3697 1020 3896 1087 κόσμον

521 1127 704 1182 synas
739 1116 792 1164 et
817 1108 1152 1164 oblationes
1193 1124 1297 1180 per
1337 1109 1674 1165 sacerdotes
1701 1108 1832 1164 fecit
1872 1108 1950 1164 ad
1993 1110 2131 1163 Dom

2297 1109 2428 1179 ὅλον,
2457 1115 2546 1162 καὶ
2593 1112 2790 1171 πάντας
2836 1112 2956 1171 τοὺς
3009 1106 3349 1182 ἁμαρτωλούς
3398 1115 3489 1168 τῆς
3545 1114 3641 1177 γῆς
3691 1110 3897 1158 σώσατε

520 1215 664 1254 num
690 1201 874 1253 Deum
904 1213 1010 1269 pro
1039 1197 1228 1253 salute
1249 1197 1488 1254 animae
1515 1213 1679 1254 suae.
1711 1198 1859 1263 Quid
1884 1197 2061 1266 igitur
2087 1212 2130 1250 vi

2299 1194 2496 1271 δωρεάν
2565 1216 2577 1226 ·
2629 1202 2774 1271 ἡμεῖς
2841 1199 2883 1234 57
2936 1199 3036 1270 γὰρ
3101 1199 3167 1258 εἰς
3223 1199 3393 1269 μάτην
3446 1203 3722 1267 κοπιῶμεν.
3807 1199 3899 1246 καὶ

518 1288 610 1343 bis
665 1287 916 1353 videtur,
979 1286 1204 1342 bestiae
1263 1287 1562 1344 foetidae"
1621 1287 1989 1344 Convenitne
2029 1285 2128 1341 har

2296 1287 2505 1359 λέγουσι
2579 1293 2695 1340 τότε
2740 1290 2866 1358 πρὸς
2919 1286 3074 1339 αὐτὸν
3137 1287 3187 1337 οἱ
3250 1284 3461 1356 ἄγγελοι
3502 1298 3515 1310 ’
3585 1287 3895 1356 προσέχετε,

520 1377 786 1432 animam
846 1376 1032 1430 salute
1073 1376 1248 1447 potiri
1291 1391 1400 1432 nec
1441 1377 1556 1432 ne?
1597 1377 1827 1432 Etenim
1871 1375 2125 1430 Dominu

2297 1377 2488 1442 οῐθλιοι,
2564 1379 2664 1442 ὅτι,
2721 1377 2849 1448 οἷπερ
2905 1379 3135 1449 ἥμαρτεν
3192 1376 3246 1427 ἑκ
3311 1379 3548 1435 νεότητος
3606 1373 3784 1438 αὑτοῦ,
3842 1375 3900 1423 ἐκ

519 1466 834 1520 hominum
859 1469 1114 1531 amator,
1141 1465 1249 1520 ista
1274 1465 1517 1531 iudicat,
1543 1482 1699 1537 quae
1727 1481 1832 1537 per
1861 1463 2129 1519 confessi

2296 1468 2497 1519 πάντων
2528 1466 2728 1518 ἐκείνων
2775 1464 2982 1536 ἐξέκοψε
3021 1468 3110 1516 καὶ
3158 1462 3381 1529 ἀπέστη,
3423 1468 3512 1516 καὶ
3551 1464 3577 1514 6
3617 1466 3747 1523 Θεὸς
3777 1481 3899 1513 συν-

520 1571 658 1610 nem
698 1555 754 1609 in
785 1554 978 1609 lucem
1021 1570 1141 1609 non
1176 1555 1439 1609 veniunt.
1484 1557 1671 1612 Omne
1711 1556 1869 1609 enim
1909 1557 2130 1625 apertui

2295 1562 2538 1628 εχὼρησε
2590 1563 2757 1607 ταῦτα
2817 1572 2829 1584 ⁶
2895 1559 2984 1606 καὶ
3043 1553 3388 1625 ἐλεημοσύνας
3441 1557 3530 1604 καὶ
3594 1553 3900 1624 προσφοράς

518 1642 620 1698 lux
650 1651 758 1697 est.
793 1647 937 1698 Nam
971 1645 1194 1712 omnia,
1228 1659 1384 1716 quae
1425 1644 1869 1700 conﬁtebuntur
1907 1642 2128 1698 hOIDlDt

2297 1641 2390 1696 διὰ
2436 1653 2536 1696 τῶν
2586 1646 2752 1715 ἱερέων
2802 1642 3014 1701 ἐποίησε
3068 1647 3195 1716 πρὸς
3251 1646 3427 1714 κύριον
3482 1645 3567 1693 τόν
3620 1645 3747 1694 Θεὸν
3794 1642 3899 1692 ὑπὸ

519 1732 932 1787 sacerdotibus
972 1733 1032 1787 in
1071 1732 1405 1788 humilitate
1448 1734 1636 1788 multa
1682 1738 1740 1787 et
1779 1749 1916 1788 cum
1961 1738 2128 1786 contr

2293 1733 2537 1805 ψυχικῆς
2565 1738 2822 1806 σωτηρίας
2862 1733 3040 1784 αὐτοῦ.
3074 1737 3126 1784 τί
3155 1732 3243 1784 οὖν
3275 1733 3396 1803 ύμῖν
3438 1733 3485 1767 ⁸⁸
3533 1728 3693 1795 δοκεῖ,
3740 1732 3903 1804 θηρία

523 1824 678 1877 tione
705 1839 776 1876 ex
819 1828 937 1876 toto
978 1822 1155 1877 corde
1199 1839 1328 1890 suo,
1372 1823 1737 1878 abstinentes
1779 1823 1952 1877 malis
1992 1837 2133 1891 oper

2299 1830 2634 1897 σαπριώμενα
2663 1823 2708 1856 ⁶⁹
2745 1838 2758 1887 ;
2814 1824 3005 1892 πρέπον
3055 1823 3167 1872 ἐστί
3214 1828 3274 1892 τῇ
3317 1819 3471 1892 ψυχῇ
3515 1821 3674 1891 ταύτῃ
3722 1837 3902 1876 σωτη-

521 1911 655 1976 bus,
693 1911 1029 1966 misericors
1059 1913 1208 1966 Deus
1240 1928 1360 1966 non
1388 1913 1661 1983 imputat.
1696 1913 1806 1976 Qui
1831 1927 1964 1966 vero
1986 1926 2131 1966 occu

2293 1916 2412 1984 ρίας
2449 1919 2630 1982 τυχεῖν
2674 1912 2703 1970 ἦ
2759 1913 2818 1962 οῦ
2849 1927 2862 1976 ;
2894 1912 2919 1961 6
2950 1913 3050 1982 γὰρ
3098 1909 3455 1981 φιλάνθρωπος
3505 1912 3682 1982 κύριος
3732 1907 3902 1960 ἐκεῖνα

520 2005 646 2057 tant
677 2008 938 2071 peccata,
986 2006 1046 2055 ut
1084 1999 1343 2070 luceant,
1389 2004 1504 2056 Deo
1537 2007 1592 2056 et
1632 2001 1882 2064 homini,
1926 2016 2027 2055 eos
2058 2016 2130 2055 on

2294 2006 2457 2073 κρίνει
2507 2002 2577 2067 ⁷ο,
2631 2001 2664 2051 ἃ
2729 1995 2802 2052 δι’
2851 1999 3226 2073 ἑξαγορεύσεως
3285 2001 3355 2060 είς
3408 2007 3513 2070 φῶς
3569 2002 3662 2050 οὐκ
3718 1997 3900 2050 ἔλθουο

520 2106 625 2145 nes
660 2089 883 2144 iudicat
917 2091 1067 2143 Deus
1096 2095 1151 2144 et
1181 2089 1449 2145 confutat
1481 2095 1537 2145 et
1575 2089 1938 2146 contumelia
1976 2088 2130 2144 afﬁci

2299 2109 2403 2146 σιν.
2440 2095 2541 2142 πᾶν
2571 2091 2672 2162 γὰρ
2713 2092 2770 2140 τὸ
2816 2091 3182 2160 φανερούμενον
3215 2096 3320 2160 φῶς
3347 2088 3489 2140 ἐστιν
3514 2104 3526 2117 '
3564 2088 3734 2138 πάντα
3771 2089 3900 2160 γὰρ,

520 2178 764 2249 ignique
804 2177 976 2232 tradit
1008 2178 1066 2232 in
1109 2178 1338 2234 infinita
1375 2179 1636 2235 saecula.
1678 2181 1832 2235 Haec
1861 2195 2049 2250 quum
2080 2194 2130 2233 aI

2297 2182 2398 2232 ὅσα
2451 2179 2918 2251 ἐξομολογὴσονται
2966 2179 3014 2230 οἱ
3060 2178 3323 2252 οἶνθρωποι
3373 2173 3467 2228 διὰ
3520 2178 3686 2248 ἱερέων
3727 2178 3775 2228 ἓν
3805 2195 3905 2228 τα-

522 2267 635 2337 geli
662 2266 970 2332 dixissent,
1013 2267 1359 2338 repulerunt
1400 2268 1592 2323 malos
1634 2268 1895 2339 spiritus,
1936 2275 1988 2322 et
2019 2268 2132 2321 sici

2297 2273 2537 2320 πεινώσει
2586 2267 2744 2338 πολλῇ
2797 2272 2886 2318 καὶ
2949 2266 3220 2337 στεναγμῷ
3274 2265 3325 2328 ἕξ
3364 2266 3484 2327 ὅλης
3527 2261 3754 2338 καρδίας
3809 2265 3905 2317 αῦ-

520 2356 638 2422 1inc
669 2354 1090 2409 discesserunt.
1121 2357 1182 2409 Et
1211 2356 1461 2425 ingressi
1489 2362 1627 2412 sunt
1652 2357 1710 2412 in
1741 2363 1974 2428 portam
2016 2356 2130 2410 coel

2298 2367 2398 2408 τῶν
2436 2362 2526 2408 καὶ
2555 2359 2847 2408 παύσονται
2885 2364 2983 2407 τῶν
3015 2365 3249 2427 πονηρῶν
3299 2354 3552 2428 πράξεων,
3594 2356 3619 2405 6
3678 2353 3903 2425 ἐλεήμων

523 2443 795 2499 Liberata
822 2451 908 2498 est
946 2450 1144 2499 autem
1185 2450 1239 2500 et
1279 2445 1426 2500 haec
1465 2445 1670 2502 anima
1700 2461 1733 2501 a
1769 2443 1941 2501 malis
1976 2444 2133 2516 spirit

2300 2451 2430 2508 Θεὸς
2479 2446 2537 2498 ού
2585 2445 2874 2516 λογίζεται,
2938 2447 3031 2505 τὰς
3085 2444 3341 2517 ἁμαρτίας
3387 2442 3683 2516 κρύψαντας
3739 2444 3782 2477 τί
3845 2445 3903 2493 τὸ

519 2531 635 2588 bus
667 2532 947 2597 malitiae,
981 2540 1038 2588 et
1065 2532 1307 2589 inventa
1338 2541 1426 2590 est
1455 2534 1663 2589 salutis
1698 2535 1994 2606 particeps
2025 2550 2129 2604 apt

2302 2533 2474 2588 δοκεῖν
2517 2534 2617 2587 ἀπὸ
2667 2541 2800 2587 Θεοῦ
2845 2539 2934 2585 καὶ
2972 2533 3264 2604 ἀνθρώπου,
3319 2535 3512 2592 πάντας
3561 2530 3750 2592 αὐτούς
3787 2536 3905 2604 κρί-

529 2625 734 2688 Deum,
766 2623 870 2694 qui
900 2622 1090 2678 salvat
1120 2628 1454 2678 creaturam
1485 2640 1679 2678 suam.
1713 2626 1779 2679 Et
1815 2639 1950 2679 ecce
1984 2637 2139 2677 rursr

2300 2645 2374 2679 νει
2415 2626 2464 2659 ⁷⁸
2496 2625 2521 2676 6
2573 2628 2704 2684 Θεὸς
2731 2628 2820 2675 καὶ
2868 2622 3073 2694 ἐλέγχει
3116 2627 3206 2674 καὶ
3255 2617 3498 2684 ὀνειδίζει
3547 2626 3636 2672 καὶ
3678 2616 3746 2690 τῷ
3776 2624 3907 2694 πυρὶ

527 2709 648 2766 alia
672 2710 876 2766 anima
905 2726 1144 2766 sursum
1172 2710 1490 2778 ferebatur,
1519 2728 1675 2784 quae
1705 2717 1829 2768 erat
1859 2710 2137 2767 admodm

2305 2711 2585 2786 δοκιμάζει
2633 2713 2704 2774 εἰς
2757 2712 3121 2773 ἀτελευτήτους
3169 2710 3379 2766 αἰῶναν.
3428 2717 3592 2762 ταῦτα
3620 2711 3670 2761 οἱ
3698 2708 3912 2780 ἄγγελοι

526 2800 804 2871 religiosa
833 2816 902 2856 ac
945 2801 1160 2856 timens
1193 2803 1398 2866 Deum,
1437 2807 1637 2873 utpote
1678 2817 1833 2875 quae
1864 2800 2136 2872 eleemos;

2306 2805 2528 2864 εἰπόντες
2574 2807 2914 2874 κατίσχυσαν
2973 2803 3019 2836 ’⁷³
3088 2803 3153 2852 τὰ
3220 2803 3424 2874 πονηρὰ
3478 2802 3765 2871 πνεύματα,
3820 2802 3912 2850 καὶ

529 2906 670 2946 nam
699 2889 940 2960 largiter
967 2891 1024 2945 in
1048 2891 1166 2945 vita
1189 2907 1300 2946 sua
1337 2891 1740 2946 distribuerat.
1787 2891 2050 2946 llabebat
2091 2907 2139 2945 ai

2306 2895 2470 2954 οὕτως
2519 2890 2807 2950 διέστησαν
2863 2900 2962 2943 τῶν
3022 2888 3143 2955 ἐκεῖ,
3195 2895 3284 2942 καὶ
3331 2888 3568 2949 εἰσῆλθον
3595 2889 3662 2950 εἰς
3691 2893 3783 2946 την
3814 2891 3915 2941 πύ-

527 2985 650 3037 tem
688 2986 743 3036 et
781 2981 1088 3037 caritatem
1115 2996 1259 3050 erga
1284 2998 1497 3038 omnes
1541 2981 1840 3046 homines,
1875 2988 1929 3037 et
1961 2980 2134 3036 castit

2306 2984 2398 3042 λην
2438 2990 2528 3036 τοῦ
2577 2982 2818 3055 ούρανοῦ.
2877 2980 3190 3054 ἐλευθερώθη
3249 2976 3308 3032 δὲ
3363 2982 3452 3031 καὶ
3507 2978 3637 3035 αῦτη
3673 2981 3701 3037 ἡ
3752 2977 3913 3050 ψυχὴ

531 3073 648 3126 tem
689 3073 744 3127 et
781 3073 1180 3126 sanctitatem.
1213 3070 1535 3128 lnhiabant
1575 3087 1716 3126 vero
1756 3072 1808 3127 ei
1841 3071 2138 3126 daemone

2310 3070 2411 3124 ἀπὸ
2463 3080 2560 3124 τῶν
2600 3079 2835 3143 πονηρῶν
2881 3071 3186 3142 πνευμάτων
3237 3076 3327 3129 τῆς
3374 3087 3647 3142 πονηριας,
3688 3072 3774 3119 καὶ
3830 3069 3918 3120 εύο

535 3159 712 3231 290
736 3159 1015 3215 dentibus
1029 3160 1154 3215 suis
1167 3159 1508 3216 frendentes
1523 3159 1582 3216 in
1597 3177 1750 3216 eam.
1769 3160 1983 3215 Anima
1997 3163 2145 3215 aute]

2318 3163 2442 3234 ρέθη
2487 3165 2750 3233 σωτηρίας
2778 3166 3025 3231 τυχοῦσα
3071 3162 3213 3232 παρὰ
3243 3161 3375 3211 Θεοῦ
3415 3166 3505 3210 τοῦ
3563 3158 3823 3218 σώζοντος
3860 3159 3921 3209 τὸ

533 3249 1296 3320 contremebatconspicata
1309 3251 1680 3306 atrocitatem
1693 3254 1985 3314 eorum,et
1999 3248 2140 3304 conf

2311 3249 2530 3322 πλάσμα
2567 3249 2748 3306 αὑτοῦ.
2796 3253 2884 3299 καὶ
2921 3244 3037 3300 ἰδού
3069 3249 3117 3281 ’³⁸
3161 3247 3314 3300 πάλιν
3359 3246 3506 3321 ἑτέρα
3555 3246 3709 3318 ψυχὴ
3744 3245 3921 3318 ἀνεφέ-

534 3337 810 3407 giebatin
844 3337 1094 3392 brachia
1116 3337 1468 3406 angelorum
1498 3339 1615 3392 Dei.
1652 3339 1762 3402 Qui
1790 3353 1930 3392 vero
1953 3337 2144 3392 descel

2319 3357 2448 3400 οετο,
2505 3341 2620 3398 ἣτις
2657 3339 2704 3372 7⁵
2741 3334 2800 3395 ἧν
2853 3338 2986 3389 πάνυ
3031 3335 3251 3398 εὐλαϐὴς
3294 3340 3383 3388 καὶ
3433 3335 3720 3408 φοϐουμένη
3753 3336 3802 3369 ⁷⁵
3835 3339 3929 3387 τὸν

524 3426 759 3487 ,debant
798 3425 994 3493 angeli
1036 3434 1279 3496 propter
1315 3426 1462 3481 alias
1510 3426 1768 3488 animas,
1820 3430 2132 3481 occurrent

2322 3431 2455 3491 Θεὸν,
2488 3431 2581 3485 τὴν
2622 3425 2971 3497 ἐλεημοσύνην
3020 3425 3263 3497 ἰσχυρῶς
3317 3429 3401 3477 ἐπὶ
3434 3427 3570 3487 ζωῆς
3616 3425 3932 3476 πολιτευσα-

537 3529 671 3570 eam
699 3513 1062 3568 salutabant.
1085 3515 1324 3569 Factum
1362 3521 1450 3569 est
1483 3519 1681 3569 autem
1712 3531 1899 3586 quum
1935 3515 2140 3586 ingred

2318 3519 2434 3586 μένη
2461 3517 2529 3565 77.
2573 3512 2685 3586 εἷχε
2725 3512 2784 3568 δὲ
2815 3521 2904 3568 καὶ
2939 3513 3146 3587 ἀγάπην
3177 3518 3304 3588 πρὸς
3354 3517 3552 3574 πάντας
3601 3515 3928 3586 ἀνθρώπους,

535 3607 740 3660 rentur
765 3602 1221 3672 angeliianuam
1249 3604 1416 3669 coeli,
1445 3609 1708 3658 tenentes
1736 3610 2007 3660 sanctam
2039 3603 2145 3658 illa;

2317 3604 2518 3676 ἀγνείαν
2563 3624 2616 3657 τε
2671 3609 2760 3657 καὶ
2812 3612 3120 3676 σεμνότητα.
3179 3602 3511 3677 ἐνεϐρυκούτο
3567 3604 3614 3638 ⁷⁸
3669 3599 3727 3655 δὲ
3788 3603 3927 3676 αὐτῇ

539 3694 827 3756 animam,
845 3692 1088 3747 obviam
1109 3700 1396 3748 venerunt
1421 3708 1632 3748 omnes
1665 3698 1988 3764 potestates
2014 3692 2149 3749 coel.

2325 3695 2362 3745 2i
2407 3690 2649 3766 δαίμονες
2698 3693 2961 3767 τρίζοντες
3007 3696 3125 3754 τοὺς
3185 3689 3404 3754 ὀδόντας
3450 3692 3619 3744 αὐτῶν
3665 3691 3781 3743 κατ’
3830 3691 3935 3744 αῦ-

539 3799 693 3848 rum,
719 3786 776 3838 et
801 3781 1267 3838 consalutabant
1291 3798 1421 3838 eam
1440 3783 1774 3852 gaudentes
1796 3799 1865 3838 ac
1893 3783 2149 3840 dicentes

2321 3792 2424 3845 τῆς.
2466 3785 2496 3842 ἠ
2529 3780 2587 3836 δὲ
2625 3782 2779 3854 ψυχὴ
2827 3785 3030 3856 ἕτρεμεν
3061 3783 3239 3855 ὁρῶσα
3268 3785 3360 3839 τὴν
3402 3780 3692 3855 ἀγριότητα
3729 3780 3931 3847 αὐτῶν,

541 3872 732 3931 Gloria
762 3872 885 3938 tibi,
918 3875 1087 3938 Deus,
1121 3871 1285 3944 quod
1309 3871 1619 3942 redempta
1650 3878 1737 3929 est
1799 3872 1944 3928 haec
1998 3874 2151 3929 anim

2323 3877 2402 3925 mi
2445 3892 2770 3926 συνεστασαν
2825 3873 2895 3935 εἰς
2964 3873 3053 3931 τάς
3111 3869 3346 3942 ἀγκάλας
3394 3878 3492 3922 τῶν
3543 3869 3766 3943 ἀγγέλων
3827 3879 3933 3922 τοῦ

541 3963 618 4020 ab
644 3964 764 4019 ima
789 3963 1062 4033 voragine
1090 3966 1145 4016 et
1175 3961 1252 4016 ab
1284 3960 1583 4017 horrendo
1615 3961 1898 4018 dracone.
1931 3965 2151 4034 thuai

2323 3972 2486 4017 Θεοῦ·
2523 3965 2571 4016 οἱ
2621 3960 2680 4016 δε
2721 3960 3347 4034 κατερχόμενοιδοῖγγελοι
3375 3959 3455 4013 ἐπὶ
3505 3959 3682 4032 ἑτέρων
3728 3959 3933 4032 ψυχῶν

543 4058 672 4109 tum
700 4051 1112 4107 ascendebant
1137 4066 1402 4115 sursum,
1427 4055 1591 4106 tanto
1613 4052 1807 4120 magis
1827 4051 2153 4123 congratuli

2322 4061 2739 4114 συναπαντῶντες
2797 4051 3098 4112 ἠσπάζοντο
3155 4049 3343 4109 αὐτην.
3395 4052 3587 4122 ἐγένετο
3638 4046 3696 4102 δὲ
3751 4048 3802 4102 ἐν
3851 4060 3932 4121 τῷ

542 4141 761 4196 bantur
782 4156 914 4195 eam
958 4155 1169 4194 omnes
1217 4139 1455 4194 ordines
1496 4139 1812 4210 spirituum
1842 4139 2063 4195 laetitia
2110 4156 2152 4209 gi

2322 4143 2554 4195 εἰσελθεῖν
2604 4145 2725 4202 τοὺς
2779 4140 3028 4213 ἀγγέλους
3081 4139 3153 4202 εἰς
3192 4143 3285 4198 τὴν
3341 4139 3508 4197 πύλην
3559 4146 3648 4192 τοῦ
3702 4137 3932 4211 ούρανοῦ

547 4229 810 4283 stientes.
842 4229 958 4282 Hoc
981 4229 1140 4281 enim
1157 4228 1462 4298 proprium
1489 4233 1936 4284 estsanctarum
1953 4233 2157 4300 potest:

2319 4235 2632 4301 κατέχοντας
2684 4232 2732 4264 7°
2777 4235 2869 4289 τὴν
2913 4230 3067 4301 ἁγίαν
3122 4227 3319 4288 ἐκείνην
3361 4228 3570 4301 ψυχήν,
3613 4227 3929 4287 ἀπήντησαν

545 4321 694 4380 tum,
726 4316 886 4387 quod
909 4315 1205 4370 laetantur
1219 4321 1275 4369 et
1291 4315 1590 4370 exsultant
1605 4315 1678 4369 de
1695 4332 2058 4388 unaquaque
2081 4333 2155 4371 an

2323 4324 2481 4370 πᾶσαι
2525 4321 2579 4371 αἱ
2629 4315 2876 4392 δυνάμεις
2921 4328 3019 4371 τῶν
3084 4318 3329 4391 οὐρανῶν,
3379 4323 3469 4371 καὶ
3516 4318 3933 4378 κατησπάζοντο

550 4421 648 4460 ma
673 4419 829 4475 quae
860 4403 1143 4457 salvatur.
1175 4403 1282 4458 Ubi
1326 4419 1463 4458 vero
1512 4404 1885 4459 advenerunt
1931 4405 2005 4458 ad
2045 4405 2160 4460 tbrc

2321 4407 2476 4465 κύτην
2525 4416 2791 4482 χαίροντες
2835 4413 2924 4460 καὶ
2971 4408 3202 4480 λέγοντες
3235 4426 3247 4438 ⁸
3283 4405 3415 4470 δόξα
3455 4426 3557 4470 σοι,
3593 4405 3632 4459 ὦ
3663 4413 3810 4470 Θεός,
3842 4410 3931 4461 ὅτι

548 4465 712 4549 ωιτη⁵
736 4492 898 4547 illum
945 4491 1279 4547 radiantem
1307 4491 1529 4561 gloriae
1575 4494 1690 4557 Dei,
1725 4500 1779 4548 et
1804 4509 1934 4549 eam
1966 4494 2158 4549 beata:

2525 4465 2566 4478 ι..
2624 4465 2632 4482 .
2779 4465 2789 4468 -
3031 4465 3045 4480 .
3187 4465 3200 4470 -
3360 4465 3376 4470 -
3541 4465 3552 4470 -
3778 4465 3806 4470 η

2321 4496 2574 4571 ἐλυτρωθη
2615 4499 2642 4556 ἡ
2676 4497 2830 4568 ψυχή
2880 4497 3010 4556 αὕτη
3043 4496 3143 4549 ἀπὸ
3175 4495 3375 4569 βάθους
3408 4499 3711 4549 κατωτάτου
3742 4501 3835 4548 καὶ
3867 4496 3931 4549 ἐκ

549 4583 968 4655 praedicarunt
989 4582 1150 4652 apud
1180 4582 1410 4637 Patrem
1430 4598 1626 4646 suum,
1648 4589 1701 4637 et
1725 4581 1917 4638 effusa
1949 4591 2036 4638 est
2074 4600 2159 4653 gr:

2319 4594 2405 4637 τοῦ
2453 4585 2622 4639 δεινοῦ
2672 4583 3000 4660 δράκοντος·
3042 4585 3159 4638 καθ’
3190 4588 3310 4638 ὅσον
3352 4583 3410 4639 δὲ
3456 4585 3715 4639 ἀνέϐαινον
3747 4587 3795 4621 ⁸ο
3836 4585 3929 4638 ἐπὶ

549 4673 627 4728 tia
647 4673 745 4727 Dei
778 4681 832 4727 et
873 4673 1076 4740 Patris,
1103 4673 1315 4741 etipsa
1369 4678 1488 4727 tota
1536 4672 1759 4742 repleta
1824 4679 1910 4727 est
1959 4673 2159 4729 immm

2320 4679 2375 4727 τὰ
2421 4678 2546 4745 ἄνω,
2597 4685 2840 4729 τοσοῦτον
2891 4675 3379 4738 ἑπικατησπάζοντο
3417 4676 3580 4735 αὐτὴν
3621 4677 3792 4729 πάντα
3829 4678 3930 4728 τά·

550 4762 648 4819 tali
679 4762 903 4817 lumine
934 4768 986 4816 et
1020 4760 1302 4817 odoribus
1333 4766 1388 4815 et
1416 4761 1723 4816 suavitate.
1759 4763 1823 4815 Et
1865 4761 2079 4818 tradita
2119 4780 2160 4818 es

2319 4786 2492 4838 γματα
2582 4775 2680 4818 τῶν
2755 4765 3045 4838 ἀσωμάτων
3122 4765 3509 4838 ἀγαλλιώμενα·
3590 4773 3740 4818 τοῦτο
3816 4767 3929 4838 γὰρ

550 4851 812 4908 Michaéli
842 4850 1092 4922 principi
1134 4851 1486 4914 testamenti,
1521 4849 1623 4921 qui
1670 4849 1915 4905 duceret
1977 4867 2110 4907 eam
2143 4855 2158 4908 i

2320 4855 2531 4926 ἔχουσιν
2563 4857 2616 4908 αἱ
2643 4876 2790 4927 αγιαι
2823 4853 3091 4927 δυνάμεις,
3132 4859 3190 4907 τό
3220 4860 3430 4928 χαίρειν
3471 4860 3559 4908 καὶ
3599 4854 3930 4926 ἀγάλλεσθαι

550 4947 852 4995 aeternam
886 4940 1174 5010 requiem.
1209 4941 1274 4994 Et
1298 4954 1430 4993 ecce
1475 4937 1591 4993 alia
1617 4937 1822 4994 anima
1869 4939 2160 4998 ducebatu

2319 4944 2384 5016 ἐφ’
2439 4943 2629 5018 ἑκάστη
2677 4944 2829 5016 ψυχῇ
2885 4945 3150 5016 σωζομένη
3185 4961 3197 4973 ·
3227 4945 3309 4997 ὅτε
3342 4941 3400 4998 δε
3449 4946 3678 5016 ἔφθασαν
3729 4943 3801 5005 εἰς
3833 4947 3929 4996 τὸν

551 5045 586 5084 a
611 5028 1013 5085 daemonibus
1028 5043 1236 5100 aspere
1250 5028 1324 5084 ad
1346 5025 1589 5082 inferos.
1621 5027 1968 5086 Eratautem
2000 5046 2161 5102 operi

2317 5035 2491 5106 θρόνον
2523 5033 2709 5086 ἐκεῖνον
2739 5038 2826 5086 τόν
2853 5032 3105 5106 ἀστραῖον
3138 5034 3180 5070 ⁸1
3212 5042 3304 5096 τῆς
3328 5030 3489 5098 δόξης
3518 5041 3610 5086 τοῦ
3639 5039 3796 5098 Θεοῦ,
3830 5037 3927 5085 καὶ

1881 5173 2145 5229 VARIAE
2186 5174 2476 5233 LECTION
2487 5177 2588 5232 ES.

624 5307 668 5383 εξ
703 5303 890 5367 Coni.,
944 5302 1084 5383 _cod_.
1123 5305 1204 5383 2'5.
1283 5305 1444 5383 31E}
1474 5306 1654 5369 coni.,
1697 5309 1829 5383 cod.
1875 5303 2498 5383 e’vé‘pzpiaépevot._
2552 5309 2736 5383 65Sic.
2775 5308 2909 5364 cod.
2988 5308 3435 5383 f‘Corr_.,_cod.
3484 5308 3920 5383 ἐργαζομένη.

518 5379 524 5388 ³
554 5378 596 5410 οῖ
629 5378 814 5454 Qorr.,
851 5375 983 5454 cod.
1035 5376 1224 5454 ἡμέες.
1303 5377 1348 5410 ⁸⁸
1384 5375 1578 5454 Corr.,_
1602 5375 2013 5454 cod.:§pszc.'_
2078 5375 2128 5415 '69
2163 5375 2452 5454 Exi'cgniq
2487 5381 2544 5435 in
2595 5381 2799 5454 codice
2838 5396 2954 5436 vox
2985 5381 3138 5454 lectu
3182 5380 3436 5437 difﬁcilis
3467 5375 3577 5437 est.
3653 5381 3698 5421 ⁷ο
3727 5375 3921 5454 Corn,

555 5447 686 5502 cod.
716 5465 827 5525 περ-ε
850 5452 1000 5525 {una
1053 5448 1235 5525 ’[χΕι.
1268 5449 1447 5525 copi.2
1471 5451 1604 5504 cod.
1638 5447 1899 5525 κρύψας
1943 5451 2162 5511 αύτάς.
2239 5451 2484 5525 ἶέϐοιυιη,
2515 5451 2937 5525 οοάηκριίνει.
3014 5455 3061 5489 ⁷⁸
3093 5453 3172 5508 Ex
3197 5454 3378 5521 coni.,
3404 5453 3536 5509 cod.
3565 5457 3728 5510 κοιτή
3751 5447 3916 5525 σχηξ

557 5538 702 5598 σαν.
885 5515 1026 5598 Ορἀ.
1063 5515 1229 5572 ἴδον.
1311 5521 1355 5554 ’³⁵
1404 5515 1735 5598 Exmonil,
1779 5515 1919 5598 ὁρᾶ.
1965 5525 2019 5574 εἴ
2057 5542 2179 5583 τις.
2254 5523 2303 5558 ⁷⁸
2353 5523 2525 5598 Οράζ
2554 5515 2939 5598 φοϐουμᾳένα.
3019 5527 3085 5598 777
3127 5525 3269 5581 Cod.
3319 5515 3909 5598 πόλητευσαμέῖα.

554 5592 600 5625 ⁷⁸
635 5589 775 5645 Cod.
810 5589 1325 5666 ἓνεϐρυκοῦντο.
1404 5593 1450 5627 ⁷9
1495 5594 1679 5655 Corr.,
1716 5593 1849 5648 cod.
1883 5613 1914 5644 κ
1944 5598 2327 5666 ατέχοντες.
2409 5595 2456 5630 ⁸⁰
2488 5589 2632 5653 Cdd.
2676 5589 2992 5652 ἀνέϐενον.
3071 5597 3112 5633 ⁸³
3149 5599 3231 5653 ΕΣ
3253 5597 3436 5664 coni.,
3468 5597 3529 5654 in
3560 5589 3770 5654 codice
3791 5597 3917 5656 lite-

513 5663 520 5671 ’
554 5677 654 5724 rae
681 5681 782 5714 αστ
814 5667 1040 5719 tantum
1067 5667 1228 5720 certo
1257 5663 1712 5734 dignoscuntur.
