4088 6192
563 288 665 345 231

554 418 810 470 tractum
858 427 997 468 cum
1052 412 1321 469 stridore.
1350 414 1471 469 Hoc
1516 416 1716 469 autem
1769 411 2017 478 faciunt,
2048 415 2131 477 ut,
2164 408 2212 465 si

2322 414 2623 483 παρεμφερῆ

554 502 800 559 insitum
826 501 1029 558 calvae
1061 501 1321 558 calorem
1355 501 1433 559 ad
1466 517 1529 557 se
1566 502 1729 574 ipsos
1758 502 2059 566 traxerint,
2089 499 2213 572 pal-

553 593 774 664 pebrae
796 591 1049 647 humore
1093 591 1341 648 demum
1372 597 1430 648 et
1482 592 1702 663 frigore
1754 592 2051 647 relaxatae
2103 590 2212 646 cir-

553 678 1682 752 cumﬂuantpupillisoculorum.Quare
1697 680 2017 753 palpebras
2030 694 2211 751 saepe

552 769 600 823 si
654 769 1037 833 contrectavi,
1065 770 1265 825 inveni
1313 770 1506 826 iustar
1536 768 1792 841 crystalli
1838 774 2208 840 compactas,

553 862 862 929 totamque
879 858 1091 914 faciem
1115 859 1333 914 mortui
1358 859 1613 915 similem
1631 864 1686 915 et
1703 858 2035 915 horridam.
2054 862 2211 913 Atta-

553 962 693 1003 men
716 963 967 1004 somnus
997 947 1286 1004 naturalis
1312 964 1566 1021 corpora
1592 948 1877 1013 calefacit,
1898 963 2183 1004 sanorum

551 1051 670 1108 que
699 1035 892 1091 vultus
921 1035 1140 1092 nitidos
1161 1036 1378 1102 reddit,
1402 1038 1566 1110 quod
1598 1038 1730 1110 ipsa
1753 1051 2000 1110 quoque
2030 1051 2209 1109 expe-

549 1124 765 1181 rientia
793 1124 1101 1180 discimus.
1159 1126 1273 1182 Sed
1302 1124 1384 1180 illi
1416 1129 1624 1181 contra
1665 1131 1948 1181 naturam
1985 1140 2056 1180 ex
2107 1139 2209 1181 ore

552 1214 808 1269 nimium
824 1214 1080 1270 distento
1099 1215 1513 1271 oscitationem
1529 1213 1815 1281 efﬁciunt,
1833 1219 2115 1271 attenuan
2125 1221 2209 1269 tes

552 1318 630 1366 se,
660 1308 717 1359 et
747 1303 1027 1359 interiora
1057 1304 1177 1359 oris
1213 1310 1596 1375 occupantes.
1628 1305 1746 1373 Ego
1783 1305 2027 1375 quidem
2058 1318 2211 1359 non-

550 1390 698 1448 dum
724 1391 839 1448 hoc
887 1392 1163 1458 intellexi,
1196 1394 1307 1448 etsi
1353 1408 1643 1465 persaepe
1692 1409 1910 1463 passus
1952 1393 2066 1448 sim
2098 1409 2112 1457 ;
2150 1396 2205 1447 at

552 1486 827 1536 sanctum
848 1482 1167 1538 Macarium
1194 1482 1395 1537 audivi
1430 1482 1504 1537 de
1532 1481 1649 1537 hoc
1671 1481 1814 1537 mihi
1838 1480 2204 1553 loquentem,

550 1571 654 1642 qui
680 1568 759 1625 ad
788 1585 914 1625 rem
945 1570 1325 1642 probandam
1352 1570 1940 1627 attulitoscitantium
1958 1585 2209 1625 consue-

549 1659 841 1723 tudinem,
856 1673 925 1714 os
946 1660 1117 1728 signo
1145 1659 1337 1714 crucis
1351 1659 1748 1715 muniendiex
1762 1658 2083 1715 traditione
2105 1674 2210 1714 an-

1401 287 1508 343 SS.
1554 282 2052 343 MACARIORUM
2090 280 2427 342 AEGYPTII
2468 276 2556 338 ET
2595 280 3082 339 ALEXANDRINI

3815 284 3925 342 232

2677 426 2692 440 ·
2757 408 2867 460 ὅθεν
2910 411 3002 461 καὶ
3072 408 3137 467 ὡς
3174 407 3275 459 ⁹ιπό
3335 409 3520 470 σικύας
3572 406 3926 482 αἰσθανόμεθα

2320 504 2410 559 τῆς
2490 495 2714 568 κεφαλῆς
2766 496 3040 569 ἑλκομένης
3115 499 3245 568 μετά
3316 503 3564 571 τρισμοῦ.
3644 504 3795 551 τοῦτο
3866 496 3926 553 δι

2320 592 2581 651 ποιοῦσιν,
2635 588 2718 637 ἱνα
2744 590 2836 643 τὴν
2887 584 3278 658 ἐναποκειμένην
3308 584 3379 657 τῷ
3408 590 3601 658 κρανίῳ
3634 588 3924 659 θερμότητα

2319 678 2449 746 πρός
2502 674 2711 735 ἑαυτοὺς
2762 674 3115 747 ἐπισπώμενοι
3167 676 3267 728 ὑπό
3327 684 3418 736 τῆς
3474 676 3757 750 ὑγρότητος
3817 677 3923 730 λοι-

2320 767 2414 815 πὸν
2444 768 2535 815 καὶ
2580 763 2925 836 ψυχρότητος
2975 764 3313 836 χαλασθέντα
3350 766 3417 816 τὰ
3464 762 3718 838 βλέφαρα,
3744 766 3922 842 περιῤ-

2317 853 2415 927 ῥυῇ
2474 860 2585 913 ταῖς
2620 860 2805 925 κόραις
2842 862 2941 906 τῶν
2992 853 3287 925 ὀφθαλμῶν.
3347 851 3592 915 πολλάκις
3639 862 3763 925 γοῦν
3817 855 3922 926 ψη-

2320 944 2575 1013 λαφήσας,
2624 942 2903 996 κατέλαϐον
2959 939 3116 1002 δίκην
3175 942 3502 1016 κρυστάλλου
3552 948 3824 1015 πεπηγότα
3860 948 3927 999 τόι

2320 1030 2574 1106 βλέφαρα,
2644 1036 2739 1091 τὴν
2800 1030 2859 1086 δὲ
2934 1033 3054 1104 ὄψιν
3105 1037 3400 1105 νενεκμένην
3459 1032 3579 1091 ὅλην
3630 1038 3721 1086 καὶ
3774 1039 3926 1107 φρίσ-

2321 1139 2518 1173 σουσαν
2548 1138 2561 1152 ⁶
2606 1126 2776 1175 καίτοι
2825 1123 2851 1174 ό
2912 1125 3137 1194 φυσικός
3182 1123 3335 1184 ὕπνος
3383 1124 3671 1197 θερμαίνειν
3712 1125 3803 1196 μὶν
3860 1126 3925 1177 τὰ

2321 1215 2543 1282 σώματα
2593 1214 2805 1283 πέφυκε,
2860 1215 2949 1263 καὶ
2999 1218 3100 1263 τῶν
3153 1212 3487 1282 ὑγιαινόντων
3529 1214 3618 1275 τὰς
3667 1211 3812 1283 ὄψεις
3841 1211 3926 1265 ἀνα

2321 1301 2485 1375 θηρὰς
2539 1299 2886 1375 ἀπεργάζεται
2919 1321 2933 1335 ο
2962 1303 3033 1364 ὡς
3062 1304 3171 1355 ἔστι
3218 1307 3308 1354 καὶ
3354 1300 3442 1354 ἀπ’
3486 1302 3651 1365 αὐτῆς
3680 1311 3774 1365 τῆς
3812 1308 3924 1367 πείς

2315 1408 2412 1464 ρας
2458 1391 2678 1461 μαθεῖν·
2730 1393 2824 1452 τὰς
2869 1388 2928 1443 δὲ
2980 1394 3122 1463 παρά
3197 1394 3353 1463 φύσιν
3407 1396 3496 1444 καὶ
3546 1387 3925 1464 διατεταμένα-

2318 1481 2512 1551 χάσμα
2557 1488 2789 1546 ποιοῦσι,
2846 1480 3173 1541 λεπτύνοντες
3224 1479 3440 1543 ἑαυτοὺς
3488 1486 3578 1534 καὶ
3633 1490 3734 1534 τῶν
3772 1478 3923 1535 ἔνδον

2319 1575 2408 1620 τοῦ
2450 1574 2702 1642 στόματος
2742 1571 3083 1643 ἐφαπτόμενοι
3116 1590 3129 1603 ο
3158 1568 3287 1622 ἀλλά
3324 1576 3472 1623 τοῦτο
3514 1573 3604 1641 μὲν
3631 1570 3731 1643 ἐγὼ
3761 1575 3926 1645 μέχρι

2317 1664 2409 1717 τῆς
2458 1663 2683 1733 σήμερον
2732 1659 2827 1711 οὐκ
2875 1660 3086 1724 ἐνόησα,
3135 1663 3305 1712 καίτοι
3351 1659 3595 1721 πολλάκις
3649 1660 3776 1712 αὐτό
3834 1679 3926 1713 πε-

551 1745 716 1817 tiqua
758 1746 1198 1803 immemoriali.
1232 1749 1502 1804 Ceterum
1541 1747 1749 1803 omnia
1785 1746 1885 1803 illa
1919 1747 2201 1819 patimur,
2236 1768 2242 1818 ι

2318 1748 2517 1809 πονθώς
2552 1763 2565 1778 ⁶
2625 1768 2716 1800 του
2774 1744 2833 1801 δὲ
2882 1747 3035 1819 ἁγίου
3075 1752 3351 1821 Μακαρίου
3397 1752 3603 1807 ἥκουσα
3643 1754 3791 1801 τοῦτό
3828 1769 3923 1821 μοι

546 1834 929 1907 quialectioni
944 1851 1065 1891 non
1081 1835 1435 1892 attendimus
1452 1836 1901 1908 vigilanter,neq
1912 1852 1981 1892 ue
1998 1841 2207 1892 sancta

549 1923 650 1979 Dei
675 1924 783 1977 vivi
808 1923 1047 1995 eloquia
1074 1940 1185 1981 nos
1214 1924 1408 1997 legere
1424 1925 1602 1981 nobis
1623 1925 1847 1980 conscii
1880 1941 2117 1981 sumus.

2318 1835 2654 1899 λελαληκότος
2711 1842 2801 1890 καὶ
2853 1836 2919 1898 εἰς
2968 1833 3239 1901 ἀπόδειξιν
3273 1842 3520 1912 φέροντος,
3564 1845 3655 1890 τοῦ
3697 1843 3924 1911 σφραγί·

2321 1925 2426 1986 ζειν
2472 1929 2593 1988 τοὺς
2653 1930 3035 1999 χασμωμένους
3090 1930 3149 1979 τὸ
3228 1932 3417 1998 στόμα,
3491 1930 3626 1980 κατά
3685 1926 3921 2000 ἀρχαίαν

547 2008 847 2087 παράδοσιν
876 2012 1116 2087 ἄρρηνον.
1148 2021 1316 2067 ταῦτα
1345 2010 1403 2067 δι
1429 2017 1598 2067 πάντα
1626 2016 1905 2088 πάσχομεν
1928 2010 2023 2068 διὰ
2048 2016 2104 2067 τὸ
2132 2016 2205 2085 μὴ
2236 2019 2518 2089 προσέχειν
2550 2021 2809 2087 νηφόντως
2847 2017 2987 2088 ἡμᾶς
3012 2024 3073 2089 τῇ
3110 2014 3417 2089 ἀναγνώσει,
3444 2013 3583 2090 μηδὲ
3612 2019 3918 2089 μεμνῆσθαιι

547 2103 629 2155 ὅτι
661 2102 814 2174 λόγια
843 2110 975 2156 Θεοῦ
1009 2104 1197 2165 ζῶντος
1228 2103 1668 2177 ἀναγινώσκομεν.

619 2196 673 2247 2.
702 2192 1028 2265 Aegyptius
1059 2209 1239 2249 senex
1274 2196 1583 2260 Macarius,
1616 2209 1723 2250 vas
1754 2192 1897 2249 illud
1925 2193 2200 2263 electum,

548 2280 1064 2351 interrogavitme,
1088 2299 1273 2354 quam
1291 2283 1369 2339 ob
1392 2299 1643 2339 causam
1665 2288 2047 2355 acceptarum
2075 2282 2203 2355 qui-

546 2370 687 2426 dem
698 2371 776 2426 ab
788 2371 1135 2427 hominibus
1149 2371 1508 2442 injuriarum
1522 2372 1963 2427 reminiscendo
1979 2387 2203 2427 memo-

545 2460 669 2516 riae
699 2460 820 2516 vim
850 2475 921 2516 ac
959 2458 1301 2516 facultatem
1330 2464 1389 2516 in
1419 2461 1623 2517 animo
1655 2477 2200 2534 corrumperemus,

546 2554 824 2621 acceptas
854 2565 991 2605 vero
1049 2565 1086 2606 a
1131 2548 1530 2606 daemonibus
1574 2550 1822 2620 injurias
1878 2551 2203 2607 memoriae

546 2637 1044 2694 commendantes
1097 2637 1286 2694 illaesi
1336 2654 1739 2695 maneremus.
1767 2640 2035 2711 Cumque
2090 2654 2203 2710 ego

546 2726 942 2784 haesitassem
970 2726 1217 2799 ignarus
1246 2727 1392 2800 quid
1406 2727 1898 2800 respondendum
1911 2734 2091 2798 esset,
2107 2744 2205 2800 pe-

549 2816 893 2888 tiissemque
928 2816 1006 2873 ab
1036 2816 1158 2882 illo,
1188 2822 1250 2873 ut
1283 2817 1414 2889 ipse
1457 2816 1601 2873 mihi
1655 2818 1782 2873 eius
1811 2818 1895 2873 rei
1953 2833 2204 2874 causam

2382 2198 2434 2249 2.
2488 2193 2759 2268 Ἠρώτησέ
2813 2214 2877 2265 με
2929 2198 2987 2248 τό
3056 2202 3240 2258 σκεῦος
3296 2203 3388 2258 τῆς
3440 2195 3651 2267 ἐκλογῆς
3688 2197 3712 2247 ὀ
3753 2195 3923 2266 Αἰγύο

2312 2302 2457 2344 πτιος
2503 2288 2666 2357 γέρων
2732 2287 3003 2359 Μακάριος
3056 2301 3069 2314 ⁸
3123 2289 3176 2337 τί
3229 2282 3428 2343 δήποτε
3478 2292 3922 2356 μνησικακοῦντες

2311 2374 2401 2443 μὲν
2444 2379 2549 2433 τοῖς
2604 2370 2889 2447 ἀνθρώποις
2950 2377 3037 2431 τὴν
3089 2377 3502 2445 μνημονευτικὴν
3548 2370 3769 2443 δύναμιν
3821 2382 3921 2437 τῆς

2309 2459 2498 2532 ψυχῆς
2547 2459 2879 2534 ἀφανίζομεν,
2934 2458 3157 2535 δαίμοσι
3197 2460 3255 2515 δὲ
3285 2470 3724 2535 μνησικακοῦντες
3757 2462 3922 2517 ἀϐλα-

2312 2548 2416 2611 ϐεῖς
2458 2545 2767 2623 διαμένομεν
2798 2567 2811 2617 ;
2845 2550 3016 2624 κάμοῦ
3066 2555 3193 2626 πρὸς
3245 2556 3338 2610 τὴν
3384 2551 3662 2625 ἀπόκρισιν
3718 2550 3921 2625 ἀπορή-

2316 2658 2520 2706 σαντος,
2573 2646 2660 2693 καὶ
2695 2640 3113 2714 παρακαλοῦντος
3160 2645 3244 2695 τὸν
3288 2641 3438 2714 λόγον
3491 2644 3670 2714 μαθεῖν
3701 2660 3713 2671 ’
3749 2639 3916 2709 διότι,

2314 2732 2472 2800 φησὶν
2523 2727 2730 2794 ἐκεῖνος,
2786 2733 2844 2782 τό
2891 2732 2982 2802 μὲν
3040 2734 3287 2805 πρότερον
3340 2733 3483 2804 παρά
3533 2735 3707 2803 φύσιν,
3750 2734 3807 2784 τὸ
3859 2729 3919 2785 δέ

2317 2813 2553 2891 δεύτερον
2586 2821 2722 2871 κατὰ
2762 2822 2916 2892 φύσιν
2948 2819 3061 2873 ἐστὶ
3090 2828 3182 2873 τοῦ
3210 2822 3376 2893 θυμοῦ

544 2910 900 2977 exponeret:
936 2906 1108 2974 Quia,
1127 2906 1338 2979 inquit,
1373 2907 1536 2979 prior
1564 2906 1811 2980 quidem
1833 2904 2065 2963 affectio
2096 2912 2305 2963 contra
2327 2913 2623 2975 naturam,
2649 2908 2941 2980 posterior
2975 2924 3115 2966 vero
3146 2910 3479 2966 secundum
3507 2908 3693 2966 animi
3725 2913 3907 2967 natu-

547 3010 679 3053 ram
706 3000 815 3051 est.

616 3088 670 3141 3.
702 3082 936 3141 Accessi
967 3085 1098 3157 ipso
1128 3083 1357 3142 fervido
1391 3083 1635 3141 meridie
1667 3084 1745 3141 ad
1776 3088 2054 3141 sanctum
2100 3100 2205 3158 pa-
2234 3094 2242 3133 4

2375 3084 2427 3140 3.
2481 3084 2777 3161 Παρέϐαλον
2832 3085 2949 3138 κατ’
3003 3086 3165 3145 αὐτὴν
3223 3091 3317 3147 τὴν
3386 3088 3639 3161 σταθερὰν
3700 3106 3918 3161 μεσημ-

546 3178 695 3230 trem
709 3176 1051 3243 Macarium,
1065 3180 1121 3231 et
1136 3174 1227 3229 siti
1242 3175 1625 3230 vehementer
1637 3190 1964 3247 oppressus
1977 3190 2201 3246 aquam

543 3264 685 3336 petii
717 3264 794 3320 ad
820 3263 1173 3319 bibendum.
1208 3265 1259 3319 Is
1289 3269 1490 3319 autem
1524 3263 1802 3328 :Umbra,
1830 3264 2041 3336 inquit,
2064 3279 2202 3319 con-

543 3358 740 3409 tentus
769 3356 915 3408 esto.
950 3351 1104 3409 Multi
1133 3352 1313 3418 enim,
1346 3352 1450 3423 qui
1491 3367 1650 3407 nunc
1681 3352 1789 3407 iter
1830 3351 2053 3407 faciunt
2109 3350 2202 3408 vel

543 3441 1037 3510 navigant,etiam
1049 3440 1228 3495 huius
1251 3445 1454 3495 carent
1482 3439 1713 3497 solatio.
1726 3441 1864 3496 Dein
1882 3440 2200 3513 disputanti

543 3528 691 3585 mihi
722 3536 779 3585 et
803 3529 877 3585 de
905 3528 1267 3585 abstinentia
1291 3544 1430 3585 cum
1455 3545 1526 3585 eo
1558 3528 1882 3585 conferenti
1900 3546 1911 3585 :
1930 3530 2195 3593 Conﬁde,

542 3618 758 3691 inquit,
785 3618 864 3674 ﬁli
892 3641 911 3688 ,-
941 3624 1093 3674 totos
1125 3619 1327 3689 viginti
1359 3633 1551 3674 annos
1582 3634 1776 3691 neque
1804 3634 1959 3691 pane
2003 3634 2197 3690 neque

540 3724 828 3781 aquaneq
838 3724 907 3764 ue
922 3723 1138 3764 somno
1152 3724 1295 3763 usus
1320 3724 1456 3763 sum
1471 3706 1548 3763 ad
1562 3708 1914 3764 satietatem.
1933 3711 2077 3765 Nam
2096 3724 2197 3781 pa-

539 3812 680 3854 nem
695 3814 896 3854 meum
918 3804 1080 3853 certo
1105 3797 1372 3869 pondere
1384 3797 1639 3865 comedi,
1654 3813 1878 3871 aquam
1892 3798 2019 3853 bibi
2036 3803 2195 3854 certa

538 3904 841 3955 mensura,
862 3904 934 3945 ac
958 3887 1153 3945 somni
1168 3889 1446 3959 exiguam
1461 3894 1692 3961 partem
1706 3887 2031 3945 suffuratus
2056 3904 2192 3944 sum

536 3978 887 4037 inclinanda
917 3992 1015 4035 me
1045 3978 1123 4035 ad
1148 3978 1427 4051 parietes.

2305 3172 2454 3248 ϐριαν
2510 3183 2582 3246 τῷ
2634 3176 2765 3248 ἁγίῳ
2808 3180 2971 3249 πατρὶ
3024 3182 3300 3250 Μακαρίῳ,
3355 3181 3447 3229 καὶ
3499 3177 3611 3229 λίαν
3668 3179 3768 3230 ὑπό
3816 3187 3918 3241 τῆς

2305 3259 2471 3334 δίψης
2517 3264 2824 3336 γλεγόμενος
2867 3269 3022 3324 ἦτουν
3078 3262 3222 3338 ὕδωρ
3294 3272 3448 3321 πιεῖν.
3510 3267 3536 3319 ὁ
3591 3262 3651 3319 δέ
3698 3286 3866 3339 φησιν
3901 3286 3914 3299 ο

2304 3350 2591 3426 ἀρκέσθητι
2627 3360 2689 3426 τῇ
2746 3347 2907 3426 σκιᾷ·
2938 3354 3115 3407 πολλοὶ
3163 3357 3263 3429 γὰρ
3308 3363 3396 3407 νῦν
3440 3352 3838 3431 ὁδοιποροῦντες
3883 3358 3914 3416 ἡ

2301 3440 2532 3503 πλέοντες
2581 3449 2671 3495 καὶ
2734 3451 2930 3506 ταῦτης
2995 3442 3325 3518 έστέρηνται.
3393 3441 3504 3497 εἶτα
3567 3445 3753 3518 λόγους
3804 3465 3915 3518 μου

2300 3534 2426 3606 πρὸς
2482 3530 2637 3584 αὐτόν
2696 3537 2813 3605 περὶ
2871 3535 3174 3605 ἐγκρατείας
3234 3534 3583 3606 γυμνάζοντος
3621 3550 3636 3564 ⁸
3699 3536 3913 3609 θάρσει,

2302 3624 2480 3691 φησίν,
2516 3618 2555 3670 ὦ
2594 3623 2789 3685 τέκνον,
2848 3619 2896 3672 ἐν
2927 3621 3064 3682 ὅλοις
3120 3623 3286 3675 ἔτεσιν
3353 3626 3521 3677 εἴκοσι
3570 3626 3686 3676 οὔτε
3740 3624 3913 3695 ἄρτου

2299 3711 2415 3762 οὔτε
2466 3705 2662 3772 ὕδατος
2693 3713 2809 3763 οῦτε
2856 3709 3018 3763 ὕπνου
3073 3715 3224 3785 κόρον
3269 3711 3453 3785 εἴληφα
3493 3728 3506 3741 ⁸
3540 3716 3627 3765 τόν
3684 3715 3773 3785 μεν
3799 3714 3913 3787 γὰρ

2298 3798 2450 3870 οἶρτον
2489 3818 2589 3870 μου
2629 3800 2815 3858 ἤσθιον
2848 3798 3087 3873 σταθμῷ,
3120 3803 3178 3853 τὸ
3213 3797 3272 3855 δε
3324 3798 3467 3877 ὕδωρ
3508 3803 3676 3854 ἔπινον
3704 3804 3909 3875 μέτρῳ,

2296 3894 2406 3950 τοῖς
2436 3892 2642 3960 τοίχοις
2692 3885 2751 3941 δὲ
2806 3887 3029 3961 ἐμαυτόν
3068 3890 3415 3965 παρακλίνων,
3469 3894 3654 3966 μικρὸν
3705 3910 3756 3943 τι
3811 3899 3912 3944 τοῦ

2296 3977 2459 4029 ὕπνου
2487 3979 2641 4052 μέρος
2671 3978 2980 4050 ἀφήρπαζον
3010 3977 3115 4052 (ὁ).

2082 4104 2334 4160 NOTAE.

612 4229 695 4293 (a)
740 4225 826 4281 cr.
874 4224 1229 4299 Socrtllist.
1280 4208 1444 4299 Eccl.
1498 4225 1889 4299 ιίδδνίςᾳρ.
1944 4230 2011 4283 23
2043 4229 2189 4293 ;vv.

538 4296 641 4351 PP.
674 4299 895 4369 Rosw.,
926 4295 1028 4351 lib.
1056 4297 1112 4349 V.
1135 4296 1317 4352 libell.
1342 4298 1430 4362 10,
1460 4301 1525 4353 34
1556 4296 1696 4369 ;lib,
1728 4295 1981 4369 Yll'cap.
2016 4302 2103 4365 37,
2125 4302 2189 4367 4;

542 4368 877 4439 Sententiae
922 4372 1167 4437 Aegypt.
1216 4370 1315 4422 PP.
1352 4369 1412 4421 l5
1444 4367 2013 4439 :AApophthegmata
2055 4386 2101 4424 s.
2136 4387 2187 4425 v.

543 4438 1247 4511 Macan'usAegyptius,§
1275 4437 1497 4504 XXXVI,
1533 4437 1777 4496 Coteler.
1806 4440 1958 4496 Eccl.
1984 4442 2186 4498 Graec.

2182 4726 2255 4787 II.

2302 4229 2453 4284 Mon.
2486 4228 2546 4283 T.
2579 4228 2601 4282 l
2630 4242 2688 4285 ι).
2723 4226 2852 4285 546,

2327 4242 2601 4283 non.'1‘.1
2677 4268 2688 4280 .
2723 4242 2852 4285 540.

2327 4242 2789 4380 ’χωρίζῃ-ἔρρε.
2824 4298 3173 4380 Plist._AEccl.
3205 4298 3250 4358 l.
3290 4298 3334 4356 Ι.
3371 4318 3384 4370 ;
3418 4300 3532 4356 VV.
3564 4300 3669 4358 PP.
3704 4299 3909 4359 Rosw.

2298 4369 2403 4426 lib.
2438 4369 2527 4439 vr,
2558 4369 2719 4426 libell
2743 4371 2797 4438 ι,
2827 4371 2915 4429 47.
2961 4370 3045 4427 l8.

1390 4868 2079 4933 APOPHTHEGMATA
2122 4869 2393 4935 SANCTI
2436 4869 2755 4933 MACARII
2800 4872 3052 4935 MAGNI

2008 5012 2420 5095 [AEGYPTII‘I

1817 5169 1858 5215 Δ
1886 5168 2076 5216 PETRO
2124 5167 2369 5218 POSSINO
2415 5167 2621 5217 EDITA.

1253 5287 1393 5342 Petri
1422 5288 1632 5342 Possint
1650 5288 1955 5343 Thesaurus
1980 5291 2261 5350 asceticus.
2293 5290 2506 5343 Parisiis
2535 5291 2676 5349 1684,
2704 5292 2776 5348 4ο,
2809 5306 2863 5356 p.
2898 5292 2991 5343 2&3
3020 5304 3144 5358 sqq.

607 5589 859 5656 Quidam
886 5604 917 5646 e
956 5585 1237 5644 fratribus
1281 5586 1664 5657 interrogavit
1701 5588 2020 5645 Macarium
2058 5603 2183 5645 ma-
2212 5621 2258 5677 Β

533 5695 722 5754 gnum
736 5678 1038 5744 abbatem,
1053 5676 1392 5750 exquirens,
1412 5690 1712 5751 quaenam
1731 5683 1902 5745 esset,
1918 5678 2183 5751 etinquo

2608 5587 2861 5663 Ἀδελφός
2928 5590 3167 5665 ἠρώτησε
3241 5592 3330 5643 τόν
3380 5588 3544 5644 ἀϐϐἄν
3622 5592 3910 5667 Μακάριόν

2294 5680 2379 5733 τόν
2421 5683 2605 5753 μέγαν,
2663 5678 2822 5753 λέγων
2874 5683 2991 5759 περὶ
3051 5679 3370 5746 τελειότητος
3400 5698 3415 5715 ο
3466 5685 3557 5735 καὶ
3588 5679 3912 5756 ἀποκριθεὶς
