4078 6194
196 309 297 366 233

1560 307 2215 366 APOPHTHEGMATA.

3467 319 3571 377 234

196 436 425 507 όγέρων
490 431 628 485 εἶπεν
660 447 675 461 ’
730 432 813 484 ἰὰν
868 435 941 504 μὴ
995 434 1257 489 κτήσηται
1313 431 1585 506 ἄνθρωπος
1625 437 1799 486 ταπεί-

1927 434 2024 491 sita
2042 434 2342 506 perfectio.
2357 438 2745 508 Respondeas
2759 456 2941 499 senex
2959 491 2971 501 .
2986 443 3126 503 Nisi.
3141 444 3350 519 inquit,
3370 447 3581 520 acqui-

192 542 353 576 νωσιν
376 521 610 595 μεγάλην
643 528 704 593 τῇ
737 517 938 594 καρδίᾳ
984 520 1141 574 αὐτοῦ
1178 525 1267 573 καὶ
1300 529 1372 592 τῷ
1418 527 1625 594 σώματι
1658 539 1670 552 ·
1710 528 1800 576 καὶ

194 618 261 685 μὴ
306 618 516 684 μετρεῖν
574 609 753 663 ἑαυτὸν
812 611 861 662 ἓν
920 629 1021 662 τινι
1075 611 1350 683 πράγματι
1380 625 1393 638 ⁰
1434 609 1564 663 ἀλλά
1612 610 1801 683 μᾶλλον

194 704 398 754 τιθέναι
456 700 635 753 ἑαυτὸν
690 698 738 751 ἓν
794 703 1104 753 ταπεινώσει
1147 701 1390 752 ὑποκάτω
1419 709 1511 761 τῆς
1547 706 1801 762 κτίσεωςο

195 794 373 843 καὶτὸ
397 794 472 861 μὴ
503 798 674 862 κρῖναι
706 790 834 852 ὅλως
864 808 981 842 τινα
1006 788 1048 841 εἰ
1076 793 1148 861 μὴ
1191 788 1372 842 ἑαυτὸν
1400 794 1553 861 μόνον
1584 805 1598 820 ·
1632 796 1721 844 καὶ
1748 793 1804 843 τὸ

195 882 477 952 ὑποφέρειν
504 879 650 953 ὕϐριν
674 901 689 914 -
718 884 809 932 καὶ
836 882 892 932 τὸ
934 876 1269 953 ἀπορρίπτειν
1316 878 1417 931 ἀπὸ
1448 886 1539 940 τῆς
1584 877 1807 953 καρδίας

197 975 380 1023 πᾶσαν
422 973 611 1022 κακίαν
651 985 665 999 “
701 973 793 1022 καὶ
833 967 1119 1041 βιάζεσθαι
1164 967 1341 1021 ἑαυτὸν
1381 965 1509 1021 εἶναι
1546 972 1807 1042 μακρόθυ-

201 1078 322 1132 μον,
365 1063 631 1130 χρηστὸν,
666 1054 994 1131 φιλάδελφον,
1026 1062 1283 1130 σώφρονα,
1312 1056 1533 1133 ἐγκρατῆ
1570 1077 1584 1094 ο
1618 1063 1807 1131 γέγρα-

200 1167 336 1201 πται
364 1150 469 1223 γάρ
494 1151 567 1217 (α)
592 1168 606 1182 ο
641 1146 938 1220 βιαστῶν
972 1145 1113 1199 έστι
1145 1148 1162 1183 ¹
1214 1146 1526 1219 βασιλεία
1555 1155 1670 1200 τῶν
1719 1148 1810 1201 οὐ·

202 1244 411 1310 ρανῶν
431 1256 444 1269 ο
470 1240 559 1290 καὶ
582 1239 637 1291 τό
669 1236 801 1310 ὀρθὰ
823 1234 1029 1310 βλέπειν
1056 1243 1166 1297 τοῖς
1195 1235 1499 1308 ὀφθαλμοῖς,
1523 1242 1610 1289 καὶ
1638 1240 1695 1289 τὸ
1718 1257 1809 1309 φυο

203 1326 368 1385 λακὴν
394 1328 539 1398 ἔχειν
560 1333 656 1388 τῆς
679 1325 948 1399 γλώσσης,
976 1329 1064 1379 καὶ
1088 1324 1423 1398 ἀποστροφὴν
1453 1327 1631 1387 πάσης
1652 1324 1811 1389 ἀκοῆς

200 1420 438 1488 ματαίας
455 1420 545 1468 καὶ
575 1415 808 1490 ὀλεθρίου
842 1432 854 1445 ·
879 1419 969 1469 καὶ
1000 1420 1093 1474 τὴν
1118 1423 1217 1467 τῶν
1242 1424 1436 1489 χειρῶν
1469 1412 1813 1475 δικαιοσύνην

201 1511 293 1558 καὶ
323 1509 382 1559 τὸ
413 1512 514 1568 τῆς
542 1502 769 1579 καρδίας
801 1506 1029 1578 καθαρόν
1055 1507 1185 1577 πρὸς
1221 1508 1308 1557 τὸν
1340 1508 1488 1571 Θεὸν,
1520 1510 1609 1558 καὶ
1638 1509 1696 1559 τὸ
1722 1512 1813 1558 τοῦ

206 1602 453 1668 σώματος
504 1595 725 1648 ἄσπιλον
758 1612 771 1627 ⁸
836 1600 925 1648 καὶ
1206 1597 1262 1648 τὸ
1303 1597 1443 1666 ἔχειν
1476 1600 1567 1654 τὴν
1606 1600 1815 1668 μνήμην

204 1692 299 1738 τοῦ
357 1687 584 1738 Θανάτου
622 1688 722 1759 πρὸ
781 1684 1054 1756 ὀφθαλμῶν
1107 1684 1224 1737 καθ’
1272 1686 1487 1758 ἡμέραν,
1549 1690 1640 1737 καὶ
1686 1684 1815 1737 ἀπο-

1913 524 2073 580 sierit
2098 525 2279 580 homo
2292 525 2685 585 humilitatem
2713 546 3019 601 magnam,
3044 550 3227 607 quam
3246 552 3365 592 non
3380 536 3575 594 solum

1913 615 2092 669 corde
2125 620 2339 677 teneat,
2370 617 2479 672 sed
2509 622 2566 673 et
2594 633 2844 690 corpore
2871 623 3197 692 praeferat;
3227 626 3288 681 in
3317 626 3483 683 nulla
3513 642 3576 684 re

1914 719 1974 758 se
1997 703 2195 774 ipsum
2219 705 2565 770 aestimans,
2590 707 2693 762 sed
2728 712 2923 779 potius
2947 713 3004 767 in
3030 713 3359 771 humilitate
3382 732 3492 771 sua
3513 731 3577 772 se

1914 792 2068 848 infra
2105 808 2349 849 omnem
2389 799 2729 852 creaturam
2770 814 3004 869 ponens
3039 819 3052 868 ;
3088 818 3210 858 non
3249 803 3575 862 iudicando

1918 898 2186 954 unquam
2219 883 2465 939 omnino
2483 900 2874 958 quemquam,
2905 890 3017 946 nisi
3045 907 3106 947 se
3124 892 3319 948 solum
3349 909 3363 959 ;
3394 893 3578 951 suffe-

1918 971 2104 1026 rendo
2130 972 2577 1039 contumeliam,
2602 974 2893 1031 eiiciendo
2912 993 2983 1033 ex
3002 979 3181 1035 corde
3199 997 3308 1037 suo
3329 997 3575 1038 omnem

1919 1060 2208 1116 malitiam
2237 1077 2250 1127 ;
2286 1062 2404 1116 vim
2444 1061 2556 1118 sibi
2580 1062 2858 1122 faciendo
2882 1067 2957 1121 ad
2990 1068 3123 1135 hoc,
3170 1074 3233 1124 ut
3262 1071 3336 1125 sit
3362 1070 3577 1141 longa-

1920 1149 2120 1215 nimis,
2160 1150 2499 1220 benignius,
2533 1151 2783 1211 fratrum
2810 1163 3061 1222 amator,
3100 1156 3360 1225 sobrius,
3394 1159 3580 1215 conti-

1921 1253 2072 1294 nens
2101 1255 2116 1305 ;
2147 1240 2431 1311 scriptum
2450 1244 2541 1296 est
2570 1242 2729 1299 enim
2780 1263 2793 1302 :
2841 1244 2966 1301 Vim
2994 1245 3107 1301 sibi
3122 1247 3477 1316 facientium
3494 1250 3579 1304 est

1922 1344 2169 1398 regnum
2184 1330 2665 1396 coelorum,recta
2678 1336 2903 1389 tantum
2917 1334 3189 1405 videndo,
3207 1335 3413 1405 lingua
3428 1351 3581 1392 mcu-

1923 1418 2259 1484 stodiendo,
2288 1419 2752 1492 avertendisque
2769 1422 3016 1479 auribus
3045 1424 3122 1480 ab
3144 1424 3312 1481 omni
3329 1425 3583 1482 auditio-

1924 1522 1999 1564 ne
2027 1523 2185 1563 vana
2215 1512 2271 1563 et
2302 1508 2479 1565 noxia
2510 1526 2524 1575 ;
2560 1525 2777 1567 manus
2810 1512 3087 1579 tenendo,
3129 1529 3204 1569 ue
3242 1513 3581 1586 quidquam

1924 1596 2038 1652 nisi
2076 1596 2301 1652 iustum
2340 1603 2702 1669 operentur;
2736 1615 2838 1656 cor
2878 1602 3175 1659 mundum
3214 1618 3421 1660 coram
3466 1606 3582 1661 Deo

1926 1685 2592 1759 servando,corpusque
2604 1688 2983 1760 impollutam
2996 1691 3302 1761 ;habendo
3316 1692 3585 1764 quotidie

206 1778 377 1845 τοι-γὴν
409 1781 503 1836 τῆς
532 1775 670 1827 κατὰ
705 1781 908 1845 πνεῦμα
944 1772 1102 1848 ὀργῆς
1142 1777 1231 1825 καὶ
1285 1778 1494 1837 κακίας,
1557 1778 1648 1826 καὶ
1692 1772 1812 1826 ἀπο-

1927 1790 2067 1847 prae
2098 1774 2285 1829 oculis
2308 1776 2514 1831 mortis
2542 1779 2894 1835 memoriam
2920 1780 3311 1850 ;abnegando
3336 1780 3496 1836 intus
3522 1781 3585 1837 in

208 1868 380 1935 ταγήν
419 1872 513 1925 τῆς
570 1862 716 1927 ὕλης,
766 1867 857 1916 καὶ
903 1871 1001 1915 τῶν
1051 1865 1186 1915 κατὰ
1217 1864 1390 1936 σάρκα
1420 1872 1682 1934 συγγενῶν
1708 1862 1818 1935 ἅμα

207 1959 300 2006 καὶ
358 1949 567 2012 ἡδονῶν
594 1970 607 1983 ·
646 1958 735 2006 καὶ
781 1951 1051 2023 ἀποταγήν
1120 1960 1193 2023 τῷ
1250 1948 1478 2024 διαϐόλῳ
1542 1957 1633 2005 καὶ
1684 1959 1818 2007 πᾶσι

207 2050 317 2103 τοῖς
356 2044 533 2116 ἔργοις
563 2042 723 2095 αὐτοῦ
762 2058 777 2073 ·
810 2047 901 2095 καὶ
930 2045 988 2095 τό
1012 2039 1359 2103 ἀδιαλείπτως
1387 2044 1780 2118 προσεύχεσθαι
1799 2061 1814 2077 ’

208 2136 300 2185 καὶ
378 2130 433 2184 ἰν
484 2136 639 2185 παντὶ
700 2140 868 2207 καιρῷ
928 2135 1017 2184 καὶ
1065 2135 1206 2203 τόπῳ
1261 2136 1351 2184 καὶ
1410 2134 1682 2204 πράγματι
1727 2137 1817 2185 καὶ

208 2225 365 2273 παντὶ
414 2223 553 2294 ἔργῳ
610 2220 947 2297 παρεδρεύειν
1014 2228 1128 2293 Θεῷ
1179 2240 1191 2254 ο
1244 2221 1302 2273 οὐ
1363 2217 1584 2274 δύναται
1635 2221 1818 2284 τέλειος

207 2330 355 2365 εεναι.

274 2576 327 2630 2.
383 2572 645 2649 Ἀδελφὸς
708 2575 951 2649 ἠρώτησε
1006 2579 1264 2650 γέροντα·
1322 2574 1478 2641 ἀϐϐᾶ,
1528 2584 1638 2639 πῶς
1683 2584 1816 2629 ποιῶ

206 2668 376 2717 πάντα
419 2667 486 2716 τά
525 2668 786 2739 πρέποντα
816 2664 865 2716 ἐν
914 2671 984 2736 τῷ
1022 2664 1199 2737 κιλλίῳ
1250 2684 1372 2736 μου,
1404 2670 1494 2717 καὶ
1533 2665 1637 2737 οὐχ
1676 2667 1818 2740 εὑρί-

208 2773 315 2807 σκω
368 2754 708 2828 παράκλησιν
747 2754 850 2807 ἀπὸ
898 2762 988 2807 τοῦ
1029 2762 1205 2821 Θεοῦ;
1246 2754 1379 2826 λέγει
1427 2755 1567 2826 αὐτῷ
1616 2760 1810 2830 γέρων·

204 2850 357 2896 τοῦτό
424 2863 513 2897 σοι
551 2843 829 2916 συμϐαίνει
887 2840 979 2897 διὰ
1018 2848 1079 2896 τὸ
1127 2840 1512 2917 συνδιατρίϐειν
1555 2864 1612 2897 σε
1650 2843 1816 2917 ἀπρα-

202 2937 423 3005 γοτέρῳ,
482 2937 574 2986 καὶ
619 2931 905 3005 βούλεσθαί
955 2952 1011 2986 σε
1061 2936 1118 2986 τὸ
1170 2933 1366 3005 θέλημά
1402 2952 1496 2986 σου
1534 2932 1810 3007 προϐῆναι.

202 3022 336 3094 λέγει
366 3023 396 3073 ὁ
437 3018 663 3094 ἀδελφὸς
700 3026 906 3097 γέροντι
939 3039 951 3052 ·
985 3025 1037 3074 τί
1095 3018 1182 3074 οὖν
1243 3022 1402 3084 θέλεις
1451 3023 1533 3075 ἱνα
1583 3030 1810 3088 ποιήσω,

200 3114 417 3185 mirga;
478 3114 613 3183 λέγει
656 3112 682 3164 ό
736 3115 914 3185 γέρων,
972 3110 1175 3178 ἄπελθε,
1224 3111 1507 3170 κολλήθητι
1564 3111 1813 3186 ἀνθρώπῳ

442 3199 743 3273 φοϐουμένῳ
788 3204 878 3253 τὸν
918 3205 1067 3270 Θεόν,
1108 3205 1198 3253 καὶ
1237 3205 1556 3255 ταπείνωσον
1599 3205 1812 3255 σεαυτόν

201 3290 366 3360 αὐτῷ,
419 3294 514 3341 καὶ
562 3286 718 3352 ἔκδος
765 3293 823 3342 τὸ
877 3289 1073 3362 θέλημοὶ
1123 3308 1218 3344 σου
1254 3305 1268 3319 ·

198 3378 537 3452 παράκλησιν
568 3378 669 3433 ἀπὸ
707 3385 798 3432 τοῦ
828 3386 986 3436 Θεοῦ.

1318 3295 1408 3343 καὶ
1437 3294 1553 3344 τότε
1579 3291 1812 3364 εὑρήσεις

268 3556 323 3612 3.
367 3553 498 3610 Εἷπε
543 3559 707 3630 γέρων
741 3574 753 3586 ·
790 3556 816 3609 6
847 3556 1212 3630 εἰσερχόμενος
1263 3556 1331 3618 εἰς
1360 3557 1667 3631 μυρεῲικόν,
1715 3557 1811 3612 κᾶν

200 3642 371 3718 μηδέν
414 3645 680 3719 ἀγοράσῃ,
733 3644 861 3698 ἀλλά
905 3648 1106 3708 πάντως
1154 3646 1534 3718 μεταλαμϐάνει
1560 3656 1649 3708 τῆς
1690 3648 1811 3701 εὐω-

201 3731 319 3796 δίας
347 3752 364 3764 ⁸
414 3735 553 3787 οὕτω
594 3740 683 3787 καὶ
742 3736 769 3787 ό
820 3734 1161 3810 παραϐάλλων
1214 3742 1321 3798 τοῖς
1393 3738 1674 3811 πατράσιν,
1726 3737 1810 3790 έάν

202 3826 397 3897 θελήσῃ
452 3823 803 3899 ἐργάσασθαι,
871 3821 1303 3878 ὑποδεικνύουσιν
1346 3824 1488 3896 αὐτῷ
1543 3830 1637 3884 τὴν
1686 3823 1809 3880 ὀδόν

199 3921 296 3975 τες
354 3919 760 3975 ταπεινώσεως·
814 3919 903 3967 καὶ
943 3922 1123 3987 τεῖχος
1165 3914 1325 3971 αὐτοῦ
1371 3918 1571 3986 γίνεται
1602 3914 1649 3967 έν
1696 3923 1810 3977 ταῖς

202 3999 524 4076 ἐπιδρομαῖς
554 4011 653 4055 τῶν
685 3999 970 4075 δαιμόνων.

271 4095 325 4148 4.
360 4089 489 4146 Εἷπε
535 4096 698 4167 γέρων
735 4108 749 4121 ·
801 4090 887 4144 έάν
926 4093 1101 4165 φθάσῃ
1136 4111 1220 4145 σοι
1250 4090 1518 4168 ἀρῥωστία
1549 4098 1807 4165 σώματος,

202 4184 274 4252 μή
320 4179 563 4253 ὀλιγώρει
594 4198 607 4211 ·
654 4183 738 4233 ἰὰν
780 4182 882 4255 γὰρ
925 4180 1042 4254 θελη
1086 4200 1145 4234 σε
1191 4184 1217 4234 ό
1266 4179 1530 4245 δεσπότης
1572 4201 1666 4234 σου
1719 4203 1810 4237 κα-

203 4270 433 4322 κοῦσθαι
480 4278 553 4340 τῷ
612 4274 833 4339 σώματι,
905 4272 970 4323 σὺ
999 4276 1079 4333 τίς
1118 4266 1167 4324 εἶ
1200 4271 1226 4323 6
1270 4267 1676 4343 δυσχεραίνων;
1717 4272 1811 4326 οὐκ

204 4358 357 4419 αὗτός
404 4377 503 4411 σου
534 4359 795 4432 φροντίζει
844 4358 892 4411 έν
932 4365 1067 4412 πᾶσι
1097 4378 1110 4428 ;
1143 4364 1215 4432 μὴ
1265 4360 1429 4434 παρὲξ
1474 4359 1634 4413 αὑτοῦ
1669 4361 1806 4435 ξῇςς

207 4447 498 4511 ἀνεξικάκει
544 4444 633 4500 οὖν
675 4453 765 4500 καὶ
804 4449 1090 4523 παρακάλει
1138 4448 1315 4515 αὐτόν,
1379 4456 1676 4523 παρασχεῖν
1728 4470 1811 4504 σοι

211 4542 543 4610 συμφέροντα
584 4554 597 4568 ·
630 4544 785 4590 τοῦτο
813 4539 914 4611 γάρ
947 4537 1062 4591 ἔστι
1091 4541 1149 4591 τό
1195 4538 1392 4612 θέλημα
1420 4538 1608 4592 αὐτοῦ’
1646 4541 1808 4593 κάθου

208 4630 337 4697 μετὰ
362 4627 752 4701 μακροθυμίας,
781 4629 912 4700 φάγε
939 4627 1169 4701 ἀγάπην.

279 4797 459 4872 234
486 4800 543 4853 5.
585 4796 708 4852 Elim
736 4799 761 4851 6
801 4803 963 4872 γέρων
998 4815 1011 4829 ⁸
1060 4801 1213 4872 φύσει
1251 4802 1335 4854 ἑάν
1383 4804 1524 4855 ἔστιν
1557 4804 1581 4856 ό
1614 4804 1809 4878 ἄνθρωο

210 4907 301 4951 πός
342 4889 661 4960 ἀγωνιστής,
712 4886 923 4941 ἀπαιτεῖ
959 4890 985 4940 ό
1028 4891 1153 4951 Θεὸς
1196 4889 1318 4964 παρ’
1361 4890 1544 4958 αὐτοῦ,
1598 4894 1680 4945 ἵνα
1735 4898 1806 4965 μὴ

208 4980 309 5051 ἔχη
363 4978 727 5052 προσπάθειαν
778 4977 905 5041 ὕλης
971 4987 1278 5050 σωματικῆς
1322 4980 1415 5043 ἕως
1472 4988 1664 5056 μικρᾶς
1714 4982 1813 5057 ῥα.

215 5065 359 5138 φίδος
387 5085 399 5096 ·
430 5064 654 5120 δύναται
700 5069 799 5139 γὰρ
846 5064 1136 5141 ἓμποδίσαι
1174 5068 1335 5121 αὐτοῦ
1364 5074 1451 5123 τόν
1476 5070 1725 5145 λογισμὸν
1757 5072 1811 5126 ἐκ

214 5164 304 5219 τῆς
328 5153 654 5229 ἀδολεσχίας
688 5164 773 5210 τοῦ
795 5158 972 5234 ἱμέρου
1002 5161 1208 5212 καὶτοῦ
1239 5160 1473 5223 πένθους.

1927 1864 2132 1936 spiritu
2160 1866 2311 1920 iram
2340 1872 2397 1921 et
2426 1865 2732 1929 malitiam,
2753 1870 3009 1924 exterius
3033 1875 3234 1925 autem
3269 1871 3582 1927 materiam

1928 1958 1981 2009 et
2011 1969 2104 2009 res
2140 1954 2471 2018 sensibiles,
2504 1964 2793 2026 cognatos
2819 1973 3062 2029 quoque
3094 1959 3429 2015 secundum
3456 1975 3584 2016 car-

1926 2057 2066 2099 nem
2078 2043 2374 2116 simulque
2386 2044 2721 2116 voluptates
2740 2064 2756 2116 ;
2774 2047 3328 2105 renuntiandoitem
3340 2048 3585 2105 diabolo

1926 2137 1983 2187 et
2008 2133 2236 2188 cunctis
2273 2132 2557 2199 operibus
2612 2134 2739 2191 eius
2797 2152 2811 2203 ;
2869 2135 2947 2191 ad
2997 2135 3146 2193 haec
3184 2136 3585 2194 indesinenter

1925 2219 2176 2285 orando,
2217 2224 2274 2277 et
2300 2221 2361 2277 in
2390 2222 2557 2277 omni
2596 2230 2863 2294 tempore
2897 2228 2953 2279 et
2989 2223 3123 2280 loco
3157 2229 3215 2281 et
3257 2226 3496 2296 negotio
3528 2226 3585 2281 et

1926 2324 2106 2381 opere
2134 2309 2430 2367 adstando
2463 2313 2598 2382 Deo,
2643 2317 3142 2386 praesentemque
3172 2313 3484 2371 sentiendo
3511 2328 3583 2372 ac

1924 2398 2270 2455 venerando
2294 2414 2432 2455 eum
2466 2418 2480 2459 :
2528 2400 2640 2455 nisi
2686 2402 2838 2473 quis,
2892 2402 3165 2474 inquam,
3194 2402 3344 2460 haec
3374 2403 3581 2461 omnia

1924 2487 2144 2555 fecerit,
2176 2490 2468 2561 perfectus
2488 2506 2621 2546 esse
2650 2506 2772 2547 non
2795 2496 3005 2563 potest.

1994 2583 2047 2635 2.
2087 2581 2284 2635 Frater
2330 2579 2705 2650 interrogans
2769 2596 3020 2638 senem:
3094 2581 3295 2649 Abba,
3365 2583 3580 2656 inquit,

1924 2667 2131 2740 quiﬁt,
2169 2673 2250 2734 ut,
2279 2684 2417 2725 cum
2444 2684 2556 2740 ego
2582 2670 2643 2726 in
2685 2670 2898 2727 cellula
2935 2687 3072 2729 mea
3112 2671 3335 2729 faciam
3363 2676 3581 2730 cuncta

1924 2773 2080 2830 quae
2106 2757 2337 2822 decent,
2366 2765 2567 2815 tamen
2588 2774 2710 2815 non
2728 2760 3024 2817 inveniam
3046 2761 3522 2818 consolationem
3550 2778 3588 2819 a

1925 2848 2045 2903 Deo
2074 2846 2103 2901 ?
2131 2847 2221 2902 Ait
2257 2848 2338 2905 illi
2387 2864 2567 2904 senex
2601 2865 2613 2905 :
2656 2851 2772 2905 Hoc
2806 2850 2907 2906 tibi
2962 2851 3252 2920 contingit
3298 2866 3388 2923 eo,
3418 2851 3588 2924 quod

1924 2938 2093 2993 vanis
2107 2953 2235 2993 cum
2249 2937 2441 2993 otioso
2453 2938 3040 2995 confabulationibus
3056 2940 3356 3009 indulges;
3375 2941 3589 3013 etquia

1924 3027 2172 3083 omnino
2205 3026 2292 3081 vis
2307 3026 2480 3098 potiri
2497 3032 2703 3097 optato
2719 3026 3084 3083 voluntatem
3114 3034 3302 3084 tuam.
3323 3030 3585 3100 Respon-

1924 3116 2023 3171 det
2048 3114 2361 3172 fraterseni
2386 3132 2399 3170 :
2434 3114 2584 3183 Quid
2606 3115 2784 3185 igitur
2806 3115 2998 3172 facere
3032 3131 3126 3171 me
3150 3116 3344 3183 iubes,
3369 3123 3537 3188 pater
3556 3117 3585 3173 ?

1925 3206 2259 3278 Respondet
2310 3220 2536 3260 senex:
2589 3204 2766 3272 Vade,
2812 3205 2894 3261 ini
2938 3204 3408 3262 familiaritatem
3449 3222 3585 3263 cum

1924 3295 2050 3350 viro
2077 3294 2316 3351 timente
2344 3293 2552 3358 Deum,
2577 3302 2633 3350 et
2656 3293 2909 3351 humilia
2932 3304 2989 3351 te
3014 3294 3217 3366 ipsum
3255 3309 3461 3351 coram
3490 3310 3584 3365 eo,

1882 3426 1891 3434 .
1923 3390 1979 3440 et
2008 3383 2293 3440 renuncia
2329 3383 2620 3440 voluntati
2661 3388 2837 3440 tuae:
2866 3388 2923 3441 et
2964 3389 3101 3440 tunc
3154 3384 3417 3441 invenies
3447 3399 3590 3441 con-

1922 3475 2272 3530 solationem
2300 3489 2335 3529 a
2365 3475 2512 3531 Deo.

1993 3567 2044 3620 3.
2108 3562 2259 3619 Dixit
2305 3577 2483 3619 senex
2518 3563 2664 3629 :Qui
2702 3562 3030 3634 ingreditur
3081 3562 3428 3635 seplasiam,
3470 3561 3581 3621 etsi

1919 3652 2063 3708 nihil
2083 3656 2260 3716 emat,
2294 3651 2542 3707 omnino
2583 3656 2782 3707 tamen
2813 3649 3027 3706 fruitur
3079 3650 3283 3706 odore.
3328 3651 3421 3708 Sic
3481 3650 3588 3723 qui

1920 3744 2303 3797 conversatur
2351 3755 2489 3795 cum
2533 3740 2830 3809 patribus,
2880 3738 3180 3810 siquidem
3246 3738 3387 3794 velit
3429 3744 3587 3795 recte

1920 3844 2116 3901 agere,
2149 3829 2309 3884 viam
2326 3828 2377 3882 ei
2406 3826 2726 3883 ostendunt
2769 3825 3204 3882 humiliationis
3236 3844 3250 3892 ;
3293 3833 3349 3881 et
3374 3841 3583 3883 eorum

1919 3916 2196 3989 exempla
2210 3917 2509 3989 verbaque
2526 3916 2715 3971 instar
2737 3913 2818 3970 illi
2839 3914 2992 3969 muri
3016 3914 3247 3971 suutad
3266 3914 3584 3971 arcendasi

1918 4007 2289 4063 daemonum
2336 4005 2724 4061 incursiones.

1988 4097 2042 4151 4.
2077 4095 2226 4151 Dixit
2282 4109 2466 4150 senex
2521 4114 2535 4150 :
2585 4094 2638 4151 Si
2684 4098 2737 4149 te
2764 4092 3080 4149 inﬁrmitas
3150 4094 3406 4164 occupet
3457 4106 3583 4148 cor-

1919 4187 2103 4258 poris,
2147 4199 2219 4239 ne
2249 4183 2530 4240 demittas
2561 4184 2853 4239 animum.
2906 4182 2963 4239 Si
2988 4183 3149 4238 enim
3199 4181 3337 4238 velit
3388 4180 3585 4239 Domi-

1922 4290 2035 4329 nus
2078 4280 2217 4330 tuus
2248 4272 2459 4329 morbo
2490 4277 2543 4328 te
2585 4287 2874 4343 corporeo
2920 4269 3128 4341 afﬂigi,
3177 4275 3240 4327 tu
3296 4270 3432 4343 quis
3495 4286 3581 4336 es,

1922 4364 2017 4436 qui
2045 4379 2219 4434 aegre
2246 4363 2394 4418 ferre
2442 4360 2717 4418 audeas?
2748 4364 2951 4418 Nonne
2984 4361 3092 4434 ipsi
3127 4360 3210 4416 tui
3264 4375 3471 4417 curam
3520 4360 3583 4417 in

1921 4452 2204 4508 omnibus
2235 4452 2382 4522 gerit
2414 4452 2443 4507 ?
2492 4455 2581 4507 An
2625 4452 2752 4506 sine
2803 4450 2935 4522 ipso
2987 4450 3078 4506 vel
3109 4456 3281 4522 potes
3320 4449 3514 4505 vivere
3553 4450 3581 4506 ?

1922 4541 2217 4598 Patienter
2242 4555 2383 4613 ergo
2441 4540 2647 4608 tolera,
2705 4544 2761 4595 et
2816 4555 2920 4595 ora
2948 4555 3107 4604 eum,
3160 4543 3221 4594 ut
3265 4537 3371 4594 tibi
3424 4554 3580 4611 quae

1919 4629 2559 4702 expediuntpraebeat.
2592 4632 2742 4685 Haec
2775 4629 2935 4684 enim
2967 4632 3055 4683 est
3096 4626 3371 4682 voluntas
3428 4627 3575 4683 eius.

1921 4718 2069 4775 Sede
2091 4734 2224 4774 cum
2255 4717 2726 4789 longanimitate,
2758 4715 3006 4773 comede
3032 4714 3417 4771 cbaritatem.

1990 4812 2041 4862 5.
2080 4807 2230 4863 Dixit
2258 4822 2438 4863 senex
2465 4823 2477 4863 :
2503 4806 2560 4862 Si
2593 4813 2808 4862 natura
2828 4806 3013 4863 homo
3043 4808 3297 4860 certator
3317 4807 3422 4867 est,
3459 4802 3578 4859 exi-

1920 4896 2000 4967 git
2027 4896 2105 4953 ab
2136 4912 2206 4952 eo
2229 4898 2405 4963 Deus,
2453 4912 2527 4952 ne
2560 4895 2776 4953 aﬂeclu
2822 4895 3007 4951 nimio
3038 4893 3347 4949 inhaereat
3395 4897 3579 4950 mate-

1918 4986 2041 5043 riae
2062 5000 2351 5057 corporae
2376 4986 2679 5059 cuiquam,
2717 5000 2911 5058 usque
2940 4982 3017 5040 ad
3047 4982 3343 5038 minutam
3365 4997 3573 5050 acum;

1920 5091 1992 5132 ea
2003 5074 2164 5131 enim
2178 5074 2672 5147 potestimpedire
2687 5079 2950 5132 mentem
2963 5073 3093 5130 eius
3107 5087 3212 5145 per
3228 5069 3578 5145 praestigias

1922 5163 2201 5221 desiderii
2226 5169 2289 5221 et
2321 5164 2632 5239 maeroris.

1573 5304 1828 5366 VARIAE
1854 5310 2260 5368 LECTIONES.

285 5429 303 5445 ⁹
343 5428 529 5494 ϐοιτ.,
558 5442 673 5503 pro
702 5425 815 5481 έστ
838 5447 874 5483 ι.
904 5426 1009 5485 Ed.
1046 5425 1170 5482 έπί.

1746 5558 2004 5619 NOTAE.

292 5687 372 5759 (α)
396 5687 594 5748 καὶαι.
621 5694 704 5755 x1,
731 5688 814 5748 12.
