4078 6194
467 308 572 364 235

468 526 550 582 ris
582 520 820 577 vexatio
862 519 1071 574 maiori
1101 536 1238 576 cum
1268 521 1574 591 diligentia
1619 521 1738 576 Deo
1790 519 2010 584 oblata,
2037 519 2122 572 in-

469 616 703 670 struunt
732 613 1019 681 potestate
1052 609 1110 664 in
1132 609 1463 680 passiones.

539 796 591 845 7.
629 793 1025 857 Interrogatus
1054 793 1144 844 est
1171 804 1390 845 senex:
1447 789 1600 855 Quid
1655 793 1757 854 est,
1792 789 1986 844 vivere
2017 787 2120 842 bo-

475 880 1006 948 minemtanquam
1039 876 1335 948 hospitem
1369 883 1424 933 et
1462 880 1842 950 peregrinum
1864 878 1890 932 ?
1944 880 2006 932 Et
2037 893 2124 932 re-

473 968 714 1039 spondit
746 986 757 1022 :
791 967 887 1020 Dic
920 966 1040 1030 tibi,
1068 969 1192 1020 Non
1225 967 1420 1022 habeo
1465 969 1560 1024 hic
1605 969 1933 1037 negotium.
1977 969 2126 1021 Haec

471 1058 618 1114 itera
643 1055 810 1111 omni
835 1059 1102 1125 tempore
1131 1059 1187 1110 et
1217 1055 1278 1110 in
1301 1059 1464 1112 omni
1489 1057 1620 1112 loco
1651 1063 1706 1112 et
1737 1056 2084 1127 operatione
2109 1073 2120 1110 :

477 1153 619 1202 tunc
644 1145 759 1200 eris
776 1158 911 1198 vere
937 1143 997 1198 in
1026 1147 1179 1199 statu
1212 1144 1483 1201 advenae
1509 1152 1566 1201 et
1591 1145 1910 1216 peregrini.

543 1237 599 1291 8.
633 1233 781 1288 Dixit
814 1246 995 1288 senex
1027 1249 1039 1288 :
1088 1232 1217 1288 Vita
1241 1239 1449 1290 sancta
1489 1235 1615 1290 sine
1658 1234 1928 1289 doctrina
1956 1233 2128 1304 plura

472 1324 637 1380 bona
666 1321 866 1386 efﬁcit,
889 1336 1074 1392 quam
1105 1321 1378 1378 doctrina
1399 1325 1527 1380 sine
1551 1324 1688 1379 vita.
1719 1327 1862 1379 Nam
1885 1328 2126 1378 sanctus

474 1413 752 1469 indoctus
797 1410 886 1466 vel
931 1416 1132 1466 tacens
1187 1412 1480 1482 prodest;
1545 1412 1758 1468 doctus
1809 1429 1951 1468 vero
2001 1413 2130 1468 sine

475 1501 808 1569 sanctitate,
859 1499 1040 1554 etiam
1084 1499 1281 1556 solum
1326 1502 1617 1571 cogitans,
1673 1502 1975 1559 obturbat.
2023 1503 2133 1557 Do-

475 1591 664 1646 ctrina
692 1593 890 1644 autem
923 1603 1071 1644 sana
1100 1594 1155 1644 et
1193 1589 1318 1645 vita
1348 1595 1556 1645 sancta
1600 1591 1649 1645 si
1681 1591 1739 1646 in
1773 1605 1961 1646 unum
1985 1606 2130 1646 con-

477 1681 736 1742 currant,
779 1675 1194 1748 philosophiae
1213 1677 1390 1733 totius
1419 1693 1618 1734 veram
1645 1684 1702 1734 et
1723 1679 1963 1750 plenam
1997 1695 2136 1751 spe-

473 1766 620 1822 ciem
654 1764 997 1821 absolvunt.

549 1859 602 1910 9.
639 1854 789 1909 Dixit
817 1870 1032 1909 senex:
1071 1857 1149 1911 Ne
1179 1855 1432 1921 ambias,
1465 1857 1785 1928 caputﬁeri
1809 1873 2135 1927 congrega-

478 1944 654 2000 tionis
687 1943 956 2007 fratrum,
987 1959 1062 1999 ne
1101 1944 1247 2000 forte
1278 1945 1556 2017 imponas
1583 1945 1735 2002 collo
1767 1953 1867 2002 tuo
1918 1947 2134 2002 alieno-

483 2047 619 2088 rum
650 2047 835 2088 onera
873 2039 1282 2104 peccatorum.

555 2125 640 2180 l0.
693 2122 850 2178 Dixit
887 2138 1102 2188 senex;
1154 2123 1283 2178 Vim
1320 2123 1434 2178 sibi
1488 2124 1680 2179 facere
1708 2125 1766 2179 in
1799 2125 2047 2193 orando,
2081 2131 2137 2182 et

479 2211 540 2267 in
567 2211 831 2266 oratione
862 2212 1198 2282 persistere,
1232 2213 1421 2282 gignit
1467 2229 1638 2268 orare
1664 2230 1800 2268 cum
1831 2214 2052 2283 gaudio
2081 2221 2137 2270 et

481 2314 619 2356 cum
658 2300 874 2371 quiete.
927 2301 1057 2355 Vim
1088 2301 1249 2356 enim
1292 2302 1404 2357 sibi
1452 2303 1644 2358 facere
1675 2303 1817 2359 boni
1845 2304 2133 2375 propositi

481 2394 606 2446 est:
639 2404 810 2445 orare
839 2394 1040 2445 autem
1071 2404 1210 2444 cum
1239 2390 1437 2462 quiete
1457 2407 1676 2448 munus
1704 2397 1792 2449 est
1819 2393 2056 2463 gratiae.

1313 306 1413 362 SS.
1458 302 1944 362 MACARIORUM
1985 299 2322 356 AEGYPTII
2366 302 2452 357 ET
2493 299 2982 357 ALEXANDRINI

538 434 592 490 6.
624 432 778 489 Dixit
803 444 1008 485 senex:
1057 431 1254 487 Oratio
1285 436 1340 487 et
1383 448 1592 488 sensus
1625 431 1807 486 sobrii
1836 435 1887 485 et
1911 443 2118 499 corpo-
2148 430 2192 482 A

3729 293 3845 348 236

2308 431 2360 483 6.
2404 427 2525 482 Εἷπε
2571 431 2733 501 γέρων
2765 445 2780 459 ο
2831 444 3105 500 προσευχη
3156 427 3246 476 καὶ
3293 422 3539 494 λογισμοὶ
3594 425 3846 493 νήφοντες

2236 524 2322 570 xui
2394 524 2633 590 σώματος
2690 518 3042 586 ύποπιασμός,
3111 512 3205 566 διὰ
3269 513 3495 573 πλείονος
3549 510 3845 580 ἐπιμελείας

2233 613 2643 681 προσφερόμενα,
2739 610 2796 658 τό
2882 607 3017 657 κατὰ
3091 611 3190 656 τῶν
3265 603 3446 654 παθῶν
3522 597 3844 653 ἀναδύονται

2235 699 2444 768 κράτος.

2305 787 2358 840 7.
2409 787 2680 859 Ἠρωτὴθη
2731 786 2756 836 6
2786 787 2947 858 γέρων
2981 798 2994 812 ⁸
3037 787 3088 835 τί
3119 781 3232 834 ἐστι
3263 780 3481 844 ξενιτιία
3515 795 3528 845 ;
3571 783 3662 831 καὶ
3690 777 3799 832 εἶπε
3827 794 3841 807 ·

2234 874 2412 947 [εἰπὲ²]
2464 876 2557 928 οὐκ
2610 878 2718 947 ἔχω
2767 880 2986 947 πρᾶγμα
3016 891 3030 906 ο
3081 877 3170 925 καὶ
3225 878 3375 923 τοῦτο
3419 873 3556 922 ποίει
3595 867 3643 920 ἓν
3682 872 3845 920 παντὶ

2235 973 2400 1037 καιρῷ
2449 969 2538 1017 καὶ
2595 971 2736 1035 τόπῳ
2789 967 2879 1016 καὶ
2936 964 3206 1037 πράγματι
3268 978 3282 994 ·
3342 962 3432 1012 καὶ
3479 958 3608 1016 αὕτη
3663 954 3776 1008 ἔστὶ
3816 956 3848 1012 ἠ

2237 1054 2435 1117 ἀληθὴς
2461 1054 2702 1117 ξενιτεία.

2309 1237 2350 1288 8-
2396 1231 2521 1286 Eine
2549 1234 2574 1284 6
2604 1234 2765 1304 γέρων
2802 1248 2814 1262 ’
2851 1230 2931 1283 ὅτι
2963 1227 3074 1302 βίος
3121 1227 3240 1281 ἄνιυ
3293 1226 3450 1298 λόγου
3504 1224 3674 1278 πλεῖον
3717 1224 3857 1295 ἐνερ-

2236 1328 2344 1394 γεῖν
2603 1324 2818 1393 πέφυκεν
2868 1320 2898 1378 ἣ
2951 1318 3103 1390 λόγος
3147 1318 3266 1370 ἄνευ
3319 1314 3441 1388 βίον
3470 1331 3484 1345 ⁸
3528 1317 3554 1367 6
3608 1317 3696 1386 μὶν
3742 1315 3850 1386 γὰρ

2243 1420 2403 1483 σιγῶν
2455 1410 2631 1482 ὠφελεί
2660 1427 2673 1440 '
2719 1411 2744 1461 6
2801 1405 2859 1461 δὲ
2889 1412 2981 1460 καὶ
3029 1415 3155 1459 νοῶν
3186 1405 3390 1478 ἐνοχλεῖ
3422 1425 3437 1439 ο
3460 1403 3504 1457 εἰ
3531 1400 3590 1457 δε
3635 1409 3724 1454 καὶ
3762 1402 3851 1454 λό-

2239 1520 2333 1573 γος
2375 1505 2465 1552 καὶ
2507 1498 2620 1572 βίος
2667 1497 3087 1570 συνδραμοῦνται
3137 1495 3208 1558 εἰς
3249 1497 3318 1561 ἓν,
3362 1494 3663 1567 φιλοσοφίας
3709 1493 3850 1544 ἁπά-

2247 1609 2344 1652 σης
2368 1589 2704 1642 ἀποτελοῦσιν
2736 1586 2968 1659 ἄγαλμα.

2315 1860 2366 1912 9.
2428 1853 2548 1909 Εἶπε
2585 1858 2748 1929 γέρων
2785 1874 2797 1886 ο
2855 1857 2926 1925 μὴ
2976 1854 3210 1925 σπεύσῃς
3268 1848 3579 1922 κεφαλεῦσαι
3628 1841 3850 1918 ἁδελφό-

2244 1966 2378 2004 τητα
2418 1961 2429 1972 '
2471 1948 2554 1997 ἱνα
2599 1949 2669 2016 μὴ
2722 1946 2983 2016 ὲπιθήσης
3021 1941 3318 2013 ἀλλοτρίους
3351 1943 3572 2013 φόρτους
3604 1937 3851 2009 ἁμαρτη-

2245 2039 2416 2108 μάτων
2444 2034 2526 2086 ἐπὶ
2568 2042 2643 2103 σῷ
2684 2033 2962 2106 τραχήλῳ.

2324 2125 2402 2179 10.
2455 2121 2575 2175 Εἷπε
2601 2125 2627 2175 6
2657 2128 2818 2196 γέρων
2856 2141 2862 2147 ·
2899 2125 2957 2173 τό
3007 2122 3137 2193 μετὰ
3177 2118 3302 2191 βίας
3339 2115 3728 2192 προσεύξασθαι
3761 2117 3858 2166 καὶ

2247 2216 2512 2285 ὑπομένειν
2560 2218 2723 2264 τίκτει
2775 2215 2831 2263 τό
2889 2214 3020 2282 μετὰ
3065 2215 3242 2282 χαρᾶς
3285 2213 3375 2259 καὶ
3425 2207 3555 2278 μετὰ
3607 2206 3847 2256 ἀναπαύ-

2251 2322 2374 2364 σεως
2422 2302 2810 2377 προσεύξασθαι
2847 2319 2858 2330 °
2889 2305 2976 2352 xui.
3007 2303 3063 2352 τό
3111 2303 3200 2370 μὲν
3252 2300 3381 2371 μετὰ
3415 2295 3557 2369 βίας,
3591 2302 3686 2356 τῆς
3724 2313 3864 2367 προ-

2250 2396 2514 2468 αιρέσεως,
2549 2397 2605 2444 τό
2635 2388 2694 2444 δε
2720 2393 2851 2463 μετὰ
2881 2389 3191 2443 ἀναπαύσει»
3206 2409 3244 2454 ς,
3279 2395 3373 2448 τῆς
3403 2388 3652 2458 χάριτος.

1881 2545 2133 2600 VARIAE
2173 2543 2584 2602 LECTIONES.

561 2672 580 2704 ι
609 2664 745 2719 sint
774 2680 896 2723 om.
931 2665 1060 2731 Ed.,
1089 2666 1296 2723 addidi
1312 2683 1384 2724 ex
1413 2668 1568 2724 coni.

2087 3037 2190 3097 III.

1259 3220 1961 3283 APOPHTHEGMATA
1994 3221 2267 3286 SANCTI
2297 3221 2615 3282 MACARII
2660 3220 3020 3282 AEGYPTII

1745 3398 1777 3435 Α
1814 3397 1892 3436 JO.
1937 3397 2088 3434 ΒΑΡΤ.
2121 3397 2413 3436 COTELERIO
2445 3398 2600 3435 EDITA

559 3525 584 3557 ε
610 3511 928 3561 Sanctorum
950 3524 1144 3563 senum
1179 3512 1648 3577 Apophthegmata
1684 3529 1708 3561 ι
1741 3529 1782 3565 s.
1816 3529 1901 3626 vi!
1929 3514 2193 3627 Mac'larzim
2242 3515 2518 3626 ⁴ἓξςέειριίιιε
2568 3512 2710 3578 apud
2757 3513 2838 3563 Jo.
2896 3513 3048 3576 Bapt.
3087 3511 3432 3569 Cotolerium,
3467 3509 3608 3560 Eccl.
3675 3509 3872 3560 Graec.

1907 3591 1992 3626 on.
2067 3612 2078 3626 .
2141 3593 2224 3627 .n.
2384 3591 2502 3627 suo.

1907 3591 1992 3626 OD.
2021 3591 2078 3627 ⁷1⁷.
2116 3591 2152 3635 1,
2257 3591 2346 3626 524
2384 3591 2502 3640 sqq.

824 3887 907 3943 De
935 3886 1204 3944 Macario
1233 3887 1444 3945 abbate
1470 3889 1786 3960 Aegpytio.

573 3980 620 4031 l.
651 3977 918 4033 Narravit
957 3976 1030 4031 de
1053 3993 1112 4032 se
1145 3978 1278 4048 ipso
1311 3979 1597 4034 Macarius
1627 3980 1820 4035 abbas
1851 3980 2148 4052 dixitque:

499 4063 752 4132 Quando
801 4081 964 4120 eram
1012 4066 1260 4132 iuvenis,
1294 4072 1350 4122 et
1402 4068 1462 4122 in
1504 4067 1713 4124 cellula
1757 4069 2040 4125 sedebam
2095 4070 2152 4124 in

497 4155 790 4224 Aegypto,
817 4155 1342 4226 apprehenderunt
1374 4171 1468 4210 me
1490 4173 1560 4212 ac
1579 4157 1842 4212 fecerunt
1871 4159 2153 4214 clericum

500 4243 562 4298 iu
591 4243 755 4308 vico;
789 4243 894 4297 sed
933 4243 1141 4297 nolens
1180 4245 1558 4315 acquiescere
1589 4244 1712 4316 fugi
1743 4247 1819 4300 ad
1849 4246 2032 4301 alium
2074 4247 2154 4302 lo-

501 4346 660 4387 cum.
689 4333 750 4385 Et
776 4331 933 4385 venit
972 4331 1048 4385 ad
1083 4348 1176 4387 me
1207 4332 1528 4388 saecularis
1557 4334 1642 4388 vir
1678 4333 1833 4403 pius,
1877 4337 1978 4405 qui
2007 4336 2156 4390 acci-

502 4419 704 4492 piebat
733 4419 899 4490 quod
951 4420 1232 4475 manibus
1287 4421 1601 4491 operabar,
1656 4426 1714 4476 et
1782 4423 2157 4479 ministrabat

505 4509 671 4565 mihi.
692 4507 1164 4577 Contigitautem
1193 4525 1294 4580 per
1331 4511 1734 4574 tentationem,
1773 4518 1832 4566 ut
1854 4513 2156 4582 quaedam

505 4598 935 4669 virgolapsasit
966 4598 1026 4653 in
1047 4603 1342 4670 stuprum.
1382 4601 1607 4654 Eacum
1639 4604 1872 4656 uterum
1906 4608 2152 4670 gereret,

499 4687 995 4758 interrogabatur,
1028 4688 1163 4759 quis
1188 4693 1342 4743 esset
1362 4694 1568 4744 auctor
1581 4689 2158 4760 criminis?Respon~

503 4777 588 4833 dit
611 4777 1040 4833 anachoretam
1064 4793 1208 4834 esse.
1241 4776 1405 4833 Unde
1428 4779 1647 4846 egressi
1677 4793 1810 4834 com
1825 4780 2160 4850 prehende-

505 4871 644 4922 runt
669 4866 1274 4938 meadduxeruntque
1296 4866 1372 4922 ad
1398 4867 1596 4922 vicum
1625 4886 1640 4938 ;
1663 4873 1839 4940 atque
1853 4870 2160 4940 appende-

507 4955 809 5013 runtcollo
836 4955 1078 5028 {uligine
1093 4955 1337 5012 infectas
1351 4956 1500 5012 ollas
1513 4972 1651 5013 cum
1674 4959 1834 5014 ausis
1849 4975 2153 5026 vasorum,

2338 3895 2485 3962 Περὶ
2525 3898 2633 3943 τοῦ
2675 3888 2840 3942 ἀϐϐᾶ
2878 3894 3219 3964 Μακαρίαν
3253 3897 3364 3943 τοῦ
3404 3889 3793 3960 Αἰγυπτίου.

2340 3986 2392 4038 l.
2477 3985 2773 4051 Διηγήσατο
2847 3985 2964 4054 περὶ
3047 3979 3232 4032 ἑαυτοῦ
3283 3981 3309 4032 ό
3363 3978 3524 4040 ἀϐϐᾶς
3573 3980 3874 4051 Μακάριος,

2262 4070 2420 4141 λέγων
2455 4088 2466 4100 ⁸
2501 4072 2582 4124 ὅτε
2608 4075 2766 4142 ἤμην,
2806 4076 3044 4143 νεώτερος
3077 4088 3140 4141 με
3197 4073 3287 4122 καὶ
3342 4070 3610 4140 ἐκαθήμην
3651 4069 3716 4129 εἰς
3759 4067 3879 4120 κελ-

2263 4159 2374 4211 λίον
2433 4160 2502 4218 εὶς
2579 4162 2857 4228 Αἰγυπτον,
2937 4158 3234 4232 ἐκράτησάν
3308 4177 3371 4230 με
3444 4162 3535 4211 καὶ
3612 4157 3880 4215 ἐποίησαν

2479 4247 2723 4321 κληρικόν
2775 4248 2844 4310 εἱς
2893 4253 2983 4306 τὴν
3013 4255 3192 4320 κώμην
3227 4269 3239 4282 ·
3291 4252 3379 4300 καὶ
3415 4253 3486 4319 μὴ
3523 4246 3677 4300 θέλων
3703 4266 3884 4299 κατα-

2268 4333 2541 4400 δέξασθαι,
2590 4340 2770 4408 ἓφυγον
2819 4336 2888 4398 εἰς
2927 4339 3093 4410 ἕτερον
3120 4343 3276 4391 τόπον
3306 4355 3318 4369 ·
3353 4343 3443 4390 καὶ
3487 4334 3611 4396 ἦλθε
3651 4340 3780 4408 πρὸς
3807 4357 3884 4408 με

2267 4424 2484 4487 εὐλαϐὴς
2529 4430 2798 4496 κοσμικὰς,
2851 4432 2940 4479 καὶ
2991 4427 3243 4498 ἐλάμϐανε
3286 4430 3343 4480 τό
3393 4426 3696 4500 ίργόχειρόν
3745 4445 3877 4497 μου,

2267 4519 2356 4566 καὶ
2395 4511 2628 4572 διηκόνει
2659 4535 2746 4587 μοι
2787 4531 2797 4543 ·
2837 4516 3023 4574 συνέϐη
3072 4514 3129 4569 δὲ
3177 4515 3277 4569 ἀπὸ
3310 4523 3604 4591 πειρασμοῦ
3632 4517 3653 4550 ³
3684 4517 3883 4587 παρθέ-

2267 4621 2350 4654 νον
2391 4607 2506 4656 τινὰ
2537 4605 2607 4666 εἰς
2652 4610 2744 4662 τὴν
2792 4612 2972 4678 κώμην
3017 4605 3249 4659 ἐκπεσεῖν
3281 4620 3296 4636 ⁹
3342 4611 3431 4657 καὶ
3477 4604 3710 4657 λαϐοῦσα
3740 4608 3884 4657 κατὰ

2267 4697 2497 4766 γαστρός
2542 4695 2778 4766 ἠρωτᾱτο
2825 4700 2898 4755 τίς
2943 4698 3018 4752 εἴη
3061 4696 3087 4746 6
3137 4703 3289 4747 τοῦτο
3344 4699 3682 4759 πεποιηκώς;
3730 4695 3760 4750 ἡ
3816 4691 3886 4747 δὲ

2269 4781 2432 4853 ἔλεγεν
2461 4803 2473 4815 ·
2509 4784 2534 4835 ό
2563 4782 2916 4856 ἀναχωρητὴς
2946 4802 2955 4813 ·
2982 4790 3072 4836 καὶ
3117 4783 3395 4847 ἐξελθόντες
3430 4781 3705 4836 συνέλαϐον
3757 4801 3824 4854 με
3859 4785 3882 4819 ⁸

2269 4871 2336 4932 εἰς
2379 4878 2471 4930 τὴν
2512 4878 2710 4944 κώμην,
2761 4879 2848 4926 καὶ
2901 4877 3188 4945 ἐκρέμασαν
3232 4876 3280 4924 ἓν
3337 4880 3409 4942 τῷ
3463 4872 3716 4945 τραχήλῳ
3773 4892 3885 4943 μου

2269 4961 2634 5034 ἠσϐολωμένας
2671 4966 2871 5035 χύτρας
2921 4967 3010 5015 καὶ
3041 4965 3173 5016 ὠτία
3219 4965 3421 5034 κούφων
3471 4963 3554 5034 (a)
3596 4967 3686 5015 καὶ
3735 4981 3890 5037 περι-

1916 5085 2173 5141 VARIAE
2203 5085 2604 5145 LECTIONES.

581 5215 602 5249 ⁸
633 5214 720 5272 Al.
752 5213 937 5271 inser.
971 5210 1296 5271 διαϐολικοῦ.
1377 5215 1398 5252 ⁸
1425 5216 1510 5273 ΑΙ.
1541 5216 1588 5270 οὶ
1616 5223 1710 5280 τῆς
1736 5221 1936 5292 κώμης,

2093 5336 2346 5394 NOTAE.

583 5455 664 5581 ta)
693 5455 814 5508 Κού
832 5475 978 5527 φων,
1003 5471 1114 5512 vox
1144 5457 1664 5525 graeco-barbara,
1681 5475 1746 5515 ex
1765 5474 1979 5527 graeca
1992 5467 2172 5533 κῦφος,

609 5527 1017 5581 allor.Praeter
1044 5530 1496 5581 Rralnmaticos.
1523 5532 1906 5581 Orientalium
1924 5533 2172 5581 Svnndi-

509 5526 568 5582 ni
587 5526 1017 5604 fal_lor.Praet_er
1044 5530 1496 5604 grammaticos.
1523 5532 1906 5604 Orientalium
1924 5526 2172 5604 Synodi-

511 5614 582 5654 ca
600 5599 676 5673 ad
699 5598 1562 5673 Tbeopbilumimperatorem,
1598 5603 1652 5673 in
1688 5598 2030 5673 Originibus
2065 5605 2168 5660 ΟΡ.

512 5669 874 5726 (Σοωῡθῇεὶῑ
917 5687 975 5742 p.
1055 5671 1144 5725 131
1186 5669 1222 5727 :_
1249 5673 1524 5744 περικλείει
1602 5669 1888 5726 ἑαυτόυῒὶυ
1916 5683 2022 5737 τοῖς
2082 5675 2172 5727 τοῦ

2286 5465 2580 5535 ᾼαγιστεώς
2617 5462 2841 5533 μεγάλου
2900 5462 3119 5534 λουτροῦ
3176 5471 3275 5514 τῶν
3342 5467 3570 5534 καμίνων
3633 5466 3882 5535 κούφοις.

2290 5534 2354 5588 In
2386 5534 2650 5600 Dagistei
2699 5535 2898 5603 magni
2929 5535 3128 5592 balnei
3155 5535 3527 5591 caminorum
3569 5534 3750 5604 cupis
3766 5551 3896 5594 sese

2285 5606 2563 5660 includit.
2601 5610 2872 5662 Cornua.
