4078 6194
201 296 297 352 237

1557 295 2217 361 APOPHTHEGMATA.

3463 303 3569 360 238

196 424 535 495 εκόμπευσοίν
561 442 626 495 με
655 422 706 475 ἓν
744 430 806 495 τῇ
838 427 988 496 κώμῃ
1021 424 1157 476 κατὰ
1185 421 1422 497 ἄμφοδον
1455 424 1556 496 (a),
1588 426 1806 477 τύπτον-

1917 430 1973 481 et
1992 427 2522 487 circumduxerunt
2554 447 2647 488 me
2674 432 2732 487 in
2762 430 2893 485 vico
2917 442 3022 500 per
3048 428 3335 499 compita,
3364 430 3567 487 verbe-

192 516 267 571 τές
322 532 386 583 με
439 518 533 564 καὶ
562 512 791 583 λέγοντες
824 530 835 542 ·
867 513 1018 576 οὗτος
1043 514 1069 565 6
1099 517 1336 586 μοναχός
1389 516 1610 587 ἔφθειρεν
1658 517 1805 588 ἡμῶν

190 606 282 659 τήν
340 604 623 675 παρθένον,
676 600 857 655 λάϐετε
900 602 1076 668 αὐτὸν,
1132 602 1330 657 λάϐετε.
1381 609 1470 655 καὶ
1512 604 1706 675 ἓτυφάν
1742 626 1807 678 με

190 694 341 763 παρά
382 694 572 764 μικρὸν
621 698 712 743 τοῦ
762 689 1057 746 ἀποθανεῖν.
1099 690 1257 744 έλθών
1291 690 1353 745 δέ
1402 712 1473 753 τις
1500 701 1599 744 τῶν
1628 699 1805 769 γερόν-

194 799 294 832 των
328 776 467 832 εἶπεν
494 797 508 809 ’
550 781 645 840 ἕως
697 784 823 833 πότε
870 782 1083 834 τύπτετε
1132 784 1221 834 τὸν
1269 780 1404 845 ξένον
1450 789 1724 854 μοναχον;
1778 786 1804 837 6

192 865 252 921 δε
302 864 562 920 διακονῶν
607 886 699 940 μοι
744 867 1019 927 ἠκολούθει
1079 869 1249 922 ὀπίσω
1294 888 1395 942 μου
1445 866 1753 942 αἰδούμενος
1786 892 1800 907 ο

194 954 336 1015 ἦσαν
380 960 486 1031 γὰρ
516 956 822 1030 ὑϐρίζοντες
853 957 1008 1010 αὐτὸν
1054 958 1219 1011 πολλὰ
1254 963 1345 1011 xui
1376 958 1603 1031 λέγοντες
1634 977 1647 990 ·
1686 957 1803 1014 ἰδοὺ

188 1048 215 1099 6
246 1045 630 1120 ἆναχωρητης,
664 1046 717 1099 ὃν
738 1048 761 1083 ⁵
797 1049 862 1100 σὺ
890 1050 1215 1120 ἑμαρτύρεις,
1239 1052 1292 1100 τί
1314 1046 1529 1107 έποὶησε
1556 1068 1573 1121 ς
1604 1053 1694 1102 καὶ
1721 1049 1803 1104 λέ-

188 1153 378 1205 γουσιν
410 1136 464 1187 οἱ
508 1141 673 1206 γονεῖς
702 1138 870 1197 αὐτῆς
897 1152 911 1167 ο
1178 1136 1273 1189 οὐκ
1304 1135 1591 1210 ἀπολύομεν
1621 1138 1799 1207 αὐτόν,

190 1227 284 1286 ἕως
335 1220 414 1295 δῷ
470 1225 735 1296 ἐγγυητὴν
777 1231 871 1277 τοῦ
919 1230 1116 1300 τρέφειν
1162 1225 1345 1287 αὐτήν.
1401 1231 1491 1279 καὶ
1546 1224 1686 1279 εἶπον
1730 1236 1803 1299 τῷ

192 1310 486 1386 διακονητῇ
535 1332 637 1385 μου
669 1333 684 1346 ’
717 1318 811 1367 xui
864 1313 1232 1386 ένηγγυήσατο
1286 1335 1373 1387 με.
1434 1320 1525 1368 καὶ
1570 1315 1800 1371 ἀπελθὼν

190 1403 259 1466 εἰς
289 1406 348 1455 τὸ
400 1402 600 1455 κελλίον
646 1418 771 1475 μου,
802 1399 979 1457 ἔδωκα
1024 1403 1166 1474 αὐτῷ
1208 1406 1311 1457 ὅσα
1340 1402 1485 1476 εἶχον
1517 1403 1797 1478 σπυρίδια,

188 1492 347 1564 λέγων
378 1512 393 1525 ’
428 1492 674 1551 πώλησον
728 1497 821 1545 καὶ
872 1490 965 1554 δὸς
992 1501 1053 1565 τῇ
1085 1498 1295 1565 γυναικί
1334 1512 1433 1565 μου
1473 1502 1672 1567 φαγεῖν.
1712 1501 1802 1549 καὶ

192 1582 366 1652 ελεγον
416 1590 491 1652 τῷ
537 1581 778 1654 λογισμῷ
836 1601 935 1653 μου
970 1600 982 1613 ·
1015 1585 1274 1658 Μακάριε.
1311 1579 1428 1635 ἰδοὺ
1467 1583 1607 1656 εὗρες
1636 1583 1802 1656 ἐαυτῷ

190 1678 425 1742 γυναῖκα
448 1688 462 1701 ⁸
514 1675 625 1746 χρὴ
658 1670 978 1743 ἐργάζεσθαι
1010 1675 1197 1745 μικρὸν
1228 1676 1478 1746 περισσὸν
1506 1674 1548 1739 ⁸,
1579 1675 1661 1725 ἶνα
1690 1678 1800 1748 τρέ-

1914 523 2114 572 rantes
2134 535 2205 575 ac
2234 518 2522 576 dicentes:
2554 522 2664 576 lste
2693 519 3024 575 monachus
3044 517 3271 574 vitiavit
3293 524 3563 576 nostram

1914 605 2202 675 virginem
2231 628 2243 675 ;
2278 610 2469 681 capite
2500 624 2660 674 eum,
2686 608 2901 679 capite.
2932 606 2995 661 Et
3020 614 3446 677 percusserunt
3469 624 3565 664 me

1914 698 2195 764 paenead
2215 698 2776 753 mortem.Accedens
2792 713 2927 752 vero
2947 695 3160 767 aliquis
3177 712 3382 751 senum
3396 697 3561 753 dixit:

1916 784 2239 858 Quousque
2270 787 2512 842 caeditis
2538 786 2902 842 monachum
2928 784 3108 838 istum
3132 784 3563 855 peregrinum?

1915 874 2021 939 Qui
2052 881 2252 931 autem
2282 876 2427 932 mihi
2463 874 2857 937 ministrabat,
2887 872 3250 943 sequebatur
3279 878 3413 944 post
3444 889 3562 941 me,

1914 964 2143 1033 pudore
2193 964 2478 1020 suffusus.
2514 963 2706 1020 Multis
2747 964 2971 1034 quippe
3008 960 3383 1017 contumeliis
3423 978 3564 1019 eum

1913 1051 2237 1109 aﬂecerant
2284 1054 2547 1109 dicentes
2613 1069 2624 1107 :
2685 1054 2829 1107 Ecce
2886 1050 3268 1113 anachoreta,
3336 1049 3432 1105 cui
3500 1055 3564 1107 tu

1913 1142 2316 1198 testimonium
2377 1141 2757 1213 perhibebas,
2808 1139 2953 1212 quid
3002 1139 3139 1194 fecit
3195 1137 3223 1192 εἰ
3276 1140 3344 1193 Et
3399 1138 3567 1195 aiunt

1913 1236 2188 1301 parentes
2210 1229 2443 1302 puellae
2467 1246 2479 1283 :
2502 1232 2627 1286 Non
2640 1228 3010 1284 dimittemus
3032 1241 3192 1291 eum,
3207 1226 3399 1283 donec
3424 1226 3566 1282 ﬁde-

1911 1318 2205 1374 iussorem
2248 1318 2495 1385 dederit,
2538 1318 2705 1389 quod
2743 1316 2992 1372 aliturus
3043 1316 3118 1370 sit
3164 1331 3321 1370 eam.
3360 1316 3566 1387 Itaque

1912 1406 2243 1479 signiﬁcavi
2274 1406 2545 1462 ministro
2572 1406 2650 1461 illi
2683 1420 2836 1469 meo,
2866 1410 2925 1459 et
2950 1402 3279 1475 spopondit
3310 1418 3420 1474 pro
3442 1419 3561 1459 me.

1910 1498 2057 1551 Tum
2087 1495 2295 1551 abiens
2317 1494 2378 1549 in
2400 1494 2674 1550 cellulam
2706 1509 2927 1557 meam,
2961 1491 3099 1547 dedi
3132 1491 3183 1546 ei
3209 1508 3361 1563 quas
3377 1490 3563 1548 habui

1913 1586 2233 1656 sportulas,
2249 1584 2488 1640 dicens:
2515 1583 2711 1640 Vende
2728 1580 2942 1637 etaffer
2960 1580 3164 1636 cibum
3190 1580 3353 1635 uxori
3373 1596 3563 1637 meae.

1914 1675 1979 1728 Et
2017 1672 2180 1743 apud
2212 1688 2305 1727 me
2342 1691 2354 1730 :
2390 1672 2621 1735 Macari,
2669 1671 2944 1742 inquam,
2976 1684 3112 1724 ecce
3146 1668 3249 1724 tibi
3286 1668 3564 1725 invenisti

192 1781 289 1834 φης
332 1760 502 1818 αὐτήν
539 1777 553 1790 ·
598 1765 690 1812 xui
737 1760 1057 1833 εἰργαζόμην
1106 1764 1271 1813 νύκτα
1314 1766 1405 1813 καὶ
1454 1764 1673 1835 ἡμεραν,
1708 1767 1798 1816 καὶ

1917 1777 2160 1817 uxorem
2196 1779 2210 1830 ;
2242 1766 2493 1833 oportet,
2528 1766 2587 1815 ut
2627 1759 2809 1831 paulo
2858 1757 3116 1829 amplius
3148 1757 3410 1822 labores,
3440 1771 3563 1828 quo

193 1851 423 1918 ἔπεμπον
464 1848 620 1921 αὐτῇ.
671 1853 757 1901 xui
812 1851 896 1902 ὅτε
944 1846 1091 1907 ἦλθεν
1144 1851 1170 1901 6
1208 1854 1389 1922 καιρὸς
1438 1858 1498 1923 τῇ
1544 1849 1697 1924 ἆθλίᾳ
1728 1871 1803 1905 τε·

192 1943 321 2000 κεῖν,
373 1940 568 2007 εμεινεν
628 1936 713 1990 ἰπὶ
762 1937 953 2000 πολλὰς
999 1939 1193 2013 ἡμέρας
1252 1938 1666 2012 βασανιζομένη,
1713 1945 1800 1993 καὶ

194 2025 290 2077 οὐκ
334 2028 523 2079 ἔτικτε.
570 2030 660 2079 καὶ
688 2026 929 2098 λέγουσιν
961 2027 1092 2100 αὐτῇ
1125 2045 1137 2057 ·
1196 2031 1247 2080 τί
1292 2026 1404 2081 ἔστι
1432 2037 1586 2080 τοῦτο
1619 2045 1633 2096 ;
1671 2031 1700 2087 ἡ
1746 2026 1805 2082 δι

199 2110 331 2166 εἶπεν
355 2131 371 2145 ·
405 2113 509 2185 ἐγὼ
551 2111 676 2167 οἶδα
703 2136 717 2150 ο
750 2117 833 2168 ὃτι
874 2118 959 2167 τὸν
1008 2114 1354 2191 ἁναχωρητην
1386 2115 1805 2189 ἐσυκοφάντησα,

197 2207 284 2255 xui
336 2202 650 2275 ψευσαμένη
691 2205 1028 2276 ᾐτιασάμην·
1072 2212 1161 2257 xui
1208 2206 1355 2266 οὗτος
1388 2205 1480 2258 οὐκ
1529 2209 1641 2278 ἔχει
1672 2212 1808 2281 πρᾶ-

196 2312 322 2363 γμα,
379 2291 494 2344 ἀλλ’
525 2293 552 2345 6
584 2289 729 2347 δεῖνα
778 2295 805 2346 6
848 2300 1110 2369 νεώτερος.
1158 2300 1249 2348 καὶ
1290 2294 1444 2348 ἕλθων
1475 2296 1501 2347 ὀ
1547 2292 1805 2349 διακονῶν

200 2400 283 2451 μοι
314 2386 531 2454 χαίρων
573 2382 756 2455 ἔλεγεν,
810 2384 891 2435 ὅτι
937 2384 1033 2436 οὐκ
1076 2380 1318 2444 ἠδυνήθη
1352 2393 1513 2438 τεκεῖν
1542 2388 1573 2445 ἡ
1615 2388 1804 2458 παρθέ-

199 2489 278 2531 νος
305 2470 503 2532 ἐκείνη,
550 2473 641 2532 ἕως
688 2472 751 2524 οὗ
798 2472 1103 2545 ὡμολόγησε
1158 2473 1403 2545 λέγουσα,
1437 2475 1512 2526 ὅτι
1553 2475 1647 2527 οὐκ
1691 2477 1805 2547 ἔχει

199 2566 421 2631 πρᾶγμα
462 2562 492 2612 6
525 2558 903 2632 ἀναχωρητής,
938 2561 1047 2615 ἀλλ’
1092 2561 1396 2635 έψευσάμην
1444 2564 1560 2617 κατ’
1592 2564 1754 2618 αὑτοῦ
1788 2581 1801 2597 ’

198 2654 282 2701 καὶ
313 2645 439 2703 ἰδοὺ
470 2656 625 2703 πᾶσα
654 2651 683 2707 ἠ
726 2655 877 2722 κώμη
931 2650 1060 2704 θέλει
1102 2652 1261 2705 ἑλθεῑν
1543 2650 1648 2707 ὧδε
1675 2657 1808 2727 μετὰ

199 2736 323 2803 δόξῃ
336 2760 381 2804 ς,
409 2744 500 2791 καὶ
528 2744 853 2811 μετανοῆσαί
897 2759 1000 2794 σοι.
1034 2744 1133 2813 ἐγὼ
1165 2738 1225 2795 δι
1254 2741 1481 2805 ἀκούσας
1509 2752 1693 2809 ταῦτα,
1724 2745 1806 2797 ἶνα

198 2833 263 2899 μή
300 2828 540 2898 θλέψωσί
572 2847 636 2899 με
672 2829 723 2880 οἱ
765 2829 1051 2902 ἄνθρωποι,
1097 2828 1317 2889 ἀνέστην
1343 2836 1433 2884 καὶ
1470 2834 1656 2904 ἔφυγον
1702 2828 1806 2885 ὧδε

200 2917 267 2977 εἰς
296 2924 513 2977 Σκῆτιν.
539 2917 672 2975 αὕτη
702 2920 848 2971 εστὶν
870 2919 901 2977 ἠ
936 2917 1079 2991 ἀρχὴ
1113 2927 1209 2981 τῆς
1239 2920 1431 2988 αἰτίας,
1471 2918 1545 2973 δι’
1569 2921 1629 2980 ἣν
1652 2919 1805 2981 ἦλθον

200 3003 299 3059 ὧδε
328 3006 436 3077 (ο).

268 3188 321 3239 2.
367 3182 532 3237 Ἠλθέ
564 3202 689 3237 ποτε
736 3185 1009 3257 Μακάριος
1045 3186 1071 3238 6
1104 3186 1387 3259 Αἰγύπτιος
1426 3186 1529 3241 ἀπὸ
1579 3194 1810 3250 Σήκτεως

202 3273 271 3334 εἰς
299 3276 361 3325 τὸ
393 3276 519 3345 ὅρος
547 3281 639 3333 τῆς
674 3278 911 3346 Νιτρίας,
943 3275 1015 3338 εἰς
1043 3280 1137 3335 τὴν
1176 3280 1478 3351 προσφορὰν
1535 3285 1627 3330 τοῦ
1672 3277 1809 3331 ἁϐϐᾶ

201 3360 438 3433 Παμϐῶο
493 3366 584 3414 καὶ
629 3361 869 3433 λέγουσιν
920 3363 1061 3435 αὐτῷ
1110 3367 1159 3417 οἱ
1218 3369 1451 3439 γέροντες
1479 3384 1491 3397 ·
1527 3366 1635 3420 εἰπε
1664 3368 1813 3441 ῥῆμα

197 3460 308 3513 τοῖς
358 3448 626 3523 ἀδελφοῖς,
679 3454 863 3527 πάτερ.
898 3453 924 3505 6
978 3450 1038 3507 δε
1070 3450 1205 3507 εἶπεν
1240 3476 1252 3489 ·
1286 3454 1384 3527 ἐγὼ
1423 3459 1568 3509 οὔπω
1624 3461 1809 3529 γέγονα

198 3545 458 3613 μοναχός,
494 3538 604 3592 ἀλλ’
634 3537 774 3593 εἶδον
803 3546 1073 3614 μοναχούς
1106 3559 1120 3573 ·
1142 3545 1418 3617 καθημένῳ
1445 3548 1546 3620 γὰρ
1574 3551 1663 3618 μοί
1685 3565 1809 3600 ποτε

199 3630 250 3683 έν
296 3638 373 3701 τῷ
426 3628 612 3701 κελλίῳ
664 3629 735 3690 εἰς
789 3637 995 3697 Σκῆτιν,
1029 3632 1281 3704 ὤχλησάν
1328 3653 1417 3706 μοι
1467 3637 1515 3687 οἱ
1560 3635 1806 3709 λογισμοὶ

198 3720 435 3790 λέγοντες
467 3739 482 3752 ο
514 3718 702 3772 ἄπελθε
746 3719 819 3782 εἰς
850 3724 943 3779 τὴν
983 3723 1193 3796 ἔρημον,
1238 3728 1328 3774 καὶ
1372 3720 1452 3776 ἰδὶ
1510 3728 1561 3776 τί
1600 3723 1808 3797 βλέπεις

199 3812 300 3861 εκεῖ
328 3828 347 3843 ⁸
408 3810 586 3879 ἔμεινα
629 3804 689 3861 δε
735 3808 969 3881 πολεμῶν
1020 3806 1091 3881 τῷ
1119 3810 1357 3883 λογισμῷ
1405 3816 1553 3865 πέντε
1582 3816 1690 3877 ἔτη,
1726 3813 1805 3867 λέ-

196 3918 327 3967 γων,
370 3902 563 3969 μήπως
604 3896 705 3950 ἀπὸ
754 3894 1017 3969 δαιμόνων
1058 3902 1219 3955 ἓστίν.
1271 3906 1359 3954 καὶ
1398 3904 1467 3963 ὡς
1520 3904 1750 3975 έπέμένεν
1780 3906 1805 3957 6

198 3986 480 4058 λογισμὸς,
536 3985 767 4047 ἀπῆλθον
810 3988 884 4050 εἰς
922 3992 1017 4047 τὴν
1066 3992 1255 4062 ἔρημον
1288 4006 1301 4019 ’
1361 3995 1452 4053 καὶ
1504 3990 1648 4063 εὗρον
1706 3993 1809 4045 εκεῖ

198 4076 387 4150 ligans
418 4072 650 4143 ὑδάτων,
669 4082 759 4131 xui
778 4086 937 4137 νῆσον
961 4081 1011 4131 ἓν
1038 4083 1181 4152 μέσῳ
1208 4079 1370 4143 αὐτῆς
1404 4096 1416 4110 ⁸
1447 4086 1537 4133 καὶ
1567 4078 1720 4140 ἦλθον
1743 4084 1809 4136 τὰ

198 4171 369 4225 κτήνη
399 4174 501 4227 τῆς
530 4168 725 4238 ἱρήμου
756 4174 890 4220 πιεῖν
930 4166 982 4231 έξ
1018 4168 1179 4231 αὐτῆς
1201 4186 1213 4197 ’
1271 4174 1360 4222 xui
1400 4166 1539 4224 εἶδον
1586 4172 1633 4223 έν
1664 4176 1806 4243 μέσῳ

203 4259 374 4308 αὐτῶν
402 4252 439 4307 δ
443 4258 505 4308 ύο
534 4254 834 4329 ἀνθρώπους
860 4260 1093 4329 γυμνούς
1125 4274 1139 4289 ⁶
1170 4263 1260 4311 καὶ
1290 4256 1548 4313 έδειλίασε
1573 4263 1631 4312 τὸ
1656 4263 1807 4333 σῶμά

201 4365 304 4416 μου
341 4362 355 4374 ·
621 4344 839 4417 ἐνόμισα
888 4348 990 4421 γὰρ
1030 4348 1106 4400 ὅτι
1145 4350 1413 4420 πνεύματά
1459 4349 1614 4405 εἰσιν.
1657 4350 1807 4403 αὐτοὶ

205 4415 265 4486 δέ
294 4452 360 4505 με
390 4436 465 4494 ὡς
494 4415 633 4486 εἶδον
678 4415 969 4499 δειλιῶντα,
1020 4415 1281 4495 ἐλάλησαν
1318 4441 1444 4511 πρός
1468 4457 1531 4509 με
1560 4459 1572 4471 ·
1613 4443 1686 4509 μὴ
1720 4458 1807 4511 φο·-
1844 4415 1883 4469 D

204 4522 299 4575 66-)
330 4539 343 4552 ·
401 4528 493 4574 xui
543 4524 691 4594 ἡμεῖς
738 4525 1000 4597 ἄνθρωποί
1046 4524 1215 4597 ἐσμεν.
1276 4531 1365 4578 καὶ
1408 4527 1548 4579 εἷπον
1592 4527 1802 4588 αὐτοῖς·

206 4613 361 4664 ποθεν
401 4614 542 4676 ἑστέ,
574 4616 663 4664 καὶ
712 4620 822 4674 πῶς
868 4612 1045 4671 ἤλθετε
1087 4614 1161 4677 εἰς
1198 4619 1292 4674 τὴν
1340 4618 1530 4687 ἔρημον
1561 4618 1756 4674 ταύτην
1788 4637 1800 4679 ς

208 4706 294 4753 xui
344 4697 487 4753 εἶπον
516 4719 530 4732 ·
576 4699 675 4753 ἀπὸ
732 4700 991 4755 κοινοϐίου
1048 4704 1239 4775 έσμέεν
1299 4709 1385 4756 xui
1434 4709 1639 4776 γέγονεν
1683 4706 1806 4777 ἡμῖν

211 4793 509 4861 συμφωνία,
564 4795 655 4842 καὶ
706 4788 978 4861 ἐξήλθομεν
1032 4788 1135 4845 ὧδε
1167 4812 1180 4825 ·
1236 4789 1352 4845 ἰδοὺ
1418 4795 1807 4865 τεσσαράκοντα

210 4882 327 4937 ἔτι,
376 4882 468 4931 xui
508 4878 536 4929 6
573 4880 665 4950 μεν
693 4880 713 4912 ⁷
768 4879 842 4941 εἰς
879 4880 1180 4953 Αἰγύπτιος,
1222 4883 1247 4935 6
1280 4879 1338 4935 δε
1368 4882 1535 4955 ἕτερος
1579 4882 1808 4945 Λιϐυκὸς

1914 1851 2143 1907 nutrias
2160 1866 2315 1906 eam.
2338 1852 2396 1905 Et
2428 1849 2724 1922 operabar
2753 1852 2933 1902 noctu
2960 1862 3029 1901 ac
3061 1845 3338 1915 interdiu,
3375 1846 3563 1901 mitte-

1914 1940 2179 2012 bamque
2200 1940 2274 1995 ei.
2308 1939 2488 1995 Porro
2509 1952 2649 1994 cum
2665 1935 2909 1992 advenit
2939 1940 3176 2006 tempus
3206 1934 3478 1998 miserae,
3503 1938 3565 1989 ut

1916 2035 2167 2101 pareret,
2199 2028 2279 2084 ad
2318 2028 2532 2083 multos
2560 2026 2688 2081 dies
2727 2026 2784 2081 in
2816 2022 3178 2080 cruciatibus
3210 2022 3562 2096 permansit,

1914 2133 2025 2173 nec
2054 2117 2344 2189 pariebat.
2380 2120 2818 2179 Percontantur,
2860 2111 3009 2184 quid
3044 2112 3158 2168 hoc
3206 2111 3416 2167 esset?
3463 2110 3566 2167 llla

1915 2206 2228 2280 respondit
2258 2226 2271 2265 :
2313 2208 2433 2274 Ego
2460 2204 2585 2259 scio
2617 2219 2632 2269 ;
2673 2201 2964 2275 quoniam
2996 2200 3426 2256 anachoretam
3465 2215 3565 2256 ca-

1914 2296 2205 2353 lumniata
2235 2311 2391 2360 sum,
2424 2293 2803 2364 mendaxque
2833 2290 3116 2347 accusavi
3142 2308 3155 2357 ;
3186 2304 3380 2361 neque
3405 2290 3566 2345 enim

1916 2385 2011 2441 hic
2041 2384 2100 2439 in
2146 2383 2325 2455 culpa
2362 2388 2473 2449 est,
2510 2381 2616 2438 sed
2646 2380 2740 2436 ille
2770 2380 3023 2435 iuvenis.
3055 2380 3217 2435 Tunc
3246 2378 3349 2450 qui
3383 2377 3561 2433 mini-

1917 2473 2148 2530 strabat
2188 2472 2360 2537 mihi,
2406 2472 2598 2527 laetus
2629 2469 2958 2527 adveniens
2988 2466 3337 2523 nunciavit:
3391 2467 3565 2536 Virgo

1916 2562 2017 2618 illa
2055 2578 2176 2617 non
2224 2561 2416 2632 potuit
2443 2575 2670 2631 parere,
2712 2558 2904 2613 donec
2939 2557 3019 2611 ita
3067 2556 3450 2611 conﬁteretur
3480 2555 3567 2610 di-

1915 2668 2056 2708 cens
2086 2670 2099 2705 :
2129 2653 2257 2707 Non
2290 2650 2350 2705 in
2396 2648 2574 2722 culpa
2625 2653 2717 2705 est
2745 2646 3130 2711 anachoreta,
3178 2643 3283 2701 sed
3325 2642 3571 2700 mentita

1917 2757 2052 2796 sum
2083 2741 2373 2796 adversus
2402 2754 2581 2805 eum;
2622 2742 2678 2793 et
2709 2752 2843 2793 ecce
2876 2740 3035 2791 totus
3067 2735 3232 2791 vicus
3263 2734 3380 2789 huc
3407 2748 3573 2789 acce-

1916 2830 2057 2886 dere
2087 2830 2209 2886 vult
2238 2846 2375 2886 cum
2406 2829 2653 2894 honore,
2684 2832 2747 2882 ut
2775 2826 3010 2883 veniam
3043 2841 3079 2881 a
3110 2830 3164 2880 te
3189 2823 3441 2895 supplex
3467 2838 3569 2893 po-

1919 2919 2114 2975 stulet.
2146 2920 2244 2975 His
2290 2934 2402 2990 ego
2445 2916 2687 2982 auditis,
2719 2931 2791 2971 ne
2834 2915 2981 2971 mihi
3030 2913 3363 2971 molestiam
3400 2926 3570 2983 pare-

1917 3015 2049 3065 rent
2086 3008 2380 3074 homines,
2412 3006 2653 3075 surrexi,
2699 3008 2879 3075 atque
2908 3003 3026 3059 huc
3057 3003 3115 3057 in
3159 3002 3377 3057 Scetim
3419 2999 3565 3070 fugi.

1919 3100 2002 3154 En
2034 3098 2395 3170 principium
2430 3108 2799 3167 causamque
2833 3092 2947 3148 mei
2966 3091 3085 3147 huc
3106 3090 3420 3145 adventus.

1990 3191 2048 3244 2.
2090 3185 2383 3242 Macarius
2412 3185 2740 3257 Aegyptius
2792 3179 3119 3252 aliquando
3149 3194 3181 3234 e
3209 3177 3364 3233 Sceti
3407 3176 3566 3233 venit

1920 3276 1998 3333 ad
2022 3282 2287 3331 montem
2307 3274 2519 3330 Nitriae
2549 3276 2607 3328 in
2630 3270 2931 3328 oblatione
2963 3267 3188 3325 Pambo
3213 3266 3472 3323 abbatis.
3503 3267 3569 3322 Et

1919 3366 2123 3421 dicunt
2150 3366 2200 3419 ei
2219 3378 2425 3419 senes:
2459 3362 2803 3417 Sermonem
2826 3359 3025 3431 profer
3050 3356 3350 3420 fratribus,
3374 3359 3564 3427 pater.

1917 3458 2064 3511 Tum
2088 3454 2181 3509 ille
2208 3453 2371 3508 inﬁt:
2398 3454 2516 3522 Ego
2533 3450 2804 3506 nondum
2829 3447 3022 3504 factus
3049 3461 3183 3503 sum
3211 3445 3568 3513 monachus,

1918 3544 2023 3599 sed
2047 3544 2158 3599 vidi
2183 3542 2531 3599 monachos.
2555 3538 2792 3597 Sedenti
2813 3537 2973 3594 enim
2994 3537 3138 3593 mihi
3160 3534 3490 3608 aliquando
3508 3533 3567 3590 in

1918 3633 2131 3689 cellula
2161 3632 2319 3703 apud
2352 3630 2566 3686 Scetim
2604 3630 2894 3685 molestae
2937 3632 3106 3681 erant
3150 3624 3566 3695 cogitationes,

1916 3722 2140 3795 quibus
2161 3720 2414 3777 iubebar
2433 3716 2734 3791 proﬁcisci
2756 3717 2815 3771 in
2835 3714 3241 3780 solitudinem,
3264 3718 3321 3768 et
3344 3712 3565 3777 videre,

1916 3811 2064 3885 quid
2098 3810 2218 3865 illic
2268 3808 2456 3864 oculis
2508 3807 2656 3863 meis
2695 3810 3048 3860 occurreret.
3105 3801 3326 3857 Perstiti
3365 3804 3567 3855 autem

1917 3900 2183 3972 quinque
2208 3897 2404 3961 annis,
2434 3909 2712 3967 pugnans
2740 3890 3025 3947 adversus
3052 3888 3470 3958 cogitationem
3497 3901 3569 3943 ac

1917 3990 2125 4045 dicens
2150 4002 2164 4041 :
2190 3989 2269 4042 Ne
2292 3985 2438 4040 forte
2468 4001 2504 4041 a
2532 3979 2934 4039 daemonibus
2965 3978 3059 4035 sit.
3088 3980 3235 4034 Cum
3270 3990 3409 4032 vero
3438 3990 3570 4048 per-

1917 4072 2646 4144 severaretcogitatio,abii
2660 4072 2721 4127 in
2733 4070 3222 4139 eremum.Atque
3240 4064 3571 4121 illicinveni

1916 4172 2196 4238 stagnum
2213 4180 2351 4221 cum
2365 4162 2634 4219 insulain
2658 4158 2856 4216 medio
2877 4158 3030 4224 eius,
3048 4154 3193 4213 etad
3219 4155 3366 4212 illud
3381 4153 3570 4211 venie-

1920 4257 2064 4313 bant
2082 4255 2309 4311 bestiae
2327 4252 2529 4319 eremi,
2548 4256 2607 4307 ut
2633 4250 2927 4307 biberent.
2947 4249 3107 4315 Quas
3122 4247 3272 4302 inter
3284 4243 3570 4318 conspexi

1916 4347 2067 4403 duos
2082 4345 2355 4401 homines
2371 4342 2587 4407 nudos,
2616 4345 2672 4396 et
2690 4337 3281 4407 contremuitcorpus
3315 4349 3517 4389 meum
3542 4348 3557 4399 ;

1917 4434 2253 4492 existimavi
2268 4432 2425 4489 enim
2442 4446 2573 4486 esse
2587 4427 2979 4501 spiritus.1psi
2995 4442 3133 4481 vero
3146 4429 3459 4496 postquam
3476 4436 3570 4477 me

1920 4525 2196 4581 viderunt
2224 4526 2592 4584 trementem,
2608 4520 2687 4574 ita
2708 4516 2885 4574 locuti
2902 4520 3042 4571 sunt
3066 4513 3206 4569 mihi
3228 4530 3239 4566 :
3259 4510 3381 4568 Noli
3408 4510 3571 4567 time-

1918 4629 1980 4670 re
1997 4630 2011 4678 ;
2026 4614 2205 4668 etiam
2224 4626 2333 4666 nos
2351 4608 2628 4665 homines
2646 4622 2878 4661 sumus.
2896 4602 3089 4660 Etdixi
3106 4602 3176 4657 iis
3194 4618 3207 4652 :
3224 4600 3389 4656 Unde
3401 4599 3567 4663 estis,

1918 4706 1973 4757 et
1993 4700 2298 4773 quomodo
2325 4697 2567 4753 venistis
2589 4696 2647 4751 in
2673 4694 3056 4751 solitudinem
3081 4692 3242 4747 hanc
3262 4687 3291 4743 ‘I
3316 4690 3573 4759 Respon-

1919 4792 2135 4848 derunt
2166 4808 2178 4847 :
2214 4793 2253 4845 E
2283 4788 2574 4846 coenobio
2610 4802 2844 4850 sumus,
2873 4790 3053 4855 atque
3082 4796 3151 4836 ex
3187 4787 3395 4834 mutuo
3426 4791 3570 4832 con-

1922 4897 2103 4937 sensu
2134 4878 2355 4950 egressi
2396 4877 2670 4933 venimus
2702 4875 2839 4939 huc,
2871 4887 3007 4929 ecce
3030 4868 3435 4943 quadraginta
3460 4864 3571 4923 ab-

1566 5059 1800 5119 VARIE
1839 5060 2137 5117 LECTION
2147 5058 2230 5116 ES

285 5211 305 5244 ⁵
332 5209 422 5267 Al.
620 5210 643 5245 ⁸
670 5208 759 5267 ΑΙ.
793 5219 1079 5286 περισσῶς.
1156 5213 1176 5246 ⁷
1209 5209 1301 5270 Al.
1336 5215 1599 5286 ἔχομεν.

1777 5371 2003 5430 NOTAE.

290 5553 372 5636 (ει)
401 5552 998 5636 ηλριμπάμπξνεάν
1028 5570 1101 5623 με
1128 5550 1193 5634 εν.
1224 5558 1514 5636 thr-39.1
1546 5554 1683 5636 ῖιαῖῖ
1711 5554 1825 5625 δίμ-

224 5610 1257 5707 γροὸνμίοίαιεὶῃυμιιίρῐιέοοτςὶεἱ
1274 5610 1453 5707 debet
1466 5610 1685 5707 Velagii
1703 5610 1825 5707 vé‘r-

226 5697 642 5756 sioznu‘serunl
665 5710 761 5752 me
772 5695 1122 5753 circituram
1146 5695 1210 5752 in
1224 5697 1346 5753 vico
1358 5695 1489 5760 illo,
1512 5696 1826 5753 scribendo

1933 5550 2277 5607 ci'rcilurum.
2300 5546 2983 5613 Ed.Lugd.,circuire.An
2998 5541 3293 5598 icircitare
3304 5539 3574 5613 Cornua,

2009 5623 2089 5693 (ὁ)
2121 5622 2204 5677 Cf.
2262 5624 2375 5677 VV.
2425 5610 2530 5676 PP.
2570 5622 2762 5676 Rosw.
2809 5617 2912 5673 lib.
2957 5631 3016 5671 ιιι
3064 5630 3197 5687 cap.
3248 5613 3359 5677 99;
3397 5610 3499 5665 lib.
3532 5611 3575 5662 ν

1937 5693 2118 5752 libell.
2151 5698 2235 5761 i3,
2268 5696 2356 5749 25.
