4088 6192
506 303 615 359 239

1362 296 1457 353 SS.
1502 288 1984 348 MACARIORUM
2022 284 2354 344 AEGYPTII
2393 287 2479 343 ET
2517 285 3020 344 ALEXANDRINI

3760 289 3880 344 240

504 427 646 485 hinc
678 425 821 483 anni
847 424 1295 497 praeterierunt.
1322 422 1510 494 Atque
1534 435 1691 474 unus
1716 434 1744 474 e
1772 417 1947 473 nobis
1972 419 2162 487 Aegy-

2280 414 2503 487 ὑπάρχει
2527 430 2539 443 ⁸
2568 419 2654 467 καὶ
2695 416 2935 488 ἐπηρώτη
2947 414 3041 466 σάν
3071 433 3134 485 με
3162 418 3251 466 καὶ
3283 414 3433 467 αὐτοὶ
3461 414 3685 485 λέγοντες
3713 431 3726 446 ⁸
3760 422 3881 477 πῶς

510 519 669 589 ptius
683 522 788 584 est,
806 514 951 571 alter
962 512 1369 584 Libycus.Ipsi
1387 526 1629 583 quoque
1643 509 2161 578 interrogaverunt

510 622 607 662 me
632 612 686 661 et
711 605 989 659 dixerunt
1022 620 1032 658 :
1064 601 1381 668 Quomodo
1408 616 1471 655 se
1501 598 1683 654 habet
1715 597 1976 651 mundus
2001 595 2029 649 ‘I
2059 597 2159 650 Ve-

511 695 675 749 nitne
700 709 859 766 aqua
887 692 948 748 in
984 697 1253 763 tempore
1273 706 1384 745 suo
1407 688 1435 743 ‘1?
1454 689 1705 744 Mundus
1724 686 2030 741 obtinetne
2060 683 2162 739 ab-

514 782 870 838 undantiam
901 781 1135 837 solitam
1168 779 1195 834 i’
1234 778 1536 850 Respondi
1579 793 1591 831 :
1638 776 1844 830 Etiam.
1895 773 2159 829 Vicissim

511 887 624 942 ego
655 876 1036 943 percontatus
1058 886 1193 924 sum
1219 885 1231 921 :
1256 868 1531 937 Quanam
1554 865 1781 921 ratione
1805 864 1925 919 fieri
1958 870 2163 934 potero

516 962 852 1017 monachus
882 958 911 1015 ἢ
952 958 1129 1013 Aiunt
1171 958 1317 1013 mihi
1349 975 1360 1013 :
1414 957 1530 1012 Nisi
1567 955 1701 1027 quis
1732 952 2167 1009 renunciaverit

514 1049 796 1106 omnibus
824 1048 1034 1103 mundi
1065 1047 1264 1111 rebus,
1298 1061 1415 1101 non
1438 1049 1631 1116 potest
1660 1042 1781 1098 ﬁeri
1808 1044 2163 1098 monachus.

515 1138 762 1209 Excepi:
798 1139 916 1206 Ego
946 1136 1220 1191 infirmus
1248 1150 1404 1199 sum,
1425 1149 1533 1189 nec
1556 1148 1806 1205 possum
1835 1132 2006 1187 sicuti
2036 1146 2162 1187 vos.

516 1229 888 1297 Exceperunt
901 1226 1075 1280 etiam
1092 1224 1200 1280 illi:
1234 1225 1288 1280 Si
1306 1239 1427 1279 non
1442 1227 1630 1294 potes,
1646 1220 2166 1295 quemadmodum

516 1330 648 1381 nos,
669 1314 808 1370 sede
823 1314 881 1369 in
896 1313 1107 1369 cellula
1124 1318 1247 1379 tua,
1262 1320 1318 1369 et
1333 1318 1575 1384 peccata
1592 1317 1691 1367 tua
1708 1308 2168 1376 deﬂe.Quaesivi

518 1404 596 1461 ab
618 1403 735 1459 eis:
772 1404 1024 1469 Quando
1042 1402 1235 1459 hiems
1262 1406 1368 1465 est,
1404 1415 1603 1457 nonne
1635 1400 1846 1469 algetis
1868 1398 1896 1453 i’
1923 1398 2168 1471 quando

522 1497 722 1549 aestus
736 1496 1050 1560 est,nonne
1066 1491 1253 1547 uritur
1270 1506 1489 1562 corpus
1503 1496 1763 1545 vestrum
1782 1488 1810 1543 ?
1831 1489 2169 1560 Responde-

521 1589 658 1639 runt
674 1600 688 1639 :
703 1583 857 1638 Deus
882 1597 1024 1652 erga
1045 1597 1156 1638 nos
1177 1581 1290 1637 hac
1310 1596 1452 1635 usus
1465 1584 1552 1635 est
1569 1578 2020 1648 dispensatione
2038 1594 2050 1632 :
2070 1592 2169 1632 ne-

519 1687 637 1745 que
652 1671 847 1727 hieme
860 1671 1144 1742 rigemus,
1169 1685 1359 1742 neque
1377 1672 1597 1724 aestate
1612 1683 1722 1723 nos
1743 1672 1942 1723 aestus
1966 1666 2164 1722 laedit.

2274 506 2299 556 6
2323 510 2518 569 κόσμος
2548 521 2560 570 ;
2593 508 2678 556 καὶ
2713 504 2756 556 εἰ
2785 506 2997 577 ἔρχεται
3040 508 3096 555 τὸ
3127 500 3271 576 ὕδωρ
3306 506 3442 557 κατὰ
3464 508 3645 576 καιρὸν
3686 503 3878 570 αὑτοῦ,

2273 599 2361 646 καὶ
2400 594 2443 646 εἰ
2491 595 2661 665 ἔχειὸ
2706 598 2902 664 κόσμος
2950 597 3045 650 τὴν
3077 593 3320 651 εὐθηνίαν
3372 593 3555 657 αὐτοῦ,
3589 598 3677 646 καὶ
3731 589 3881 645 εἷπον

2274 682 2452 744 αὐτοῖς
2484 700 2497 713 ⁸
2549 688 2652 737 ναί.
2698 681 2843 754 κάγὼ
2898 682 3081 743 αὐτοὺς
3128 683 3382 756 ἠρώτησα
3414 699 3427 714 ·
3480 691 3592 745 πῶς
3641 679 3881 755 δύναμαι

2274 774 2513 843 γενέσθαι
2550 776 2823 844 μοναχός;
2879 776 2969 823 καὶ
3006 771 3218 843 λέγουσί
3256 791 3345 844 μοι
3374 793 3387 806 ·
3432 774 3517 824 ἐὰν
3557 776 3628 844 μὴ
3672 770 3883 824 ἀποτά-

2277 861 2431 923 ξηταί
2460 881 2539 923 τις
2568 868 2703 915 πᾶσι
2741 868 2851 924 τοῖς
2884 868 2976 914 τοῦ
3014 867 3239 933 κόσμου,
3272 862 3330 914 οὐ
3377 858 3599 914 δύναται
3632 864 3879 932 γενέσθαι

2276 957 2511 1023 μοναχός
2543 969 2555 982 ⁸
2589 957 2678 1004 καὶ
2708 949 2847 1004 εἷπον
2886 951 3062 1012 αὐτοῖς
3090 968 3103 982 ⁸
3154 954 3252 1022 ἐγὼ
3286 950 3510 1013 ἀσθενής
3553 951 3657 1023 εἰμι
3688 956 3780 1004 καὶ
3815 952 3881 1003 οὐ

2279 1038 2508 1113 δύναμαι
2536 1043 2604 1101 ὡς
2653 1042 2796 1112 ὑμεῖς
2826 1058 2837 1070 ·
2872 1045 2962 1094 καὶ
3007 1037 3147 1093 εἶπόν
3186 1061 3273 1114 μοι
3306 1047 3396 1094 καὶ
3426 1040 3575 1094 αὐτοί
3613 1060 3625 1072 ⁸
3665 1045 3756 1093 καὶ
3788 1042 3889 1094 ἐὰν

2277 1130 2335 1182 οὐ
2369 1127 2597 1183 δύνασαι
2640 1133 2708 1191 ὡς
2760 1133 2925 1202 ἡμεῖς,
2980 1133 3143 1184 κάθου
3177 1130 3249 1193 εἰς
3286 1133 3344 1183 τὸ
3388 1129 3583 1183 κελλίον
3625 1149 3741 1195 σου,
3784 1136 3882 1183 καὶ

2278 1220 2502 1272 κλαῡσον
2527 1222 2622 1283 τὰς
2648 1219 2905 1295 ἁμαρτίας
2933 1240 3027 1273 σου
3060 1234 3074 1248 ⁸
3099 1224 3188 1272 καὶ
3206 1219 3461 1293 ἠρώτησα
3492 1219 3681 1281 αὐτοὺς
3709 1236 3721 1250 ·
3750 1220 3881 1272 ὅταν

2276 1315 2487 1383 γίνηται
2516 1315 2737 1382 χειμών,
2792 1310 2851 1362 οὗ
2888 1311 3071 1385 ῥιγᾶτε
3105 1326 3119 1377 ;
3162 1314 3251 1363 καὶ
3298 1312 3418 1363 ὅταν
3451 1314 3663 1381 γίνηται

2277 1407 2474 1472 καῦμα,
2508 1399 2566 1452 οὐ
2596 1404 2800 1453 καίεται
2846 1403 2909 1452 ru
2955 1405 3178 1472 σώματα
3205 1400 3347 1471 ὑμῶν
3384 1415 3399 1466 ;
3436 1401 3487 1451 οἱ
3535 1395 3594 1451 δε
3624 1395 3765 1451 εἷπον
3802 1416 3814 1427 ⁸
3850 1400 3880 1450 6

2280 1493 2411 1552 Θεὸς
2452 1488 2691 1548 ἐποίησεν
2736 1492 2860 1561 ἡμῖν
2893 1493 2987 1548 τὴν
3035 1489 3330 1562 οἰκονομίαν
3361 1491 3555 1547 ταύτην
3593 1505 3609 1520 ⁸
3636 1492 3726 1540 καὶ
3757 1491 3883 1541 οὔτε

2276 1588 2346 1650 τῷ
2386 1587 2607 1652 χειμῶνι
2656 1580 2902 1654 ῥιγώμεν,
2952 1579 3067 1632 οὔτε
3112 1586 3185 1649 τῷ
3232 1581 3364 1653 θέρει
3400 1581 3458 1631 τὸ
3507 1584 3684 1650 καῦμα
3734 1579 3885 1649 ἡμᾶς

2279 1666 2453 1723 ἀδικεῖ
2487 1688 2499 1699 ⁸
2536 1666 2630 1722 διὰ
2666 1677 2816 1722 τοῦτο
2866 1666 3004 1722 εἶπον
3035 1670 3176 1742 ὑμῖν,
3210 1671 3289 1722 ὅτι
3316 1672 3460 1722 οὔπω
3489 1668 3674 1740 γέγονα
3718 1686 3884 1739 μονα-

520 1763 834 1832 Propterea
851 1761 969 1815 dixi
996 1759 1192 1825 vobis,
1218 1774 1315 1814 me
1332 1757 1603 1814 nondum
1627 1774 1755 1813 esse
1775 1757 2165 1823 monachum,

2280 1764 2397 1832 χός,
2448 1758 2553 1811 ἀλλ’
2596 1755 2734 1812 εἶδον
2782 1735 3089 1831 μοναχούςί
3137 1735 3530 1834 συγχωρήσατέ
3556 1735 3682 1829 μοι,
3718 1735 3881 1810 *ἀδελ-

520 1849 626 1905 sed
656 1849 874 1905 vidisse
905 1848 1253 1905 monachos.
1289 1847 1575 1918 Ignoscite
1605 1846 1769 1911 mihi,
1804 1845 2033 1902 fratres.

592 1945 644 1997 3.
676 1939 962 1996 Macarius
988 1939 1177 1994 abbas
1216 1954 1355 1993 cum
1376 1937 1435 1992 in
1468 1936 1820 1993 omnimoda
1851 1935 2170 1991 solitudine

518 2029 812 2086 habitaret
844 2049 857 2084 :
894 2028 1055 2084 solus
1086 2032 1283 2083 autem
1323 2026 1440 2082 illic
1478 2026 1961 2082 anachoreticam
1992 2025 2170 2080 vitam

520 2117 815 2188 ducebat;
848 2117 1002 2172 infra
1034 2132 1173 2172 vero
1203 2115 1320 2173 alia
1346 2120 1471 2172 erat
1499 2131 1758 2180 eremus,
1792 2116 1851 2169 in
1882 2129 2005 2186 qua
2035 2113 2169 2186 plu-

519 2223 615 2263 res
646 2206 856 2263 fratres
898 2206 1201 2275 degebant
1232 2224 1246 2262 :
1275 2206 1387 2260 ista
1414 2206 1593 2275 igitur
1623 2204 1683 2260 in
1716 2203 2037 2260 solitudine
2069 2203 2173 2259 ali-

519 2297 765 2370 quando
792 2311 899 2369 per
918 2295 1080 2352 viam
1102 2294 1592 2366 circumspiciens
1620 2309 1821 2361 senex,
1845 2292 1993 2348 vidit
2020 2298 2173 2350 sata-

520 2403 664 2443 nam
707 2386 1039 2442 venientem
1087 2385 1148 2439 in
1193 2383 1388 2453 ﬁgura
1425 2384 1708 2449 hominis,
1760 2388 1823 2439 ut
1855 2383 2077 2451 locum,
2108 2384 2168 2439 in

520 2491 644 2548 quo
673 2480 820 2540 erat,
848 2472 1123 2529 transiret
1154 2490 1169 2532 :
1210 2473 1543 2544 apparebat
1577 2477 1774 2527 autem
1804 2472 1977 2544 quasi
2017 2472 2173 2527 tuni-

521 2580 653 2620 cam
670 2570 910 2633 gestans
925 2562 1143 2618 lineam
1160 2560 1585 2633 perforatam,a
1597 2560 1767 2616 cuius
1780 2560 2169 2617 foraminibus

521 2652 868 2725 pendebant
889 2667 1109 2721 parvae
1137 2650 1373 2721 lecythi.
1410 2650 1554 2706 Dicit
1581 2652 1633 2706 ei
1657 2666 1840 2706 senex
1871 2667 2129 2720 magnus
2155 2668 2167 2708 :

524 2743 652 2808 Quo
674 2741 843 2797 vadis
858 2738 886 2795 ?
908 2739 1260 2812 Respondit:
1287 2740 1635 2818 Proﬁciscor
1662 2740 1733 2795 ad
1760 2739 1989 2805 fratres,
2018 2745 2081 2795 ut
2101 2740 2171 2796 iis

525 2845 866 2900 suggeram.
916 2830 1065 2884 Tum
1105 2844 1332 2886 senex:
1378 2828 1442 2883 Et
1486 2844 1673 2900 quare
1718 2829 1821 2884 tibi
1870 2830 2169 2900 ampullae

521 2920 636 2977 hae
662 2922 688 2974 ‘I
726 2918 825 2975 llle
866 2935 881 2976 :
921 2918 1115 2975 Aﬂ‘ero
1162 2918 1443 2975 fratribus
1482 2918 1884 2975 condimenta.
1937 2922 2167 2976 Senex:

523 3012 587 3066 Et
614 3010 763 3066 haec
786 3010 993 3065 omnia
1018 3009 1045 3064 ?
1066 3010 1341 3079 Excepit:
1376 3009 1565 3065 Etiam
1596 3026 1611 3076 ;
1635 3010 1683 3064 si
1705 3010 1800 3065 cui
1833 3025 2021 3065 unum
2047 3025 2167 3065 non

522 3098 829 3172 placuerit,
863 3099 1027 3155 aliud
1052 3099 1293 3171 porrigo
1327 3115 1337 3152 :
1369 3099 1417 3154 si
1449 3114 1642 3171 neque
1681 3098 1814 3164 hoc,
1846 3099 1925 3154 do
1956 3099 2119 3155 aliud
2154 3118 2168 3168 ;

522 3189 773 3245 omnino
815 3193 1016 3245 autem
1064 3204 1135 3243 ex
1176 3187 1289 3243 illis
1334 3188 1545 3243 saltem
1577 3203 1764 3243 unum
1799 3187 2057 3257 placebit
2096 3189 2170 3244 ei.

524 3277 687 3342 Quae
707 3292 846 3332 cum
867 3276 1135 3342 dixisset,
1158 3275 1327 3333 abiit.
1359 3282 1427 3331 At
1444 3292 1624 3332 senex
1648 3278 1956 3342 remansit,
1973 3277 2173 3332 obser-

522 3380 675 3420 vans
703 3364 853 3429 vias,
885 3364 1076 3419 donec
1109 3370 1514 3420 reverteretur.
1551 3367 1739 3436 thue
1771 3366 2080 3436 conspexit
2110 3366 2174 3421 il-

522 3451 650 3507 lum
677 3467 876 3518 senex,
907 3452 1023 3510 ait:
1053 3452 1263 3509 Salvus
1290 3453 1388 3507 sis.
1410 3453 1508 3508 ille
1538 3453 1845 3523 respondit
1872 3470 1885 3509 :
1916 3456 2173 3519 Quomo-

524 3540 604 3596 do
626 3542 967 3608 contingere
991 3540 1133 3596 mihi
1165 3542 1394 3611 poterit,
1422 3547 1483 3596 ut
1501 3541 1704 3597 salvus
1735 3542 1847 3596 sim
1878 3541 1906 3597 ‘i
1935 3544 2123 3599 Senex
2157 3562 2169 3599 :

525 3630 718 3695 Quare
745 3627 774 3683 ?
800 3628 898 3684 llle
928 3644 941 3683 :
973 3630 1142 3696 Quia,
1172 3630 1383 3701 inquit,
1418 3629 1613 3685 cuncti
1643 3630 1785 3686 mihi
1805 3630 2041 3687 fuerunt
2067 3632 2174 3688 im-

525 3720 718 3785 mites,
752 3735 861 3775 nec
893 3718 1050 3774 ullus
1093 3719 1237 3775 mihi
1270 3719 1445 3776 favet.
1488 3720 1573 3776 Ad
1613 3737 1753 3776 eum
1781 3739 1963 3778 senex
1995 3739 2009 3778 :
2043 3723 2176 3779 Nul-

522 3807 694 3865 lusne
732 3824 874 3879 ergo
899 3808 1014 3865 illic
1048 3809 1149 3865 tibi
1186 3810 1419 3865 amicus
1460 3811 1488 3868 ?
1518 3809 1617 3866 Ille
1647 3812 1955 3883 respondit
1984 3829 1996 3869 :
2030 3815 2170 3879 Nae,

526 3913 716 3954 unum
748 3898 828 3954 ibi
858 3898 1223 3954 monachum
1255 3899 1518 3955 amicum
1549 3900 1768 3967 habeo,
1797 3903 1897 3973 qui
1932 3901 2023 3958 vel
2048 3903 2174 3973 ipse

524 3987 671 4043 mihi
711 3988 1106 4060 obtemperat,
1138 3994 1193 4044 et
1223 4005 1360 4044 cum
1394 4005 1488 4044 me
1518 3990 1827 4060 conspicit,
1870 4006 2051 4046 aurae
2082 3991 2174 4045 in-

526 4081 651 4131 star
664 4077 1087 4132 vertitur.Tum
1110 4092 1283 4133 senex
1303 4118 1315 4133 .
1346 4078 1661 4143 Quomodo
1683 4084 1927 4134 vocatur
1948 4078 2125 4133 frater
2145 4079 2174 4135 7

524 4163 623 4219 llle
663 4164 743 4221 ait
772 4180 786 4219 :
818 4166 1280 4237 Theopemptus.
1304 4167 1432 4231 Quo
1459 4167 1618 4222 dicto
1648 4167 1946 4223 discessit.
1982 4168 2175 4239 Atque

524 4266 773 4323 surgens
794 4252 1084 4309 Macarius
1097 4254 1288 4310 abbas
1312 4256 1570 4326 perrexit
1595 4256 1671 4311 ad
1698 4256 2036 4312 inferiorem
2054 4272 2175 4312 ere-

2280 1855 2364 1923 φοί
2403 1850 2506 1921 (a).

2351 1942 2402 1995 3.
2431 1938 2487 1991 Ὀ
2528 1937 2691 2000 ἀϐϐἄς
2728 1939 3001 2013 Μακάριος
3042 1938 3125 1991 ὅτε
3177 1942 3298 2007 ᾤκει
3345 1937 3395 1990 ἐν
3438 1945 3499 2010 τῇ
3551 1941 3834 2011 πωερὴμῳ
3862 1952 3877 1967 ⁸

2281 2026 2342 2087 ἧν
2389 2024 2446 2080 δε
2492 2032 2646 2100 μόνος
2689 2026 2738 2080 έν
2783 2026 2912 2099 αὐτῇ
2959 2027 3269 2101 ἀναχωρῶν,
3312 2028 3597 2099 παρακάτω
3647 2023 3709 2079 δε
3744 2025 3876 2082 ἄλλη

3233 2121 3518 2191 παρετήρει
3564 2112 3623 2168 δε
3654 2116 3680 2167 6
3708 2119 3879 2187 γέρων

2281 2211 2366 2265 τὴν
2397 2203 2541 2272 ὁδόν,
2573 2210 2663 2258 καὶ
2711 2207 2806 2278 ὀρᾷ
2837 2209 2924 2258 τὸν
2978 2211 3225 2268 σατανᾶν,
3275 2204 3615 2278 ἀνερχόμενον
3644 2203 3693 2255 έν
3733 2209 3881 2275 σχή-

2281 2315 2408 2369 ματι
2474 2294 2767 2367 ἀνθρώπου,
2824 2294 3093 2368 παρελθεῖν
3149 2290 3221 2347 δι’
3275 2294 3431 2347 αὐτοῦ
3465 2313 3479 2326 ·
3533 2292 3764 2366 ἐφαίνετο
3815 2288 3879 2345 δὲ

3593 2402 3682 2435 και
3736 2400 3880 2433 κατα

2282 2120 2465 2191 ἕρημος
2513 2114 2570 2176 ἦν
2608 2116 2850 2169 πλειόνων
2900 2113 3131 2188 ἀδελφῶν
3164 2135 3177 2149 ·

2281 2387 2350 2446 ὡς
2405 2386 2684 2456 στιχάριον
2733 2392 2899 2458 φορῶν
2950 2382 3121 2435 λινοῦν
3176 2383 3475 2458 τρωγλωτόν
3519 2402 3532 2416 ⁸

2280 2474 2568 2547 τρυμαλιάν
2616 2472 2866 2547 ἐκρέματο
2918 2472 3163 2531 ληκύθιον
3204 2474 3225 2509 ³
3261 2487 3277 2504 ⁸
3310 2477 3399 2525 καὶ
3458 2471 3593 2541 λέγει
3655 2471 3796 2541 αὐτῷ
3847 2472 3874 2522 6

2279 2569 2440 2636 γέρων
2470 2564 2495 2615 6
2534 2566 2692 2635 μέγας
2723 2580 2735 2594 ⁸
2781 2569 2877 2614 ποῦ
2914 2564 3107 2635 πορεύῃ
3144 2578 3157 2628 ;
3199 2566 3289 2614 καὶ
3320 2562 3455 2614 εἶπεν
3501 2559 3633 2633 οὐτῷ
3666 2575 3680 2591 ⁸
3716 2558 3875 2633 ἀπέρ·

2280 2668 2452 2726 χομαι
2481 2653 2783 2724 ὑπομνῆσαι
2808 2655 2928 2714 τοὺς
2957 2648 3209 2723 ἀδελφοὺς
3240 2651 3318 2721 (b)
3345 2672 3359 2684 ·
3383 2652 3409 2703 6
3442 2646 3499 2703 δε
3527 2655 3688 2722 γέρων
3718 2646 3828 2702 εἷπε
3857 2669 3877 2684 ⁸

2279 2747 2368 2794 καὶ
2400 2742 2482 2793 ἱνα
2511 2746 2562 2793 τί
2594 2760 2678 2793 σοι
2707 2743 2772 2793 τὰ
2800 2740 3025 2799 ληκύθια
3065 2743 3085 2775 9
3114 2747 3279 2793 ταῦτα
3311 2756 3323 2805 ;
3348 2744 3437 2792 καὶ
3460 2736 3566 2792 εἶπε
3599 2759 3616 2773 ⁸
3635 2740 3877 2810 γεύματα

2280 2829 2516 2905 ἀποφέρω
2574 2838 2684 2893 τοῖς
2723 2827 2958 2903 ἀδελφοῖς
2987 2848 3000 2861 ⁸
3030 2831 3056 2882 6
3087 2826 3146 2883 δι
3187 2834 3349 2902 γέρων
3380 2826 3488 2882 εἷπε
3519 2844 3534 2859 ⁸
3588 2834 3676 2881 καὶ
3706 2835 3877 2880 ταῦτα

2280 2920 2371 2973 ὅλα
2404 2938 2417 2987 ;
2447 2920 2697 2994 ἀπεκρίθη
2736 2936 2747 2950 ⁸
2779 2924 2864 2972 ναί
2894 2939 2906 2952 ⁸
3147 2917 3230 2971 ἐὰν
3262 2924 3333 2991 μὴ
3374 2922 3432 2971 τὸ
3458 2918 3506 2971 ’ἐν
3554 2922 3713 2992 αρέση
3747 2922 3872 2981 τινί,

2284 3015 2416 3084 φέρω
2446 3009 2568 3062 ἄλλο
2598 3027 2610 3040 ⁸
2669 3010 2755 3062 ἐάν
2818 3006 2877 3062 δὲ
2920 3006 3058 3081 μηδὲ
3090 3016 3269 3075 τοῦτο,
3315 3004 3452 3061 διδῶ
3483 3007 3602 3060 ἄλλο
3631 3024 3643 3036 ⁸
3674 3008 3877 3068 πάντως

2285 3096 2343 3152 δὲ
2390 3098 2443 3162 ἐξ
2473 3098 2641 3151 αὐτῶν
2679 3097 2773 3150 κάν
2814 3096 2861 3150 ἓν
2910 3096 3084 3170 ἀρέσει
3138 3097 3280 3169 αὐτῷ
3315 3117 3329 3131 ⁸
3378 3100 3478 3149 Καὶ
3524 3103 3689 3149 ταῦτα
3721 3095 3876 3148 εἰπὼν

2284 3187 2509 3247 ἀπῆλθεν
2566 3203 2578 3217 ⁸
2630 3188 2655 3239 6
2719 3184 2777 3239 δε
2831 3191 2990 3260 γέρων
3052 3190 3213 3259 ἔμεινε
3276 3188 3735 3261 παρατηρούμενος
3783 3186 3875 3245 τὰς

2285 3274 2440 3339 ὁδοὺς
2471 3278 2564 3338 ἕως
2592 3275 2747 3329 πάλιν
2787 3275 2975 3338 ἐκεῖνος
3004 3274 3254 3335 ἐπανῆλθε
3280 3293 3293 3306 ⁸
3332 3280 3422 3328 καὶ
3452 3277 3520 3338 ὡς
3559 3271 3691 3328 εἶδεν
3720 3273 3878 3326 αὐτὸν

2284 3369 2310 3419 6
2335 3370 2518 3439 γέρων,
2546 3365 2676 3437 λέγει
2711 3366 2849 3437 αὐτῷ
2874 3387 2887 3399 ·
2916 3368 3139 3427 σωθείης
3169 3383 3182 3397 ⁸
3212 3367 3238 3417 6
3267 3362 3327 3419 δὲ
3357 3364 3609 3438 ἀπεκρίθη
3633 3378 3647 3394 ⁸
3680 3371 3781 3416 ποῦ
3805 3365 3880 3415 ἔνι

2284 3475 2373 3528 μοι
2402 3458 2634 3514 σωθῆναι
2662 3471 2675 3522 ;
2700 3455 2831 3527 λέγει
2860 3454 3000 3524 αὐτῷ
3030 3456 3056 3507 6
3084 3459 3246 3528 γέρων
3276 3472 3289 3486 ⁸
3320 3452 3415 3508 διά
3438 3459 3490 3507 τί
3521 3470 3535 3520 ;
3569 3455 3593 3506 6
3619 3450 3678 3506 δὲ
3700 3452 3835 3524 λεγει
3860 3473 3879 3487 ο

2285 3546 2365 3597 ὅτι
2419 3548 2607 3606 πάντες
2660 3546 2835 3617 ἄγριοί
2882 3564 2972 3609 μοι
3019 3542 3246 3616 ἐγένοντο
3300 3544 3400 3616 (c),
3446 3548 3535 3596 xui
3566 3539 3734 3602 οὐδείς
3773 3560 3873 3614 μου

2287 3633 2530 3706 ἀνέχεται
2579 3635 2622 3669 ¹⁰
2652 3653 2664 3666 ⁸
2695 3633 2827 3706 λέγει
2880 3633 3021 3705 αὐτῷ
3063 3634 3088 3685 6
3129 3638 3289 3707 γέρων
3319 3650 3331 3664 ·
3388 3630 3577 3686 οὐδένα
3604 3627 3691 3685 οὖν
3734 3630 3875 3703 φίλον

2286 3724 2423 3795 ἔχεις
2457 3720 2563 3775 ἐκεῖ
2592 3739 2605 3787 ;
2639 3724 2663 3774 6
2714 3720 2772 3775 δε
2805 3721 3057 3797 ἀπεκρίθη
3100 3738 3113 3752 ⁸
3151 3728 3256 3787 ναὶ,
3303 3724 3390 3775 ἕνα
3423 3725 3655 3794 μοναχὸν
3695 3722 3737 3756 ¹¹
3767 3721 3877 3791 ἔχω

2285 3812 2390 3865 ἐκεῖ
2409 3812 2551 3884 φίλον
2577 3814 2644 3877 1⁸,
2677 3816 2767 3864 καὶ
2795 3810 2889 3864 κάν
2912 3814 3066 3873 αὐτὸς
3099 3831 3190 3885 μοι
3215 3813 3447 3865 πείθεται
3478 3828 3491 3841 ⁸
3525 3816 3615 3864 καὶ
3673 3811 3753 3862 ὅτε
3782 3810 3881 3881 ὁρᾴ

2286 3919 2369 3974 με,
2413 3906 2686 3974 στρέφεται
2727 3904 2794 3964 ὡς
2832 3900 2989 3973 ἀνέμη
3024 3902 3072 3937 1³
3104 3920 3116 3931 ·
3147 3901 3282 3972 λέγει
3328 3901 3468 3972 αὐτῷ
3499 3901 3524 3951 6
3552 3904 3712 3973 γέρων
3746 3916 3759 3927 ⁸
3786 3904 3879 3951 καὶ

2284 3994 2361 4051 τίς
2411 3989 2643 4042 καλεῖται
2695 3991 2720 4041 6
2780 3988 2999 4063 ἀδελφός
3060 3991 3131 4056 ;6
3166 3987 3225 4043 δε
3268 3989 3404 4061 λέγει
3446 4007 3459 4022 ⁸
3506 3994 3830 4059 Θεὸπεμπτος
3861 4003 3874 4017 ⁸

2286 4079 2438 4132 εἰπὼν
2480 4076 2539 4132 δὲ
2582 4086 2750 4132 ταῦτα
2807 4078 3052 4145 ἀπῆλθεν,
3108 4084 3198 4132 καὶ
3238 4077 3520 4140 ἀναστάςὸ
3560 4077 3725 4139 ἀϐϐᾶς
3764 4077 3881 4131 Μα-

2286 4170 2463 4243 κάριος
2532 4167 2821 4242 ἀπέρχεται
2877 4168 2960 4222 ἐπὶ
3022 4172 3117 4227 τὴν
3168 4169 3454 4236 παρακάτω
3518 4168 3729 4243 ἔρημον,
3791 4169 3881 4217 καὶ

2289 4256 2598 4319 ἀκούσαντες
2655 4260 2704 4309 οἱ
2760 4253 2992 4330 ἀδελφοὶ,
3056 4248 3294 4321 λαϐόντες
3345 4256 3477 4329 βαῖα
3551 4254 3762 4318 έξῆλθον
3810 4253 3884 4316 εἰς

522 4356 708 4396 mum.
734 4342 901 4407 Quod
924 4356 1063 4397 cum
1088 4344 1519 4415 comperissent
1544 4344 1773 4410 fratres,
1806 4346 2057 4417 sumptis
2084 4362 2174 4403 ra-

2289 4345 2580 4405 ἀπάντησιν
2607 4345 2767 4399 αὐτοῦ
2800 4347 2884 4419 (d)
2913 4364 2926 4377 ⁸
2965 4351 3055 4400 xui
3083 4346 3260 4401 λοιπὸν
3299 4347 3512 4407 ἕκαστος
3547 4344 3882 4421 ηὐτρεπίζετο

1830 4480 2058 4537 νΑΒΙίΕ
2097 4480 2396 4539 LECTION
2404 4484 2507 4540 ES.

631 4603 652 4637 ⁸
680 4603 863 4669 Corr.,
894 4601 1142 4660 Coteler.
1203 4603 1443 4662 ληκύνθ
1464 4621 1580 4660 ιον.

557 4673 702 4731 "Al.
738 4673 1037 4749 ἀδελφόν.
1127 4674 1170 4709 ¹³
1201 4677 1293 4733 Sic
1326 4675 1570 4733 Coteler.
1592 4691 1703 4748 pro
1731 4678 1986 4750 ἄνεμος.

1659 4605 1679 4639 ⁹
1712 4604 1899 4671 Corr.,
1934 4606 2176 4663 Coteler.
2201 4606 2404 4666 ληχύν
2425 4608 2547 4661 θια.

2629 4605 2787 4662 ioAl.
2834 4625 2943 4679 μοι
2991 4608 3317 4666 πείθεται.
3402 4608 3445 4643 ¹¹
3502 4605 3590 4664 Al.
3645 4625 3873 4677 μονον,

2023 4842 2028 4848 .
2097 4786 2333 4845 ΝΟΤιΕ.

616 4892 673 4964 a)
715 4891 795 4948 Cf.
838 4892 951 4947 VV.
986 4892 1091 4949 PP.
1133 4896 1327 4949 Rostv.
1360 4893 1461 4949 lib.
1503 4910 1557 4949 v1
1596 4893 1777 4950 libell.
1803 4899 1870 4964 ,3,
1902 4899 1954 4950 4.

620 4964 1105 5039 ρλΑπέρχομαιᾲ
1136 4967 1519 5037 ὑπομνῆσαι
1548 4970 1701 5029 τοὺς
1740 4963 2079 5039 ἀδελφοὺς.
2108 4968 2172 5022 In

521 5035 584 5111 Vi
595 5035 663 5090 tis
681 5035 948 5090 Patrum:
982 5035 1139 5091 Vada
1165 5035 1526 5111 commovere
1540 5039 1787 5107 fratres,
1812 5035 1970 5095 facili
1998 5039 2172 5111 lapsu

518 5107 642 5161 vice
655 5121 1041 5171 commonere,
1066 5109 1583 5171 quemadmodum
1600 5112 1824 5165 rectein
1854 5107 2171 5166 Paschasio

525 5124 1041 5171 vncecommonere,
1112 5124 1824 5165 uemaumoaumrectein
1854 5124 2171 5166 PaSCUaSIO

525 5176 663 5258 [VV.
699 5179 799 5233 PP.
843 5124 1183 5258 Rosvvjib.
1225 5196 1301 5235 vn
1342 5182 1572 5258 cap._l,
1625 5180 1704 5253 8].
1744 5185 1979 5258 _Par_qu_e
2010 5196 2173 5258 erra-

522 5249 646 5305 tum
661 5249 1037 5305 occurritsub
1054 5250 1234 5305 tinem
1256 5249 1810 5323 Apop‘titheguiatis.
1834 5249 1975 5309 Cod.
2000 5253 2171 5308 Corb.

521 5334 889 5377 commonere
919 5328 973 5375 et
1000 5323 1338 5379 admonere.
1380 5325 1651 5379 Cornua.

594 5392 668 5461 (ε)
712 5394 944 5468 [iuvui
981 5394 1203 5468 d7p_ioi
1242 5414 1349 5465 μοι
1389 5393 2040 5468 s’ys’vovro,[etinﬁne]
2071 5396 2173 5466 ἄγ-

522 5468 661 5537 ριοί
699 5463 864 5539 εἰσιν
897 5463 1495 5539 616i,'[elilérﬂumfin
1527 5463 1951 5539 tine]1Euv1-w_v
1990 5463 2175 5539 ἀγρι-

529 5534 754 5610 ᾠτερος
777 5534 1067 5610 ἐγένετο,
1096 5534 1167 5610 ex
1192 5538 1379 5591 Rufini
1408 5534 1887 5607 interpretatione
1914 5534 2053 5610 [ννζ
2076 5534 2171 5592 PP.

523 5608 566 5681 ξι
580 5606 1055 5681 osvv.lib.m,cap.
1067 5606 1157 5681 61]
1170 5610 1519 5681 contrariiet
1537 5606 1789 5678 agrestes
1802 5606 1980 5681 atque
1993 5609 2175 5665 omni—

526 5676 631 5734 bus
644 5678 902 5749 amplius
919 5676 1207 5751 asperidr.
1223 5696 1290 5735 ex
1314 5679 1414 5736 illa
1429 5696 1566 5737 vero
1578 5676 1899 5743 Paschasii
1911 5679 2049 5753 [VV.
2067 5682 2169 5736 PP.

2282 4898 2473 4976 Bosw.
2497 4895 2726 4976 libum,
2755 4911 2892 4976 cap.
2916 4896 2967 4976 l,
2990 4894 3047 4976 8]
3077 4894 3670 4976 cauti-arignagfstes,
3703 4898 3885 4976 cinni-

2283 4967 2387 5022 bus
2419 4970 2711 5039 asperior.
2738 4970 2806 5022 At
2840 4965 3114 5037 Pelagius
3145 4966 3280 5039 [νίν.
3341 4965 3453 5021 ΡΡ.
3491 4968 3681 5021 Bosw.
3713 4965 3819 5022 lib.
3854 4983 3887 5021 v

2485 5044 2569 5106 18,
2586 5038 2640 5111 9]
2661 5040 2893 5120 legebat
2922 5039 2997 5120 ᾄγ
3012 5057 3065 5090 ιο
3082 5059 3098 5089 ι
3120 5038 3312 5120 βοὰ-γι
3327 5044 3365 5089 ὼ
3380 5056 3580 5120 τερος,
3601 5052 3744 5120 nam
3763 5052 3885 5119 ver-

2284 5111 2374 5165 tit:
2398 5109 3126 5177 Omnessanctiﬁcalisunt
3149 5110 3291 5175 ,‘toti
3306 5109 3884 5177 sanctisuntmmni-

2284 5182 2388 5236 bus
2415 5186 2679 5237 sanctior
2706 5198 2792 5237 esc
2826 5183 3029 5251 factus
3060 5200 3079 5236 :
3111 5182 3311 5236 minus
3339 5180 3810 5251 bene.,CorsLan.

2359 5253 2443 5323 (εἰ)
2491 5252 2825 5325 Λαϐόντες
2865 5251 3024 5325 βαΐα
3076 5251 3343 5315 ἐξῆλθον
3383 5251 3471 5325 εἰς
3512 5250 3882 5325 ἀπάντησιν

2281 5343 2313 5375 α
2328 5322 2585 5379 haud
2618 5322 3022 5380 illustrandum
3042 5340 3246 5378 morem
3265 5322 3881 5395 praeclarum,obviam

2281 5395 2457 5451 eundi
2480 5396 2651 5451 alicui
2675 5396 2915 5450 honoris
2931 5411 3139 5462 causa,
3155 5395 3441 5464 gestando
3460 5410 3656 5449 ramos
3675 5395 3883 5464 palma-

2282 5483 2412 5521 rum
2435 5474 2539 5521 aut
2569 5467 2818 5522 aliarum
2854 5467 3159 5530 arborum,
3182 5467 3292 5521 tria
3318 5467 3667 5535 deprompsi
3694 5481 3764 5520 ex
3779 5467 3884 5520 ad-

2284 5539 2560 5592 versariis
2578 5540 2723 5593 meis
2737 5538 2993 5607 insignia
3014 5537 3369 5593 testimonia.
3394 5537 3657 5592 Primum
3675 5540 3887 5605 petitur

2284 5626 2353 5663 ex
2368 5610 2667 5664 ltinerario
2682 5608 3609 5680 HierosolymitanoAntoninizlbi
3622 5613 3883 5663 venerunt

2284 5680 2540 5737 mulieres
2570 5683 2630 5738 in
2654 5679 3116 5738 occursum’nobis
3140 5696 3259 5737 cum
3302 5679 3632 5751 infantibus,
3664 5680 3882 5752 palmas
