4088 6192
243 277 337 332 su

1597 273 2091 332 APOPHTHEGM
2104 274 2266 330 ATA.

3509 277 3614 338 242

233 402 476 474 νομίξων,
511 403 594 455 ὅτι
627 402 748 476 παρ’
780 400 918 472 αύτῷ
939 400 1110 474 ἔμελλε
1138 402 1411 456 καταλύειν
1440 403 1466 456 ὁ
1495 405 1690 477 γέρὼνο
1728 403 1754 456 ὁ
1787 399 1845 456 δε

1983 401 2071 457 nis
2084 401 2425 474 palmarum
2438 403 2742 462 eiobviam
2757 405 3124 478 prodierunt.
3145 409 3418 464 Ceterum
3431 421 3622 462 unus-

461 492 663 557 ἐζήτει,
714 497 789 554 τίς
819 495 895 549 εἴη
929 491 954 542 6
994 491 1306 564 καλούμενος
1339 497 1668 564 Θεόπεμπτος
1699 492 1746 544 ἐν
1776 501 1847 563 τῷ

238 584 343 654 ὄρει
379 599 392 609 ·
417 586 511 633 καὶ
530 583 688 652 εὑρὼν
715 580 921 640 εἰσῆλθε
949 581 1020 641 εἰς
1045 584 1104 633 τὸ
1139 581 1333 634 κελλίον
1368 583 1527 635 αὐτοῦ
1546 604 1558 615 ·
1584 583 1608 634 6
1637 579 1694 634 δι
1725 586 1849 635 Θεόο

235 689 471 742 πεμπτος
494 666 779 732 ὑπεδέξατο
805 669 958 722 αὐτὸν
981 675 1186 745 χαίρων
1202 691 1214 703 ο
1237 673 1303 733 ὡς
1329 668 1386 724 δὲ
1408 672 1604 746 ἤρξατο
1626 667 1850 732 ἰδιάζειν

238 760 422 825 αὐτὸν,
451 761 478 810 6
507 763 668 833 γέρων
697 758 835 830 λέγει
867 775 880 788 ⁸
910 767 1020 820 πῶς
1050 763 1114 812 τὰ
1160 763 1296 812 κατὰ
1345 765 1421 826 σε,
1474 757 1660 833 ἀδελφέ
1694 777 1707 827 ;
1740 762 1764 812 6
1793 755 1852 812 δὲ

240 845 380 902 εἶπεν
423 867 436 881 ο
470 848 650 919 εὐχαῖς
693 867 810 910 σου,
853 847 1044 910 καλῶς’
1094 846 1200 902 εἶπε
1233 847 1292 902 δὲ
1322 851 1347 902 6
1382 855 1540 924 γέρων
1573 870 1585 883 ο
1611 856 1682 922 μὴ
1710 849 1830 903 πολε

238 943 407 1008 μούσί
449 957 505 990 σε
548 940 597 990 oi
629 937 874 1010 λογισμοί
904 954 917 1000 ;
951 940 976 989 6
1004 935 1062 991 δὲ
1090 935 1199 992 εἷπε
1233 954 1246 966 '
1304 943 1428 1001 τέως
1477 940 1648 1003 καλῶς
1673 940 1780 1011 εἰμι
1821 957 1836 971 ⁶

240 1024 426 1100 ᾐδεῖτο
455 1030 555 1098 γὰρ
584 1027 742 1080 εἰπεῖν
769 1042 783 1056 ⁸
819 1027 951 1098 λέγει
978 1028 1119 1098 αύτῷ
1151 1030 1176 1080 6
1215 1033 1405 1101 γέρων⁶
1446 1027 1564 1083 ἰδοὺ
1592 1050 1734 1082 ποσα
1765 1032 1853 1088 ἔτη

242 1116 414 1182 ἀσκῶ,
465 1121 556 1169 καὶ
602 1124 838 1188 τιμῶμαι
886 1118 1031 1191 παρὰ
1076 1119 1296 1184 πάντων,
1352 1124 1442 1171 καὶ
1491 1117 1607 1190 ὶμοὶ
1658 1115 1728 1190 τῷ
1767 1123 1858 1190 γέ-

241 1225 390 1280 ροντι
439 1205 594 1277 ὀχλεῖ
637 1209 696 1258 τὸ
751 1212 950 1277 πνεῦμα
979 1215 1074 1269 τῆς
1111 1212 1373 1282 πορνείας.
1408 1207 1662 1280 ἀπεκρίθη
1698 1207 1857 1280 λέγων

245 1299 272 1348 6
301 1299 638 1366 Θεόπεμπτος
675 1311 688 1323 ⁸
728 1299 962 1360 πίστευε,
1015 1295 1171 1362 ὰϐϐᾶ,
1233 1303 1322 1350 καὶ
1360 1297 1476 1370 ἐμοί
1508 1316 1520 1328 ·
1552 1299 1577 1349 6
1611 1294 1669 1350 δὲ
1695 1302 1858 1372 γέρων

245 1383 629 1456 προεφασίζετο
682 1388 772 1436 καὶ
829 1383 1032 1457 ἐτέρους
1085 1383 1369 1457 λογισμοὺς
1408 1385 1643 1458 πολεμεῖν
1697 1385 1858 1455 αύτῷ,

243 1474 335 1533 ἕως
360 1472 758 1541 ποιήσειξαύτόν
797 1472 1121 1544 ὁμολογῆσαι
1155 1493 1167 1506 ο
1203 1471 1314 1527 εἶτα
1341 1473 1475 1545 λέγει
1521 1474 1662 1545 αύτῷ
1704 1489 1716 1501 ⁰
1754 1483 1862 1536 πῶς

243 1564 516 1621 νηστεύεις
557 1578 570 1628 ;
603 1561 629 1613 6
671 1557 729 1613 δὲ
766 1560 902 1632 λέγει
940 1561 1081 1631 αὐτῷ
1106 1578 1118 1591 ·
1162 1565 1255 1621 τὴν
1280 1561 1460 1621 ἐνάτην
1490 1579 1502 1592 ο
1535 1563 1672 1634 λέγει
1721 1561 1860 1632 αὐτῷ

249 1651 276 1702 6
299 1655 469 1722 γέρων
499 1667 512 1679 ’
548 1655 761 1708 νήστευε
790 1650 884 1712 ἕως
915 1650 1032 1722 ὀψὲ,
1064 1657 1155 1703 καὶ
1185 1653 1338 1704 ἄσκει
1369 1671 1381 1683 ·
1416 1657 1506 1703 καὶ
1538 1651 1864 1712 ἀποστήθιζε

1958 493 2216 564 quisque
2232 506 2438 546 eorum
2461 497 2862 565 praeparabat
2881 512 2960 561 se,
2986 506 3227 567 putans,
3247 496 3412 568 quod
3446 495 3615 568 apud

1958 582 2162 653 ipsum
2193 580 2600 638 diversaturus
2632 591 2782 638 esset
2827 601 3027 640 senex.
3063 585 3254 642 Atille
3287 584 3613 658 requisivit,

1961 671 2312 741 quisnamin
2349 677 2548 726 monte
2568 675 3010 745 Theopemptus
3028 675 3449 746 appellaretur.
3479 675 3608 739 Quo

1963 759 2202 814 invento
2260 760 2500 815 intravit
2555 762 2614 816 in
2645 761 2920 819 cellulam
2972 764 3118 832 eius,
3163 766 3606 836 Theopemptus

1963 855 2163 904 autem
2212 850 2470 921 suscepit
2523 865 2662 906 eum
2717 851 2922 906 laetus.
2971 853 3158 924 thue
3185 853 3382 922 coepit
3413 851 3611 907 solum

1967 953 2171 994 secum
2220 939 2441 994 habere
2491 956 2648 1006 eum,
2687 957 2907 996 senex:
2936 941 3270 1008 Quomodo,
3305 941 3516 1013 inquit,
3547 957 3609 997 se

1964 1043 2058 1082 res
2075 1033 2204 1082 tuae
2219 1027 2460 1094 habent,
2477 1028 2653 1084 frater
2685 1030 2772 1086 iis
2785 1029 2926 1085 dicit
2953 1033 3172 1097 :Recle,
3190 1030 3465 1101 precibus
3481 1031 3614 1086 tuis.

1969 1118 2034 1172 Et
2095 1133 2319 1172 senex:
2390 1121 2539 1174 Num
2622 1120 2982 1190 impugnant
3055 1124 3110 1174 te
3177 1119 3616 1188 cogitationes?

1969 1206 2066 1261 Ille
2101 1223 2111 1261 :
2143 1207 2381 1262 [nterim
2406 1207 2547 1263 mihi
2571 1208 2721 1263 bene
2751 1213 2863 1263 est.
2923 1208 3190 1265 Pudebat
3268 1209 3430 1264 enim
3477 1223 3617 1264 eum

1969 1295 2218 1352 edicere.
2281 1297 2368 1350 Ait
2400 1296 2479 1351 illi
2543 1312 2723 1353 senex
2757 1314 2770 1353 :
2805 1300 2946 1354 Ecce
2986 1313 3022 1354 a
3051 1302 3204 1370 quot
3231 1297 3404 1353 annis
3434 1296 3618 1354 vitam

1971 1386 2292 1440 asceticam
2319 1386 2498 1456 duco,
2525 1392 2580 1442 et
2600 1386 2827 1442 honore
2845 1386 3075 1443 afﬁcior
3092 1387 3170 1444 ab
3201 1387 3513 1452 omnibus,
3538 1389 3628 1442 at-

1972 1478 2175 1530 tamen
2204 1490 2297 1529 me
2363 1491 2568 1530 senem
2635 1477 2876 1545 spiritus
2908 1476 3313 1533 fornicationis
3357 1476 3621 1533 divexat.

1973 1562 2415 1634 Theopemptus
2438 1565 2704 1635 excepit:
2741 1564 2942 1628 Crede,
2963 1565 3146 1631 abba,
3171 1565 3350 1621 etiam
3381 1581 3496 1620 me.
3528 1565 3627 1621 Se-

1977 1668 2091 1708 nex
2122 1668 2260 1706 vero
2293 1651 2637 1720 simulabat,
2671 1655 2750 1708 ab
2790 1653 2919 1709 aliis
2946 1654 3124 1710 etiam
3157 1653 3626 1724 cogitationibus

251 1747 349 1793 τοῦ
391 1738 694 1810 εὐαγγελίου
737 1743 822 1791 καὶ
882 1747 983 1791 τῶν
1023 1739 1182 1792 ἱλλων
1220 1749 1430 1812 γραφῶν
1474 1748 1487 1771 ⁶
1531 1745 1622 1793 καὶ
1663 1739 1746 1792 ἐάν
1780 1759 1864 1792 σοι

1983 1743 2318 1814 impugnari
2341 1757 2424 1806 se,
2451 1743 2644 1798 donec
2665 1759 2804 1799 eum
2845 1742 2922 1798 ad
2949 1743 3394 1798 confessionem
3425 1742 3628 1799 addu-

255 1828 424 1901 ἀναϐῇ
474 1829 742 1901 λογισμὸς,
783 1825 1046 1900 μηδέποτε
1092 1835 1344 1904 πρόσχης
1384 1831 1526 1882 κάτω
1571 1830 1698 1883 ἀλλὰ
1740 1832 1864 1882 πάν-

250 1937 370 1972 τοτε
407 1920 514 1970 ἄνω
555 1935 566 1946 ·
625 1923 712 1970 καὶ
742 1918 929 1981 εὐθέως
982 1938 1067 1971 σοι
1102 1920 1127 1972 6
1157 1922 1336 1990 κύριος
1385 1918 1570 1991 βοηθεῖ
1602 1937 1614 1949 ·
1658 1925 1748 1972 καὶ
1780 1940 1867 1972 τυ-

252 2013 440 2069 «circa;
471 2007 498 2059 6
540 2011 700 2079 γέρων
757 2011 842 2059 τὸν
909 2004 1124 2080 ἀδελφὸν
1178 2008 1383 2071 ἐξῆλθεν
1658 2010 1725 2070 εἰς
1774 2014 1866 2068 τὴν

260 2093 322 2149 ὶδ
329 2103 410 2148 ίαν
461 2098 648 2168 ἓρημον
681 2101 809 2148 ’καὶ
860 2105 1174 2170 παρατηρῶν
1218 2097 1371 2149 πάλιν
1424 2092 1520 2170 ὁρᾷ
1565 2097 1751 2150 ἐκεῖνον
1782 2101 1868 2151 τὸν

261 2184 517 2258 δαίμονα,
543 2189 628 2237 καὶ
659 2184 793 2255 λέγει
822 2185 964 2258 αύτῷ
995 2228 1009 2240 .
1042 2194 1144 2238 ποῦ
1171 2186 1325 2239 πάλιν
1357 2185 1564 2261 ἀπέρχῃ
1598 2205 1611 2255 ;
1636 2189 1661 2240 6
1693 2184 1753 2240 δὲ
1785 2187 1870 2240 λέ-

260 2295 344 2346 γει
379 2291 392 2302 '
431 2276 736 2346 ὑπομνῆσαι
783 2278 902 2337 τοὺς
951 2271 1223 2347 ἀδελφούς,
1265 2280 1354 2328 καὶ
1394 2275 1618 2335 ἀπῆλθεν
1650 2294 1660 2306 ·
1687 2279 1750 2336 ὡς
1812 2273 1871 2329 δὲ

260 2366 422 2418 παλιν
480 2364 752 2429 ὶπανῆλθε,
811 2363 948 2435 λέγει
1004 2364 1145 2435 αὐτῷ
1177 2367 1202 2417 6
1246 2365 1393 2437 ἅγιος
1421 2380 1434 2394 ·
1491 2374 1601 2427 πῶς
1630 2369 1678 2417 οἱ
1723 2362 1869 2418 ἁδελ-

262 2460 352 2527 φοί
381 2471 395 2520 ;
441 2455 468 2505 6
495 2449 555 2506 δὲ
578 2452 713 2524 λέγει
747 2473 760 2486 ο
793 2461 962 2514 κακῶς
991 2473 1003 2486 ⁸
1036 2455 1061 2506 6
1094 2450 1152 2507 δὲ
1180 2459 1342 2529 γέρων
1370 2454 1507 2526 λέγει
1549 2474 1560 2486 ·
1593 2452 1757 2507 διὰτί
1787 2472 1800 2522 ;
1845 2456 1869 2507 6

266 2541 330 2596 δε
369 2539 506 2596 εἶπεν
561 2543 760 2616 ⁸ᾱὶγριοί
789 2543 919 2595 εἰσιν
947 2542 1054 2596 ὅλοι
1083 2560 1096 2572 ·
1133 2548 1224 2596 καὶ
1267 2547 1325 2596 τὸ
1355 2545 1532 2616 μεῖζον
1571 2550 1750 2609 κακόν,
1791 2546 1872 2597 ὅτι

262 2637 356 2685 καὶ
391 2631 449 2684 ὃν
479 2628 626 2704 εἶχον
656 2631 794 2704 φίλον
821 2633 1150 2685 ὑπακούοντά
1174 2652 1284 2704 μοι,
1319 2638 1409 2686 καὶ
1444 2633 1596 2694 αὐτὸς
1624 2633 1718 2686 ούκ
1749 2631 1874 2687 οἶδα

261 2724 421 2776 πόθεν
463 2717 778 2793 διεστράφη,
828 2725 918 2774 καὶ
961 2718 1084 2774 οὐδὲ
1119 2721 1270 2782 αὐτὸς
1307 2741 1398 2794 μοι
1443 2724 1696 2788 πείθεται,
1748 2722 1874 2776 ἀλλὰ

260 2811 474 2863 πάντων
521 2807 836 2883 ἀγριώτερος
906 2809 1144 2880 ἐγένετοο
1178 2815 1268 2863 καὶ
1321 2815 1505 2884 ὤμοσα
1567 2817 1755 2883 μηκέτι
1809 2814 1876 2864 τὰ

257 2903 370 2952 ἐκεῖ
407 2907 671 2963 πατῆσαι,
727 2898 769 2950 εἰ
811 2903 884 2970 μὴ
935 2902 1065 2970 μετά
1111 2904 1302 2971 χρόνον
1336 2907 1463 2952 ’καὶ
1511 2901 1673 2962 οὕτως
1721 2901 1874 2953 εἰπὼν

263 2987 497 3046 ἀπῆλθεν
529 2989 688 3050 ἐάσας
733 2991 821 3040 τὸν
863 2991 1110 3064 γέροντα·
1145 2993 1235 3041 καὶ
1274 2989 1299 3040 6
1356 2988 1507 3061 ἅγιος
1553 2989 1758 3048 εἰσῆλθε
1805 2990 1876 3052 εἰς

260 3080 325 3130 τὸ
350 3077 553 3129 κελλίον
585 3076 743 3129 αὐτοῦ

1981 1836 2156 1887 ceret.
2185 1831 2403 1886 Deinde
2428 1847 2439 1885 :
2469 1830 2805 1898 Quomodo,
2832 1831 3041 1903 inquit,
3081 1832 3634 1902 ieiunas?Respon-

1979 1921 2114 1976 det:
2149 1921 2224 1976 ad
2241 1922 2449 1976 horam
2479 1936 2722 1976 nonam.
2755 1924 2902 1976 Tum
2943 1937 3162 1986 senex;
3199 1921 3399 1976 [eiuna
3434 1936 3624 1993 usque

1979 2010 2056 2066 ad
2123 2025 2438 2081 vesperam
2510 2015 2564 2064 et
2638 2026 2845 2066 exerce
2905 2017 2994 2076 te;
3065 2010 3349 2067 meditare
3411 2026 3482 2066 ac
3538 2025 3634 2065 re-

1979 2099 2099 2156 cita
2181 2099 2523 2154 memoriter
2591 2115 2662 2154 ex
2724 2099 3040 2169 Evangelio
3093 2101 3424 2170 ceterisque
3482 2097 3631 2155 Scri-

1981 2189 2218 2260 pturis;
2279 2205 2538 2260 cumque
2592 2193 2647 2244 te
2703 2189 2952 2244 subierit
2981 2188 3282 2258 cogitatio,
3316 2203 3632 2260 nunquam

1979 2278 2262 2334 deorsum
2317 2284 2569 2349 spectes,
2632 2278 2736 2333 sed
2797 2293 3038 2333 sursum
3098 2293 3371 2348 semper;
3406 2277 3632 2333 statim-

1979 2383 2097 2440 que
2148 2366 2248 2423 tibi
2280 2367 2568 2422 Dominus
2626 2367 2934 2438 praebebit
2983 2366 3296 2423 auxilium.
3333 2369 3400 2421 Et
3429 2381 3633 2436 senex,

1981 2461 2303 2528 postquam
2359 2455 2598 2512 fratrem
2670 2456 3028 2522 informavit,
3081 2471 3352 2512 reversus
3412 2460 3500 2511 est
3554 2455 3634 2510 ad

1981 2545 2361 2601 solitudinem
2417 2561 2614 2602 suam.
2675 2545 2778 2601 Ubi
2825 2545 3152 2601 observans
3198 2543 3414 2600 iterum
3479 2543 3639 2599 videt

1980 2634 2126 2690 llum
2158 2634 2542 2699 daemonem,
2580 2635 2673 2690 cui
2700 2636 2781 2690 ait
2807 2653 2818 2690 :
2853 2636 2895 2701 Ο
2919 2650 2993 2690 uo
3023 2637 3234 2690 iterum
3264 2632 3459 2704 pergis
3487 2632 3515 2688 ?
3547 2635 3596 2686 ls
3621 2646 3635 2687 :

1983 2723 2234 2788 Fratres,
2295 2725 2506 2795 inquit,
2560 2724 2908 2792 instigatum
2941 2740 2956 2790 ;
2988 2730 3166 2796 atque
3197 2722 3363 2778 abiit.
3398 2721 3467 2778 Ut
3497 2736 3635 2777 vero

1983 2829 2188 2868 rursus
2218 2815 2470 2881 transiit,
2523 2819 2768 2869 sanctus
2799 2813 3130 2869 sciscitatus
3160 2817 3250 2867 est
3291 2828 3362 2868 ex
3393 2825 3486 2876 eo,
3512 2825 3636 2882 quo

1986 2902 2167 2957 modo
2189 2919 2250 2957 se
2265 2902 2553 2958 haberent
2568 2901 3163 2972 fratres.Respondit:
3184 2900 3636 2956 Male.Etsenex:

1987 2991 2138 3047 Cur?
2159 2990 2453 3046 Daemon:
2479 2991 2929 3062 Cuncti,inquil,
2949 2990 3175 3045 feroces
3206 2993 3363 3052 sunt,
3393 2993 3450 3042 et
3473 2985 3639 3058 quod

1987 3080 2155 3152 peius
2213 3085 2317 3143 est,
2378 3078 2473 3134 ille
2525 3095 2702 3152 quem
2736 3079 3039 3134 habebam
3070 3078 3331 3133 amicum
3363 3079 3421 3130 et
3466 3075 3640 3130 obse-

251 3173 550 3238 quentem
578 3165 741 3230 mihi,
777 3167 904 3237 ipse
928 3166 1129 3232 etiam,
1187 3166 1346 3222 unde
1401 3167 1622 3232 nescio,
1680 3183 2004 3223 conversus
2034 3175 2143 3232 est,
2179 3183 2287 3223 nec
2317 3168 2575 3240 amplius
2601 3185 2638 3226 a
2673 3183 2766 3223 me
2795 3166 3206 3239 persuadetur,
3241 3165 3346 3220 sed
3399 3163 3634 3220 cunctis

249 3254 517 3311 ferocior
547 3256 770 3313 evasit:
814 3253 972 3310 unde
998 3257 1208 3320 iuravi,
1244 3271 1338 3310 me
1370 3256 1629 3326 amplius
1660 3272 1730 3312 ea
1761 3256 1892 3313 loca
1916 3273 2034 3312 non
2066 3257 2458 3324 calcaturum,
2491 3257 2602 3312 nisi
2629 3264 2762 3328 post
2795 3263 3049 3328 tempus.
3079 3262 3266 3329 Atque
3296 3254 3448 3310 haec
3495 3267 3636 3308 cum

253 3344 533 3406 dixisset,
568 3344 863 3408 discessit,
898 3359 1103 3399 senem
1138 3344 1502 3416 relinquens.
1539 3347 1701 3401 Tunc
1735 3351 1980 3403 sanctus
2012 3347 2252 3402 intravit
2281 3347 2341 3402 in
2368 3346 2648 3402 cellulam
2677 3362 2878 3402 suam.

338 3432 399 3490 4.
455 3431 750 3504 Παρέϐαλεν
781 3434 807 3485 6
857 3430 1017 3494 ἀϐϐᾶς
1047 3435 1313 3508 Μακάριος
1347 3434 1373 3485 6
1417 3436 1579 3505 μέγας
1626 3443 1698 3505 τῷ
1742 3433 1880 3506 ἀϐϐᾷ

265 3522 538 3592 Ἀντωνίῳ
585 3527 660 3584 εἰς
690 3525 748 3574 τὸ
789 3525 926 3594 ὅρος,
973 3527 1061 3574 καὶ
1108 3527 1422 3596 κρούσαντος
1466 3527 1625 3575 αὑτοῦ
1664 3528 1756 3582 τὴν
1786 3527 1875 3576 θύ-

262 3630 364 3685 ραν
397 3609 580 3673 ἐξῆλθε
621 3613 747 3685 πρὸς
778 3610 933 3663 αὐτὸν
963 3616 1052 3663 καὶ
1092 3607 1225 3663 εἶπεν
1274 3611 1412 3682 αὐτ-ῳ
1442 3629 1454 3641 ·
1709 3616 1772 3664 σὺ
1799 3618 1878 3674 τίς

264 3697 356 3765 εἷς
391 3701 418 3751 6
451 3695 512 3752 δε
543 3703 634 3772 ἔφη
671 3719 684 3732 ·
732 3703 832 3771 ἐγώ
885 3699 990 3772 εἰμι
1028 3702 1299 3774 Μακάριος
1332 3718 1344 3729 ·
1396 3706 1485 3753 καὶ
1523 3701 1732 3764 κλείσας
1784 3707 1877 3761 τήν

260 3791 430 3864 Θύραν
457 3789 666 3847 εἰσῆλθε
703 3795 793 3841 καὶ
837 3788 1030 3861 ἀφῆκεν
1072 3789 1254 3842 αὐτόν·
1319 3794 1408 3842 καὶ
1464 3787 1590 3842 ἰδὼν
1620 3795 1710 3849 τὴν
1750 3792 1870 3843 ὑπο-

257 3884 430 3950 μονὴν
472 3879 633 3931 αὐτοῦ
680 3878 877 3942 ἤνοιξεν
921 3879 1083 3949 αύτῷ.
1133 3884 1222 3932 καὶ
1266 3880 1723 3952 χαριεντιζόμενος
1764 3869 1878 3952 μετ’

262 3969 431 4020 αὐτοῦ
472 3968 635 4038 ἔλεγεν
669 3984 682 3997 ·
719 3966 821 4018 ἀπὸ
851 3966 1040 4019 πολλοῦ
1070 3974 1268 4041 χρόνου
1302 3970 1590 4040 ἐπεθύμουν
1624 3987 1681 4020 σε
1724 3965 1873 4034 ἰδεῖν,

255 4056 464 4110 ἁκούων
504 4059 570 4108 τὰ
607 4061 724 4130 περὶ
772 4063 867 4108 σοῦ
897 4071 908 4085 ·
932 4075 1020 4108 και
1053 4056 1388 4127 φιλοξενήσας
1445 4056 1600 4108 αὐτὸν
1648 4054 1876 4108 ἀνέπαυ-

261 4165 350 4199 σεν
383 4160 398 4174 ·
430 4142 492 4202 ἦν
531 4147 634 4217 γὰρ
661 4144 762 4196 ἀπὸ
800 4146 1039 4216 καμάτου
1072 4143 1259 4197 πολλοῦ
1289 4165 1300 4176 ·
1334 4143 1491 4216 ὀψίας
1519 4141 1577 4197 δὲ
1602 4148 1880 4217 γενομένης

258 4233 464 4309 ἔϐρεξεν
510 4233 674 4286 ἐαυτῶ
710 4235 736 4285 6
779 4231 941 4294 ἀϐϐᾶς
1001 4234 1271 4295 Ἀντώνιος
1329 4233 1513 4286 θαλλία
1565 4251 1578 4266 ο
1615 4239 1701 4287 καὶ
1741 4233 1878 4306 λέγει

2057 3437 2116 3493 4.
2155 3435 2440 3492 Macarius
2464 3451 2723 3505 magnus
2783 3435 2978 3501 abbas
3019 3434 3179 3491 venit
3204 3433 3282 3489 ad
3312 3430 3642 3488 Antonium

1987 3525 2343 3582 abbatemin
2374 3531 2635 3580 montem
2663 3544 2675 3590 ;
2708 3541 2969 3597 cumque
2988 3523 3558 3597 pulsasset.ostium,
3592 3520 3642 3576 is

1989 3629 2263 3682 egressus
2295 3621 2382 3670 est
2403 3615 2686 3687 petiitque
2715 3632 2728 3670 :
2760 3617 2841 3670 Tu
2868 3616 3040 3687 quies
3067 3615 3095 3668 ἵ
3117 3611 3443 3683 Respondit
3470 3627 3483 3666 :
3520 3611 3642 3679 Ego

1989 3718 2118 3756 sum
2147 3702 2457 3758 Macarius.
2497 3705 2558 3758 Et
2582 3703 2677 3758 ille
2703 3703 2856 3759 ostio
2907 3703 3115 3758 clauso
3175 3699 3434 3764 intravit,
3463 3698 3645 3753 relin-

1988 3806 2180 3863 quens
2234 3807 2393 3846 eum.
2449 3792 2556 3848 Sed
2613 3797 2934 3864 postquam
2984 3790 3261 3860 cognovit
3291 3787 3642 3858 patientiam

1988 3878 2134 3943 eius,
2165 3879 2416 3950 aperuit.
2451 3884 2639 3951 Atque
2664 3896 2802 3934 cum
2833 3895 2903 3934 eo
2932 3878 3160 3934 urbane
3192 3891 3376 3946 agens
3393 3875 3567 3929 dixit:
3597 3873 3644 3926 A

1991 3967 2176 4022 multo
2211 3973 2476 4038 tempore
2530 3968 2954 4024 desiderabam
2989 3973 3044 4022 te
3068 3967 3288 4029 videre,
3321 3963 3528 4020 audita
3560 3961 3640 4017 tui

1990 4057 2181 4112 fama.
2210 4059 2272 4111 Et
2289 4057 2660 4128 hospitaliter
2680 4063 3024 4129 susceptum
3045 4055 3245 4111 refecit
3275 4069 3288 4119 ;
3319 4058 3445 4109 erat
3474 4051 3637 4107 enim

1993 4163 2024 4202 e
2057 4147 2240 4202 multo
2271 4147 2474 4204 labore
2505 4149 2718 4202 fessus.
2749 4147 3002 4218 Vespere
3047 4152 3244 4202 autem
3281 4143 3436 4199 facto
3463 4142 3643 4197 Anto-

1992 4237 2130 4292 nius
2153 4237 2346 4294 abbas
2372 4238 2483 4293 sibi
2504 4237 2817 4295 madefecit
2841 4251 3044 4294 ramos
3077 4234 3437 4308 palmarum.
3474 4233 3540 4288 Et
3564 4230 3647 4288 ait

1829 4383 2084 4442 NOTAE.

263 4525 333 4608 in
347 4527 625 4608 manibus
639 4530 918 4608 tenentes,
943 4531 996 4584 et
1006 4528 1310 4608 ampullas
1329 4541 1460 4608 cum
1477 4543 1715 4608 ros‘aceo
1729 4528 1877 4585 oleo:
1911 4533 1958 4588 D
1986 4549 2096 4608 per
2105 4536 2523 4593 ecclesiasticos
2535 4538 2742 4608 legatos
2757 4541 2809 4593 et
2824 4533 3218 4608 excusatorias
3233 4532 3433 4588 literas
3446 4529 3538 4608 illi
3548 4543 3648 4608 exi

264 4607 320 4656 et
339 4605 684 4667 prostratae
696 4599 945 4668 pedibus
959 4602 1175 4654 nostris
1187 4600 1436 4669 plantas
1452 4605 1686 4655 nostras
1702 4616 1878 4668 unge-

265 4671 434 4734 bant,
461 4671 905 4741 cantabantque
928 4671 1138 4741 lingua
1164 4673 1537 4741 Aegyptiaca
1551 4672 1876 4738 psallentes

265 4741 668 4809 antiphonam
687 4760 705 4797 :
735 4741 1035 4797 Benedicti
1058 4758 1156 4796 vos
1176 4757 1213 4797 ιι
1229 4741 1491 4806 Domino,
1518 4742 1878 4798 benedictus-

309 4828 386 4868 ue
401 4811 693 4869 adventus
708 4820 913 4876 uester,
931 4813 1170 4868 Osanna
1184 4813 1243 4868 in
1259 4812 1522 4869 excelsis.
1534 4813 1874 4869 Secundum

314 4885 613 4939 abeturin
654 4883 770 4937 vita
790 4883 849 4938 S.
893 4884 1174 4951 Fulgentii
1216 4900 1348 4954 cap.
1391 4889 1497 4942 29:
1532 4886 1649 4941 Per
1678 4901 1874 4940 omnes

265 4955 506 5023 prolixi
535 4953 763 5010 itineris
795 4955 918 5010 vias
948 4955 1173 5024 gaudia
1203 4953 1436 5024 majora
1463 4955 1782 5021 reperiens,
1810 4955 1873 5011 in

267 5041 584 5083 occursum
608 5040 774 5081 suum
803 5026 1042 5094 populis
1063 5025 1324 5096 undique
1345 5027 1717 5082 tendentibus
1740 5041 1874 5083 cum

269 5099 538 5154 lucernis
554 5104 606 5151 et
623 5097 1001 5162 lampadibus
1021 5104 1074 5152 et
1092 5097 1376 5152 arborum
1387 5097 1722 5167 frondibus.
1746 5101 1876 5153 Ter-

269 5173 420 5225 tium
435 5168 844 5223 contineturin
860 5168 1225 5223 notisJacobi
1240 5168 1538 5223 Sirmondi
1553 5169 1626 5224 ad
1646 5178 1876 5225 tomum

270 5242 516 5296 tertium
551 5237 950 5294 Conciliorum
979 5239 1223 5304 Galliae,
1246 5255 1317 5294 ex
1341 5241 1678 5295 narratione
1711 5240 1874 5294 cleri-

268 5327 483 5367 corum
518 5310 898 5365 Remensium
931 5311 1006 5365 de
1041 5310 1318 5365 Ebbone:
1356 5312 1640 5378 Receptus
1683 5319 1768 5367 est
1806 5310 1878 5366 ab

270 5381 561 5450 episcopis
589 5381 990 5451 suﬂ'raganeis
1019 5381 1140 5436 suis
1167 5381 1440 5438 Rothado
1472 5382 1757 5452 episcopo,
1789 5381 1882 5438 Si-

272 5469 473 5508 meone
497 5452 794 5524 episcopo,
828 5454 992 5522 Lupo
1023 5455 1316 5524 episcopo,
1358 5468 1478 5508 una
1510 5468 1642 5509 cum
1672 5455 1881 5522 legatis

275 5525 541 5581 omnium
557 5523 819 5579 aliorum
844 5523 1248 5592 episcoporum
1281 5527 1570 5580 Remensis
1586 5525 1881 5588 dioecesis,

276 5599 386 5668 qui
413 5595 601 5668 variis
663 5595 884 5652 detenti
921 5596 1373 5662 inﬁrmitatibus
1399 5597 1550 5651 illuc
1589 5595 1889 5665 corporali

275 5667 620 5738 praesentia
657 5681 971 5724 occurrere
1009 5682 1131 5724 non
1172 5669 1454 5734 valentes,
1495 5683 1665 5726 suam
1692 5673 1890 5726 tamen

1989 4606 2308 4682 hibuerunt
2322 4601 3000 4682 praesentiamlnsuper
3011 4606 3184 4662 etiam
3213 4619 3248 4682 ᾳ
3262 4601 3576 4682 canonicis
3590 4605 3646 4656 et

1986 4680 2293 4750 monachis
2322 4675 2514 4750 atque
2555 4675 3054 4748 corregiondtibus
3088 4675 3442 4750 presbyteris
3469 4675 3648 4727 totius

1984 4747 2254 4827 dioecesis
2269 4747 2448 4823 atque
2469 4751 2704 4827 inﬁnita
2719 4747 3099 4827 multitudine
3121 4747 3432 4827 utriusque
3449 4757 3646 4827 sexus.

1988 4821 2101 4896 Qui
2124 4838 2321 4896 omnes
2345 4815 2477 4879 cum
2507 4815 2693 4878 ramis
2717 4824 3066 4896 palmarum
3095 4828 3147 4874 et
3180 4815 3360 4896 cereis
3390 4815 3651 4896 ardenti-

1985 4891 2110 4967 bus,
2129 4895 2464 4967 laudesque
2500 4898 2607 4948 Deo
2624 4887 2848 4967 intimis
2875 4890 3148 4967 cordibus
3169 4892 3222 4967 et
3243 4887 3648 4967 eagcelsissimis

1984 4965 2220 5020 vocibus
2240 4958 2698 5034 proclamantes,
2717 4966 2889 5033 longe
2919 4965 2970 5020 ei
2997 4963 3072 5018 ab
3098 4961 3346 5034 ecclesia
3383 4958 3650 5034 obuiam:-

1984 5041 2146 5103 runt,
2193 5028 2249 5091 et
2278 5053 2461 5112 usque
2489 5037 2568 5091 ad
2593 5028 2895 5112 ecclesidm
2923 5028 3648 5112 indesinenterpsallentes

1984 5120 2114 5164 eum
2135 5101 2582 5182 perdueerunt.
2617 5107 3002 5182 Notissimum
3030 5113 3120 5160 est
3155 5103 3364 5182 C_bristi
3419 5101 3650 5182 Domini

1987 5171 2500 5248 exem'plumlohai
2512 5194 2547 5232 ιι
2559 5222 2571 5245 ,
2584 5185 2600 5233 l
2613 5182 2664 5234 3.
2677 5178 2789 5234 Sed
2801 5184 2857 5232 et
2870 5177 2946 5232 ad
2960 5175 3276 5248 exsequias
3291 5188 3421 5228 cum
3439 5171 3654 5248 palmis

1988 5242 2331 5324 prodibant.
2352 5258 2413 5306 ut
2429 5242 2626 5324 videre
2641 5257 2727 5324 es_t
2742 5250 2907 5324 apud
2927 5242 3657 5324 Ammonium‘rnonacbum

1989 5313 2063 5378 de
2080 5323 2349 5379 Patribus
2369 5313 3509 5395 SinaitisetRhaithensibusp.106._l28.
3529 5313 3650 5395 1:29,

1991 5400 2050 5450 et
2075 5396 2133 5449 in
2170 5395 2423 5450 Historia
2445 5393 2734 5448 Lausiaca
2761 5406 2894 5462 cap.
2938 5395 3024 5446 39.
3059 5385 3219 5444 Mitto
3261 5386 3478 5442 multas
3506 5385 3655 5441 alias

1993 5465 2344 5522 consimiles
2377 5463 2864 5520 consuetudines.
2901 5463 3165 5518 Cornum.

2070 5537 2153 5613 (ιι)
2207 5536 2287 5613 Cf.
2318 5536 2596 5613 γνεηρρ.
2629 5533 3097 5613 Βοεψηιίδλιιιζ
3142 5546 3277 5613 cap.
3311 5530 3420 5613 ﬁt“;
3472 5527 3576 5613 lib.
3603 5525 3649 5613 Υ

1997 5600 2177 5665 1115811.
2209 5607 2298 5673 18,
2327 5611 2379 5678 8,
2419 5608 2521 5664 lib.
2549 5622 2624 5663 vu
2657 5621 2791 5677 cap.
2833 5610 2880 5670 l,
2945 5605 3000 5661 8.
3064 5600 3338 5660 Doroihei
3379 5600 3571 5656 Doctr.
3603 5602 3654 5653 5.
