4088 6192
229 300 316 356 245
1564 286 2221 347 APOPHTHEGMATA.

1284 420 1309 471 6
1351 415 1499 472 δεῖνα
1547 418 1646 489 (a),
1688 423 1789 470 ποῦ

1915 416 1982 471 vit
2029 432 2208 473 senex
2242 423 2546 475 mortuum
2584 420 2677 476 his
2716 420 2953 477 verbis:
3000 418 3118 484 Ille,
3153 418 3255 475 ubi
3300 414 3561 490 posuisti

230 441 361 482 νησεν
405 423 430 473 6
481 424 638 493 γίρων
675 418 761 470 τὸν
785 420 963 492 νεκρὸν
1014 416 1172 491 λέγων
1212 435 1226 449 ’

231 514 391 571 ἔθηκας
438 513 524 567 τὴν
582 508 845 579 ἀλλοτρίαν
900 510 1261 581 παραθήκην;
1316 510 1342 561 6
1384 506 1444 563 δὲ
1488 507 1793 580 ἀποκριθεὶς

229 593 343 649 εἶπεν
376 615 387 628 ·
418 594 489 656 εἰς
514 597 599 645 τὸν
625 589 765 644 οἶκον
805 611 905 664 μου
944 597 1233 665 κέκρυπται
1275 595 1374 647 ὑπὸ
1422 597 1507 647 τὸν
1532 590 1675 645 ποδα
1703 600 1793 651 τῆς

227 684 385 745 κλίνης
425 698 439 712 ⁸
468 687 555 734 καὶ⁵
599 681 730 753 λέγει
775 682 917 751 αὐτῷ
976 682 1000 733 6
1046 686 1207 757 γέρων
1241 702 1254 715 ο
1296 690 1463 754 κοιμῶ
1510 681 1662 735 πάλιν
1705 682 1793 740 ἕως

230 780 310 834 τῆς
350 774 537 845 ἡμέρας
576 780 671 831 τῆς
710 768 1046 834 ἀναστάσεως
1076 788 1089 801 ’
1122 769 1321 834 ἰδόντες
1366 768 1424 825 δὲ
1472 773 1520 823 οἱ
1559 767 1791 842 ἀδελφοὶ,

230 860 319 914 ἀπὸ
360 867 447 914 τοῦ
478 858 635 932 φόϐου
680 861 862 912 ἔπεσον
912 860 984 921 εἰς
1014 864 1134 923 τοὺς
1173 858 1343 923 πόδας
1372 860 1529 913 αὐτοῦ
1561 880 1571 889 υ
1610 862 1700 910 καὶ
1730 853 1792 909 εἴ·

231 969 305 1003 πεν
319 950 482 1010 αὐτοῖς
508 950 707 1023 ὁγὶρων
729 966 741 978 ·
760 948 819 1000 οὐ
1034 946 1107 1003 δι’
1124 949 1209 1022 ἐμὲ
1234 954 1411 1021 γέγονε
1437 957 1590 1002 τοῦτο
1615 966 1626 978 ⁸
1645 945 1796 1000 οὐδεν

228 1042 313 1112 γάρ
349 1039 447 1111 εἰμι
474 1055 488 1067 ⁸
531 1037 658 1090 ἀλλὰ
702 1034 797 1090 διὰ
826 1044 919 1096 τὴν
948 1044 1125 1114 χήραν
1152 1043 1242 1092 καὶ
1281 1042 1341 1092 τὰ
1383 1038 1580 1112 ὀρφανὰ
1609 1040 1633 1089 6
1673 1039 1797 1098 Θεὸς

230 1127 415 1184 ίποίοσε
441 1130 497 1179 τὸ
546 1133 769 1199 πρᾶγμα
801 1144 813 1157 ·
856 1135 1010 1180 τοῦτο
1041 1124 1101 1180 δέ
1131 1130 1243 1181 εστι
1287 1132 1345 1180 τὸ
1389 1132 1543 1201 μέγα,
1589 1128 1671 1179 ὃτι
1712 1124 1796 1177 ἀν-

228 1218 495 1287 αμάρτητον
526 1214 657 1268 θελει
702 1217 728 1267 6
755 1218 885 1276 Θεὸς
915 1220 1008 1275 τὴν
1044 1216 1251 1288 ψυχήν,
1279 1222 1369 1269 καὶ
1399 1220 1443 1269 εἴ
1472 1236 1523 1269 τι
1561 1215 1622 1268 ἃν
1653 1217 1796 1274 αἰτή-

229 1322 371 1368 σεται,
418 1302 667 1376 λαμϐάνει
703 1320 716 1333 ·
756 1304 911 1357 ἕλθὼν
961 1302 1021 1357 δε
1069 1304 1337 1378 ἀνήγγειλε
1384 1313 1446 1379 τῇ
1493 1311 1644 1379 χήρᾳ
1694 1311 1793 1357 ποῦ

225 1399 367 1443 κεῖται
413 1393 441 1450 ἡ
476 1394 761 1464 παραθήκη
795 1411 805 1422 ·
852 1395 882 1452 ἡ
934 1390 994 1446 δε
1038 1393 1273 1447 λαϐοῦσα
1325 1395 1485 1453 αὐτὴν
1516 1391 1677 1447 ἔδωκε
1724 1402 1795 1463 τῷ

224 1485 363 1551 κυρίῳ
403 1481 583 1547 αὐτῆς,
635 1486 721 1534 καὶ
754 1481 1073 1553 ἠλευθέρωσε
1125 1486 1189 1536 τὰ
1242 1487 1395 1537 τέκνα
1445 1483 1611 1545 αὐτῆς
1644 1500 1656 1511 ”
1704 1487 1792 1534 καὶ

226 1570 386 1629 πάντες
414 1571 460 1620 οι
489 1568 808 1632 ἀκούσαντες
836 1566 1092 1633 ἓδόξασαν
1114 1575 1199 1624 τὸν
1230 1575 1358 1625 Θεὸν
1386 1572 1487 1643 (b).

281 1657 328 1712 8.
371 1656 568 1729 Ἔλεγεν
618 1660 646 1711 6
704 1657 869 1721 ἁϐϐἄς
899 1664 1091 1733 Πέτρος
1126 1666 1244 1735 περὶ
1288 1668 1380 1714 τοῦ
1429 1659 1584 1732 ἁγίου
1613 1666 1795 1713 Μακα-

3457 288 3564 346 246

1902 506 2160 562 alienum
2186 508 2525 579 depasitum
2544 509 2572 564 ?
2596 514 2964 583 Responsum
2988 510 3151 565 dedit
3175 509 3394 564 homo:
3420 505 3562 562 Abs-

1903 596 2210 652 conditum
2242 604 2329 652 est
2358 598 2417 652 in
2456 599 2639 654 domo
2678 616 2813 654 mea
2846 598 2961 655 sub
2992 598 3143 669 pede
3180 598 3332 653 lecti.
3370 598 3559 651 Senex

1904 684 1979 738 ad
2012 685 2208 755 ipsum
2242 702 2253 739 :
2294 686 2508 742 Iterum
2548 689 2739 744 dormi
2780 704 2973 760 usque
3004 688 3079 742 ad
3114 684 3561 742 resurrectionis

1905 772 2084 828 diem.
2117 773 2288 842 Quod
2320 777 2649 847 conspicati
2684 776 2765 831 fre
2779 784 2893 831 tres
2921 791 3064 847 prae
3096 775 3305 830 timore
3335 772 3562 829 cecide-

1905 868 2044 918 runt
2073 862 2149 918 ad
2194 864 2376 936 pedes
2406 866 2551 919 eius.
2594 867 2742 920 Tum
2772 866 2842 919 iis
2872 880 3052 920 senex
3097 865 3178 920 ait
3206 879 3218 917 :
3271 865 3397 918 Non
3427 876 3561 933 pro-

1907 958 2035 1021 pter
2067 968 2160 1007 me
2186 952 2244 1008 id
2276 954 2507 1018 evenit;
2543 953 2685 1009 nihil
2715 954 2939 1025 quippe
2968 969 3099 1007 sum
3137 968 3149 1007 :
3185 951 3287 1007 sed
3318 954 3561 1022 propter

1906 1041 2149 1096 viduam
2184 1047 2238 1097 et
2276 1042 2534 1115 pupillos
2566 1042 2717 1097 Deus
2751 1058 2876 1097 rem
2916 1042 3072 1097 fecit.
3107 1043 3224 1096 Hoc
3264 1054 3404 1094 vero
3437 1054 3562 1095 ma-

1907 1145 2094 1199 gnum
2126 1136 2232 1196 est,
2264 1133 2428 1202 quod
2464 1132 2617 1187 Deus
2653 1130 2779 1187 vult
2814 1131 3081 1187 animam
3114 1145 3244 1185 esse
3273 1128 3398 1183 sine
3428 1142 3563 1199 pec-

1906 1226 2061 1287 cato,
2094 1226 2150 1275 et
2176 1220 2463 1293 quicquid
2495 1221 2725 1291 petierit
2757 1220 3028 1291 accipiet.
3058 1217 3355 1274 Profectus
3386 1216 3564 1286 igitur

1906 1309 2201 1364 nuntiavit
2224 1310 2462 1373 viduae,
2487 1310 2590 1365 ubi
2609 1311 2825 1366 iaceret
2848 1308 3211 1381 depositum.
3233 1308 3393 1373 Quae
3410 1305 3562 1361 acci-

1907 1398 2076 1469 piens
2093 1397 2256 1453 dedit
2273 1399 2541 1466 domino,
2555 1399 2697 1454 acin
2712 1398 3047 1454 libertatem
3061 1397 3309 1453 asseruit
3322 1394 3561 1450 liberos.

1908 1488 2268 1559 Omnesque,
2291 1488 2396 1559 qui
2413 1487 2764 1543 miraculum
2787 1486 3165 1551 audiverunt,
3186 1484 3439 1555 gloriam
3461 1483 3563 1539 de-

1907 1575 2123 1631 derunt
2156 1580 2293 1632 Deo.

1979 1668 2032 1722 8.
2090 1666 2292 1721 Petrus
2341 1665 2533 1721 abbas
2593 1666 2877 1732 narravit,
2925 1664 3171 1721 beatum
3220 1662 3561 1727 Macarium,

224 1750 337 1818 ρίου,
393 1750 468 1800 ὄτι
519 1754 935 1821 παραγενόμενός
1001 1768 1126 1802 ποτε
1182 1753 1305 1825 πρὸς
1352 1770 1469 1803 τινα
1519 1748 1794 1821 ἀναχωρη-

1915 1772 2093 1827 quum
2110 1755 2435 1827 aliquando
2449 1754 2876 1811 anachoretam
2888 1754 3214 1823 quemdam
3240 1752 3563 1808 invenisset

224 1840 318 1906 τήν,
362 1843 445 1892 καὶ
506 1839 673 1909 εὑρὼν
753 1838 906 1891 αὐτὸν
986 1842 1319 1911 κακούμενον,
1380 1840 1685 1893 ἐπυνθάνετο
1745 1843 1796 1891 τί

228 1922 445 1995 βούλοιτο
492 1936 760 1999 τραφῆναι
812 1924 1025 1992 οὐδενὸς
1083 1932 1227 1991 ὄντος
1265 1928 1313 1981 ἄν
1360 1938 1431 2000 τῷ
1484 1928 1661 2000 κελλίῳ
1707 1928 1798 1980 αὐ-

222 2020 447 2068 τοῦ’καὶ
498 2021 770 2087 φήσαντος
813 2018 1031 2084 ἐκείνου,
1081 2019 1355 2082 πάστιλον,
1404 2018 1477 2079 εἰς
1520 2022 1613 2076 τὴν
1662 2017 1798 2071 Ἀλε-

224 2100 451 2176 ξανδρίων
499 2104 651 2157 πόλιν
685 2105 779 2157 οὐκ
808 2109 1037 2164 ὤκνησεν
1077 2108 1102 2158 6
1143 2104 1381 2178 ἀνδρεῖος
1412 2109 1799 2181 παραγενέσθαι

224 2196 296 2243 καὶ
343 2188 517 2245 δουναι
558 2203 634 2265 τῷ
677 2195 925 2265 κάμνοντι
959 2213 972 2226 ⁸
1015 2200 1106 2249 καὶ
1160 2200 1218 2249 τὸ
1257 2198 1558 2268 θαυμαστὸν
1607 2192 1798 2267 μηδενὶ

225 2277 490 2339 κατάδηλον
519 2288 796 2355 γενόμενον
825 2285 934 2355 (c).

281 2372 325 2423 9.
364 2371 479 2425 Εἷπε
524 2371 709 2436 πάλιν,
756 2374 837 2425 ὅτι
875 2375 923 2425 ἓν
963 2372 1158 2447 ἀκακία
1208 2382 1300 2427 τοῦ
1339 2373 1478 2427 ἀϐϐᾶ
1522 2379 1795 2447 Μακαρίου

225 2457 585 2531 πολιτευομένου
644 2464 777 2534 πρὸς
1079 2465 1273 2525 πάντας
1349 2468 1467 2526 τοὺς
1523 2461 1794 2535 ἀδελφοὺς,

224 2547 389 2616 ἔφησαν
421 2548 558 2619 αὐτῷ
590 2568 732 2609 τινες
760 2571 773 2584 ο
809 2547 903 2602 διὰ
937 2556 986 2604 τί
1018 2552 1181 2615 οὕτως
1223 2552 1403 2605 ἑαυτὸν
1430 2561 1593 2616 ποιεῖς
1624 2570 1637 2619 ;
1679 2554 1704 2605 6
1736 2550 1796 2606 δε

224 2629 347 2687 εἶπε·
394 2632 605 2691 δώδεκα
654 2640 741 2697 ἔτη
787 2634 1074 2693 ἐδούλευσα
1107 2649 1179 2711 τῷ
1224 2647 1387 2714 κυρίῳ
1425 2660 1548 2713 μου,
1595 2642 1676 2694 ἵνα
1704 2660 1794 2713 μοι

224 2729 487 2797 χαρίσηται
521 2730 580 2779 τὸ
612 2729 870 2801 χάρισμα
913 2736 1085 2795 τοῦτο,
1117 2734 1207 2783 καὶ
1234 2732 1413 2792 πάντες
1442 2750 1533 2803 μοι
1564 2729 1795 2803 συμϐου-

219 2810 359 2867 λεύετε
377 2812 671 2869 ἀποθέσθαι
699 2816 828 2869 αὐτό
862 2832 877 2883 ;

278 2903 353 2958 10.
383 2903 588 2977 Ἐλεγον
641 2910 761 2979 περὶ
806 2913 898 2960 τοῦ
951 2906 1086 2960 ἁϐϐᾶ
1147 2912 1438 2984 Μακαρίου,
1499 2910 1580 2962 ὅτι
1628 2909 1671 2962 εἰ
1714 2908 1793 2961 εὐ-

220 2994 408 3064 καίρησε
459 2996 593 3067 μετὰ
648 2992 901 3068 ἀδελφῶν,
960 2995 1112 3050 ἐτίθει
1164 2997 1329 3068 ἑαυτῷ
1369 3000 1485 3071 ὅρον
1527 3013 1539 3025 ’
1581 3001 1663 3051 ὅτι
1706 2998 1790 3051 ἐὰν

219 3079 371 3153 εὑρεθῇ
414 3080 569 3151 οἶνος,
632 3080 731 3136 διὰ
780 3087 897 3146 τοὺς
949 3081 1196 3159 ἀδελφοὺς
1230 3092 1362 3153 πίνε,
1396 3091 1485 3140 καὶ
1528 3087 1642 3141 ἀντὶ
1686 3088 1790 3150 ένὸς

220 3175 439 3243 ποτηρίου
474 3176 619 3226 οἴνου
674 3177 797 3244 μίαν
847 3175 1044 3249 ἡμέραν
1083 3180 1155 3247 μὴ
1212 3181 1338 3249 πίῃς
1390 3173 1536 3250 ὕδωρ
1571 3195 1583 3208 ·
1620 3180 1671 3230 οἱ
1702 3178 1789 3230 οὖν

223 3254 403 3332 ἀδελφοὶ
436 3264 600 3338 χάριν
646 3262 984 3325 ἀναπαύσεως
1014 3261 1226 3318 ἐδίδουν
1266 3265 1402 3336 αὐτῷ
1438 3284 1449 3296 ⁸
1483 3268 1508 3318 6
1541 3264 1600 3320 δὲ
1628 3272 1790 3341 γέρων

222 3350 328 3418 μετὰ
363 3357 528 3425 χαρᾶς
576 3350 883 3423 ἇλάμϐανεν,
945 3354 1028 3406 ἵνα
1074 3353 1252 3406 ἑαυτὸν
1301 3353 1572 3428 βασανίσῃ
1610 3374 1623 3386 ·
1667 3359 1692 3409 6
1733 3354 1791 3410 δε

223 3438 437 3506 μαθητὴς,
468 3437 625 3503 εἰδὼς
666 3444 726 3493 τὸ
773 3448 1012 3514 πρᾶγμα,
1049 3442 1186 3515 ἔλεγε
1227 3450 1335 3506 τοῖς
1378 3441 1620 3517 ἀδελφοῖς
1650 3463 1663 3477 ο
1699 3443 1793 3500 διὰ

223 3527 293 3576 τὸν
318 3530 501 3598 κύριον,
528 3534 603 3601 μὴ
654 3525 785 3582 δῶτε
813 3530 954 3602 αὐτῷ
988 3551 1001 3563 ο
1043 3531 1087 3584 εὶ
1121 3529 1181 3584 δὲ
1203 3538 1358 3603 μήγε,
1403 3534 1469 3595 εἰς
1514 3537 1570 3586 τὸ
1599 3535 1792 3589 κελλίον

224 3613 364 3683 μέλλει
423 3617 605 3671 ἑαυτὸν
678 3614 936 3690 δαμάζειν
969 3639 982 3652 ·
1025 3626 1114 3673 καὶ
1165 3623 1414 3693 μαθόντες
1480 3625 1529 3676 οὶ
1584 3621 1792 3698 ἀδελφοὶ

224 3700 300 3754 οὐκ
324 3707 391 3757 ἰτι
418 3706 556 3779 αὐτῷ
596 3714 860 3781 παρεῖχον

282 3793 363 3851 Η.
414 3802 817 3872 Παρερχομενός
859 3816 979 3851 ποτε
1018 3797 1119 3851 ἀπὸ
1158 3799 1252 3852 τοῦ
1290 3800 1434 3863 ἕλους
1487 3801 1559 3864 εἰς
1598 3804 1653 3853 τὸ
1684 3801 1791 3853 κελ-

225 3878 313 3933 λίον
374 3883 549 3938 ἑαυτοῦ
610 3887 639 3937 6
698 3884 857 3947 ἆϐϐᾶς
931 3888 1217 3961 Μακάριος,
1272 3889 1530 3951 ἑϐάσταζε
1590 3890 1791 3956 θαλλία,

227 3974 299 4021 καὶ
327 3967 435 4025 ἰδοὺ
482 3976 784 4033 ὑπήντησεν
815 3975 955 4046 αὐτῷ
983 3977 1007 4027 6
1050 3972 1291 4041 διάϐολος
1546 3982 1678 4031 κατὰ
1707 3984 1795 4037 τὴν

228 4054 332 4110 ὁδὸν
354 4065 479 4132 μετὰ
505 4060 770 4139 δρεπάνου
800 4084 813 4096 ·
857 4071 944 4117 καὶ
976 4068 1043 4127 ὡς
1076 4066 1323 4125 ἠθΐλησεν
1365 4068 1519 4120 αὑτὸν
1549 4076 1792 4142 κροῦσαι,

227 4146 305 4198 οὐκ
337 4152 524 4223 ἰσχυσε
558 4168 573 4181 ⁸
639 4159 729 4205 καὶ
780 4153 915 4225 λέγει
972 4155 1110 4225 αὐτῷ
1141 4173 1153 4185 ·
1187 4156 1346 4216 πολλή
1398 4156 1494 4229 βία
1527 4157 1627 4211 ἀπὸ
1679 4168 1793 4225 σοῦ,

230 4240 455 4313 Μακάριε,
488 4243 567 4295 ὃτι
617 4242 679 4294 οὐ
734 4238 966 4315 δύναμαι
1012 4248 1141 4316 πρὸς
1190 4250 1249 4298 σί
1281 4261 1294 4275 ⁸
1341 4243 1459 4299 ἰδοὺ
1504 4249 1629 4322 γάρ,
1670 4251 1797 4301 εἴτι

231 4334 388 4394 ποιεῖς,
438 4329 585 4403 κάγὼ
636 4340 768 4383 ποιῶ
803 4351 815 4363 ·
851 4336 917 4385 σὺ
962 4337 1228 4396 νηστεύεις
1256 4353 1268 4364 ·
1313 4338 1460 4406 κάγὼ
1504 4338 1575 4391 ³⁷.
1638 4336 1793 4410 ἁγρυ·

233 4423 386 4478 πνεῖς·
415 4421 556 4492 κὰγώ
605 4421 736 4481 ὅλως
773 4424 832 4473 οὔ
863 4431 1131 4495 κοιμῶμαι
1163 4441 1176 4453 ·
1213 4426 1261 4477 ἓν
1300 4423 1415 4477 ἐστι
1460 4430 1635 4496 μόνον,
1683 4429 1731 4478 ἂν

234 4510 356 4575 νικᾷς
404 4526 463 4578 με
494 4528 506 4541 ·
538 4509 675 4580 λέγει
729 4510 866 4581 αὐτῷ
932 4513 958 4563 6
1026 4510 1184 4573 ἀϐϐᾶς
1261 4516 1526 4587 Μακάριος
1581 4533 1593 4545 ’

235 4600 362 4644 τοῦτο
388 4613 401 4662 ;
430 4596 456 4648 6
485 4594 545 4650 δε
592 4600 687 4669 ἔφη
724 4619 736 4631 ο
766 4601 795 4657 ἠ
845 4599 1153 4661 τάπείνωσίς
1201 4620 1295 4653 σου
1334 4619 1345 4632 ·
1375 4608 1464 4655 καὶ
1514 4600 1607 4657 διὰ
1648 4613 1799 4657 τοῦτο

238 4678 286 4728 οὐ
313 4677 525 4755 δύναμαι
554 4690 684 4758 πρὸς
711 4692 788 4740 σί.

302 4774 373 4824 i2.
418 4782 484 4843 (ei
534 4774 845 4849 Ἠρὼτησάν
885 4796 1014 4837 τινες
1068 4787 1166 4829 τῶν
1217 4782 1451 4853 πατέρων
1499 4784 1586 4832 τὸν
1638 4780 1800 4833 ἁϐϐᾶν

240 4856 475 4931 Μακάρων
517 4867 601 4915 τὸν
638 4865 949 4935 Αἰγύπτιον,
991 4865 1214 4936 λέγοντες
1257 4882 1270 4895 ·
1335 4876 1439 4929 πῶς
1489 4873 1570 4921 ὅτε
1609 4871 1801 4932 iam“;

240 4949 316 4997 καὶ
353 4948 425 5002 ὅτε
460 4955 720 5014 νηστεύεις
745 4958 802 5006 τὸ
835 4957 986 5027 σῶμά
1029 4974 1123 5007 σου
1154 4956 1308 5030 ξηρόν
1338 4955 1451 5009 ἐστι
1486 4976 1498 5025 ;
1532 4963 1621 5010 καὶ
1665 4957 1799 5030 λέγει

1909 1852 2338 1911 aegrotantem,
2368 1846 2729 1899 sciscitatum
2754 1858 2886 1899 esse
2911 1858 2981 1898 ex
3009 1859 3102 1907 eo,
3130 1842 3421 1914 quidnam
3445 1839 3562 1895 cibi

1911 1950 2147 1990 sumere
2178 1934 2366 1989 vellet.
2402 1936 2512 1999 Qui
2544 1938 2866 2006 postquam
2909 1930 3211 2003 pastillum
3250 1930 3433 2001 petiit,
3483 1928 3563 1984 vi-

1910 2040 2041 2078 rum
2085 2023 2315 2088 fortem,
2353 2038 2537 2094 quum
2578 2022 2723 2078 nihil
2762 2022 2822 2077 in
2863 2020 3012 2077 cella
3056 2025 3233 2088 esset,
3271 2017 3561 2090 proﬁcisci

1910 2112 2327 2168 Alexandriam
2362 2128 2481 2167 non
2510 2111 2721 2183 piguit,
2758 2116 2817 2165 ut
2847 2124 3027 2181 aegro
3054 2108 3288 2164 afferret
3318 2123 3332 2173 ;
3367 2122 3559 2180 neque

1911 2203 2062 2257 mira
2087 2217 2177 2256 res
2205 2202 2520 2256 manifesta
2551 2202 2833 2273 cuiquam
2865 2198 3021 2254 facta
3050 2203 3160 2253 est.

1979 2383 2031 2433 9.
2067 2381 2283 2433 lterum
2311 2377 2701 2433 memoravit:
2734 2377 2989 2433 Macario
3020 2375 3223 2433 abbati
3251 2390 3396 2447 prae
3420 2389 3563 2431 cun-

1908 2468 2015 2522 ctis
2051 2466 2331 2523 fratribus
2358 2468 2413 2522 in
2444 2466 2826 2539 simplicitate
2857 2466 3231 2521 conversanti
3259 2464 3511 2537 quidam
3544 2480 3558 2520 :

1908 2557 2039 2618 Cur,
2076 2556 2376 2628 inquiunt,
2415 2556 2591 2611 talem
2630 2562 2684 2610 te
2720 2554 3027 2627 praebes?
3063 2554 3164 2610 Ille
3203 2553 3514 2626 respondit
3544 2570 3558 2609 :

1908 2646 2229 2701 Duodecim
2252 2647 2424 2701 annis
2452 2643 2667 2700 servivi
2690 2644 2941 2700 Domino
2969 2660 3123 2709 meo,
3154 2649 3217 2699 ut
3238 2642 3383 2699 mihi
3405 2642 3562 2698 hanc

1902 2734 2217 2804 largiretur
2256 2735 2533 2804 gratiam,
2580 2738 2635 2789 et
2672 2749 2778 2789 vos
2809 2748 3019 2789 omnes
3059 2732 3203 2788 mihi
3246 2731 3560 2788 consilium

1903 2825 2078 2893 datis,
2110 2832 2171 2879 ut
2195 2824 2499 2895 deponam
2532 2838 2665 2878 eam
2692 2821 2719 2877 i

1976 2917 2059 2968 10·
2079 2912 2365 2968 Dicebant
2393 2911 2467 2967 de
2493 2910 2747 2967 Macario
2773 2909 3011 2976 abbate,
3044 2908 3233 2981 quod,
3264 2909 3310 2963 si
3337 2922 3564 2965 vacans

1903 3007 2237 3057 versaretur
2266 3016 2403 3056 cum
2440 2999 2743 3068 fratribus,
2786 2999 2944 3055 hanc
2974 2997 3085 3054 sibi
3120 2997 3314 3067 legem
3345 2996 3565 3053 consti-

1904 3090 2147 3149 tuebat:
2193 3090 2249 3146 Si
2288 3088 2498 3145 vinum
2541 3087 2818 3153 adfuerit,
2866 3093 3107 3160 propter
3148 3084 3360 3141 fratres
3398 3084 3561 3149 bibe,

1900 3185 1957 3236 et
1985 3195 2093 3252 pro
2120 3194 2241 3234 uno
2281 3177 2401 3233 vini
2438 3177 2654 3248 poculo
2688 3192 2795 3249 per
2830 3191 3020 3232 unum
3048 3175 3207 3230 diem
3240 3190 3361 3230 non
3388 3173 3565 3229 bibas

1900 3284 2144 3341 aquam.
2161 3269 2339 3338 Igitur
2355 3268 2726 3332 fratres,eum
2748 3265 2987 3322 reﬁcere
3001 3262 3567 3336 cupientes,dabant

1901 3360 2169 3415 ei.Senex
2186 3362 2389 3413 autem
2406 3372 2543 3411 cum
2563 3354 2789 3425 gaudio
2802 3353 3175 3417 admittebat,
3202 3358 3264 3408 ut
3287 3368 3349 3408 se
3366 3352 3566 3423 ipsum

1902 3450 2221 3518 torqueret.
2263 3446 2333 3499 At
2385 3444 2716 3515 discipulus
2764 3442 2918 3507 eius,
2961 3442 3055 3497 cui
3105 3457 3199 3497 res
3237 3446 3380 3496 nota
3418 3444 3564 3505 erat,

1902 3535 2139 3591 dicebat
2188 3534 2469 3589 fratribus
2504 3550 2515 3589 ε
2557 3536 2661 3588 Per
2707 3532 3047 3598 Dominum,
3103 3546 3177 3586 ne
3225 3528 3565 3602 praebeatis

1904 3625 1982 3681 illi
2008 3642 2021 3691 ;
2056 3623 2283 3696 alioqui
2316 3624 2373 3679 in
2412 3622 2565 3677 cella
2595 3621 2979 3678 confecturus
3008 3624 3102 3676 est
3131 3636 3211 3676 se.
3246 3621 3376 3686 Quo
3405 3634 3568 3675 com-

1904 3718 2071 3786 perto
2103 3713 2310 3769 fratres
2342 3727 2461 3767 non
2490 3711 2753 3781 amplius
2784 3711 2835 3765 ei
2862 3709 3273 3781 porrigebant.

1981 3803 2063 3856 11.
2096 3801 2480 3856 Proﬁciscens
2502 3798 2829 3870 aliquando
2856 3798 3145 3853 Macarius
3176 3796 3368 3851 abbas
3401 3811 3435 3850 a
3466 3808 3571 3865 pa-

1905 3892 2043 3947 lude
2067 3890 2125 3945 in
2154 3887 2429 3944 cellulam
2457 3903 2628 3941 suam
2659 3885 2937 3957 portabat
2970 3886 3308 3956 palmarum
3338 3897 3566 3945 ramos,

1906 3986 1961 4037 et
1990 3994 2124 4035 ecce
2155 3976 2411 4033 occurrit
2440 3977 2491 4032 ei
2524 3975 2584 4031 in
2636 3975 2731 4030 via
2770 3974 3049 4029 diabolus
3080 3972 3293 4027 falcem
3332 3985 3567 4044 gerens.

1908 4070 2017 4135 Qui
2085 4074 2146 4123 ut
2209 4066 2393 4121 voluit
2459 4080 2596 4120 eum
2658 4063 2851 4123 ferire,
2921 4077 3041 4117 non
3112 4060 3315 4117 valuit.
3378 4061 3569 4131 Atque

1907 4160 1956 4213 ei
1994 4175 2006 4213 :
2042 4156 2238 4221 Multa,
2274 4156 2485 4227 inquit,
2520 4170 2554 4209 a
2586 4160 2639 4209 te
2670 4153 2778 4219 vis,
2812 4150 3048 4217 Macari,
3080 4149 3245 4223 quod
3277 4149 3569 4204 adversus

1911 4254 1961 4303 te
1994 4245 2137 4302 nihil
2168 4261 2437 4316 possum.
2479 4246 2559 4298 En
2590 4243 2773 4306 enim,
2825 4239 3121 4313 quidquid
3166 4238 3338 4306 facis,
3370 4243 3427 4294 et
3458 4250 3571 4307 ego

1910 4338 2082 4393 facio.
2114 4335 2198 4389 Tu
2220 4334 2462 4405 jejunas
2492 4352 2505 4401 ;
2538 4336 2597 4385 et
2626 4346 2738 4400 ego
2770 4347 2784 4387 :
2817 4329 3025 4400 vigilas
3057 4348 3071 4398 ;
3104 4333 3161 4384 et
3191 4343 3303 4398 ego
3337 4327 3571 4399 penitus

1909 4442 2029 4482 non
2075 4425 2331 4480 dormio.
2388 4425 2582 4478 Unum
2615 4420 2811 4476 solum
2843 4426 2934 4474 est
2978 4419 3039 4474 in
3072 4432 3194 4490 quo
3228 4416 3413 4473 vincis
3452 4430 3569 4471 me.

1654 4483 1798 4568 ποῖον
1832 4495 1877 4550 D
1914 4513 2298 4582 Interrogavit
2322 4511 2611 4567 Macarius
2634 4509 2829 4564 abbas
2866 4528 2877 4567 :
2916 4483 3215 4573 Quidnam
3248 4514 3336 4561 est
3366 4504 3513 4560 illud
3541 4505 3571 4561 ?

1912 4602 2233 4675 Respondit
2263 4618 2275 4655 :
2313 4601 2620 4656 Humilitas
2653 4605 2776 4654 tua.
2819 4602 2899 4653 Ac
2933 4602 3248 4669 propterea
3279 4595 3572 4650 adversus

1913 4699 1964 4746 te
1997 4691 2140 4747 nihil
2173 4705 2443 4762 possum.

1988 4784 2067 4835 t2.
2095 4781 2611 4849 lnterrogaverunt
2627 4775 2879 4849 quidam
2903 4790 2934 4830 e
2957 4773 3227 4845 patribus
3246 4770 3570 4826 Macarium

1914 4870 2268 4941 Aegyptium
2326 4867 2603 4922 abbatem
2668 4864 2985 4919 dicentes:
3040 4861 3151 4929 Qui
3214 4860 3277 4915 ﬁt
3336 4864 3396 4915 ut
3448 4859 3572 4915 sive

1915 4958 2220 5022 comedas,
2271 4958 2398 5011 sive
2431 4957 2681 5020 ieiuues,
2724 4968 2941 5025 corpus
2975 4956 3143 5007 tuum
3180 4949 3406 5004 siccum
3439 4947 3512 5004 sit
3555 4963 3568 5004 :

1540 5083 1797 5141 VARIAE
1838 5083 2238 5143 LECTIONES.

306 5206 343 5242 ³⁷
372 5209 601 5285 Α1.ἇγὼ
640 5210 792 5269 οὐδε
832 5214 987 5279 ὅλως
1025 5219 1269 5292 τρὼγω.

1741 5344 1991 5401 NOTAE.

309 5454 683 5539 (σχοίνων-ςμό
715 5462 880 5531 δεῖνα,
904 5465 963 5522 in
989 5466 1130 5523 Vitis
1151 5469 1389 5524 Patrum
1419 5484 1431 5523 :
1461 5469 1662 5526 dicens
1692 5467 1807 5535 illi,

253 5537 340 5592 Pro
362 5528 545 5589 dicens
574 5535 697 5593 ille.

336 5598 364 5652 b
418 5604 495 5657 Cf.
524 5607 633 5661 VV.
667 5609 771 5662 PP.
802 5610 993 5664 Rosw.
1032 5608 1132 5665 lib.
1168 5610 1233 5663 Vl
1271 5609 1460 5671 libell.
1491 5616 1543 5676 2,
1574 5613 1629 5667 8.

314 5597 383 5741 te;
415 5673 491 5729 Cf.
524 5678 730 5736 Raderi
758 5680 998 5736 Viridar.
1024 5681 1115 5741 lli,
1145 5682 1201 5741 6,
1230 5682 1312 5737 l9.

338 5673 380 5741 ε)
415 5673 491 5729 Cf.
524 5678 730 5736 Raderi
758 5680 998 5736 Viridar.
1024 5681 1115 5748 III,
1145 5682 1201 5746 6,
1230 5682 1312 5737 l9.

2131 5466 2374 5550 (ILJIV.
2425 5468 2526 5521 PP.
2575 5466 2767 5520 Rosw.
2808 5464 2911 5518 lib.
2958 5465 3027 5518 lll
3072 5477 3208 5533 cap.
3260 5465 3347 5523 53:
3394 5460 3497 5517 lib.
3530 5460 3574 5515 V

1919 5538 2100 5595 libell.
2132 5541 2186 5602 4,
2213 5541 2300 5593 26.

1992 5612 2072 5680 (e)
2126 5610 2202 5665 Cl.
2240 5611 2347 5663 νγ.
2403 5609 2502 5664 PP.
2534 5611 2727 5680 Rosw.
2780 5606 2883 5662 lib.
2927 5606 2993 5660 ΙΙΙ
3035 5621 3171 5677 cap.
3228 5607 3361 5670 l2t;
3394 5604 3497 5662 lib.
3529 5605 3573 5657 V

1919 5681 2101 5740 libell.
2140 5686 2223 5748 15,
2251 5681 2358 5748 26;
2390 5680 2491 5737 lib.
2526 5679 2619 5737 Vll
2643 5694 2777 5752 cap.
2814 5682 2898 5743 13,
2926 5682 2978 5734 6.
