4078 6194
472 275 579 332 947
1340 272 1442 331 SS.
1484 273 1968 331 MACARIORUM
2009 270 2343 327 AEGYPTII
2382 272 2467 327 ET
2507 272 2994 332 ALEXANDRINI
3703 274 3812 330 248

477 400 819 474 Respondet
866 400 936 457 iis
974 415 1155 455 senex
1188 417 1200 455 :
1254 400 1526 469 Lignum,
1560 400 1727 473 quod
1776 403 1975 455 versat
2005 412 2087 453 sal

2238 396 2475 459 αύτοίςὸ
2506 401 2667 472 γέρων
2702 415 2715 427 ·
2767 401 2825 451 1'6
2880 398 3026 462 ξύλον
3074 402 3133 451 τό
3189 400 3404 472 στρέφον
3461 398 3527 450 τὰ
3582 401 3838 470 καιόμενα

474 499 679 548 menta
699 507 854 562 quae
886 489 1339 556 comburuntur,
1364 490 1609 545 omnino
1640 490 1717 545 ab
1745 490 1879 557 igne
1907 504 2084 543 cousu

2236 490 2469 558 φρύγανα
2519 484 2591 539 δι’
2624 488 2742 540 ὅλου
2792 490 3023 541 ἐσθίεται
3052 487 3107 540 ἐκ
3152 495 3244 540 τοῦ
3298 492 3459 559 πυρός
3490 506 3500 519 '
3545 488 3705 550 οὕτως
3745 487 3836 540 ἐὰν

474 583 672 637 mitur.
697 579 1031 635 Similitersi
1058 579 1432 634 mundaverit
1453 578 1637 634 homo
1664 588 1922 633 mentem
1948 593 2084 631 suar

2234 578 2533 650 καθαρεύσῃ
2592 579 2863 651 ἄνθρωπος
2922 581 3005 630 τὸν
3057 585 3174 630 νοῦν
3235 577 3394 629 αὐτοῦ
3466 575 3513 629 ἐν
3562 584 3633 647 τῷ
3691 576 3831 649 φόϐῳ

474 669 537 726 in
582 670 791 725 timore
840 669 961 736 Dei,
1006 670 1132 739 ipse
1185 670 1360 724 timor
1402 668 1503 723 Dei
1546 684 1765 739 corpus
1811 667 1941 736 ejus
1987 681 2084 721 co:

2236 673 2326 716 τοῦ
2368 672 2518 730 Θεοῦ,
2553 666 2712 727 αὐτὸς
2743 668 2767 717 6
2795 665 2951 739 φόϐος
2993 673 3086 719 τοῦ
3116 674 3251 719 Θεοῦ
3278 667 3543 718 κατεσθίει
3572 668 3629 717 τό
3680 673 3836 738 σῶμα

475 758 677 813 sumit.

2238 758 2395 806 αὑτοῦ

555 852 635 903 13.
673 847 970 903 Profectus
1001 846 1328 918 aliquando
1364 847 1653 903 Macarius
1692 846 1883 901 abbas
1915 862 1945 901 e
1974 845 2124 902 Sceti

2313 848 2395 900 13.
2430 842 2609 902 Ἀνέϐη
2664 847 2788 897 ποτε
2839 846 2863 896 6
2918 842 3076 906 ἆϐϐἀς
3131 846 3398 917 Μακάριος
3451 842 3551 895 ἀπὸ
3602 848 3839 904 Σκήτεως

475 935 535 991 in
563 937 960 1003 Terenuthim,
1002 936 1307 1005 ingressus
1336 941 1425 992 est
1454 936 1681 1002 fanum,
1718 942 1779 991 ut
1818 934 2079 991 dormire

2239 933 2305 994 εἰς
2351 935 2647 1002 Τερενοῦθιν
2683 948 2695 960 ⁶
2749 938 2839 986 καὶ
2891 933 3123 993 εἰσῆλθεν
3168 934 3239 996 εἰς
3287 937 3345 986 τὸ
3402 935 3535 1007 ἱερὸν
3578 933 3841 1004 κοιμηθῆ-

476 1024 560 1080 lbi
594 1030 761 1080 erant
803 1031 997 1080 vetera
1037 1024 1416 1081 Ethnicorum
1459 1026 1791 1092 cadavera;
1836 1042 1866 1081 e
1903 1024 2086 1097 quibu

2237 1043 2322 1075 ναι
2355 1036 2368 1048 ⁸
2421 1019 2555 1080 ἦσαν
2622 1019 2682 1075 δε
2746 1021 2850 1075 ἐκεῖ
2902 1029 3222 1095 σκηνώματα
3292 1022 3538 1080 Ἑλλήνων
3586 1022 3787 1075 παλαιά
3820 1039 3834 1051 ’

468 1130 666 1169 unum
690 1118 1001 1185 acceptum
1024 1114 1228 1185 posuit
1251 1114 1364 1169 sub
1390 1117 1581 1186 capite
1607 1132 1715 1170 suo
1738 1114 1896 1170 velut
1918 1112 2078 1168 embt

2478 1116 2566 1164 καὶ
2614 1110 2781 1164 λαϐὼν
2821 1113 2892 1179 ἓν,
2933 1114 3160 1171 ὑπέθηκε
3201 1119 3263 1185 τῇ
3308 1111 3496 1164 ἑαυτοῦ
3533 1110 3725 1184 κεφαλῇ
3767 1113 3840 1172 ὡς

477 1202 689 1258 mium.
714 1205 1046 1259 Daemones
1071 1219 1232 1275 ergo,
1258 1204 1448 1260 intuiti
1471 1206 1601 1275 ejus
1620 1203 1961 1267 audaciam,
1986 1203 2086 1256 inv

2242 1199 2512 1276 ἐμϐρίμιον
2541 1220 2554 1233 ’
2583 1202 2631 1253 οἱ
2660 1198 2747 1253 οὖν
2794 1198 3039 1273 δαίμονες
3078 1203 3289 1274 ὁρῶντες
3338 1201 3498 1253 αὐτοῦ
3544 1204 3602 1252 τὸ
3637 1202 3840 1275 θαρσα-

476 1291 693 1347 derunt
721 1292 794 1348 ei.
828 1293 907 1348 Ac
948 1292 1212 1348 volentes
1242 1309 1379 1349 eum
1418 1299 1650 1360 terrere,
1688 1294 1843 1349 velut
1874 1291 2086 1347 femina

2243 1290 2371 1356 λέον,
2426 1289 2711 1363 ἐφθόνησαν
2746 1309 2758 1321 ο
2800 1296 2891 1343 καὶ
2935 1291 3162 1353 θελοντες
3199 1290 3353 1343 αὐτὸν
3400 1297 3656 1359 πτοῆσαι,
3706 1293 3842 1361 ἐφώ-

476 1395 699 1437 nomen
717 1383 1306 1440 vocabantdicentes:
1324 1387 1476 1440 Heus
1490 1383 1709 1449 tu,veni
1723 1382 2038 1439 nobiscum
2056 1396 2086 1436 a

2244 1399 2361 1431 νουν
2409 1382 2473 1440 ὡς
2524 1383 2770 1452 γυναικός
2823 1384 3003 1452 ὄνομα,
3058 1379 3288 1452 λέγοντες
3323 1397 3334 1411 ’
3392 1381 3419 1438 ὃ
3467 1376 3631 1444 δεῖνα,
3683 1374 3842 1450 δεῦρο

478 1468 782 1528 balneum.
805 1458 1333 1544 Responditautem
1351 1473 1504 1529 alius
1523 1472 1783 1528 daemon
1798 1471 1989 1528 desub
2004 1470 2088 1541 ips

2247 1468 2361 1541 μεθ’
2390 1470 2535 1541 ἡμῶν
2576 1469 2647 1531 εἰς
2684 1473 2742 1522 τὸ
2789 1468 3061 1542 βαλανεῖον
3086 1489 3098 1501 ·
3149 1470 3417 1527 ὑπήκουσε
3448 1465 3508 1521 δε
3547 1468 3692 1529 ἄλλος
3724 1464 3845 1520 δαί-

478 1562 766 1631 tanquam
799 1577 829 1616 e
873 1564 1143 1629 mortuis,
1176 1563 1430 1635 loquens
1464 1580 1475 1619 :
1517 1564 1895 1633 Peregrinum
1938 1560 2088 1615 habe

2250 1579 2357 1631 μων
2414 1559 2743 1612 ὑποκάτωθεν
2791 1558 2950 1611 αὐτοῦ
3004 1561 3067 1619 ὡς
3119 1558 3173 1610 ἐκ
3224 1566 3324 1611 τῶν
3376 1565 3564 1633 νεκρῶν
3615 1558 3773 1629 λέγων
3823 1572 3835 1585 ·

494 1663 672 1720 super
718 1666 830 1716 me,
876 1668 985 1706 nec
1012 1668 1259 1725 possum
1300 1653 1545 1709 ventire.
1584 1657 1651 1708 At
1684 1667 1867 1707 senex
1908 1652 2104 1705 territu

2253 1649 2388 1711 ξένον
2428 1650 2536 1720 ἔχω
2583 1652 2749 1701 ἓπάνω
2795 1668 2915 1721 μου,
2959 1654 3047 1701 καὶ
3074 1648 3132 1701 ού
3182 1645 3413 1720 δύναμαι
3465 1647 3622 1700 ἐλθεῖν
3661 1662 3675 1676 ⁶
3714 1647 3739 1698 ὃ
3782 1644 3844 1700 δε

484 1751 607 1791 non
625 1743 733 1802 est,
757 1741 860 1795 sed
885 1741 1169 1798 audacter
1189 1742 1537 1798 verberabat
1560 1758 1798 1812 corpus,
1820 1748 1907 1795 et:
1932 1741 2094 1807 Surgt

2255 1742 2416 1811 γέρων
2446 1742 2541 1791 οὐκ
2580 1737 2829 1805 ἐπτοήθη,
2874 1738 3002 1790 ἀλλὰ
3034 1737 3233 1813 θαρρῶν
3278 1740 3462 1790 ἔτυπτε
3499 1742 3556 1789 τὸ
3590 1740 3848 1807 σκήνωμα

483 1825 694 1897 inquit,
721 1828 872 1884 vade
902 1831 963 1884 in
993 1832 1287 1896 tenebras,
1318 1832 1363 1886 si
1392 1838 1583 1903 potes.
1618 1834 1747 1897 Quo
1774 1829 1979 1885 audito
2006 1827 2093 1881 dat

2264 1833 2408 1901 «é-ywv
2450 1844 2464 1856 '
2510 1830 2724 1901 ἕγειραι,
2760 1828 2927 1899 ὕπαγε
2957 1828 3098 1888 εἰςτὸ
3133 1836 3330 1893 σκότος,
3364 1827 3405 1880 εἰ
3446 1823 3672 1879 δύνασαι
3705 1846 3718 1859 ·
3750 1831 3846 1878 καὶ

483 1930 695 1971 mones
725 1918 1137 1976 clamaverunt
1182 1937 1325 1976 voce
1359 1936 1581 1990 magna
1611 1923 1912 1976 dicentes:
1949 1916 2093 1971 Vicis

2254 1926 2406 1970 τοῦτο
2460 1916 2770 1978 ἀκούσαντες
2818 1920 2867 1969 οἱ
2906 1914 3168 1989 δαίμονες,
3202 1916 3425 1975 ἐϐόησαν
3464 1923 3601 1987 φωνῇ
3635 1913 3835 1987 μεγάλῃ

481 2019 616 2058 nos.
651 2007 717 2060 Et
746 2009 972 2079 pudore
1000 2009 1210 2065 suffusi
1239 2009 1618 2079 aufugerunt.

2252 2006 2479 2078 λέγοντες
2507 2025 2519 2036 ·
2580 2005 2827 2068 ἐνίκησας
2876 2009 3059 2079 ἡμᾶς’
3114 2010 3204 2057 καὶ
3257 2008 3437 2078 ἔφυγον
3489 2005 3849 2075 καταισχυνόο

554 2094 639 2149 14.
672 2095 955 2153 Dicebant
983 2098 1057 2153 de
1089 2100 1341 2156 Macario
1372 2100 1664 2172 Aegyptio
1698 2099 1943 2163 abbate,
1975 2093 2141 2168 quod
2252 2116 2394 2169 μενοι
2417 2096 2514 2167 (b).

480 2183 812 2239 ascendens
834 2201 865 2241 e
892 2187 1058 2255 Sceti,
1094 2204 1164 2243 ac
1195 2189 1493 2260 sportulas
1536 2194 1801 2261 portans,
1850 2185 2090 2253 defatigt

2328 2187 2416 2244 14.
2473 2185 2678 2258 Ἐλεγον
2716 2190 2833 2258 περὶ
2887 2193 2978 2237 τοῦ
3032 2184 3168 2238 ἁϐϐᾶ
3214 2187 3489 2257 Μακαρίου
3543 2189 3637 2235 τοῦ
3686 2181 3849 2253 Αἰγυ-

486 2274 580 2325 tus
628 2272 817 2340 sedit;
865 2277 1176 2348 oravitque
1207 2278 1265 2331 in
1310 2277 1471 2333 hunc
1502 2278 1750 2333 modum
1787 2294 1803 2330 .·
1862 2278 2035 2339 Deus,
2082 2278 2096 2326 t

2252 2282 2405 2330 πτίου
2435 2276 2501 2342 1⁸,
2533 2278 2608 2328 ὅτι
2662 2274 2947 2327 ἀναϐαίνων
2980 2274 3081 2327 ἀπὸ
3113 2280 3364 2345 Σκήτεως,
3416 2278 3507 2325 καὶ
3558 2271 3851 2345 βαστάζων

483 2358 619 2427 scis,
654 2362 799 2418 nihil
833 2364 973 2419 mihi
1011 2366 1226 2421 virium
1255 2382 1588 2438 superesse.
1628 2370 1691 2421 Et
1722 2366 1879 2421 illico
1925 2364 2001 2420 ad
2034 2364 2093 2418 tlt

2256 2364 2536 2439 σπυρίδας,
2591 2367 2845 2425 κοπιάσας
2893 2365 3149 2423 ἕκαθέσθη
3180 2382 3192 2395 ·
3234 2368 3325 2416 καὶ
3376 2361 3556 2426 εὔξατο
3584 2361 3740 2433 λέγων
3773 2377 3789 2391 ⁸
3824 2361 3851 2413 ὁ

482 2448 649 2503 vium
680 2450 912 2507 delatus
949 2459 1055 2509 cst.

2254 2459 2404 2520 Θεὸς,
2452 2459 2518 2507 σὺ
2570 2451 2718 2516 οἶδας
2768 2455 2847 2506 ὅτι
2900 2453 2994 2505 ούκ
3033 2455 3079 2489 ¹⁹
3130 2453 3304 2525 ἰσχύω
3338 2472 3351 2487 ο
3402 2456 3493 2503 καὶ
3543 2450 3724 2510 εύθέῶς
3761 2449 3852 2502 εύ-

560 2542 644 2594 15.
688 2540 946 2605 Quidam
979 2543 1035 2597 in
1068 2546 1337 2615 Aegypto
1363 2544 1552 2599 ﬁlium
1605 2545 1818 2600 habuit
1862 2539 2143 2615 paralyti-

1392 2544 1552 2599 ilium
1605 2545 1818 2600 habuit
1862 2539 2143 2615 paralyti-
2251 2548 2374 2619 ρέθη
2407 2544 2489 2597 ἐπὶ
2520 2548 2605 2596 τὸν
2635 2547 2866 2615 ποταμόν

485 2640 644 2681 cum.
666 2629 851 2693 Quem
883 2646 1021 2686 cum
1049 2632 1122 2687 ad
1147 2632 1422 2688 cellulam
1447 2635 1680 2689 Macarii
1706 2635 1941 2689 abbatis
1974 2634 2095 2689 tuli:

2326 2640 2411 2691 15.
2443 2634 2538 2687 Ἦν
2591 2654 2666 2694 τις
2720 2636 2857 2705 ἔχων
2905 2634 3016 2685 υἱόν
3066 2630 3417 2703 παραλυτικὸν
3472 2629 3520 2681 ἐν
3552 2628 3803 2700 Αἰγύπτῳ
3834 2646 3847 2660 ·

482 2720 587 2779 set,
622 2722 677 2771 et
715 2717 792 2772 ad
824 2720 1045 2775 ostium
1080 2721 1415 2792 plorantem
1456 2723 1812 2794 reliquisset,
1847 2724 2020 2796 longe
2054 2741 2092 2779 τι

2250 2730 2339 2777 καὶ
2389 2728 2598 2793 ἤνεγκεν
2652 2722 2805 2775 αύτόν
2864 2721 2934 2783 εἰς
2991 2725 3047 2773 τό
3098 2719 3291 2773 κελλίον
3339 2726 3430 2771 τοῦ
3477 2717 3612 2770 ἁϐϐᾶ
3662 2724 3850 2770 Μακα-

482 2806 676 2860 cessit.
710 2807 889 2875 Igitur
921 2824 1100 2865 senex
1135 2811 1416 2867 deorsum
1450 2812 1789 2883 adspiciens
1816 2814 1960 2869 vidit
1998 2830 2092 2884 puc

2249 2819 2365 2887 ρίου
2402 2833 2413 2845 ·
2447 2818 2537 2865 καὶ
2569 2811 2706 2885 ἀφεῖς
2740 2812 2896 2864 αὐτὸν
2928 2814 3012 2864 ἐπὶ
3259 2814 3351 2868 τὴν
3384 2811 3543 2883 θύραν
3581 2807 3850 2872 κλαίοντα,

482 2908 617 2948 rum
660 2902 714 2950 et
749 2896 1073 2969 interrogat
1104 2915 1240 2955 eum
1276 2916 1290 2957 :
1326 2901 1470 2967 Quis
1515 2907 1569 2957 te
1617 2903 1734 2956 huc
1765 2903 2005 2961 attulit?
2038 2906 2092 2958 Βι

2251 2902 2553 2975 ἀνεχώρησε
2607 2903 2810 2976 μακράν
2850 2916 2862 2927 ⁵
2901 2899 3213 2973 παρακύψας
3264 2894 3350 2950 οὖν
3395 2899 3421 2949 6
3451 2901 3609 2972 γέρων
3654 2892 3762 2948 εἶδε
3792 2898 3851 2946 τό

482 2983 737 3054 spondet
768 3007 779 3038 :
814 2988 981 3042 Pater
1014 3005 1181 3045 meus
1210 2990 1324 3046 huc
1353 3008 1445 3045 me
1479 2992 1727 3063 projocit
1767 2996 1824 3047 et
1850 2992 2016 3048 abiit.
2048 2999 2092 3047 A

2249 2990 2461 3046 παιδίον
2494 2995 2553 3058 ⁸ο,
2587 2996 2677 3044 καὶ
2713 2991 2848 3062 λέγει
2897 2989 3036 3060 αύτῷ
3071 3008 3084 3021 ’
3117 2992 3196 3049 τίς
3243 2991 3425 3058 ἤνεγκέ
3470 3005 3527 3038 σε
3576 2981 3680 3037 ὧδε
3712 3003 3724 3047 ;
3759 2988 3851 3036 καὶ

483 3070 536 3127 ei
570 3088 753 3129 senex
785 3092 797 3130 :
835 3077 1095 3147 Surgens
1127 3095 1447 3151 assequere
1478 3096 1637 3136 eum.
1684 3082 2013 3153 Statimque
2045 3099 2093 3137 se

2251 3084 2422 3155 λέγει·
2478 3083 2503 3133 6
2562 3086 2735 3153 πατήρ
2792 3098 2892 3153 μου
2950 3077 3129 3153 ἓρῥιψέ
3156 3096 3217 3149 με
3272 3074 3397 3144 ὧδε,
3455 3079 3544 3128 καὶ
3597 3073 3799 3132 ἀπῆλθε
3834 3089 3847 3103 ⁸

481 3166 659 3217 natus
688 3165 942 3220 surrexit
972 3171 1026 3221 et
1057 3148 1672 3237 patrem—consecutus
1704 3176 1810 3225 est.
1842 3148 2031 3242 Atque
2057 3171 2091 3226 it

2248 3173 2380 3243 λέγει
2430 3171 2569 3241 αύτῷ
2619 3172 2644 3223 6
2691 3173 2854 3244 γέρων
2888 3186 2900 3197 '
2935 3167 3165 3227 ἀναστὰς
3217 3164 3477 3217 κατάλαϐε
3525 3163 3680 3216 αὐτόν
3714 3179 3727 3193 ⁸
3756 3166 3853 3215 καὶ

482 3249 763 3307 abierunt
793 3255 851 3308 in
883 3255 1129 3310 domum
1167 3273 1363 3312 suam.

2248 3261 2431 3323 εὐθέως
2488 3263 2704 3331 ὑγιάνας
2780 3258 2988 3325 ἀνέστη,
3044 3261 3135 3308 καὶ
3206 3253 3449 3308 κατέλαϐε
3506 3256 3591 3306 τὸν
3648 3254 3855 3325 πατέρα

557 3339 640 3393 l6.
670 3342 957 3396 Macarius
984 3359 1241 3411 magnus
1273 3345 1465 3400 abbas
1495 3346 1732 3401 dicebat
1763 3347 2044 3403 fratribus
2076 3349 2135 3404 in

2247 3351 2407 3403 αὐτοῦ
2437 3368 2449 3379 ⁸
2487 3355 2576 3401 καὶ
2612 3349 2771 3407 οὕτως
2826 3346 3058 3405 ἀπῆλθον
3107 3345 3178 3406 εἰς
3216 3348 3302 3397 τὸν
3349 3341 3493 3397 οἴκου
3526 3346 3693 3395 αὐτῶν

484 3428 653 3493 Sceti,
679 3434 998 3501 postquam
1032 3433 1252 3486 dimisit
1277 3433 1588 3489 ecclesiam
1617 3454 1627 3493 :
1662 3436 1879 3505 Fugite,
1905 3437 2094 3492 fratre:

2324 3445 2405 3496 16.
2457 3439 2515 3491 Ὀ
2556 3437 2721 3498 ἆϐϐᾶς
2771 3437 3041 3509 Μακάριος
3073 3436 3098 3487 6
3142 3438 3307 3507 μέγας
3357 3434 3495 3503 ἔλεγε
3540 3439 3644 3492 τοῖς
3696 3426 3854 3482 ἁδελ-

483 3515 573 3570 Ait
599 3515 679 3570 illi
704 3532 916 3572 senum
948 3519 1195 3589 quidam
1225 3537 1237 3575 :
1271 3522 1542 3587 Quonam
1577 3522 1778 3595 fugere
1805 3528 2093 3596 poterimu

2248 3537 2362 3601 φοῖς
2410 3532 2457 3581 ἐν
2504 3536 2563 3600 τῇ
2613 3530 2814 3591 Σκήτει,
2860 3529 2929 3588 ὡς
2968 3525 3152 3578 ἀπέλυε
3203 3528 3295 3582 τὴν
3354 3522 3631 3581 ἐκκλησίαν
3664 3542 3677 3554 ·
3731 3522 3855 3592 φεύ-

481 3603 636 3659 ultra
666 3605 1044 3663 solitudinem
1082 3608 1235 3663 hanc
1266 3612 1294 3667 ?
1326 3612 1453 3681 lpse
1483 3628 1620 3666 vero
1661 3614 1913 3683 digitum
1957 3633 2091 3671 suun

2246 3639 2378 3691 γετε,
2444 3614 2698 3689 ἀδελφοί·
2733 3621 2823 3667 καὶ
2877 3611 3012 3667 εἶπεν
3062 3613 3201 3683 αύτῷ
3256 3632 3336 3674 τις
3391 3620 3491 3664 τῶν
3546 3616 3802 3685 γερόντων
3834 3626 3846 3638 '

483 3692 560 3749 ad
595 3710 663 3749 os
700 3694 963 3765 ponebat
992 3696 1197 3753 dicens
1232 3716 1243 3754 :
1279 3701 1477 3770 Fugite
1504 3700 1639 3757 hoc.
1666 3702 1814 3759 Tum
1847 3704 2093 3774 ingredi:

2247 3716 2346 3763 ποῦ
2398 3711 2585 3780 ἔχομεν
2626 3712 2803 3778 φυγεῖν
2851 3704 2999 3756 πλεον
3052 3711 3146 3765 τῆς
3204 3700 3398 3777 ἐρήμου
3438 3704 3680 3767 ταύτης;
3730 3700 3758 3750 ὁ
3793 3695 3856 3751 δε

464 3781 662 3838 'batur
690 3783 745 3838 in
773 3784 1048 3841 cellulam
1076 3803 1247 3843 suain
1279 3794 1335 3845 et
1360 3789 1564 3847 clauso
1591 3793 1745 3849 ostio
1779 3794 2046 3851 sedebat.

2248 3798 2401 3852 ἐτίθει
2431 3800 2517 3850 τὸν
2550 3793 2808 3848 δάκτυλον
2846 3793 3005 3845 αὑτοῦ
3037 3792 3107 3855 εἰς
3140 3794 3197 3844 τὸ
3247 3796 3417 3863 στόμα
3458 3790 3615 3861 λέγων
3646 3805 3658 3817 ·
3692 3793 3850 3839 τοῦτο

2248 3890 2494 3961 φεύγετε·
2530 3891 2619 3937 καὶ
2675 3884 2954 3957 εἰσήρχετο
3013 3882 3083 3943 εἰς
3140 3885 3198 3933 τὸ
3252 3879 3445 3933 κελλίον
3519 3877 3702 3931 ἑαυτοῦ
3756 3882 3856 3930 καὶ

558 3971 644 4022 17.
690 3968 849 4023 Idem
896 3971 1187 4026 Macarius
1226 3973 1417 4030 abbas
1464 3975 1649 4040 dixit;
1680 3978 1733 4034 Si
1782 3979 2133 4051 quempiam

1634 3994 1649 4040 ;
1680 3978 1733 4034 Si
1782 3979 2133 4051 quempiam
2247 3979 2405 4031 ἔκλειε
2433 3980 2527 4035 τὴν
2570 3977 2728 4048 θύραν
2768 3978 2857 4024 καὶ
2888 3970 3109 4028 ἐκάθητο
3141 3971 3234 4042 (e).

480 4055 849 4127 increpando
886 4058 962 4113 ad
994 4059 1145 4115 iram
1172 4065 1593 4130 commoveris,
1627 4066 1865 4122 affectui
1912 4075 2011 4124 tuo
2043 4085 2090 4123 se

2323 4068 2406 4122 17.
2483 4063 2636 4119 Εἶπεν
2712 4064 2737 4114 6
2791 4061 2943 4121 αὐτὸς
2994 4058 3158 4121 ἁϐϐᾶς
3226 4059 3550 4130 Μακάριος·
3604 4056 3691 4108 ἐάν
3743 4074 3852 4107 τινι

482 4142 731 4241 tisfacis.
787 4148 985 4216 Neque
1034 4149 1193 4205 enim
1251 4158 1310 4207 ut
1364 4152 1510 4208 alios
1569 4154 1783 4224 salves,
1817 4158 2029 4227 perdes
2083 4164 2092 4211 1

2247 4156 2493 4226 ἐπιτιμῶν
2544 4152 2614 4212 εἰς
2673 4152 2827 4224 ὀργὴν
2885 4150 3121 4213 κινηθῆς,
3168 4144 3307 4200 ἴδιον
3364 4147 3527 4206 πάθος
3578 4144 3802 4219 πληροῖς
3833 4163 3848 4177 ·

485 4235 708 4301 ipsum-
2246 4245 2305 4296 οὗ
2335 4246 2434 4315 γὰρ
2459 4243 2541 4293 ἶνα
2558 4240 2737 4300 ἄλλους
2766 4244 2911 4311 σώσῃ
2925 4260 2965 4303 ς,
2998 4240 3214 4291 σεαυτὸν
3254 4235 3523 4297 ἀπολέσας

560 4323 640 4375 18.
667 4320 828 4376 ldem
854 4324 1142 4379 Macarius
1173 4326 1385 4392 abbas,
1411 4344 1544 4384 cum
1572 4335 1731 4385 esset
1752 4331 1808 4386 in
1838 4336 2132 4405 Aegypto,

2317 4332 2403 4387 18.
2461 4329 2519 4382 Ὀ
2573 4329 2729 4386 αὐτὸς
2784 4326 2947 4389 ἁϐϐᾶς
3011 4328 3298 4401 Μακάριος,
3356 4327 3403 4377 ἓν
3460 4324 3707 4395 Αἰγύπτῳ
3757 4326 3855 4389 ὧν,

484 4407 707 4463 invenit
721 4408 1025 4468 hominem
1038 4412 1684 4485 habentemjumentum
1697 4426 1751 4474 et
1771 4422 2094 4491 praedentel

2249 4423 2386 4496 εὗρεν
2416 4421 2685 4494 ἄνθρωπον
2924 4419 3115 4488 ἔχοντα
3138 4424 3321 4478 κτῆνος
3350 4419 3439 4467 καὶ
3471 4413 3729 4466 συλοῡντα
3758 4416 3859 4477 τὰς

480 4512 636 4568 quae
653 4497 730 4552 ad
751 4514 925 4554 usum
943 4517 1121 4556 suum
1148 4504 1517 4573 possidebat:
1548 4508 1672 4579 ipse
1688 4526 1823 4566 vero
1847 4518 2090 4584 tanquat

2249 4515 2427 4584 χρείας
2474 4509 2634 4561 αὐτοῦ
2668 4529 2681 4542 ·
2723 4512 2812 4559 καὶ
2856 4506 3008 4566 αὐτὸς
3053 4509 3117 4566 ὡς
3159 4507 3298 4568 ξένος
3336 4505 3613 4578 παραστὰς
3642 4510 3715 4573 τῷ
3760 4521 3859 4554 συ-

481 4588 830 4659 peregrinus
866 4589 1111 4646 adstans
1139 4591 1271 4660 furi,
1312 4610 1428 4649 una
1459 4598 1749 4654 onerabat
1774 4600 2091 4670 jumentuu

2249 4602 2437 4665 λοῦντι,
2485 4602 2767 4670 συνεγέμου
2806 4600 2861 4648 τὸ
2912 4604 3123 4662 κτῆνος,
3175 4599 3265 4647 καὶ
3305 4596 3436 4667 μετά
3482 4591 3670 4651 πολλῆς
3717 4592 3859 4650 ἡσυ-

485 4691 825 4765 magnaque
857 4694 995 4734 cum
1037 4681 1233 4754 quiete
1260 4683 1487 4739 dimisit
1512 4702 1650 4741 eum
1682 4688 1888 4745 dicens
1922 4707 1934 4745 :
1963 4691 2095 4747 Nih;

2250 4697 2377 4764 χίας
2406 4692 2727 4765 προέπεμπεν
2758 4684 2913 4737 αὐτὸν
2960 4684 3135 4756 λέγων⁹
3184 4684 3264 4735 ὅτι
3308 4701 3333 4734 ο
3356 4678 3510 4735 ύδεν
3554 4679 3860 4751 εἰσηνεγο

480 4764 795 4823 intulimus
820 4768 883 4825 in
908 4770 1193 4827 mundum
1219 4790 1238 4827 :
1264 4772 1429 4830 haud
1456 4775 1701 4832 dubium
1719 4779 1879 4848 quod
1898 4795 2005 4837 nec
2035 4796 2090 4837 at

2250 4764 2453 4852 xupevr
2482 4778 2569 4839 εἰς
2608 4781 2715 4831 τὸν
2755 4768 3236 4846 κόσμον,δῆλ.ον
3276 4773 3375 4825 ὃτι
3414 4766 3566 4823 ούδὶ
3604 4766 3860 4841 ἐξενεγ-

1799 4943 2053 5000 νΑΒιΑΕ
2092 4943 2492 5001 LECTIONES.

552 5074 598 5111 ¹⁸
628 5075 716 5131 ΑΙ.
746 5084 861 5130 τοῦ
901 5078 1213 5150 μεγάλου.
1294 5081 1339 5116 ¹⁹
1371 5080 1462 5140 Al.
1503 5082 1732 5139 οὐκέτι.
1810 5087 1851 5124 ²⁰
1880 5086 1964 5143 Al.
1995 5088 2135 5145 add.
2169 5089 2268 5141 ὃτι
2299 5086 2573 5140 ἔκλαιεν.

2005 5240 2255 5298 NOTAE.

556 5372 637 5515 (αξ
666 5372 745 5427 Cf.
775 5375 882 5428 VV.
918 5376 1018 5430 PP.
1048 5376 1240 5458 Bosvv.
1270 5376 1369 5433 lib.
1394 5378 1448 5459 ,ν
1472 5378 1653 5438 libell.
1687 5387 1738 5447 3,
1773 5387 1827 5441 8.
2246 5379 2544 5439 Besarioni
2567 5378 2841 5434 tribuitur
2870 5376 3014 5433 ibid.
3042 5375 3144 5433 lib.
3169 5376 3238 5432 IlI
3266 5390 3401 5458 cap.
3432 5373 3556 5430 122.

556 5442 609 5512 (b
666 5444 772 5498 VV.
803 5446 901 5501 PP.
932 5448 1123 5502 Rosw.
1153 5447 1257 5505 lib.
1294 5451 1335 5503 V
1366 5450 1547 5507 libell.
1584 5455 1637 5515 7,
1673 5459 1756 5510 10.
2317 5454 2390 5515 (e)
2418 5452 2499 5509 Cf.
2532 5452 2649 5507 VV.
2685 5450 2786 5505 PP.
2820 5452 3015 5505 Rosw.
3045 5448 3146 5505 lib.
3178 5450 3225 5502 V
3254 5446 3437 5503 libell.
3471 5446 3556 5509 4,1

551 5442 632 5522 (ὁ)
663 5444 772 5522 vv.
803 5446 901 5522 ξιξ.
932 5448 1123 5522 Rosw.
1153 5447 1257 5522 lib.
1294 5451 1335 5503 v
1366 5450 1547 5507 libell.
1584 5455 1637 5516 7,
1673 5442 1756 5510 ιο.
2317 5454 2390 5522 (e)
2418 5452 2499 5509 cr.
2532 5452 2649 5522 vv.
2685 5450 2786 5522 PP.
2820 5452 3015 5505 Rosw.
3045 5448 3146 5522 lib.
3177 5450 3225 5522 Χ
3254 5442 3437 5503 libell.
3471 5446 3640 5522 4,37.

551 5454 632 5515 (ο)
669 5454 772 5498 νν.
803 5454 901 5501 PP.
932 5454 1123 5502 Rosw.
1153 5454 1257 5505 lib.
1294 5454 1335 5503 V
1366 5454 1547 5507 libell.
1584 5455 1637 5516 7,
1673 5459 1756 5510 10.
2341 5454 2390 5522 e)
2418 5454 2499 5509 Ct'.
2532 5454 2649 5507 VV.
2685 5454 2786 5505 PP.
2820 5454 3015 5505 Rosw.
3045 5454 3146 5505 lib.
3178 5454 3225 5502 V
3254 5454 3437 5503 libell.
3471 5454 3524 5509 4,
3548 5454 3640 5500 2'1.

484 5517 633 5642 bet]?
652 5517 907 5653 PP.
956 5521 1150 5574 Rosw.
1181 5520 1286 5578 lib.
1334 5525 1399 5578 lll
1433 5538 1565 5595 cap.
1600 5525 1700 5581 213
1736 5542 1749 5593 ;
1794 5525 1898 5584 lib.
1948 5527 2041 5593 Vl,
2073 5525 2137 5581 li-
2244 5454 2649 5665 11391ρὲ
2687 5521 2791 5577 PP.
2820 5523 3019 5579 Rosw.
3044 5520 3149 5577 lib.
3177 5520 3268 5586 Ill,
3319 5534 3458 5591 cap.
3491 5518 3561 5573 87
3601 5534 3616 5586 ;
3666 5515 3772 5573 lib.
3804 5516 3856 5572 V

558 5657 645 5731 (εἰ)
680 5657 761 5715 Cf.
804 5658 917 5715 VV.
956 5662 1057 5717 PP.
1100 5663 1287 5722 Rosw.
1329 5663 1435 5722 lib.
1472 5665 1539 5721 Vl
1568 5665 1748 5726 libell.
1783 5672 1834 5737 2,
1875 5673 1927 5725 7.
1972 5668 2137 5725 Idem
