4088 6192
233 269 319 329 249
1547 260 2198 325 APOPHTHEGMATA.

3446 268 3554 325 250

226 403 338 450 κεῖν
361 412 418 447 τι
444 390 761 464 δυνάμεθα
803 391 848 426 ²¹
882 407 896 422 ⁸
923 391 949 444 6
981 391 1218 466 Κύριος
1259 387 1490 444 ἔδωκεν
1522 411 1537 425 ο
1576 393 1652 452 ὡς
1681 389 1786 442 αύ-

1922 391 2058 447 'erre
2071 391 2217 464 quid
2230 407 2568 463 possumus.
2589 393 2875 449 Dominus
2900 393 3061 450 dedit
3083 411 3100 460 ;
3128 394 3282 450 sicut
3311 395 3437 467 ipse
3454 411 3554 452 vo-

225 489 304 546 τός
342 482 663 547 ἠθέλησεν,
721 480 920 541 οὕτως
956 484 1066 532 καὶ
1105 477 1357 551 ἐγένετο
1389 495 1403 510 ⁸
1432 479 1784 552 εὐλογητὸς

227 577 437 644 Κύριος
466 570 566 623 ἐπὶ
593 588 783 623 πασιν
818 570 922 640 (α).

281 665 366 720 19.
423 661 723 732 Ἠρῶτησάν
779 676 911 720 τινες
965 661 1053 710 τόν
1085 655 1247 710 ἁϐϐᾶν
1288 659 1578 730 Μακάριον,
1619 657 1790 730 λέγον-

227 768 331 811 τες·
376 757 477 810 πῶς
527 748 784 820 ὀφείλομεν
837 749 1237 821 προσεύχεσθαι
1290 763 1305 813 ;
1355 747 1486 819 λέγει
1547 747 1722 808 αὐτοῖς
1765 749 1790 799 6

225 844 364 914 γέρων
393 860 406 872 ·
436 840 528 891 ούκ
583 840 694 890 ἔστι
739 841 902 912 χρεία
947 835 1302 910 βαττολογεῖν,
1346 835 1452 888 ἀλλ’
1484 836 1720 890 ἐκτείνειν
1749 842 1790 876 ³³

224 933 304 990 τὰς
333 936 530 1001 χεῖρας,
581 932 666 980 καὶ
715 926 880 999 λέγειν
922 945 935 959 ·
995 929 1160 1001 κύριε,
1195 929 1262 988 ὡς
1310 926 1464 987 θελεις
1505 931 1593 979 καὶ
1633 929 1696 987 ὡς
1721 923 1794 978 οἶ-

235 1015 313 1079 δας
356 1017 554 1075 ἐλέησον
583 1019 624 1052 ”
657 1035 671 1049 ⁸
726 1018 810 1069 ίαν
855 1012 914 1068 δὲ
966 1013 1225 1068 ἐπίκειται
1277 1015 1500 1087 πόλεμος
1550 1033 1562 1047 ⁸
1623 1018 1789 1088 κύριε,

239 1107 461 1180 βοήθειίδ
491 1120 506 1136 ⁸
535 1110 626 1158 καὶ
670 1104 826 1168 αὐτὸς
887 1101 999 1158 οἶδε
1039 1106 1105 1157 τὰ
1149 1108 1497 1177 συμφέροντα,
1538 1109 1627 1158 καὶ
1659 1111 1798 1157 ποιεῖ

234 1195 326 1269 μεθ’
348 1197 375 1253 ἡ
381 1204 484 1268 μῶν
513 1195 645 1256 ἕλεος
675 1193 779 1267 (b).

291 1377 373 1430 20.
431 1369 580 1425 Εἶπεν
612 1373 637 1424 6
695 1370 862 1432 ἆϐϐᾶς
905 1372 1174 1445 Μακάριος
1205 1387 1218 1400 ⁸
1275 1370 1319 1422 εἰ
1365 1374 1572 1441 γέγονεν
1631 1369 1679 1422 έν
1713 1374 1796 1422 σοὶ

230 1463 254 1519 ἡ
282 1458 601 1525 ἑξουδένωσις
635 1464 700 1522 ὡς
731 1462 756 1513 6
797 1463 1021 1524 ἔπαινος,
1075 1465 1166 1512 καὶ
1203 1461 1233 1518 ἡ
1267 1464 1418 1512 πενία
1446 1461 1517 1522 ὡς
1565 1459 1590 1510 6
1638 1459 1801 1511 πλοῦ-

225 1570 309 1617 τος,
346 1555 429 1604 καὶ
465 1553 495 1609 ἠ
541 1547 718 1604 ἔνδεια
760 1553 825 1610 ὡς
866 1552 896 1608 ἡ
945 1546 1213 1620 δαψίλεια,
1263 1549 1356 1601 ούκ
1395 1547 1742 1610 ἀποθνήσκεις
1777 1564 1792 1580 ⁸

230 1639 476 1712 ἀμήχανον
503 1643 607 1713 γάρ
640 1641 759 1692 ἐστι
805 1642 892 1692 τὸν
920 1638 1090 1700 καλῶς
1127 1640 1461 1703 πιστεύοντα,
1506 1638 1679 1710 2
1713 1642 1802 1690 καὶ

1899 479 2024 546 luit,
2052 480 2138 538 ita
2153 485 2209 538 et
2218 482 2450 550 factum
2465 489 2567 539 est.
2595 482 2946 540 Benedictus
2968 483 3251 540 Dominus
3276 485 3339 541 in
3361 485 3553 543 omni-

1902 569 2026 626 bus.

1975 663 2057 715 l9.
2093 662 2873 734 lnterrogaveruntquidam
2909 665 3227 720 Macarium
3262 665 3549 722 abbatem

1900 746 2165 804 dicentes
2194 765 2205 804 :
2231 750 2849 815 Quomododebemus
2875 769 3044 808 orare
3074 754 3102 809 ‘I
3134 754 3457 827 Respondit
3476 755 3550 810 iis

1902 852 2126 892 senex:
2160 841 2282 893 Non
2325 855 2477 910 opus
2516 845 2604 894 est
2653 839 2818 912 loqui
2871 842 3143 906 multum,
3188 843 3291 898 sed
3350 851 3554 899 exten-

1903 926 2520 984 dendaesuntmanus
2547 929 2936 987 etdiceudum
2967 932 3266 998 :Domine,
3297 932 3554 988 sicutvis

1905 1021 1961 1071 et
1984 1015 2137 1071 sicut
2164 1017 2338 1082 nosti,
2375 1017 2673 1073 miserere.
2717 1018 2773 1074 Si
2803 1025 3004 1076 autem
3044 1021 3331 1089 ingruerit
3369 1026 3556 1078 tenta-

1906 1104 2085 1160 tionis
2117 1104 2516 1176 impugnatio,
2559 1107 2690 1162 dic:
2723 1108 2990 1173 Domine,
3021 1107 3257 1180 adjuva.
3287 1109 3421 1180 Ipse
3453 1125 3558 1166 au-

1907 1199 2027 1249 tem
2058 1193 2186 1255 scit.
2219 1209 2374 1266 quae
2405 1196 2745 1266 expediant,
2784 1203 2841 1252 et
2865 1195 3005 1253 facit
3034 1197 3348 1253 nobiscum
3381 1197 3561 1254 mise-

1907 1283 2247 1339 ricordiam.

1980 1377 2066 1426 20.
2113 1373 2259 1428 Dixit
2291 1374 2575 1429 Macarius
2616 1374 2809 1431 abbas
2852 1391 2862 1429 :
2901 1376 2956 1432 Si
2993 1375 3158 1448 apud
3191 1380 3244 1432 te
3274 1376 3563 1434 exstiterit

1910 1469 2286 1532 contemptus
2316 1461 2473 1517 velut
2495 1463 2650 1529 laus,
2686 1473 3010 1535 paupertas
3063 1472 3354 1538 tanquam
3409 1465 3563 1521 divi-

1914 1552 2042 1611 tiae,
2056 1551 2383 1622 indigentia
2396 1552 2954 1621 sicutabundantia,
2970 1569 3091 1610 non
3108 1555 3396 1610 morieris.
3416 1555 3565 1612 Fieri

1913 1641 2072 1695 enim
2104 1655 2224 1695 non
2255 1646 2462 1711 potest,
2499 1640 2704 1712 ut,qui
2738 1648 2889 1697 recte
2933 1641 3136 1709 credit,
3171 1651 3225 1698 et
3249 1643 3312 1698 in
3343 1645 3562 1715 pietate

227 1737 266 1782 ἓν
330 1727 552 1801 εὐσεϐείᾳ
625 1727 995 1802 ἐργαζόμενον,
1053 1729 1291 1800 ἑμπεσεῖν
1346 1726 1416 1789 εἰς
1475 1725 1802 1800 ἀκαθαρσίαν

1922 1736 2213 1800 operatur,
2242 1729 2467 1784 incidat
2496 1729 2555 1784 in
2575 1731 2848 1786 vitiorum
2873 1731 3078 1787 sordes
3095 1747 3165 1787 ac
3193 1732 3563 1789 daemonum

226 1820 379 1872 παθῶν
408 1825 495 1871 καὶ
537 1814 806 1891 δαιμόνων
828 1816 1024 1876 πλάνην

284 1910 364 1963 21.
408 1907 637 1980 Ἔλεγον,
688 1908 770 1959 ὃτι
819 1907 1120 1980 ἐσφάλησαν
1169 1901 1267 1958 δύο
1307 1901 1520 1978 ἀδελφοὶ
1555 1903 1652 1977 [εὶς
1681 1904 1724 1948 ει
1753 1907 1803 1971 ξ]

497 2003 588 2050 καὶ
634 2000 897 2072 ἐχώρισεν
953 1995 1163 2058 αὐτούς,
1197 1996 1222 2047 6
1271 1993 1435 2056 ὰϐϐᾱς
1483 1995 1804 2066 Μακάριοςὸ

226 2087 456 2149 πολιτικός
486 2105 498 2117 ⁸
548 2091 643 2140 καὶ
691 2083 847 2144 ἦλθόν
892 2104 1046 2149 τινες,
1095 2090 1184 2138 καὶ
1225 2081 1365 2137 εἶπον
1410 2092 1479 2155 τῷ
1523 2082 1660 2136 ἁϐϐᾶ
1689 2089 1807 2136 Μα-

227 2004 386 2057 Σκῆτιν
422 2013 435 2025 ⁸

221 2182 362 2248 καιρίῳ
380 2185 446 2247 τῷ
471 2178 683 2249 μεγάλῳ
728 2183 800 2247 τῷ
819 2176 1113 2247 Αἰγυπτίῳ·
1136 2173 1196 2226 Ὀ
1222 2170 1282 2226 δε
1317 2170 1452 2226 εἶπεν
1483 2191 1495 2203 ⁸
1524 2173 1637 2228 Ούκ
1675 2173 1802 2226 εἰσὶν

227 2266 267 2318 οἰ
298 2263 495 2338 ἁδελφοὶ
538 2269 952 2340 κεχωρισμένοι,
1008 2263 1136 2316 ἀλλὰ
1179 2264 1456 2337 Μακάριος
1485 2261 1598 2315 ἐστι
1635 2281 1803 2334 κεχω-

224 2359 434 2429 ρισμένος
468 2377 480 2389 ⁸
522 2356 586 2414 ἧν
631 2358 738 2429 γὰρ
787 2353 1001 2426 ἀγαπῶν
1057 2353 1250 2406 αὐτόν’
1284 2356 1507 2412 ἤκουσεν
1551 2354 1576 2403 6
1645 2351 1803 2412 ἁϐϐᾶς

227 2447 482 2518 Μακάριος,
526 2446 610 2497 ὅτι
642 2443 920 2518 ἐχωρίσθη
969 2443 1069 2495 ύπό
1120 2450 1210 2495 τοῦ
1258 2445 1517 2515 γέροντος,
1549 2445 1639 2492 καὶ
1687 2442 1805 2511 ἔφυ-

227 2551 297 2602 γεν
341 2533 405 2595 εἰς
431 2537 484 2587 τὸ
528 2533 666 2594 ἕλος·
719 2532 923 2596 ἐξῆλθεν
954 2528 1041 2585 οὖν
1081 2533 1106 2584 ὁ
1162 2529 1321 2592 ἁϐϐᾶς
1364 2532 1634 2605 Μακάριος
1659 2531 1684 2580 6
1711 2533 1803 2600 μέ-

227 2641 309 2691 γας
336 2637 349 2651 ⁸
382 2628 467 2676 καὶ
496 2624 736 2699 εὑρίσκει
783 2621 940 2674 αὐτὸν
977 2626 1389 2695 τιτρωσκόμενον
1427 2621 1527 2672 ύπό
1567 2627 1667 2671 τῶν
1704 2636 1802 2670 κω-

229 2717 381 2763 νὼπων
426 2727 439 2740 ⁸
472 2717 562 2765 καὶ
600 2712 742 2783 λέγει
785 2710 948 2782 αὐτῷ·
992 2714 1057 2762 σύ
1088 2714 1358 2782 ἑχὼρισας
1381 2713 1496 2770 τοὺς
1529 2705 1799 2780 ἀδελφούς,

231 2805 304 2852 καὶ
343 2797 450 2854 ἰδού
495 2797 645 2873 εἶχον
680 2798 1028 2872 ἀναχωρῆσαι
1066 2799 1135 2861 εἰς
1160 2803 1253 2857 τὴν
1291 2804 1496 2870 κώμην·
1527 2797 1628 2869 ἐγὼ
1659 2793 1719 2850 δέ
1748 2815 1804 2849 σε

232 2887 458 2961 ἐχώρισα,
506 2895 600 2943 καὶ
660 2892 730 2941 σὺ
769 2891 840 2950 ὡς
877 2888 1005 2946 καλὴ
1031 2889 1281 2962 παρθένος
1335 2887 1401 2948 εἰς
1439 2890 1525 2939 τὸν
1555 2889 1803 2960 ἐσώτερον

235 2986 429 3031 κοιτῶνα
483 2981 673 3052 ἔφυγες
721 2974 826 3030 ὧδε
873 2991 886 3004 ⁸
925 2976 1025 3049 ἐγὼ
1080 2977 1304 3040 καλέσας
1352 2980 1469 3037 τοὺς
1533 2972 1802 3048 ἀδελφούς,

1913 1833 2199 1874 errorem.

1985 1912 2071 1964 2t.
2127 1907 2429 1963 Proditum
2488 1913 2574 1964 est
2631 1909 2783 1964 duos
2841 1907 3048 1964 fratres
3097 1910 3156 1964 in
3219 1910 3366 1967 Sceti
3423 1909 3566 1966 deli-

1915 1997 2135 2068 quisse.
2167 1998 2326 2062 Quos
2346 2013 2536 2068 quum
2569 1997 2858 2053 Macarius
2889 1997 3233 2061 πολιτικός
3261 1998 3453 2054 abbas
3471 2014 3568 2054 se-

1916 2089 2240 2154 gregasset,
2262 2101 2378 2140 non
2390 2085 2530 2140 nulli
2549 2086 2868 2142 Macarium
2889 2102 3179 2156 magnum
3205 2088 3563 2159 Aegyptium

1915 2173 2186 2230 abbatem
2202 2175 2488 2230 adeuntes
2505 2175 2616 2230 hoc
2631 2191 2664 2230 n
2676 2175 2987 2230 untiarunt.
3013 2180 3060 2230 ts
3073 2183 3272 2232 autem
3289 2192 3301 2230 :
3319 2178 3464 2242 Non,
3480 2176 3568 2231 in-

1914 2263 2063 2335 quit,
2095 2264 2451 2319 fratressuut
2473 2264 2906 2334 segregatused
2930 2264 3220 2320 Macarius
3241 2281 3412 2334 ;nam
3435 2265 3567 2321 dili-

1915 2353 2089 2424 gebat
2121 2369 2279 2408 eum.
2310 2354 2594 2409 Macarius
2609 2362 2804 2408 autem
2823 2352 3033 2419 abbas,
3061 2370 3250 2410 asene
3283 2370 3347 2410 se
3373 2369 3566 2425 segre-

1915 2450 2120 2511 gatum
2151 2457 2283 2496 esse
2308 2442 2582 2507 audiens,
2618 2442 2854 2511 fugitad
2886 2441 3201 2514 paludem;
3231 2446 3413 2515 atque
3444 2442 3568 2498 ille-

1912 2533 2128 2602 reperit
2153 2545 2288 2586 eum
2315 2547 2351 2586 a
2375 2531 2668 2586 culicibus
2719 2530 3109 2602 perforatum.
3159 2532 3265 2587 Cui
3294 2549 3306 2586 :
3335 2534 3439 2600 Tu,
3480 2532 3567 2588 in-

1913 2622 2060 2693 quit,
2090 2622 2413 2689 segregasti
2456 2619 2685 2685 fratres,
2720 2619 2899 2692 iique,
2944 2635 3099 2689 ecce,
3143 2619 3419 2675 secedere
3459 2633 3570 2691 po-

1915 2713 2108 2764 terant
2145 2708 2203 2763 in
2229 2708 2448 2763 vicum.
2483 2710 2604 2778 Ego
2629 2725 2766 2762 vero
2799 2717 2849 2762 te
2887 2709 3218 2777 segregavi,
3252 2714 3437 2780 tuque
3469 2723 3562 2764 ve-

1913 2797 1999 2852 lut
2026 2797 2526 2868 pulchravirgoin
2553 2797 2796 2852 interius
2820 2796 3163 2852 cubiculum
3193 2795 3312 2852 huc
3340 2796 3566 2868 fugisti.

1916 2891 1985 2941 At
2023 2901 2136 2955 ego
2178 2888 2401 2941 vocatis
2451 2885 2728 2940 fratribus
2769 2885 2974 2950 didici,
3020 2885 3161 2940 nihil
3213 2886 3432 2942 horum
3477 2884 3566 2942 fa-

1917 2981 2078 3030 ctum
2123 2990 2274 3030 esse.
2307 2975 2579 3045 Prospice
2615 2975 2792 3041 igitur
2812 2980 2868 3029 et
2899 2980 2979 3041 tu,
3012 2973 3212 3042 frater,
3241 2989 3314 3028 ne
3356 2991 3393 3030 a
3430 2973 3568 3029 dae-

235 3064 393 3136 ὶμαθον
419 3069 541 3137 παρ’
572 3067 751 3120 αὐτῶν
789 3070 880 3118 καὶ
925 3063 1066 3119 εἶπον
1107 3081 1120 3094 ⁸
1154 3063 1305 3118 οὐδὲν
1349 3069 1542 3118 τούτων
1571 3068 1752 3137 γέγονε
1783 3077 1796 3091 '

1922 3063 2199 3120 monibus
2243 3063 2451 3119 illusus
2502 3062 2685 3119 fueris
2719 3081 2731 3129 ;
2765 3079 2906 3118 nam
2966 3061 3114 3118 nihil
3161 3062 3360 3117 vidisti
3402 3080 3415 3130 ;
3460 3061 3568 3117 sed

235 3151 367 3225 βλέπε
401 3156 483 3208 οὗν
509 3162 598 3210 καὶ
645 3159 735 3222 σύ,
779 3152 984 3228 ἀδελφέ,
1026 3159 1097 3227 μὴ
1146 3153 1246 3207 ἀπὸ
1292 3151 1552 3226 δαιμόνων
1583 3152 1806 3226 ἐχλευά-

238 3246 362 3314 σθης,
388 3243 534 3299 ούδεν
563 3249 675 3319 γὰρ
704 3246 933 3320 ἑώρακας
964 3260 976 3273 ⁸
1014 3245 1066 3314 2
1238 3242 1364 3296 ἀλλὰ
1387 3241 1513 3315 βάλε
1537 3245 1807 3314 μετάνοιαν

235 3332 340 3410 ὑπὲρ
377 3343 463 3388 τοῦ
514 3335 823 3410 σφάλματός
872 3353 990 3391 σου.
1042 3335 1068 3384 6
1102 3331 1160 3386 δι
1202 3331 1338 3386 εἶπεν
1387 3346 1400 3360 ⁸
1441 3332 1484 3384 εἰ
1524 3332 1682 3394 θέλεις
1721 3329 1808 3392 δός

235 3443 308 3494 μοι
355 3427 623 3497 μετάνοιαν
659 3439 676 3454 ⁸
715 3421 842 3477 ἰδὼν
871 3419 928 3476 δε
965 3424 992 3475 6
1043 3427 1206 3498 γέρων
1251 3427 1345 3480 τὴν
1375 3427 1682 3474 ταπείνωσιν
1714 3420 1810 3472 αύ-

238 3521 330 3578 τοῡ,
366 3515 522 3586 ἔλεγεν
563 3530 575 3542 ⁸
634 3515 828 3585 ὕπαγε,
862 3517 951 3566 καὶ
994 3516 1280 3570 νηστεύσον
1309 3519 1448 3586 τρεῖς
1485 3506 1807 3582 ἑϐδομάδας,

238 3607 351 3656 κατὰ
378 3600 660 3678 ἑϐδομάδα
699 3605 885 3656 ἐσθίων
935 3618 948 3631 ⁸
987 3601 1119 3659 αὕτη
1149 3605 1250 3676 γὰρ
1278 3597 1339 3659 ἧν
1385 3602 1416 3659 ἡ
1450 3599 1675 3676 ἐργασία
1721 3599 1813 3651 αύ-

235 3700 312 3744 τοῦ
335 3695 559 3762 πάντοτε,
588 3697 690 3755 τὰς
711 3689 1011 3766 ἑϐδομάδας
1039 3693 1332 3750 νηστεύειν.

297 3785 380 3840 22.
415 3781 561 3838 Εἶπεν
593 3785 622 3836 6
659 3781 820 3844 ἀϐϐᾶς
871 3789 1104 3842 Μωῡσῆς
1151 3788 1221 3851 τῷ
1257 3778 1394 3851 ἁϐϐᾁ
1449 3780 1702 3853 Μακαρίῳ
1747 3778 1813 3839 εἰς

242 3877 402 3930 Σκῆτιν
435 3889 448 3901 ⁸
488 3874 615 3926 θέλω
648 3874 953 3944 ἡσυχάσαι,
998 3875 1088 3923 καὶ
1119 3870 1213 3923 ούκ
1246 3868 1458 3942 ἀφιοῡσί
1486 3887 1550 3942 με
1578 3871 1627 3921 οἱ
1667 3865 1815 3920 ἀδελ-

243 3965 310 4030 φοί
335 3983 346 3995 ·
375 3967 460 4016 καὶ
501 3964 641 4035 λέγει
687 3962 828 4032 αύτῷ
863 3963 888 4014 6
937 3959 1102 4022 ὰϐϐᾶς
1148 3961 1416 4032 Μακάριος
1449 3976 1461 3989 ⁸
1512 3961 1707 4031 θεωρῶ,
1735 3959 1815 4010 ὅτι

241 4050 428 4120 ἡφύσις
473 4071 567 4105 σου
618 4050 792 4110 ἆπαλή
837 4053 968 4117 ἑστι,
999 4054 1091 4102 καὶ
1134 4049 1192 4102 ού
1224 4046 1452 4102 δύνασαι
1484 4046 1814 4120 ἀποστρέψαι

242 4134 429 4212 ἀδελφόν
467 4155 479 4168 ⁸
537 4140 649 4194 ἀλλ’
703 4139 788 4193 ίαν
847 4139 989 4212 θέλῃς
1047 4139 1350 4203 ἡσυχάσαι,
1409 4137 1550 4209 ύπαγ
1601 4136 1673 4198 είς
1718 4139 1813 4195 τὴν

240 4229 402 4300 ἕρημον
455 4233 556 4284 ἔσω
600 4229 678 4292 εἰς
728 4233 822 4288 τὴν
878 4233 1088 4305 πέτραν,
1148 4227 1298 4281 κάκεῖ
1344 4228 1680 4300 ἡσυχάζεις·
1723 4231 1812 4280 καὶ

239 4323 366 4370 τοῦτο
389 4319 601 4377 ἐποίησε
630 4323 724 4371 καὶ
756 4317 980 4377 ἀνεπάη.

297 4407 372 4462 23.
429 4407 683 4482 Ἀδελφός
744 4407 999 4482 παρέϐαλε
1077 4415 1149 4478 τῷ
1214 4404 1352 4478 ἆϐϐᾷ
1405 4411 1660 4480 Μακαρίῳ
1737 4415 1810 4478 τῷ

1173 4495 1328 4562 ἁϐϐᾶ,
1385 4497 1494 4550 εἰπέ
1540 4517 1629 4569 μοι
1665 4497 1812 4572 ῥῆμα

242 4593 328 4646 πῶς
376 4589 520 4641 σωθῶ
560 4603 574 4616 ⁸
612 4593 706 4641 καὶ
742 4588 878 4660 λέγει
929 4588 954 4639 6
1009 4591 1172 4660 γέρων
1204 4607 1217 4621 ⁸
1269 4589 1435 4658 ὕπαγε
1465 4587 1537 4649 εἰς
1573 4591 1632 4640 τὸ
1674 4607 1810 4660 μνη-

244 4680 381 4742 μεῖον,
439 4682 530 4731 καὶ
589 4677 805 4750 ύϐρισον
859 4680 979 4738 κοὺς
1036 4679 1245 4750 νεκροὺς
1293 4690 1307 4706 ⁸
1357 4675 1586 4729 ἀπελθὼν
1643 4671 1731 4729 οὖν
1783 4677 1808 4728 6

244 4757 438 4837 ἁδελφὸς
484 4766 672 4841 ύκρισε
727 4765 819 4819 καί
869 4765 1076 4818 ὲλίθασε
1106 4781 1118 4795 ⁸
1161 4769 1252 4817 καὶ
1318 4763 1472 4817 έλθὼν
1529 4763 1810 4838 ἀπήγγειλε

242 4857 301 4922 τῷ
344 4856 565 4928 γέροντι’
621 4860 711 4910 καὶ
750 4854 890 4927 λέγει
940 4853 1081 4907 αύτὼ
1117 4868 1130 4882 ⁸
1188 4849 1340 4908 οὐδέν
1373 4873 1456 4907 σοι
1496 4853 1752 4913 ἐλάλησαν
1790 4874 1804 4925 ;

241 4493 510 4570 Αἰγυπτίῳ,
563 4503 658 4551 καὶ
719 4497 855 4570 λέγει
907 4493 1047 4569 αύτῷ
1095 4511 1108 4524 ·

1918 3153 2339 3224 poenitentiam
2367 3168 2478 3222 age
2513 3168 2622 3223 pro
2659 3151 2874 3208 delicto
2914 3158 3036 3207 tuo.
3084 3150 3179 3207 Ille
3218 3150 3567 3223 respondit:

1919 3243 1974 3298 Si
2023 3243 2130 3308 vis,
2160 3242 2239 3298 da
2284 3242 2427 3297 mihi
2481 3241 2929 3314 poenitentiam.
2963 3240 3179 3295 Videns
3230 3239 3411 3310 igitur
3462 3255 3562 3295 se-

1917 3349 2030 3388 nex
2058 3331 2448 3387 humilitatem
2481 3332 2612 3400 ejus
2648 3345 2661 3386 :
2698 3329 2873 3395 Vade,
2909 3331 3115 3401 inquit,
3140 3329 3352 3400 jejuna
3380 3329 3567 3384 tribus

1917 3420 2528 3484 hebdomadis,semel
2543 3419 2792 3491 singulis
2811 3419 3204 3476 hebdomadis
3217 3418 3566 3475 comedens.

1920 3514 2072 3567 Haec
2111 3512 2272 3566 enim
2293 3518 2418 3566 erat
2440 3510 2779 3566 exercitatio
2809 3509 2937 3580 ejus
2963 3516 3273 3581 perpetua,
3297 3525 3403 3580 per
3424 3507 3569 3565 heb-

1919 3601 2218 3657 domadas
2253 3601 2547 3672 jejunare.

1991 3786 2080 3837 22.
2129 3783 2358 3852 Moyses
2409 3779 2601 3835 abbas
2658 3777 2912 3834 Macario
2972 3777 3176 3833 abbati
3226 3776 3289 3832 in
3341 3776 3492 3834 Sceti
3552 3793 3567 3833 :

1925 3871 2085 3938 Volo,
2119 3871 2331 3942 inquit,
2380 3885 2520 3924 cum
2558 3869 2756 3941 quiete
2800 3883 2871 3923 ac
2927 3867 3161 3922 silentio
3210 3866 3425 3933 vivere,
3460 3881 3570 3921 nec
3668 3925 3672 3927 μ

1923 3960 2127 4015 sinunt
2175 3974 2270 4014 me
2323 3958 2551 4014 fratres.
2586 3957 2688 4012 Cui
2740 3955 3028 4013 Macarius
3088 3954 3278 4010 abbas
3317 3969 3570 4026 respon-

1921 4049 2006 4104 dit
2045 4071 2058 4103 :
2107 4048 2286 4104 Video
2329 4051 2382 4102 te
2426 4045 2644 4100 indolis
2694 4044 2981 4100 mollioris
3034 4058 3181 4108 esse,
3230 4058 3339 4098 nec
3386 4057 3565 4115 posse

1921 4137 2162 4193 fratrem
2188 4142 2298 4192 ate
2329 4140 2591 4192 avertere
2615 4147 2629 4200 ;
2662 4133 2770 4189 sed
2795 4132 2842 4187 si
2857 4131 3167 4189 desideras
3191 4131 3459 4204 quietam
3488 4131 3573 4187 vi-

1922 4231 2066 4292 tam,
2100 4225 2476 4298 proﬁciscere
2502 4222 2579 4279 ad
2610 4237 2879 4278 eremum
2897 4221 3122 4278 introin
3139 4226 3388 4294 petram,
3411 4219 3567 4278 etibi

1919 4318 2116 4390 quiete
2143 4315 2348 4384 deges.
2383 4315 2536 4370 Fecit
2562 4313 2740 4382 igitur
2769 4312 2882 4367 hoc
2902 4318 2958 4367 et
2988 4311 3356 4383 conquievit.

1992 4409 2081 4462 23.
2116 4407 2310 4461 Frater
2339 4400 2611 4459 convenit
2641 4401 2958 4458 Macarium
2985 4401 3344 4470 Aegyptium
3375 4397 3568 4455 abba-

1922 4500 2061 4562 tem,
2108 4495 2202 4550 cui
2251 4510 2264 4549 :
2299 4493 2488 4557 Abba,
2519 4490 2732 4563 inquit,
2759 4491 2855 4546 dic
2909 4489 3054 4544 mihi
3117 4488 3390 4554 verbum,
3422 4503 3573 4561 quo-

1921 4585 2103 4642 modo
2133 4583 2345 4638 salver.
2379 4580 2471 4636 Ait
2499 4595 2680 4636 senex
2711 4598 2724 4638 :
2771 4579 2929 4634 Vade
2969 4579 3031 4633 in
3057 4577 3468 4649 sepulchrum,
3512 4581 3570 4633 et

1919 4673 2253 4730 maledictis
2297 4676 2562 4727 mortuos
2616 4668 2854 4739 impete.
2897 4668 3114 4722 Abiens
3163 4666 3342 4735 igitur
3387 4664 3567 4721 frater

1919 4779 2021 4820 eos
2063 4761 2342 4818 conviciis
2399 4764 2454 4815 et
2503 4757 2805 4830 lapidibus
2853 4754 3121 4827 appetiit,
3162 4769 3563 4826 reversusque

1918 4850 2296 4912 annuntiavit
2313 4847 2458 4904 seni.
2492 4847 2602 4913 Qui
2617 4846 2696 4903 ab
2721 4860 2792 4902 eo
2805 4845 3034 4917 quaerit
3061 4859 3074 4899 :
3108 4843 3336 4899 Nihilne
3364 4840 3576 4900 tibilo-

1554 4981 1810 5037 VARIAE
1843 4978 2128 5038 LECTlON
2136 4977 2236 5032 ES.

373 5108 556 5175 δῆλον
583 5146 655 5190 -·ν
692 5113 1024 5190 δυνάμεθα
1048 5132 1173 5190 οφ.
1437 5115 1523 5173 ΑΙ.
1558 5117 1723 5190 inser
1751 5115 1960 5172 πυκνά
1985 5133 1999 5148 ⁸
2058 5115 2116 5171 L.
2141 5109 2418 5169 Dorothei
2449 5107 2635 5181 Epist.
2673 5107 2717 5162 Ι.
2795 5107 2842 5143 ³³
2900 5104 2985 5162 Al.
3021 5103 3160 5163 add.
3195 5123 3269 5177 με
3352 5104 3402 5140 ³⁸
3455 5102 3552 5163 Al.

250 5182 371 5242 add.
392 5207 496 5260 μοι
524 5205 539 5220 ·
616 5189 665 5225 ³⁸
695 5189 710 5207 ⁸
736 5188 808 5254 εἰς
835 5182 959 5247 om.
993 5188 1168 5255 Edd.,
1198 5187 1406 5246 addidi
1434 5203 1508 5246 ex
1536 5189 1699 5246 coni.

1776 5317 2028 5376 NOTAE.

276 5440 385 5518 ⁸,(α)
408 5441 448 5500 Ι.
475 5444 631 5504 Tim.
665 5444 754 5511 VI,
785 5445 983 5518 7710b.
1018 5450 1067 5518 1,
1090 5449 1178 5518 21.
1213 5444 1296 5502 Cf.
1324 5444 1813 5518 VV._PP._R08W.

368 5505 438 5570 lt]
467 5532 600 5590 cap.
627 5517 696 5573 73
725 5505 750 5585 ;’
772 5517 876 5575 lib.
897 5518 945 5576 V
971 5505 1159 5575 libell.
1195 5521 1278 5585 l6,
1308 5519 1342 5572 6
1372 5538 1384 5584 ;
1415 5516 1518 5573 lib.
1553 5516 1648 5572 VII
1680 5531 1814 5589 cap.

321 5652 385 5725 (bl
413 5657 490 5715 Cf.
521 5658 636 5716 VV.
660 5661 765 5718 PP.
790 5663 985 5720 Rosw.
1017 5659 1123 5718 lib.
1151 5663 1246 5729 IlI,
1278 5675 1411 5733 cap.
1440 5663 1544 5716 207
1568 5657 1675 5717 lib.
1706 5658 1752 5714 V

1925 5438 2104 5499 libell.
2136 5443 2219 5512 12,
2267 5442 2351 5495 10.

1934 5587 1944 5594 _
2001 5512 2076 5594 (ο)
2129 5511 2341 5594 Cf.VV.
2375 5511 2720 5594 PPLnRonsw.
2773 5508 2875 5567 lib.
2923 5509 3015 5566 Vll
3063 5524 3198 5584 cap.
3231 5507 3320 5579 38,
3352 5513 3404 5568 2.
3433 5511 3573 5570 Sen-

1929 5584 2145 5641 tentiae
2169 5588 2418 5655 Aegypt.
2451 5584 2551 5638 PP.
2585 5585 2682 5641 23.
