4078 6194
491 248 586 302 251
1341 241 1446 297 SS.
1492 239 1977 295 MACAHIOBUM
2018 236 2351 293 AEGYPTII
2391 238 2479 292 ET
2519 237 3015 296 ALEXANDRINI
3748 244 3864 299 252

491 373 610 429 euti
641 375 780 427 sunt
809 371 838 424 ‘?
861 369 955 425 llle
989 387 1002 424 :
1037 367 1206 424 Nihil.
1239 370 1386 422 Tum
1409 382 1588 422 senex
1625 384 1635 421 :
1665 370 1899 429 lterum,
1922 364 2131 437 inquit,

2467 363 2578 418 ὁδε
2617 368 2708 437 ἔφη
2753 379 2765 392 ·
2826 365 2986 436 οὐχὶο
3029 365 3162 438 λέγει
3191 365 3331 436 αὐτῷ
3371 367 3396 418 6
3443 372 3605 442 γέρων
3639 391 3652 403 ·
3687 371 3866 441 ὕπαγε

490 460 864 533 proﬁciscere
900 474 1052 522 cras,
1085 471 1312 528 eosque
1353 456 1636 513 laudibus
1689 454 1852 510 effer.
1889 457 2131 523 Pergens

2253 457 2403 505 πάλιν
2456 458 2654 526 αὔριον,
2715 459 2800 506 καὶ
2860 452 3086 516 δοξασον
3142 456 3353 518 αὐτοὺς.
3395 455 3623 510 ἀπελθών
3681 456 3767 512 οὖν
3831 462 3861 512 6

491 552 692 622 itaque
747 547 925 602 frater
969 545 1334 601 collaudavit
1387 561 1506 608 eos,
1552 560 1819 598 vocans:
1858 542 2139 614 Apostoli,

491 639 701 703 sancti,
739 637 900 707 justi.
929 638 1074 692 Tum
1105 635 1247 690 adiit
1279 650 1480 689 senem
1509 633 1775 704 dixitque
1809 650 1820 687 :
1858 632 2138 688 Laudavi.

492 730 598 794 Qui
633 744 644 781 :
681 725 930 790 Nihilne,
973 726 1183 796 inquit,
1225 723 1324 778 tibi
1366 725 1804 794 responderunt
1834 723 1860 778 ?
1890 724 2084 777 Frater
2124 738 2137 775 :

487 817 658 872 Nihil.
702 819 861 871 Tunc
902 829 1083 868 senex
1126 813 1254 867 inﬁt
1287 829 1298 866 :
1331 815 1508 875 Nosti,
1550 810 1791 882 quantis
1849 827 1950 866 eos
1997 825 2138 865 con-

487 905 747 961 tnmeliis
772 903 1197 970 aﬁ‘ecerianec
1212 902 1541 972 quidquam
1556 899 1993 970 responderunt
2007 898 2139 964 tibi;

487 1000 542 1050 et
569 995 812 1066 quantis
834 992 1078 1047 eosdem
1103 990 1383 1046 laudibus
1412 990 1742 1048 ornaveris,
1772 989 2038 1060 nihilque
2065 988 2141 1042 ad

484 1089 538 1139 te
575 1081 865 1154 prolocuti
903 1086 1056 1135 sunt.
1093 1080 1175 1134 Ita
1200 1084 1256 1134 et
1296 1085 1376 1144 tu,
1411 1079 1456 1132 si
1498 1078 1719 1133 salvari
1761 1078 1954 1149 cupis,
1987 1092 2141 1132 mor-

483 1177 620 1228 tnns
667 1171 797 1234 ﬁas,
831 1185 938 1224 nec
973 1169 1214 1240 injurias
1257 1168 1595 1233 hominum,
1644 1183 1751 1221 nec
1799 1166 2010 1222 laudes
2041 1181 2142 1222 eo-

483 1276 615 1316 rum
645 1259 886 1327 cogites,
924 1259 1108 1313 instar
1141 1263 1512 1312 mortuorum
1546 1273 1558 1311 :
1596 1256 1678 1311 sic
1719 1256 1878 1311 enim
1924 1255 2141 1326 poteris

486 1349 690 1404 salvus
724 1349 867 1404 ﬁeri.

552 1442 640 1494 24.
677 1437 1056 1492 Proﬁciscens
1089 1435 1417 1507 aliquando
1452 1437 1740 1490 Macarius
1781 1434 1972 1489 abbas
2001 1450 2136 1488 cum
2321 1435 2414 1488 24.

481 1528 762 1584 fratribus
788 1541 891 1597 per
913 1531 1246 1596 Aegyptum
1267 1540 1518 1595 puerum
1547 1524 1964 1578 audivitmatri
1995 1539 2131 1578 suae

2253 1519 2483 1593 ἀδελφῶν
2513 1518 2605 1574 διὰ
2644 1531 2735 1584 τῆς
2768 1523 3057 1593 Αἰγύπτου,
3106 1527 3299 1582 ἤκουσε
3357 1521 3579 1578 παιδίου
3617 1525 3854 1597 λέγοντος

480 1616 561 1672 ita
589 1616 934 1686 loquentem
972 1629 982 1667 :
1016 1616 1210 1676 Mater,
1244 1613 1414 1666 dives
1449 1613 1696 1683 quidam
1720 1612 1912 1680 diligit
1935 1627 2049 1670 me.
2081 1617 2131 1666 et

2253 1619 2356 1684 τῇμ
2387 1616 2507 1684 ητρὶ
2557 1611 2742 1664 αὐτοῦ’
2803 1611 2971 1683 ἀμμᾶ,
3027 1612 3276 1674 πλούσιός
3323 1633 3404 1671 τις
3443 1613 3624 1685 ἀγαπᾷ
3647 1635 3728 1686 με,
3757 1621 3852 1668 καὶ

480 1704 579 1760 odi
608 1721 745 1760 eum
773 1720 786 1769 ;
815 1718 1045 1774 pauper
1078 1717 1216 1756 vero
1242 1701 1366 1756 odit
1391 1718 1504 1766 me,
1538 1701 1796 1770 etdiligo
1819 1718 1976 1756 eum.
2008 1703 2131 1766 Quo

2253 1710 2391 1773 μισῶ
2421 1701 2576 1752 αὑτὸν
2617 1715 2630 1726 ·

483 1793 685 1848 audito
702 1807 974 1847 sermone
996 1791 1281 1846 Macarius
1301 1791 1491 1844 abbas
1509 1791 1840 1846 admiratus
1859 1795 1968 1845 est.
1993 1792 2131 1846 Tum

2253 1795 2341 1842 xui
2371 1789 2600 1850 ἀκούσας
2627 1791 2650 1840 6
2682 1788 2849 1851 ἀϐϐᾶς
2889 1792 3160 1863 Μακάριος
3199 1791 3465 1864 ἐθαύμασε

476 1887 688 1949 fratres
718 1899 729 1935 :
765 1880 938 1946 Quid,
971 1879 1270 1950 inquiunt,
1303 1880 1416 1933 hoc
1434 1880 1595 1934 verbi
1614 1885 1722 1946 est,
1756 1886 1942 1951 pater,
1975 1879 2140 1950 quod

477 1970 792 2026 admireris
814 1968 841 2023 ?
874 1971 1063 2024 Senex
1091 1967 1396 2039 respondit
1429 1987 1441 2026 :
1478 1971 1703 2024 Revera
1734 1969 2021 2024 Dominus
2037 1984 2142 2024 no-

2255 540 2473 614 ἀδελφὸς
2531 540 2775 605 ἐδόξασεν
2827 545 3019 605 αὐτοὺς
3073 545 3232 616 λέγων
3285 563 3297 575 ·
3349 548 3651 613 ἀπόστολοι,
3686 549 3858 620 οἷγιοι,

2253 637 2341 684 καὶ
2373 629 2574 684 δίκαιοι
2616 652 2627 664 ·
2661 638 2749 684 xui
2805 629 2926 691 ἦλθε
2968 636 3096 705 πρὸς
3147 637 3233 685 τόν
3291 639 3527 707 γέροντα,
3591 644 3679 688 xui
3719 634 3858 690 εἶπεν

2255 721 2394 790 αὐτῷ
2431 737 2443 751 ⁶
2479 718 2708 784 ἐδοξασα
2741 741 2753 754 ο
2780 728 2870 774 καὶ
2900 721 3032 793 λέγει
3057 722 3199 792 αὐτῷ
3232 741 3242 752 ·
3275 719 3426 776 οὐδέν
3460 744 3544 777 σοι
3566 725 3857 797 ἀπεκρίθηο

2257 829 2351 860 σαν
2385 826 2398 875 ;
2440 811 2532 880 ἔφη
2570 811 2594 860 6
2635 806 2853 881 ἀδελφός
2879 827 2890 839 ·
2917 810 3065 881 οὐχί·
3091 811 3223 881 λέγει
3243 811 3384 882 αὐτῷ
3413 813 3438 864 6
3468 819 3630 886 γέρων
3661 835 3672 846 ·
3701 811 3859 876 οἶδας

2252 903 2394 950 πόσα
2447 899 2708 970 ἠτίμασας
2761 898 2969 962 αὐτούς,
3026 905 3115 950 καὶ
3147 896 3297 952 οὐδὲν
3341 899 3722 974 ἀπεκρίθησαν,
3765 909 3861 955 καὶ

2253 993 2394 1040 πόσα
2424 984 2678 1050 ἐδόξασας
2716 989 2920 1052 αὐτούς,
2956 994 3045 1042 καὶ
3098 985 3249 1042 οὐδέν
3305 1009 3389 1042 σοι
3451 990 3730 1050 ἐλάλησαν.
3772 993 3860 1045 οὗ·

2253 1096 2351 1137 τως
2379 1082 2467 1128 καὶ
2519 1079 2605 1143 σύ,
2651 1075 2734 1128 ἐὰν
2781 1077 2927 1148 θέλῃς
2961 1079 3216 1141 σωθῆναι,
3265 1086 3414 1148 γενοῦ
3464 1085 3633 1154 νεκρός
3669 1095 3680 1108 ·
3721 1086 3860 1152 μήτε

2251 1170 2344 1223 τὴν
2394 1163 2604 1217 ἀδικίαν
2661 1174 2757 1217 τῶν
2812 1165 3114 1240 ἀνθρώπων,
3170 1171 3301 1238 μήτε
3349 1171 3442 1226 τὴν
3494 1165 3650 1232 δοξαν
3683 1169 3857 1222 αὐτῶν

2249 1254 2460 1327 λογίσῃ,
2494 1257 2562 1316 ὡς
2593 1258 2640 1306 οἰ
2669 1260 2840 1329 νεκροί
2875 1273 2886 1284 ⁶
2917 1262 3005 1308 xui
3034 1253 3262 1309 δύνασαι
3296 1260 3528 1316 σωθῆναι

2503 1437 2898 1506 Παρερχὸμενὸς
2941 1453 3064 1486 ποτε
3117 1434 3142 1485 6
3184 1433 3342 1495 ἀϐϐᾶς
3389 1437 3656 1508 Μακάριος
3722 1440 3858 1508 μετά

2678 1705 2768 1752 καὶ
2797 1705 3006 1771 πτωχὸς
3034 1709 3177 1772 μισεῖ
3206 1722 3288 1774 με,
3317 1709 3407 1755 καὶ
3454 1703 3641 1775 ἀγαπώ
3669 1704 3848 1757 αὐτόν.

3514 1807 3526 1820 '
3567 1799 3653 1846 xui
3673 1793 3857 1864 λέγου-

2257 1899 2338 1931 σιν
2363 1879 2502 1948 αὐτῷ
2531 1881 2582 1930 οἱ
2611 1875 2826 1950 ἀδελφοί
2869 1899 2880 1910 ο
2915 1884 2965 1932 τί
3010 1879 3123 1932 ἐστι
3160 1883 3218 1932 τὸ
3261 1881 3407 1954 ῥῆμα
3437 1889 3609 1947 τοῦτο,
3642 1884 3806 1954 πάτερ
3837 1901 3848 1913 ·

2253 1970 2332 2019 ὅτι
2387 1967 2730 2040 ἐθαύμασας
3032 1974 3122 2021 xui
3174 1970 3310 2041 λέγει
3362 1970 3534 2032 αὐτοῖς
3564 1972 3590 2023 6
3643 1975 3850 2044 γέρων·

478 2066 597 2114 ster
621 2059 784 2114 dives
815 2063 922 2122 est,
959 2061 1015 2112 et
1043 2057 1235 2126 diligit
1261 2072 1393 2121 nos,
1437 2056 1552 2126 ipsi
1602 2064 1802 2112 autem
1854 2056 2138 2111 nolumus

471 2149 531 2204 ei
559 2148 977 2218 obtemperare
1013 2162 1026 2210 ;
1063 2146 1343 2201 inimicus
1375 2151 1582 2201 contra
1628 2152 1826 2201 noster
1862 2145 2140 2200 diabolus

478 2253 708 2308 panper
739 2243 846 2297 est,
889 2237 1132 2307 oditque
1166 2251 1296 2299 nos,
1325 2241 1380 2290 et
1411 2251 1520 2289 nos
1555 2235 1858 2305 diligimus
1890 2235 2137 2306 impuri-

479 2333 656 2381 tatein
682 2330 831 2394 ejus.

546 2419 635 2469 25.
673 2418 909 2483 Rogans
953 2417 1205 2468 Poemen
1238 2413 1429 2468 abbas
1467 2413 1725 2468 eundem
1758 2413 1960 2468 multis
1995 2430 2132 2468 cum

473 2502 735 2559 lacrimis
779 2519 792 2556 :
826 2503 923 2557 Dic
976 2503 1140 2566 mihi,
1169 2502 1376 2571 inquit,
1411 2502 1720 2572 quomodo
1761 2502 1976 2558 salver.
2029 2502 2130 2556 Cui

475 2606 655 2646 senex
683 2589 990 2660 respondit
1027 2607 1038 2644 :
1075 2591 1270 2655 Quam
1297 2591 1538 2660 quaeris
1566 2606 1712 2655 rem,
1755 2589 1872 2644 iam
1896 2591 2138 2645 recessit

481 2693 518 2734 a
557 2678 892 2733 monachis.

551 2771 639 2823 26.
673 2768 958 2822 Macarius
998 2767 1189 2822 abbas
1238 2766 1564 2838 aliquando
1612 2766 1759 2821 adiit
1810 2767 2132 2822 Antonium

479 2856 786 2913 abbatem.
819 2857 1090 2921 Quocum
1128 2856 1482 2921 collocutus,
1523 2871 1661 2910 cum
1701 2857 1760 2911 in
1803 2857 2016 2912 Scctim
2049 2872 2135 2911 re-

480 2949 822 3012 verteretur,
854 2945 1138 3000 fratribus
1167 2945 1412 3001 obviam
1436 2945 1806 3000 venientibus
1839 2946 1988 3002 inter
2020 2962 2133 3002 ser-

479 3033 909 3090 mocinandum
947 3055 960 3090 :
991 3035 1267 3098 Antonio,
1301 3034 1511 3106 inquit,
1547 3034 1750 3090 abbati
1808 3035 1950 3100 dixi,
2020 3051 2130 3092 nos

2253 3039 2309 3098 ὣς
2362 3036 2590 3102 έλαλουν,
2643 3033 2777 3090 εἶπεν
2828 3037 3007 3098 αὐτοῖς
3053 3039 3079 3089 6
3131 3041 3293 3110 γέρων
3328 3054 3341 3068 ’

479 3138 601 3179 non
631 3123 852 3180 habere
878 3123 938 3178 in
968 3123 1100 3179 loco
1129 3129 1330 3180 nostro
1364 3122 1751 3179 oblationem.
1786 3124 1899 3179 Sed
1932 3129 2133 3196 patres

478 3211 610 3268 aliis
641 3213 715 3269 de
746 3213 928 3270 rebus
967 3213 1260 3268 disserere
1304 3217 1650 3283 coeperunt,
1685 3228 1794 3268 nec
1852 3214 2132 3285 quaesie-

473 3307 613 3357 runt
651 3302 910 3372 amplius
927 3301 1154 3356 discere
1187 3317 1542 3372 responsum
1571 3303 1750 3367 senis,
1781 3317 1976 3374 neque
2003 3303 2130 3375 ipse

471 3387 820 3459 prolocutus
864 3395 972 3443 est.
1028 3391 1143 3443 Hoc
1197 3389 1375 3458 igitur
1423 3389 1673 3460 quidam
1724 3405 1796 3445 ex
1858 3391 2129 3461 patribus

475 3476 622 3530 dixit
654 3494 665 3532 :
701 3478 752 3532 Si
778 3476 1028 3531 viderint
1057 3483 1270 3548 patres,
1305 3493 1335 3532 e
1367 3475 1622 3532 fratrum
1657 3479 1948 3534 memoria
1979 3481 2130 3535 exci-

477 3564 637 3630 dere,
682 3571 744 3619 ut
790 3566 864 3620 de
918 3581 978 3620 re
1022 3567 1090 3619 iis
1146 3565 1266 3619 utili
1327 3565 1712 3636 interrogent,
1755 3567 2008 3636 adigunt
2066 3586 2125 3624 se

477 3655 660 3727 ipsos,
695 3661 755 3709 ut
780 3655 1137 3726 principium
1167 3655 1461 3710 sermonis
1496 3656 1801 3726 proferant
1842 3673 1856 3724 ;
1888 3658 2052 3729 quod
2077 3660 2123 3713 si

471 3760 663 3804 .veroa
685 3745 964 3800 fratribus
987 3761 1104 3798 non
1126 3745 1468 3815 adigantur,
1494 3762 1829 3802 sermonem
1855 3763 1974 3803 non
2000 3764 2126 3820 per-

476 3841 827 3906 sequuntur,
856 3839 916 3889 ut
937 3850 1008 3888 ne
1040 3835 1566 3906 deprehendantur
1594 3835 1772 3892 locuti
1803 3853 1922 3893 non
1955 3838 2124 3894 inter-

472 3924 684 3994 rogati,
719 3923 1102 3995 videaturque
1134 3923 1375 3996 loquela
1403 3925 1595 3980 otiosa
1630 3941 1778 3981 esse.

543 4105 631 4156 27.
667 4102 866 4156 Esaias
919 4103 1105 4156 abbas
1151 4101 1526 4170 interrogans
1566 4104 1883 4158 Macarinm
1927 4104 2125 4161 abba-

473 4195 593 4246 tem
627 4206 639 4244 :
676 4190 872 4245 Profer
923 4190 1086 4253 mihi,
1124 4191 1338 4261 inquit,
1371 4192 1748 4246 sententiam.
1783 4193 1883 4247 Cui
1943 4209 2122 4247 senex

471 4278 779 4350 respondit
820 4294 831 4331 :
881 4278 1154 4332 Homines
1205 4278 1361 4346 fuge.
1426 4280 1630 4334 Esaias
1671 4280 1864 4334 abbas
1909 4295 1922 4332 :
1970 4281 2122 4346 Quid

471 4372 581 4431 est,
614 4366 824 4437 inquit,
852 4367 1054 4433 fugere
1087 4366 1404 4420 homines?
1437 4367 1991 4436 Responditsenex:
2030 4371 2118 4426 Se-

471 4456 611 4511 dere
642 4455 698 4509 in
723 4453 870 4510 cella
909 4461 1006 4509 tua
1036 4460 1090 4509 et
1121 4453 1336 4510 deflere
1378 4460 1621 4526 peccata
1653 4461 1774 4512 tua.

542 4637 628 4689 28.
665 4632 1030 4705 Paphnutius
1065 4632 1273 4696 abbas,
1320 4632 1553 4688 Macarii
1594 4632 1828 4689 abbatis
1859 4633 2119 4707 discipu-

469 4723 582 4788 lus,
599 4723 714 4778 hoc
737 4723 928 4778 retulit
963 4739 974 4776 :
1014 4722 1254 4791 Rogavi,
1287 4722 1493 4793 inquit,
1531 4729 1760 4792 patrem
1804 4741 2026 4791 meum,
2059 4733 2121 4782 ut

456 4813 615 4868 mihi
644 4813 862 4868 diceret
896 4811 1163 4866 verbum.
1193 4813 1240 4862 Is
1259 4817 1458 4865 autem
1494 4811 1878 4878 :Nemimem,
1906 4813 2115 4886 inquit,

466 4901 727 4964 laeseris,
761 4917 869 4955 nec
895 4915 1264 4971 quemquam
1288 4899 1805 4955 condemnaveris.
1839 4903 1987 4958 Haec
2015 4905 2119 4959 ob-

469 5007 641 5047 serva
680 4998 734 5045 et
775 4990 1120 5044 salvaberis.

537 5085 625 5137 29.
663 5079 952 5134 Macarius
978 5078 1168 5132 abbas
1207 5077 1351 5132 dixit
1389 5093 1400 5130 :
1436 5078 1562 5134 Noli
1592 5077 1854 5136 dormire
1881 5082 1939 5137 in
1969 5083 2116 5140 cella

471 5169 697 5238 fratris,
725 5184 903 5240 quem
949 5165 1106 5221 mala
1135 5165 1296 5221 fama
1336 5166 1519 5238 petiit.

2253 2055 2452 2118 ἀληθῶς
2509 2059 2534 2109 6
2582 2061 2760 2131 κύριος
2826 2059 2970 2129 ἡμῶν
3035 2058 3281 2120 πλούσιός
3340 2058 3453 2112 ἐστι
3524 2065 3613 2113 xui
3668 2059 3858 2132 ἀγαπᾷ

3437 2164 3449 2178 ’
3490 2151 3516 2201 6
3558 2145 3616 2202 δι
3660 2149 3856 2222 ἐχθρὸς

2251 2237 2396 2306 ἡμῶν
2423 2232 2661 2296 διάϐολος
2687 2242 2900 2306 πτωχός
2933 2235 3044 2288 ἐστι
3075 2242 3163 2290 καὶ
3212 2245 3358 2310 μισεῖ
3388 2239 3548 2310 ἡμᾶς,
3582 2245 3667 2291 xui
3715 2238 3856 2310 ἀγα-

2251 2147 2412 2218 ἠμᾶς,
2460 2157 2548 2199 xui
2607 2147 2666 2198 οὐ
2724 2146 2927 2218 θέλομεν
2968 2147 3127 2200 αὐτοῦ
3175 2147 3378 2201 ἀκοῦσα

2249 2332 2420 2394 πῶμεν
2450 2324 2609 2376 αὑτοῦ
2641 2329 2732 2382 τὴν
2762 2324 3108 2396 ἀκαθαρσίαν.

2324 2414 2416 2467 25.
2504 2413 2852 2483 ΙΙαρεκάλεσεν
2921 2413 3165 2476 ὁάϐϐᾶς
3233 2421 3434 2486 Ποιμήν
3503 2417 3654 2468 αὐτὸν
3720 2421 3858 2488 μετά

2249 2501 2443 2553 πολλῶν
2495 2499 2737 2574 δακρύων
2787 2502 2944 2571 λέγων
2981 2521 2992 2532 ·
3041 2505 3150 2556 εἰπέ
3196 2525 3287 2575 μοι
3323 2505 3470 2578 ῥῆμα
3517 2515 3627 2567 πώς
3659 2508 3849 2559 σωθῶ“

2248 2589 2542 2664 ἀποκριθεὶς
2601 2588 2659 2643 δὲ
2708 2593 2732 2642 6
2787 2597 2949 2665 γέρων
3001 2590 3134 2644 εἶπεν
3202 2595 3342 2664 αὐτῷ
3382 2610 3392 2622 ·
3457 2599 3515 2648 τὸ
3565 2601 3786 2669 πρᾶγμα
3825 2595 3851 2647 ὃ

2248 2680 2442 2743 ζητεῖς,
2474 2679 2670 2739 ἀπῆλθε
2698 2688 2784 2732 νῦν
2814 2680 2914 2734 ἀπὸ
2945 2690 3042 2734 τῶν
3073 2691 3350 2754 μοναχῶν,

2318 2771 2404 2824 26.
2459 2768 2722 2840 Παρέϐαλέ
2772 2789 2894 2822 ποτε
2952 2772 2977 2822 6
3035 2769 3195 2832 ἀϐϐᾶς
3253 2772 3521 2843 Μακάριος
3587 2781 3659 2843 τῷ
3713 2772 3857 2844 ἀϐϐᾀ

2245 2859 2506 2929 Ἀντωνίῳ
2537 2876 2548 2887 °
2597 2862 2686 2910 xui
2743 2857 2975 2920 λαλήσας
3025 2859 3164 2930 αὐτῷ
3228 2860 3545 2934 ὑπέστρεψεν
3605 2861 3670 2922 εἰς
3722 2869 3854 2921 Σκῆ-

2244 2968 2323 3000 τιν
2352 2965 2363 2978 ·
2408 2953 2498 3000 καὶ
2529 2944 2683 3006 ἦλθον
2732 2950 2781 3000 οἱ
2820 2953 3030 3022 πατέρες
3070 2948 3137 3010 εἰς
3183 2947 3475 3008 ἀπάντησιν
3508 2949 3668 3004 αὑτοῦ
3700 2970 3713 2982 ·
3760 2958 3855 3004 xui

3393 3041 3516 3110 ἔφην
3575 3047 3646 3109 τῷ
3714 3035 3854 3113 ἀϐΕᾷ

2247 3126 2523 3199 Ἀντωνίῳ,
2607 3129 2670 3187 ὡς
2736 3127 2829 3179 οῦκ
2893 3129 3080 3199 ἔχομεν
3135 3130 3436 3200 προσφορὰν
3469 3130 3516 3180 ἓν
3571 3137 3641 3199 τῷ
3698 3134 3848 3203 τόπῳ

2244 3216 2428 3287 ἡμῶν·
2479 3221 2565 3268 καὶ
2599 3215 2820 3290 ἤρξαντο
2887 3218 2936 3267 οἱ
2991 3220 3202 3290 πατέρες
3255 3215 3423 3270 λαλεῖν
3482 3221 3602 3288 περὶ
3655 3217 3846 3288 ἄλλων,

2247 3309 2336 3357 xui
2382 3304 2476 3357 οὐκ
2526 3304 2806 3376 ἠρώτησαν
2856 3306 2931 3358 ἔτι
2978 3307 3161 3376 μαθεῖν
3211 3309 3304 3363 τὴν
3363 3303 3645 3380 ἀπόκρισιν
3698 3308 3850 3378 ποιρά

2241 3400 2334 3445 τοῦ
2384 3398 2638 3467 γέροντος,
2704 3395 2819 3446 οὔτε
2860 3395 2884 3446 6
2923 3399 3085 3468 γέρων
3140 3393 3317 3457 αὐτοῖς
3367 3391 3474 3447 εἰπε
3508 3411 3520 3424 °
3550 3401 3702 3448 τοῦτο
3752 3391 3845 3449 οὖν

2238 3482 2377 3553 ἔλεγέ
2423 3503 2505 3544 τις
2564 3491 2663 3534 τῶν
2710 3487 2964 3554 πατέρων,
3025 3485 3104 3536 ὅτι
3153 3483 3239 3536 ἐὰν
3299 3479 3491 3536 ἴδωσιν
3539 3487 3587 3537 οἰ
3625 3489 3846 3555 πατέρες

2238 3574 2316 3623 ὅτι
2364 3571 2600 3625 λανθάνει
2651 3576 2775 3635 τοῦς
2833 3570 3084 3644 ἀδελφοὺς
3357 3576 3415 3626 τὸ
3468 3576 3514 3608 ³⁵
3575 3575 3844 3648 ἐρωτῆσαι

2236 3666 2355 3734 περὶ
2431 3664 2733 3733 πράγματος
2803 3661 3113 3733 ὠφελοῦντος
3170 3664 3378 3727 αὐτούς,
3450 3661 3842 3733 ἀναγκάζουσιν

2237 3750 2450 3811 ἑαυτοὺς
2479 3751 2635 3802 εἰπεῖν
2662 3749 2838 3826 ἀρχὴν
2881 3759 2972 3802 τοῦ
3007 3751 3160 3822 λόγου
3197 3769 3207 3781 ⁸
3260 3753 3344 3804 ἰὰν
3392 3749 3449 3805 δὲ
3491 3757 3561 3823 μὴ
3615 3751 3842 3824 ἀναγκα-

2239 3841 2406 3893 σθῶσι
2436 3843 2577 3913 παρά
2607 3849 2702 3892 τῶν
2745 3836 2998 3911 ἀδελφῶν,
3038 3841 3132 3892 οὐκ
3168 3843 3243 3892 ἔτι
3273 3840 3488 3893 λαλοῦσι
3522 3845 3606 3893 τόν
3635 3841 3789 3912 λόγον
3825 3859 3836 3873 ·

2238 3930 2321 3982 ἵνα
2365 3933 2436 4002 μὴ
2486 3931 2765 4002 εὑρεθῶσιν
2816 3931 2885 3990 ὡς
2932 3934 3002 4001 μὴ
3057 3932 3437 4003 ἐπερωτώμενοι
3489 3935 3582 3982 καὶ
3627 3930 3843 3983 λαλοῦν-

2234 4039 2337 4087 τες,
2368 4023 2458 4072 καὶ
2488 4021 2552 4080 ὡς
2591 4019 2874 4092 ἀρφολογία
2906 4020 3220 4091 εὑρίσκεται.

2305 4109 2393 4161 27.
2467 4108 2764 4180 Ἠρώτησεν
2824 4110 2849 4160 6
2902 4107 3060 4169 ἀϐϐᾶς
3131 4108 3351 4170 Ἠσαῖας
3411 4109 3438 4159 6
3516 4107 3677 4160 ἀϐϐᾶν
3725 4109 3840 4164 Μα-

2233 4199 2412 4267 κάριον
2461 4196 2618 4267 λέγων
2647 4214 2659 4227 ⁸
2717 4197 2825 4250 εἰπέ
2863 4217 2952 4269 μοι
2998 4198 3144 4272 ῥῆμα
3177 4219 3190 4231 ο
3215 4202 3301 4249 xui
3343 4197 3480 4269 λέγει
3520 4197 3709 4268 αὐτῷὸ
3749 4202 3838 4268 γέ-

2232 4303 2334 4357 ρων
2376 4301 2388 4314 ·
2426 4293 2578 4356 φεῦγε
2635 4288 2758 4346 τοὺς
2811 4284 3155 4358 ἀνθρώπους’
3191 4286 3329 4357 ἔλεγε
3382 4285 3523 4357 αὐτῷ
3576 4287 3602 4338 6
3669 4284 3840 4350 ἀϐϐἁς

2233 4374 2457 4435 Ἠσαίας
2498 4393 2510 4406 ο
2559 4378 2610 4426 τί
2666 4373 2778 4426 ἐστι
2826 4378 2881 4427 τὸ
2915 4378 3112 4447 φεύγειν
3168 4379 3284 4437 τοῦς
3338 4374 3632 4450 ἀνθρώπους
3662 4391 3675 4443 ;
3707 4376 3733 4426 6
3777 4371 3842 4428 δι

2229 4466 2391 4537 γέρων
2437 4460 2571 4515 εἶπεν
2603 4463 2743 4534 αὐτῷ
2784 4481 2795 4493 ·
2825 4467 2883 4517 τὸ
2914 4467 3133 4517 καθίσαι
3165 4465 3234 4527 εἰς
3276 4467 3333 4517 τὸ
3369 4465 3565 4518 κελλίον
3597 4484 3711 4530 σον,
3745 4468 3842 4517 καὶ

2230 4549 2459 4602 κλαῦσαι
2485 4554 2572 4613 τὰς
2598 4551 2857 4626 ἁμαρτίας
2901 4573 2993 4606 σου

2300 4640 2393 4695 28.
2452 4639 2658 4712 Ἔλεγεν
2715 4642 2740 4692 6
2791 4639 2951 4702 ἀϐϐᾶς
3002 4645 3316 4714 Παφνοῦτιος
3367 4643 3392 4694 6
3446 4644 3689 4713 μαθητὴς
3738 4650 3839 4695 τοῦ

2231 4728 2367 4781 ἀϐϐᾶ
2423 4735 2718 4805 Μακαρίου,
2775 4733 2853 4783 ὅτι
2904 4731 3233 4804 παρεκάλεσα
3298 4735 3384 4784 τὸν
3456 4737 3656 4804 πατέρα
3703 4751 3836 4803 μου,

2482 4819 2589 4872 εἰπέ
2637 4839 2726 4890 μοι
2755 4819 2907 4891 λόγον
2940 4839 2951 4849 ·
2987 4823 3012 4872 6
3053 4817 3111 4873 δὲ
3151 4823 3242 4892 ἔφη
3293 4838 3305 4849 ·
3348 4826 3419 4892 μὴ
3473 4825 3841 4894 κακοποιήσῃς

3132 4919 3298 4962 ταῦτα
3341 4916 3487 4983 τήρει
3526 4915 3614 4962 καὶ
3657 4913 3834 4983 σώζῃ.

2229 4818 2384 4890 λέγων
2419 4839 2430 4850 ·

2230 4909 2362 4972 τινά,
2401 4905 2540 4980 μηδὲ
2570 4913 2882 4983 κατακρίνῃς
2921 4912 3035 4961 τινά
3068 4929 3079 4940 ’

2299 5085 2386 5140 ‘29.
2440 5084 2591 5140 Εἶπεν
2638 5087 2664 5138 6
2719 5085 2880 5152 ἀϐϐᾶς
2939 5089 3211 5162 Μακάριος
3256 5107 3268 5119 ·
3325 5108 3395 5159 μη
3455 5089 3713 5160 κοιμηθῇς
3761 5089 3844 5151 εἰς

2228 5174 2422 5226 κελλίον
2451 5172 2672 5248 ἀδελφοῦ
2705 5178 2919 5247 ἔχοντος
2947 5181 3114 5234 κακήν
3147 5181 3343 5249 φήμην.

1804 5287 2057 5343 νΑΗιΑΕ
2091 5288 2487 5347 LECTlONES.

539 5383 588 5419 ³⁸
619 5381 706 5437 Al.
734 5389 837 5453 τῷ.

2017 5477 2267 5533 NOTAE.

539 5570 622 5642 (a)
675 5569 755 5626 Cf.
800 5569 936 5644 Hist.
979 5570 1155 5644 Laus.
1203 5537 1452 5640 antiqua
1502 5569 1692 5627 versio
1738 5586 1869 5644 cap.
1905 5576 1962 5632 9.
2001 5575 2109 5629 VV.

464 5643 567 5699 PP.
601 5643 792 5698 Rosw.
819 5656 878 5714 p.
910 5643 1031 5707 990,
1064 5643 1116 5694 2.

2293 5573 2371 5647 (ὁ)
2405 5573 2488 5631 Cf.
2517 5575 2624 5630 VV.
2659 5577 2758 5630 PP.
2791 5577 2984 5633 Rosw.
3017 5576 3118 5632 lib.
3151 5576 3218 5632 lll
3248 5591 3381 5644 cap.
3413 5576 3534 5632 189.
