4088 6192
232 258 318 314 353
1550 249 2193 307 APOPHTHEGMATA.

284 383 371 440 30.
423 378 709 452 Παρέεαλόν
764 396 887 430 ποτε
932 383 1004 447 τῷ
1071 375 1208 449 ἁϐϐᾁ
1258 380 1512 451 Μακαρίῳ
1571 374 1783 449 ἀδελφοὶ
1814 377 1861 432 Α

228 472 286 533 εἰς
521 475 719 529 Σκῆτιν,
752 472 841 519 καὶ
880 466 986 538 οὐχ
1016 465 1159 541 εὗρον
1199 468 1248 518 ἂν
1294 474 1368 537 τῷ
1408 465 1587 535 κελλίῳ
1620 466 1780 518 αὑτοῦ

227 558 377 625 οὐδεν,
400 560 535 629 εἰμὴ
570 554 708 630 ὕδωρ
758 562 979 629 σαπρὸν,
1021 562 1110 608 καὶ
1136 555 1376 626 λέγουσιν
1408 556 1548 627 αύτῷ
1576 575 1590 588 ο
1626 554 1780 621 ἀϐϐᾱ,

227 647 363 720 δεῦρο
406 650 507 700 ἀνω
537 648 605 708 εἰς
650 652 743 704 τὴν
770 652 974 717 κώμην,
1015 651 1105 697 καὶ
1148 644 1477 717 ἁναπαύομέν
1510 664 1567 697 σε
1598 666 1610 679 ·
1650 644 1784 716 λέγει

224 742 380 801 αὐτοῖς
408 740 434 790 6
460 741 617 809 γέρων
643 758 654 769 ·
696 732 899 799 οῖδατε,
950 732 1184 807 ἀδελφοὶ,
1234 738 1293 787 τὸ
1331 733 1663 807 ἁρτοκοπείον
1694 742 1784 787 τοῦ

224 825 369 888 δεῖνος
397 827 465 889 εἰς
503 831 594 885 τήν
623 832 805 897 κώμην
837 841 849 890 ;
883 832 973 877 καὶ
1010 825 1252 896 λέγουσιν
1291 824 1430 894 αὐτῷ
1460 841 1473 854 ·
1503 829 1587 876 ναί
1613 846 1623 857 ·
1649 824 1785 895 λέγει

223 917 375 977 αὐτοῖς
402 920 426 968 6
452 922 613 988 γέρων
638 933 651 944 ⁸
701 915 847 988 κάγὼ
878 911 1002 967 οἶδα
1030 918 1157 966 αύτό
1191 931 1201 943 ·
1227 911 1407 966 οἴδατε
1452 918 1541 966 καὶ
1588 918 1645 965 τὸ
1676 934 1786 985 χω·-

220 1010 316 1078 ρίον
360 1013 446 1058 τοῦ
504 1002 669 1066 δεῖνος
720 1005 848 1057 ὅπου
918 1004 942 1056 6
996 1006 1229 1075 ποταμὸς
1282 1004 1493 1075 κρούει;
1546 1002 1784 1073 λέγουσιν

221 1095 340 1165 αὐτῷ
367 1112 377 1124 ⁸
416 1098 498 1147 ναὶ
532 1110 544 1123 ·
568 1094 704 1166 λέγει
742 1093 921 1154 αὐτοῖς
950 1094 975 1144 6
1012 1096 1174 1165 γέρων
1207 1109 1219 1122 ’
1267 1091 1413 1163 κάγὼ
1454 1088 1578 1144 οἶδα
1624 1091 1779 1143 αὐτὸ·

221 1187 289 1236 ὅτε
337 1180 417 1236 οὖν
474 1183 621 1249 θέλω,
693 1183 753 1236 ού
802 1187 987 1258 χρείαν
1041 1183 1182 1253 ὑμῶν
1239 1184 1367 1253 ἔχω,
1421 1180 1526 1232 ἀλλ’
1580 1179 1785 1254 ἔμαυτῷ

221 1272 435 1333 ἁναϐάζω
464 1274 531 1327 ³⁸.

277 1363 354 1416 31.
384 1361 585 1432 Ἔλεγον
615 1367 738 1436 περὶ
782 1368 873 1413 τοῦ
912 1359 1049 1413 ἀϐϐᾶ
1093 1365 1388 1431 Μακαρίου,
1421 1360 1501 1411 ὅτι
1546 1359 1590 1411 εἰ
1628 1378 1787 1431 προσ-

221 1456 391 1527 έρχετο
435 1451 577 1521 αύτῷ
632 1447 855 1523 ἀδελφὸς
902 1452 965 1511 ὡς
1020 1449 1153 1521 ἁγίῳ
1200 1452 1399 1521 γέροντι
1446 1453 1536 1501 καὶ
1578 1448 1786 1519 μεγάλῳ

217 1542 328 1611 μετὰ
372 1539 547 1613 φόέου,
601 1536 756 1592 οὐδὲν
803 1537 965 1591 ἐλάλει
1012 1538 1191 1608 αύτῷ·
1246 1537 1289 1590 εἰ
1331 1534 1388 1589 δὲ
1441 1537 1603 1607 ἔλεγεν
1645 1537 1784 1607 αὐτῷ

218 1648 282 1691 τις
332 1638 422 1681 τῶν
463 1625 703 1701 ἀδελφῶν
752 1631 821 1691 ὡς
873 1626 1145 1691 ἕξουθενών
1203 1626 1358 1679 αὐτὸν
1388 1645 1400 1659 '
1459 1625 1613 1689 ὰϐϐἀ,
1682 1628 1786 1699 ἄρα

3455 265 3558 321 254

1968 381 2055 433 30.
2109 377 2195 433 Ad
2248 377 2571 434 Macarium
2611 380 2894 439 abbatem
2934 384 2994 440 in
3050 388 3212 444 Scete
3242 390 3553 462 quondam

1896 475 2277 523 accesserunt
2313 466 2543 534 fratres,
2580 486 2686 525 nec
2734 473 3068 545 quidquam
3103 477 3455 537 invenerunt
3494 481 3556 538 in

1894 556 2041 612 cella
2072 556 2199 627 ejus
2220 557 2331 611 nisi
2371 573 2594 629 aquam
2633 561 2949 630 putridam.
2982 564 3183 637 itaque
3236 568 3325 623 ei:
3358 570 3552 637 Abba,

1892 644 2189 716 inquiunt,
2224 650 2480 702 ascende
2512 648 2568 701 in
2604 665 2640 719 p
2689 665 2852 717 gum,
2881 654 3289 713 etreticiemus
3314 665 3384 713 te.
3414 660 3556 726 Qui-

1892 734 2007 790 bus
2069 751 2251 790 senex
2296 737 2643 808 respondit:
2700 740 2913 807 Nostis,
2962 742 3189 811 fratres,
3237 748 3554 818 pistrinum

1894 822 2053 879 illius
2094 824 2355 879 hominis
2408 824 2467 878 in
2510 842 2664 895 pago
2722 826 2987 883 ?l)icuut
3036 849 3049 886 :
3100 836 3297 890 Etiam.
3332 836 3557 893 Deinde

1895 929 2075 967 senex
2103 932 2115 967 ι
2146 916 2262 982 Ego
2293 930 2536 985 quoque
2570 916 2727 969 novi.
2748 918 2943 971 Nostis
2974 924 3030 974 et
3062 923 3376 991 praedium
3401 926 3556 983 illius

1893 1002 2177 1063 hominis,
2230 1003 2329 1056 ubi
2362 1002 2578 1056 tluvius
2622 1005 2757 1060 salit
2786 1004 2814 1060 τ
2855 1007 3072 1063 Aiunt:
3110 1011 3417 1069 Novimus.
3446 1015 3556 1071 Se-

1896 1106 2011 1146 nex
2044 1106 2056 1142 :
2095 1093 2153 1145 Et
2179 1107 2311 1159 ego,
2347 1090 2559 1163 inquit,
2594 1092 2752 1148 novi.
2819 1095 3072 1158 Quando
3112 1099 3290 1169 igitur
3338 1102 3554 1173 placet,

1897 1180 2067 1235 vobis
2096 1180 2236 1235 mibi
2269 1196 2421 1252 opus
2455 1197 2573 1235 non
2623 1188 2729 1248 est,
2782 1186 2886 1240 sed
2922 1185 3052 1257 ipse
3106 1188 3250 1245 mihi
3280 1191 3559 1263 adporto.

1968 1358 2053 1409 31.
2084 1355 2334 1410 Aiebant
2364 1356 2437 1411 de
2464 1357 2717 1413 Macario
2754 1358 2994 1425 abbate.
3017 1364 3204 1434 quod,
3234 1364 3282 1419 si
3312 1366 3388 1421 ad
3420 1383 3560 1424 eum

1896 1444 2203 1499 accederet
2230 1442 2409 1499 frater
2435 1461 2573 1501 cum
2616 1448 2839 1511 timore,
2877 1458 3161 1521 tanquam
3182 1452 3259 1509 ad
3282 1461 3560 1512 sanctum

1896 1538 1951 1587 et
2010 1548 2296 1601 magnum
2358 1549 2583 1600 senem,
2616 1536 2762 1590 nihil
2811 1537 2860 1591 ei
2904 1539 3289 1610 loquebatur.
3332 1544 3387 1599 Si
3419 1560 3560 1601 vero

1894 1620 2142 1676 fratrum
2184 1621 2483 1694 quispiam
2515 1630 2807 1695 tanquam
2850 1628 2991 1681 nihil
3047 1646 3184 1685 eum
3217 1632 3442 1687 faciens
3470 1634 3564 1690 di-

219 1719 320 1769 ἇταν
368 1714 426 1778 ἧς
471 1717 771 1790 καμηλίτης
802 1723 891 1769 καὶ⁵
943 1716 1175 1778 ἔκλεπτες
1221 1721 1390 1788 νίτρον
1442 1721 1532 1768 καὶ
1582 1714 1785 1776 ἐπώλεις

1899 1717 2051 1765 ceret
2077 1712 2127 1765 ei
2161 1728 2173 1765 :
2209 1712 2401 1776 Abba,
2432 1712 2682 1783 quando
2706 1730 2837 1769 eras
2863 1720 3224 1773 camelarius
3256 1726 3308 1775 te
3337 1722 3561 1780 nitrum

220 1806 340 1870 αὐτὸ,
379 1806 468 1859 οὐκ
496 1805 677 1881 ἔδερόν
710 1825 769 1859 σε
805 1808 855 1859 οἱ
878 1810 1101 1879 reprimi
1131 1807 1169 1839 ³⁸³
1199 1823 1216 1877 ;
1247 1805 1290 1858 εἰ
1319 1806 1485 1857 ταῦτά
1514 1824 1586 1865 τις
1621 1805 1785 1876 ἔλεγεν

218 1896 357 1966 αὐτῷ,
392 1896 552 1950 ἐλάλει
580 1896 730 1967 αύτῷ
757 1898 889 1968 μετὰ
914 1900 1105 1969 χαρᾶς,
1135 1897 1179 1947 εἶ
1205 1914 1255 1947 τι
1284 1894 1440 1948 αὐτὸν
1466 1895 1644 1968 ἠρώτα
1680 1895 1783 1965 (α).

275 2164 358 2221 32.
410 2163 619 2236 Ἐλεγον
671 2183 789 2237 περι
842 2171 932 2217 τοῦ
976 2162 1113 2216 ἁϐϐᾱ
1161 2167 1439 2237 Μακαρίου
1488 2170 1580 2215 τοῦ
1627 2163 1787 2235 μεγά-

217 2252 311 2318 λου,
354 2255 430 2307 ὅτι
457 2257 661 2325 γέγονε,
695 2256 869 2315 καθώς
899 2252 1012 2306 ἔστι
1050 2258 1425 2327 γεγραμμένον,
1461 2254 1567 2313 θεὸς

221 2340 410 2412 ἐπίγειος
440 2342 526 2411 (b)
558 2360 571 2372 '
631 2344 716 2395 ὅτι
746 2344 918 2415 ὥσπερ
966 2341 1107 2395 ἐστὶν
1147 2344 1172 2394 ὁ
1215 2346 1345 2403 Θεὸς
1398 2341 1671 2401 σκεπάζων
1702 2346 1787 2392 τὸν

220 2435 406 2502 κόσμον,
456 2430 625 2492 οὕτως
680 2436 882 2502 γέγονεν
931 2430 956 2481 6
998 2428 1160 2493 ἀϐϐᾶς
1210 2431 1477 2503 Μακάριος
1518 2430 1790 2489 σκεπάζων

223 2522 276 2570 τὰ
323 2519 687 2592 ἱλαττώματα,
736 2519 771 2570 ἂ
825 2518 1025 2571 ἔϐλεπεν
1075 2521 1143 2581 ὡς
1200 2523 1271 2591 μὴ
1328 2518 1555 2591 βλέπων,
1610 2524 1699 2571 καὶ
1756 2517 1791 2568 ἃ

222 2611 376 2665 ἤκουεν
404 2612 472 2671 ὡς
493 2615 567 2683 μὴ
592 2608 803 2661 ἀκούων

273 2698 353 2755 33.
380 2705 689 2770 Διηγήσατο
732 2700 756 2750 6
782 2696 945 2760 ἀϐϐᾶς
973 2702 1180 2768 Βιτίμιο
1193 2718 1232 2764 ς,
1264 2698 1344 2749 ὅτι
1374 2696 1537 2767 ἔλεγεν
1560 2697 1585 2748 6
1632 2694 1789 2758 ἀϐϐᾶς

216 2786 490 2861 Μακάριος·
542 2790 846 2859 καθημένου
894 2791 993 2856 μού
1033 2806 1152 2840 ποτε
1194 2786 1267 2847 εἰς
1318 2793 1528 2851 Σκῆτιν,
1570 2784 1787 2844 κατέϐηο

220 2893 297 2927 σαν
339 2873 430 2929 δύο
482 2883 729 2950 νεώτεροι
788 2876 975 2938 ξενικοὶ
1023 2874 1129 2927 ἐκεῖ
1160 2889 1173 2903 ⁸
1230 2879 1320 2927 καὶ
1358 2876 1383 2926 ὁ
1424 2877 1513 2946 μεν
1559 2874 1630 2935 εἷς
1674 2872 1787 2945 εἶχε

214 2968 444 3034 γένειον,ὁ
481 2962 541 3019 δε
579 2965 742 3027 ἄλλος
771 2963 945 3040 ἀρχὴν
986 2962 1188 3036 βάλλων
1226 2967 1422 3035 γενείου
1454 2980 1467 2993 °
1494 2968 1585 3015 καὶ
1630 2959 1784 3021 ἦλθον

215 3058 320 3125 πρὸς
352 3073 411 3127 με
451 3055 686 3127 λέγοντες
725 3068 738 3083 ⁶
788 3062 887 3106 ποῦ
942 3056 1083 3107 ἑστιν
1123 3054 1151 3111 ἡ
1195 3052 1346 3105 κίλλα
1384 3060 1475 3104 τοῦ
1507 3050 1645 3104 ἁϐϐᾶ
1676 3059 1785 3105 Μα-
1819 3085 1858 3140 C

214 3147 371 3216 καρίου
398 3162 410 3208 ;
441 3144 588 3216 κάγὼ
638 3139 779 3196 εἶπον
814 3160 825 3173 ·
862 3148 913 3195 τί
954 3142 1113 3195 θελετε
1138 3142 1291 3194 αὐτόν
1324 3158 1338 3209 ;
1380 3146 1470 3194 καὶ
1498 3141 1736 3214 λέγουσιν
1765 3159 1778 3174 ·

215 3228 449 3295 ἀκούοντες
502 3236 573 3287 τὰ
614 3236 739 3305 περὶ
787 3231 948 3284 αὐτοῦ
1002 3236 1089 3284 καὶ
1136 3240 1230 3293 τῆς
1280 3235 1509 3293 Σκήτεως
1563 3230 1781 3303 ἡλθομεν

215 3316 319 3372 ἰδεῖν
347 3322 494 3376 αὐτόν
527 3340 541 3354 ’
570 3322 709 3394 λέγω
743 3322 922 3383 αὐτοῖς
948 3337 961 3351 ⁸
996 3320 1096 3391 ἐγώ
1145 3320 1250 3391 εἰμι
1291 3337 1304 3349 ·
1361 3326 1451 3373 καὶ
1490 3318 1666 3373 ἔϐαλον
1696 3340 1781 3392 με·

213 3410 407 3479 τάνοιαν,
436 3412 678 3483 λέγοντες
706 3428 719 3440 ⁸
774 3407 880 3463 ὧδε
912 3410 1118 3481 θελομεν
1164 3416 1357 3482 μεῖναι.
1410 3408 1509 3481 ἐγὼ
1562 3406 1619 3461 δε
1664 3407 1780 3480 βλέ-

213 3515 299 3548 πων
347 3500 523 3562 αὖτοὺς
578 3502 869 3574 τρυφερούς
925 3503 1015 3550 καὶ
1068 3500 1131 3558 ὡς
1190 3500 1290 3550 άπὸ
1344 3497 1591 3562 πλούτου,
1650 3496 1779 3569 λέγω

213 3584 355 3651 αὐτοῖς
385 3608 397 3622 ⁸
429 3589 485 3643 ού
536 3586 777 3642 δύνασθε
824 3589 1040 3640 καθίσαι
1079 3582 1183 3639 ὦδε
1210 3604 1221 3615 ⁸
1252 3590 1340 3638 καὶ
1375 3585 1510 3658 λέγει
1549 3587 1574 3637 6
1605 3586 1777 3657 μειζό-

213 3694 329 3750 τερος
356 3695 367 3708 ’
416 3677 497 3732 ἐὰν
526 3684 601 3752 μὴ
652 3674 927 3749 δυνώμεθα
963 3678 1183 3728 καθίσαι
1227 3672 1350 3739 ὧδε,
1400 3676 1661 3747 ὑπάγομεν
1694 3674 1779 3727 ἀλ-

210 3763 354 3837 λαχοῦ
384 3784 397 3798 ο
434 3768 566 3840 λέγω
772 3774 844 3837 τῷ
887 3765 1125 3838 λογισμῷ
1169 3784 1271 3837 μου
1306 3782 1319 3793 ·
1364 3760 1457 3816 διὰ
1504 3768 1554 3816 τί
1601 3761 1778 3817 διώκω

212 3855 367 3917 αὐτούς
401 3863 487 3910 καὶ
537 3853 988 3917 σκανδαλίζονται
1020 3855 1085 3922 ;ὀ
1116 3861 1278 3917 κοπος
1319 3860 1457 3907 ποιεῖ
1487 3853 1675 3913 αὐτούς
1707 3850 1777 3906 δι’

414 3947 611 4000 ἑαυτῶν
683 3952 859 4018 φυγεῖν
896 3962 909 3975 ’
970 3948 1060 3996 καὶ
1127 3942 1261 4015 λέγω
1319 3942 1493 4004 αὐτοῖς
1530 3957 1544 3970 ’
1606 3940 1775 4008 δεῦτε,

210 4040 431 4092 ποιήσατε
481 4037 694 4095 ἑαυτοῖς
739 4034 935 4088 κελλίον
981 4033 1024 4085 εἰ
1073 4028 1301 4084 δύνασθε
1336 4046 1349 4054 ‘
1387 4037 1476 4084 καὶ
1526 4030 1774 4102 λέγουσι’

215 4115 354 4184 δεῖξον
406 4126 529 4198 ἡμῖν
586 4129 769 4190 τόπον,
826 4128 917 4175 καὶ
955 4129 1201 4194 ποιοῦμεν
1230 4138 1242 4151 ⁸
1286 4116 1448 4173 ἔδωκε
1493 4116 1552 4173 δε
1610 4120 1779 4182 αὐτοῖς

212 4211 233 4260 ὁ
268 4217 412 4287 γέρων
449 4214 666 4268 πέλεκυν
695 4214 737 4254 ³⁸
785 4218 873 4266 καὶ
925 4207 1170 4264 ἀναϐολίδ
1178 4232 1220 4262 ιν
1248 4212 1291 4267 ’3’
1336 4215 1525 4283 μεστόν
1560 4208 1779 4283 ψωμίων

212 4305 285 4353 καὶ
308 4302 424 4365 ἅλας
450 4320 462 4332 ·
496 4300 664 4367 ἔδειξε
690 4299 750 4356 δὲ
794 4302 971 4364 αὐτοῖς
1001 4303 1027 4354 6
1065 4305 1227 4375 γέρων
1265 4305 1353 4352 καὶ
1384 4304 1573 4372 πέτραν
1615 4299 1777 4359 σκλη-

214 4391 289 4461 ρὰν
320 4390 466 4463 λέγων
493 4410 508 4424 '
552 4393 888 4465 λατομήσατε
930 4387 1054 4456 ὧδε,
1094 4396 1185 4442 καὶ
1226 4394 1398 4464 φέρετε
1445 4389 1618 4450 αὐτοῖς
1654 4388 1780 4452 ξύλα

216 4479 257 4528 εκ
304 4489 385 4533 τοῦ
437 4482 601 4552 ἕλους,
661 4486 753 4534 καὶ
812 4482 1158 4552 στεγάσαντες
1214 4480 1503 4532 καθίσατε⁶
1547 4478 1778 4552 ἐνόμιζον

217 4562 263 4619 δί
287 4571 392 4639 ἐγώ,
421 4578 598 4643 φησίν,
632 4572 712 4624 ὅτι
732 4570 979 4643 μελλουσι
1004 4567 1098 4623 διὰ
1122 4573 1207 4621 τὸν
1236 4574 1395 4620 κόπον
1411 4566 1701 4643 ἀναχωρεῖν
1715 4573 1777 4625 ³ο.

218 4654 462 4727 ἠρώτησαν
511 4658 571 4714 δέ
623 4680 704 4732 με,
754 4664 806 4712 τί
836 4662 1161 4733 ἐργάζωνται
1207 4655 1347 4710 ὦδεο
1377 4657 1508 4728 λέγω
1557 4658 1730 4720 αὐτοῖς
1762 4673 1776 4688 ⁵

217 4749 292 4804 τήν
335 4752 499 4823 σειράν
532 4768 545 4779 ·
600 4755 691 4802 καὶ
746 4748 990 4821 λαμϐάνω
1048 4747 1181 4820 βαΐα
1235 4746 1288 4798 ἐκ
1336 4754 1428 4799 τοῦ
1485 4746 1643 4815 ἕλους,
1692 4752 1780 4799 καὶ

218 4829 408 4890 δεικνύω
452 4840 631 4902 αὐτοῖς
676 4843 769 4897 τὴν
819 4840 995 4913 ἀρχὴν
1042 4845 1132 4897 τῆς
1184 4842 1380 4909 σειρᾶς,
1413 4840 1504 4887 καὶ
1548 4844 1651 4896 πῶς
1690 4837 1781 4910 ῥά-

218 4940 335 4977 πτειν
382 4924 479 4995 δεῖ,
536 4934 627 4981 καὶ
684 4926 823 4981 εἶπον
853 4944 871 4961 ο
926 4934 1119 4979 ποιεῖτε
1168 4921 1451 4998 σπυρίδας,
1511 4930 1599 4978 καὶ
1651 4944 1781 4998 παρ-

217 5015 340 5083 έχετε
383 5024 481 5078 τοῖς
524 5017 731 5091 φύλαξι,
764 5022 853 5070 καὶ
884 5020 1124 5090 φέρουσιν
1168 5015 1289 5086 ύμῖν
1329 5013 1511 5086 ψωμία
1542 5030 1554 5042 °
1604 5013 1780 5066 λοιπὸν

219 5096 290 5153 οὖν
323 5102 413 5176 ἰγώ
459 5106 775 5183 ἀνεχώρησα
802 5126 815 5139 ·
854 5105 1005 5159 αὐτοὶ
1046 5101 1104 5158 δε
1152 5102 1264 5177 μεθ’
1297 5104 1563 5176 ὑπομονῆς
1610 5105 1780 5156 πάντα

1895 1798 2191 1855 furabaris
2238 1817 2307 1855 ac
2338 1802 2662 1866 vendebas,
2700 1818 2899 1859 nonne
2938 1807 3333 1865 verberabant
3364 1816 3416 1866 et
3459 1827 3560 1868 cu-

1896 1890 2096 1946 stodes
2125 1889 2155 1941 ‘I
2194 1889 2255 1943 Si
2292 1890 2435 1945 talia
2485 1893 2619 1962 quis
2667 1900 2819 1948 esset
2857 1895 2905 1949 ei
2946 1894 3201 1963 locutus,
3243 1898 3380 1954 huic
3419 1915 3561 1958 cum

1894 1977 2133 2051 gaudio,
2184 1978 2232 2033 si
2279 1979 2423 2049 quid
2481 1995 2619 2036 eum
2681 1983 3123 2054 interrogasset,
3198 2002 3557 2059 responsum

1892 2066 2097 2125 dabat.

1968 2162 2056 2212 32.
2100 2157 2175 2210 De
2209 2157 2459 2213 Macario
2489 2174 2709 2229 magno
2749 2160 2967 2217 abbate
2995 2163 3362 2230 asserebant,
3391 2164 3560 2237 quod

1898 2247 2193 2310 exstiterit,
2227 2247 2376 2302 sicut
2401 2249 2679 2319 scriptum
2710 2257 2816 2315 est,
2870 2251 3018 2306 deus
3059 2253 3375 2320 terrestris,
3411 2255 3554 2326 quia

1899 2334 2417 2407 quemadmodum
2460 2340 2610 2392 Deus
2645 2340 2937 2395 mundum
2972 2342 3129 2410 tegit,
3155 2343 3234 2398 ita
3269 2345 3556 2400 Macarius

1900 2423 2086 2477 abbas
2138 2422 2351 2478 delicta
2388 2425 2728 2496 obtegebat,
2782 2444 2938 2500 quae
2974 2430 3197 2485 viderat
3228 2432 3401 2502 quasi
3433 2447 3555 2489 non

1899 2511 2339 2583 vidisset,quae
2379 2514 2649 2570 audierat
2681 2518 2855 2589 quasi
2904 2534 3023 2573 non
3063 2518 3410 2575 audivisset.

1970 2691 2058 2746 33.
2083 2691 2350 2747 Vitimius
2379 2692 2570 2748 abbas
2608 2694 2871 2749 narravit
2920 2696 3241 2754 Macarium
3274 2699 3560 2756 abbatem

1898 2778 1978 2836 ita
2014 2780 2333 2835 retulisse:
2399 2782 2650 2837 Sedente
2705 2800 2799 2837 me
2875 2784 3203 2857 aliquando
3256 2789 3316 2844 in
3384 2790 3559 2855 Sceti,

1897 2869 2033 2924 illuc
2063 2868 2501 2925 descenderunt
2540 2871 2661 2926 duo
2721 2874 2961 2929 iuvenes
3018 2878 3361 2947 peregrini;
3416 2894 3565 2951 quo-

1895 2973 2025 3012 rum
2059 2974 2210 3013 unus
2231 2959 2487 3014 barbam
2507 2961 2771 3028 gerebat.
2794 2960 2940 3016 alter
2965 2979 3099 3019 vero
3119 2965 3375 3035 primam
3396 2968 3567 3023 emit-

1896 3046 2054 3102 tebat
2086 3047 2453 3117 lanuginem.
2487 3047 2597 3113 Qui
2632 3054 2917 3105 venerunt
2980 3051 3056 3106 ad
3110 3070 3203 3108 me
3233 3060 3515 3124 rogantes
3544 3072 3561 3112 :

1896 3135 2000 3191 Ubi
2022 3142 2114 3191 est
2134 3136 2282 3191 cella
2307 3136 2539 3192 Macarii
2573 3136 2809 3194 abbatis
2840 3137 2869 3193 7
2898 3142 3017 3209 Ego
3050 3158 3062 3196 :
3099 3144 3248 3198 Num
3272 3144 3441 3215 quid,
3475 3143 3565 3201 in-

1892 3241 2098 3298 quam,
2132 3241 2269 3281 eum
2301 3225 2481 3281 vultis
2509 3225 2537 3281 ?
2560 3226 2739 3282 Aiunt
2774 3242 2789 3283 :
2828 3229 3045 3285 Audita
3075 3230 3201 3286 eius
3229 3248 3297 3287 ac
3328 3234 3563 3291 Sceteos

1892 3314 2361 3380 famavenimue,
2381 3316 2951 3375 utvideamuseum.
2974 3320 3111 3375 Dico
3142 3320 3239 3376 iis:
3269 3324 3389 3392 Ego
3404 3339 3559 3379 sum.

1893 3406 2188 3476 Factaque
2211 3404 2480 3475 corporis
2513 3404 2893 3461 inclinatione
2928 3422 2939 3462 :
2978 3408 3099 3477 Hic,
3126 3409 3427 3482 inquiunt,
3456 3427 3561 3467 cu-

1892 3492 2090 3565 pimus
2124 3508 2387 3549 manere.
2458 3496 2576 3564 Ego
2612 3509 2751 3549 vero
2802 3495 3010 3551 videns
3038 3514 3139 3553 eos
3186 3499 3472 3557 delicatos
3507 3504 3567 3557 et

1890 3581 2047 3637 velut
2072 3582 2131 3637 in
2146 3582 2361 3637 divitiis
2380 3581 2666 3638 educatos
2693 3582 2791 3639 aio
2825 3599 2837 3636 :
2874 3587 2999 3640 Non
3028 3589 3275 3658 potestis
3300 3589 3563 3647 residere

1887 3670 2004 3726 hic.
2040 3672 2217 3727 Maior
2248 3670 2571 3743 respondet
2600 3691 2611 3729 :
2638 3670 2693 3726 Si
2728 3688 2847 3727 non
2901 3690 3226 3744 possumus
3257 3694 3563 3735 remanete

1889 3760 2007 3828 hic,
2040 3760 2115 3816 ad
2132 3760 2315 3815 alium
2345 3776 2663 3831 pergamus
2685 3759 2904 3817 locum.
2933 3764 3081 3820 Tum
3105 3781 3236 3835 ego,
3259 3766 3422 3837 apud
3442 3783 3558 3823 me:

1892 3852 2025 3914 Cur,
2067 3850 2337 3922 inquam,
2373 3848 2527 3920 pello
2556 3865 2682 3915 eos,
2712 3857 2768 3905 et
2816 3851 3175 3909 scandalum
3206 3856 3503 3925 patientur
3534 3854 3564 3912 7

1892 3939 2095 3997 Labor
2123 3938 2355 4002 efﬁciet,
2405 3943 2466 3993 ut
2506 3944 2722 4009 sponte
2747 3939 2997 4009 fugiant.
3049 3943 3255 4013 Itaque
3286 3942 3424 3999 dico
3450 3943 3560 4000 iis:

1889 4028 2109 4098 Venite,
2144 4028 2463 4083 construite
2492 4027 2664 4083 vobis
2695 4028 2993 4095 cellulam,
3028 4031 3075 4086 si
3105 4031 3376 4103 potestis.
3417 4032 3505 4089 Illi
3540 4047 3558 4090 :

1890 4116 2145 4176 Ostende
2174 4116 2348 4173 nobis
2370 4116 2571 4173 locum
2604 4122 2659 4173 et
2691 4122 3130 4175 construemus.
3164 4119 3331 4177 Dedit
3357 4127 3560 4179 autem

1890 4206 1961 4262 iis
1988 4223 2168 4263 senex
2196 4206 2475 4271 securim,
2507 4222 2838 4279 peramque
2899 4207 3141 4280 plenam
3191 4210 3473 4281 panibus,
3506 4216 3564 4269 et

1890 4296 1996 4353 sal.
2040 4296 2427 4368 Ostenditque
2452 4303 2679 4367 petram
2710 4296 2927 4353 duram
2958 4314 3211 4355 monens
3248 4319 3261 4358 :
3301 4302 3558 4373 Lapides

1890 4387 1986 4443 hic
2019 4386 2280 4451 incidite,
2308 4393 2488 4457 atque
2529 4391 2761 4457 portate
2808 4387 2979 4443 vobis
3018 4387 3185 4457 ligna
3223 4406 3291 4445 ex
3319 4390 3562 4462 palude,

1890 4481 2161 4547 tectoque
2209 4474 2488 4546 imposito
2544 4475 2816 4530 residete.
2864 4476 3155 4533 Putabam
3187 4485 3407 4535 autem.
3468 4481 3562 4537 in-

1889 4565 2038 4637 quit.
2068 4581 2170 4620 eos
2199 4570 2440 4636 propter
2488 4564 2755 4620 laborem
2800 4581 3138 4621 recessuros
3182 4583 3334 4624 esse.
3381 4569 3561 4626 Porro

1891 4655 2185 4727 petierunt
2232 4670 2268 4709 a
2292 4669 2406 4715 me.
2439 4653 2586 4726 quid
2614 4669 2689 4709 oo
2718 4654 2831 4710 loci
2858 4656 3159 4725 cperaturi
3186 4665 3401 4713 essent.
3453 4661 3565 4715 Re-

1894 4742 2165 4816 spondeo
2196 4758 2207 4796 :
2247 4742 2500 4797 Plectam
2528 4742 3117 4816 facite.Sumptisque
3132 4744 3287 4800 foliis
3312 4745 3561 4816 palmat-

1890 4849 2023 4888 rum
2057 4848 2087 4887 e
2129 4830 2366 4902 palude,
2408 4831 2658 4888 ostendo
2712 4832 2781 4887 iis
2836 4833 3061 4903 plectae
3109 4834 3469 4906 principum,
3500 4840 3558 4893 et

1891 4922 2200 4994 quomodo
2238 4937 2527 4977 consuere
2558 4927 2848 4993 oporteat,
2881 4929 2936 4977 et
2967 4943 2981 4978 :
3028 4921 3241 4986 Facite,
3281 4924 3554 4996 inquam,

1891 5017 2148 5083 sportas,
2198 5027 2350 5083 quas
2383 5011 2625 5066 tradetis
2654 5011 3025 5078 custodibus,
3070 5012 3107 5067 ii
3140 5028 3278 5068 vero
3308 5012 3556 5074 afferent

1890 5102 2061 5157 vobis
2094 5116 2296 5173 panes.
2328 5099 2550 5156 Deinde
2567 5100 2855 5157 abscessi.
2873 5106 2943 5156 At
2960 5100 3044 5157 illi
3066 5102 3358 5173 patienter
3374 5119 3555 5177 quae-

1488 5202 1497 5212 ’
1544 5227 1807 5283 VARIAE
1848 5224 2210 5283 LECTlONE.

282 5351 322 5387 ³⁸
360 5355 446 5411 Sic
487 5372 599 5429 pro
636 5353 1008 5419 ἀναϐιϐάζω
1047 5367 1061 5383 ⁸
1143 5354 1189 5389 ³⁷
1217 5351 1304 5408 Αι.
1337 5356 1559 5427 κριταί
1591 5371 1603 5385 ⁸

1683 5353 1730 5387 ³³
1771 5351 1857 5407 Al.
1898 5350 2173 5405 τιέἰλυκα⁸

2250 5351 2296 5385 ²⁰
2329 5348 2415 5404 Al.
2445 5345 2871 5403 ἁναϐολίδιον
2900 5371 2911 5383 ·
2993 5354 3037 5389 ³ο
3062 5351 3149 5408 Al.
3183 5353 3475 5425 φεύγειν.

1752 5477 2010 5536 NOTAE.

292 5576 362 5722 ἱῗὲ
398 5579 478 5636 Cf.
508 5580 621 5637 VV.
651 5581 753 5664 PP.
788 5583 984 5638 Rasw.
1022 5578 1129 5636 lib.
1159 5577 1256 5633 VII
1282 5591 1417 5648 cap.
1450 5575 1539 5643 12,
1570 5576 1630 5634 2.

394 5651 472 5710 CI.
507 5655 751 5713 Constit.
800 5657 1011 5722 Apost.
1064 5650 1135 5707 ll.
1184 5649 1255 5705 26
1294 5648 1545 5707 Coteler.
1584 5648 1630 5703 P.

394 5651 472 5710 CI.
507 5653 751 5713 Constit.
800 5657 1011 5727 Apost.
1064 5650 1135 5707 ll.
1184 5649 1255 5705 26
1294 5648 1545 5707 Coteler.
1584 5648 1781 5707 Patres

1892 5578 2100 5647 Apost.
2128 5574 2295 5647 Tom.
2324 5574 2342 5628 Ι
2378 5591 2437 5646 p.
2462 5573 2587 5632 239.

1964 5648 2041 5719 (c)
2075 5646 2155 5703 Ct.
2192 5648 2521 5705 Sententiae
2542 5650 2799 5720 Aegypt.
2838 5649 2940 5705 PP.
2971 5647 3093 5707 107.
