4088 6192
490 263 600 320 255
1336 266 1440 322 SS.
1484 264 1979 323 MACARIORUM
2018 262 2356 321 AEGYPTII
2395 262 2481 319 ET
2520 264 3014 321 ALEXANDRINI
3726 266 3846 323 256

492 407 730 464 cunque
768 390 1198 447 mandaveram
1228 392 1489 447 exsecuti
1528 398 1683 456 sunt,
1714 408 1821 448 nec
1865 404 2134 448 venerun‘

2264 389 2529 455 ἐποίησαν,
2590 393 2691 444 ὅσα
2734 390 2871 445 εἶπον
2920 391 3097 454 αὐτοῖς
3121 410 3134 423 ·
3184 396 3273 444 καὶ
3317 391 3375 445 ού
3425 392 3712 465 παρέϐαλον
3768 413 3870 465 μοι

491 481 570 538 ad
601 497 696 537 me
728 481 913 536 tribus
945 483 1138 537 annis.
1177 484 1289 551 Ego
1326 498 1462 537 vero
1493 482 1738 538 assidue
1771 498 1913 537 cum
1946 482 2134 537 animc

2263 480 2345 533 ἐπὶ
2392 486 2513 554 τρία
2554 484 2639 539 ἔτη
2678 499 2689 511 ’
2745 486 2835 533 καὶ
2886 484 3091 553 ἕμετινα
3144 481 3376 554 πολεμῶν
3422 490 3532 546 τοῖς
3559 483 3869 556 λογισμοῖς,

489 586 626 626 meo
640 570 1027 637 colluctabar,
1042 577 1330 642 reputans
1356 588 1369 625 :
1405 571 1741 645 Ecquaeest
1771 587 1980 627 eorum
2008 586 2134 641 oper

2259 569 2417 639 λέγων
2443 588 2455 602 ο
2490 575 2565 630 τίς
2603 571 2706 641 ἄρα
2742 569 2882 622 ἐστὶν
2916 573 2943 629 ἡ
2987 570 3208 644 ἐργασία
3255 571 3446 638 αὐτῶν,
3506 573 3585 624 ὅτι
3632 573 3727 625 οὐκ
3762 570 3867 631 ἧλ-

486 660 655 723 ratio,
690 660 852 730 quod
887 676 1006 715 non
1038 662 1392 716 accesserint
1430 660 1850 729 interrogatnri
1887 660 1961 715 de
1992 660 2150 729 cogi-

488 748 711 805 tatione
734 748 763 804 ?
814 750 919 815 Qui
956 749 1159 822 procul
1200 750 1490 813 habitant,
1524 751 1770 805 veniunt
1810 750 1888 805 ad
1921 766 2013 804 me
2049 765 2060 803 :
2093 754 2150 804 et

490 838 579 894 isti
611 855 745 894 cum
804 840 1125 911 propinqui
1173 840 1309 908 sint,
1337 855 1456 894 non
1502 845 1898 907 accesserunt,
1932 854 2041 893 nec
2071 838 2149 892 ad

486 927 637 984 alios
653 928 1045 998 profectisunt
1075 944 1085 983 :
1116 928 1430 984 dumtaxat
1458 933 1711 1000 pergunt
1734 928 1811 984 ad
1825 928 2165 983 ecclesiam'

489 1018 672 1083 taciti,
711 1026 770 1072 ut
794 1018 1093 1089 accipiant
1118 1018 1499 1073 oblationem.
1543 1021 1730 1090 Atque
1762 1018 1929 1074 oravi
1956 1016 2148 1073 Domi-

482 1124 654 1174 num,
688 1109 959 1164 ieiunans
995 1123 1114 1163 una
1142 1106 1543 1174 hebdomade,
1575 1110 1638 1162 ut
1668 1107 2018 1176 dignaretur
2044 1105 2150 1160 mi-

486 1203 547 1259 hi
571 1199 885 1257 ostendere
914 1196 1324 1268 operationem
1368 1212 1594 1252 eorum.
1638 1196 1772 1251 Post
1818 1195 2151 1250 hebdoma-

486 1291 625 1346 dem
657 1304 797 1343 vero
836 1301 1089 1354 surgens
1120 1285 1197 1340 ad
1229 1301 1327 1339 eos
1375 1285 1515 1349 abii,
1553 1290 1611 1339 ut
1659 1286 1935 1349 intuerer,
2001 1300 2147 1355 quo-

486 1378 669 1436 modo
683 1380 943 1445 agerent.
960 1373 1169 1428 Etcum
1190 1374 1529 1444 pulsassem
1544 1379 2148 1444 aperuerunt,meque

487 1468 819 1524 salutarunt
866 1479 1002 1518 cum
1029 1461 1278 1517 silentio.
1340 1462 1466 1517 Feci
1498 1464 1849 1528 orationem,
1892 1467 1947 1516 et
1986 1461 2136 1517 sedi.

484 1557 670 1612 Maior
699 1553 889 1609 innuit
915 1552 1155 1621 minori,
1179 1556 1236 1606 ut
1275 1551 1671 1620 egrederetur.
1713 1551 1963 1621 ipseque
1996 1550 2134 1604 sedit

2257 1549 2489 1612 λαλήσας
2522 1548 2688 1623 μηδέν
2723 1555 2843 1602 ’καὶ
2874 1558 2933 1623 τῇ
2967 1554 3077 1626 ὥρᾳ
3123 1558 3219 1614 τῆς
3245 1554 3430 1614 ἐνάτης
3475 1555 3711 1627 ἔκρουσε,
3767 1560 3865 1607 καὶ

487 1646 564 1702 ad
585 1640 1013 1700 conﬁciendam
1033 1639 1310 1711 plectam,
1327 1655 1433 1694 nec
1449 1639 1781 1711 quidquam
1796 1638 2134 1711 loquebatur

2258 1636 2405 1699 ἦλθεν
2458 1641 2483 1691 6
2514 1646 2750 1711 νεώτερος
2783 1644 2848 1704 ³³,
2904 1645 2992 1692 καὶ
3038 1639 3249 1698 ἐποίησε
3283 1646 3468 1716 μικρὸν
3516 1642 3718 1713 ἕψημα,
3766 1649 3865 1697 καὶ

484 1733 573 1790 Ad
598 1733 808 1788 horam
833 1746 967 1784 vero
1010 1745 1230 1784 nonam
1258 1730 1568 1799 strepitum
1609 1728 1818 1783 edidit.
1869 1728 2036 1783 Venit
2064 1729 2134 1782 iu-

2257 1733 2514 1805 παρέθηκε
2550 1729 2832 1802 τράπεζαν,
2864 1732 3134 1790 νεύσαντος
3182 1730 3324 1801 αύτῷ
3374 1739 3464 1784 τοῦ
3502 1732 3804 1806 μειζοτέρου
3849 1752 3862 1764 υ

482 1818 1039 1891 nior,fecitpaulum
1056 1818 1425 1888 polentae,ac
1447 1818 1671 1873 maiore
1690 1818 1971 1873 innuente
1988 1817 2134 1888 adp-

2257 1824 2344 1871 καὶ
2393 1821 2572 1876 ἔθηκεν
2612 1818 2684 1880 εἰς
2715 1818 2876 1877 αὐτὴν
2906 1826 3044 1893 τρεῖς
3081 1817 3420 1892 παξαμάδας,
3452 1826 3542 1873 καὶ
3568 1824 3687 1879 ἔστη
3730 1842 3864 1874 σιω-

484 1910 600 1965 suit
626 1924 922 1971 mensam,
969 1922 1227 1977 cumque
1287 1921 1468 1976 super
1498 1922 1632 1960 eam
1666 1910 1778 1960 tres
1807 1905 2134 1976 paximales

2257 1917 2362 1960 πῶν
2397 1927 2408 1937 ·
2439 1908 2538 1979 ἐγὼ
2593 1905 2651 1960 δὲ
2702 1905 2842 1959 εἶπον
2876 1927 2887 1939 ·
2933 1908 3212 1981 ἐγείρεσθε,
3265 1912 3503 1981 φάγωμεν
3539 1929 3551 1941 ·

484 1999 806 2071 posuisset,
835 1997 988 2051 stetit
1012 2002 1235 2050 tacens.
1260 1998 1378 2064 Ego
1409 2010 1545 2049 vero
1581 1995 1701 2049 dixi
1729 2011 1739 2047 :
1779 1994 2134 2065 Surgite.co-

2257 1999 2468 2057 στάντες
2535 2000 2785 2069 ἐφάγομεν
2829 2012 2840 2021 “
2906 2017 2995 2049 και
3051 2001 3234 2067 ἤνεγκε
3280 2001 3337 2050 τό
3394 1997 3700 2070 βαυκάλιον,
3760 2005 3856 2052 καὶ

482 2087 818 2143 medamus.
833 2089 893 2139 Et
908 2090 1337 2152 consurgentes
1354 2083 1556 2138 cibum
1573 2084 1869 2154 sumpsim
1884 2088 2134 2139 us.Attu-

2257 2085 2455 2157 ἐπίομεν
2489 2106 2501 2118 ·
2540 2088 2605 2147 ὡς
2658 2082 2717 2137 δὲ
2773 2084 2966 2157 ἐγένετο
3026 2086 3237 2159 ἑσπέρα,
3292 2086 3504 2158 λέγουσί
3557 2108 3647 2159 μοι
3684 2109 3699 2122 ·

480 2176 542 2232 lit
568 2174 841 2240 baucale,
873 2190 943 2228 ac
961 2172 1243 2227 bibimus.
1277 2174 1343 2228 Ut
1372 2178 1569 2227 autem
1595 2172 1837 2227 advenit
1869 2188 2135 2243 vespera,

2263 660 2347 710 θον
2404 663 2667 732 ἒρωτῆσαι
2697 658 2986 731 λογισμόν;
3038 662 3087 712 οἱ
3116 659 3215 713 ἀπὸ
3246 664 3473 732 μὴκοθεν
3514 662 3555 697 ³1
3607 664 3873 735 ἔρχονται

2260 753 2388 819 πρός
2418 768 2481 820 με
2510 766 2523 778 ⁸
2569 754 2659 801 καὶ
2698 750 2837 801 οὗτοι
2884 751 2932 800 οἱ
2974 750 3127 820 ἔγγὺς
3168 749 3260 802 οὐκ
3299 747 3474 815 ἦλθον,
3740 754 3871 803 οὔτε

2262 833 2320 888 δὲ
2369 841 2496 912 πρὸς
2527 837 2713 899 ἄλλους
2756 839 2955 909 ὑπῆγον
2993 854 3005 868 ⁸
3053 838 3097 891 εἰ
3133 843 3204 910 μὴ
3239 845 3390 909 μόνον
3435 839 3508 902 εἰς
3536 845 3630 899 τὴν
3675 839 3871 898 ἐκκλη-

2265 930 2383 977 σίαν
2416 935 2725 991 σιωπῶντες,
2751 926 2920 979 λαϐεῖν
2955 932 3047 985 τὴν
3087 931 3387 1002 προσφοράν
3418 946 3431 958 ⁸
3477 934 3567 981 καὶ
3613 929 3870 1001 ηὐξάμην

2260 1023 2331 1085 τῷ
2374 1022 2488 1085 Θεῷ
2531 1019 2821 1077 νηστεύσας
2848 1020 2938 1073 τὴν
2987 1012 3281 1088 ἑϐδομάδα,
3333 1019 3416 1069 ἱνα
3467 1014 3611 1089 δείξῃ
3646 1037 3737 1089 μοι
3766 1022 3870 1076 τὴν

2260 1102 2507 1175 ἐργασίαν
2565 1104 2733 1157 αὐτῶν
2772 1120 2784 1132 ·
2821 1107 3047 1168 ἀναστὰς
3108 1103 3167 1158 δι
3232 1108 3364 1177 μετὰ
3409 1111 3499 1165 τὴν
3555 1103 3866 1178 ἑϐδομάδα,

2261 1191 2491 1252 ἀπῆλθον
2522 1197 2647 1270 πρὸς
2686 1195 2873 1256 αὐτοὺς
2908 1191 3057 1261 ἰδεῖν,
3090 1204 3198 1256 πῶς
3244 1198 3502 1254 κάθηνται
3530 1213 3542 1226 ⁸
3576 1202 3667 1249 καὶ
3696 1200 3866 1271 κρού-

2262 1290 2449 1344 σαντός
2493 1303 2592 1356 μου
2642 1283 2884 1355 ἀνέῳξαν,
2935 1290 3024 1336 καὶ
3063 1285 3374 1343 ἠσπάσαντό
3414 1304 3477 1356 με
3508 1295 3810 1348 σιωπῶντες
3847 1306 3863 1321 ·

2260 1378 2345 1424 καὶ
2406 1378 2633 1434 ποιήσας
2686 1373 2850 1443 εὐχὴν
2881 1375 3103 1425 ἐκάθισα
3134 1392 3146 1404 °
3170 1377 3355 1436 νεύσας
3396 1371 3455 1427 δὲ
3488 1376 3514 1426 6
3547 1376 3743 1447 μείζων
3785 1384 3866 1445 τῷ

2258 1466 2547 1536 μικροτέρῳ
2598 1461 2831 1526 ἐξελθεῖν,
2892 1460 3101 1515 έκάθισε
3164 1463 3363 1515 πλέκειν
3422 1464 3470 1499 ³³
3528 1467 3613 1516 τὸν
3678 1468 3866 1538 σειρὰν

3599 1915 3688 1963 καὶ
3731 1910 3859 1963 ἁναο

3749 2109 3856 2142 υπ-

2250 2178 2426 2246 άγεις;
2464 2174 2561 2245 ἐγὼ
2596 2171 2654 2227 δὲ
2698 2172 2836 2227 εἷπον
2870 2195 2881 2207 ·
2912 2174 3060 2246 ούχί,
3102 2174 3209 2227 ἀλλ’
3250 2173 3353 2230 ὧδε
3380 2186 3647 2249 κοιμῶμαι
3688 2198 3701 2211 ⁸
3759 2184 3855 2231 καὶ

480 2266 689 2322 dicunt
720 2263 859 2318 mihi
891 2279 903 2318 ;
938 2262 1255 2317 Recedisne
1285 2260 1312 2314 ?
1344 2262 1637 2333 Respondi
1676 2280 1688 2319 :
1722 2262 1992 2325 Non,sed
2043 2261 2137 2316 hic

478 2355 741 2411 dormio.
793 2352 953 2408 Unde
975 2356 1305 2423 posuerunt
1334 2351 1475 2405 mihi
1498 2356 1757 2405 stoream
1791 2367 1856 2405 ex
1876 2358 2061 2421 parte,
2083 2356 2137 2405 et

480 2444 591 2500 sibi
623 2442 701 2498 ad
765 2441 1055 2509 angulum
1114 2456 1186 2495 ex
1220 2446 1403 2510 parte.
1434 2447 1491 2495 et
1521 2439 1927 2511 deposuerunt
1953 2456 2134 2494 zonas

480 2549 620 2589 suas
642 2536 699 2587 et
724 2530 1139 2593 succinctoria,
1181 2528 1480 2599 simulque
1512 2529 1953 2585 collocaverunt
1981 2545 2044 2584 se
2076 2531 2134 2584 in

480 2627 667 2678 malta
696 2626 832 2675 ante
863 2635 975 2673 me.
1007 2620 1277 2675 Ceterum
1311 2623 1634 2688 postquam
1668 2623 2133 2688 composuerunt

478 2727 562 2775 se,
599 2708 766 2765 oravi
796 2709 1005 2767 Deum.
1031 2713 1091 2763 nt
1119 2706 1263 2762 mihi
1294 2706 1703 2777 operationem
1737 2722 1944 2761 eorum
1975 2722 2137 2762 reve-

2250 2266 2438 2322 ἕθηκάν
2487 2283 2577 2335 μοι
2616 2263 2828 2333 ψιάθιον
2870 2266 3012 2338 παρά
3042 2269 3189 2337 μέρος
3222 2282 3234 2293 ·
3260 2270 3350 2317 καὶ
3399 2266 3601 2327 ἑαυτοῖς
3650 2269 3723 2329 εἰς
3761 2272 3855 2325 τὴν

3030 2359 3117 2405 καὶ
3149 2350 3278 2425 ἦραν
3558 2358 3651 2417 τὰς
3687 2358 3855 2418 ζώνας

2830 2441 3138 2507 ἁναλάϐους,
3216 2448 3306 2495 καὶ
3357 2446 3547 2501 ἔθηκαν
3631 2445 3851 2507 ἑαυτούς

2248 2357 2438 2423 γωνίαν
2493 2352 2538 2386 ³⁵
2589 2355 2730 2426 παρὰ
2778 2356 2971 2427 μέρος·

2250 2442 2417 2493 αὐτῶν
2484 2447 2570 2493 καὶ
2636 2447 2756 2502 τούς

2249 2533 2378 2603 ὁμοῦ
2423 2531 2489 2592 εἰς
2528 2535 2585 2583 τό
2642 2531 2853 2601 ψιάθιον
2909 2534 3196 2604 ἔμπροσθέν
3250 2552 3349 2604 μου
3383 2550 3396 2563 °
3438 2536 3503 2594 ὡς
3558 2530 3617 2585 δὲ
3651 2537 3850 2592 ἔθηκαν

2248 2621 2483 2685 ἑαυτούς,
2536 2619 2775 2691 ηὐξάμην
2820 2628 2889 2690 τῷ
2935 2628 3067 2690 Θεῷ,
3122 2622 3203 2673 ἵνα
3249 2641 3339 2692 μοι
3385 2620 3699 2695 ἀποκαλύψῃ
3753 2628 3850 2681 τὴν

2247 2712 2496 2783 ἐργασίαν
2533 2709 2699 2760 αὐτῶν
2733 2729 2745 2742 ·
2788 2714 2876 2762 καὶ
2923 2710 3166 2781 ὴνεῴχθη
3209 2712 3239 2768 ἡ
3286 2715 3465 2782 στέγη,
3516 2717 3605 2765 καὶ
3649 2712 3850 2783 ἐγένετο

475 2800 640 2857 laret.
682 2802 842 2854 Tunc
893 2802 1161 2868 apertum
1210 2800 1302 2851 est
1356 2802 1594 2862 tectum,
1644 2800 1891 2866 ortaque
1919 2803 2006 2850 est
2034 2795 2134 2850 lux

2257 2806 2350 2870 ρώς
2378 2801 2445 2859 ὡς
2478 2800 2645 2870 ἡμέρα
2675 2800 2720 2832 ³⁵
2754 2815 2765 2826 ·
2802 2797 2951 2849 αὐτοὶ
2983 2794 3041 2850 δὲ
3070 2798 3163 2850 οὐκ
3204 2800 3448 2874 ἐθεώρουν
3487 2804 3542 2852 τό
3582 2809 3681 2872 φῶς
3710 2822 3725 2835 ο
3756 2807 3849 2854 καὶ

475 2888 638 2947 velut
663 2904 767 2960 per
797 2886 956 2941 diem
993 2901 1006 2940 :
1043 2886 1154 2957 ipsi
1186 2890 1385 2940 autem
1418 2900 1538 2939 non
1562 2884 1885 2940 cernebant
1912 2883 2130 2940 lucem.

476 2978 615 3034 Cum
646 2993 788 3031 vero
838 2974 1248 3030 existimarent
1290 2973 1549 3029 dormire
1608 2989 1723 3042 me,
1752 2974 1941 3028 maior
1984 2973 2135 3029 fodit

470 3064 726 3121 minoris
749 3062 1347 3132 latus.Consurgunt,
1382 3062 2133 3133 cinguntseetexpandunt

472 3170 693 3211 manus
732 3152 808 3209 ad
850 3151 1100 3208 coelum.
1137 3152 1317 3206 Porro
1356 3166 1468 3219 ego
1499 3150 1818 3206 cernebam
1849 3167 1986 3217 eos;
2022 3152 2130 3224 ipsi

2257 3153 2455 3227 ιύρανόν
2489 3172 2501 3185 ο
2536 3156 2624 3204 καὶ
2654 3153 2900 3224 ὲθεωρουν
2932 3151 3121 3214 αὐτούς
3153 3174 3166 3186 ·
3201 3153 3350 3205 αὐτοὶ
3382 3151 3441 3207 δὲ
3470 3155 3562 3207 οὐκ
3591 3154 3845 3231 ἐθεώρουν

473 3259 595 3300 non
618 3242 903 3298 videbant
922 3243 1241 3312 me.Atque
1268 3239 1388 3295 vidi
1419 3241 1746 3295 daemones
1766 3241 1951 3295 instar
1969 3257 2128 3295 mus-
2242 3262 2304 3315 με
2336 3260 2348 3273 ι

473 3347 701 3396 carum,
722 3330 1025 3383 venientes
1055 3345 1235 3398 super
1258 3331 1550 3383 minorem
1582 3344 1595 3392 ;
1624 3344 1885 3397 quorum
1906 3328 2000 3383 alii
2033 3344 2128 3383 ac-

2257 3337 2323 3383 ’πὶ
2360 3335 2447 3383 τόν
2486 3335 2787 3404 μικρότερον
2816 3345 2831 3360 ⁰
2882 3335 2970 3383 καὶ
3014 3333 3062 3383 οἱ
3091 3334 3180 3402 μὲν
3225 3336 3455 3404 ἤρχοντο
3498 3336 3721 3387 καθίσαι
3767 3336 3844 3397 εἰς

472 3418 785 3482 cedebant,
818 3422 879 3471 ut
911 3418 1185 3470 sederent
1239 3418 1296 3469 in
1346 3431 1448 3470 ore
1481 3416 1627 3481 eius,
1681 3416 1785 3471 alii
1817 3418 1876 3470 in
1905 3417 2117 3474 oculis.

2257 3423 2297 3471 '6
2330 3425 2498 3491 στόμα
2529 3419 2708 3483 αὑτοῦ,
2751 3420 2800 3470 οἱ
2832 3416 2889 3472 δὲ
2929 3419 2995 3480 εἰς
3026 3425 3144 3482 τοὺς
3180 3420 3477 3493 ὀφθαλμούς
3506 3423 3667 3475 αὐτοῦ
3697 3441 3713 3453 ·
3748 3430 3840 3477 καὶ

473 3503 1248 3575 Simulconspexiangelum
1284 3504 1825 3560 Dominiteuentem
1859 3506 2123 3575 gladium

466 3594 642 3668 ignis,
677 3593 1225 3650 circumvallantem
1254 3610 1414 3657 eum,
1455 3592 1903 3667 daemonesqne
1937 3595 2014 3651 ab
2054 3611 2124 3651 eo

466 3682 919 3757 propellentem.
978 3687 1048 3738 At
1097 3682 1305 3737 maiori
1337 3699 1453 3737 non
1488 3689 1757 3754 poterant
1797 3686 2125 3756 appr0pin-

466 3789 677 3847 quare.
704 3774 859 3829 Circa
881 3774 1237 3827 matutinum
1264 3787 1400 3827 vero
1416 3778 1653 3843 tempus
1679 3774 2079 3829 recnbuernnt
2108 3791 2120 3829 :

465 3868 644 3935 atque
662 3878 772 3932 ego
786 3861 1111 3918 assimilavi
1129 3878 1213 3916 me
1234 3877 1360 3917 mox
1378 3861 1845 3933 expergefactum
1865 3881 1877 3931 ;
1897 3863 2122 3935 ipsique

466 3952 754 4009 similiter.
790 3953 909 4008 Hoc
943 3959 1141 4006 autem
1177 3950 1490 4006 dumtaxat
1546 3951 1689 4006 mihi
1734 3952 2004 4009 elocutus
2035 3958 2126 4009 est

462 4032 709 4099 Verbum
734 4043 922 4112 major
948 4057 959 4095 ε
984 4041 1084 4094 Vis
1115 4041 1429 4095 recitemus
1453 4040 1775 4095 duodecim
1804 4042 2071 4113 psalmos
2096 4041 2124 4097 Ὺ

462 4131 569 4186 Αἰο
601 4146 616 4185 :
647 4131 856 4185 Etiam.
880 4132 1027 4184 Tum
1054 4128 1249 4197 psallit
1273 4129 1470 4183 minor
1494 4128 1763 4200 quinque
1786 4130 2070 4199 psalmos,
2088 4147 2124 4186 a

466 4233 569 4273 sex
583 4217 875 4283 versibus,
894 4222 947 4269 et
964 4232 1150 4270 unum
1171 4215 1428 4279 alleluia,
1443 4222 1617 4287 atque
1630 4217 1705 4271 ad
1723 4233 2122 4290 unumquem-

462 4321 581 4376 que
621 4320 858 4359 versum
901 4303 1099 4357 exibat
1138 4304 1291 4372 ignis
1324 4304 1555 4373 lampas
1595 4321 1665 4359 ex
1702 4321 1803 4360 ore
1843 4307 1985 4378 ejus,
2024 4309 2120 4379 adj

2257 4314 2401 4385 τυρός
2438 4314 2492 4362 ἐκ
2544 4320 2632 4364 τοῦ
2677 4317 2930 4384 στόματος
2980 4314 3160 4377 αὐτοῦ,
3208 4321 3297 4367 καὶ
3339 4314 3594 4369 ἀνέϐαινεν
3648 4317 3719 4378 εἰς
3748 4319 3836 4368 τόν

463 4392 910 4463 scendebatque
936 4392 993 4444 in
1024 4391 1278 4446 coelum.
1328 4392 1454 4445 Pari
1502 4392 1684 4447 modo
1729 4393 1905 4449 etiam
1936 4397 2127 4467 major

2257 4403 2451 4473 μύρανόν
2483 4417 2494 4429 ·
2538 4403 2787 4463 ὡσαύτως
2828 4408 2917 4455 καὶ
2948 4403 2973 4453 6
3017 4404 3207 4474 μείζων
3250 4406 3327 4457 ὅτι
3360 4408 3536 4477 ἤνοιγε
3568 4409 3626 4458 τὸ
3662 4410 3837 4477 στόμα

465 4479 710 4553 quando
734 4479 1040 4552 aperiebat
1058 4494 1309 4534 ossuum
1331 4478 1657 4551 psallendo,
1673 4487 1955 4555 tanquam
1972 4485 2123 4540 funi-

2257 4489 2396 4541 ιύτοῦ
2426 4488 2655 4561 ψάλλων,
2701 4492 2770 4553 ὡς
2812 4497 3047 4562 σχοινίον
3087 4497 3245 4565 πυρός
3298 4496 3383 4566 (α)
3432 4494 3708 4567 ἐξήρχετο,
3742 4500 3834 4548 καὶ

465 4568 635 4625 culus
681 4570 834 4642 ignis
889 4568 1326 4638 egrediebatur,
1356 4574 1412 4623 et
1452 4570 1822 4640 pertingebat
1853 4590 2035 4646 usque
2066 4576 2126 4631 in

466 4658 722 4716 coelum.
757 4659 943 4714 Etiam
978 4673 1089 4728 ego
1142 4674 1466 4729 parumper
1503 4675 1574 4715 ex
1608 4666 1842 4731 pectore
1868 4666 2122 4721 recitavi.

464 4747 610 4805 Dein
645 4749 850 4805 exiens
879 4747 998 4803 dixi
1029 4769 1039 4800 :
1074 4748 1496 4819 Orateprome.
1520 4749 1637 4820 [psi
1659 4756 1857 4807 autem
1883 4752 2126 4810 inclina-

462 4844 675 4895 verunt
702 4853 764 4894 se
797 4843 851 4893 et
880 4843 1215 4893 tacuerunt.
1258 4838 1528 4909 Comperi
1551 4853 1713 4909 ergo,
1742 4842 1905 4912 quod
1932 4843 2127 4914 major

466 4926 762 4999 perfectus
801 4933 973 4995 esset,
1008 4926 1299 4983 minorem
1331 4942 1470 4983 vero
1516 4929 1716 4986 adhuc
1747 4930 2127 5002 impugnaret

2263 4935 2470 5008 πολέμει
2526 4938 2551 4988 ό
2612 4940 2851 5013 ἐχθρός⁸
2904 4942 3036 5011 μετὰ
3103 4936 3161 4993 δὲ
3208 4945 3401 5016 μικρὰς
3460 4944 3658 5015 ἡμέρας
3703 4944 3843 4994 ἐκοι-

463 5015 773 5074 inimicns.
808 5018 1075 5073 Ceterum
1132 5022 1270 5089 post
1306 5031 1534 5088 paucos
1585 5017 1710 5074 dies
1762 5018 2127 5079 obdormivit

2257 5026 2377 5084 ιηθη
2420 5026 2445 5077 ό
2498 5027 2691 5099 μείζων
2746 5025 2983 5102 ἁδελφός,
3026 5034 3113 5083 καὶ
3154 5038 3214 5103 τῇ
3276 5015 3423 5107 τρίτη
3475 5034 3644 5106 ἡμέρᾳ
3681 5033 3707 5083 6
3745 5051 3833 5104 μι-

1827 5136 2088 5194 VARIAE
2129 5142 2421 5199 LECTION
2428 5142 2533 5199 ES.

2335 5279 2381 5347 ς.
2432 5259 2509 5346 ’³⁸
2546 5258 2635 5316 Al.
2688 5259 2867 5318 inser.
2910 5260 3093 5320 ἅλὶην
3128 5302 3143 5318 .

2271 5372 2283 5385 .
2326 5348 2505 5404 υπερ.

2246 2890 2309 2947 ὡς
2357 2886 2587 2958 ἐνόμιζον
2641 2888 2721 2938 ὅτι
2758 2895 3045 2958 κοιμὼμαι,
3090 2890 3271 2940 νύσσει
3316 2890 3341 2939 6
3384 2890 3578 2961 μείζων
3628 2893 3715 2942 τόν
3761 2911 3850 2962 μι-

2245 2982 2486 3049 κρότερον
2530 2975 2599 3036 εἰς
2642 2979 2737 3032 τὴν
2784 2974 3025 3047 πλευράν,
3086 2982 3176 3029 καὶ
3217 2977 3520 3051 ἐγείρονται,
3570 2985 3659 3031 καὶ
3714 2980 3846 3040 ζων-

2243 3072 2389 3116 νῦσιν
2438 3064 2485 3098 ³⁸
2527 3063 2757 3131 ἑαυτούς,
2808 3069 2896 3115 καὶ
2940 3062 3221 3117 ἐκτείνουσι
3268 3067 3361 3128 τὰς
3408 3074 3594 3138 χεῖρας
3634 3068 3705 3129 εἰς
3754 3071 3846 3119 τόν

2392 3247 2480 3294 καὶ
2512 3237 2649 3294 εἶδον
2675 3245 2794 3300 τούς
2832 3238 3081 3312 δαίμονας
3111 3241 3425 3315 ἐρχομένους
3463 3247 3635 3319 ὥσπερ
3676 3251 3843 3316 μυίας

2239 3505 2377 3562 εἶδον
2408 3508 2622 3580 ἄγγελον
2662 3514 2845 3580 κυρίου
2898 3514 3188 3581 κατέχοντα
3228 3512 3494 3585 ῥομφαίαν
3532 3519 3717 3588 πυρός,
3750 3519 3839 3566 καὶ

2237 3606 2697 3673 περιχαρακοῦντα
2757 3598 2911 3650 αὐτόν
2960 3605 3048 3651 καὶ
3107 3596 3367 3653 διώκοντα
3405 3606 3526 3663 τοὺς
3578 3600 3839 3675 δαίμονας

2238 3686 2325 3740 ἀπ’
2372 3687 2531 3739 αὐτοῦ
2566 3706 2578 3719 ·
2620 3696 2692 3758 τῷ
2734 3684 2792 3740 δὲ
2822 3688 3105 3760 μειζοτέρῳ
3137 3689 3230 3741 οὐκ
3269 3687 3515 3744 ἐδύναντο
3553 3698 3837 3765 προσεγγί-

2238 3796 2329 3830 σαι
2357 3796 2370 3809 ·
2414 3781 2504 3828 καὶ
2546 3779 2609 3836 ὡς
2648 3782 2765 3851 περὶ
2808 3782 2901 3836 τὴν
2944 3780 3130 3849 προῖαν
3152 3781 3342 3836 ἔθηκαν
3387 3784 3599 3843 εαυτούς
3632 3798 3643 3811 ⁸
3685 3781 3834 3853 κάγὼ

2236 3867 2462 3923 ἐποίησα
2491 3865 2711 3937 ἐμαυτὸν
2738 3867 2817 3917 ὃτι
2849 3862 3185 3935 διυπνίσθην,
3218 3873 3306 3920 καὶ
3352 3869 3501 3921 αύτοὶ
3546 3872 3789 3930 ὡσαύτως
3816 3886 3833 3901 ⁸

2236 3952 2343 4008 εἶπε
2383 3953 2441 4007 δέ
2488 3974 2579 4027 μοι
2609 3955 2634 4006 6
2674 3954 2864 4026 μείζων
2909 3958 2996 4006 τόν
3038 3955 3186 4028 λόγον
3234 3965 3415 4010 τοῦτον
3445 3963 3598 4030 μόνον
3629 3976 3642 3989 ·
3680 3958 3837 4020 θελεις

2238 4042 2474 4117 βάλωμεν
2505 4047 2626 4104 τοὺς
2648 4039 2860 4096 δώδεκα
3086 4045 3324 4118 ψαλμοὺς
3356 4064 3369 4115 ;
3392 4047 3523 4119 λέγω
3556 4068 3568 4081 ·
3598 4053 3683 4101 ναί
3707 4068 3720 4082 ·
3746 4054 3836 4101 καὶ

2232 4132 2418 4203 ψάλλει
2468 4134 2493 4184 6
2547 4136 2850 4207 μικρότερος
2906 4139 3053 4187 πέντε
3104 4134 3344 4207 ψαλμοὺς
3392 4135 3491 4189 ἀπὸ
3533 4137 3585 4201 ἓξ
3636 4142 3836 4210 στίχων

2235 4227 2326 4274 καὶ
2354 4222 2401 4274 ἓν
2434 4221 2713 4281 ἀλληλούια
2744 4243 2759 4256 θ
2806 4228 2893 4275 καὶ
2925 4227 3059 4276 κατὰ
3112 4231 3300 4297 στίχον
3344 4226 3596 4299 ἴξήρχετο
3626 4226 3837 4299 λαμπὰς

2236 4580 2442 4650 ἔφθανεν
2504 4580 2595 4641 ἕως
2659 4588 2751 4632 τοῦ
2800 4580 3057 4654 ούρανοῦ·
3110 4582 3255 4654 κάγὼ
3296 4580 3435 4636 εἶπον
3492 4591 3677 4659 μικρόν
3735 4583 3836 4637 ἀπὸ

2238 4670 2505 4729 στήθους·
2552 4674 2642 4722 καὶ
2691 4669 2904 4732 ἐξελθὼν
2938 4671 3068 4742 λέγω
3102 4690 3115 4705 ·
3161 4671 3379 4735 εὔξασθε
3403 4680 3521 4745 περὶ
3563 4674 3609 4710 ³⁷
3651 4676 3777 4746 ἐμοῦ
3816 4689 3831 4703 '

2235 4756 2383 4810 αὐτοὶ
2436 4753 2494 4810 δὲ
2552 4758 2728 4811 ἔϐαλον
2789 4763 3065 4831 μετάνοιαν
3133 4770 3426 4823 σιωπῶντες
3457 4780 3469 4792 '
3504 4765 3693 4835 ἔμαθον
3752 4758 3839 4815 οὖν

2235 4847 2314 4900 ὅτι
2363 4848 2387 4898 6
2441 4851 2633 4919 μείζων
2693 4850 2882 4912 τελειός
2935 4853 3067 4916 ἐστι,
3124 4859 3197 4922 τῷ
3245 4848 3304 4905 δὲ
3350 4856 3640 4926 μικροτέρῳ
3668 4852 3838 4925 ἀκμὴν

543 5248 591 5321 η
623 5247 709 5321 Al.
743 5249 1067 5321 μακρόθεν
1108 5262 1121 5275 ·

543 5262 591 5284 ἰ
623 5262 709 5303 Al.
743 5262 1067 5375 μαιὲροσεν
1108 5262 1121 5275 ·
1205 5262 1250 5335 ξι
1283 5262 1373 5302 Al.
1414 5262 1688 5302 πλέκων·
1766 5262 1813 5286 ³³
1860 5262 1948 5307 Al.
1979 5262 2244 5330 μικρότε
2299 5278 2381 5320 ος.
2460 5262 2509 5294 ³⁸
2546 5262 2635 5316 Al.
2688 5262 2867 5318 inser.
2910 5262 3093 5320 ἄλλην
3128 5302 3143 5318 .
3221 5263 3268 5299 ³⁸
3324 5262 3409 5320 Al.
3453 5263 3516 5316 έν
3557 5262 3761 5339 ἡμέρᾳ
3792 5300 3810 5316 .

541 5320 589 5356 ³⁸
624 5320 821 5385 Corr.,
895 5320 1108 5377 oteler.
1149 5320 2047 5385 ζωνουσιν;81.ζωννύουσι.
2125 5277 2283 5385 “Af:
2326 5331 2505 5385 ύπέο.

1205 5248 1251 5283 ³¹
1283 5247 1373 5302 Al.
1414 5246 1688 5302 πλέκων·
1766 5255 1813 5286 ³³
1860 5252 1948 5307 Al.
1979 5258 2244 5330 μικρότε
2299 5278 2381 5320 ος.

1205 5321 2047 5385 ὠνουσιν;81.ζωννύουσι.
2125 5277 2283 5385 “Af:
2326 5331 2381 5384 t'n

895 5320 1108 5377 oteler.
1149 5320 2047 5389 ζώνουσιν;81.ζωννύουσ”ι.
2100 5320 2168 5363 ’³⁷

2025 5454 2255 5510 NOTAE

540 5568 623 5639 (a)
647 5573 909 5639 Exanimat
924 5572 1102 5639 πυρός,

540 5568 623 5639 (a)
647 5573 679 5621 Σ
730 5586 884 5620 οινιον
924 5586 993 5619 πυ
1032 5572 1102 5635 ὸς,
1145 5569 1460 5639 funiculus
1508 5568 1664 5642 ignis
1702 5574 1913 5632 Ruﬁno
1942 5576 2124 5633 inter-

470 5645 636 5713 prete
667 5589 805 5713 ἄν.
841 5638 943 5695 ΡΡ.
979 5587 1171 5697 ἑθεν.
1204 5640 1307 5697 lib.
1341 5642 1413 5696 III
1464 5658 1599 5713 cap.
1646 5645 1794 5713 195].
1828 5650 2005 5705 Porro
2046 5649 2121 5706 ad

1231 5578 1460 5654 ιιιριεζιιε
1508 5578 1664 5654 ignis
1683 5578 1913 5654 Δῌιιίὶειο
1942 5578 2124 5654 inter:
2232 5578 2479 5654 Joannis
2504 5582 2842 5654 versionem
2873 5583 2933 5639 in
2961 5583 3178 5640 iisdem
3194 5584 3340 5640 Vitis
3358 5585 3597 5641 Patrum
3627 5585 3837 5654 fumus

1026 5656 1171 5697 osw.
1204 5640 1307 5697 lib.
1341 5642 1413 5696 III
1464 5640 1599 5715 cap.
1646 5645 1794 5715 195].
1828 5650 2005 5705 Porro
2046 5649 2121 5706 ad

2234 5651 2485 5725 irrepsit,
2513 5668 2584 5709 ex
2597 5653 2906 5712 abbreviat
2926 5672 3036 5714 ura
3046 5657 3211 5715 vocis
3217 5657 3561 5728 funiculus.
3585 5651 3837 5716 Cornua
