4078 6194
207 277 309 334 257

203 407 454 476 κρότερος
486 402 609 452 ’καὶ
650 400 733 451 ὅτε
778 397 1064 470 παρέϐαλον
1113 418 1240 460 τινες
1281 407 1380 451 τῶν
1422 402 1653 474 πατέρων
1689 402 1813 473 πρὸς
1848 400 1895 454 Α

202 494 293 543 τὸν
341 488 509 543 ἆϐϐᾱν
556 489 847 560 Μακάρων,
902 486 1180 560 ἐλάμϐανεν
1233 488 1423 551 αύτούς
1474 489 1545 549 εἰς
1581 492 1675 548 τὴν
1705 488 1813 541 κελ-

201 580 296 633 λαν
348 578 525 633 αὐτῶν
575 578 735 649 λέγων
761 596 775 610 ’
831 573 999 643 δεῦτε,
1070 574 1213 631 ἴδετε
1250 581 1309 630 τὸ
1365 581 1650 653 μαρτύριον
1716 586 1814 630 τῶν

201 676 415 740 μικρῶν
445 666 596 730 ξένων

278 758 379 813 34.
442 754 772 809 Ἀπέστειλάν
826 773 953 808 ποτε
1010 759 1141 828 πρὸς
1195 758 1281 808 τὸν
1326 754 1488 808 ἀϐϐᾶν
1545 758 1814 829 Μακάρων

204 848 256 899 ἐν
534 852 596 917 τῇ
653 849 834 902 Σκήτει
865 846 914 897 οἱ
952 848 1183 917 γέροντες
1230 852 1323 898 τοῦ
1375 849 1547 921 ὅρους,
1579 865 1812 922 παρακα-

202 938 420 998 λοῦντες
458 934 615 987 αὐτόν
645 951 658 964 ’
692 938 783 987 καί
834 953 965 1006 φασι
1001 937 1132 1009 πρὸς
1177 934 1333 988 αὐτόν
1367 956 1378 968 -
1426 936 1509 987 ἵνα
1546 940 1616 997 μὴ
1648 934 1810 1007 σκυλῇ

206 1026 366 1087 πᾱςό
417 1023 545 1084 λαός
597 1026 731 1096 πρὸς
786 1026 860 1086 σέ,
898 1021 1138 1095 ἀξιοῦμέν
1178 1042 1236 1077 σε
1272 1026 1658 1097 παραγενέσθαι
1685 1028 1813 1097 πρὸς

205 1117 373 1188 ἡμᾶς,
419 1114 557 1175 ὃπως
597 1113 905 1184 θεασώμεθα
948 1115 1047 1187 πρὸ
1100 1120 1193 1165 τοῦ
1236 1132 1294 1165 σε
1336 1110 1643 1186 ἐκδημῆσαι
1686 1117 1816 1190 πρὸς

206 1207 396 1273 κύριον
430 1205 888 1277 ’παραγενομένου
947 1200 1107 1254 αὐτοῦ
1172 1201 1223 1255 ἐν
1271 1210 1343 1273 τῷ
1391 1206 1517 1277 ὄρει,
1567 1205 1811 1275 συνήχθη

204 1299 312 1355 πᾶς
352 1294 380 1344 6
421 1291 549 1353 λαός
597 1294 725 1366 πρὸς
778 1291 935 1343 αὐτον
965 1304 980 1321 ⁸
1050 1295 1140 1343 καὶ
1188 1292 1509 1365 παρεκάλουν
1563 1292 1715 1345 αὐτὸν
1767 1293 1816 1344 οἱ

204 1388 447 1456 γέροντες
495 1381 653 1434 εἰπεῖν
695 1380 845 1453 λόγον
895 1389 1004 1443 τοῖς
1058 1378 1300 1454 ἀδελφοῖς
1334 1398 1346 1412 ·
1380 1383 1406 1433 6
1481 1378 1541 1435 δὲ
1588 1381 1816 1442 ἀκούσας

207 1475 307 1544 ἔφη
359 1486 374 1498 ⁶
444 1469 774 1541 κλαύσωμεν,
854 1466 1067 1541 ἀδελφοί
1122 1474 1211 1522 καὶ
1278 1475 1717 1542 καταγαγέτωσαν
1767 1472 1817 1522 οἱ

206 1560 471 1633 ὀφθαλμοὶ
550 1560 697 1632 ἡμῶν
778 1554 1002 1631 δάκρυα,
1064 1563 1165 1635 πρὸ
1229 1568 1321 1612 τοῦ
1373 1562 1509 1632 ἡμᾶς
1561 1559 1812 1628 ἀπελθεῖν,

206 1652 343 1703 ὅπου
372 1651 444 1701 τὰ
478 1650 624 1720 ἡμῶν
657 1644 867 1717 δάκρυα
906 1651 1230 1701 κατακαύσει
1260 1651 1325 1701 τὰ
1366 1654 1586 1722 σώματα
1626 1652 1771 1723 ἡμῶν
1800 1693 1813 1704 .

206 1744 302 1792 καὶ
351 1738 613 1791 ἔκλαυσαν
642 1738 851 1801 πάντες,
902 1742 992 1790 καὶ
1043 1740 1223 1791 ἔπεσον
1270 1741 1356 1791 ἐπὶ
1409 1742 1687 1812 πρόσωπον
1726 1740 1817 1792 αύ-
1852 1754 1893 1808 Β

205 1836 309 1881 τῶν
335 1832 430 1880 καὶ
456 1828 596 1880 εἷπον
629 1847 643 1860 θ
674 1828 859 1898 πάτερ,
889 1823 1032 1889 εὖξαι
1058 1829 1185 1901 ὑπερ
1216 1829 1361 1900 ἡμῶν

280 1918 373 1974 35.
425 1915 644 1971 Ἀλλοτε
686 1916 842 1968 πάλιν
896 1912 1099 1987 δαιμων
1148 1914 1336 1975 ἐπέστη
1396 1924 1469 1987 τῷ
1519 1913 1655 1989 ὰϐϐᾇ
1707 1925 1817 1972 Ma.

206 2012 377 2079 καρίῳ
409 2008 545 2077 μετὰ
584 2009 905 2078 μαχαιρίου,
940 2004 1090 2057 θέλων
1119 2008 1203 2057 νόν
1232 2002 1377 2059 πόδα
1419 2007 1579 2059 αὐτοῦ
1604 2007 1767 2078 κόψαι
1796 2024 1813 2041 ·

208 2100 301 2147 καὶ
354 2091 454 2147 διὰ
510 2098 598 2153 τὴν
645 2096 1123 2167 ταπεινοφροσύνην
1190 2094 1351 2147 αὐτοῦ
1424 2099 1497 2167 μὴ
1574 2092 1817 2159 δυνηθεὶς

208 2184 343 2255 λέγει
400 2183 546 2253 αὐτῷ
574 2197 590 2213 ·
625 2184 727 2236 ὃσα
782 2185 949 2254 ἔχετε,
994 2188 1084 2235 καὶ
1122 2184 1272 2254 ἡμεῖς
1306 2186 1495 2255 ἔχομεν
1527 2202 1539 2213 ·
1588 2189 1718 2256 μόνῃ
1750 2192 1813 2257 τῇ

211 2274 660 2346 ταπεινοφροσύνῃ
696 2268 966 2346 διαφέρετε
992 2273 1158 2344 ἡμῶν,
1190 2276 1280 2324 καὶ
1303 2280 1536 2345 κρατεῖτε

500 2450 592 2506 36.
632 2448 784 2504 Εἶπεν
830 2451 857 2502 6
904 2448 1067 2512 ἆϐϐᾶς
1096 2452 1364 2525 Μακάριος
1397 2470 1410 2483 .
1452 2453 1538 2504 εὰν
1566 2453 1817 2523 μνησθῶ-

210 2560 301 2613 μεν
338 2548 445 2592 τῶν
494 2541 598 2591 ὑπὸ
644 2547 750 2591 των
810 2537 1088 2612 ἀνθρώπων
1154 2540 1482 2611 ἐπαγομένων
1548 2542 1672 2612 ἡμῖν
1728 2561 1819 2594 κα-

208 2638 333 2694 κῶν,
386 2628 702 2703 ἀναιροῦμεν
746 2633 839 2686 τὴν
895 2625 1117 2701 δύναμιν
1160 2638 1251 2690 τῆς
1279 2636 1368 2681 τοῦ
1395 2637 1530 2682 Θεοῦ
1559 2634 1768 2703 μνήμης
1800 2649 1815 2664 ο

210 2718 295 2771 ἐὰν
327 2715 393 2771 δε
429 2719 748 2790 μνησθῶμεν
780 2725 879 2769 τῶν
926 2726 1098 2770 κακῶν
1129 2726 1227 2770 τῶν
1268 2715 1550 2791 δαιμόνων,
1597 2722 1821 2791 ἐσόμεθα

210 2810 442 2881 εἰτρωτοι
480 2807 587 2878 (d).

280 2898 373 2952 37.
408 2897 567 2951 Εἶπεν
597 2896 625 2947 6
656 2894 821 2957 ἁϐϐᾶς
870 2897 1191 2968 Παφνούτιος
1221 2897 1247 2947 6
1294 2898 1537 2969 μαθητὴς
1562 2904 1653 2949 τοῦ
1686 2895 1822 2949 ὰϐϐᾶ

208 2988 522 3058 Πακαρίου,
563 2986 644 3037 ὅτι
683 2984 847 3056 ἔλεγεν
878 2985 903 3036 6
948 2989 1134 3057 γέρων,
1166 2985 1247 3037 ὅτι
1276 2987 1360 3038 ὅτε
1397 2989 1539 3058 ἤμην
1582 2982 1817 3052 παιδίον,

208 3077 345 3147 μετὰ
390 3082 494 3127 τῶν
542 3072 706 3125 ἄλλων
744 3070 971 3126 παιδίων
1010 3072 1227 3127 ἔϐοσκον
1260 3071 1450 3147 βοίδια
1482 3096 1494 3109 ο
1538 3080 1627 3127 καὶ
1658 3073 1817 3133 ἀπῆλ-
1852 3104 1892 3161 C

213 3166 301 3216 θον
332 3163 530 3234 κλέψαι
577 3159 799 3215 συκίδια
830 3183 843 3195 ·
900 3168 989 3216 καὶ
1032 3166 1096 3225 ὡς
1141 3168 1447 3237 τρέχουσιν,
1474 3167 1648 3217 ἔπεσεν
1688 3165 1738 3217 ἓν
1767 3163 1820 3227 ἐξ

213 3254 411 3319 αὐτῶν,
443 3256 536 3304 καὶ
583 3250 753 3304 λαϐὼν
805 3254 993 3325 ἔφαγον
1040 3252 1170 3306 αύτό
1203 3271 1214 3282 ·
1261 3258 1351 3306 καὶ
1389 3254 1473 3306 ὅτε
1516 3256 1819 3326 μνημονεύω

215 3343 403 3407 αὑτοῦ,
438 3342 681 3414 κάθημαι
708 3341 920 3394 κλαίων.

283 3430 382 3486 38.
423 3428 581 3485 Εἶπεν
610 3432 637 3483 6
686 3429 852 3493 ἁϐϐᾱς
888 3431 1181 3506 Μακάριος,
1236 3432 1318 3484 ὅτι
1364 3439 1661 3506 περιπατῶν
1698 3441 1822 3485 ποτε

213 3519 283 3579 εἰς
326 3523 427 3578 τὴν
476 3522 687 3593 ἔρημον,
728 3520 874 3593 εὗρον
921 3524 1130 3595 κρανίον
1180 3520 1250 3582 εἰς
1296 3523 1353 3573 τὸ
1403 3517 1596 3591 ἔδαφος
1642 3528 1821 3594 νεκροῦ

216 3605 529 3681 έῤῥιμμένον
582 3624 596 3637 ⁸
647 3614 735 3661 καὶ
793 3608 1049 3669 σαλεύσας
1096 3608 1223 3661 αὐτὸ
1275 3617 1338 3681 τῇ
1401 3607 1559 3681 βαίνῃ
1616 3606 1819 3683 ῥάϐδῳ,

214 3695 441 3753 mea:
486 3716 575 3768 μοι
626 3701 685 3750 τὸ
717 3702 925 3772 κρανίον
965 3712 977 3725 ’
1028 3702 1119 3751 καὶ
1143 3697 1274 3769 λέγω
1298 3697 1439 3768 αύτῷ
1477 3712 1489 3724 ·
1532 3701 1597 3750 σὺ
1626 3702 1701 3759 τίς
1732 3695 1778 3750 εἷ
1806 3714 1820 3765 ;

216 3783 485 3858 ἀπεκρίθη
532 3806 623 3858 μοι
670 3791 728 3839 τό
775 3792 983 3860 κρανίον
1014 3805 1029 3819 ο
1077 3786 1178 3858 ἐγὼ
1220 3790 1360 3860 ἤμην
1418 3785 1697 3862 ἀρχιερεὺς
1724 3796 1824 3840 τῶν

218 3872 477 3941 εἰδώλων,
508 3884 599 3929 καὶ
636 3885 734 3928 τῶν
787 3879 1066 3948 μεινάντων
1115 3875 1367 3935 Ἑλλήνων
1411 3877 1459 3911 ³⁸
1493 3875 1541 3927 έν
1571 3884 1643 3947 τῷ
1686 3881 1824 3949 τόπῳ

216 3968 391 4036 τούτῳ
425 3983 439 3995 ’
488 3969 552 4017 σύ
597 3962 656 4018 δε
716 3966 765 4019 εἶ
802 3969 1073 4040 Μακάριος
1116 3968 1142 4017 6
1185 3969 1604 4039 πνευματοφόρος
1651 3983 1661 3993 ·
1713 3968 1824 4019 οἰαν

218 4056 362 4128 ὥραν
639 4054 1048 4127 σπλαγχνισθῇς
1090 4058 1212 4116 τοὺς
1263 4054 1313 4106 ἐν
1361 4062 1423 4127 τῇ
1472 4053 1703 4121 κολάσει,
1736 4056 1826 4103 καὶ

218 4147 360 4216 εὔχῃ
391 4148 514 4217 περὶ
553 4143 741 4210 αὐτῶν,
788 4146 1221 4218 παραμυθοῦνται
1260 4143 1431 4216 ὀλίγον
1466 4159 1477 4172 ·
1518 4142 1654 4214 λέγει
1685 4139 1826 4210 αύτῷ

218 4235 245 4284 6
272 4237 446 4306 γέρων
480 4249 491 4261 ·
522 4236 649 4285 ποία
677 4233 817 4286 ἐστὶν
847 4234 877 4291 ἠ
906 4235 1236 4309 παραμυθία,
1267 4239 1357 4286 καὶ
1388 4237 1463 4293 τίς
1492 4233 1522 4290 ἡ
1565 4230 1780 4290 κόλασις
1808 4247 1821 4295 ;

216 4320 359 4393 λέγει
417 4321 562 4392 αὐτῷ
590 4337 604 4351 ·
653 4322 774 4374 ὅσον
826 4321 1015 4395 ἀπέχει
1070 4324 1096 4374 6
1155 4322 1366 4396 οὐρανός
1418 4320 1520 4374 ἀπὸ
1574 4328 1685 4384 τῆς,
1745 4337 1825 4371 το-

226 4416 413 4463 σοῦτόν
449 4410 593 4463 ἔστιν
642 4419 747 4486 πῦρ
791 4413 1120 4465 ὑποκάτωθεν
1164 4414 1329 4484 ἡμῶν,
1364 4409 1465 4463 ἀπὸ
1510 4405 1686 4462 ποδῶν
1734 4409 1826 4468 ἕως

223 4500 450 4572 ιιφσ-λῆς
501 4499 795 4559 ἔστηκότων
842 4501 987 4572 ἡμῶν
1040 4505 1197 4574 μέσον
1244 4508 1335 4553 τοῦ
1364 4504 1525 4574 πυρός
1563 4514 1576 4527 ·
1620 4502 1708 4550 καὶ
1734 4496 1827 4549 οὐκ

227 4592 341 4642 ἔστι
389 4594 675 4661 πρόσωπον
713 4592 841 4664 πρὸς
880 4595 1158 4664 πρόσωπον
1209 4591 1502 4643 θεάσασθαί
1532 4607 1669 4655 τινα,
1701 4585 1830 4639 ἀλλὰ

229 4682 288 4730 τὸ
334 4684 620 4751 πρόσωπον
664 4678 887 4733 ίκάστου
920 4682 965 4715 ³⁸
1014 4683 1143 4753 πρὸς
1185 4682 1271 4732 τὸν
1329 4679 1499 4751 ἑτέρου
1548 4682 1705 4729 νῶτον
1743 4693 1829 4727 κε-

1862 4458 1905 4513 D

230 4768 480 4826 κόλληται
524 4785 537 4799 ⁸
571 4771 639 4831 ὡς
684 4766 771 4822 οὖν
826 4772 959 4843 εὔχῃ
1024 4771 1151 4845 ὑπερ
1207 4771 1374 4842 ἡμῶν,
1431 4768 1488 4821 ἐκ
1530 4770 1718 4842 μέρους
1754 4784 1829 4826 τις

233 4859 415 4931 θεωρεῖ
466 4861 525 4911 τὸ
566 4862 845 4933 πρόσωπον
900 4867 992 4912 τοῦ
1036 4859 1209 4934 ἐτέρου
1242 4876 1254 4889 ·
1282 4859 1413 4917 αὕτη
1460 4856 1601 4910 ἐστὶν
1646 4857 1675 4914 ἡ
1727 4873 1831 4906 πα-

1573 272 2231 330 APOPHTHEGMATA.

3475 289 3581 348 258

1926 398 2120 454 maior
2150 399 2349 466 frater,
2385 417 2454 457 ac
2480 403 2650 460 tertia
2674 404 2770 460 die
2803 405 3018 463 minor.
3040 410 3309 483 Cumque
3338 427 3370 468 e
3397 414 3575 470 Patri-

1923 485 2038 542 bus
2071 488 2340 545 nonnulli
2370 489 2605 547 adirent
2642 495 2960 551 Macarium
2991 497 3295 570 abbatem,
3318 501 3579 559 ducebat

1924 590 2028 632 eos
2051 576 2110 632 in
2154 578 2366 635 cellam
2410 595 2618 637 eorum
2648 582 2849 639 dicens
2879 601 2891 638 :
2943 587 3162 656 Venite,
3195 589 3390 647 videte
3423 606 3578 649 mar-

1925 665 2145 735 tyrium
2177 667 2480 724 minorum
2499 670 2971 743 peregrinorum.

1997 754 2084 808 34.
2126 756 2405 815 Miserunt
2448 758 2773 831 aliquando
2813 761 2891 818 ad
2931 766 3251 823 Macarium
3291 769 3575 827 abbatem

1924 841 1985 897 in
2017 844 2167 899 Sceti
2197 862 2369 902 senes
2401 847 2642 913 montis,
2671 856 2981 921 precantes
3008 868 3146 911 eum
3177 871 3247 912 ac
3277 856 3572 915 dicentes:

1926 933 2003 987 Ne
2047 933 2324 991 universa
2364 936 2681 993 multitudo
2721 939 2797 994 ad
2839 945 2892 995 te
2933 942 3227 1000 veniendo
3278 945 3574 1017 fatigetur,

1925 1035 2261 1092 precamur,
2311 1030 2372 1080 ut
2421 1026 2673 1082 accedas
2723 1027 2800 1083 ad
2850 1043 2978 1095 nos,
3027 1034 3200 1103 teque
3238 1033 3573 1104 videamus,

1925 1113 2249 1184 antequam
2270 1113 2526 1184 emigres
2548 1115 2627 1171 ad
2648 1115 2990 1174 Dominum.
3012 1120 3276 1184 Quicum
3295 1122 3578 1182 adfuisset

1926 1199 1986 1254 in
2016 1206 2235 1273 monte,
2262 1208 2626 1276 congregata
2651 1208 2738 1260 est
2757 1207 2956 1263 omnis
2981 1208 3299 1267 multitudo
3319 1211 3397 1268 ad
3413 1228 3573 1270 eum.

1926 1286 2110 1343 Senes
2134 1305 2275 1345 vero
2315 1298 2697 1361 rogaverunt,
2729 1298 2791 1351 ut
2821 1294 2899 1351 ad
2938 1294 3148 1353 fratres
3186 1298 3435 1357 haberet
3458 1316 3575 1357 ser-

1927 1391 2189 1433 monem.
2227 1378 2323 1436 llle
2354 1380 2575 1451 igitur:
2627 1381 2950 1449 Ploremus,
2993 1385 3209 1458 inquit,
3248 1387 3479 1456 fratres,
3520 1395 3579 1447 et

1925 1464 2081 1519 oculi
2129 1467 2317 1523 nostri
2373 1468 2738 1538 profundant
2780 1470 3081 1543 lacrimas,
3129 1482 3459 1549 antequam
3506 1493 3578 1535 eo

1927 1553 2238 1619 abeamus.
2279 1556 2377 1612 ubi
2426 1557 2686 1615 lacrima
2726 1565 2940 1617 nostrae
2981 1563 3385 1623 combustum;
3439 1571 3580 1624 sunt

1926 1658 2178 1715 corpora
2200 1651 2429 1703 nostra.
2474 1650 2537 1702 Et
2569 1648 2946 1720 ploraverunt
2966 1654 3185 1721 cuncti,
3212 1655 3579 1714 ceciderunt-

1925 1747 2045 1803 que
2071 1748 2251 1804 super
2279 1734 2491 1792 faciem
2516 1752 2697 1795 suam
2725 1744 2780 1795 et
2800 1738 3080 1797 dixerunt
3102 1758 3116 1798 :
3140 1745 3327 1810 Pater,
3347 1760 3456 1802 ora
3469 1762 3578 1819 pro

1928 1821 2122 1876 nobis.
2486 1872 2489 1877 ,

1996 1909 2086 1965 35.
2115 1911 2465 1969 Aliaiterum
2499 1914 2624 1971 vice
2654 1915 2915 1974 daemon
2938 1918 3228 1976 adversus
3249 1921 3578 1980 Macarium

1928 1997 2209 2055 abbatem
2242 2001 2563 2059 insurrexit
2590 2020 2731 2061 cum
2752 2004 3034 2075 gladiolo,
3059 2008 3187 2080 ejus
3214 2010 3429 2081 pedem
3450 2026 3581 2068 am-

1925 2091 2265 2158 putaturus.
2283 2091 2452 2155 Quod
2478 2108 2617 2148 cum
2635 2094 3285 2165 propterhumilitatem
3308 2099 3435 2155 eius
3455 2114 3578 2156 non

1926 2177 2232 2248 potuisset,
2279 2181 2331 2234 ei
2364 2198 2378 2241 :
2421 2180 2823 2254 Quaecunque
2862 2183 3117 2256 habetis,
3159 2186 3371 2260 inquit,
3394 2189 3581 2245 habe-

1927 2281 2063 2320 mus
2101 2271 2160 2321 et
2188 2282 2295 2323 nos
2330 2284 2344 2335 ;
2386 2269 2515 2327 sola
2552 2270 2890 2329 humilitate
2929 2288 2965 2329 a
3012 2274 3189 2331 nobis
3210 2275 3481 2345 differtis,
3520 2283 3581 2335 et

1927 2355 2299 2426 praevaletis.

1997 2443 2086 2498 36.
2138 2444 2291 2501 Dixit
2321 2447 2609 2504 Macarius
2639 2448 2831 2505 abbas
2860 2466 2873 2505 :
2909 2450 2966 2507 Si
3008 2452 3427 2511 retinuerimus
3458 2471 3579 2512 me-

1927 2532 2183 2589 moriam
2202 2534 2496 2591 malorum
2522 2535 2600 2591 ab
2629 2536 2978 2594 hominibus
3006 2540 3179 2597 nobis
3196 2540 3577 2615 inﬂictorum,

1929 2619 2244 2677 abolemus
2272 2624 2393 2678 vim
2415 2625 2838 2683 recordationis
2867 2628 3003 2685 Dei:
3032 2630 3084 2685 si
3115 2646 3255 2687 vero
3284 2633 3581 2690 recordati

1928 2709 2219 2766 fuerimus
2264 2716 2587 2780 malorum,
2634 2731 2790 2787 quae
2829 2732 2936 2788 per
2981 2718 3309 2777 daemones
3360 2722 3585 2779 contin-

1930 2804 2096 2869 gunt,
2126 2801 2350 2857 erimus
2382 2802 2759 2860 iuvulnerati.

2000 2888 2087 2944 37.
2122 2890 2489 2961 Paphnutius
2528 2891 2738 2960 abbas,
2774 2895 3007 2951 Macarii
3049 2896 3292 2954 abbatis
3329 2900 3581 2973 discipu-

1926 2977 2045 3043 lus,
2084 2979 2296 3043 retulit,
2340 2995 2544 3036 senem
2583 2981 2806 3038 dixisse
2839 3000 2851 3038 :
2896 2984 3151 3049 Quando
3201 3002 3353 3055 puer
3390 3002 3576 3055 eram,

1927 3065 2179 3124 buculas
2195 3083 2333 3124 cum
2345 3068 2476 3124 aliis
2490 3071 2689 3142 pueris
2714 3072 3060 3142 paseebam,
3074 3075 3176 3146 qui
3196 3084 3582 3147 perrexerunt

1929 3156 2193 3213 furatum
2223 3158 2392 3213 ﬁcus.
2420 3159 2691 3232 Dumque
2707 3166 2974 3228 currunt,
3003 3177 3126 3219 una
3150 3179 3223 3219 ex
3251 3164 3322 3220 iis
3346 3164 3580 3232 cecidit,

1928 3262 2113 3319 quam
2132 3246 2342 3302 tollens
2361 3248 2615 3303 comedi.
2637 3250 2876 3315 Quoties
2896 3249 3071 3321 igitur
3094 3252 3177 3308 rei
3202 3253 3332 3309 eius
3359 3268 3584 3310 memo-

1928 3337 2018 3393 ria
2044 3336 2217 3400 redit,
2244 3336 2489 3408 plorans
2528 3336 2725 3394 sedeo.

2000 3423 2089 3480 38.
2120 3425 2391 3480 Narravit
2446 3425 2734 3483 Macarius
2781 3426 3023 3484 abbas:
3076 3432 3185 3487 lter
3240 3446 3428 3502 agens
3476 3431 3586 3489 ali-

1929 3514 2177 3585 quando
2205 3529 2312 3586 per
2340 3529 2630 3581 eremum,
2665 3516 2865 3573 inveni
2895 3517 3218 3576 calvariam
3249 3521 3469 3578 mortui
3505 3521 3586 3578 ad

1934 3603 2131 3660 solum
2153 3603 2442 3659 iacentem
2464 3620 2477 3670 ;
2499 3620 2685 3676 quam
2703 3622 2842 3662 cum
2870 3606 3085 3665 baculo
3107 3608 3347 3680 palmeo
3368 3611 3588 3667 movis-

1935 3709 2084 3757 sem,
2115 3690 2315 3747 locuta
2343 3698 2432 3747 est
2464 3693 2605 3749 mihi
2622 3693 2901 3750 calvaria.
2929 3695 3067 3752 Dico
3097 3697 3149 3753 ei
3174 3712 3186 3751 :
3216 3700 3298 3753 Tu
3328 3698 3463 3770 quis
3479 3700 3586 3756 es?

1934 3779 2261 3852 Respondit
2327 3780 2474 3836 mihi
2535 3780 2846 3839 calvaria:
2916 3785 3037 3855 Ego
3098 3799 3263 3841 eram
3320 3785 3587 3857 pontifex

1933 3870 2256 3935 idolorum,
2305 3883 2637 3941 eorumque
2676 3870 3008 3938 gentilium,
3039 3873 3139 3944 qui
3180 3873 3240 3928 in
3288 3875 3403 3931 hoc
3453 3873 3586 3931 loco

1933 3956 2270 4029 degebant:
2316 3960 2376 4011 tu
2414 3972 2556 4012 vero
2587 3973 2651 4013 es
2682 3959 2971 4015 Macarius
3010 3960 3231 4032 Spiritu
3268 3960 3474 4017 divino
3500 3977 3587 4017 re-

1936 4047 2163 4120 pletus;
2195 4061 2558 4118 quacunque
2588 4046 2736 4103 hora
2766 4056 3107 4105 commotus
3146 4049 3330 4107 fueris
3363 4051 3586 4107 miseri-

1935 4135 2142 4192 cordia
2169 4149 2313 4204 erga
2341 4148 2466 4199 eos,
2491 4135 2596 4207 qui
2627 4136 2687 4191 in
2711 4138 3022 4193 tormentis
3046 4142 3205 4207 sunt,
3238 4142 3295 4195 et
3322 4141 3588 4196 oraveris

1935 4241 2045 4297 pro
2066 4224 2159 4292 iis,
2184 4223 2494 4294 paululum
2523 4226 2783 4281 sentiunt
2803 4224 3022 4283 solatii.
3055 4229 3145 4284 Ait
3168 4228 3590 4295 senex:Quod-

1938 4330 2079 4371 nam
2109 4319 2197 4369 est
2223 4313 2529 4380 solatium,
2562 4320 2619 4370 et
2656 4314 2969 4387 quodnam
3001 4318 3403 4374 tormentum?
3443 4317 3585 4375 llla:

1938 4404 2258 4473 Quantum,
2288 4402 2501 4475 inquit,
2526 4420 2560 4458 a
2586 4409 2741 4460 terra
2765 4403 2952 4461 distat
2975 4405 3216 4471 coelum,
3244 4410 3478 4464 tantum
3504 4411 3592 4462 est

1936 4491 2261 4562 ignisinfra
2292 4507 2477 4557 nos,a
2502 4491 2757 4563 pedibus
2780 4508 2969 4565 usque
2989 4494 3065 4549 ad
3092 4500 3269 4566 caput
3293 4495 3589 4551 stantibus

1938 4580 2115 4637 nobis
2146 4582 2207 4636 in
2242 4581 2439 4637 medio
2466 4581 2643 4650 ignis,
2674 4596 2784 4637 nec
2813 4582 2945 4638 licet
2971 4582 3120 4639 facie
3147 4583 3226 4639 ad
3258 4583 3469 4639 faciem
3506 4584 3593 4640 vi-

1938 4670 2078 4727 dere
2094 4685 2488 4741 quemquam,
2508 4669 2613 4726 sed
2631 4670 2922 4743 cujusque
2943 4670 3124 4727 facies
3148 4672 3329 4728 dorso
3350 4671 3591 4728 alterius

1940 4758 2241 4816 adhaeret.
2285 4758 2539 4824 Quando
2579 4758 2756 4830 igitur
2782 4774 2920 4816 oras
2952 4775 3060 4832 pro
3101 4758 3289 4826 nobis,
3323 4776 3479 4815 unus
3517 4775 3591 4816 ex

1940 4854 2108 4921 parte
2139 4852 2364 4920 spectat
2389 4846 2604 4904 faciem
2634 4847 2895 4904 alterius.
2922 4851 3040 4907 Hoc
3066 4853 3153 4907 cst
3182 4848 3487 4908 solatium.
3519 4848 3589 4904 Et

1560 4996 1817 5053 VARIAE
1857 4989 2266 5047 LECTIONES.

305 5119 352 5153 ³⁸
405 5117 496 5175 Al.
561 5117 769 5192 ἱερεύς
825 5125 943 5170 τῶν
997 5115 1303 5175 Ἑλλήνων
1357 5123 1476 5168 τῶν
1536 5112 1887 5187 μεινάντων

1919 5127 1933 5140 υ
1969 5107 2017 5143 δ’
2076 5105 2163 5162 ΑΙ.
2226 5104 2380 5158 ἀλλὰ
2435 5113 2633 5169 νῶτος
2682 5104 2985 5159 ἑκάστου.

1794 5230 2054 5291 NOTAE.

264 5369 396 5449 ,_(a_)_
432 5367 521 5449 ᾳ.
550 5366 666 5449 yv.
696 5367 806 5423 PP.
839 5367 1036 5423 Rosw.
1067 5365 1170 5422 lib.
1205 5366 1275 5421 ιιι
1307 5380 1441 5437 cap.
1471 5366 1568 5420 195
1594 5382 1608 5433 ;
1637 5362 1740 5419 lib.
1776 5360 1842 5416 v1

243 5438 419 5497 libell.
446 5440 504 5505 3,
546 5441 601 5495 ε.
1322 5507 1331 5518 ⁸

310 5514 393 5589 (b)
423 5511 528 5589 Acr.
577 5509 696 5566 vv.
726 5508 833 5589 pp,
864 5506 1563 5589 Itosvg.__l_ib_._v_libell._
1592 5506 1647 5589 9.

336 5514 393 5583 ὁ)
434 5514 528 5569 Cf.
577 5514 696 5566 vv.
727 5514 833 5565 PP.
864 5514 1056 5566 Rosw.
1089 5514 1194 5565 lib.
1227 5514 1269 5563 v
1298 5514 1476 5565 libell.
1507 5514 1563 5589 ες,
1592 5514 1647 5560 ν.

246 5514 1846 5724 laverattyrtpt‘aagtrtw

533 5755 796 5811 Puncr.
830 5751 934 5808 Gn.
977 5750 1240 5807 XXXIV.

2032 5357 2118 5428 (ά)
2152 5354 2235 5413 Cf.
2256 5355 2464 5425 Evagr.
2490 5355 2699 5428 Capita
2720 5356 3066 5428 practicaad
3098 5358 3438 5417 Anatolium
3463 5375 3598 5428 cap.

1953 5430 2143 5494 XCIII;
2168 5430 2334 5485 Socr.
2368 5429 2514 5485 Hist.
2551 5428 2702 5483 Eccl.
2735 5428 2828 5490 IV,
2860 5428 2957 5497 23;
2987 5429 3100 5484 VV.
3135 5430 3234 5485 PP.
3267 5432 3465 5489 Rosw.
3496 5428 3599 5489 lib.

1954 5507 1998 5560 V
2039 5498 2486 5573 libell._10,q734
2520 5518 2533 5558 :
2574 5498 2679 5559 lib.
2720 5500 2816 5558 VII
2846 5515 2979 5573 cap.
3020 5499 3110 5569 37,
3158 5503 3234 5571 4;
3276 5504 3605 5562 sententiae

1957 5577 2207 5647 Aegypt.
2239 5570 2337 5633 PP.
2370 5571 2464 5634 15.

3290 5744 3325 5819 9
