  <div class='ocr_page' id='page_1' title='image "/cluster/home/n/w/nwhite01/storage/ocr_20150623/34/hvd.32044073501835/139.png"; bbox 0 0 4088 6192; ppageno 0'>
   <div class='ocr_carea' id='block_1_1' title="bbox 601 245 3914 318">
    <p class='ocr_par' dir='ltr' id='par_1_1' title="bbox 601 245 3914 318">
     <span class='ocr_line' id='line_1_1' title="bbox 601 245 3914 318; baseline -0.002 -10"><span class='ocrx_word' id='word_1_1' title='bbox 601 253 711 308; x_wconf 75' lang='grc'><strong>259</strong></span> <span class='ocrx_word' id='word_1_2' title='bbox 1440 253 1543 309; x_wconf 92' lang='lat' dir='ltr'><strong>SS.</strong></span> <span class='ocrx_word' id='word_1_3' title='bbox 1589 252 2077 310; x_wconf 77' lang='lat' dir='ltr'><strong>MACABIORUM</strong></span> <span class='ocrx_word' id='word_1_4' title='bbox 2121 245 2449 305; x_wconf 85' lang='lat' dir='ltr'><strong>AEGYPTII</strong></span> <span class='ocrx_word' id='word_1_5' title='bbox 2490 247 2576 305; x_wconf 88' lang='lat' dir='ltr'>ET</span> <span class='ocrx_word' id='word_1_6' title='bbox 2617 248 3114 309; x_wconf 81' lang='lat' dir='ltr'><strong>ALEXANDRINI</strong></span> <span class='ocrx_word' id='word_1_7' title='bbox 3820 257 3914 318; x_wconf 65' lang='lat'><strong>260</strong></span> 
     </span>
    </p>
   </div>
   <div class='ocr_carea' id='block_1_2' title="bbox 598 372 2212 458">
    <p class='ocr_par' dir='ltr' id='par_1_2' title="bbox 598 377 2212 450">
     <span class='ocr_line' id='line_1_2' title="bbox 598 377 2212 450; baseline -0.004 -16"><span class='ocrx_word' id='word_1_8' title='bbox 598 377 925 435; x_wconf 83' lang='lat' dir='ltr'><strong>lacrimans</strong></span> <span class='ocrx_word' id='word_1_9' title='bbox 956 394 1139 435; x_wconf 82' lang='lat' dir='ltr'><strong>senex</strong></span> <span class='ocrx_word' id='word_1_10' title='bbox 1177 379 1361 434; x_wconf 82' lang='lat' dir='ltr'><strong>dixit:</strong></span> <span class='ocrx_word' id='word_1_11' title='bbox 1406 381 1519 435; x_wconf 86' lang='lat' dir='ltr'><strong>Vae</strong></span> <span class='ocrx_word' id='word_1_12' title='bbox 1557 378 1671 434; x_wconf 91' lang='lat' dir='ltr'><strong>diei</strong></span> <span class='ocrx_word' id='word_1_13' title='bbox 1702 379 1760 434; x_wconf 90' lang='lat' dir='ltr'><strong>in</strong></span> <span class='ocrx_word' id='word_1_14' title='bbox 1798 394 1921 450; x_wconf 92' lang='lat' dir='ltr'><strong>qua</strong></span> <span class='ocrx_word' id='word_1_15' title='bbox 1950 381 2128 432; x_wconf 90' lang='lat' dir='ltr'><strong>natus</strong></span> <span class='ocrx_word' id='word_1_16' title='bbox 2167 390 2212 430; x_wconf 72' lang='lat' dir='ltr'><strong>es</strong></span> 
     </span>
    </p>
   </div>
   <div class='ocr_carea' id='block_1_3' title="bbox 2302 372 3916 458">
    <p class='ocr_par' dir='ltr' id='par_1_3' title="bbox 2302 372 3916 458">
     <span class='ocr_line' id='line_1_3' title="bbox 2302 372 3916 458; baseline 0.002 -30"><span class='ocrx_word' id='word_1_17' title='bbox 2302 375 2328 428; x_wconf 52' lang='grc' dir='ltr'><strong>ἃ</strong></span> <span class='ocrx_word' id='word_1_18' title='bbox 2360 376 2597 450; x_wconf 88' lang='grc' dir='ltr'>ραμυθία</span> <span class='ocrx_word' id='word_1_19' title='bbox 2629 393 2641 406; x_wconf 90' lang='grc'><strong>⁸</strong></span> <span class='ocrx_word' id='word_1_20' title='bbox 2665 381 2756 427; x_wconf 85' lang='grc' dir='ltr'>καὶ</span> <span class='ocrx_word' id='word_1_21' title='bbox 2794 376 3029 437; x_wconf 85' lang='grc' dir='ltr'>κλαυσας</span> <span class='ocrx_word' id='word_1_22' title='bbox 3058 376 3084 426; x_wconf 99' lang='lat'><strong>6</strong></span> <span class='ocrx_word' id='word_1_23' title='bbox 3112 377 3275 449; x_wconf 79' lang='grc' dir='ltr'>γέρων</span> <span class='ocrx_word' id='word_1_24' title='bbox 3306 372 3440 426; x_wconf 86' lang='grc' dir='ltr'>εἶπεν</span> <span class='ocrx_word' id='word_1_25' title='bbox 3471 392 3482 404; x_wconf 88' lang='grc'><strong>⁸</strong></span> <span class='ocrx_word' id='word_1_26' title='bbox 3516 375 3627 428; x_wconf 86' lang='grc' dir='ltr'>ούαὶ</span> <span class='ocrx_word' id='word_1_27' title='bbox 3667 387 3724 450; x_wconf 70' lang='grc' dir='ltr'>τῇ</span> <span class='ocrx_word' id='word_1_28' title='bbox 3770 384 3916 458; x_wconf 75' lang='grc' dir='ltr'>ἡμέρᾳ</span> 
     </span>
    </p>
   </div>
   <div class='ocr_carea' id='block_1_4' title="bbox 598 463 2212 540">
    <p class='ocr_par' dir='ltr' id='par_1_4' title="bbox 598 466 2212 540">
     <span class='ocr_line' id='line_1_4' title="bbox 598 466 2212 540; baseline -0.003 -17"><span class='ocrx_word' id='word_1_29' title='bbox 598 468 816 524; x_wconf 85' lang='lat' dir='ltr'><strong>homo!</strong></span> <span class='ocrx_word' id='word_1_30' title='bbox 842 470 1031 540; x_wconf 84' lang='lat' dir='ltr'><strong>Atque</strong></span> <span class='ocrx_word' id='word_1_31' title='bbox 1052 469 1135 524; x_wconf 90' lang='lat' dir='ltr'><strong>ait</strong></span> <span class='ocrx_word' id='word_1_32' title='bbox 1156 467 1205 522; x_wconf 91' lang='lat' dir='ltr'><strong>ei</strong></span> <span class='ocrx_word' id='word_1_33' title='bbox 1236 483 1443 523; x_wconf 84' lang='lat' dir='ltr'><strong>senex:</strong></span> <span class='ocrx_word' id='word_1_34' title='bbox 1470 469 1643 523; x_wconf 81' lang='lat' dir='ltr'><strong>Estne</strong></span> <span class='ocrx_word' id='word_1_35' title='bbox 1669 467 1830 523; x_wconf 86' lang='lat' dir='ltr'><strong>aliud</strong></span> <span class='ocrx_word' id='word_1_36' title='bbox 1854 466 2091 536; x_wconf 67' lang='lat' dir='ltr'><strong>gravius</strong></span> <span class='ocrx_word' id='word_1_37' title='bbox 2114 480 2212 535; x_wconf 63' lang='lat' dir='ltr'><strong>su}</strong></span> 
     </span>
    </p>
   </div>
   <div class='ocr_carea' id='block_1_5' title="bbox 2301 463 3915 540">
    <p class='ocr_par' dir='ltr' id='par_1_5' title="bbox 2360 463 3915 539">
     <span class='ocr_line' id='line_1_5' title="bbox 2360 463 3915 539; baseline 0.002 -23"><span class='ocrx_word' id='word_1_38' title='bbox 2360 467 2410 516; x_wconf 79' lang='grc' dir='ltr'>ἐν</span> <span class='ocrx_word' id='word_1_39' title='bbox 2495 464 2739 535; x_wconf 72' lang='grc' dir='ltr'><strong>ἐγεννήθη</strong></span> <span class='ocrx_word' id='word_1_40' title='bbox 2768 465 2793 516; x_wconf 91' lang='grc' dir='ltr'><strong>ό</strong></span> <span class='ocrx_word' id='word_1_41' title='bbox 2819 466 3088 537; x_wconf 82' lang='grc' dir='ltr'>ἄνθρωπος</span> <span class='ocrx_word' id='word_1_42' title='bbox 3111 465 3156 499; x_wconf 71' lang='grc'><strong>⁴⁰</strong></span> <span class='ocrx_word' id='word_1_43' title='bbox 3192 482 3202 493; x_wconf 89' lang='grc'><strong>⁸</strong></span> <span class='ocrx_word' id='word_1_44' title='bbox 3227 463 3362 534; x_wconf 75' lang='grc' dir='ltr'>λέγει</span> <span class='ocrx_word' id='word_1_45' title='bbox 3378 467 3516 534; x_wconf 80' lang='grc' dir='ltr'>αύτῷ</span> <span class='ocrx_word' id='word_1_46' title='bbox 3540 467 3565 517; x_wconf 90' lang='grc' dir='ltr'><strong>ό</strong></span> <span class='ocrx_word' id='word_1_47' title='bbox 3592 470 3743 539; x_wconf 81' lang='grc' dir='ltr'>γέρων</span> <span class='ocrx_word' id='word_1_48' title='bbox 3765 491 3775 503; x_wconf 90' lang='grc'><strong>·</strong></span> <span class='ocrx_word' id='word_1_49' title='bbox 3795 474 3915 525; x_wconf 75' lang='grc' dir='ltr'>ἔστιν</span> 
     </span>
    </p>
   </div>
   <div class='ocr_carea' id='block_1_6' title="bbox 598 553 2212 634">
    <p class='ocr_par' dir='ltr' id='par_1_6' title="bbox 598 557 2212 629">
     <span class='ocr_line' id='line_1_6' title="bbox 598 557 2212 629; baseline -0.002 -19"><span class='ocrx_word' id='word_1_50' title='bbox 598 557 887 628; x_wconf 84' lang='lat' dir='ltr'><strong>plicium?</strong></span> <span class='ocrx_word' id='word_1_51' title='bbox 935 558 1274 629; x_wconf 82' lang='lat' dir='ltr'><strong>Respondet</strong></span> <span class='ocrx_word' id='word_1_52' title='bbox 1320 557 1643 612; x_wconf 88' lang='lat' dir='ltr'><strong>cranium:</strong></span> <span class='ocrx_word' id='word_1_53' title='bbox 1692 557 1875 628; x_wconf 84' lang='lat' dir='ltr'><strong>Major</strong></span> <span class='ocrx_word' id='word_1_54' title='bbox 1935 570 2113 625; x_wconf 76' lang='lat' dir='ltr'><strong>pmna</strong></span> <span class='ocrx_word' id='word_1_55' title='bbox 2163 569 2212 609; x_wconf 76' lang='lat' dir='ltr'><strong>es</strong></span> 
     </span>
    </p>
   </div>
   <div class='ocr_carea' id='block_1_7' title="bbox 2303 553 3917 634">
    <p class='ocr_par' dir='ltr' id='par_1_7' title="bbox 2362 553 3917 634">
     <span class='ocr_line' id='line_1_7' title="bbox 2362 553 3917 634; baseline -0.001 -27"><span class='ocrx_word' id='word_1_56' title='bbox 2362 554 2487 613; x_wconf 83' lang='grc' dir='ltr'>ἆλλη</span> <span class='ocrx_word' id='word_1_57' title='bbox 2520 561 2713 629; x_wconf 86' lang='grc' dir='ltr'>χείρων</span> <span class='ocrx_word' id='word_1_58' title='bbox 2758 554 3033 627; x_wconf 72' lang='grc' dir='ltr'>βάσανοςς</span> <span class='ocrx_word' id='word_1_59' title='bbox 3083 554 3217 626; x_wconf 83' lang='grc' dir='ltr'>λέγει</span> <span class='ocrx_word' id='word_1_60' title='bbox 3265 553 3406 625; x_wconf 74' lang='grc' dir='ltr'>αὐτῷ</span> <span class='ocrx_word' id='word_1_61' title='bbox 3452 558 3508 607; x_wconf 87' lang='grc' dir='ltr'><strong>τό</strong></span> <span class='ocrx_word' id='word_1_62' title='bbox 3556 563 3750 631; x_wconf 78' lang='grc' dir='ltr'><strong>κρανίον</strong></span> <span class='ocrx_word' id='word_1_63' title='bbox 3779 580 3790 593; x_wconf 74' lang='grc' dir='ltr'>σ</span> <span class='ocrx_word' id='word_1_64' title='bbox 3824 582 3917 634; x_wconf 77' lang='grc' dir='ltr'>μει.</span> 
     </span>
    </p>
   </div>
   <div class='ocr_carea' id='block_1_8' title="bbox 599 642 2213 723">
    <p class='ocr_par' dir='ltr' id='par_1_8' title="bbox 599 644 2203 719">
     <span class='ocr_line' id='line_1_8' title="bbox 599 644 2203 719; baseline -0.001 -19"><span class='ocrx_word' id='word_1_65' title='bbox 599 646 804 702; x_wconf 84' lang='lat' dir='ltr'><strong>subter</strong></span> <span class='ocrx_word' id='word_1_66' title='bbox 833 662 965 701; x_wconf 92' lang='lat' dir='ltr'><strong>nos.</strong></span> <span class='ocrx_word' id='word_1_67' title='bbox 999 647 1089 702; x_wconf 83' lang='lat' dir='ltr'><strong>Ait</strong></span> <span class='ocrx_word' id='word_1_68' title='bbox 1121 648 1175 701; x_wconf 87' lang='lat' dir='ltr'><strong>ei</strong></span> <span class='ocrx_word' id='word_1_69' title='bbox 1201 662 1379 701; x_wconf 79' lang='lat' dir='ltr'><strong>senex</strong></span> <span class='ocrx_word' id='word_1_70' title='bbox 1410 663 1422 700; x_wconf 92' lang='lat'><strong>:</strong></span> <span class='ocrx_word' id='word_1_71' title='bbox 1457 649 1521 702; x_wconf 86' lang='lat' dir='ltr'><strong>Et</strong></span> <span class='ocrx_word' id='word_1_72' title='bbox 1550 646 1797 719; x_wconf 85' lang='lat' dir='ltr'><strong>quinam</strong></span> <span class='ocrx_word' id='word_1_73' title='bbox 1830 644 1947 700; x_wconf 91' lang='lat' dir='ltr'><strong>illic</strong></span> <span class='ocrx_word' id='word_1_74' title='bbox 1978 644 2203 713; x_wconf 89' lang='lat' dir='ltr'><strong>degunt</strong></span> 
     </span>
    </p>
   </div>
   <div class='ocr_carea' id='block_1_9' title="bbox 2301 642 3915 723">
    <p class='ocr_par' dir='ltr' id='par_1_9' title="bbox 2364 642 3915 723">
     <span class='ocr_line' id='line_1_9' title="bbox 2364 642 3915 723; baseline 0.006 -29"><span class='ocrx_word' id='word_1_75' title='bbox 2364 642 2546 716; x_wconf 79' lang='grc' dir='ltr'>ζοτέρα</span> <span class='ocrx_word' id='word_1_76' title='bbox 2584 643 2815 716; x_wconf 82' lang='grc' dir='ltr'>βάσανός</span> <span class='ocrx_word' id='word_1_77' title='bbox 2864 644 3000 697; x_wconf 82' lang='grc' dir='ltr'>ἐστιν</span> <span class='ocrx_word' id='word_1_78' title='bbox 3032 645 3364 696; x_wconf 80' lang='grc' dir='ltr'><strong>ὑποκάτωθεν</strong></span> <span class='ocrx_word' id='word_1_79' title='bbox 3410 645 3554 715; x_wconf 84' lang='grc' dir='ltr'>ἡμῶν</span> <span class='ocrx_word' id='word_1_80' title='bbox 3642 646 3764 717; x_wconf 79' lang='grc' dir='ltr'>λέγει</span> <span class='ocrx_word' id='word_1_81' title='bbox 3797 652 3915 723; x_wconf 80' lang='grc' dir='ltr'>αύτῷ</span> 
     </span>
    </p>
   </div>
   <div class='ocr_carea' id='block_1_10' title="bbox 596 732 2210 812">
    <p class='ocr_par' dir='ltr' id='par_1_10' title="bbox 596 733 2205 806">
     <span class='ocr_line' id='line_1_10' title="bbox 596 733 2205 806; baseline -0.002 -17"><span class='ocrx_word' id='word_1_82' title='bbox 596 734 939 806; x_wconf 80' lang='lat' dir='ltr'><strong>Respondet</strong></span> <span class='ocrx_word' id='word_1_83' title='bbox 964 736 1015 792; x_wconf 90' lang='lat' dir='ltr'><strong>ei</strong></span> <span class='ocrx_word' id='word_1_84' title='bbox 1055 736 1364 792; x_wconf 87' lang='lat' dir='ltr'><strong>cranium:</strong></span> <span class='ocrx_word' id='word_1_85' title='bbox 1398 736 1541 805; x_wconf 88' lang='lat' dir='ltr'><strong>Nos,</strong></span> <span class='ocrx_word' id='word_1_86' title='bbox 1578 741 1774 806; x_wconf 87' lang='lat' dir='ltr'><strong>utpote</strong></span> <span class='ocrx_word' id='word_1_87' title='bbox 1807 733 1911 806; x_wconf 89' lang='lat' dir='ltr'><strong>qui</strong></span> <span class='ocrx_word' id='word_1_88' title='bbox 1955 733 2205 804; x_wconf 88' lang='lat' dir='ltr'><strong>ignorav</strong></span> 
     </span>
    </p>
   </div>
   <div class='ocr_carea' id='block_1_11' title="bbox 2303 732 3917 812">
    <p class='ocr_par' dir='ltr' id='par_1_11' title="bbox 2363 732 3917 812">
     <span class='ocr_line' id='line_1_11' title="bbox 2363 732 3917 812; baseline 0.006 -29"><span class='ocrx_word' id='word_1_89' title='bbox 2363 732 2576 807; x_wconf 86' lang='grc' dir='ltr'>όγέρων</span> <span class='ocrx_word' id='word_1_90' title='bbox 2612 752 2625 763; x_wconf 89' lang='grc'><strong>⁸</strong></span> <span class='ocrx_word' id='word_1_91' title='bbox 2679 739 2768 787; x_wconf 85' lang='grc' dir='ltr'>καὶ</span> <span class='ocrx_word' id='word_1_92' title='bbox 2815 739 2946 796; x_wconf 86' lang='grc' dir='ltr'>τίνες</span> <span class='ocrx_word' id='word_1_93' title='bbox 2996 734 3127 787; x_wconf 80' lang='grc' dir='ltr'>εἰσὶν</span> <span class='ocrx_word' id='word_1_94' title='bbox 3168 732 3313 797; x_wconf 63' lang='lat' dir='ltr'><strong>iui;</strong></span> <span class='ocrx_word' id='word_1_95' title='bbox 3355 732 3489 804; x_wconf 83' lang='grc' dir='ltr'>λέγει</span> <span class='ocrx_word' id='word_1_96' title='bbox 3532 736 3668 805; x_wconf 85' lang='grc' dir='ltr'>αύτῷ</span> <span class='ocrx_word' id='word_1_97' title='bbox 3716 741 3767 789; x_wconf 89' lang='grc' dir='ltr'><strong>τό</strong></span> <span class='ocrx_word' id='word_1_98' title='bbox 3815 760 3917 812; x_wconf 83' lang='grc' dir='ltr'>κρα-</span> 
     </span>
    </p>
   </div>
   <div class='ocr_carea' id='block_1_12' title="bbox 598 819 2212 895">
    <p class='ocr_par' dir='ltr' id='par_1_12' title="bbox 598 823 2212 895">
     <span class='ocr_line' id='line_1_12' title="bbox 598 823 2212 895; baseline -0.001 -16"><span class='ocrx_word' id='word_1_99' title='bbox 598 840 737 879; x_wconf 89' lang='lat' dir='ltr'><strong>mus</strong></span> <span class='ocrx_word' id='word_1_100' title='bbox 765 826 970 891; x_wconf 89' lang='lat' dir='ltr'><strong>Deum,</strong></span> <span class='ocrx_word' id='word_1_101' title='bbox 1007 825 1241 880; x_wconf 89' lang='lat' dir='ltr'><strong>modice</strong></span> <span class='ocrx_word' id='word_1_102' title='bbox 1279 824 1751 881; x_wconf 87' lang='lat' dir='ltr'><strong>misericordiam</strong></span> <span class='ocrx_word' id='word_1_103' title='bbox 1784 823 2212 895; x_wconf 76' lang='lat' dir='ltr'><strong>consequimur</strong></span> 
     </span>
    </p>
   </div>
   <div class='ocr_carea' id='block_1_13' title="bbox 2301 819 3915 895">
    <p class='ocr_par' dir='ltr' id='par_1_13' title="bbox 2361 819 3915 895">
     <span class='ocr_line' id='line_1_13' title="bbox 2361 819 3915 895; baseline 0.006 -23"><span class='ocrx_word' id='word_1_104' title='bbox 2361 826 2466 873; x_wconf 89' lang='grc' dir='ltr'>νίον</span> <span class='ocrx_word' id='word_1_105' title='bbox 2500 843 2512 855; x_wconf 79' lang='grc' dir='ltr'><strong>ο</strong></span> <span class='ocrx_word' id='word_1_106' title='bbox 2554 824 2700 894; x_wconf 80' lang='grc' dir='ltr'>ἡμεῖς</span> <span class='ocrx_word' id='word_1_107' title='bbox 2729 826 2792 884; x_wconf 87' lang='grc' dir='ltr'>ὡς</span> <span class='ocrx_word' id='word_1_108' title='bbox 2821 828 2893 890; x_wconf 81' lang='grc' dir='ltr'>μὴ</span> <span class='ocrx_word' id='word_1_109' title='bbox 2936 819 3133 886; x_wconf 77' lang='grc' dir='ltr'>εἰδότες</span> <span class='ocrx_word' id='word_1_110' title='bbox 3161 825 3247 875; x_wconf 86' lang='grc' dir='ltr'>τὸν</span> <span class='ocrx_word' id='word_1_111' title='bbox 3289 826 3434 889; x_wconf 87' lang='grc' dir='ltr'>Θεόν,</span> <span class='ocrx_word' id='word_1_112' title='bbox 3476 822 3569 874; x_wconf 81' lang='grc' dir='ltr'>κᾶν</span> <span class='ocrx_word' id='word_1_113' title='bbox 3599 822 3758 895; x_wconf 79' lang='grc' dir='ltr'><strong>ὀλίγον</strong></span> <span class='ocrx_word' id='word_1_114' title='bbox 3783 828 3915 881; x_wconf 80' lang='grc' dir='ltr'>ἐλεού-</span> 
     </span>
    </p>
   </div>
   <div class='ocr_carea' id='block_1_14' title="bbox 596 909 2210 987">
    <p class='ocr_par' dir='ltr' id='par_1_14' title="bbox 596 913 2210 985">
     <span class='ocr_line' id='line_1_14' title="bbox 596 913 2210 985; baseline -0.001 -17"><span class='ocrx_word' id='word_1_115' title='bbox 596 913 700 985; x_wconf 91' lang='lat' dir='ltr'><strong>qui</strong></span> <span class='ocrx_word' id='word_1_116' title='bbox 730 929 872 969; x_wconf 89' lang='lat' dir='ltr'><strong>vero</strong></span> <span class='ocrx_word' id='word_1_117' title='bbox 918 920 1327 983; x_wconf 87' lang='lat' dir='ltr'><strong>cognoverunt</strong></span> <span class='ocrx_word' id='word_1_118' title='bbox 1361 916 1543 969; x_wconf 91' lang='lat' dir='ltr'><strong>Deum</strong></span> <span class='ocrx_word' id='word_1_119' title='bbox 1587 918 1644 969; x_wconf 87' lang='lat' dir='ltr'><strong>et</strong></span> <span class='ocrx_word' id='word_1_120' title='bbox 1676 918 2043 983; x_wconf 88' lang='lat' dir='ltr'><strong>negaverunt</strong></span> <span class='ocrx_word' id='word_1_121' title='bbox 2089 928 2210 967; x_wconf 78' lang='lat' dir='ltr'><strong>eun</strong></span> 
     </span>
    </p>
   </div>
   <div class='ocr_carea' id='block_1_15' title="bbox 2300 909 3914 987">
    <p class='ocr_par' dir='ltr' id='par_1_15' title="bbox 2362 909 3914 987">
     <span class='ocr_line' id='line_1_15' title="bbox 2362 909 3914 987; baseline 0.005 -25"><span class='ocrx_word' id='word_1_122' title='bbox 2362 913 2494 982; x_wconf 85' lang='grc' dir='ltr'>μεθα</span> <span class='ocrx_word' id='word_1_123' title='bbox 2534 948 2547 962; x_wconf 94' lang='grc'><strong>.</strong></span> <span class='ocrx_word' id='word_1_124' title='bbox 2590 914 2639 964; x_wconf 87' lang='grc' dir='ltr'>οἱ</span> <span class='ocrx_word' id='word_1_125' title='bbox 2671 909 2729 965; x_wconf 68' lang='grc' dir='ltr'><strong>δὲ</strong></span> <span class='ocrx_word' id='word_1_126' title='bbox 2778 915 3070 983; x_wconf 75' lang='grc' dir='ltr'><strong>ἐπιγνόντες</strong></span> <span class='ocrx_word' id='word_1_127' title='bbox 3119 915 3206 964; x_wconf 87' lang='grc' dir='ltr'><strong>τόν</strong></span> <span class='ocrx_word' id='word_1_128' title='bbox 3260 914 3411 975; x_wconf 83' lang='grc' dir='ltr'><strong>Θεὸν,</strong></span> <span class='ocrx_word' id='word_1_129' title='bbox 3457 917 3547 964; x_wconf 81' lang='grc' dir='ltr'>καὶ</span> <span class='ocrx_word' id='word_1_130' title='bbox 3598 911 3914 987; x_wconf 77' lang='grc' dir='ltr'><strong>ἀρνησάμενοι</strong></span> 
     </span>
    </p>
   </div>
   <div class='ocr_carea' id='block_1_16' title="bbox 596 1000 2210 1078">
    <p class='ocr_par' dir='ltr' id='par_1_16' title="bbox 596 1001 2210 1059">
     <span class='ocr_line' id='line_1_16' title="bbox 596 1001 2210 1059; baseline 0 -3"><span class='ocrx_word' id='word_1_131' title='bbox 596 1001 801 1058; x_wconf 81' lang='lat' dir='ltr'><strong>subter</strong></span> <span class='ocrx_word' id='word_1_132' title='bbox 829 1002 1001 1058; x_wconf 86' lang='lat' dir='ltr'><strong>nobis</strong></span> <span class='ocrx_word' id='word_1_133' title='bbox 1058 1008 1215 1059; x_wconf 86' lang='lat' dir='ltr'><strong>sunt.</strong></span> <span class='ocrx_word' id='word_1_134' title='bbox 1247 1005 1409 1059; x_wconf 91' lang='lat' dir='ltr'><strong>Tunc</strong></span> <span class='ocrx_word' id='word_1_135' title='bbox 1436 1018 1618 1059; x_wconf 84' lang='lat' dir='ltr'><strong>senex</strong></span> <span class='ocrx_word' id='word_1_136' title='bbox 1649 1002 1972 1059; x_wconf 82' lang='lat' dir='ltr'><strong>calvariam</strong></span> <span class='ocrx_word' id='word_1_137' title='bbox 2006 1016 2210 1057; x_wconf 80' lang='lat' dir='ltr'><strong>sumen</strong></span> 
     </span>
    </p>
   </div>
   <div class='ocr_carea' id='block_1_17' title="bbox 2300 1000 3914 1078">
    <p class='ocr_par' dir='ltr' id='par_1_17' title="bbox 2361 1000 3914 1078">
     <span class='ocr_line' id='line_1_17' title="bbox 2361 1000 3914 1078; baseline 0.005 -27"><span class='ocrx_word' id='word_1_138' title='bbox 2361 1000 2513 1052; x_wconf 80' lang='grc' dir='ltr'>αὐτόν</span> <span class='ocrx_word' id='word_1_139' title='bbox 2548 1002 2618 1065; x_wconf 75' lang='grc'><strong>⁴¹,</strong></span> <span class='ocrx_word' id='word_1_140' title='bbox 2669 1002 3000 1054; x_wconf 74' lang='grc' dir='ltr'><strong>ὑποκάτωθεν</strong></span> <span class='ocrx_word' id='word_1_141' title='bbox 3040 1002 3185 1074; x_wconf 76' lang='grc' dir='ltr'>ἡμῶν</span> <span class='ocrx_word' id='word_1_142' title='bbox 3229 1000 3330 1053; x_wconf 83' lang='grc' dir='ltr'>εἰσι</span> <span class='ocrx_word' id='word_1_143' title='bbox 3364 1022 3376 1034; x_wconf 89' lang='grc'><strong>·</strong></span> <span class='ocrx_word' id='word_1_144' title='bbox 3409 1005 3499 1053; x_wconf 86' lang='grc' dir='ltr'>καὶ</span> <span class='ocrx_word' id='word_1_145' title='bbox 3547 1000 3707 1055; x_wconf 86' lang='grc' dir='ltr'>λαϐὼν</span> <span class='ocrx_word' id='word_1_146' title='bbox 3731 1005 3755 1055; x_wconf 90' lang='lat'><strong>6</strong></span> <span class='ocrx_word' id='word_1_147' title='bbox 3781 1010 3914 1078; x_wconf 82' lang='grc' dir='ltr'>γέρων</span> 
     </span>
    </p>
   </div>
   <div class='ocr_carea' id='block_1_18' title="bbox 593 1089 2207 1162">
    <p class='ocr_par' dir='ltr' id='par_1_18' title="bbox 593 1090 1140 1147">
     <span class='ocr_line' id='line_1_18' title="bbox 593 1090 1140 1147; baseline -0.005 0"><span class='ocrx_word' id='word_1_148' title='bbox 593 1090 783 1147; x_wconf 90' lang='lat' dir='ltr'><strong>humo</strong></span> <span class='ocrx_word' id='word_1_149' title='bbox 811 1092 1140 1147; x_wconf 88' lang='lat' dir='ltr'><strong>mandavit.</strong></span> 
     </span>
    </p>
   </div>
   <div class='ocr_carea' id='block_1_19' title="bbox 1584 1089 3198 1162">
    <p class='ocr_par' dir='ltr' id='par_1_19' title="bbox 2360 1089 3198 1162">
     <span class='ocr_line' id='line_1_19' title="bbox 2360 1089 3198 1162; baseline 0.005 -21"><span class='ocrx_word' id='word_1_150' title='bbox 2360 1091 2418 1141; x_wconf 85' lang='grc' dir='ltr'>τὸ</span> <span class='ocrx_word' id='word_1_151' title='bbox 2448 1094 2677 1162; x_wconf 79' lang='grc' dir='ltr'><strong>κρανίον,</strong></span> <span class='ocrx_word' id='word_1_152' title='bbox 2706 1092 2906 1161; x_wconf 77' lang='grc' dir='ltr'>ἔχωσεν</span> <span class='ocrx_word' id='word_1_153' title='bbox 2939 1089 3065 1143; x_wconf 82' lang='grc' dir='ltr'>αύτό</span> <span class='ocrx_word' id='word_1_154' title='bbox 3092 1093 3198 1162; x_wconf 85' lang='grc' dir='ltr'><strong>(α).</strong></span> 
     </span>
    </p>
   </div>
   <div class='ocr_carea' id='block_1_20' title="bbox 665 1177 2279 1253">
    <p class='ocr_par' dir='ltr' id='par_1_20' title="bbox 665 1178 2249 1252">
     <span class='ocr_line' id='line_1_20' title="bbox 665 1178 2249 1252; baseline -0.002 -15"><span class='ocrx_word' id='word_1_155' title='bbox 665 1184 755 1237; x_wconf 87' lang='grc'><strong>39.</strong></span> <span class='ocrx_word' id='word_1_156' title='bbox 804 1180 1131 1236; x_wconf 88' lang='lat' dir='ltr'><strong>Narrarunt</strong></span> <span class='ocrx_word' id='word_1_157' title='bbox 1186 1181 1506 1236; x_wconf 85' lang='lat' dir='ltr'><strong>Macarium</strong></span> <span class='ocrx_word' id='word_1_158' title='bbox 1557 1179 1916 1252; x_wconf 79' lang='lat' dir='ltr'><strong>Aegyptium</strong></span> <span class='ocrx_word' id='word_1_159' title='bbox 1967 1178 2249 1235; x_wconf 88' lang='lat' dir='ltr'><strong>abbatem</strong></span> 
     </span>
    </p>
   </div>
   <div class='ocr_carea' id='block_1_21' title="bbox 2300 1177 3914 1253">
    <p class='ocr_par' dir='ltr' id='par_1_21' title="bbox 2434 1177 3914 1253">
     <span class='ocr_line' id='line_1_21' title="bbox 2434 1177 3914 1253; baseline -0.002 -16"><span class='ocrx_word' id='word_1_160' title='bbox 2670 1183 2762 1235; x_wconf 83' lang='lat'><strong>39.</strong></span> <span class='ocrx_word' id='word_1_161' title='bbox 2810 1178 3018 1249; x_wconf 78' lang='grc' dir='ltr'>Ἔλεγον</span> <span class='ocrx_word' id='word_1_162' title='bbox 3075 1183 3193 1251; x_wconf 82' lang='grc' dir='ltr'>περὶ</span> <span class='ocrx_word' id='word_1_163' title='bbox 3240 1186 3332 1231; x_wconf 80' lang='grc' dir='ltr'>τοῦ</span> <span class='ocrx_word' id='word_1_164' title='bbox 3372 1177 3508 1231; x_wconf 78' lang='grc' dir='ltr'>ἁϐϐᾶ</span> <span class='ocrx_word' id='word_1_165' title='bbox 3557 1185 3814 1253; x_wconf 86' lang='grc' dir='ltr'>Μακαρίου</span> <span class='ocrx_word' id='word_1_166' title='bbox 3844 1190 3914 1239; x_wconf 83' lang='grc' dir='ltr'>τοῦ</span> 
     </span>
    </p>
   </div>
   <div class='ocr_carea' id='block_1_22' title="bbox 594 1267 2208 1342">
    <p class='ocr_par' dir='ltr' id='par_1_22' title="bbox 594 1268 2208 1342">
     <span class='ocr_line' id='line_1_22' title="bbox 594 1268 2208 1342; baseline -0.003 -15"><span class='ocrx_word' id='word_1_167' title='bbox 594 1270 923 1342; x_wconf 89' lang='lat' dir='ltr'><strong>aliquando</strong></span> <span class='ocrx_word' id='word_1_168' title='bbox 955 1286 986 1325; x_wconf 83' lang='grc' dir='ltr'>θ</span> <span class='ocrx_word' id='word_1_169' title='bbox 1028 1269 1175 1325; x_wconf 89' lang='lat' dir='ltr'><strong>Sceti</strong></span> <span class='ocrx_word' id='word_1_170' title='bbox 1218 1270 1561 1326; x_wconf 82' lang='lat' dir='ltr'><strong>ascendisse</strong></span> <span class='ocrx_word' id='word_1_171' title='bbox 1607 1270 1667 1325; x_wconf 92' lang='lat' dir='ltr'><strong>in</strong></span> <span class='ocrx_word' id='word_1_172' title='bbox 1706 1275 1973 1324; x_wconf 87' lang='lat' dir='ltr'><strong>montem</strong></span> <span class='ocrx_word' id='word_1_173' title='bbox 2011 1268 2208 1324; x_wconf 71' lang='lat' dir='ltr'><strong>Nitriat</strong></span> 
     </span>
    </p>
   </div>
   <div class='ocr_carea' id='block_1_23' title="bbox 2301 1267 3915 1342">
    <p class='ocr_par' dir='ltr' id='par_1_23' title="bbox 2360 1267 3915 1339">
     <span class='ocr_line' id='line_1_23' title="bbox 2360 1267 3915 1339; baseline 0.003 -20"><span class='ocrx_word' id='word_1_174' title='bbox 2360 1267 2674 1339; x_wconf 76' lang='grc' dir='ltr'>Αἰγυπτίου,</span> <span class='ocrx_word' id='word_1_175' title='bbox 2707 1270 2789 1320; x_wconf 86' lang='grc' dir='ltr'>ὅτι</span> <span class='ocrx_word' id='word_1_176' title='bbox 2839 1267 3073 1320; x_wconf 76' lang='grc' dir='ltr'>ἀνέϐαινέ</span> <span class='ocrx_word' id='word_1_177' title='bbox 3125 1287 3249 1321; x_wconf 86' lang='grc' dir='ltr'>ποτε</span> <span class='ocrx_word' id='word_1_178' title='bbox 3302 1270 3357 1320; x_wconf 74' lang='grc' dir='ltr'><strong>εκ</strong></span> <span class='ocrx_word' id='word_1_179' title='bbox 3409 1275 3502 1328; x_wconf 81' lang='grc' dir='ltr'>τῆς</span> <span class='ocrx_word' id='word_1_180' title='bbox 3548 1274 3768 1332; x_wconf 80' lang='grc' dir='ltr'>Σκήτεως</span> <span class='ocrx_word' id='word_1_181' title='bbox 3791 1271 3847 1332; x_wconf 84' lang='grc' dir='ltr'><strong>εἰς</strong></span> <span class='ocrx_word' id='word_1_182' title='bbox 3871 1276 3915 1324; x_wconf 82' lang='grc' dir='ltr'>τὸ</span> 
     </span>
    </p>
   </div>
   <div class='ocr_carea' id='block_1_24' title="bbox 591 1358 2205 1431">
    <p class='ocr_par' dir='ltr' id='par_1_24' title="bbox 591 1358 2205 1431">
     <span class='ocr_line' id='line_1_24' title="bbox 591 1358 2205 1431; baseline -0.001 -17"><span class='ocrx_word' id='word_1_183' title='bbox 591 1360 701 1427; x_wconf 86' lang='lat' dir='ltr'><strong>Qui</strong></span> <span class='ocrx_word' id='word_1_184' title='bbox 727 1376 915 1431; x_wconf 89' lang='lat' dir='ltr'><strong>quum</strong></span> <span class='ocrx_word' id='word_1_185' title='bbox 933 1361 1462 1431; x_wconf 86' lang='lat' dir='ltr'><strong>appropinquaret,</strong></span> <span class='ocrx_word' id='word_1_186' title='bbox 1488 1360 1573 1415; x_wconf 89' lang='lat' dir='ltr'><strong>ait</strong></span> <span class='ocrx_word' id='word_1_187' title='bbox 1597 1358 1894 1429; x_wconf 88' lang='lat' dir='ltr'><strong>discipulo</strong></span> <span class='ocrx_word' id='word_1_188' title='bbox 1914 1374 2058 1423; x_wconf 91' lang='lat' dir='ltr'><strong>suo;</strong></span> <span class='ocrx_word' id='word_1_189' title='bbox 2086 1360 2205 1413; x_wconf 78' lang='lat' dir='ltr'><strong>Pral</strong></span> 
     </span>
    </p>
   </div>
   <div class='ocr_carea' id='block_1_25' title="bbox 2303 1358 3917 1431">
    <p class='ocr_par' dir='ltr' id='par_1_25' title="bbox 2360 1358 3917 1429">
     <span class='ocr_line' id='line_1_25' title="bbox 2360 1358 3917 1429; baseline 0.003 -20"><span class='ocrx_word' id='word_1_190' title='bbox 2360 1361 2477 1429; x_wconf 82' lang='grc' dir='ltr'>ὅρος</span> <span class='ocrx_word' id='word_1_191' title='bbox 2501 1364 2594 1419; x_wconf 82' lang='grc' dir='ltr'>τῆς</span> <span class='ocrx_word' id='word_1_192' title='bbox 2628 1359 2844 1429; x_wconf 87' lang='grc' dir='ltr'>Νιτρίας</span> <span class='ocrx_word' id='word_1_193' title='bbox 2881 1373 2894 1386; x_wconf 92' lang='grc'><strong>⁸</strong></span> <span class='ocrx_word' id='word_1_194' title='bbox 2934 1361 3025 1410; x_wconf 82' lang='grc' dir='ltr'>καὶ</span> <span class='ocrx_word' id='word_1_195' title='bbox 3057 1359 3126 1419; x_wconf 85' lang='grc' dir='ltr'>ὡς</span> <span class='ocrx_word' id='word_1_196' title='bbox 3169 1361 3386 1429; x_wconf 78' lang='grc' dir='ltr'>ἤγγισεν</span> <span class='ocrx_word' id='word_1_197' title='bbox 3431 1358 3506 1420; x_wconf 89' lang='grc' dir='ltr'><strong>εἰς</strong></span> <span class='ocrx_word' id='word_1_198' title='bbox 3529 1362 3614 1411; x_wconf 82' lang='grc' dir='ltr'>τὸν</span> <span class='ocrx_word' id='word_1_199' title='bbox 3643 1363 3804 1424; x_wconf 86' lang='grc' dir='ltr'>τόπον,</span> <span class='ocrx_word' id='word_1_200' title='bbox 3833 1358 3917 1413; x_wconf 81' lang='grc' dir='ltr'>εἶπε</span> 
     </span>
    </p>
   </div>
   <div class='ocr_carea' id='block_1_26' title="bbox 590 1445 2204 1524">
    <p class='ocr_par' dir='ltr' id='par_1_26' title="bbox 590 1447 2204 1520">
     <span class='ocr_line' id='line_1_26' title="bbox 590 1447 2204 1520; baseline -0.001 -17"><span class='ocrx_word' id='word_1_201' title='bbox 590 1448 735 1504; x_wconf 88' lang='lat' dir='ltr'><strong>cede</strong></span> <span class='ocrx_word' id='word_1_202' title='bbox 760 1448 1094 1520; x_wconf 88' lang='lat' dir='ltr'><strong>paululum.</strong></span> <span class='ocrx_word' id='word_1_203' title='bbox 1116 1449 1225 1513; x_wconf 89' lang='lat' dir='ltr'><strong>Qui</strong></span> <span class='ocrx_word' id='word_1_204' title='bbox 1254 1448 1499 1520; x_wconf 87' lang='lat' dir='ltr'><strong>quidem</strong></span> <span class='ocrx_word' id='word_1_205' title='bbox 1533 1464 1667 1503; x_wconf 87' lang='lat' dir='ltr'><strong>cum</strong></span> <span class='ocrx_word' id='word_1_206' title='bbox 1705 1448 1977 1518; x_wconf 81' lang='lat' dir='ltr'><strong>praeiret,</strong></span> <span class='ocrx_word' id='word_1_207' title='bbox 2000 1447 2204 1501; x_wconf 74' lang='lat' dir='ltr'><strong>obviat</strong></span> 
     </span>
    </p>
   </div>
   <div class='ocr_carea' id='block_1_27' title="bbox 2304 1445 3918 1524">
    <p class='ocr_par' dir='ltr' id='par_1_27' title="bbox 2360 1445 3918 1524">
     <span class='ocr_line' id='line_1_27' title="bbox 2360 1445 3918 1524; baseline 0.002 -26"><span class='ocrx_word' id='word_1_208' title='bbox 2360 1454 2431 1516; x_wconf 82' lang='grc' dir='ltr'>τῷ</span> <span class='ocrx_word' id='word_1_209' title='bbox 2489 1448 2698 1518; x_wconf 76' lang='grc' dir='ltr'>μαθητῇ</span> <span class='ocrx_word' id='word_1_210' title='bbox 2734 1445 2893 1499; x_wconf 76' lang='grc' dir='ltr'>αὐτοῦ</span> <span class='ocrx_word' id='word_1_211' title='bbox 2935 1462 2947 1473; x_wconf 91' lang='grc'><strong>·</strong></span> <span class='ocrx_word' id='word_1_212' title='bbox 2988 1445 3213 1518; x_wconf 87' lang='grc' dir='ltr'>πρόλαϐε</span> <span class='ocrx_word' id='word_1_213' title='bbox 3241 1452 3428 1521; x_wconf 88' lang='grc' dir='ltr'>μικρόν</span> <span class='ocrx_word' id='word_1_214' title='bbox 3462 1468 3475 1480; x_wconf 90' lang='grc'><strong>·</strong></span> <span class='ocrx_word' id='word_1_215' title='bbox 3509 1452 3598 1500; x_wconf 84' lang='grc' dir='ltr'>καὶ</span> <span class='ocrx_word' id='word_1_216' title='bbox 3643 1446 3687 1500; x_wconf 72' lang='grc' dir='ltr'>ἐν</span> <span class='ocrx_word' id='word_1_217' title='bbox 3724 1456 3786 1519; x_wconf 85' lang='grc' dir='ltr'>τῷ</span> <span class='ocrx_word' id='word_1_218' title='bbox 3814 1469 3918 1524; x_wconf 84' lang='grc' dir='ltr'>προ-</span> 
     </span>
    </p>
   </div>
   <div class='ocr_carea' id='block_1_28' title="bbox 590 1535 2204 1608">
    <p class='ocr_par' dir='ltr' id='par_1_28' title="bbox 590 1535 2204 1608">
     <span class='ocr_line' id='line_1_28' title="bbox 590 1535 2204 1608; baseline -0.002 -15"><span class='ocrx_word' id='word_1_219' title='bbox 590 1537 1121 1608; x_wconf 82' lang='lat' dir='ltr'><strong>habuitquendam</strong></span> <span class='ocrx_word' id='word_1_220' title='bbox 1149 1538 1458 1605; x_wconf 77' lang='lat' dir='ltr'><strong>gentilium</strong></span> <span class='ocrx_word' id='word_1_221' title='bbox 1481 1536 1875 1592; x_wconf 76' lang='lat' dir='ltr'><strong>sacerdotem.</strong></span> <span class='ocrx_word' id='word_1_222' title='bbox 1908 1539 2099 1607; x_wconf 80' lang='lat' dir='ltr'><strong>Atque</strong></span> <span class='ocrx_word' id='word_1_223' title='bbox 2128 1535 2204 1590; x_wconf 82' lang='lat' dir='ltr'><strong>cla</strong></span> 
     </span>
    </p>
   </div>
   <div class='ocr_carea' id='block_1_29' title="bbox 2300 1535 3914 1608">
    <p class='ocr_par' dir='ltr' id='par_1_29' title="bbox 2360 1535 3914 1607">
     <span class='ocr_line' id='line_1_29' title="bbox 2360 1535 3914 1607; baseline 0.002 -20"><span class='ocrx_word' id='word_1_224' title='bbox 2360 1539 2503 1607; x_wconf 84' lang='grc' dir='ltr'>άγειν</span> <span class='ocrx_word' id='word_1_225' title='bbox 2559 1535 2713 1587; x_wconf 77' lang='grc' dir='ltr'>αὐτὸν</span> <span class='ocrx_word' id='word_1_226' title='bbox 2763 1542 2989 1606; x_wconf 87' lang='grc' dir='ltr'>συναντᾴ</span> <span class='ocrx_word' id='word_1_227' title='bbox 3026 1555 3129 1587; x_wconf 83' lang='grc' dir='ltr'>τινι</span> <span class='ocrx_word' id='word_1_228' title='bbox 3189 1537 3310 1606; x_wconf 83' lang='grc' dir='ltr'>ἱερεῖ</span> <span class='ocrx_word' id='word_1_229' title='bbox 3360 1545 3461 1588; x_wconf 78' lang='grc' dir='ltr'>τῶν</span> <span class='ocrx_word' id='word_1_230' title='bbox 3517 1535 3760 1594; x_wconf 81' lang='grc' dir='ltr'>Ἐλλήνων</span> <span class='ocrx_word' id='word_1_231' title='bbox 3794 1552 3805 1565; x_wconf 91' lang='grc'><strong>⁸</strong></span> <span class='ocrx_word' id='word_1_232' title='bbox 3842 1544 3914 1590; x_wconf 79' lang='grc' dir='ltr'>καὶ</span> 
     </span>
    </p>
   </div>
   <div class='ocr_carea' id='block_1_30' title="bbox 592 1620 2206 1699">
    <p class='ocr_par' dir='ltr' id='par_1_30' title="bbox 592 1625 2206 1697">
     <span class='ocr_line' id='line_1_30' title="bbox 592 1625 2206 1697; baseline -0.001 -17"><span class='ocrx_word' id='word_1_233' title='bbox 592 1642 765 1682; x_wconf 90' lang='lat' dir='ltr'><strong>mans</strong></span> <span class='ocrx_word' id='word_1_234' title='bbox 790 1626 967 1681; x_wconf 87' lang='lat' dir='ltr'><strong>frater</strong></span> <span class='ocrx_word' id='word_1_235' title='bbox 997 1643 1135 1681; x_wconf 90' lang='lat' dir='ltr'><strong>eum</strong></span> <span class='ocrx_word' id='word_1_236' title='bbox 1165 1628 1430 1682; x_wconf 87' lang='lat' dir='ltr'><strong>vocavit:</strong></span> <span class='ocrx_word' id='word_1_237' title='bbox 1460 1626 1603 1689; x_wconf 87' lang='lat' dir='ltr'><strong>Heu,</strong></span> <span class='ocrx_word' id='word_1_238' title='bbox 1638 1625 1776 1688; x_wconf 91' lang='lat' dir='ltr'><strong>heu,</strong></span> <span class='ocrx_word' id='word_1_239' title='bbox 1805 1625 2106 1697; x_wconf 90' lang='lat' dir='ltr'><strong>inquiens,</strong></span> <span class='ocrx_word' id='word_1_240' title='bbox 2126 1641 2206 1696; x_wconf 91' lang='lat' dir='ltr'><strong>qu</strong></span> 
     </span>
    </p>
   </div>
   <div class='ocr_carea' id='block_1_31' title="bbox 2299 1620 3913 1699">
    <p class='ocr_par' dir='ltr' id='par_1_31' title="bbox 2362 1620 3913 1699">
     <span class='ocr_line' id='line_1_31' title="bbox 2362 1620 3913 1699; baseline 0.003 -25"><span class='ocrx_word' id='word_1_241' title='bbox 2362 1623 2556 1696; x_wconf 80' lang='grc' dir='ltr'>κράξας</span> <span class='ocrx_word' id='word_1_242' title='bbox 2585 1624 2725 1695; x_wconf 80' lang='grc' dir='ltr'>αὐτῷ</span> <span class='ocrx_word' id='word_1_243' title='bbox 2748 1626 2773 1675; x_wconf 91' lang='grc' dir='ltr'><strong>ό</strong></span> <span class='ocrx_word' id='word_1_244' title='bbox 2813 1620 3029 1697; x_wconf 74' lang='grc' dir='ltr'>ἁδελφὸς</span> <span class='ocrx_word' id='word_1_245' title='bbox 3069 1623 3246 1697; x_wconf 73' lang='grc' dir='ltr'>ἐφώνει</span> <span class='ocrx_word' id='word_1_246' title='bbox 3275 1624 3436 1696; x_wconf 78' lang='grc' dir='ltr'>λέγων</span> <span class='ocrx_word' id='word_1_247' title='bbox 3474 1639 3487 1653; x_wconf 98' lang='grc'><strong>⁸</strong></span> <span class='ocrx_word' id='word_1_248' title='bbox 3527 1622 3598 1691; x_wconf 85' lang='grc' dir='ltr'>αἶ,</span> <span class='ocrx_word' id='word_1_249' title='bbox 3633 1622 3704 1690; x_wconf 82' lang='grc' dir='ltr'>αἶ,</span> <span class='ocrx_word' id='word_1_250' title='bbox 3737 1624 3913 1699; x_wconf 82' lang='grc' dir='ltr'>δαῖμον,</span> 
     </span>
    </p>
   </div>
   <div class='ocr_carea' id='block_1_32' title="bbox 591 1708 2205 1788">
    <p class='ocr_par' dir='ltr' id='par_1_32' title="bbox 591 1715 2205 1788">
     <span class='ocr_line' id='line_1_32' title="bbox 591 1715 2205 1788; baseline -0.001 -17"><span class='ocrx_word' id='word_1_251' title='bbox 591 1720 803 1782; x_wconf 89' lang='lat' dir='ltr'><strong>curris,</strong></span> <span class='ocrx_word' id='word_1_252' title='bbox 837 1718 1099 1771; x_wconf 90' lang='lat' dir='ltr'><strong>daemon</strong></span> <span class='ocrx_word' id='word_1_253' title='bbox 1126 1716 1156 1769; x_wconf 76' lang='lat' dir='ltr'><strong>‘P</strong></span> <span class='ocrx_word' id='word_1_254' title='bbox 1182 1716 1279 1772; x_wconf 92' lang='lat' dir='ltr'><strong>lile</strong></span> <span class='ocrx_word' id='word_1_255' title='bbox 1308 1732 1447 1771; x_wconf 88' lang='lat' dir='ltr'><strong>vero</strong></span> <span class='ocrx_word' id='word_1_256' title='bbox 1479 1732 1807 1772; x_wconf 90' lang='lat' dir='ltr'><strong>conversus</strong></span> <span class='ocrx_word' id='word_1_257' title='bbox 1843 1715 2059 1788; x_wconf 81' lang='lat' dir='ltr'><strong>plagas</strong></span> <span class='ocrx_word' id='word_1_258' title='bbox 2083 1715 2132 1770; x_wconf 93' lang='lat' dir='ltr'><strong>ei</strong></span> <span class='ocrx_word' id='word_1_259' title='bbox 2168 1718 2205 1771; x_wconf 78' lang='lat' dir='ltr'><strong>ir</strong></span> 
     </span>
    </p>
   </div>
   <div class='ocr_carea' id='block_1_33' title="bbox 2304 1708 3918 1788">
    <p class='ocr_par' dir='ltr' id='par_1_33' title="bbox 2304 1708 3918 1787">
     <span class='ocr_line' id='line_1_33' title="bbox 2304 1708 3918 1787; baseline 0.001 -22"><span class='ocrx_word' id='word_1_260' title='bbox 2304 1721 2332 1775; x_wconf 69' lang='grc' dir='ltr'><strong>Β</strong></span> <span class='ocrx_word' id='word_1_261' title='bbox 2362 1718 2463 1765; x_wconf 85' lang='grc' dir='ltr'>πόῦ</span> <span class='ocrx_word' id='word_1_262' title='bbox 2491 1717 2734 1783; x_wconf 85' lang='grc' dir='ltr'>τρέχεις;</span> <span class='ocrx_word' id='word_1_263' title='bbox 2776 1718 3014 1786; x_wconf 72' lang='grc' dir='ltr'>στραφεὶς</span> <span class='ocrx_word' id='word_1_264' title='bbox 3064 1710 3122 1766; x_wconf 72' lang='grc' dir='ltr'><strong>δὲ</strong></span> <span class='ocrx_word' id='word_1_265' title='bbox 3169 1716 3352 1774; x_wconf 72' lang='grc' dir='ltr'>ἐκεῖνος</span> <span class='ocrx_word' id='word_1_266' title='bbox 3403 1708 3557 1766; x_wconf 81' lang='grc' dir='ltr'>διδοῖ</span> <span class='ocrx_word' id='word_1_267' title='bbox 3590 1714 3722 1787; x_wconf 83' lang='grc' dir='ltr'>αύτῷ</span> <span class='ocrx_word' id='word_1_268' title='bbox 3746 1715 3918 1786; x_wconf 82' lang='grc' dir='ltr'>πληγὰς</span> 
     </span>
    </p>
   </div>
   <div class='ocr_carea' id='block_1_34' title="bbox 586 1801 2200 1877">
    <p class='ocr_par' dir='ltr' id='par_1_34' title="bbox 586 1805 2200 1877">
     <span class='ocr_line' id='line_1_34' title="bbox 586 1805 2200 1877; baseline 0 -17"><span class='ocrx_word' id='word_1_269' title='bbox 586 1805 752 1869; x_wconf 81' lang='lat' dir='ltr'><strong>ﬂixit,</strong></span> <span class='ocrx_word' id='word_1_270' title='bbox 788 1806 1142 1877; x_wconf 87' lang='lat' dir='ltr'><strong>reliquitque</strong></span> <span class='ocrx_word' id='word_1_271' title='bbox 1175 1806 1655 1861; x_wconf 89' lang='lat' dir='ltr'><strong>semimortuum.</strong></span> <span class='ocrx_word' id='word_1_272' title='bbox 1702 1807 1782 1860; x_wconf 91' lang='lat' dir='ltr'><strong>Ac</strong></span> <span class='ocrx_word' id='word_1_273' title='bbox 1827 1805 2037 1860; x_wconf 87' lang='lat' dir='ltr'><strong>tollens</strong></span> <span class='ocrx_word' id='word_1_274' title='bbox 2085 1821 2200 1877; x_wconf 87' lang='lat' dir='ltr'><strong>quo</strong></span> 
     </span>
    </p>
   </div>
   <div class='ocr_carea' id='block_1_35' title="bbox 2298 1801 3912 1877">
    <p class='ocr_par' dir='ltr' id='par_1_35' title="bbox 2362 1801 3912 1877">
     <span class='ocr_line' id='line_1_35' title="bbox 2362 1801 3912 1877; baseline 0.002 -24"><span class='ocrx_word' id='word_1_275' title='bbox 2362 1808 2451 1854; x_wconf 85' lang='grc' dir='ltr'>καὶ</span> <span class='ocrx_word' id='word_1_276' title='bbox 2491 1801 2631 1873; x_wconf 76' lang='grc' dir='ltr'>ἀφίει</span> <span class='ocrx_word' id='word_1_277' title='bbox 2658 1801 2812 1854; x_wconf 80' lang='grc' dir='ltr'>αὐτόν</span> <span class='ocrx_word' id='word_1_278' title='bbox 2842 1804 3070 1873; x_wconf 81' lang='grc' dir='ltr'>ἡμιθανῆ</span> <span class='ocrx_word' id='word_1_279' title='bbox 3106 1822 3119 1834; x_wconf 84' lang='grc'><strong>⁸</strong></span> <span class='ocrx_word' id='word_1_280' title='bbox 3154 1808 3244 1855; x_wconf 83' lang='grc' dir='ltr'>καὶ</span> <span class='ocrx_word' id='word_1_281' title='bbox 3285 1804 3417 1876; x_wconf 80' lang='grc' dir='ltr'>ἄρας</span> <span class='ocrx_word' id='word_1_282' title='bbox 3450 1807 3508 1856; x_wconf 89' lang='grc' dir='ltr'>τὸ</span> <span class='ocrx_word' id='word_1_283' title='bbox 3556 1803 3695 1866; x_wconf 82' lang='grc' dir='ltr'>ξύλον</span> <span class='ocrx_word' id='word_1_284' title='bbox 3724 1806 3912 1877; x_wconf 77' lang='grc' dir='ltr'>ἔτρεχε·</span> 
     </span>
    </p>
   </div>
   <div class='ocr_carea' id='block_1_36' title="bbox 588 1889 2202 1967">
    <p class='ocr_par' dir='ltr' id='par_1_36' title="bbox 588 1894 2202 1967">
     <span class='ocr_line' id='line_1_36' title="bbox 588 1894 2202 1967; baseline -0.001 -18"><span class='ocrx_word' id='word_1_285' title='bbox 588 1894 1130 1967; x_wconf 84' lang='lat' dir='ltr'><strong>portabatlignum,</strong></span> <span class='ocrx_word' id='word_1_286' title='bbox 1159 1894 1435 1949; x_wconf 86' lang='lat' dir='ltr'><strong>cucurrit.</strong></span> <span class='ocrx_word' id='word_1_287' title='bbox 1469 1894 1787 1950; x_wconf 88' lang='lat' dir='ltr'><strong>Paululum</strong></span> <span class='ocrx_word' id='word_1_288' title='bbox 1811 1909 2129 1965; x_wconf 79' lang='lat' dir='ltr'><strong>progresso</strong></span> <span class='ocrx_word' id='word_1_289' title='bbox 2147 1894 2202 1948; x_wconf 94' lang='lat' dir='ltr'><strong>ol</strong></span> 
     </span>
    </p>
   </div>
   <div class='ocr_carea' id='block_1_37' title="bbox 2303 1889 3917 1967">
    <p class='ocr_par' dir='ltr' id='par_1_37' title="bbox 2361 1889 3917 1966">
     <span class='ocr_line' id='line_1_37' title="bbox 2361 1889 3917 1966; baseline 0.001 -23"><span class='ocrx_word' id='word_1_290' title='bbox 2361 1896 2451 1943; x_wconf 83' lang='grc' dir='ltr'>καὶ</span> <span class='ocrx_word' id='word_1_291' title='bbox 2497 1889 2745 1963; x_wconf 84' lang='grc' dir='ltr'>προϐάντι</span> <span class='ocrx_word' id='word_1_292' title='bbox 2794 1890 2964 1962; x_wconf 83' lang='grc' dir='ltr'>ὀλίγον</span> <span class='ocrx_word' id='word_1_293' title='bbox 3015 1897 3241 1962; x_wconf 79' lang='grc' dir='ltr'>συναντᾷ</span> <span class='ocrx_word' id='word_1_294' title='bbox 3281 1892 3423 1962; x_wconf 84' lang='grc' dir='ltr'>αύτῷ</span> <span class='ocrx_word' id='word_1_295' title='bbox 3478 1890 3637 1954; x_wconf 80' lang='grc' dir='ltr'>ἁϐϐᾶς</span> <span class='ocrx_word' id='word_1_296' title='bbox 3684 1895 3917 1966; x_wconf 79' lang='grc' dir='ltr'>Μακάριος</span> 
     </span>
    </p>
   </div>
   <div class='ocr_carea' id='block_1_38' title="bbox 590 1980 2204 2054">
    <p class='ocr_par' dir='ltr' id='par_1_38' title="bbox 590 1982 2204 2054">
     <span class='ocr_line' id='line_1_38' title="bbox 590 1982 2204 2054; baseline -0.001 -15"><span class='ocrx_word' id='word_1_297' title='bbox 590 1984 748 2040; x_wconf 87' lang='lat' dir='ltr'><strong>viam</strong></span> <span class='ocrx_word' id='word_1_298' title='bbox 765 1984 827 2043; x_wconf 85' lang='lat' dir='ltr'><strong>ﬁt</strong></span> <span class='ocrx_word' id='word_1_299' title='bbox 841 1985 991 2038; x_wconf 88' lang='lat' dir='ltr'><strong>inter</strong></span> <span class='ocrx_word' id='word_1_300' title='bbox 1014 2000 1257 2039; x_wconf 90' lang='lat' dir='ltr'><strong>cursum</strong></span> <span class='ocrx_word' id='word_1_301' title='bbox 1274 1984 1566 2039; x_wconf 86' lang='lat' dir='ltr'><strong>Macarius</strong></span> <span class='ocrx_word' id='word_1_302' title='bbox 1580 1982 1791 2047; x_wconf 88' lang='lat' dir='ltr'><strong>abbas,</strong></span> <span class='ocrx_word' id='word_1_303' title='bbox 1813 1983 1907 2054; x_wconf 90' lang='lat' dir='ltr'><strong>qui</strong></span> <span class='ocrx_word' id='word_1_304' title='bbox 1928 1982 1978 2037; x_wconf 87' lang='lat' dir='ltr'><strong>ei</strong></span> <span class='ocrx_word' id='word_1_305' title='bbox 1999 1999 2011 2036; x_wconf 89' lang='lat'>:</span> <span class='ocrx_word' id='word_1_306' title='bbox 2039 1982 2204 2038; x_wconf 71' lang='lat' dir='ltr'><strong>Salvr</strong></span> 
     </span>
    </p>
   </div>
   <div class='ocr_carea' id='block_1_39' title="bbox 2300 1980 3914 2054">
    <p class='ocr_par' dir='ltr' id='par_1_39' title="bbox 2360 1980 3914 2054">
     <span class='ocr_line' id='line_1_39' title="bbox 2360 1980 3914 2054; baseline 0.001 -21"><span class='ocrx_word' id='word_1_307' title='bbox 2360 1985 2598 2053; x_wconf 77' lang='grc' dir='ltr'>τρέχοντι</span> <span class='ocrx_word' id='word_1_308' title='bbox 2650 1996 2663 2008; x_wconf 88' lang='grc'><strong>⁸</strong></span> <span class='ocrx_word' id='word_1_309' title='bbox 2706 1986 2792 2033; x_wconf 75' lang='grc' dir='ltr'>καὶ</span> <span class='ocrx_word' id='word_1_310' title='bbox 2824 1980 2958 2052; x_wconf 77' lang='grc' dir='ltr'>λέγει</span> <span class='ocrx_word' id='word_1_311' title='bbox 2988 1981 3128 2051; x_wconf 75' lang='grc' dir='ltr'>αὐτῷ</span> <span class='ocrx_word' id='word_1_312' title='bbox 3164 2003 3176 2014; x_wconf 92' lang='grc'>·</span> <span class='ocrx_word' id='word_1_313' title='bbox 3222 1982 3469 2050; x_wconf 81' lang='grc' dir='ltr'>σωθείης,</span> <span class='ocrx_word' id='word_1_314' title='bbox 3513 1984 3742 2047; x_wconf 85' lang='grc' dir='ltr'>σωθείης,</span> <span class='ocrx_word' id='word_1_315' title='bbox 3772 2003 3914 2054; x_wconf 87' lang='grc' dir='ltr'>καμα-</span> 
     </span>
    </p>
   </div>
   <div class='ocr_carea' id='block_1_40' title="bbox 589 2067 2203 2144">
    <p class='ocr_par' dir='ltr' id='par_1_40' title="bbox 589 2071 2203 2144">
     <span class='ocr_line' id='line_1_40' title="bbox 589 2071 2203 2144; baseline -0.001 -17"><span class='ocrx_word' id='word_1_316' title='bbox 589 2074 693 2141; x_wconf 88' lang='lat' dir='ltr'><strong>sis,</strong></span> <span class='ocrx_word' id='word_1_317' title='bbox 726 2073 940 2144; x_wconf 89' lang='lat' dir='ltr'><strong>inquit,</strong></span> <span class='ocrx_word' id='word_1_318' title='bbox 976 2074 1175 2127; x_wconf 89' lang='lat' dir='ltr'><strong>salvus</strong></span> <span class='ocrx_word' id='word_1_319' title='bbox 1209 2072 1307 2137; x_wconf 88' lang='lat' dir='ltr'><strong>sis,</strong></span> <span class='ocrx_word' id='word_1_320' title='bbox 1338 2073 1543 2127; x_wconf 90' lang='lat' dir='ltr'><strong>labore</strong></span> <span class='ocrx_word' id='word_1_321' title='bbox 1587 2072 1880 2128; x_wconf 76' lang='lat' dir='ltr'><strong>confecta.</strong></span> <span class='ocrx_word' id='word_1_322' title='bbox 1930 2071 2025 2127; x_wconf 92' lang='lat' dir='ltr'><strong>llle</strong></span> <span class='ocrx_word' id='word_1_323' title='bbox 2064 2072 2203 2127; x_wconf 86' lang='lat' dir='ltr'><strong>adm</strong></span> 
     </span>
    </p>
   </div>
   <div class='ocr_carea' id='block_1_41' title="bbox 2298 2067 3912 2144">
    <p class='ocr_par' dir='ltr' id='par_1_41' title="bbox 2360 2067 3912 2144">
     <span class='ocr_line' id='line_1_41' title="bbox 2360 2067 3912 2144; baseline 0.001 -22"><span class='ocrx_word' id='word_1_324' title='bbox 2360 2076 2485 2144; x_wconf 83' lang='grc' dir='ltr'>τηρέ</span> <span class='ocrx_word' id='word_1_325' title='bbox 2516 2089 2528 2102; x_wconf 88' lang='grc'><strong>⁸</strong></span> <span class='ocrx_word' id='word_1_326' title='bbox 2577 2075 2666 2123; x_wconf 79' lang='grc' dir='ltr'>καὶ</span> <span class='ocrx_word' id='word_1_327' title='bbox 2724 2072 2998 2142; x_wconf 81' lang='grc' dir='ltr'>θαυμάσας</span> <span class='ocrx_word' id='word_1_328' title='bbox 3052 2067 3173 2128; x_wconf 78' lang='grc' dir='ltr'>ἦλθε</span> <span class='ocrx_word' id='word_1_329' title='bbox 3232 2073 3363 2143; x_wconf 83' lang='grc' dir='ltr'>πρὸς</span> <span class='ocrx_word' id='word_1_330' title='bbox 3418 2070 3573 2123; x_wconf 80' lang='grc' dir='ltr'>αὐτόν</span> <span class='ocrx_word' id='word_1_331' title='bbox 3628 2076 3714 2124; x_wconf 79' lang='grc' dir='ltr'>καὶ</span> <span class='ocrx_word' id='word_1_332' title='bbox 3764 2070 3912 2124; x_wconf 86' lang='grc' dir='ltr'>εἶπεν·</span> 
     </span>
    </p>
   </div>
   <div class='ocr_carea' id='block_1_42' title="bbox 586 2156 2200 2231">
    <p class='ocr_par' dir='ltr' id='par_1_42' title="bbox 586 2160 2200 2229">
     <span class='ocr_line' id='line_1_42' title="bbox 586 2160 2200 2229; baseline -0.003 -12"><span class='ocrx_word' id='word_1_333' title='bbox 586 2169 750 2217; x_wconf 85' lang='lat' dir='ltr'><strong>ratus</strong></span> <span class='ocrx_word' id='word_1_334' title='bbox 784 2163 942 2216; x_wconf 83' lang='lat' dir='ltr'><strong>venit</strong></span> <span class='ocrx_word' id='word_1_335' title='bbox 967 2162 1042 2216; x_wconf 90' lang='lat' dir='ltr'><strong>ad</strong></span> <span class='ocrx_word' id='word_1_336' title='bbox 1074 2179 1210 2217; x_wconf 89' lang='lat' dir='ltr'><strong>eum</strong></span> <span class='ocrx_word' id='word_1_337' title='bbox 1240 2168 1296 2217; x_wconf 91' lang='lat' dir='ltr'><strong>et</strong></span> <span class='ocrx_word' id='word_1_338' title='bbox 1322 2163 1436 2216; x_wconf 86' lang='lat' dir='ltr'><strong>ait:</strong></span> <span class='ocrx_word' id='word_1_339' title='bbox 1473 2161 1619 2229; x_wconf 90' lang='lat' dir='ltr'><strong>Quid</strong></span> <span class='ocrx_word' id='word_1_340' title='bbox 1653 2161 1793 2217; x_wconf 90' lang='lat' dir='ltr'><strong>boni</strong></span> <span class='ocrx_word' id='word_1_341' title='bbox 1818 2160 2016 2215; x_wconf 86' lang='lat' dir='ltr'><strong>vidisti</strong></span> <span class='ocrx_word' id='word_1_342' title='bbox 2046 2162 2103 2214; x_wconf 94' lang='lat' dir='ltr'><strong>in</strong></span> <span class='ocrx_word' id='word_1_343' title='bbox 2131 2177 2200 2215; x_wconf 61' lang='lat' dir='ltr'><strong>ml</strong></span> 
     </span>
    </p>
   </div>
   <div class='ocr_carea' id='block_1_43' title="bbox 2302 2156 3916 2231">
    <p class='ocr_par' dir='ltr' id='par_1_43' title="bbox 2361 2156 3916 2231">
     <span class='ocr_line' id='line_1_43' title="bbox 2361 2156 3916 2231; baseline 0 -20"><span class='ocrx_word' id='word_1_344' title='bbox 2361 2165 2410 2211; x_wconf 89' lang='grc' dir='ltr'><strong>τί</strong></span> <span class='ocrx_word' id='word_1_345' title='bbox 2439 2159 2593 2211; x_wconf 85' lang='grc' dir='ltr'>καλὸν</span> <span class='ocrx_word' id='word_1_346' title='bbox 2632 2156 2761 2219; x_wconf 81' lang='grc' dir='ltr'>εἶδες</span> <span class='ocrx_word' id='word_1_347' title='bbox 2790 2159 2838 2210; x_wconf 80' lang='grc' dir='ltr'>ἐν</span> <span class='ocrx_word' id='word_1_348' title='bbox 2886 2160 3021 2230; x_wconf 76' lang='grc' dir='ltr'>ἐμοί,</span> <span class='ocrx_word' id='word_1_349' title='bbox 3071 2160 3151 2211; x_wconf 84' lang='grc' dir='ltr'>ὅτι</span> <span class='ocrx_word' id='word_1_350' title='bbox 3203 2162 3636 2231; x_wconf 79' lang='grc' dir='ltr'>προσηγόρευσάς</span> <span class='ocrx_word' id='word_1_351' title='bbox 3678 2180 3736 2231; x_wconf 90' lang='grc' dir='ltr'><strong>με</strong></span> <span class='ocrx_word' id='word_1_352' title='bbox 3766 2176 3777 2226; x_wconf 92' lang='grc'>;</span> <span class='ocrx_word' id='word_1_353' title='bbox 3805 2160 3916 2231; x_wconf 59' lang='lat' dir='ltr'><strong>Myrr</strong></span> 
     </span>
    </p>
   </div>
   <div class='ocr_carea' id='block_1_44' title="bbox 585 2245 2199 2323">
    <p class='ocr_par' dir='ltr' id='par_1_44' title="bbox 585 2249 2199 2323">
     <span class='ocr_line' id='line_1_44' title="bbox 585 2249 2199 2323; baseline -0.001 -17"><span class='ocrx_word' id='word_1_354' title='bbox 585 2251 751 2323; x_wconf 90' lang='lat' dir='ltr'><strong>quod</strong></span> <span class='ocrx_word' id='word_1_355' title='bbox 780 2267 875 2305; x_wconf 92' lang='lat' dir='ltr'><strong>me</strong></span> <span class='ocrx_word' id='word_1_356' title='bbox 907 2251 1296 2306; x_wconf 76' lang='lat' dir='ltr'><strong>salutaveris?</strong></span> <span class='ocrx_word' id='word_1_357' title='bbox 1325 2251 1417 2306; x_wconf 86' lang='lat' dir='ltr'><strong>Ait</strong></span> <span class='ocrx_word' id='word_1_358' title='bbox 1446 2252 1497 2306; x_wconf 91' lang='lat' dir='ltr'><strong>ei</strong></span> <span class='ocrx_word' id='word_1_359' title='bbox 1525 2266 1740 2306; x_wconf 82' lang='lat' dir='ltr'><strong>senex:</strong></span> <span class='ocrx_word' id='word_1_360' title='bbox 1774 2249 2071 2318; x_wconf 92' lang='lat' dir='ltr'><strong>Quoniam</strong></span> <span class='ocrx_word' id='word_1_361' title='bbox 2110 2266 2199 2305; x_wconf 74' lang='lat' dir='ltr'><strong>co:</strong></span> 
     </span>
    </p>
   </div>
   <div class='ocr_carea' id='block_1_45' title="bbox 2302 2245 3916 2323">
    <p class='ocr_par' dir='ltr' id='par_1_45' title="bbox 2359 2245 3916 2323">
     <span class='ocr_line' id='line_1_45' title="bbox 2359 2245 3916 2323; baseline 0.001 -23"><span class='ocrx_word' id='word_1_362' title='bbox 2359 2247 2499 2320; x_wconf 79' lang='grc' dir='ltr'>αύτῷ</span> <span class='ocrx_word' id='word_1_363' title='bbox 2538 2251 2563 2300; x_wconf 94' lang='lat'><strong>6</strong></span> <span class='ocrx_word' id='word_1_364' title='bbox 2614 2253 2776 2323; x_wconf 74' lang='grc' dir='ltr'>γέρων</span> <span class='ocrx_word' id='word_1_365' title='bbox 2811 2270 2823 2282; x_wconf 89' lang='grc'><strong>⁸</strong></span> <span class='ocrx_word' id='word_1_366' title='bbox 2875 2250 2955 2300; x_wconf 87' lang='grc' dir='ltr'>ὃτι</span> <span class='ocrx_word' id='word_1_367' title='bbox 2986 2245 3125 2301; x_wconf 83' lang='grc' dir='ltr'>εἶδόν</span> <span class='ocrx_word' id='word_1_368' title='bbox 3180 2268 3238 2302; x_wconf 87' lang='grc' dir='ltr'><strong>σε</strong></span> <span class='ocrx_word' id='word_1_369' title='bbox 3286 2258 3555 2301; x_wconf 82' lang='grc' dir='ltr'>κοπιῶντα</span> <span class='ocrx_word' id='word_1_370' title='bbox 3581 2267 3594 2279; x_wconf 90' lang='grc'><strong>⁸</strong></span> <span class='ocrx_word' id='word_1_371' title='bbox 3630 2254 3716 2301; x_wconf 82' lang='grc' dir='ltr'>καὶ</span> <span class='ocrx_word' id='word_1_372' title='bbox 3755 2249 3836 2301; x_wconf 78' lang='grc' dir='ltr'>οὐκ</span> <span class='ocrx_word' id='word_1_373' title='bbox 3859 2246 3916 2301; x_wconf 86' lang='grc' dir='ltr'><strong>οἷ-</strong></span> 
     </span>
    </p>
   </div>
   <div class='ocr_carea' id='block_1_46' title="bbox 585 2335 2199 2424">
    <p class='ocr_par' dir='ltr' id='par_1_46' title="bbox 585 2338 2199 2412">
     <span class='ocr_line' id='line_1_46' title="bbox 585 2338 2199 2412; baseline -0.001 -17"><span class='ocrx_word' id='word_1_374' title='bbox 585 2342 751 2412; x_wconf 83' lang='lat' dir='ltr'><strong>spexi</strong></span> <span class='ocrx_word' id='word_1_375' title='bbox 780 2348 829 2395; x_wconf 86' lang='lat' dir='ltr'><strong>te</strong></span> <span class='ocrx_word' id='word_1_376' title='bbox 851 2340 1051 2395; x_wconf 90' lang='lat' dir='ltr'><strong>labore</strong></span> <span class='ocrx_word' id='word_1_377' title='bbox 1074 2340 1323 2406; x_wconf 85' lang='lat' dir='ltr'><strong>fessum,</strong></span> <span class='ocrx_word' id='word_1_378' title='bbox 1346 2357 1414 2395; x_wconf 89' lang='lat' dir='ltr'><strong>ac</strong></span> <span class='ocrx_word' id='word_1_379' title='bbox 1444 2341 1635 2395; x_wconf 90' lang='lat' dir='ltr'><strong>nescis</strong></span> <span class='ocrx_word' id='word_1_380' title='bbox 1662 2345 1715 2395; x_wconf 89' lang='lat' dir='ltr'><strong>te</strong></span> <span class='ocrx_word' id='word_1_381' title='bbox 1744 2341 1802 2394; x_wconf 89' lang='lat' dir='ltr'><strong>in</strong></span> <span class='ocrx_word' id='word_1_382' title='bbox 1830 2355 2054 2395; x_wconf 89' lang='lat' dir='ltr'><strong>vanum</strong></span> <span class='ocrx_word' id='word_1_383' title='bbox 2081 2338 2199 2394; x_wconf 68' lang='lat' dir='ltr'><strong>def:</strong></span> 
     </span>
    </p>
   </div>
   <div class='ocr_carea' id='block_1_47' title="bbox 2299 2335 3913 2424">
    <p class='ocr_par' dir='ltr' id='par_1_47' title="bbox 2359 2335 3913 2424">
     <span class='ocr_line' id='line_1_47' title="bbox 2359 2335 3913 2424; baseline -0.001 -34"><span class='ocrx_word' id='word_1_384' title='bbox 2359 2335 2477 2402; x_wconf 83' lang='grc' dir='ltr'>δας,</span> <span class='ocrx_word' id='word_1_385' title='bbox 2536 2340 2611 2390; x_wconf 90' lang='grc' dir='ltr'>ὄτι</span> <span class='ocrx_word' id='word_1_386' title='bbox 2669 2339 2739 2399; x_wconf 77' lang='grc' dir='ltr'><strong>εἰς</strong></span> <span class='ocrx_word' id='word_1_387' title='bbox 2777 2341 2918 2390; x_wconf 82' lang='grc' dir='ltr'>κενὸν</span> <span class='ocrx_word' id='word_1_388' title='bbox 2972 2344 3159 2424; x_wconf 61' lang='grc' dir='ltr'>κρπιᾷς</span> <span class='ocrx_word' id='word_1_389' title='bbox 3195 2356 3206 2367; x_wconf 89' lang='grc'><strong>⁸</strong></span> <span class='ocrx_word' id='word_1_390' title='bbox 3262 2338 3395 2409; x_wconf 81' lang='grc' dir='ltr'>λέγει</span> <span class='ocrx_word' id='word_1_391' title='bbox 3458 2338 3592 2409; x_wconf 85' lang='grc' dir='ltr'>αύτῷ</span> <span class='ocrx_word' id='word_1_392' title='bbox 3624 2344 3708 2390; x_wconf 84' lang='grc' dir='ltr'>καὶ</span> <span class='ocrx_word' id='word_1_393' title='bbox 3744 2338 3876 2399; x_wconf 78' lang='grc' dir='ltr'>αύτός</span> <span class='ocrx_word' id='word_1_394' title='bbox 3903 2354 3913 2367; x_wconf 91' lang='grc'><strong>⁸</strong></span> 
     </span>
    </p>
   </div>
   <div class='ocr_carea' id='block_1_48' title="bbox 584 2425 2198 2501">
    <p class='ocr_par' dir='ltr' id='par_1_48' title="bbox 584 2428 2198 2501">
     <span class='ocr_line' id='line_1_48' title="bbox 584 2428 2198 2501; baseline -0.001 -16"><span class='ocrx_word' id='word_1_395' title='bbox 584 2429 773 2501; x_wconf 90' lang='lat' dir='ltr'><strong>tigari.</strong></span> <span class='ocrx_word' id='word_1_396' title='bbox 809 2429 1144 2501; x_wconf 84' lang='lat' dir='ltr'><strong>Respondet</strong></span> <span class='ocrx_word' id='word_1_397' title='bbox 1168 2429 1296 2485; x_wconf 90' lang='lat' dir='ltr'><strong>ille:</strong></span> <span class='ocrx_word' id='word_1_398' title='bbox 1328 2432 1388 2485; x_wconf 88' lang='lat' dir='ltr'><strong>Et</strong></span> <span class='ocrx_word' id='word_1_399' title='bbox 1419 2445 1530 2499; x_wconf 90' lang='lat' dir='ltr'><strong>ego</strong></span> <span class='ocrx_word' id='word_1_400' title='bbox 1565 2428 1923 2484; x_wconf 89' lang='lat' dir='ltr'><strong>salutatione</strong></span> <span class='ocrx_word' id='word_1_401' title='bbox 1958 2434 2059 2483; x_wconf 90' lang='lat' dir='ltr'><strong>tua</strong></span> <span class='ocrx_word' id='word_1_402' title='bbox 2085 2444 2198 2483; x_wconf 87' lang='lat' dir='ltr'><strong>con</strong></span> 
     </span>
    </p>
   </div>
   <div class='ocr_carea' id='block_1_49' title="bbox 2302 2425 3916 2501">
    <p class='ocr_par' dir='ltr' id='par_1_49' title="bbox 2355 2425 3916 2498">
     <span class='ocr_line' id='line_1_49' title="bbox 2355 2425 3916 2498; baseline -0.001 -20"><span class='ocrx_word' id='word_1_403' title='bbox 2355 2425 2500 2497; x_wconf 75' lang='grc' dir='ltr'><strong>κάγὼ</strong></span> <span class='ocrx_word' id='word_1_404' title='bbox 2562 2426 2644 2479; x_wconf 79' lang='grc' dir='ltr'><strong>ἐπὶ</strong></span> <span class='ocrx_word' id='word_1_405' title='bbox 2690 2429 2760 2497; x_wconf 76' lang='grc' dir='ltr'>τῲ</span> <span class='ocrx_word' id='word_1_406' title='bbox 2819 2426 3087 2497; x_wconf 82' lang='grc' dir='ltr'>ἀσπασμῷ</span> <span class='ocrx_word' id='word_1_407' title='bbox 3119 2445 3214 2479; x_wconf 88' lang='grc' dir='ltr'><strong>σου</strong></span> <span class='ocrx_word' id='word_1_408' title='bbox 3258 2430 3548 2498; x_wconf 83' lang='grc' dir='ltr'>κατενύγην</span> <span class='ocrx_word' id='word_1_409' title='bbox 3578 2444 3592 2457; x_wconf 92' lang='grc'><strong>⁸</strong></span> <span class='ocrx_word' id='word_1_410' title='bbox 3622 2431 3707 2480; x_wconf 85' lang='grc' dir='ltr'>καὶ</span> <span class='ocrx_word' id='word_1_411' title='bbox 3739 2428 3916 2498; x_wconf 76' lang='grc' dir='ltr'>ἔμαθον,</span> 
     </span>
    </p>
   </div>
   <div class='ocr_carea' id='block_1_50' title="bbox 584 2513 2198 2591">
    <p class='ocr_par' dir='ltr' id='par_1_50' title="bbox 584 2518 2198 2591">
     <span class='ocr_line' id='line_1_50' title="bbox 584 2518 2198 2591; baseline -0.001 -18"><span class='ocrx_word' id='word_1_412' title='bbox 584 2526 842 2591; x_wconf 90' lang='lat' dir='ltr'><strong>punctus</strong></span> <span class='ocrx_word' id='word_1_413' title='bbox 870 2535 1025 2582; x_wconf 89' lang='lat' dir='ltr'><strong>sum,</strong></span> <span class='ocrx_word' id='word_1_414' title='bbox 1051 2524 1107 2574; x_wconf 90' lang='lat' dir='ltr'><strong>et</strong></span> <span class='ocrx_word' id='word_1_415' title='bbox 1128 2519 1383 2591; x_wconf 82' lang='lat' dir='ltr'><strong>cognovi</strong></span> <span class='ocrx_word' id='word_1_416' title='bbox 1408 2535 1478 2573; x_wconf 84' lang='lat' dir='ltr'><strong>ex</strong></span> <span class='ocrx_word' id='word_1_417' title='bbox 1504 2524 1671 2590; x_wconf 89' lang='lat' dir='ltr'><strong>parte</strong></span> <span class='ocrx_word' id='word_1_418' title='bbox 1698 2519 1793 2573; x_wconf 90' lang='lat' dir='ltr'><strong>Dei</strong></span> <span class='ocrx_word' id='word_1_419' title='bbox 1826 2524 1880 2573; x_wconf 89' lang='lat' dir='ltr'><strong>te</strong></span> <span class='ocrx_word' id='word_1_420' title='bbox 1903 2533 2050 2572; x_wconf 89' lang='lat' dir='ltr'><strong>esse.</strong></span> <span class='ocrx_word' id='word_1_421' title='bbox 2084 2518 2198 2572; x_wconf 77' lang='grc' dir='ltr'><strong>Αιὶι</strong></span> 
     </span>
    </p>
   </div>
   <div class='ocr_carea' id='block_1_51' title="bbox 2303 2513 3917 2591">
    <p class='ocr_par' dir='ltr' id='par_1_51' title="bbox 2354 2513 3917 2588">
     <span class='ocr_line' id='line_1_51' title="bbox 2354 2513 3917 2588; baseline -0.002 -19"><span class='ocrx_word' id='word_1_422' title='bbox 2354 2519 2435 2569; x_wconf 86' lang='grc' dir='ltr'>ὅτι</span> <span class='ocrx_word' id='word_1_423' title='bbox 2486 2524 2576 2568; x_wconf 82' lang='grc' dir='ltr'>τοῦ</span> <span class='ocrx_word' id='word_1_424' title='bbox 2620 2520 2802 2588; x_wconf 87' lang='grc' dir='ltr'>μέρους</span> <span class='ocrx_word' id='word_1_425' title='bbox 2840 2524 2931 2567; x_wconf 85' lang='grc' dir='ltr'><strong>τού</strong></span> <span class='ocrx_word' id='word_1_426' title='bbox 2963 2520 3090 2569; x_wconf 84' lang='grc' dir='ltr'>Θεοῦ</span> <span class='ocrx_word' id='word_1_427' title='bbox 3141 2514 3186 2568; x_wconf 85' lang='grc' dir='ltr'>εἶ</span> <span class='ocrx_word' id='word_1_428' title='bbox 3212 2533 3224 2545; x_wconf 89' lang='grc'><strong>⁸</strong></span> <span class='ocrx_word' id='word_1_429' title='bbox 3257 2515 3411 2577; x_wconf 82' lang='grc' dir='ltr'>ἄλλος</span> <span class='ocrx_word' id='word_1_430' title='bbox 3447 2513 3505 2569; x_wconf 73' lang='grc' dir='ltr'>δε</span> <span class='ocrx_word' id='word_1_431' title='bbox 3539 2520 3688 2577; x_wconf 86' lang='grc' dir='ltr'>κακὸς</span> <span class='ocrx_word' id='word_1_432' title='bbox 3722 2519 3917 2588; x_wconf 86' lang='grc' dir='ltr'>μοναχὸς</span> 
     </span>
    </p>
   </div>
   <div class='ocr_carea' id='block_1_52' title="bbox 581 2602 2195 2677">
    <p class='ocr_par' dir='ltr' id='par_1_52' title="bbox 581 2606 2195 2664">
     <span class='ocr_line' id='line_1_52' title="bbox 581 2606 2195 2664; baseline -0.003 0"><span class='ocrx_word' id='word_1_433' title='bbox 581 2623 723 2664; x_wconf 83' lang='lat' dir='ltr'><strong>vero</strong></span> <span class='ocrx_word' id='word_1_434' title='bbox 746 2606 941 2662; x_wconf 92' lang='lat' dir='ltr'><strong>malus</strong></span> <span class='ocrx_word' id='word_1_435' title='bbox 975 2608 1305 2663; x_wconf 87' lang='lat' dir='ltr'><strong>monachus</strong></span> <span class='ocrx_word' id='word_1_436' title='bbox 1338 2606 1481 2662; x_wconf 91' lang='lat' dir='ltr'><strong>mihi</strong></span> <span class='ocrx_word' id='word_1_437' title='bbox 1526 2607 1771 2662; x_wconf 91' lang='lat' dir='ltr'><strong>obviam</strong></span> <span class='ocrx_word' id='word_1_438' title='bbox 1818 2606 2010 2661; x_wconf 89' lang='lat' dir='ltr'><strong>factus</strong></span> <span class='ocrx_word' id='word_1_439' title='bbox 2038 2611 2195 2661; x_wconf 78' lang='lat' dir='ltr'><strong>conti</strong></span> 
     </span>
    </p>
   </div>
   <div class='ocr_carea' id='block_1_53' title="bbox 2298 2602 3912 2677">
    <p class='ocr_par' dir='ltr' id='par_1_53' title="bbox 2354 2602 3912 2677">
     <span class='ocr_line' id='line_1_53' title="bbox 2354 2602 3912 2677; baseline 0.003 -20"><span class='ocrx_word' id='word_1_440' title='bbox 2354 2604 2661 2667; x_wconf 81' lang='grc' dir='ltr'>ἀπαντήσας</span> <span class='ocrx_word' id='word_1_441' title='bbox 2700 2625 2809 2677; x_wconf 87' lang='grc' dir='ltr'>μοι,</span> <span class='ocrx_word' id='word_1_442' title='bbox 2859 2603 3042 2677; x_wconf 72' lang='grc' dir='ltr'>ὕϐρισε</span> <span class='ocrx_word' id='word_1_443' title='bbox 3067 2624 3130 2675; x_wconf 87' lang='grc' dir='ltr'><strong>με</strong></span> <span class='ocrx_word' id='word_1_444' title='bbox 3171 2622 3182 2633; x_wconf 97' lang='grc'><strong>⁸</strong></span> <span class='ocrx_word' id='word_1_445' title='bbox 3230 2603 3377 2674; x_wconf 79' lang='grc' dir='ltr'>κάγὼ</span> <span class='ocrx_word' id='word_1_446' title='bbox 3419 2602 3595 2658; x_wconf 75' lang='grc' dir='ltr'>ἔδωκα</span> <span class='ocrx_word' id='word_1_447' title='bbox 3650 2605 3779 2675; x_wconf 79' lang='grc' dir='ltr'>αύτῷ</span> <span class='ocrx_word' id='word_1_448' title='bbox 3811 2604 3912 2661; x_wconf 75' lang='grc' dir='ltr'>πλη-</span> 
     </span>
    </p>
   </div>
   <div class='ocr_carea' id='block_1_54' title="bbox 581 2694 2195 2769">
    <p class='ocr_par' dir='ltr' id='par_1_54' title="bbox 581 2695 2195 2769">
     <span class='ocr_line' id='line_1_54' title="bbox 581 2695 2195 2769; baseline -0.002 -17"><span class='ocrx_word' id='word_1_449' title='bbox 581 2697 761 2753; x_wconf 88' lang='lat' dir='ltr'><strong>melia</strong></span> <span class='ocrx_word' id='word_1_450' title='bbox 776 2713 869 2751; x_wconf 90' lang='lat' dir='ltr'><strong>me</strong></span> <span class='ocrx_word' id='word_1_451' title='bbox 883 2696 1291 2769; x_wconf 79' lang='lat' dir='ltr'><strong>aﬂ&#39;ecit,quare</strong></span> <span class='ocrx_word' id='word_1_452' title='bbox 1303 2712 1415 2765; x_wconf 83' lang='lat' dir='ltr'><strong>ego</strong></span> <span class='ocrx_word' id='word_1_453' title='bbox 1428 2696 1562 2752; x_wconf 90' lang='lat' dir='ltr'><strong>dedi</strong></span> <span class='ocrx_word' id='word_1_454' title='bbox 1578 2699 1629 2751; x_wconf 91' lang='lat' dir='ltr'><strong>ei</strong></span> <span class='ocrx_word' id='word_1_455' title='bbox 1647 2696 1855 2767; x_wconf 92' lang='lat' dir='ltr'><strong>plagas</strong></span> <span class='ocrx_word' id='word_1_456' title='bbox 1872 2695 1948 2750; x_wconf 87' lang='lat' dir='ltr'><strong>ad</strong></span> <span class='ocrx_word' id='word_1_457' title='bbox 1970 2701 2195 2750; x_wconf 91' lang='lat' dir='ltr'><strong>morten</strong></span> 
     </span>
    </p>
   </div>
   <div class='ocr_carea' id='block_1_55' title="bbox 2301 2694 3915 2769">
    <p class='ocr_par' dir='ltr' id='par_1_55' title="bbox 2352 2694 3915 2766">
     <span class='ocr_line' id='line_1_55' title="bbox 2352 2694 3915 2766; baseline -0.001 -20"><span class='ocrx_word' id='word_1_458' title='bbox 2352 2697 2447 2765; x_wconf 84' lang='grc' dir='ltr'>γὰς</span> <span class='ocrx_word' id='word_1_459' title='bbox 2499 2694 2570 2755; x_wconf 86' lang='grc' dir='ltr'>εἰς</span> <span class='ocrx_word' id='word_1_460' title='bbox 2628 2696 2846 2746; x_wconf 79' lang='grc' dir='ltr'>θάνατον</span> <span class='ocrx_word' id='word_1_461' title='bbox 2875 2711 2887 2723; x_wconf 91' lang='grc'><strong>⁸</strong></span> <span class='ocrx_word' id='word_1_462' title='bbox 2947 2700 3037 2745; x_wconf 89' lang='grc' dir='ltr'>καὶ</span> <span class='ocrx_word' id='word_1_463' title='bbox 3087 2696 3215 2764; x_wconf 80' lang='grc' dir='ltr'>ἔγνω</span> <span class='ocrx_word' id='word_1_464' title='bbox 3244 2695 3271 2745; x_wconf 94' lang='lat'><strong>6</strong></span> <span class='ocrx_word' id='word_1_465' title='bbox 3299 2697 3489 2766; x_wconf 85' lang='grc' dir='ltr'>γέρων,</span> <span class='ocrx_word' id='word_1_466' title='bbox 3532 2696 3611 2746; x_wconf 85' lang='grc' dir='ltr'>ὅτι</span> <span class='ocrx_word' id='word_1_467' title='bbox 3646 2696 3671 2745; x_wconf 92' lang='lat'><strong>6</strong></span> <span class='ocrx_word' id='word_1_468' title='bbox 3713 2695 3915 2765; x_wconf 73' lang='grc' dir='ltr'>μαθητὴς</span> 
     </span>
    </p>
   </div>
   <div class='ocr_carea' id='block_1_56' title="bbox 580 2779 2194 2857">
    <p class='ocr_par' dir='ltr' id='par_1_56' title="bbox 580 2784 2194 2857">
     <span class='ocr_line' id='line_1_56' title="bbox 580 2784 2194 2857; baseline -0.001 -18"><span class='ocrx_word' id='word_1_469' title='bbox 580 2788 650 2840; x_wconf 85' lang='lat' dir='ltr'><strong>Et</strong></span> <span class='ocrx_word' id='word_1_470' title='bbox 684 2786 961 2856; x_wconf 87' lang='lat' dir='ltr'><strong>cognovit</strong></span> <span class='ocrx_word' id='word_1_471' title='bbox 996 2802 1190 2854; x_wconf 81' lang='lat' dir='ltr'><strong>senex,</strong></span> <span class='ocrx_word' id='word_1_472' title='bbox 1242 2802 1379 2840; x_wconf 91' lang='lat' dir='ltr'><strong>eum</strong></span> <span class='ocrx_word' id='word_1_473' title='bbox 1420 2786 1494 2840; x_wconf 90' lang='lat' dir='ltr'><strong>de</strong></span> <span class='ocrx_word' id='word_1_474' title='bbox 1534 2785 1830 2855; x_wconf 91' lang='lat' dir='ltr'><strong>discipulo</strong></span> <span class='ocrx_word' id='word_1_475' title='bbox 1884 2801 1993 2840; x_wconf 91' lang='lat' dir='ltr'><strong>suo</strong></span> <span class='ocrx_word' id='word_1_476' title='bbox 2046 2784 2194 2857; x_wconf 59' lang='lat' dir='ltr'><strong>loqui</strong></span> 
     </span>
    </p>
   </div>
   <div class='ocr_carea' id='block_1_57' title="bbox 2300 2779 3914 2857">
    <p class='ocr_par' dir='ltr' id='par_1_57' title="bbox 2358 2779 3914 2857">
     <span class='ocr_line' id='line_1_57' title="bbox 2358 2779 3914 2857; baseline -0.001 -22"><span class='ocrx_word' id='word_1_477' title='bbox 2566 2783 2725 2835; x_wconf 75' lang='grc' dir='ltr'>αὑτοῦ</span> <span class='ocrx_word' id='word_1_478' title='bbox 2754 2783 2867 2835; x_wconf 75' lang='grc' dir='ltr'>ἐστι</span> <span class='ocrx_word' id='word_1_479' title='bbox 2898 2800 2912 2814; x_wconf 92' lang='grc'><strong>⁸</strong></span> <span class='ocrx_word' id='word_1_480' title='bbox 2948 2788 3035 2835; x_wconf 84' lang='grc' dir='ltr'>καὶ</span> <span class='ocrx_word' id='word_1_481' title='bbox 3072 2802 3347 2857; x_wconf 80' lang='grc' dir='ltr'>κρατησας</span> <span class='ocrx_word' id='word_1_482' title='bbox 3381 2787 3510 2844; x_wconf 83' lang='grc' dir='ltr'>τοὺς</span> <span class='ocrx_word' id='word_1_483' title='bbox 3545 2779 3710 2844; x_wconf 83' lang='grc' dir='ltr'>πόδας</span> <span class='ocrx_word' id='word_1_484' title='bbox 3734 2782 3914 2834; x_wconf 84' lang='grc' dir='ltr'>αύτούό</span> 
     </span>
    </p>
   </div>
   <div class='ocr_carea' id='block_1_58' title="bbox 577 2870 2191 2947">
    <p class='ocr_par' dir='ltr' id='par_1_58' title="bbox 577 2873 2191 2946">
     <span class='ocr_line' id='line_1_58' title="bbox 577 2873 2191 2946; baseline -0.002 -16"><span class='ocrx_word' id='word_1_485' title='bbox 577 2876 726 2931; x_wconf 87' lang='lat' dir='ltr'><strong>Tum</strong></span> <span class='ocrx_word' id='word_1_486' title='bbox 752 2875 1144 2946; x_wconf 87' lang='lat' dir='ltr'><strong>apprehensis</strong></span> <span class='ocrx_word' id='word_1_487' title='bbox 1166 2875 1292 2930; x_wconf 89' lang='lat' dir='ltr'><strong>eius</strong></span> <span class='ocrx_word' id='word_1_488' title='bbox 1311 2874 1565 2946; x_wconf 86' lang='lat' dir='ltr'><strong>pedibus</strong></span> <span class='ocrx_word' id='word_1_489' title='bbox 1595 2874 1874 2929; x_wconf 89' lang='lat' dir='ltr'><strong>sacerdos</strong></span> <span class='ocrx_word' id='word_1_490' title='bbox 1903 2876 1981 2928; x_wconf 88' lang='lat' dir='ltr'><strong>ita</strong></span> <span class='ocrx_word' id='word_1_491' title='bbox 2008 2873 2191 2928; x_wconf 79' lang='lat' dir='ltr'><strong>lOCUll</strong></span> 
     </span>
    </p>
   </div>
   <div class='ocr_carea' id='block_1_59' title="bbox 2300 2870 3914 2947">
    <p class='ocr_par' dir='ltr' id='par_1_59' title="bbox 2356 2870 3914 2947">
     <span class='ocr_line' id='line_1_59' title="bbox 2356 2870 3914 2947; baseline -0.001 -23"><span class='ocrx_word' id='word_1_492' title='bbox 2356 2875 2512 2947; x_wconf 80' lang='grc' dir='ltr'>ἱερεύς</span> <span class='ocrx_word' id='word_1_493' title='bbox 2560 2873 2721 2944; x_wconf 63' lang='grc' dir='ltr'>ὒεγεν</span> <span class='ocrx_word' id='word_1_494' title='bbox 2775 2887 2787 2899; x_wconf 92' lang='grc'><strong>·</strong></span> <span class='ocrx_word' id='word_1_495' title='bbox 2824 2872 2918 2924; x_wconf 84' lang='grc' dir='ltr'><strong>ούκ</strong></span> <span class='ocrx_word' id='word_1_496' title='bbox 2971 2870 3081 2943; x_wconf 76' lang='grc' dir='ltr'><strong>ἀφῶ</strong></span> <span class='ocrx_word' id='word_1_497' title='bbox 3120 2891 3196 2935; x_wconf 91' lang='grc' dir='ltr'><strong>σε,</strong></span> <span class='ocrx_word' id='word_1_498' title='bbox 3243 2870 3328 2923; x_wconf 73' lang='grc' dir='ltr'><strong>ἐὰν</strong></span> <span class='ocrx_word' id='word_1_499' title='bbox 3384 2878 3464 2943; x_wconf 79' lang='grc' dir='ltr'>μὴ</span> <span class='ocrx_word' id='word_1_500' title='bbox 3501 2878 3717 2944; x_wconf 70' lang='grc' dir='ltr'>ποιήσῃς</span> <span class='ocrx_word' id='word_1_501' title='bbox 3755 2890 3812 2943; x_wconf 87' lang='grc' dir='ltr'><strong>με</strong></span> <span class='ocrx_word' id='word_1_502' title='bbox 3842 2890 3914 2941; x_wconf 83' lang='grc' dir='ltr'>μο-</span> 
     </span>
    </p>
   </div>
   <div class='ocr_carea' id='block_1_60' title="bbox 578 2958 2192 3034">
    <p class='ocr_par' dir='ltr' id='par_1_60' title="bbox 578 2962 2192 3028">
     <span class='ocr_line' id='line_1_60' title="bbox 578 2962 2192 3028; baseline -0.001 -9"><span class='ocrx_word' id='word_1_503' title='bbox 578 2969 700 3019; x_wconf 88' lang='lat' dir='ltr'><strong>est:</strong></span> <span class='ocrx_word' id='word_1_504' title='bbox 732 2968 857 3021; x_wconf 88' lang='lat' dir='ltr'><strong>Non</strong></span> <span class='ocrx_word' id='word_1_505' title='bbox 887 2963 1187 3020; x_wconf 88' lang='lat' dir='ltr'><strong>dimittam</strong></span> <span class='ocrx_word' id='word_1_506' title='bbox 1222 2970 1294 3028; x_wconf 91' lang='lat' dir='ltr'><strong>te,</strong></span> <span class='ocrx_word' id='word_1_507' title='bbox 1334 2963 1444 3018; x_wconf 91' lang='lat' dir='ltr'><strong>nisi</strong></span> <span class='ocrx_word' id='word_1_508' title='bbox 1472 2979 1566 3019; x_wconf 92' lang='lat' dir='ltr'><strong>me</strong></span> <span class='ocrx_word' id='word_1_509' title='bbox 1598 2962 1805 3019; x_wconf 85' lang='lat' dir='ltr'><strong>feceris</strong></span> <span class='ocrx_word' id='word_1_510' title='bbox 1846 2962 2192 3018; x_wconf 88' lang='lat' dir='ltr'><strong>monachun</strong></span> 
     </span>
    </p>
   </div>
   <div class='ocr_carea' id='block_1_61' title="bbox 2300 2958 3914 3034">
    <p class='ocr_par' dir='ltr' id='par_1_61' title="bbox 2350 2958 3914 3034">
     <span class='ocr_line' id='line_1_61' title="bbox 2350 2958 3914 3034; baseline -0.002 -20"><span class='ocrx_word' id='word_1_511' title='bbox 2350 2967 2514 3034; x_wconf 89' lang='grc' dir='ltr'>ναχόν</span> <span class='ocrx_word' id='word_1_512' title='bbox 2543 2976 2557 2992; x_wconf 88' lang='grc'><strong>⁸</strong></span> <span class='ocrx_word' id='word_1_513' title='bbox 2588 2966 2677 3014; x_wconf 81' lang='grc' dir='ltr'>καὶ</span> <span class='ocrx_word' id='word_1_514' title='bbox 2708 2958 2861 3019; x_wconf 78' lang='grc' dir='ltr'>ἦλθον</span> <span class='ocrx_word' id='word_1_515' title='bbox 2894 2959 3062 3013; x_wconf 76' lang='grc' dir='ltr'>ἕπάνω</span> <span class='ocrx_word' id='word_1_516' title='bbox 3100 2963 3228 3013; x_wconf 86' lang='grc' dir='ltr'>ὅπου</span> <span class='ocrx_word' id='word_1_517' title='bbox 3258 2958 3318 3019; x_wconf 75' lang='grc' dir='ltr'>ἦν</span> <span class='ocrx_word' id='word_1_518' title='bbox 3346 2966 3371 3014; x_wconf 87' lang='lat'><strong>6</strong></span> <span class='ocrx_word' id='word_1_519' title='bbox 3422 2968 3674 3034; x_wconf 85' lang='grc' dir='ltr'>μοναχός,</span> <span class='ocrx_word' id='word_1_520' title='bbox 3717 2965 3798 3013; x_wconf 82' lang='grc' dir='ltr'>καὶ</span> <span class='ocrx_word' id='word_1_521' title='bbox 3821 2958 3914 3011; x_wconf 78' lang='grc' dir='ltr'>ἐϐά·</span> 
     </span>
    </p>
   </div>
   <div class='ocr_carea' id='block_1_62' title="bbox 582 3049 2196 3127">
    <p class='ocr_par' dir='ltr' id='par_1_62' title="bbox 582 3051 2196 3117">
     <span class='ocr_line' id='line_1_62' title="bbox 582 3051 2196 3117; baseline -0.002 -9"><span class='ocrx_word' id='word_1_522' title='bbox 582 3055 648 3108; x_wconf 90' lang='lat' dir='ltr'><strong>Et</strong></span> <span class='ocrx_word' id='word_1_523' title='bbox 674 3058 1249 3114; x_wconf 86' lang='lat' dir='ltr'><strong>veneruntsursum,</strong></span> <span class='ocrx_word' id='word_1_524' title='bbox 1275 3051 1375 3107; x_wconf 92' lang='lat' dir='ltr'><strong>ubi</strong></span> <span class='ocrx_word' id='word_1_525' title='bbox 1399 3059 1523 3107; x_wconf 90' lang='lat' dir='ltr'><strong>erat</strong></span> <span class='ocrx_word' id='word_1_526' title='bbox 1556 3051 1916 3117; x_wconf 85' lang='lat' dir='ltr'><strong>monachus,</strong></span> <span class='ocrx_word' id='word_1_527' title='bbox 1958 3059 2011 3106; x_wconf 92' lang='lat' dir='ltr'><strong>et</strong></span> <span class='ocrx_word' id='word_1_528' title='bbox 2036 3057 2196 3105; x_wconf 72' lang='lat' dir='ltr'><strong>sustu</strong></span> 
     </span>
    </p>
   </div>
   <div class='ocr_carea' id='block_1_63' title="bbox 2301 3049 3915 3127">
    <p class='ocr_par' dir='ltr' id='par_1_63' title="bbox 2301 3049 3915 3125">
     <span class='ocr_line' id='line_1_63' title="bbox 2301 3049 3915 3125; baseline -0.003 -22"><span class='ocrx_word' id='word_1_529' title='bbox 2301 3072 2312 3125; x_wconf 61' lang='grc' dir='ltr'>ς</span> <span class='ocrx_word' id='word_1_530' title='bbox 2354 3050 2547 3113; x_wconf 86' lang='grc' dir='ltr'>σταξαν</span> <span class='ocrx_word' id='word_1_531' title='bbox 2603 3050 2756 3102; x_wconf 76' lang='grc' dir='ltr'>αὐτὸν</span> <span class='ocrx_word' id='word_1_532' title='bbox 2805 3054 2895 3101; x_wconf 81' lang='grc' dir='ltr'>καὶ</span> <span class='ocrx_word' id='word_1_533' title='bbox 2952 3052 3172 3120; x_wconf 78' lang='grc' dir='ltr'>ἤνεγκαν</span> <span class='ocrx_word' id='word_1_534' title='bbox 3228 3049 3295 3109; x_wconf 83' lang='grc' dir='ltr'><strong>εἰς</strong></span> <span class='ocrx_word' id='word_1_535' title='bbox 3366 3054 3468 3109; x_wconf 78' lang='grc' dir='ltr'>τὴν</span> <span class='ocrx_word' id='word_1_536' title='bbox 3522 3050 3786 3107; x_wconf 67' lang='grc' dir='ltr'>ἐκκλησίαν</span> <span class='ocrx_word' id='word_1_537' title='bbox 3841 3055 3915 3100; x_wconf 73' lang='grc' dir='ltr'>τοῦ</span> 
     </span>
    </p>
   </div>
   <div class='ocr_carea' id='block_1_64' title="bbox 578 3135 2192 3214">
    <p class='ocr_par' dir='ltr' id='par_1_64' title="bbox 578 3139 2192 3213">
     <span class='ocr_line' id='line_1_64' title="bbox 578 3139 2192 3213; baseline -0.002 -17"><span class='ocrx_word' id='word_1_538' title='bbox 578 3142 773 3197; x_wconf 89' lang='lat' dir='ltr'><strong>lerunt</strong></span> <span class='ocrx_word' id='word_1_539' title='bbox 811 3158 949 3198; x_wconf 92' lang='lat' dir='ltr'><strong>eum</strong></span> <span class='ocrx_word' id='word_1_540' title='bbox 994 3147 1500 3213; x_wconf 90' lang='lat' dir='ltr'><strong>portaveruntque</strong></span> <span class='ocrx_word' id='word_1_541' title='bbox 1546 3140 1607 3195; x_wconf 93' lang='lat' dir='ltr'><strong>in</strong></span> <span class='ocrx_word' id='word_1_542' title='bbox 1635 3139 1950 3196; x_wconf 88' lang='lat' dir='ltr'><strong>ecclesiam</strong></span> <span class='ocrx_word' id='word_1_543' title='bbox 1995 3140 2192 3195; x_wconf 77' lang='lat' dir='ltr'><strong>monti:</strong></span> 
     </span>
    </p>
   </div>
   <div class='ocr_carea' id='block_1_65' title="bbox 2298 3135 3912 3214">
    <p class='ocr_par' dir='ltr' id='par_1_65' title="bbox 2350 3135 3912 3214">
     <span class='ocr_line' id='line_1_65' title="bbox 2350 3135 3912 3214; baseline -0.003 -22"><span class='ocrx_word' id='word_1_544' title='bbox 2350 3142 2496 3214; x_wconf 86' lang='grc' dir='ltr'>ὄρους</span> <span class='ocrx_word' id='word_1_545' title='bbox 2528 3161 2539 3173; x_wconf 93' lang='grc'><strong>·</strong></span> <span class='ocrx_word' id='word_1_546' title='bbox 2564 3144 2654 3191; x_wconf 79' lang='grc' dir='ltr'>καὶ</span> <span class='ocrx_word' id='word_1_547' title='bbox 2695 3135 2896 3200; x_wconf 82' lang='grc' dir='ltr'>ἰδόντες</span> <span class='ocrx_word' id='word_1_548' title='bbox 2942 3141 3029 3190; x_wconf 88' lang='grc' dir='ltr'>τὸν</span> <span class='ocrx_word' id='word_1_549' title='bbox 3067 3140 3204 3210; x_wconf 79' lang='grc' dir='ltr'>ἱερέα</span> <span class='ocrx_word' id='word_1_550' title='bbox 3232 3140 3342 3209; x_wconf 87' lang='grc' dir='ltr'>μετ’</span> <span class='ocrx_word' id='word_1_551' title='bbox 3381 3139 3570 3203; x_wconf 77' lang='grc' dir='ltr'>ὰύτοῦ,</span> <span class='ocrx_word' id='word_1_552' title='bbox 3624 3138 3912 3201; x_wconf 58' lang='grc' dir='ltr'>ἂξίστησαγ</span> 
     </span>
    </p>
   </div>
   <div class='ocr_carea' id='block_1_66' title="bbox 578 3227 2192 3302">
    <p class='ocr_par' dir='ltr' id='par_1_66' title="bbox 578 3228 2187 3302">
     <span class='ocr_line' id='line_1_66' title="bbox 578 3228 2187 3302; baseline -0.001 -17"><span class='ocrx_word' id='word_1_553' title='bbox 578 3230 695 3286; x_wconf 89' lang='lat' dir='ltr'><strong>Sed</strong></span> <span class='ocrx_word' id='word_1_554' title='bbox 726 3237 1036 3286; x_wconf 87' lang='lat' dir='ltr'><strong>cernentes</strong></span> <span class='ocrx_word' id='word_1_555' title='bbox 1061 3230 1429 3287; x_wconf 88' lang='lat' dir='ltr'><strong>sacerdotem</strong></span> <span class='ocrx_word' id='word_1_556' title='bbox 1455 3246 1594 3285; x_wconf 91' lang='lat' dir='ltr'><strong>cum</strong></span> <span class='ocrx_word' id='word_1_557' title='bbox 1624 3245 1695 3285; x_wconf 89' lang='lat' dir='ltr'><strong>eo</strong></span> <span class='ocrx_word' id='word_1_558' title='bbox 1723 3228 2037 3302; x_wconf 83' lang='lat' dir='ltr'><strong>stupefacti</strong></span> <span class='ocrx_word' id='word_1_559' title='bbox 2074 3244 2187 3283; x_wconf 88' lang='lat' dir='ltr'><strong>sun</strong></span> 
     </span>
    </p>
   </div>
   <div class='ocr_carea' id='block_1_67' title="bbox 2300 3227 3914 3302">
    <p class='ocr_par' dir='ltr' id='par_1_67' title="bbox 2348 3227 3914 3300">
     <span class='ocr_line' id='line_1_67' title="bbox 2348 3227 3914 3300; baseline -0.004 -19"><span class='ocrx_word' id='word_1_560' title='bbox 2348 3235 2439 3282; x_wconf 80' lang='grc' dir='ltr'><strong>καὶ</strong></span> <span class='ocrx_word' id='word_1_561' title='bbox 2464 3229 2716 3286; x_wconf 86' lang='grc' dir='ltr'>ἐποίησαν</span> <span class='ocrx_word' id='word_1_562' title='bbox 2740 3228 2896 3281; x_wconf 73' lang='grc' dir='ltr'>αὐτὸν</span> <span class='ocrx_word' id='word_1_563' title='bbox 2938 3232 3173 3300; x_wconf 83' lang='grc' dir='ltr'>μοναχὸν</span> <span class='ocrx_word' id='word_1_564' title='bbox 3206 3247 3219 3260; x_wconf 98' lang='grc'><strong>⁸</strong></span> <span class='ocrx_word' id='word_1_565' title='bbox 3253 3232 3343 3280; x_wconf 83' lang='grc' dir='ltr'>καὶ</span> <span class='ocrx_word' id='word_1_566' title='bbox 3369 3228 3557 3282; x_wconf 81' lang='grc' dir='ltr'>πολλοὶ</span> <span class='ocrx_word' id='word_1_567' title='bbox 3582 3236 3677 3280; x_wconf 86' lang='grc' dir='ltr'>τῶν</span> <span class='ocrx_word' id='word_1_568' title='bbox 3705 3227 3914 3285; x_wconf 80' lang='grc' dir='ltr'>Ἑλλήνων</span> 
     </span>
    </p>
   </div>
   <div class='ocr_carea' id='block_1_68' title="bbox 582 3313 2196 3392">
    <p class='ocr_par' dir='ltr' id='par_1_68' title="bbox 582 3317 2196 3389">
     <span class='ocr_line' id='line_1_68' title="bbox 582 3317 2196 3389; baseline -0.001 -16"><span class='ocrx_word' id='word_1_569' title='bbox 582 3320 648 3373; x_wconf 87' lang='lat' dir='ltr'><strong>Et</strong></span> <span class='ocrx_word' id='word_1_570' title='bbox 693 3317 962 3373; x_wconf 90' lang='lat' dir='ltr'><strong>fecerunt</strong></span> <span class='ocrx_word' id='word_1_571' title='bbox 994 3334 1135 3373; x_wconf 88' lang='lat' dir='ltr'><strong>eum</strong></span> <span class='ocrx_word' id='word_1_572' title='bbox 1166 3318 1559 3374; x_wconf 86' lang='lat' dir='ltr'><strong>monachum.</strong></span> <span class='ocrx_word' id='word_1_573' title='bbox 1602 3317 1880 3389; x_wconf 82' lang='lat' dir='ltr'><strong>Multique</strong></span> <span class='ocrx_word' id='word_1_574' title='bbox 1923 3317 2196 3386; x_wconf 82' lang='lat' dir='ltr'><strong>gentiliui</strong></span> 
     </span>
    </p>
   </div>
   <div class='ocr_carea' id='block_1_69' title="bbox 2301 3313 3915 3392">
    <p class='ocr_par' dir='ltr' id='par_1_69' title="bbox 2351 3313 3915 3392">
     <span class='ocr_line' id='line_1_69' title="bbox 2351 3313 3915 3392; baseline -0.003 -21"><span class='ocrx_word' id='word_1_575' title='bbox 2351 3317 2576 3390; x_wconf 73' lang='grc' dir='ltr'>ἐγένοντο</span> <span class='ocrx_word' id='word_1_576' title='bbox 2636 3315 2706 3370; x_wconf 84' lang='grc' dir='ltr'><strong>δι’</strong></span> <span class='ocrx_word' id='word_1_577' title='bbox 2732 3320 2888 3370; x_wconf 80' lang='grc' dir='ltr'>αὑτὸν</span> <span class='ocrx_word' id='word_1_578' title='bbox 2947 3321 3256 3392; x_wconf 74' lang='grc' dir='ltr'>Χριστιανοὶ</span> <span class='ocrx_word' id='word_1_579' title='bbox 3288 3334 3302 3347; x_wconf 93' lang='grc'><strong>⁸</strong></span> <span class='ocrx_word' id='word_1_580' title='bbox 3337 3317 3511 3390; x_wconf 75' lang='grc' dir='ltr'>ἔλεγεν</span> <span class='ocrx_word' id='word_1_581' title='bbox 3563 3314 3648 3371; x_wconf 79' lang='grc' dir='ltr'>οὖν</span> <span class='ocrx_word' id='word_1_582' title='bbox 3699 3319 3722 3369; x_wconf 90' lang='grc' dir='ltr'><strong><em>ὁ</em></strong></span> <span class='ocrx_word' id='word_1_583' title='bbox 3778 3313 3915 3374; x_wconf 83' lang='grc' dir='ltr'>ἁϐϐᾱς</span> 
     </span>
    </p>
   </div>
   <div class='ocr_carea' id='block_1_70' title="bbox 578 3404 2192 3481">
    <p class='ocr_par' dir='ltr' id='par_1_70' title="bbox 578 3405 2192 3479">
     <span class='ocr_line' id='line_1_70' title="bbox 578 3405 2192 3479; baseline -0.001 -18"><span class='ocrx_word' id='word_1_584' title='bbox 578 3412 821 3479; x_wconf 87' lang='lat' dir='ltr'><strong>propter</strong></span> <span class='ocrx_word' id='word_1_585' title='bbox 833 3423 971 3462; x_wconf 90' lang='lat' dir='ltr'><strong>eum</strong></span> <span class='ocrx_word' id='word_1_586' title='bbox 986 3406 1123 3462; x_wconf 87' lang='lat' dir='ltr'><strong>facti</strong></span> <span class='ocrx_word' id='word_1_587' title='bbox 1141 3405 1626 3462; x_wconf 86' lang='lat' dir='ltr'><strong>suntChristiani.</strong></span> <span class='ocrx_word' id='word_1_588' title='bbox 1645 3407 1957 3462; x_wconf 83' lang='lat' dir='ltr'><strong>Asserebat</strong></span> <span class='ocrx_word' id='word_1_589' title='bbox 1972 3420 2116 3475; x_wconf 84' lang='lat' dir='ltr'><strong>ergo</strong></span> <span class='ocrx_word' id='word_1_590' title='bbox 2132 3408 2192 3461; x_wconf 73' lang='lat' dir='ltr'><strong>Ma</strong></span> 
     </span>
    </p>
   </div>
   <div class='ocr_carea' id='block_1_71' title="bbox 2301 3404 3915 3481">
    <p class='ocr_par' dir='ltr' id='par_1_71' title="bbox 2349 3404 3915 3481">
     <span class='ocr_line' id='line_1_71' title="bbox 2349 3404 3915 3481; baseline -0.003 -20"><span class='ocrx_word' id='word_1_591' title='bbox 2349 3410 2639 3481; x_wconf 79' lang='grc' dir='ltr'>Μακάριος,</span> <span class='ocrx_word' id='word_1_592' title='bbox 2696 3408 2776 3460; x_wconf 86' lang='grc' dir='ltr'>ὅτι</span> <span class='ocrx_word' id='word_1_593' title='bbox 2815 3408 2841 3459; x_wconf 91' lang='grc' dir='ltr'><strong>ό</strong></span> <span class='ocrx_word' id='word_1_594' title='bbox 2879 3407 3030 3477; x_wconf 84' lang='grc' dir='ltr'>λόγος</span> <span class='ocrx_word' id='word_1_595' title='bbox 3060 3408 3086 3458; x_wconf 90' lang='lat'><strong>6</strong></span> <span class='ocrx_word' id='word_1_596' title='bbox 3138 3409 3294 3467; x_wconf 84' lang='grc' dir='ltr'>κακὸς</span> <span class='ocrx_word' id='word_1_597' title='bbox 3332 3407 3422 3479; x_wconf 86' lang='lat' dir='ltr'><strong>(b)</strong></span> <span class='ocrx_word' id='word_1_598' title='bbox 3473 3412 3562 3461; x_wconf 84' lang='grc' dir='ltr'>καὶ</span> <span class='ocrx_word' id='word_1_599' title='bbox 3601 3410 3715 3467; x_wconf 83' lang='grc' dir='ltr'>τοὺς</span> <span class='ocrx_word' id='word_1_600' title='bbox 3757 3404 3915 3465; x_wconf 80' lang='grc' dir='ltr'>καλοὺς</span> 
     </span>
    </p>
   </div>
   <div class='ocr_carea' id='block_1_72' title="bbox 579 3494 2193 3569">
    <p class='ocr_par' dir='ltr' id='par_1_72' title="bbox 579 3494 2193 3568">
     <span class='ocr_line' id='line_1_72' title="bbox 579 3494 2193 3568; baseline -0.001 -17"><span class='ocrx_word' id='word_1_601' title='bbox 579 3496 774 3552; x_wconf 88' lang='lat' dir='ltr'><strong>carius</strong></span> <span class='ocrx_word' id='word_1_602' title='bbox 791 3496 1006 3562; x_wconf 89' lang='lat' dir='ltr'><strong>abbas,</strong></span> <span class='ocrx_word' id='word_1_603' title='bbox 1021 3495 1186 3568; x_wconf 88' lang='lat' dir='ltr'><strong>quod</strong></span> <span class='ocrx_word' id='word_1_604' title='bbox 1204 3510 1401 3551; x_wconf 90' lang='lat' dir='ltr'><strong>sermo</strong></span> <span class='ocrx_word' id='word_1_605' title='bbox 1416 3495 1609 3551; x_wconf 88' lang='lat' dir='ltr'><strong>malus</strong></span> <span class='ocrx_word' id='word_1_606' title='bbox 1629 3494 1810 3550; x_wconf 91' lang='lat' dir='ltr'><strong>etiam</strong></span> <span class='ocrx_word' id='word_1_607' title='bbox 1836 3494 2029 3551; x_wconf 90' lang='lat' dir='ltr'><strong>bonos</strong></span> <span class='ocrx_word' id='word_1_608' title='bbox 2047 3495 2193 3550; x_wconf 79' lang='lat' dir='ltr'><strong>malc</strong></span> 
     </span>
    </p>
   </div>
   <div class='ocr_carea' id='block_1_73' title="bbox 2301 3494 3915 3569">
    <p class='ocr_par' dir='ltr' id='par_1_73' title="bbox 2349 3496 3915 3569">
     <span class='ocr_line' id='line_1_73' title="bbox 2349 3496 3915 3569; baseline 0.003 -20"><span class='ocrx_word' id='word_1_609' title='bbox 2349 3504 2488 3550; x_wconf 87' lang='grc' dir='ltr'>ποιεῖ</span> <span class='ocrx_word' id='word_1_610' title='bbox 2539 3500 2730 3559; x_wconf 85' lang='grc' dir='ltr'>κακούς</span> <span class='ocrx_word' id='word_1_611' title='bbox 2762 3514 2776 3528; x_wconf 94' lang='grc'><strong>⁸</strong></span> <span class='ocrx_word' id='word_1_612' title='bbox 2810 3502 2903 3549; x_wconf 76' lang='grc' dir='ltr'>καὶ</span> <span class='ocrx_word' id='word_1_613' title='bbox 2943 3498 2968 3549; x_wconf 92' lang='lat'><strong>6</strong></span> <span class='ocrx_word' id='word_1_614' title='bbox 3024 3496 3182 3558; x_wconf 82' lang='grc' dir='ltr'>κᾰλὸς</span> <span class='ocrx_word' id='word_1_615' title='bbox 3233 3496 3384 3569; x_wconf 84' lang='grc' dir='ltr'>λόγος</span> <span class='ocrx_word' id='word_1_616' title='bbox 3444 3503 3536 3552; x_wconf 79' lang='grc' dir='ltr'>καὶ</span> <span class='ocrx_word' id='word_1_617' title='bbox 3589 3501 3706 3559; x_wconf 89' lang='grc' dir='ltr'>τούς</span> <span class='ocrx_word' id='word_1_618' title='bbox 3753 3496 3915 3553; x_wconf 74' lang='grc' dir='ltr'>κακοὺς</span> 
     </span>
    </p>
   </div>
   <div class='ocr_carea' id='block_1_74' title="bbox 578 3583 2830 3661">
    <p class='ocr_par' dir='ltr' id='par_1_74' title="bbox 578 3583 2830 3661">
     <span class='ocr_line' id='line_1_74' title="bbox 578 3583 2830 3661; baseline 0 -20"><span class='ocrx_word' id='word_1_619' title='bbox 578 3586 776 3651; x_wconf 89' lang='lat' dir='ltr'><strong>faciat,</strong></span> <span class='ocrx_word' id='word_1_620' title='bbox 812 3590 870 3641; x_wconf 87' lang='lat' dir='ltr'><strong>et</strong></span> <span class='ocrx_word' id='word_1_621' title='bbox 895 3600 1095 3661; x_wconf 86' lang='lat' dir='ltr'><strong>sermo</strong></span> <span class='ocrx_word' id='word_1_622' title='bbox 1121 3585 1319 3640; x_wconf 88' lang='lat' dir='ltr'><strong>bonus</strong></span> <span class='ocrx_word' id='word_1_623' title='bbox 1341 3584 1521 3640; x_wconf 89' lang='lat' dir='ltr'><strong>etiam</strong></span> <span class='ocrx_word' id='word_1_624' title='bbox 1556 3583 1748 3640; x_wconf 89' lang='lat' dir='ltr'><strong>malos</strong></span> <span class='ocrx_word' id='word_1_625' title='bbox 1780 3584 1992 3640; x_wconf 89' lang='lat' dir='ltr'><strong>reddat</strong></span> <span class='ocrx_word' id='word_1_626' title='bbox 2026 3584 2234 3640; x_wconf 90' lang='lat' dir='ltr'><strong>bonos.</strong></span> <span class='ocrx_word' id='word_1_627' title='bbox 2349 3594 2487 3640; x_wconf 86' lang='grc' dir='ltr'>ποιεῖ</span> <span class='ocrx_word' id='word_1_628' title='bbox 2516 3586 2706 3648; x_wconf 83' lang='grc' dir='ltr'>καλούς</span> <span class='ocrx_word' id='word_1_629' title='bbox 2732 3588 2830 3648; x_wconf 82' lang='lat' dir='ltr'><strong>(c).</strong></span> 
     </span>
    </p>
   </div>
   <div class='ocr_carea' id='block_1_75' title="bbox 652 3673 2266 3750">
    <p class='ocr_par' dir='ltr' id='par_1_75' title="bbox 652 3673 2240 3732">
     <span class='ocr_line' id='line_1_75' title="bbox 652 3673 2240 3732; baseline -0.001 -2"><span class='ocrx_word' id='word_1_630' title='bbox 652 3678 742 3731; x_wconf 76' lang='grc'><strong>40.</strong></span> <span class='ocrx_word' id='word_1_631' title='bbox 769 3675 1103 3732; x_wconf 85' lang='lat' dir='ltr'><strong>Narrabant</strong></span> <span class='ocrx_word' id='word_1_632' title='bbox 1129 3674 1188 3729; x_wconf 92' lang='lat' dir='ltr'><strong>in</strong></span> <span class='ocrx_word' id='word_1_633' title='bbox 1221 3673 1495 3729; x_wconf 87' lang='lat' dir='ltr'><strong>absentia</strong></span> <span class='ocrx_word' id='word_1_634' title='bbox 1533 3674 1763 3729; x_wconf 86' lang='lat' dir='ltr'><strong>Macarii</strong></span> <span class='ocrx_word' id='word_1_635' title='bbox 1786 3673 2026 3729; x_wconf 89' lang='lat' dir='ltr'><strong>abbatis</strong></span> <span class='ocrx_word' id='word_1_636' title='bbox 2058 3674 2240 3729; x_wconf 86' lang='lat' dir='ltr'><strong>latro-</strong></span> 
     </span>
    </p>
   </div>
   <div class='ocr_carea' id='block_1_76' title="bbox 2300 3673 3914 3750">
    <p class='ocr_par' dir='ltr' id='par_1_76' title="bbox 2421 3673 3914 3750">
     <span class='ocr_line' id='line_1_76' title="bbox 2421 3673 3914 3750; baseline -0.005 -19"><span class='ocrx_word' id='word_1_637' title='bbox 2421 3679 2507 3731; x_wconf 77' lang='grc'><strong>4-0.</strong></span> <span class='ocrx_word' id='word_1_638' title='bbox 2542 3674 2749 3745; x_wconf 74' lang='grc' dir='ltr'>Ἔλεγον</span> <span class='ocrx_word' id='word_1_639' title='bbox 2792 3678 2909 3747; x_wconf 87' lang='grc' dir='ltr'>περὶ</span> <span class='ocrx_word' id='word_1_640' title='bbox 2939 3682 3031 3727; x_wconf 81' lang='grc' dir='ltr'>τοῦ</span> <span class='ocrx_word' id='word_1_641' title='bbox 3086 3673 3224 3727; x_wconf 80' lang='grc' dir='ltr'>ὰϐϐᾶ</span> <span class='ocrx_word' id='word_1_642' title='bbox 3250 3674 3565 3750; x_wconf 84' lang='grc' dir='ltr'>Μακαρίου,</span> <span class='ocrx_word' id='word_1_643' title='bbox 3607 3678 3685 3729; x_wconf 88' lang='grc' dir='ltr'>ὅτι</span> <span class='ocrx_word' id='word_1_644' title='bbox 3725 3673 3914 3732; x_wconf 77' lang='grc' dir='ltr'>ἀπόντος</span> 
     </span>
    </p>
   </div>
   <div class='ocr_carea' id='block_1_77' title="bbox 577 3762 2191 3837">
    <p class='ocr_par' dir='ltr' id='par_1_77' title="bbox 577 3763 2191 3836">
     <span class='ocr_line' id='line_1_77' title="bbox 577 3763 2191 3836; baseline -0.003 -14"><span class='ocrx_word' id='word_1_645' title='bbox 577 3767 1070 3836; x_wconf 87' lang='lat' dir='ltr'><strong>nemingressum</strong></span> <span class='ocrx_word' id='word_1_646' title='bbox 1092 3779 1222 3819; x_wconf 83' lang='lat' dir='ltr'><strong>esse</strong></span> <span class='ocrx_word' id='word_1_647' title='bbox 1235 3763 1511 3819; x_wconf 90' lang='lat' dir='ltr'><strong>cellulam</strong></span> <span class='ocrx_word' id='word_1_648' title='bbox 1525 3763 1672 3819; x_wconf 90' lang='lat' dir='ltr'><strong>eius.</strong></span> <span class='ocrx_word' id='word_1_649' title='bbox 1704 3766 1836 3835; x_wconf 88' lang='lat' dir='ltr'><strong>Ipse</strong></span> <span class='ocrx_word' id='word_1_650' title='bbox 1853 3764 2031 3835; x_wconf 85' lang='lat' dir='ltr'><strong>igitur</strong></span> <span class='ocrx_word' id='word_1_651' title='bbox 2050 3780 2191 3835; x_wconf 83' lang='lat' dir='ltr'><strong>quui</strong></span> 
     </span>
    </p>
   </div>
   <div class='ocr_carea' id='block_1_78' title="bbox 2298 3762 3912 3837">
    <p class='ocr_par' dir='ltr' id='par_1_78' title="bbox 2350 3762 3912 3837">
     <span class='ocr_line' id='line_1_78' title="bbox 2350 3762 3912 3837; baseline -0.003 -22"><span class='ocrx_word' id='word_1_652' title='bbox 2350 3764 2510 3816; x_wconf 77' lang='grc' dir='ltr'>αὐτοῦ</span> <span class='ocrx_word' id='word_1_653' title='bbox 2560 3764 2767 3822; x_wconf 82' lang='grc' dir='ltr'>εἰσῆλθε</span> <span class='ocrx_word' id='word_1_654' title='bbox 2816 3763 3011 3836; x_wconf 71' lang='grc' dir='ltr'>λῃστὴς</span> <span class='ocrx_word' id='word_1_655' title='bbox 3058 3762 3129 3824; x_wconf 88' lang='grc' dir='ltr'><strong>εἰς</strong></span> <span class='ocrx_word' id='word_1_656' title='bbox 3178 3766 3233 3815; x_wconf 87' lang='grc' dir='ltr'>τὸ</span> <span class='ocrx_word' id='word_1_657' title='bbox 3278 3763 3481 3817; x_wconf 86' lang='grc' dir='ltr'>κελλίον</span> <span class='ocrx_word' id='word_1_658' title='bbox 3533 3764 3690 3821; x_wconf 80' lang='grc' dir='ltr'>αὐτοῦ</span> <span class='ocrx_word' id='word_1_659' title='bbox 3731 3780 3742 3793; x_wconf 89' lang='grc'><strong>⁸</strong></span> <span class='ocrx_word' id='word_1_660' title='bbox 3773 3780 3912 3837; x_wconf 70' lang='grc' dir='ltr'>παραυ</span> 
     </span>
    </p>
   </div>
   <div class='ocr_carea' id='block_1_79' title="bbox 578 3850 2192 3930">
    <p class='ocr_par' dir='ltr' id='par_1_79' title="bbox 578 3854 2192 3919">
     <span class='ocr_line' id='line_1_79' title="bbox 578 3854 2192 3919; baseline -0.003 -7"><span class='ocrx_word' id='word_1_661' title='bbox 578 3855 658 3912; x_wconf 91' lang='lat' dir='ltr'><strong>ad</strong></span> <span class='ocrx_word' id='word_1_662' title='bbox 688 3855 965 3911; x_wconf 85' lang='lat' dir='ltr'><strong>cellulam</strong></span> <span class='ocrx_word' id='word_1_663' title='bbox 1006 3854 1297 3919; x_wconf 80' lang='lat' dir='ltr'><strong>rediisset,</strong></span> <span class='ocrx_word' id='word_1_664' title='bbox 1345 3854 1570 3908; x_wconf 85' lang='lat' dir='ltr'><strong>inVenit</strong></span> <span class='ocrx_word' id='word_1_665' title='bbox 1601 3854 1892 3908; x_wconf 90' lang='lat' dir='ltr'><strong>latronem</strong></span> <span class='ocrx_word' id='word_1_666' title='bbox 1936 3854 2192 3909; x_wconf 83' lang='lat' dir='ltr'><strong>camelui</strong></span> 
     </span>
    </p>
   </div>
   <div class='ocr_carea' id='block_1_80' title="bbox 2297 3850 3911 3930">
    <p class='ocr_par' dir='ltr' id='par_1_80' title="bbox 2347 3850 3911 3930">
     <span class='ocr_line' id='line_1_80' title="bbox 2347 3850 3911 3930; baseline -0.004 -24"><span class='ocrx_word' id='word_1_667' title='bbox 2347 3857 2617 3925; x_wconf 76' lang='grc' dir='ltr'>γενομένου</span> <span class='ocrx_word' id='word_1_668' title='bbox 2671 3850 2730 3905; x_wconf 65' lang='grc' dir='ltr'><strong>δὲ</strong></span> <span class='ocrx_word' id='word_1_669' title='bbox 2785 3852 2947 3905; x_wconf 73' lang='grc' dir='ltr'>αὐτοῦ</span> <span class='ocrx_word' id='word_1_670' title='bbox 3004 3852 3071 3913; x_wconf 84' lang='grc' dir='ltr'>εἰς</span> <span class='ocrx_word' id='word_1_671' title='bbox 3123 3855 3181 3905; x_wconf 90' lang='grc' dir='ltr'>τὸ</span> <span class='ocrx_word' id='word_1_672' title='bbox 3222 3852 3441 3920; x_wconf 85' lang='grc' dir='ltr'>κελλίον,</span> <span class='ocrx_word' id='word_1_673' title='bbox 3484 3854 3598 3930; x_wconf 79' lang='grc' dir='ltr'>εὗρε</span> <span class='ocrx_word' id='word_1_674' title='bbox 3633 3857 3716 3907; x_wconf 85' lang='grc' dir='ltr'>τὸν</span> <span class='ocrx_word' id='word_1_675' title='bbox 3741 3852 3911 3924; x_wconf 70' lang='grc' dir='ltr'>λῃστὴν</span> 
     </span>
    </p>
   </div>
   <div class='ocr_carea' id='block_1_81' title="bbox 580 3934 2194 4016">
    <p class='ocr_par' dir='ltr' id='par_1_81' title="bbox 580 3942 2189 4016">
     <span class='ocr_line' id='line_1_81' title="bbox 580 3942 2189 4016; baseline -0.001 -17"><span class='ocrx_word' id='word_1_676' title='bbox 580 3944 941 4016; x_wconf 90' lang='lat' dir='ltr'><strong>supellectile</strong></span> <span class='ocrx_word' id='word_1_677' title='bbox 972 3960 1081 3999; x_wconf 91' lang='lat' dir='ltr'><strong>sua</strong></span> <span class='ocrx_word' id='word_1_678' title='bbox 1104 3948 1475 3998; x_wconf 89' lang='lat' dir='ltr'><strong>onerantem.</strong></span> <span class='ocrx_word' id='word_1_679' title='bbox 1505 3943 1700 4008; x_wconf 89' lang='lat' dir='ltr'><strong>Quare</strong></span> <span class='ocrx_word' id='word_1_680' title='bbox 1723 3942 2014 3997; x_wconf 85' lang='lat' dir='ltr'><strong>iutroiens</strong></span> <span class='ocrx_word' id='word_1_681' title='bbox 2038 3942 2097 3997; x_wconf 92' lang='lat' dir='ltr'><strong>in</strong></span> <span class='ocrx_word' id='word_1_682' title='bbox 2122 3959 2189 3998; x_wconf 90' lang='lat' dir='ltr'><strong>ce</strong></span> 
     </span>
    </p>
   </div>
   <div class='ocr_carea' id='block_1_82' title="bbox 2294 3934 3908 4016">
    <p class='ocr_par' dir='ltr' id='par_1_82' title="bbox 2346 3934 3908 4014">
     <span class='ocr_line' id='line_1_82' title="bbox 2346 3934 3908 4014; baseline -0.004 -19"><span class='ocrx_word' id='word_1_683' title='bbox 2346 3946 2628 4014; x_wconf 83' lang='grc' dir='ltr'>γεμίζοντα</span> <span class='ocrx_word' id='word_1_684' title='bbox 2665 3946 2752 3999; x_wconf 73' lang='grc' dir='ltr'>τὴν</span> <span class='ocrx_word' id='word_1_685' title='bbox 2790 3941 3021 4013; x_wconf 78' lang='grc' dir='ltr'>κάμηλον</span> <span class='ocrx_word' id='word_1_686' title='bbox 3077 3943 3144 3993; x_wconf 79' lang='grc' dir='ltr'>τὰ</span> <span class='ocrx_word' id='word_1_687' title='bbox 3201 3944 3360 4000; x_wconf 76' lang='grc' dir='ltr'>σκεύη</span> <span class='ocrx_word' id='word_1_688' title='bbox 3418 3942 3578 3996; x_wconf 76' lang='grc' dir='ltr'>αὐτοῦ</span> <span class='ocrx_word' id='word_1_689' title='bbox 3620 3960 3633 3973; x_wconf 92' lang='grc'><strong>⁸</strong></span> <span class='ocrx_word' id='word_1_690' title='bbox 3689 3941 3828 4002; x_wconf 74' lang='grc' dir='ltr'>αὐτὸς</span> <span class='ocrx_word' id='word_1_691' title='bbox 3860 3934 3908 3990; x_wconf 68' lang='grc' dir='ltr'>δι</span> 
     </span>
    </p>
   </div>
   <div class='ocr_carea' id='block_1_83' title="bbox 576 4029 2190 4102">
    <p class='ocr_par' dir='ltr' id='par_1_83' title="bbox 576 4030 2190 4101">
     <span class='ocr_line' id='line_1_83' title="bbox 576 4030 2190 4101; baseline -0.001 -13"><span class='ocrx_word' id='word_1_692' title='bbox 576 4033 762 4089; x_wconf 91' lang='lat' dir='ltr'><strong>lulam</strong></span> <span class='ocrx_word' id='word_1_693' title='bbox 789 4040 845 4089; x_wconf 88' lang='lat' dir='ltr'><strong>et</strong></span> <span class='ocrx_word' id='word_1_694' title='bbox 876 4031 1161 4089; x_wconf 89' lang='lat' dir='ltr'><strong>Macarius</strong></span> <span class='ocrx_word' id='word_1_695' title='bbox 1190 4030 1265 4087; x_wconf 89' lang='lat' dir='ltr'><strong>de</strong></span> <span class='ocrx_word' id='word_1_696' title='bbox 1296 4033 1452 4086; x_wconf 91' lang='lat' dir='ltr'><strong>vasis</strong></span> <span class='ocrx_word' id='word_1_697' title='bbox 1476 4031 1829 4101; x_wconf 89' lang='lat' dir='ltr'><strong>accipiebat,</strong></span> <span class='ocrx_word' id='word_1_698' title='bbox 1864 4037 1920 4085; x_wconf 89' lang='lat' dir='ltr'><strong>et</strong></span> <span class='ocrx_word' id='word_1_699' title='bbox 1953 4048 2073 4086; x_wconf 85' lang='lat' dir='ltr'><strong>una</strong></span> <span class='ocrx_word' id='word_1_700' title='bbox 2095 4048 2190 4087; x_wconf 80' lang='lat' dir='ltr'><strong>cui</strong></span> 
     </span>
    </p>
   </div>
   <div class='ocr_carea' id='block_1_84' title="bbox 2295 4029 3909 4102">
    <p class='ocr_par' dir='ltr' id='par_1_84' title="bbox 2348 4029 3909 4102">
     <span class='ocr_line' id='line_1_84' title="bbox 2348 4029 3909 4102; baseline -0.003 -18"><span class='ocrx_word' id='word_1_701' title='bbox 2348 4031 2585 4085; x_wconf 82' lang='grc' dir='ltr'>εἰσελθὼν</span> <span class='ocrx_word' id='word_1_702' title='bbox 2638 4031 2705 4092; x_wconf 83' lang='grc' dir='ltr'><strong>εἰς</strong></span> <span class='ocrx_word' id='word_1_703' title='bbox 2755 4033 2811 4083; x_wconf 90' lang='grc' dir='ltr'>τὸ</span> <span class='ocrx_word' id='word_1_704' title='bbox 2867 4030 3061 4083; x_wconf 89' lang='grc' dir='ltr'>κελλίον</span> <span class='ocrx_word' id='word_1_705' title='bbox 3116 4029 3396 4102; x_wconf 85' lang='grc' dir='ltr'>ἐλάμϐανεν</span> <span class='ocrx_word' id='word_1_706' title='bbox 3438 4031 3541 4085; x_wconf 80' lang='grc' dir='ltr'>ἀπὸ</span> <span class='ocrx_word' id='word_1_707' title='bbox 3584 4040 3682 4085; x_wconf 82' lang='grc' dir='ltr'>τῶν</span> <span class='ocrx_word' id='word_1_708' title='bbox 3722 4035 3909 4090; x_wconf 80' lang='grc' dir='ltr'>σκευῶν,</span> 
     </span>
    </p>
   </div>
   <div class='ocr_carea' id='block_1_85' title="bbox 578 4114 2192 4193">
    <p class='ocr_par' dir='ltr' id='par_1_85' title="bbox 578 4119 2192 4191">
     <span class='ocr_line' id='line_1_85' title="bbox 578 4119 2192 4191; baseline -0.002 -14"><span class='ocrx_word' id='word_1_709' title='bbox 578 4138 648 4177; x_wconf 92' lang='lat' dir='ltr'><strong>eo</strong></span> <span class='ocrx_word' id='word_1_710' title='bbox 668 4122 962 4176; x_wconf 88' lang='lat' dir='ltr'><strong>onerabat</strong></span> <span class='ocrx_word' id='word_1_711' title='bbox 986 4120 1305 4175; x_wconf 89' lang='lat' dir='ltr'><strong>camelum.</strong></span> <span class='ocrx_word' id='word_1_712' title='bbox 1339 4120 1585 4175; x_wconf 89' lang='lat' dir='ltr'><strong>Sarcina</strong></span> <span class='ocrx_word' id='word_1_713' title='bbox 1611 4120 1789 4189; x_wconf 86' lang='lat' dir='ltr'><strong>igitur</strong></span> <span class='ocrx_word' id='word_1_714' title='bbox 1821 4119 2107 4191; x_wconf 90' lang='lat' dir='ltr'><strong>imposita</strong></span> <span class='ocrx_word' id='word_1_715' title='bbox 2141 4121 2192 4174; x_wconf 86' lang='lat' dir='ltr'><strong>fu</strong></span> 
     </span>
    </p>
   </div>
   <div class='ocr_carea' id='block_1_86' title="bbox 2298 4114 3912 4193">
    <p class='ocr_par' dir='ltr' id='par_1_86' title="bbox 2344 4114 3912 4193">
     <span class='ocr_line' id='line_1_86' title="bbox 2344 4114 3912 4193; baseline -0.003 -22"><span class='ocrx_word' id='word_1_716' title='bbox 2344 4126 2433 4173; x_wconf 79' lang='grc' dir='ltr'>καὶ</span> <span class='ocrx_word' id='word_1_717' title='bbox 2461 4120 2763 4192; x_wconf 68' lang='grc' dir='ltr'>πνεγέμιξε</span> <span class='ocrx_word' id='word_1_718' title='bbox 2801 4120 2910 4192; x_wconf 81' lang='grc' dir='ltr'>μετ’</span> <span class='ocrx_word' id='word_1_719' title='bbox 2941 4120 3102 4173; x_wconf 73' lang='grc' dir='ltr'>αὐτοῦ</span> <span class='ocrx_word' id='word_1_720' title='bbox 3159 4124 3253 4179; x_wconf 81' lang='grc' dir='ltr'>τὴν</span> <span class='ocrx_word' id='word_1_721' title='bbox 3296 4122 3533 4193; x_wconf 82' lang='grc' dir='ltr'>κάμηλον</span> <span class='ocrx_word' id='word_1_722' title='bbox 3567 4137 3581 4151; x_wconf 94' lang='grc'><strong>⁸</strong></span> <span class='ocrx_word' id='word_1_723' title='bbox 3623 4123 3689 4181; x_wconf 82' lang='grc' dir='ltr'>ὡς</span> <span class='ocrx_word' id='word_1_724' title='bbox 3717 4114 3797 4172; x_wconf 80' lang='grc' dir='ltr'>οὖν</span> <span class='ocrx_word' id='word_1_725' title='bbox 3821 4118 3912 4188; x_wconf 69' lang='grc' dir='ltr'>ἐγί-</span> 
     </span>
    </p>
   </div>
   <div class='ocr_carea' id='block_1_87' title="bbox 578 4206 2192 4282">
    <p class='ocr_par' dir='ltr' id='par_1_87' title="bbox 578 4208 2187 4281">
     <span class='ocr_line' id='line_1_87' title="bbox 578 4208 2187 4281; baseline -0.001 -15"><span class='ocrx_word' id='word_1_726' title='bbox 578 4210 774 4281; x_wconf 90' lang='lat' dir='ltr'><strong>coepit</strong></span> <span class='ocrx_word' id='word_1_727' title='bbox 790 4209 1098 4263; x_wconf 88' lang='lat' dir='ltr'><strong>verberare</strong></span> <span class='ocrx_word' id='word_1_728' title='bbox 1111 4208 1505 4273; x_wconf 89' lang='lat' dir='ltr'><strong>camelum,ut</strong></span> <span class='ocrx_word' id='word_1_729' title='bbox 1518 4210 2011 4279; x_wconf 86' lang='lat' dir='ltr'><strong>surgeret.Neque</strong></span> <span class='ocrx_word' id='word_1_730' title='bbox 2031 4214 2187 4264; x_wconf 91' lang='lat' dir='ltr'><strong>tame</strong></span> 
     </span>
    </p>
   </div>
   <div class='ocr_carea' id='block_1_88' title="bbox 2300 4206 3914 4282">
    <p class='ocr_par' dir='ltr' id='par_1_88' title="bbox 2342 4206 3914 4282">
     <span class='ocr_line' id='line_1_88' title="bbox 2342 4206 3914 4282; baseline -0.003 -20"><span class='ocrx_word' id='word_1_731' title='bbox 2342 4228 2523 4281; x_wconf 87' lang='grc' dir='ltr'>μισαν,</span> <span class='ocrx_word' id='word_1_732' title='bbox 2571 4209 2766 4282; x_wconf 76' lang='grc' dir='ltr'>ἤρξατο</span> <span class='ocrx_word' id='word_1_733' title='bbox 2801 4212 2827 4261; x_wconf 90' lang='grc' dir='ltr'><strong>ό</strong></span> <span class='ocrx_word' id='word_1_734' title='bbox 2890 4209 3085 4282; x_wconf 73' lang='grc' dir='ltr'>λῃστὴς</span> <span class='ocrx_word' id='word_1_735' title='bbox 3151 4212 3362 4262; x_wconf 83' lang='grc' dir='ltr'>τύπτειν</span> <span class='ocrx_word' id='word_1_736' title='bbox 3418 4216 3513 4271; x_wconf 69' lang='grc' dir='ltr'>τὴν</span> <span class='ocrx_word' id='word_1_737' title='bbox 3568 4210 3805 4280; x_wconf 83' lang='grc' dir='ltr'>κάμηλον,</span> <span class='ocrx_word' id='word_1_738' title='bbox 3848 4206 3914 4257; x_wconf 78' lang='grc' dir='ltr'>ἵνα</span> 
     </span>
    </p>
   </div>
   <div class='ocr_carea' id='block_1_89' title="bbox 580 4294 2194 4372">
    <p class='ocr_par' dir='ltr' id='par_1_89' title="bbox 580 4294 2194 4367">
     <span class='ocr_line' id='line_1_89' title="bbox 580 4294 2194 4367; baseline 0 -14"><span class='ocrx_word' id='word_1_739' title='bbox 580 4297 883 4367; x_wconf 84' lang='lat' dir='ltr'><strong>surgebat.</strong></span> <span class='ocrx_word' id='word_1_740' title='bbox 905 4294 1073 4363; x_wconf 92' lang='lat' dir='ltr'><strong>Quod</strong></span> <span class='ocrx_word' id='word_1_741' title='bbox 1106 4296 1207 4351; x_wconf 91' lang='lat' dir='ltr'><strong>ubi</strong></span> <span class='ocrx_word' id='word_1_742' title='bbox 1232 4295 1380 4350; x_wconf 89' lang='lat' dir='ltr'><strong>vidit</strong></span> <span class='ocrx_word' id='word_1_743' title='bbox 1409 4296 1700 4351; x_wconf 85' lang='lat' dir='ltr'><strong>Macarius</strong></span> <span class='ocrx_word' id='word_1_744' title='bbox 1727 4296 2194 4362; x_wconf 78' lang='lat' dir='ltr'><strong>abbas,cellular</strong></span> 
     </span>
    </p>
   </div>
   <div class='ocr_carea' id='block_1_90' title="bbox 2300 4294 3914 4372">
    <p class='ocr_par' dir='ltr' id='par_1_90' title="bbox 2342 4294 3914 4372">
     <span class='ocr_line' id='line_1_90' title="bbox 2342 4294 3914 4372; baseline -0.003 -21"><span class='ocrx_word' id='word_1_745' title='bbox 2342 4299 2540 4372; x_wconf 78' lang='grc' dir='ltr'>ἀναστῇ</span> <span class='ocrx_word' id='word_1_746' title='bbox 2578 4319 2589 4331; x_wconf 88' lang='grc'><strong>·</strong></span> <span class='ocrx_word' id='word_1_747' title='bbox 2639 4304 2729 4352; x_wconf 80' lang='grc' dir='ltr'>καὶ</span> <span class='ocrx_word' id='word_1_748' title='bbox 2778 4298 2872 4351; x_wconf 77' lang='grc' dir='ltr'>οὐκ</span> <span class='ocrx_word' id='word_1_749' title='bbox 2915 4299 3149 4372; x_wconf 77' lang='grc' dir='ltr'>ἠγείρετο</span> <span class='ocrx_word' id='word_1_750' title='bbox 3178 4316 3191 4330; x_wconf 92' lang='grc'><strong>⁸</strong></span> <span class='ocrx_word' id='word_1_751' title='bbox 3246 4295 3375 4352; x_wconf 83' lang='grc' dir='ltr'><strong>ἰδὼν</strong></span> <span class='ocrx_word' id='word_1_752' title='bbox 3406 4297 3469 4353; x_wconf 75' lang='grc' dir='ltr'>δε</span> <span class='ocrx_word' id='word_1_753' title='bbox 3502 4302 3527 4352; x_wconf 91' lang='lat'><strong>6</strong></span> <span class='ocrx_word' id='word_1_754' title='bbox 3566 4298 3725 4360; x_wconf 81' lang='grc' dir='ltr'>ἁϐϐᾶς</span> <span class='ocrx_word' id='word_1_755' title='bbox 3760 4294 3914 4351; x_wconf 79' lang='grc' dir='ltr'>Μακά-</span> 
     </span>
    </p>
   </div>
   <div class='ocr_carea' id='block_1_91' title="bbox 580 4383 2194 4479">
    <p class='ocr_par' dir='ltr' id='par_1_91' title="bbox 580 4383 2194 4456">
     <span class='ocr_line' id='line_1_91' title="bbox 580 4383 2194 4456; baseline 0.001 -15"><span class='ocrx_word' id='word_1_756' title='bbox 580 4387 885 4455; x_wconf 89' lang='lat' dir='ltr'><strong>ingressus</strong></span> <span class='ocrx_word' id='word_1_757' title='bbox 910 4400 1164 4455; x_wconf 89' lang='lat' dir='ltr'><strong>parvum</strong></span> <span class='ocrx_word' id='word_1_758' title='bbox 1181 4383 1486 4439; x_wconf 89' lang='lat' dir='ltr'><strong>sarculum</strong></span> <span class='ocrx_word' id='word_1_759' title='bbox 1503 4384 1748 4448; x_wconf 90' lang='lat' dir='ltr'><strong>invenit,</strong></span> <span class='ocrx_word' id='word_1_760' title='bbox 1766 4385 1923 4456; x_wconf 86' lang='lat' dir='ltr'><strong>quod</strong></span> <span class='ocrx_word' id='word_1_761' title='bbox 1940 4387 2194 4442; x_wconf 80' lang='lat' dir='ltr'><strong>emissur</strong></span> 
     </span>
    </p>
   </div>
   <div class='ocr_carea' id='block_1_92' title="bbox 2300 4383 3914 4479">
    <p class='ocr_par' dir='ltr' id='par_1_92' title="bbox 2300 4384 3914 4472">
     <span class='ocr_line' id='line_1_92' title="bbox 2300 4384 3914 4472; baseline -0.002 -31"><span class='ocrx_word' id='word_1_762' title='bbox 2300 4432 2307 4472; x_wconf 75' lang='grc'><strong>,</strong></span> <span class='ocrx_word' id='word_1_763' title='bbox 2341 4408 2472 4461; x_wconf 90' lang='grc' dir='ltr'>ριος,</span> <span class='ocrx_word' id='word_1_764' title='bbox 2506 4390 2586 4441; x_wconf 89' lang='grc' dir='ltr'>ὃτι</span> <span class='ocrx_word' id='word_1_765' title='bbox 2612 4388 2707 4441; x_wconf 77' lang='grc' dir='ltr'>οὐκ</span> <span class='ocrx_word' id='word_1_766' title='bbox 2958 4386 3230 4461; x_wconf 73' lang='grc' dir='ltr'>ἐγείρεται,</span> <span class='ocrx_word' id='word_1_767' title='bbox 3262 4388 3508 4443; x_wconf 84' lang='grc' dir='ltr'>εἰσελθὼν</span> <span class='ocrx_word' id='word_1_768' title='bbox 3553 4392 3601 4443; x_wconf 73' lang='grc' dir='ltr'>ἓν</span> <span class='ocrx_word' id='word_1_769' title='bbox 3650 4387 3718 4461; x_wconf 76' lang='grc' dir='ltr'>τῷ</span> <span class='ocrx_word' id='word_1_770' title='bbox 3761 4384 3914 4453; x_wconf 79' lang='grc' dir='ltr'>κελλίῳ</span> 
     </span>
    </p>
   </div>
   <div class='ocr_carea' id='block_1_93' title="bbox 578 4472 2192 4550">
    <p class='ocr_par' dir='ltr' id='par_1_93' title="bbox 578 4473 2192 4546">
     <span class='ocr_line' id='line_1_93' title="bbox 578 4473 2192 4546; baseline 0.001 -16"><span class='ocrx_word' id='word_1_771' title='bbox 578 4476 868 4546; x_wconf 88' lang='lat' dir='ltr'><strong>imposuit</strong></span> <span class='ocrx_word' id='word_1_772' title='bbox 898 4474 1129 4530; x_wconf 92' lang='lat' dir='ltr'><strong>camelo</strong></span> <span class='ocrx_word' id='word_1_773' title='bbox 1168 4474 1372 4529; x_wconf 91' lang='lat' dir='ltr'><strong>dicens</strong></span> <span class='ocrx_word' id='word_1_774' title='bbox 1406 4490 1418 4528; x_wconf 90' lang='lat'>:</span> <span class='ocrx_word' id='word_1_775' title='bbox 1465 4476 1680 4537; x_wconf 88' lang='lat' dir='ltr'><strong>Frater,</strong></span> <span class='ocrx_word' id='word_1_776' title='bbox 1714 4473 1827 4528; x_wconf 89' lang='lat' dir='ltr'><strong>hoc</strong></span> <span class='ocrx_word' id='word_1_777' title='bbox 1860 4476 2094 4546; x_wconf 86' lang='lat' dir='ltr'><strong>quaerit</strong></span> <span class='ocrx_word' id='word_1_778' title='bbox 2132 4493 2192 4532; x_wconf 85' lang='lat' dir='ltr'><strong>ca</strong></span> 
     </span>
    </p>
   </div>
   <div class='ocr_carea' id='block_1_94' title="bbox 2296 4472 3910 4550">
    <p class='ocr_par' dir='ltr' id='par_1_94' title="bbox 2296 4472 3910 4550">
     <span class='ocr_line' id='line_1_94' title="bbox 2296 4472 3910 4550; baseline -0.002 -21"><span class='ocrx_word' id='word_1_779' title='bbox 2296 4472 2300 4476; x_wconf 20' lang='grc' dir='ltr'><strong><em>γ</em></strong></span> <span class='ocrx_word' id='word_1_780' title='bbox 2343 4477 2455 4550; x_wconf 79' lang='grc' dir='ltr'>εὗρε</span> <span class='ocrx_word' id='word_1_781' title='bbox 2497 4481 2681 4548; x_wconf 82' lang='grc' dir='ltr'>μικρὸν</span> <span class='ocrx_word' id='word_1_782' title='bbox 2732 4472 2975 4529; x_wconf 76' lang='grc' dir='ltr'>σκαλίδιν</span> <span class='ocrx_word' id='word_1_783' title='bbox 3006 4478 3051 4512; x_wconf 71' lang='grc'><strong>⁸⁸</strong></span> <span class='ocrx_word' id='word_1_784' title='bbox 3095 4494 3108 4506; x_wconf 91' lang='grc'><strong>⁸</strong></span> <span class='ocrx_word' id='word_1_785' title='bbox 3141 4481 3231 4529; x_wconf 79' lang='grc' dir='ltr'>καὶ</span> <span class='ocrx_word' id='word_1_786' title='bbox 3276 4475 3505 4530; x_wconf 74' lang='grc' dir='ltr'>ἐκϐαλὼν</span> <span class='ocrx_word' id='word_1_787' title='bbox 3536 4480 3585 4515; x_wconf 72' lang='grc'><strong>4³</strong></span> <span class='ocrx_word' id='word_1_788' title='bbox 3630 4476 3831 4533; x_wconf 76' lang='grc' dir='ltr'>ἐπέθηκε</span> <span class='ocrx_word' id='word_1_789' title='bbox 3861 4477 3910 4541; x_wconf 63' lang='grc' dir='ltr'>τῇ</span> 
     </span>
    </p>
   </div>
   <div class='ocr_carea' id='block_1_95' title="bbox 583 4561 2197 4639">
    <p class='ocr_par' dir='ltr' id='par_1_95' title="bbox 583 4563 2197 4636">
     <span class='ocr_line' id='line_1_95' title="bbox 583 4563 2197 4636; baseline 0.002 -17"><span class='ocrx_word' id='word_1_790' title='bbox 583 4565 791 4620; x_wconf 87' lang='lat' dir='ltr'><strong>melus.</strong></span> <span class='ocrx_word' id='word_1_791' title='bbox 837 4569 915 4620; x_wconf 87' lang='lat' dir='ltr'><strong>Ac</strong></span> <span class='ocrx_word' id='word_1_792' title='bbox 957 4564 1109 4636; x_wconf 91' lang='lat' dir='ltr'><strong>pede</strong></span> <span class='ocrx_word' id='word_1_793' title='bbox 1152 4563 1399 4634; x_wconf 90' lang='lat' dir='ltr'><strong>pulsans</strong></span> <span class='ocrx_word' id='word_1_794' title='bbox 1448 4579 1582 4617; x_wconf 89' lang='lat' dir='ltr'><strong>eum</strong></span> <span class='ocrx_word' id='word_1_795' title='bbox 1630 4578 1807 4618; x_wconf 85' lang='lat' dir='ltr'><strong>senex</strong></span> <span class='ocrx_word' id='word_1_796' title='bbox 1859 4566 1975 4619; x_wconf 91' lang='lat' dir='ltr'><strong>ait:</strong></span> <span class='ocrx_word' id='word_1_797' title='bbox 2020 4567 2197 4635; x_wconf 80' lang='lat' dir='ltr'><strong>Surge</strong></span> 
     </span>
    </p>
   </div>
   <div class='ocr_carea' id='block_1_96' title="bbox 2301 4561 3915 4639">
    <p class='ocr_par' dir='ltr' id='par_1_96' title="bbox 2341 4561 3915 4639">
     <span class='ocr_line' id='line_1_96' title="bbox 2341 4561 3915 4639; baseline -0.003 -22"><span class='ocrx_word' id='word_1_798' title='bbox 2341 4565 2558 4637; x_wconf 82' lang='grc' dir='ltr'>καμήλῳ</span> <span class='ocrx_word' id='word_1_799' title='bbox 2606 4566 2764 4638; x_wconf 82' lang='grc' dir='ltr'>λέγων</span> <span class='ocrx_word' id='word_1_800' title='bbox 2813 4582 2826 4596; x_wconf 91' lang='grc'><strong>·</strong></span> <span class='ocrx_word' id='word_1_801' title='bbox 2863 4561 3067 4637; x_wconf 77' lang='grc' dir='ltr'>ἀδελφέ,</span> <span class='ocrx_word' id='word_1_802' title='bbox 3115 4574 3268 4619; x_wconf 81' lang='grc' dir='ltr'>τοῦτο</span> <span class='ocrx_word' id='word_1_803' title='bbox 3311 4569 3462 4630; x_wconf 85' lang='grc' dir='ltr'>ζητεί</span> <span class='ocrx_word' id='word_1_804' title='bbox 3493 4568 3524 4625; x_wconf 76' lang='grc' dir='ltr'>ἡ</span> <span class='ocrx_word' id='word_1_805' title='bbox 3552 4565 3777 4639; x_wconf 84' lang='grc' dir='ltr'>κάμηλος</span> <span class='ocrx_word' id='word_1_806' title='bbox 3802 4581 3813 4593; x_wconf 89' lang='grc'><strong>⁸</strong></span> <span class='ocrx_word' id='word_1_807' title='bbox 3842 4562 3915 4613; x_wconf 79' lang='grc' dir='ltr'>καὶ</span> 
     </span>
    </p>
   </div>
   <div class='ocr_carea' id='block_1_97' title="bbox 579 4652 2193 4730">
    <p class='ocr_par' dir='ltr' id='par_1_97' title="bbox 579 4653 2193 4725">
     <span class='ocr_line' id='line_1_97' title="bbox 579 4653 2193 4725; baseline 0.001 -15"><span class='ocrx_word' id='word_1_808' title='bbox 579 4653 1019 4725; x_wconf 85' lang='lat' dir='ltr'><strong>Confestimque</strong></span> <span class='ocrx_word' id='word_1_809' title='bbox 1046 4654 1320 4716; x_wconf 78' lang='lat' dir='ltr'><strong>surrexit,</strong></span> <span class='ocrx_word' id='word_1_810' title='bbox 1363 4658 1419 4707; x_wconf 90' lang='lat' dir='ltr'><strong>et</strong></span> <span class='ocrx_word' id='word_1_811' title='bbox 1459 4668 1784 4723; x_wconf 86' lang='lat' dir='ltr'><strong>parumper</strong></span> <span class='ocrx_word' id='word_1_812' title='bbox 1822 4654 2043 4709; x_wconf 86' lang='lat' dir='ltr'><strong>itineris</strong></span> <span class='ocrx_word' id='word_1_813' title='bbox 2089 4672 2193 4711; x_wconf 92' lang='lat' dir='ltr'><strong>con</strong></span> 
     </span>
    </p>
   </div>
   <div class='ocr_carea' id='block_1_98' title="bbox 2302 4652 3916 4730">
    <p class='ocr_par' dir='ltr' id='par_1_98' title="bbox 2341 4652 3916 4730">
     <span class='ocr_line' id='line_1_98' title="bbox 2341 4652 3916 4730; baseline -0.001 -23"><span class='ocrx_word' id='word_1_814' title='bbox 2341 4659 2573 4730; x_wconf 83' lang='grc' dir='ltr'>κρούσας</span> <span class='ocrx_word' id='word_1_815' title='bbox 2604 4656 2762 4714; x_wconf 76' lang='grc' dir='ltr'>αὐτὴν</span> <span class='ocrx_word' id='word_1_816' title='bbox 2801 4656 2826 4707; x_wconf 93' lang='lat'><strong>6</strong></span> <span class='ocrx_word' id='word_1_817' title='bbox 2854 4659 3016 4728; x_wconf 74' lang='grc' dir='ltr'>γέρων</span> <span class='ocrx_word' id='word_1_818' title='bbox 3054 4663 3125 4726; x_wconf 85' lang='grc' dir='ltr'>τῷ</span> <span class='ocrx_word' id='word_1_819' title='bbox 3174 4652 3302 4708; x_wconf 81' lang='grc' dir='ltr'>ποδὶ</span> <span class='ocrx_word' id='word_1_820' title='bbox 3350 4657 3489 4728; x_wconf 71' lang='grc' dir='ltr'>λέγει</span> <span class='ocrx_word' id='word_1_821' title='bbox 3521 4675 3532 4688; x_wconf 92' lang='grc'><strong>⁸</strong></span> <span class='ocrx_word' id='word_1_822' title='bbox 3570 4656 3763 4709; x_wconf 80' lang='grc' dir='ltr'>ἀνάστα</span> <span class='ocrx_word' id='word_1_823' title='bbox 3796 4666 3809 4679; x_wconf 85' lang='grc'><strong>⁹</strong></span> <span class='ocrx_word' id='word_1_824' title='bbox 3843 4652 3916 4701; x_wconf 75' lang='grc' dir='ltr'><strong>καί</strong></span> 
     </span>
    </p>
   </div>
   <div class='ocr_carea' id='block_1_99' title="bbox 576 4741 2190 4820">
    <p class='ocr_par' dir='ltr' id='par_1_99' title="bbox 576 4741 2190 4815">
     <span class='ocr_line' id='line_1_99' title="bbox 576 4741 2190 4815; baseline -0.001 -15"><span class='ocrx_word' id='word_1_825' title='bbox 576 4744 712 4800; x_wconf 87' lang='lat' dir='ltr'><strong>fecit</strong></span> <span class='ocrx_word' id='word_1_826' title='bbox 740 4750 980 4815; x_wconf 85' lang='lat' dir='ltr'><strong>propter</strong></span> <span class='ocrx_word' id='word_1_827' title='bbox 1008 4743 1133 4797; x_wconf 88' lang='lat' dir='ltr'><strong>eius</strong></span> <span class='ocrx_word' id='word_1_828' title='bbox 1182 4757 1546 4797; x_wconf 88' lang='lat' dir='ltr'><strong>sermonem.</strong></span> <span class='ocrx_word' id='word_1_829' title='bbox 1594 4742 1707 4797; x_wconf 91' lang='lat' dir='ltr'><strong>Sed</strong></span> <span class='ocrx_word' id='word_1_830' title='bbox 1741 4741 1954 4797; x_wconf 88' lang='lat' dir='ltr'><strong>iterum</strong></span> <span class='ocrx_word' id='word_1_831' title='bbox 1988 4745 2190 4799; x_wconf 84' lang='lat' dir='ltr'><strong>resedi</strong></span> 
     </span>
    </p>
   </div>
   <div class='ocr_carea' id='block_1_100' title="bbox 2302 4741 3916 4820">
    <p class='ocr_par' dir='ltr' id='par_1_100' title="bbox 2340 4741 3916 4820">
     <span class='ocr_line' id='line_1_100' title="bbox 2340 4741 3916 4820; baseline -0.003 -23"><span class='ocrx_word' id='word_1_832' title='bbox 2340 4745 2521 4806; x_wconf 78' lang='grc' dir='ltr'>εὐθέως</span> <span class='ocrx_word' id='word_1_833' title='bbox 2578 4744 2789 4815; x_wconf 75' lang='grc' dir='ltr'>ἀνέστη,</span> <span class='ocrx_word' id='word_1_834' title='bbox 2848 4749 2937 4797; x_wconf 81' lang='grc' dir='ltr'>καὶ</span> <span class='ocrx_word' id='word_1_835' title='bbox 3000 4743 3199 4805; x_wconf 78' lang='grc' dir='ltr'>ἀπῆλθε</span> <span class='ocrx_word' id='word_1_836' title='bbox 3248 4750 3438 4820; x_wconf 87' lang='grc' dir='ltr'>μικρὸν</span> <span class='ocrx_word' id='word_1_837' title='bbox 3503 4743 3599 4800; x_wconf 78' lang='grc' dir='ltr'><strong>διὰ</strong></span> <span class='ocrx_word' id='word_1_838' title='bbox 3649 4748 3731 4799; x_wconf 88' lang='grc' dir='ltr'>τὸν</span> <span class='ocrx_word' id='word_1_839' title='bbox 3786 4741 3916 4810; x_wconf 81' lang='grc' dir='ltr'>λόγον</span> 
     </span>
    </p>
   </div>
   <div class='ocr_carea' id='block_1_101' title="bbox 1912 4906 2614 4965">
    <p class='ocr_par' dir='ltr' id='par_1_101' title="bbox 1912 4906 2614 4965">
     <span class='ocr_line' id='line_1_101' title="bbox 1912 4906 2614 4965; baseline 0.007 -7"><span class='ocrx_word' id='word_1_840' title='bbox 1912 4906 2172 4961; x_wconf 83' lang='lat' dir='ltr'><strong>VARIAE</strong></span> <span class='ocrx_word' id='word_1_841' title='bbox 2210 4907 2614 4965; x_wconf 85' lang='lat' dir='ltr'><strong>LECTIONES.</strong></span> 
     </span>
    </p>
   </div>
   <div class='ocr_carea' id='block_1_102' title="bbox 649 5045 3909 5123">
    <p class='ocr_par' dir='ltr' id='par_1_102' title="bbox 649 5045 3909 5123">
     <span class='ocr_line' id='line_1_102' title="bbox 649 5045 3909 5123; baseline -0.002 -21"><span class='ocrx_word' id='word_1_842' title='bbox 649 5049 698 5123; x_wconf 49' lang='grc' dir='ltr'>Ψ</span> <span class='ocrx_word' id='word_1_843' title='bbox 720 5045 805 5123; x_wconf 58' lang='lat' dir='ltr'><strong>Al.</strong></span> <span class='ocrx_word' id='word_1_844' title='bbox 838 5046 981 5102; x_wconf 89' lang='lat' dir='ltr'><strong>add.</strong></span> <span class='ocrx_word' id='word_1_845' title='bbox 1024 5046 1073 5123; x_wconf 77' lang='grc' dir='ltr'>εἰ</span> <span class='ocrx_word' id='word_1_846' title='bbox 1124 5046 1283 5123; x_wconf 72' lang='grc' dir='ltr'>αύτή</span> <span class='ocrx_word' id='word_1_847' title='bbox 1342 5047 1518 5123; x_wconf 56' lang='grc' dir='ltr'>ἐστιν</span> <span class='ocrx_word' id='word_1_848' title='bbox 1569 5048 1599 5105; x_wconf 82' lang='grc' dir='ltr'>ἡ</span> <span class='ocrx_word' id='word_1_849' title='bbox 1631 5048 2014 5123; x_wconf 74' lang='grc' dir='ltr'>παμαρυθία</span> <span class='ocrx_word' id='word_1_850' title='bbox 2042 5057 2169 5123; x_wconf 65' lang='grc' dir='ltr'><strong>⁸τῆς</strong></span> <span class='ocrx_word' id='word_1_851' title='bbox 2207 5049 2530 5111; x_wconf 82' lang='grc' dir='ltr'>κολάσεως</span> <span class='ocrx_word' id='word_1_852' title='bbox 2569 5068 2582 5081; x_wconf 94' lang='grc'><strong>⁸</strong></span> <span class='ocrx_word' id='word_1_853' title='bbox 2666 5052 2710 5087; x_wconf 83' lang='grc'><strong>⁴¹</strong></span> <span class='ocrx_word' id='word_1_854' title='bbox 2744 5048 2829 5105; x_wconf 88' lang='grc' dir='ltr'><strong>ΑΙ.</strong></span> <span class='ocrx_word' id='word_1_855' title='bbox 2860 5049 2999 5107; x_wconf 89' lang='lat' dir='ltr'><strong>add.</strong></span> <span class='ocrx_word' id='word_1_856' title='bbox 3032 5054 3141 5103; x_wconf 81' lang='grc' dir='ltr'>καὶ</span> <span class='ocrx_word' id='word_1_857' title='bbox 3171 5054 3252 5123; x_wconf 79' lang='grc' dir='ltr'>μὴ</span> <span class='ocrx_word' id='word_1_858' title='bbox 3296 5054 3691 5112; x_wconf 85' lang='grc' dir='ltr'>ποιήσαντες</span> <span class='ocrx_word' id='word_1_859' title='bbox 3730 5046 3909 5101; x_wconf 75' lang='grc' dir='ltr'>αὑτοῦ</span> 
     </span>
    </p>
   </div>
   <div class='ocr_carea' id='block_1_103' title="bbox 577 5115 2167 5190">
    <p class='ocr_par' dir='ltr' id='par_1_103' title="bbox 577 5115 2167 5190">
     <span class='ocr_line' id='line_1_103' title="bbox 577 5115 2167 5190; baseline 0.004 -19"><span class='ocrx_word' id='word_1_860' title='bbox 577 5120 643 5171; x_wconf 78' lang='grc' dir='ltr'>τὸ</span> <span class='ocrx_word' id='word_1_861' title='bbox 678 5119 919 5190; x_wconf 80' lang='grc' dir='ltr'>θέλημα</span> <span class='ocrx_word' id='word_1_862' title='bbox 949 5136 962 5149; x_wconf 92' lang='grc'><strong>⁸</strong></span> <span class='ocrx_word' id='word_1_863' title='bbox 1042 5120 1089 5153; x_wconf 75' lang='grc'><strong><em>⁸³</em></strong></span> <span class='ocrx_word' id='word_1_864' title='bbox 1132 5118 1220 5173; x_wconf 82' lang='grc' dir='ltr'><strong>ΑΙ.</strong></span> <span class='ocrx_word' id='word_1_865' title='bbox 1257 5115 1605 5171; x_wconf 86' lang='grc' dir='ltr'>σκαλίδιον</span> <span class='ocrx_word' id='word_1_866' title='bbox 1643 5134 1655 5148; x_wconf 89' lang='grc'><strong>⁸</strong></span> <span class='ocrx_word' id='word_1_867' title='bbox 1726 5115 1792 5155; x_wconf 69' lang='grc'><strong>’⁴³</strong></span> <span class='ocrx_word' id='word_1_868' title='bbox 1819 5115 2167 5177; x_wconf 72' lang='grc' dir='ltr'>Ἀ1.λαϐὠν.</span> 
     </span>
    </p>
   </div>
   <div class='ocr_carea' id='block_1_104' title="bbox 2130 5274 2387 5331">
    <p class='ocr_par' dir='ltr' id='par_1_104' title="bbox 2130 5274 2387 5331">
     <span class='ocr_line' id='line_1_104' title="bbox 2130 5274 2387 5331; baseline 0 -2"><span class='ocrx_word' id='word_1_869' title='bbox 2130 5274 2387 5331; x_wconf 89' lang='lat' dir='ltr'><strong>NOTAE.</strong></span> 
     </span>
    </p>
   </div>
   <div class='ocr_carea' id='block_1_105' title="bbox 577 5419 3913 5549">
    <p class='ocr_par' dir='ltr' id='par_1_105' title="bbox 577 5419 3913 5549">
     <span class='ocr_line' id='line_1_105' title="bbox 577 5419 3913 5549; baseline -0.003 -71"><span class='ocrx_word' id='word_1_870' title='bbox 577 5496 607 5549; x_wconf 74' lang='lat'><strong>3</strong></span> <span class='ocrx_word' id='word_1_871' title='bbox 648 5421 728 5547; x_wconf 57' lang='grc' dir='ltr'><strong>(ῗέ</strong></span> <span class='ocrx_word' id='word_1_872' title='bbox 753 5420 836 5478; x_wconf 87' lang='lat' dir='ltr'><strong>Cf.</strong></span> <span class='ocrx_word' id='word_1_873' title='bbox 872 5422 980 5477; x_wconf 84' lang='lat' dir='ltr'><strong>VV.</strong></span> <span class='ocrx_word' id='word_1_874' title='bbox 1013 5424 1213 5479; x_wconf 87' lang='lat' dir='ltr'><strong>Rosw.</strong></span> <span class='ocrx_word' id='word_1_875' title='bbox 1249 5420 1356 5479; x_wconf 87' lang='lat' dir='ltr'><strong>lib.</strong></span> <span class='ocrx_word' id='word_1_876' title='bbox 1388 5421 1460 5477; x_wconf 87' lang='lat' dir='ltr'><strong>IlI</strong></span> <span class='ocrx_word' id='word_1_877' title='bbox 1485 5436 1614 5494; x_wconf 85' lang='lat' dir='ltr'><strong>cap.</strong></span> <span class='ocrx_word' id='word_1_878' title='bbox 1646 5426 1775 5490; x_wconf 69' lang='lat'><strong>172;</strong></span> <span class='ocrx_word' id='word_1_879' title='bbox 1807 5423 1914 5480; x_wconf 83' lang='lat' dir='ltr'><strong>lib.</strong></span> <span class='ocrx_word' id='word_1_880' title='bbox 1941 5423 2009 5478; x_wconf 84' lang='lat' dir='ltr'><strong>VI</strong></span> <span class='ocrx_word' id='word_1_881' title='bbox 2039 5423 2222 5483; x_wconf 87' lang='lat' dir='ltr'><strong>libell.</strong></span> <span class='ocrx_word' id='word_1_882' title='bbox 2337 5427 2550 5549; x_wconf 53' lang='grc' dir='ltr'>ρτιξντκαοέὶ</span> <span class='ocrx_word' id='word_1_883' title='bbox 2579 5422 2912 5549; x_wconf 46' lang='grc' dir='ltr'><strong>ἱοὲῗθδὶἓὶούς</strong></span> <span class='ocrx_word' id='word_1_884' title='bbox 2956 5430 3093 5478; x_wconf 85' lang='grc' dir='ltr'>ποιεῖ</span> <span class='ocrx_word' id='word_1_885' title='bbox 3128 5426 3321 5487; x_wconf 82' lang='grc' dir='ltr'>κακούς</span> <span class='ocrx_word' id='word_1_886' title='bbox 3352 5442 3366 5457; x_wconf 91' lang='grc'><strong>·</strong></span> <span class='ocrx_word' id='word_1_887' title='bbox 3396 5423 3423 5475; x_wconf 93' lang='lat'><strong>6</strong></span> <span class='ocrx_word' id='word_1_888' title='bbox 3457 5420 3519 5477; x_wconf 76' lang='grc' dir='ltr'>δε</span> <span class='ocrx_word' id='word_1_889' title='bbox 3570 5422 3726 5485; x_wconf 84' lang='grc' dir='ltr'>καλὸς</span> <span class='ocrx_word' id='word_1_890' title='bbox 3755 5419 3913 5494; x_wconf 68' lang='grc' dir='ltr'>ὠφελεῖ</span> 
     </span>
    </p>
   </div>
   <div class='ocr_carea' id='block_1_106' title="bbox 615 5497 3716 5644">
    <p class='ocr_par' dir='ltr' id='par_1_106' title="bbox 615 5497 3716 5644">
     <span class='ocr_line' id='line_1_106' title="bbox 615 5497 2836 5559; baseline 0.001 -13"><span class='ocrx_word' id='word_1_891' title='bbox 615 5535 629 5559; x_wconf 97' lang='grc'><strong>,</strong></span> <span class='ocrx_word' id='word_1_892' title='bbox 660 5497 752 5549; x_wconf 82' lang='lat' dir='ltr'><strong>l6.</strong></span> <span class='ocrx_word' id='word_1_893' title='bbox 2337 5497 2553 5557; x_wconf 63' lang='grc' dir='ltr'>πάντας.</span> <span class='ocrx_word' id='word_1_894' title='bbox 2584 5497 2836 5553; x_wconf 77' lang='lat' dir='ltr'><strong>Coleler.</strong></span> 
     </span>
     <span class='ocr_line' id='line_1_107' title="bbox 648 5562 3716 5644; baseline 0.001 -26"><span class='ocrx_word' id='word_1_895' title='bbox 648 5562 820 5644; x_wconf 65' lang='grc' dir='ltr'><strong>(ὁ)ςο⁸</strong></span> <span class='ocrx_word' id='word_1_896' title='bbox 857 5562 1043 5644; x_wconf 68' lang='grc' dir='ltr'>λόγος</span> <span class='ocrx_word' id='word_1_897' title='bbox 1092 5564 1118 5614; x_wconf 89' lang='grc' dir='ltr'><strong>ό</strong></span> <span class='ocrx_word' id='word_1_898' title='bbox 1163 5567 1395 5644; x_wconf 43' lang='grc' dir='ltr'>κακός..</span> <span class='ocrx_word' id='word_1_899' title='bbox 1442 5564 1506 5619; x_wconf 88' lang='lat' dir='ltr'><strong>In</strong></span> <span class='ocrx_word' id='word_1_900' title='bbox 1540 5563 1880 5644; x_wconf 85' lang='lat' dir='ltr'><strong>C_olberti_n_o</strong></span> <span class='ocrx_word' id='word_1_901' title='bbox 1927 5566 2079 5644; x_wconf 80' lang='lat' dir='ltr'><strong>libro</strong></span> <span class='ocrx_word' id='word_1_902' title='bbox 2107 5567 2224 5644; x_wconf 79' lang='lat' dir='ltr'><strong>hoc</strong></span> <span class='ocrx_word' id='word_1_903' title='bbox 2411 5568 2487 5640; x_wconf 85' lang='lat' dir='ltr'><strong>(c)</strong></span> <span class='ocrx_word' id='word_1_904' title='bbox 2528 5568 2614 5626; x_wconf 78' lang='lat' dir='ltr'><strong>Cf.</strong></span> <span class='ocrx_word' id='word_1_905' title='bbox 2640 5568 2755 5625; x_wconf 86' lang='lat' dir='ltr'><strong>VV.</strong></span> <span class='ocrx_word' id='word_1_906' title='bbox 2788 5567 2899 5623; x_wconf 88' lang='lat' dir='ltr'><strong>PP.</strong></span> <span class='ocrx_word' id='word_1_907' title='bbox 2943 5570 3140 5625; x_wconf 84' lang='lat' dir='ltr'><strong>Rosw.</strong></span> <span class='ocrx_word' id='word_1_908' title='bbox 3172 5567 3274 5624; x_wconf 90' lang='lat' dir='ltr'><strong>lib.</strong></span> <span class='ocrx_word' id='word_1_909' title='bbox 3303 5565 3374 5622; x_wconf 89' lang='lat' dir='ltr'><strong>Ill</strong></span> <span class='ocrx_word' id='word_1_910' title='bbox 3406 5581 3550 5643; x_wconf 88' lang='lat' dir='ltr'><strong>cap.</strong></span> <span class='ocrx_word' id='word_1_911' title='bbox 3594 5570 3716 5623; x_wconf 80' lang='grc'><strong>127.</strong></span> 
     </span>
    </p>
   </div>
   <div class='ocr_carea' id='block_1_107' title="bbox 571 5632 2223 5713">
    <p class='ocr_par' dir='ltr' id='par_1_107' title="bbox 571 5632 2223 5713">
     <span class='ocr_line' id='line_1_108' title="bbox 571 5632 2223 5713; baseline 0 -22"><span class='ocrx_word' id='word_1_912' title='bbox 571 5632 762 5711; x_wconf 73' lang='lat' dir='ltr'><strong>reperi</strong></span> <span class='ocrx_word' id='word_1_913' title='bbox 794 5632 1251 5707; x_wconf 71' lang='lat' dir='ltr'><strong>Apophlhegma</strong></span> <span class='ocrx_word' id='word_1_914' title='bbox 1278 5651 1290 5691; x_wconf 77' lang='grc' dir='ltr'>ζ</span> <span class='ocrx_word' id='word_1_915' title='bbox 1333 5632 1485 5690; x_wconf 81' lang='grc' dir='ltr'>Εἶπεν</span> <span class='ocrx_word' id='word_1_916' title='bbox 1525 5641 1687 5711; x_wconf 74' lang='grc' dir='ltr'>γέρων</span> <span class='ocrx_word' id='word_1_917' title='bbox 1722 5652 1736 5665; x_wconf 92' lang='grc'><strong>⁸</strong></span> <span class='ocrx_word' id='word_1_918' title='bbox 1775 5638 1802 5690; x_wconf 89' lang='lat'><strong>6</strong></span> <span class='ocrx_word' id='word_1_919' title='bbox 1831 5638 1975 5713; x_wconf 84' lang='grc' dir='ltr'>λόγος</span> <span class='ocrx_word' id='word_1_920' title='bbox 2004 5641 2030 5692; x_wconf 88' lang='lat'><strong>6</strong></span> <span class='ocrx_word' id='word_1_921' title='bbox 2063 5638 2223 5697; x_wconf 86' lang='grc' dir='ltr'>σκλη-</span> 
     </span>
    </p>
   </div>
  </div>
