4088 6192
204 308 305 367 261

1562 314 2219 378 APOPHTHEGMATA.

3466 329 3571 385 262

202 434 369 488 αὐτοῦ
402 457 416 470 ο
450 440 544 489 καὶ
595 437 747 490 πάλιν
797 438 1029 505 ἐκάθισε,
1069 442 1159 490 καὶ
1191 438 1285 490 οὐκ
1325 437 1537 505 ἀνέστη,
1583 442 1672 503 ἕως
1713 440 1811 494 ἀπ-

1921 458 2113 517 neque
2143 447 2483 518 exsurrexit,
2511 446 2705 506 donec
2725 449 3145 522 deposuissent
3175 457 3454 511 cunctam
3477 470 3573 510 su-

205 526 463 596 εγέμισαν
494 525 589 578 ὅλα
617 528 681 579 τὰ
708 530 868 585 σκεύη
896 549 908 561 ·
937 531 1027 581 καὶ
1057 526 1461 589 οὖτωςὰπῆλθεν
1488 528 1591 601 (a).

274 615 368 669 41.
430 617 493 668 Ὀ
546 614 711 679 ἀϐϐᾶς
770 618 899 672 Ἀῑὼ
957 617 1198 691 ἠρώτησε
1249 621 1336 671 τὸν
1408 618 1570 671 ἁϐϐᾶν
1622 624 1811 674 Μακά-

200 723 315 774 ριον
371 704 572 777 λέγων·
628 706 735 760 εἰπέ
787 726 877 778 μοι
930 707 1119 783 ῥῆμα·
1152 706 1288 779 λέγει
1371 708 1511 779 αὐτῷ
1565 710 1590 761 6
1648 709 1810 773 ἀϐϐᾶς

202 795 487 867 Μακάριος
519 814 532 826 ·
589 802 742 868 φεῦγε
788 800 911 858 τοὺς
949 794 1254 868 ἀνθρώπους
1284 814 1296 827 ⁸
1353 800 1571 851 κάθισον
1624 800 1696 863 εἰς
1749 803 1807 853 τὸ

201 882 406 935 κιλλίον
446 903 564 953 σου,
616 904 701 938 και
746 885 973 938 κλαῦσον
1020 888 1115 947 τὰς
1144 886 1400 960 ἁμαρτίας
1455 906 1571 952 σου,
1612 894 1701 941 καὶ
1739 894 1807 962 μὴ

205 971 497 1046 ἀγαπήσεις
525 972 703 1027 λαλιὰν
744 973 1023 1047 ἀνθρώπων
1056 993 1068 1006 ·
1104 980 1191 1029 καὶ
1219 976 1364 1051 σώζῃ
1395 978 1498 1048 (ὁ).

1918 534 2289 605 pellectilem.
2320 539 2481 593 Tunc
2501 537 2745 594 demum
2770 540 2934 595 abiit.

1985 623 2077 678 41.
2110 624 2213 679 Aio
2254 625 2447 681 abbas
2496 626 2884 697 interrogavit
2918 630 3240 687 Macarium
3284 630 3571 689 abbatem

1918 716 1975 768 et
2008 729 2020 766 :
2053 713 2247 770 Profer
2278 714 2443 781 mihi,
2474 714 2688 788 inquit,
2718 718 3096 776 sententiam.
3139 720 3478 793 Respondet
3518 722 3573 779 ei

1918 803 2203 859 Macarius
2224 803 2416 860 abbas
2441 820 2454 859 :
2475 804 2634 874 Fuge
2654 804 2951 872 homines,
2984 808 3127 865 sede
3150 809 3210 865 in
3235 809 3448 868 cellula
3469 815 3575 868 tua

1919 895 1975 946 et
2019 890 2172 947 deﬂe
2224 898 2471 965 peccata
2524 898 2647 964 tua,
2688 908 2884 966 neque
2936 895 3212 954 dilexeris
3264 898 3568 971 loquelam

1918 979 2256 1051 hominum,
2293 981 2573 1056 salusque
2596 981 2705 1039 tibi
2735 982 3021 1054 obtinget.

1759 1131 2010 1188 NOTAE.

282 1267 482 1341 ((1101.
503 1283 733 1341 supra
766 1269 880 1326 sub
929 1270 1023 1338 18,
1063 1270 1187 1330 VV.
1227 1271 1340 1327 PP.
1374 1274 1569 1330 Rosw.
1602 1272 1705 1330 lib.
1738 1274 1809 1329 111

205 1338 350 1413 cap.
376 1340 471 1405 73,
501 1338 738 1397 libfVII
771 1356 905 1413 cap.
941 1346 997 1413 3,
1032 1347 1079 1397 1.

1996 1274 2076 1347 (b)
2105 1275 2185 1332 cr.
2226 1277 2333 1333 vv.
2369 1279 2470 1333 PP.
2502 1280 2696 1335 Rosw.
2725 1277 2827 1336 lib.
2858 1279 2930 1335 IIl
2952 1294 3087 1353 cap.
3129 1282 3248 1338 189.

1850 1743 1950 1801 IV.

1087 1904 1269 1963 ALIA
1315 1903 1587 1965 SANCTI
1628 1903 1947 1965 MACARII
1990 1905 2668 1968 APOPHTHEGMATA

1476 2070 1509 2102 Δ
1535 2070 1607 2103 J0.
1639 2070 1783 2105 ΒΔΡΤ.
1824 2070 2096 2105 οοτκιεειιο
2129 2071 2290 2105 EDITA.

194 2204 220 2236 ι
257 2187 588 2238 Sanctorum
614 2198 805 2236 senum
826 2185 1308 2259 Apophthegmatg
1326 2204 1350 2233 ι
1375 2201 1423 2259 _s.
1452 2203 1539 2259 3v.
1559 2188 1814 2259 Αραξζιοη,
1840 2188 2806 2259 Z_ac[tarias,_g‘heo(_ioru_:_Phermemis
2822 2191 2966 2256 apud
2987 2192 3216 2259 Io.Bapt.
3236 2192 3569 2245 Cotelerium

1270 2249 1410 2300 Eccl.
1447 2249 1632 2305 Graec}
1672 2250 1815 2306 Mon.
1850 2252 1909 2301 T.
1944 2252 1981 2311 I,
2020 2268 2071 2317 p.
2104 2253 2212 2303 372.
2244 2254 2359 2307 443.
2399 2255 2507 2303 451.

272 2546 323 2599 1.
376 2540 529 2596 Εἶπεν
559 2543 585 2594 ὁ
629 2541 794 2605 ἁϐϐᾶς
833 2545 1017 2615 Πέτρος
1050 2542 1075 2594 6
1127 2549 1219 2594 τοῦ
1261 2540 1401 2594 ἁϐϐᾶ
1453 2547 1593 2608 Λώτ,
1635 2544 1712 2595 ὅτι
1755 2540 1803 2593 ἓν

1988 2545 2039 2598 1.
2070 2546 2271 2599 Petrus
2306 2544 2521 2610 abbas,
2552 2546 2886 2619 discipulus
2918 2549 3022 2605 Lot
3056 2547 3291 2605 abbatis
3319 2564 3332 2605 :
3367 2551 3564 2616 Eram,

194 2644 268 2705 τῷ
298 2632 489 2705 κελλίῳ
538 2639 631 2685 τοῦ
671 2631 805 2684 ἆϐϐᾱ
854 2631 1141 2703 Ἀγάθωνος
1179 2635 1319 2703 ἤμην
1361 2636 1506 2697 ποτε,
1557 2637 1647 2685 καὶ
1682 2629 1804 2690 ἦλθε

195 2727 329 2797 πρὸς
415 2720 571 2774 αὑτὸν
637 2717 859 2793 ἀδελφὸς
917 2720 1077 2792 λέγων
1110 2737 1122 2750 ’
1186 2720 1311 2773 θελω
1390 2721 1604 2779 οἰκῆσαι
1669 2723 1801 2793 μετὰ

198 2808 439 2883 ἀδελφῶν
464 2829 477 2840 ·
531 2807 670 2862 εἶπόν
722 2829 814 2883 μοι
850 2818 960 2870 πῶς
998 2811 1109 2880 μετ’
1160 2810 1329 2861 αὐτῶν
1379 2810 1579 2868 οἰκήσω
1615 2828 1626 2839 ·
1666 2810 1802 2881 λέγει

196 2905 342 2971 αὐτῷ
376 2902 402 2952 6
444 2904 611 2973 γέρων
644 2918 657 2931 ·
691 2902 762 2961 ὡς
804 2898 853 2951 ἐν
902 2907 964 2971 τῇ
1010 2904 1190 2973 πρώτῃ
1232 2900 1403 2972 ἡμέρᾳ
1448 2902 1527 2952 ὅτε
1581 2900 1797 2974 εἰσέρχῃ

198 2994 327 3063 πρὸς
380 2988 594 3053 αὐτούς,
635 2988 799 3049 οὕτως
853 2987 1071 3061 φύλαξον
1130 2993 1223 3047 τὴν
1263 2988 1502 3052 ξενιτείαν
1558 3008 1653 3041 σου
1705 2990 1803 3040 πά-

201 3098 299 3141 σας
340 3081 433 3139 τὰς
458 3079 658 3153 ἡμέρας
700 3086 797 3139 τῆς
838 3081 971 3141 ζωῆς
1004 3097 1118 3143 σου,
1163 3080 1245 3130 ἱνα
1287 3082 1357 3151 μὴ
1392 3077 1802 3154 παῤῥησιασθῇς

200 3169 311 3239 μετ’
351 3168 524 3220 αὐτῶν
558 3185 570 3197 ·
613 3166 748 3239 λέγει
796 3170 933 3237 αὐτῷ
967 3168 994 3219 6
1044 3166 1207 3228 ἀϐϐἁς
1256 3169 1527 3239 Μακάριος
1558 3186 1570 3197 θ
1602 3172 1653 3220 τί
1698 3170 1799 3239 γὰρ

198 3264 343 3309 ποιεῖ
400 3262 430 3315 ἡ
485 3255 806 3331 παῤῥησία;
860 3256 994 3328 λέγει
1047 3255 1187 3327 αὐτῷ
1231 3258 1256 3308 6
1309 3261 1469 3330 γέρων
1504 3275 1516 3286 ·
1567 3259 1724 3310 ἔοικεν
1767 3258 1796 3314 ἡ

198 3344 481 3420 παῤῥησίοι
522 3348 756 3398 καύσωνι
803 3345 1008 3417 μεγάλῳ
1036 3364 1049 3378 ’
1092 3345 1146 3407 ὃς
1178 3346 1297 3397 ὅταν
1336 3350 1569 3417 γίνηται,
1621 3347 1802 3406 πάντες

196 3438 484 3507 φεύγουσιν
530 3433 633 3487 ἀπὸ
679 3439 961 3508 προσώπου
1024 3434 1202 3501 αὐτοῦ,
1251 3438 1341 3487 καὶ
1408 3442 1507 3487 τῶν
1573 3431 1802 3510 δένδρων

194 3527 288 3576 τὸν
335 3526 537 3597 καρπὸν
587 3518 880 3598 διαφθείρει
915 3541 929 3554 ·
976 3523 1111 3595 λέγει
1144 3523 1286 3595 αὐτῷ
1339 3524 1365 3575 6
1418 3522 1579 3585 ἁϐϐᾶς
1622 3525 1803 3577 Μακά-

199 3633 316 3687 ριος
345 3634 360 3647 ⁸
395 3614 561 3675 οὕτως
612 3612 819 3685 χαλεπή
858 3611 999 3666 ἐστιν
1040 3615 1070 3672 ἦ
1118 3612 1429 3688 παρρησίας
1480 3618 1569 3666 καὶ
1609 3611 1744 3667 εἶπεν
1776 3615 1801 3665 6

201 3702 374 3764 ἀϐϐᾶς
422 3702 661 3773 Ἀγάθων
695 3722 708 3735 ·
751 3702 844 3755 οὐκ
887 3704 1028 3755 ἔστιν
1080 3702 1249 3777 ἕτερον
1300 3703 1467 3765 πάθος
1504 3702 1799 3774 χαλεπώτε-

201 3812 291 3869 ρον
334 3800 431 3853 τῆς
480 3791 781 3866 παρρησίας
804 3808 817 3821 ⁸
850 3796 1124 3864 γεννήτρια
1155 3793 1257 3864 γάρ
1307 3789 1418 3843 ἔστι
1450 3793 1653 3844 πάντων
1701 3800 1801 3844 τῶν

1914 2631 2126 2703 inquit,
2157 2632 2485 2706 aliquando
2508 2634 2570 2690 in
2601 2634 2811 2692 cellula
2838 2637 3168 2707 Agathonis
3194 2636 3456 2705 abbatis,
3488 2639 3569 2696 ad

1912 2736 2095 2792 quem
2118 2722 2279 2777 venit
2297 2722 2479 2779 frater
2502 2724 2708 2780 dicens
2736 2744 2749 2784 :
2772 2726 2913 2781 Volo
2933 2724 3203 2782 habitare
3219 2742 3359 2783 cum
3376 2726 3567 2784 fratri-

1912 2808 2061 2875 bus;
2088 2810 2232 2866 doce
2257 2826 2350 2866 me
2362 2828 2485 2883 quo
2500 2820 2678 2883 pacto
2696 2829 2833 2869 cum
2854 2815 2925 2870 iis
2940 2831 3240 2872 maneam.
3262 2817 3364 2872 Cui
3381 2832 3565 2873 senex

1912 2898 2221 2969 respondit
2252 2918 2265 2957 :
2319 2901 2843 2965 Quemadmodum
2874 2903 3073 2976 primo
3122 2904 3217 2960 die
3252 2905 3560 2975 ingressus

1914 2988 2015 3053 tui,
2053 2986 2137 3041 sic
2190 2991 2487 3045 custodito
2544 2990 2867 3063 hospitium
2915 2996 3087 3048 tuum
3140 2994 3564 3065 peregrinatio-

1911 3091 2172 3148 nemque
2201 3079 2430 3133 cunctis
2450 3078 2664 3135 diebus
2692 3080 2844 3136 vitae
2875 3084 3034 3149 tuae,
3067 3081 3149 3137 ita
3181 3086 3243 3138 ut
3265 3096 3408 3152 erga
3428 3080 3560 3138 illos

1912 3180 2031 3221 non
2072 3165 2259 3221 utaris
2296 3166 2537 3224 ﬁducia.
2574 3168 2667 3225 Ait
2715 3168 2768 3223 ei
2802 3170 3091 3227 Macarius
3135 3170 3328 3228 abbas
3360 3187 3374 3227 :
3408 3169 3563 3239 Quid

1911 3254 2069 3310 enim
2099 3254 2278 3311 efﬁcit
2304 3255 2568 3314 ﬁducia?
2592 3257 2696 3313 Cui
2726 3274 2939 3318 senex:
2966 3258 3187 3316 Similis
3216 3264 3324 3327 est,
3355 3259 3563 3334 inquit,

1910 3342 2134 3400 ﬁducia
2147 3345 2334 3402 aestui
2348 3361 2592 3416 magno,
2610 3348 2715 3419 qui
2727 3347 2974 3420 quando
2985 3348 3315 3420 contigerit.
3331 3350 3566 3421 fugiunt

1912 3449 2124 3490 omnes
2163 3450 2200 3491 a
2226 3433 2376 3491 facie
2410 3436 2558 3503 eius,
2606 3435 2831 3509 quique
2858 3437 3145 3496 arborum
3182 3438 3409 3495 fructus
3438 3454 3565 3497 cor-

1911 3525 2154 3596 rumpit.
2222 3523 2371 3580 Dicit
2412 3526 2694 3581 Macarius
2750 3526 2946 3583 abbas
3000 3544 3013 3583 :
3069 3528 3311 3586 Adeone
3374 3529 3566 3588 saevit

1912 3612 2131 3670 ﬁducia
2151 3612 2179 3667 ?
2204 3614 2436 3684 Agatho
2466 3615 2692 3671 abbas:
2725 3615 2931 3672 Nullus
2953 3621 3061 3683 est,
3079 3617 3292 3691 inquit,
3316 3617 3564 3675 affectus

1913 3702 2146 3758 saevior
2187 3702 2434 3760 ﬁducia.
2475 3704 2757 3760 Omnium
2792 3706 3017 3777 quippe
3048 3705 3563 3778 perturbationum

1912 3796 2102 3848 mater
2132 3796 2237 3847 est.
2281 3792 2455 3847 Decet
2487 3798 2688 3848 autem
2721 3793 3010 3849 cultorem
3042 3794 3134 3849 sui
3184 3794 3407 3851 ﬁducia
3460 3810 3564 3850 ca-

201 3883 425 3935 παθῶν·
468 3886 651 3955 πρέπει
704 3878 764 3933 δέ
816 3889 889 3933 τῶ
938 3879 1129 3955 ἐργάτῃ
1192 3882 1263 3953 μή
1316 3880 1798 3957 παρρησιάζεσθαι,

1921 3895 2060 3948 rere,
2084 3880 2318 3936 etiamsi
2349 3879 2512 3936 solus
2564 3881 2623 3935 in
2672 3880 2820 3937 cella
2852 3886 3136 3938 versetur.
3170 3882 3315 3938 Novi
3344 3882 3563 3939 etenim

202 3972 300 4024 κᾶν
349 3991 502 4043 μονος
636 3974 685 4023 ἓν
732 3969 804 4043 τῷ
856 3970 1035 4042 κελλίῳ
1070 3986 1083 3998 ⁸
1132 3967 1255 4024 οἶδα
1305 3973 1406 4046 γὰρ
1456 3972 1536 4024 ὅτι
1585 3967 1801 4044 ἀδελφὸς

205 4066 440 4123 ποιήσας
469 4065 659 4135 χρόνον
695 4060 743 4113 ἄν
772 4060 844 4132 τῷ
882 4060 1061 4127 κελλίῳ
1090 4060 1261 4126 οἰκῶν,
1307 4062 1443 4132 ἔχων
1478 4080 1529 4113 τι
1554 4069 1801 4113 κοιτωνά-

202 4170 341 4226 ριον,
392 4148 549 4214 εἶπεν,
596 4151 678 4204 ὃτι
725 4148 943 4224 μετέϐην
986 4149 1042 4203 ἐκ
1102 4157 1194 4203 τοῦ
1255 4149 1477 4217 κελλίου,
1526 4154 1599 4223 μὴ
1653 4154 1804 4223 γνοὺς

208 4240 341 4294 αὐτὸ
363 4243 424 4293 τὸ
452 4242 807 4315 κοιτωνάριον,
840 4239 884 4292 εἰ
929 4243 1000 4312 μὴ
1034 4239 1197 4314 ἕτερός
1224 4258 1315 4312 μοι
1352 4234 1487 4292 εἶπεν
1519 4258 1532 4273 ο
1568 4241 1595 4292 6
1633 4247 1806 4293 τοιοῦ-

204 4350 297 4393 τος
340 4328 566 4403 ἐργάτης
594 4328 709 4382 ἔστι
738 4333 829 4382 καὶ
848 4328 1167 4401 πολεμιστής
1197 4328 1301 4399 (a).

279 4441 339 4495 2.
374 4432 527 4492 Εἶπεν
584 4438 611 4489 6
659 4436 822 4500 ἁϐϐᾶς
868 4438 1137 4512 Μακάριος
1192 4445 1264 4509 τῷ
1321 4434 1459 4508 ἆϐϐᾷ
1508 4441 1758 4513 Ζαχαρίᾳ
1788 4454 1802 4468 ·

207 4526 320 4580 εἱπέ
358 4545 450 4599 μοι
476 4530 533 4579 τό
563 4528 710 4600 ἔργον
739 4533 831 4579 τοῦ
860 4534 1101 4599 μοναχοῦ
1132 4542 1144 4555 ⁸
1178 4525 1313 4597 λέγει
1342 4526 1484 4597 αὐτῴ
1519 4543 1531 4556 ⁸
1560 4529 1646 4598 ἐμὲ
1675 4526 1810 4599 ἐρω-

204 4622 324 4686 τᾷς,
382 4617 585 4691 πάτερ;
640 4619 730 4668 καὶ
776 4614 913 4686 λέγει
967 4617 993 4667 6
1033 4613 1193 4676 ἆϐϐἄς
1244 4615 1554 4690 Μακάριος·
1612 4616 1808 4689 πληρο-

211 4710 471 4777 φοροῦμαι
511 4703 581 4766 εἰς
629 4707 704 4770 σε,
738 4708 911 4757 τέκνον
940 4709 1190 4777 Ζαχαρία
1214 4718 1228 4733 ⁸
1273 4705 1384 4757 ἔστι
1410 4706 1511 4779 γὰρ
1539 4704 1565 4756 6
1602 4706 1808 4756 νύσσων

209 4810 274 4864 με
305 4799 398 4844 τοῦ
431 4794 693 4864 ἐρωτῆσαί
721 4811 777 4845 σε
808 4806 823 4823 ⁸
863 4790 999 4864 λέγει
1030 4792 1169 4863 αὖτῷ
1196 4792 1221 4843 6
1252 4796 1528 4865 Ζαχαρίας
1556 4809 1568 4821 ’
1610 4794 1669 4843 τὸ
1695 4789 1810 4843 κατ’

209 4880 323 4955 ips,
371 4882 553 4957 πάτερ,
609 4884 667 4934 τὸ
721 4880 900 4934 ἑαυτὸν
959 4879 1246 4954 βιάζεσθαι
1290 4880 1362 4943 εἰς
1408 4882 1593 4951 πάντα,
1660 4876 1811 4941 οὗτὸς

209 4969 356 5023 ἐστιν
388 4971 415 5021 6
442 4975 674 5043 μοναχός

284 5078 338 5133 3.
399 5077 458 5131 Ὀ
520 5076 681 5139 ἁϐϐᾶς
732 5074 1008 5151 Θεόδωρος
1068 5077 1093 5130 ὁ
1148 5084 1243 5140 τῆς
1298 5081 1501 5151 Φέρμης
1554 5078 1811 5135 ἐκτήσατο

216 5172 339 5241 τρία
385 5165 569 5241 βιϐλία
616 5167 749 5221 καλά
772 5187 785 5200 ·
839 5172 929 5222 καὶ
972 5166 1227 5241 παρέϐαλε
1256 5166 1327 5238 τῷ
1365 5165 1505 5219 ἆϐϐἄ
1532 5170 1806 5237 Μακαρίῳ,

1910 3968 2175 4033 fratrem,
2216 3970 2318 4041 qui
2348 3970 2450 4024 diu
2482 3969 2542 4024 in
2570 3968 2785 4026 cellula
2824 3975 3303 4041 perseveraverat
3332 3969 3566 4028 habens

1911 4057 2215 4126 lectulum,
2249 4057 2465 4114 dixisse
2508 4076 2520 4113 :
2559 4060 2599 4113 E
2631 4057 2781 4114 cella
2820 4060 3233 4129 emigrassem,
3267 4075 3389 4117 non
3434 4074 3565 4133 per-

1913 4152 2085 4219 cepto
2122 4146 2222 4204 illo
2258 4146 2497 4213 lectulo,
2526 4147 2636 4203 nisi
2680 4147 2834 4203 alius
2880 4147 3219 4206 monuisset
3254 4164 3376 4208 me.
3412 4147 3567 4207 Talis

1914 4244 2116 4294 autem
2135 4252 2270 4293 vere
2299 4240 2390 4292 est
2411 4236 2722 4309 operarius
2739 4241 2795 4293 et
2817 4235 3086 4295 bellator.

1986 4435 2045 4489 2.
2082 4430 2375 4488 Macarius
2416 4430 2607 4488 abbas
2636 4430 2935 4488 Zacharias
2971 4431 3175 4488 abbati
3208 4447 3220 4487 :
3249 4432 3352 4488 Dic
3400 4432 3566 4501 mihi,

1917 4521 2132 4593 inquit,
2160 4536 2312 4592 opus
2335 4522 2638 4577 monachi.
2667 4520 2759 4576 Ait
2790 4520 2873 4576 ei:
2898 4522 3061 4577 Tune
3090 4537 3186 4577 me
3212 4521 3567 4591 interrogas,

1917 4614 2088 4682 pater
2109 4608 2137 4666 ‘I
2165 4612 2314 4666 Tum
2344 4611 2630 4666 Macarius
2653 4610 2843 4666 abbas
2885 4626 2899 4664 :
2943 4610 3026 4665 De
3056 4614 3133 4677 te,
3172 4609 3389 4681 inquit,
3420 4610 3572 4666 mihi

1918 4715 2278 4774 persuasum
2295 4704 2403 4764 est,
2416 4697 2499 4753 ﬁli
2516 4698 2818 4755 Zacharia.
2838 4699 2933 4754 Est
2948 4697 3109 4754 enim
3122 4698 3227 4771 qui
3244 4713 3335 4753 me
3350 4700 3569 4770 pulsat,

1919 4795 1985 4845 ut
2025 4788 2386 4858 interrogem
2428 4794 2501 4843 te.
2535 4787 2856 4843 Zacharius
2880 4786 3039 4843 banc
3063 4785 3307 4859 protulit
3339 4793 3574 4842 senten-

1919 4879 2063 4935 tiam
2098 4893 2110 4932 :
2146 4879 2449 4944 Quantum
2482 4891 2624 4946 ergo
2650 4876 2891 4948 quidem
2917 4875 3213 4942 existimo,
3247 4881 3435 4947 pater,
3467 4874 3574 4949 qui

1921 4983 1984 5023 se
2010 4968 2210 5039 ipsum
2246 4965 2405 5037 cogit
2424 4966 2503 5021 ad
2520 4965 2747 5034 omnia,
2775 4966 2825 5020 is
2849 4969 2936 5021 est
2959 4964 3298 5027 monachus
3328 4964 3427 5037 (ὁ).

1990 5078 2043 5131 3.
2070 5073 2412 5130 Theodorus
2439 5073 2630 5129 abbas
2675 5072 2959 5128 Phermae
2996 5077 3112 5128 tres
3150 5072 3340 5128 bonos
3387 5070 3575 5127 libros

1920 5163 2240 5236 possidens
2272 5163 2349 5219 ad
2381 5163 2708 5218 Macarium
2747 5160 3033 5218 abbatem
3075 5162 3254 5229 venit,
3285 5165 3339 5217 et
3368 5177 3381 5217 :
3413 5163 3573 5225 Tres,

217 5262 306 5310 καὶ
332 5257 469 5330 λέγει
509 5256 670 5328 αὐτῷ,
704 5258 786 5311 ὅτι
815 5259 922 5330 ἔχω
962 5261 1085 5332 τρία
1130 5255 1314 5330 βιϐλία
1360 5256 1512 5322 καλά,
1553 5261 1643 5308 καὶ
1685 5255 1809 5328 ὠφε-

1922 5253 2135 5325 inquit,
2180 5251 2323 5307 mihi
2357 5256 2494 5307 sunt
2524 5250 2659 5307 libri
2699 5249 3011 5323 praeclari,
3065 5267 3137 5306 ex
3178 5265 3441 5323 quorum
3499 5251 3578 5306 le-

215 5346 407 5420 λοῦμοιι
463 5346 518 5411 ἕξ
576 5349 763 5414 αὐτῶν,
820 5351 911 5400 καὶ
968 5348 1019 5399 οἱ
1066 5342 1278 5420 ἀδελφοὶ
1339 5352 1630 5419 κιχρῶνται
1678 5346 1813 5396 αὐτὰ

1923 5342 2117 5400 ctione
2134 5340 2393 5398 fructum
2415 5341 2617 5413 capio;
2638 5339 2848 5397 fratres
2872 5354 3117 5413 quoque
3137 5339 3210 5396 iis
3233 5343 3497 5410 utuntur,
3520 5344 3579 5397 et

1759 5484 2025 5543 NOTAE.

295 5628 372 5697 (α)
400 5626 483 5684 Cf.
514 5624 632 5683 W.
666 5623 771 5697 PP.
813 5626 1014 5697 Bosw.
1046 5622 1154 5682 lib.
1195 5624 1264 5680 lll
1288 5639 1456 5697 _cap._
1485 5625 1584 5679 198
1616 5640 1631 5692 ;
1660 5622 1827 5697 lib.Y
2006 5618 2086 5691 (ὁ)
2118 5616 2208 5675 Cf.
2251 5618 2358 5674 VV.
2394 5617 2500 5674 PP.
2533 5619 2729 5675 Rosw.
2760 5614 2864 5675 lib.
2891 5616 2940 5673 V
2966 5621 3014 5687 l,
3038 5620 3091 5675 6.

215 5693 401 5759 libell.
445 5701 536 5766 10,
574 5697 613 5753 8
653 5696 797 5766 ;lib.
837 5695 936 5754 VII
983 5711 1124 5770 cap.
1162 5697 1252 5752 42.
1284 5693 1501 5754 Douth.
1546 5697 1739 5753 Doctr.
1770 5696 1826 5751 4.
