4088 6192
592 320 695 378 263
1906 321 2004 376 J0.
2047 320 2200 376 SAL.
2248 318 2628 378 SEMLERUS
3819 326 3911 384 264

591 449 811 521 pariter
842 448 1182 521 proﬁciunt.
1203 450 1393 505 Eﬂare
1418 448 1597 521 igitur
1621 448 1786 514 mihi,
1809 446 1957 520 quid
1987 446 2205 503 debeat

2294 447 2322 501 Α
2354 451 2444 501 καὶ
2492 448 2804 520 ὠφελοῦνται
2836 464 2852 484 ο
2893 447 2999 501 εἰπέ
3049 444 3137 500 οὖν
3176 467 3284 519 μοι,
3332 452 3385 500 τί
3428 448 3632 521 ὤφειλον
3676 460 3908 521 «etiam;

593 537 827 603 facere;
858 554 1000 593 num
1044 538 1123 593 ad
1166 554 1360 594 meam
1385 538 1759 610 fratrumque
1789 536 2097 592 utilitatem
2141 552 2207 591 eo

2353 538 2614 609 κατάσχω
2663 540 2796 589 αὐτὰ
2836 538 2907 599 εἰς
2952 541 3039 595 τὴν
3089 538 3215 607 ἑμῆν
3269 540 3357 589 καὶ
3415 541 3508 595 τὴν
3562 546 3656 590 τῶν
3711 539 3912 612 ἀδελφῶν

592 626 904 692 retineam,
937 643 1012 682 an
1049 627 1306 683 vendam
1336 628 1593 700 demque
1615 624 2024 698 pauperibus?
2057 628 2204 681 Sene

2355 626 2615 698 ὠφέλειαν,
2650 628 2679 685 ἣ
2732 627 2962 685 πωλὴσω
3018 628 3152 677 αὐτὰ
3200 631 3287 678 καὶ
3336 622 3492 678 δώσω
3531 636 3797 699 πτωχοῖςς
3837 636 3913 682 καὶ

591 715 905 787 respondit
952 733 964 771 :
1017 716 1302 772 Pulchrae
1331 717 1576 788 quidem
1624 716 1887 771 actiones
1932 721 2090 781 sunt,
2141 730 2201 769 se

2356 715 2657 789 ἀποκριθεὶς
2687 718 2712 767 6
2737 720 2897 790 γέρων
2926 712 3033 768 εἶπε
3072 732 3084 743 ·
3131 714 3287 767 καλαὶ
3332 718 3422 787 μεν
3469 718 3523 768 αἱ
3559 717 3779 785 πράξεις,
3808 717 3914 770 ἀλλὰ

594 803 802 861 melior
816 805 1101 861 omnibus
1114 811 1203 861 est
1219 812 1566 878 paupertas.
1583 807 1712 872 Quo
1726 804 1931 861 audito
1957 802 2208 860 discessit

2353 804 2546 877 μείζων
2590 806 2794 857 πάντων
2847 808 2875 864 ἡ
2920 804 3259 877 ἆκτημοσύνη
3294 804 3407 857 ἐστί
3441 823 3453 835 ·
3495 810 3755 859 καὶτοῦτο
3785 806 3914 859 ἀκού-

593 908 821 967 eosque
847 894 1134 959 vendidit,
1159 899 1217 951 et
1262 896 1583 967 pecuniam
1633 894 1798 951 dedit
1840 893 2207 966 pauperibus

2358 914 2474 958 σας,
2526 893 2757 948 ἀπελθὼν
2800 895 3062 953 ἐπώλησεν
3102 896 3256 961 αὐτὰ,
3304 899 3395 947 καὶ
3448 892 3667 948 διέδωκε
3689 904 3910 969 πτωχοῖς.

2236 1164 2308 1224 V.

1305 1296 1987 1361 APOPHTHEGMATA
2032 1296 2303 1357 SANCTI
2346 1296 2674 1357 MACARII
2719 1296 3254 1357 ALEXANDRINI

1863 1447 1896 1480 Δ
1927 1446 1999 1481 ιο.
2036 1445 2174 1479 ΒΔΡΤ.
2212 1444 2481 1479 COTILERIO
2515 1446 2679 1479 EDITA.

594 1567 621 1597 ι
656 1548 972 1599 Sanctorum
1007 1562 1197 1597 senum
1240 1548 1713 1612 Apophthegmata
1746 1566 1770 1593 ι
1803 1563 1845 1596 s.
1878 1563 1928 1595 v.
1958 1547 2218 1596 Macarius
2226 1547 2442 1660 51479'2bicm
2464 1546 2606 1609 apud
2638 1546 2719 1596 Jo.
2758 1546 2906 1610 Bapt.
2940 1545 3261 1596 Cotelerium
3295 1544 3434 1599 Eccl.
3473 1543 3651 1594 Graec.
3678 1544 3803 1593 Mon.
3826 1548 3855 1592 t.
3880 1544 3910 1599 l,

2124 1624 2177 1660 ο.
2348 1623 2428 1660 sa.

2124 1624 2177 1673 p.
2226 1623 2316 1660 οἰκ
2348 1623 2428 1672 sq.

965 1853 1049 1908 De
1087 1852 1302 1908 abbate
1340 1851 1613 1908 Macario
1652 1851 1874 1907 urbico.
2278 1856 2320 1909 Β
2440 1854 2579 1922 Περ

2278 1856 2320 1909 Β
2440 1853 2595 1922 Περὶ
2634 1856 2743 1901 τοῦ
2782 1847 2952 1900 ἀϐϐᾶ
2990 1852 3335 1922 Μακαρίαν
3374 1854 3487 1900 τοῦ
3530 1846 3856 1901 πολιτικοῦ.

672 1946 719 1995 1.
754 1940 1039 1996 Macarius
1068 1940 1335 2003 πολιτικὸς
1358 1940 1451 1995 ille
1480 1940 1672 1995 abbas
1699 1939 2024 2011 aliquando
2056 1938 2132 1994 ad
2166 1953 2249 1993 se-

2436 1939 2487 1992 1.
2541 1938 2767 1995 Ἀπῆλθέ
2820 1957 2943 1990 ποτε
2988 1939 3013 1989 6
3067 1936 3231 1999 ἆϐϐᾶς
3285 1940 3555 2011 Μακάριος
3612 1938 3637 1988 6
3688 1936 3912 1995 πολιτικὸς

596 2029 823 2087 candos
856 2030 1194 2101 palmarum
1221 2046 1422 2085 ramos
1448 2030 1602 2092 exiit,
1628 2028 1910 2085 fratribus
1930 2029 2125 2100 ipsum
2154 2042 2210 2081 cc

2362 2026 2525 2097 κόψαι
2566 2026 2748 2078 θαλλία
2776 2033 2863 2078 καὶ
2892 2029 2940 2079 οἱ
2972 2023 3183 2097 ἀδελφοὶ
3209 2026 3319 2098 μετ’
3352 2030 3517 2078 αὑτοῦ
3550 2048 3562 2059 ο
3594 2030 3677 2078 καὶ
3712 2024 3913 2095 λέγουσιν

597 2119 968 2175 mitantibus.
994 2120 1104 2184 Qui
1127 2121 1321 2190 primo
1344 2119 1441 2174 die
1467 2121 1551 2175 ei:
1586 2118 2211 2190 Veni,iuquiunt.pate1

2363 2116 2502 2185 αὐτῷ
2552 2120 2643 2172 τὴν
2688 2120 2894 2187 πρώτην
2946 2116 3142 2187 ἡμέραν
3176 2132 3187 2144 ·
3247 2111 3427 2188 δεῦρο,
3473 2117 3598 2185 φάγε
3640 2113 3742 2185 μεθ’
3776 2115 3911 2183 ἡμῶν,

597 2208 910 2264 nobiscum
954 2208 1235 2263 comedet
1268 2208 1529 2263 Accessit
1556 2207 1732 2277 igitur
1752 2206 1846 2263 ille
1873 2214 1927 2261 et
1958 2206 2211 2262 comedit

2360 2208 2521 2276 πάτερ
2552 2224 2561 2235 ·
2600 2206 2624 2255 6
2674 2201 2732 2256 δὲ
2783 2204 2980 2263 ἀπῆλθε
3026 2209 3115 2255 καὶ
3148 2206 3301 2275 ἔφαγε
3334 2220 3345 2232 ·
3392 2209 3486 2255 καὶ
3537 2203 3683 2255 πάλιν
3720 2210 3776 2273 τῇ
3806 2202 3904 2273 ἄλλῃ

596 2297 793 2352 Altero
815 2313 952 2351 eum
978 2297 1072 2351 die
1104 2297 1317 2351 iterum
1352 2304 1587 2368 rogant,
1606 2304 1666 2351 ut
1688 2298 2069 2353 comedat.At
2096 2298 2141 2349 is
2168 2310 2210 2349 r4

2359 2292 2599 2363 λέγουσιν
2640 2293 2779 2361 αύτῷ
2831 2300 3009 2363 φαγεῖν
3044 2314 3056 2325 ·
3092 2294 3117 2343 6
3159 2289 3217 2344 6“:
3262 2296 3355 2344 οὐκ
3406 2292 3602 2357 ἤθελεν,
3635 2291 3735 2343 ἀλλ’
3778 2291 3909 2360 ἔλεγεν

598 2402 828 2442 nuens:
876 2388 1012 2449 Vos,
1046 2386 1258 2458 inquit,
1312 2386 1440 2453 ﬁlii,
1468 2386 1669 2441 cibum
1724 2386 1975 2441 sumatis
2010 2400 2212 2439 necess

2362 2385 2537 2443 αὐτοῖς
2569 2399 2581 2411 ⁸
2617 2383 2763 2453 ὑμεῖς
2791 2388 2977 2453 χρείαν
3009 2384 3156 2452 ἔχετε
3195 2389 3393 2453 φαγεῖν⁹
3436 2386 3584 2434 τέκνα
3616 2399 3630 2413 ⁸
3660 2378 3812 2452 ἀκμήν
3832 2382 3910 2451 γὰρ

598 2480 722 2541 est;
758 2474 952 2529 adhuc
976 2476 1132 2529 enim
1164 2490 1305 2529 caro
1355 2474 1498 2531 estis
1525 2492 1538 2542 ;
1570 2490 1713 2545 ergo
1753 2490 1894 2531 vero
1922 2490 2083 2529 nunc
2112 2472 2207 2529 nol

1922 2490 2083 2529 nunc
2112 2472 2250 2529 nolo
2364 2470 2497 2546 σάρξ
2534 2469 2649 2523 ἐστε
2677 2488 2688 2500 '
2720 2469 2818 2541 ἐγὼ
2852 2467 2910 2523 δὲ
2941 2479 3028 2522 νῦν
3060 2474 3119 2523 οὐ
3148 2470 3273 2523 θέλω
3305 2478 3508 2543 φαγεῖν.

599 2564 994 2620 manducare.

671 2657 724 2707 2.
758 2653 1052 2707 Macarius
1079 2651 1271 2707 abbas
1284 2651 1961 2708 convenitPachomium
1980 2650 2248 2705 abbatem

2432 2652 2484 2703 2.
2537 2647 2825 2717 ῐιαρέϐαλεν
2889 2650 2914 2699 6
2965 2647 3128 2710 ἆϐϐᾶς
3166 2650 3445 2722 Μακάριος
3501 2651 3626 2721 πρὸς
3665 2650 3744 2700 τὸν
3782 2644 3910 2697 ἁϐϐᾶν

595 2739 1193 2797 Tabennesiotarum.
1228 2741 1416 2805 Quem
1450 2740 1804 2796 Pachomius
1836 2740 2209 2808 interrogans

2363 2744 2651 2809 Παχώμιον
2680 2746 2777 2789 τῶν
2816 2737 3254 2795 Ταϐεννησιωτῶν
3284 2760 3295 2771 ο
3321 2740 3346 2789 6
3379 2734 3447 2791 δε
3479 2743 3751 2809 Παχώμιος
3772 2736 3912 2808 ἠρώτα

593 2829 673 2895 Si,
698 2830 914 2901 inquit,
940 2828 1153 2884 fratres
1180 2829 1529 2901 disciplinae
1551 2828 1823 2885 ordinem
1848 2845 1965 2884 non
1991 2843 2200 2884 servan

2364 2830 2518 2878 αὐτὸν
2567 2827 2725 2898 λέγων
2756 2845 2768 2856 ·
2798 2828 2877 2879 ὅτε
2917 2827 3044 2879 εἰσὶν
3094 2824 3306 2899 ἀδελφοὶ
3355 2828 3597 2895 ἄτακτοι,
3634 2824 3774 2878 καλόν
3823 2824 3911 2875 ἐστι

592 2916 904 2974 bonumne
925 2923 1006 2973 est
1026 2918 1322 2989 corripere
1344 2918 1484 2973 eos?
1501 2919 1825 2989 Respondit
1848 2918 2131 2974 Macarius
2146 2916 2206 2972 at

2365 2917 2653 2972 παιδεῦσαι
2702 2923 2933 2988 αὐτούςς
2978 2920 3110 2991 λέγει
3162 2922 3302 2990 αὐτῷ
3356 2922 3381 2971 6
3447 2919 3603 2980 ἀϐϐᾶς
3645 2920 3908 2989 Μακάριος·

590 3006 733 3063 bas:
760 3008 995 3078 Castiga
1021 3013 1077 3063 et
1101 3008 1253 3062 iuste
1282 3022 1385 3063 eos
1415 3007 1632 3071 iudica,
1675 3008 1779 3079 qui
1803 3007 1905 3062 tibi
1930 3007 2204 3062 subiiciui

2364 3005 2675 3075 παίδευσον,
2718 3014 2805 3061 καὶ
2846 3016 3017 3081 κρῖνον
3062 3006 3282 3071 δικαίως
3326 3013 3455 3072 τοὺς
3492 3011 3589 3062 ὑπό
3629 3010 3722 3061 σί·
3751 3005 3830 3068 ἔξω
3868 2999 3912 3055 δὲ

592 3101 726 3164 tur;
763 3102 928 3153 extra
957 3112 1100 3152 vero
1144 3096 1504 3152 iudicaveris
1550 3096 1855 3152 neminem
1894 3118 1904 3161 ;
1937 3113 2078 3151 nam
2113 3112 2206 3151 scr

2366 3104 2436 3171 μὴ
2481 3103 2658 3171 κρίνῃς
2693 3100 2837 3161 τινάς
2863 3120 2875 3131 ·
2909 3103 3203 3171 γέγραπται
3249 3100 3352 3172 γάρ
3384 3116 3398 3128 ο
3459 3103 3614 3171 οὐχὶ
3653 3100 3781 3155 τοὺς
3814 3096 3910 3146 ἔσω

592 3190 759 3257 ptum
784 3191 872 3241 est
901 3202 915 3241 :
943 3186 1153 3242 Nonne
1177 3185 1249 3242 de
1268 3185 1362 3251 iis,
1398 3186 1503 3257 qui
1524 3185 1688 3240 intus
1714 3193 1876 3249 sunt,
1906 3201 2007 3242 vos
2029 3185 2206 3241 indici

2235 3220 2256 3232 -
2300 3188 2548 3269 ρὺμείς
2578 3192 2835 3260 κρίνετε
2874 3190 3067 3255 ;τοὺς
3106 3184 3175 3240 δε
3218 3187 3329 3250 ἔξω
3369 3188 3398 3240 ὁ
3443 3191 3591 3248 Θεὸς
3641 3188 3848 3261 κρινεῖ.

595 3277 666 3329 tis
689 3275 884 3331 fNam
917 3290 1030 3340 eos,
1063 3277 1167 3345 qui
1184 3274 1339 3343 foris
1366 3278 1525 3336 sunt,
1565 3273 1713 3329 Deus
1743 3273 2032 3331 iudicabit
2066 3276 2175 3344 (a).

666 3362 1019 3418 3.Macarius
1045 3362 1236 3417 abbas
1253 3362 1585 3434 aliquando
1599 3377 1705 3433 per
1720 3368 1979 3434 quatuor
1991 3362 2253 3431 integros

2436 3367 2487 3419 3.
2532 3364 2777 3422 Ἐποίησέ
2826 3384 2950 3418 ποτε
3009 3367 3035 3417 6
3088 3364 3250 3426 ἀϐϐᾶς
3300 3368 3573 3439 Μακάριος
3620 3364 3906 3437 τετράμῑνονι

594 3465 829 3505 menses
904 3448 1170 3521 quotidie
1247 3449 1527 3505 visitabat
1606 3450 1846 3504 fratrem
1919 3450 2208 3522 quendan

2361 3451 2703 3524 παραϐά).λων
2752 3458 2850 3505 τινὶ
2903 3450 3105 3527 ἀδελφῷ
3144 3457 3464 3528 ἠμερούσιον
3499 3475 3511 3488 ·
3544 3460 3629 3506 καὶ
3668 3456 3763 3523 οὐχ
3796 3448 3906 3521 εὗρεν

590 3553 787 3610 neque
840 3552 1133 3610 unquam,
1189 3553 1262 3593 ne
1303 3538 1484 3593 semel
1520 3538 1788 3610 quidem,
1838 3539 2068 3595 invenit
2111 3554 2204 3594 eui

2362 3544 2516 3593 αὑτὸν
2566 3544 2904 3617 εὐκαιροῦντα
2934 3544 3005 3615 “)
3054 3542 3154 3595 ἀπὸ
3184 3553 3275 3605 τῆς
3317 3551 3625 3617 προσευχῆς
3659 3537 3771 3594 οὐδὲ
3795 3534 3906 3595 ἅπαξ

589 3633 899 3684 vacantem
958 3627 1036 3683 ab
1078 3628 1365 3683 oratione.
1416 3627 1758 3683 Admiratus
1810 3630 1988 3699 igitur
2052 3628 2200 3685 dixit

2052 3628 2200 3685 dixit
2230 3645 2243 3682 :
2358 3634 2446 3682 καὶ
2470 3632 2741 3704 θαυμάσας
2769 3632 2928 3705 ὒεγεν
2957 3652 2969 3665 ·
3008 3630 3129 3686 ἰδοὺ
3160 3632 3378 3705 ἐπίγειος
3414 3636 3623 3707 ἄγγελος
3649 3648 3661 3663 ·

590 3717 737 3773 Ecce
775 3716 1066 3774 terrestris
1088 3715 1371 3788 angelus!

1918 3834 2179 3891 VARIAE
2220 3835 2617 3894 LECTIONES.

660 3932 709 3970 “
736 3932 824 3990 ΔΙ.
860 3931 1164 4006 ἀμελοῦντα.

2154 4032 2405 4089 NOTAE.

662 4134 745 4206 (a)
775 4137 795 4189 ι
823 4136 953 4191 Cor.
984 4153 1040 4199 v,
1080 4139 1162 4199 l2,
1196 4138 1280 4191 i3.

1475 4404 1577 4527 J
1579 4404 1730 4532 0.
1810 4405 2189 4535 SAL.
2269 4406 3060 4529 SEMLBRI

1117 4595 1761 4659 DISSERTATIONES
1806 4600 2010 4660 DUAE
2059 4601 2156 4660 DE
2202 4600 2543 4663 SCRIPTIS
2589 4603 2648 4662 S.
2697 4605 3019 4671 MACARII
3062 4604 3429 4666 AEGYPTII

1710 4870 2433 4961 DISSEBTATIO
2496 4874 2850 4963 PRIOR

578 5011 881 5097 Specimen
908 5011 1203 5097 examinis
1234 5013 1426 5097 critici
1455 5013 1712 5097 Operam
1744 5030 1895 5097 quae
1922 5015 2009 5097 ita
2025 5018 2314 5097 feruntur
2333 5020 2607 5097 Macarii,
2627 5020 2742 5097 _s_ub_
2767 5021 3115 5097 laetissimos
3130 5022 3430 5097 gstosque
3453 5021 3574 5097 dies
3599 5008 3893 5097 ορνὶξρομῤ

649 5085 864 5210 geris
912 5086 1229 5166 magniﬁce
1272 5086 1545 5167 redeunti
1594 5084 1813 5169 sacros,
1850 5087 1990 5170 boni
2026 5084 2233 5144 ominis
2262 5104 2475 5172 caussa
2501 5084 2683 5146 edidit
2709 5092 2763 5146 J.
2792 5092 2852 5147 S.
2882 5094 2943 5154 S.
2972 5092 3098 5149 Sal.
3130 5084 3424 5151 'ThurfS.
3474 5094 3591 5149 LL.
3640 5089 3700 5146 S.
3731 5084 3891 5142 Ηαιαε

717 5154 1172 5215 aadeburazcae,
1198 5161 1356 5215 tums
1379 5158 1629 5212 Joannis
1659 5158 1986 5215 Christiani
2016 5160 2292 5215 Hendelu
2316 5162 2501 5215 Acad.
2538 5163 2687 5215 Tun.
2722 5164 3049 5215 MDCCXL
3068 5166 3242 5215 Vtut.

717 5161 1172 5226 agdeburgicae,
1198 5161 1356 5226 typis
1379 5161 1629 5212 Joannis
1659 5161 1990 5215 Christiani
2016 5161 2293 5217 Hendelii
2316 5162 2501 5218 Acad.
2538 5163 2687 5233 Typ.
2722 5164 3049 5221 MDCCXL
3068 5166 3117 5222 V
3134 5166 3242 5238 (a).

632 5402 823 5488 .[Pag.
841 5406 891 5488 ἓξ]
920 5407 1046 5461 Viro
1061 5422 1285 5463 summe
1300 5408 1643 5472 reverenda,
1666 5410 2031 5488 amplissimo
2045 5452 2058 5476 ,
2074 5411 2408 5488 doctissimo
2421 5414 2493 5469 D.
2511 5414 2705 5471 Gotth.
2716 5416 2758 5470 A
2771 5420 2978 5488 uguste
2991 5416 3451 5485 F'ranckio,Fac.
3470 5413 3663 5488 Theol_.
3676 5405 3885 5488 ξᾳιεεο·

575 5481 1013 5547 niori,patrono
1025 5493 1129 5534 suo
1142 5494 1505 5549 summopere
1518 5482 1875 5537 venerando.
1894 5481 2057 5555 [Pag.
2076 5484 2148 5555 4.]
2173 5482 2301 5539 Viro
2314 5500 2534 5542 summe
2547 5481 3612 5558 reverenda,amplisszmo,doctissimo
3624 5481 3889 5550 D.Sigism-

1030 5642 1033 5643 ,
2113 5599 2363 5657 NOTAE.

656 5698 735 5774 (a)
758 5702 1001 5759 Constat
1024 5700 1262 5776 paginis
1288 5706 1358 5760 24
1382 5703 1533 5760 ἱη-4.
1557 5705 1635 5760 De
1661 5704 1915 5763 Macario
1947 5723 2137 5783 usque
2175 5707 2254 5764 ad
2276 5723 2417 5781 pag.
2446 5711 2508 5765 21
2536 5710 2751 5783 agitur,
2776 5710 2915 5769 dein
2940 5726 3086 5788 pag.
3122 5715 3286 5772 21-24
3308 5711 3381 5769 de
3409 5702 3735 5769 Tertulliani
3755 5702 3885 5773 Apo-
