4088 6192
159 265 269 319 265

1248 264 1340 319 DE
1379 263 1703 320 SCRIPTIS
1742 264 1808 320 S.
1850 264 2158 322 MACARII
2197 264 2554 325 AEGYPTII.

3483 276 3611 331 266:

155 390 384 446 Iacobo
400 391 834 461 Baumgarlen,
851 388 1003 445 Sam.
1034 387 1235 446 Theol.
1255 389 1556 457 directori,
1568 393 1828 461 patrono
1848 406 1953 447 suo
1970 405 2337 462 summopere
2358 395 2717 452 venerando.
2751 397 2895 453 Leve
2916 397 3025 454 hoc
3045 403 3099 455 et
3124 397 3587 467 tenuescriptum

158 480 693 537 reverentiaesuae
716 480 1133 536 documentum
1165 482 1370 537 multis
1383 481 1719 552 faustisque
1737 480 1799 535 in
1821 480 2003 549 festos
2022 480 2126 535 hos
2151 481 2274 536 dies
2294 482 2589 539 ominibus
2613 491 2666 541 et
2696 489 3142 554 precationibus
3173 489 3343 559 offert
3360 494 3586 545 auctor.

236 570 410 639 [Pag.
452 570 502 640 5]
539 568 692 625 Bella
713 570 1076 636 suntverba,
1109 570 1217 625 viri
1242 586 1478 626 summe
1509 569 1837 633 reverendi,
1864 585 2021 642 quae
2048 569 2345 625 habentur
2371 571 2429 625 in
2463 571 2715 629 Homilia
2746 575 2895 630 inter
2920 577 3151 632 Macarii
3194 577 3375 647 vulgo
3408 576 3591 632 credi-

161 664 254 714 tas
278 659 364 711 νι-
389 659 473 729 (a)
501 658 530 729 ἕ
553 660 605 723 9,
632 658 918 713 omnibus
942 659 1095 713 veris
1118 658 1460 714 Christianis
1480 659 1831 716 Xantbicum
1858 674 2147 721 mensem,
2178 659 2297 714 sive
2338 660 2618 731 Aprilem,
2656 678 2775 717 non
2825 663 3043 720 iniuria
3074 665 3270 721 fausta
3309 680 3589 737 quaeque

153 746 454 818 polliceri.
483 750 601 803 Hoc
631 748 813 812 enim,
838 747 1358 820 quemadmodum
1392 755 1639 804 renovat
1663 747 1840 820 quasi
1864 747 2061 817 frigidi
2095 754 2151 802 et
2195 747 2417 803 inimici
2446 748 2589 803 olim
2640 750 2786 806 caeli
2820 756 3121 819 naturam,
3152 760 3209 809 et
3239 754 3585 809 calidiorem

152 837 279 893 iam
312 837 773 908 iucundamque
799 837 1016 902 reddit,
1050 838 1130 893 ita
1161 837 1339 893 beata
1380 837 1710 893 recordatio
1738 852 1970 905 eorum,
2000 852 2157 909 quae
2177 836 2289 891 sub
2313 837 2426 893 hoc
2448 836 2566 894 fere
2587 838 2744 894 idem
2774 846 3012 912 tempus
3033 842 3093 897 in
3113 858 3224 898 nos
3246 858 3456 899 omnes
3482 858 3591 914 per

162 925 497 982 Salvatoris
538 939 762 980 novam
806 924 980 999 quasi
1014 926 1194 981 vitam
1220 926 1658 990 redundarunt,
1717 941 1840 981 non
1880 930 2078 997 potest
2117 942 2237 980 non
2278 925 2462 981 animi
2490 928 2832 999 Opprimere
2858 930 3173 996 tristitiam,
3208 937 3590 1004 mentemque

154 1014 366 1070 divina
384 1013 654 1087 quadam
687 1013 1045 1086 perfundere
1077 1014 1319 1071 laetitia.
1356 1015 1519 1072 Unde
1551 1031 1657 1070 oro
1690 1021 1868 1086 atque
1893 1014 2169 1079 obsecro,
2204 1015 2307 1069 viri
2357 1032 2594 1071 summe
2630 1018 2958 1083 reverendi,
3008 1034 3117 1090 pro
3148 1020 3366 1075 eximia
3393 1025 3590 1075 vestra

157 1102 582 1159 benevolentia
608 1102 932 1159 clementer
962 1104 1457 1175 interpretamini,
1486 1102 1653 1176 quod
1680 1102 1968 1159 sollemne
1998 1103 2110 1157 hoc
2146 1102 2481 1160 Christiano
2521 1104 2653 1160 orbi
2680 1110 2918 1178 tempus
2953 1107 3128 1163 vobis
3150 1122 3222 1163 ex
3248 1108 3431 1164 animi
3458 1122 3589 1163 sen-

164 1191 346 1248 tentia
368 1191 661 1262 gratulari
713 1193 1006 1262 sustineo,
1054 1193 1233 1265 inque
1263 1208 1398 1249 eam
1429 1208 1557 1248 rem
1596 1192 1723 1248 leve
1754 1192 1869 1248 hoc
1900 1192 2069 1247 vobis
2098 1191 2285 1249 offero
2315 1194 2624 1264 scriptum.
2660 1195 2829 1260 Quod
2860 1195 3106 1268 quidem
3151 1197 3281 1267 ipse
3302 1184 3307 1191 ’
3331 1196 3476 1252 satis
3505 1196 3592 1250 in-

162 1280 363 1351 telligo
384 1281 465 1336 ita
497 1296 629 1336 esse
659 1286 1101 1352 comparatum,
1134 1281 1573 1338 venerabilibus
1604 1286 1668 1336 ut
1705 1281 1981 1353 personis
2008 1281 2223 1335 vestris
2258 1280 2511 1351 dignum
2566 1283 2753 1338 videri
2782 1284 2874 1339 vix
2907 1284 3113 1356 possit.
3148 1286 3344 1350 Quare
3378 1288 3434 1339 et
3463 1284 3590 1357 ipse

162 1386 281 1425 non
325 1370 710 1425 mediocriter
754 1370 1129 1437 dubitabam,
1166 1387 1243 1427 an
1290 1372 1543 1425 summis
1608 1369 1953 1425 nominibus
1999 1368 2210 1425 vestris
2258 1369 2581 1425 inscribere
2639 1370 2785 1426 illud
2846 1371 3165 1428 commode
3219 1372 3469 1443 possim.
3522 1372 3593 1427 At

156 1457 409 1514 videbar
438 1458 748 1514 mihisatis
774 1461 1133 1528 cognovisse
1157 1460 1216 1515 in
1250 1460 1441 1524 vobis,
1496 1459 1601 1515 viri
1633 1474 1867 1513 summa
1919 1457 2237 1514 reverendi.
2274 1457 2437 1531 [Pag.
2471 1458 2529 1531 6]
2574 1474 2710 1515 eam
2740 1459 3040 1524 virtutem,
3063 1477 3207 1532 qua,
3238 1466 3301 1516 ut
3339 1459 3589 1532 potestis

161 1548 447 1609 maxime,
479 1548 686 1604 omnia
714 1547 1358 1604 benevolentissimein
1383 1564 1516 1604 eam
1554 1548 1821 1618 accipere
1853 1547 2053 1603 soletis
2088 1554 2317 1618 partem
2350 1563 2507 1618 quae
2530 1548 2839 1603 estlenior.
2870 1549 3243 1620 Quidniergo
3257 1549 3471 1605 eodem
3494 1564 3590 1605 me

160 1635 458 1691 beneﬂcio
489 1635 804 1691 fruiturum
835 1652 1094 1708 sperem,
1121 1637 1265 1692 dum
1303 1652 1573 1692 meorum
1602 1636 1895 1693 rationem
1920 1637 2092 1691 vobis
2125 1636 2459 1691 studiorum
2476 1636 2569 1691 his
2592 1637 2841 1693 reddere
2864 1639 3202 1695 volo?Tum
3229 1638 3457 1694 nemihi
3476 1638 3592 1710 ipsi

160 1723 410 1796 quidem
445 1724 727 1790 satisfeci,
762 1725 865 1780 sed
894 1726 1082 1782 multa
1106 1726 1306 1781 adhuc
1346 1726 1736 1798 reprehendo.
1772 1728 1889 1781 Hoc
1918 1731 2140 1787 tamen,
2168 1724 2303 1780 licet
2334 1724 2481 1780 forte
2505 1726 2771 1791 unicum,
2806 1742 2925 1783 non
2955 1728 3203 1783 omnino
3234 1742 3436 1782 carere
3476 1742 3590 1781 sua

164 1829 533 1885 quacunque
557 1812 802 1870 utilitate
833 1814 976 1869 mihi
1011 1814 1340 1879 videbatur,
1372 1814 1536 1887 quod
1559 1814 1686 1887 jam
1720 1813 1964 1883 intelligi
2013 1818 2225 1885 potest,
2259 1825 2331 1869 ex
2371 1830 2432 1869 se
2461 1814 2591 1885 ipso
2618 1816 2961 1881 Macarium,
2986 1816 3036 1871 si
3058 1815 3371 1886 diligenter
3393 1814 3591 1870 volva-

165 1909 276 1970 tur,
312 1919 495 1977 posse
546 1904 606 1959 in
640 1903 839 1958 multis
875 1902 1114 1974 corrigi,
1176 1904 1340 1977 quod
1371 1905 1576 1959 omnia
1625 1903 1715 1959 bis
1748 1909 1851 1959 aut
1880 1910 1968 1958 ter
1998 1908 2337 1967 occurrunt,
2389 1907 2445 1958 et
2481 1902 2861 1959 librariorum
2896 1905 3034 1960 inde
3059 1920 3289 1959 errores
3328 1903 3590 1971 abstergi

166 1996 390 2065 optime
416 1997 691 2063 possunt.
734 1991 901 2061 Quod
932 1992 1066 2048 licet
1098 2009 1348 2064 parvum
1381 1992 1646 2047 utilitatis
1678 1998 2049 2048 momentum
2098 1992 2147 2047 si
2198 1992 2372 2047 vobis
2408 2008 2529 2048 non
2570 1994 2805 2064 penitus
2862 1993 3189 2065 improbari
3221 1992 3585 2057 intellexero,

162 2082 265 2137 viri
298 2096 546 2136 summe
582 2082 907 2149 reverendi,
941 2082 1193 2137 videbor
1226 2082 1369 2137 mihi
1404 2097 1524 2137 non
1557 2082 1839 2137 inutiliter
1871 2081 2024 2137 hanc
2066 2097 2316 2154 parvam
2348 2097 2595 2153 operam
2636 2083 3067 2138 consumsisse.
3093 2082 3293 2139 Valete
3325 2087 3383 2137 et
3406 2082 3589 2137 bene-

164 2170 426 2226 volentia
451 2177 669 2237 vestra,
694 2171 811 2227 nisi
842 2170 1129 2242 indignus
1160 2170 1426 2239 videbor,
1461 2186 1637 2243 porro
1669 2186 1763 2227 me
1790 2170 2239 2242 amplectimini.
2284 2170 2515 2226 Dabam
2547 2170 2728 2226 Halae
2762 2171 2876 2226 sub
2898 2172 3059 2243 ipsos
3084 2171 3273 2227 festos
3312 2170 3468 2227 dies.

792 2470 956 2543 [Pag.
999 2470 1182 2544 7151.

232 2582 400 2645 Quae
427 2578 691 2634 Macarii
719 2577 1219 2634 circumferuntur
1250 2578 1569 2650 Opuscula,
1606 2584 1666 2633 ut
1694 2578 1825 2634 dili-

164 2668 319 2738 genti
371 2666 625 2722 lectione
670 2682 787 2721 non
822 2666 1074 2721 omnino
1121 2666 1369 2736 indigna
1409 2672 1567 2731 sunt,
1597 2668 1676 2722 ita
1721 2684 1827 2722 nec

162 2757 305 2813 forte
337 2756 459 2811 hoc
477 2755 773 2819 examine,
807 2756 1070 2811 Macarii
1086 2772 1164 2811 an
1200 2771 1421 2810 nomen
1437 2756 1568 2827 jure
1600 2772 1743 2827 prae
1768 2772 1829 2811 se

164 2845 357 2902 ferant
392 2851 448 2899 et
488 2859 695 2899 revera
726 2845 803 2899 ab
844 2860 914 2899 eo
946 2844 1085 2899 sint.
1116 2848 1307 2916 Atque
1337 2844 1433 2899 hic
1463 2861 1583 2900 non
1615 2844 1827 2901 dubito

167 2934 284 2990 fore
316 2932 760 3006 plerosquequi
794 2933 1101 2999 mirentur,
1122 2932 1268 3005 quid
1302 2932 1374 2987 sit
1396 2933 1558 3005 quod
1586 2949 1696 3003 ego
1724 2949 1828 3004 po-

1861 2470 1905 2524 A
1936 2469 2214 2527 codicum
2244 2472 2392 2528 MSS.
2422 2478 2528 2536 est,
2562 2471 2814 2527 alterum
2846 2487 2916 2527 ex
2944 2472 3089 2544 ipsis
3134 2476 3401 2529 veterum
3443 2473 3589 2528 scri-

1937 2560 2053 2631 ptis
2084 2561 2331 2631 petitum
2363 2566 2420 2615 et
2452 2560 2825 2617 testimoniis.
2860 2561 3032 2627 Quod
3064 2562 3111 2617 si
3143 2577 3284 2634 ergo
3316 2567 3599 2618 neutrum

1940 2648 2149 2704 stabile
2201 2656 2257 2705 et
2302 2648 2541 2705 ﬁrmum
2588 2649 2677 2713 sit,
2710 2666 2829 2706 non
2882 2656 3099 2707 temere
3151 2650 3426 2711 dubitare
3482 2664 3595 2721 ego

1942 2738 2203 2793 videbor.
2238 2743 2427 2811 Atque
2457 2738 2515 2794 id
2548 2739 2751 2811 ipsum
2785 2754 2898 2808 ego
2929 2755 3152 2795 assero.
3372 2758 3377 2761 -

2015 2828 2275 2882 Primum
2304 2829 2465 2883 enim
2504 2827 2669 2899 quod
2701 2828 2911 2883 attinet
2930 2828 3005 2883 ad
3033 2829 3209 2896 MSS.,
3241 2828 3319 2885 ad
3352 2844 3509 2901 quae
3537 2829 3599 2884 in

1943 2915 2035 2970 his
2064 2916 2241 2970 rebus
2267 2931 2594 2987 provocare
2616 2931 2737 2971 non
2755 2917 3039 2985 exiguum
3053 2922 3140 2972 est
3164 2916 3599 2986 testimonium,

170 3003 470 3078 ιίεείιίιυω
511 3003 781 3076 ἀυδίιέω
820 3020 895 3075 de
922 3037 1005 3086 τε,
1035 3020 1109 3075 de
1145 3003 1269 3092 'qua
1300 3003 1529 3076 aeui-mi
1567 3003 1835 3093 umquam
1947 3003 2135 3059 multa
2164 3008 2336 3059 erunt
2365 3004 2929 3093 circumspicienda.
2966 3006 3157 3070 Quam
3188 3004 3421 3093 antiqui
3452 3005 3599 3091 tales

178 3109 299 3167 fere
320 3111 382 3166 in
427 3116 687 3164 mentem
722 3109 898 3165 venit.
934 3110 1083 3176 Quin
1117 3115 1171 3165 et
1210 3111 1335 3181 ipse
1363 3110 1732 3182 aliquantum
1775 3112 1837 3166 ti-

185 3199 421 3254 midum
461 3214 555 3253 me
581 3213 708 3253 esse
740 3214 861 3254 non
886 3213 1060 3268 nego.
1100 3201 1407 3270 Utcunque
1448 3216 1581 3254 vero
1625 3216 1717 3253 res
1742 3215 1837 3255 ce-

68 3346 75 3357 ,
180 3287 875 3357 ciderit,juvabittamen
894 3289 1098 3358 errori,
1128 3303 1309 3359 quem
1334 3303 1463 3343 esse
1499 3289 1841 3359 suspicatus

187 3394 348 3441 sum,
384 3392 482 3432 me
508 3378 709 3447 ipsum
749 3392 858 3448 pro
890 3377 1040 3431 virili
1066 3382 1233 3448 parte
1258 3376 1582 3432 obstitisse.

956 3483 984 3555 ξ
1013 3482 1075 3537 ιι.

260 3589 436 3656 Quod
461 3594 637 3644 antea
664 3589 787 3660 jam
820 3588 1003 3659 tetigi,
1038 3605 1214 3662 posse
1247 3589 1391 3645 mihi
1420 3589 1565 3645 forte
1592 3591 1845 3646 aliorum

183 3679 427 3736 obstare
449 3679 887 3743 auctoritatem,
919 3678 1022 3750 qui
1048 3679 1190 3733 nihil
1216 3679 1326 3734 tale
1369 3680 1651 3749 suspicati
1685 3685 1845 3743 sunt,

183 3768 246 3823 id
273 3767 478 3823 adhuc
547 3767 840 3822 contendo
894 3767 1030 3822 vitio
1074 3767 1215 3822 mihi
1275 3769 1414 3823 verti
1450 3767 1613 3823 nullo
1666 3768 1847 3823 modo

184 3856 360 3931 [Pag.
395 3856 451 3930 8]
483 3872 677 3927 posse.
714 3859 796 3910 Ita
842 3855 1003 3911 enim
1043 3856 1101 3911 in
1144 3857 1233 3910 his
1286 3856 1499 3911 studiis
1542 3856 1683 3911 mihi
1720 3857 1847 3927 jam

187 3947 291 4001 diu
322 3945 647 4001 multorum
671 3944 1293 4000 auctoritatibussuasi
1310 3962 1440 4000 esse
1458 3945 1846 4009 versandum,

188 4039 253 4090 nt
286 4040 507 4089 temere
546 4033 711 4099 nihil,
740 4048 847 4089 nec
879 4033 1004 4089 sine
1058 4033 1389 4089 rationibus
1438 4034 1605 4089 facile
1654 4034 1852 4088 crede-

188 4140 343 4180 rem.
376 4125 576 4194 Neque
607 4122 719 4177 hoc
762 4137 959 4177 meum
994 4138 1245 4178 examen
1282 4122 1399 4177 ulla
1433 4124 1489 4177 in
1522 4139 1582 4178 re
1624 4122 1853 4178 nomini

193 4227 560 4281 magnorum
580 4210 845 4267 virorum
877 4227 1121 4282 erogare
1134 4211 1404 4284 daliquid
1426 4217 1639 4283 potest.
1664 4213 1850 4269 Mirari

192 4302 357 4358 enim
384 4316 564 4355 nemo
595 4299 703 4355 erit
724 4300 828 4373 qui
866 4306 1037 4364 vetet,
1059 4316 1164 4355 cur
1183 4300 1336 4355 hanc
1356 4317 1533 4357 nemo
1555 4302 1853 4373 quaestio-

194 4406 334 4446 nem
370 4388 641 4444 moverit.
672 4390 791 4444 Nisi
831 4389 969 4460 quis
1002 4405 1073 4443 eo
1105 4389 1250 4444 forte
1279 4388 1488 4444 referat
1524 4390 1847 4454 Possinum,

194 4480 372 4549 quiin
403 4478 701 4533 Thesauro
730 4493 839 4533 suo
854 4480 1109 4533 ascetico
1136 4478 1211 4532 de
1244 4479 1412 4534 tertio
1439 4479 1853 4534 Macarioideo

195 4566 620 4638 cogitat,quod
640 4566 855 4623 horum
888 4565 1152 4621 duorum
1178 4568 1368 4622 neutri
1403 4574 1663 4622 veterum
1699 4568 1855 4623 testi-

198 4656 471 4711 monium
505 4660 712 4711 exstet.
751 4656 940 4721 Quam
980 4654 1233 4727 quidam
1271 4655 1435 4711 litem
1483 4655 1661 4711 simul
1718 4672 1855 4711 con-

198 4748 414 4810 fecero,
450 4746 496 4799 si
520 4744 676 4801 hanc
703 4749 968 4815 potuero,
1005 4760 1192 4816 quam
1236 4744 1362 4815 ipse
1389 4744 1633 4816 incipio.

1004 4850 1091 4906 Ill.

1004 4850 1091 4906 Ill.

272 4962 466 5031 Atque
492 4956 810 5013 videamus
831 4850 982 5029 jams,
1010 4956 1235 5029 quibus
1266 4959 1636 5027 argumentis
1677 4958 1854 5013 ﬁdem

1948 3092 2183 3148 codices
2208 3093 2343 3156 sint,
2364 3092 2463 3164 qui
2490 3093 2825 3149 Macarium
2851 3097 3157 3149 auctorem
3184 3092 3464 3164 produnt,
3487 3086 3603 3149 sta-

1952 3189 2111 3237 tuere
2150 3182 2247 3236 vix
2274 3197 2546 3253 possum,
2578 3182 2721 3254 quia
2744 3198 2951 3237 eorum
2986 3182 3043 3237 in
3076 3181 3167 3237 his
3207 3181 3393 3246 terris,
3427 3180 3602 3250 utﬁt,

1951 3270 2115 3326 nulla
2146 3276 2248 3325 aut
2276 3271 2495 3339 exigua
2521 3276 2612 3325 est
2638 3271 2863 3327 notitia.
2896 3275 2966 3326 At
2995 3271 3345 3326 contendere
3377 3270 3471 3327 vix
3501 3286 3607 3327 ve-

1952 3376 2104 3426 reor,
2133 3375 2251 3414 non
2286 3358 2437 3415 ultra
2471 3359 2777 3415 saeculum
2824 3375 2903 3415 xu
2948 3364 3051 3415 aut
3082 3375 3178 3415 xui
3234 3375 3365 3414 esse
3405 3375 3604 3432 posse,

1953 3449 2114 3521 quia,
2146 3452 2210 3503 ut
2236 3449 2626 3503 ostendemus
2664 3454 2895 3519 postea,
2930 3459 3107 3504 nemo
3159 3447 3281 3504 fere
3310 3453 3445 3504 ante
3498 3449 3611 3504 ista

1955 3544 2227 3609 tempora
2243 3537 2491 3592 istorum
2512 3553 2761 3609 operum
2778 3538 3035 3594 Macarii
3060 3538 3173 3593 sub
3189 3537 3430 3593 nomine
3448 3552 3611 3592 men-

1956 3629 2179 3682 tionem
2208 3626 2364 3681 facit.
2398 3626 2516 3681 Hoc
2546 3642 2687 3695 ergo
2720 3641 2863 3682 sane
2897 3642 3017 3681 non
3068 3626 3319 3681 multum
3378 3626 3611 3681 roboris

1959 3715 2201 3771 habebit
2245 3720 2689 3783 argumentum.
2723 3713 2887 3787 [Pag.
2922 3714 2977 3786 9]
3030 3715 3287 3779 Accedit,
3318 3715 3433 3769 sint
3481 3714 3612 3769 licet

1887 3815 1925 3868 Β
1959 3806 2089 3860 MSS
2133 3802 2320 3871 multi,
2354 3806 2608 3873 possunt
2634 3805 2710 3858 ab
2747 3818 2865 3857 uno
2906 3818 3116 3857 omnes
3166 3802 3411 3874 profecti
3456 3817 3609 3867 esse,

1959 3900 2136 3962 atque
2159 3906 2300 3959 ergo
2322 3891 2687 3946 auctoritatis
2718 3891 2917 3946 adhuc
2950 3891 3215 3946 minoris.
3240 3893 3408 3955 Tum,
3446 3890 3493 3944 si
3519 3889 3611 3945 vel

1964 3980 2219 4035 maxime
2248 3979 2594 4033 auctoritate
2634 3980 2785 4036 MSS.
2829 3984 3145 4042 constaret,
3178 3979 3247 4033 iis
3287 3982 3488 4033 tamen
3540 3993 3612 4033 ex

1962 4084 2031 4124 eo
2047 4072 2268 4125 tantum
2280 4067 2475 4139 capite
2490 4067 2718 4139 aliquid
2733 4067 2996 4124 dandum
3010 4073 3181 4136 esset,
3196 4067 3360 4139 quod
3376 4065 3614 4122 rationi-

1964 4158 2078 4213 bus
2090 4156 2387 4213 contraria
2404 4172 2524 4211 non
2542 4156 2900 4212 dicunt.Jam
2918 4172 3059 4212 vero
3076 4157 3200 4211 fieri
3217 4156 3314 4211 vix
3328 4159 3615 4228 potest,ut

1963 4252 2169 4304 auctor
2194 4246 2509 4309 asceticus,
2528 4246 2723 4318 qualis
2741 4246 3173 4311 estMacarius,
3202 4249 3323 4301 tam
3356 4244 3458 4300 diu
3490 4260 3615 4299 mo-

1964 4336 2171 4392 nachis
2204 4336 2511 4404 ignoratus
2542 4336 2613 4390 sit
2638 4335 3045 4406 perxetplura
3062 4334 3401 4399 saecula,ut
3438 4348 3616 4388 nemo

1963 4426 2091 4495 ejus
2117 4424 2470 4479 meminerit.
2505 4423 2691 4493 Adde,
2718 4423 2884 4496 quod
2920 4423 3085 4479 multi
3118 4423 3258 4479 talia
3302 4428 3619 4495 praecepta

1964 4514 2328 4585 scripserint,
2365 4518 2425 4568 ut
2454 4513 2568 4568 hoc
2596 4512 2861 4567 studium
2898 4511 3187 4571 ἀσκητικὸν
3231 4512 3347 4567 fere
3380 4526 3619 4583 semper

1966 4602 2334 4673 viguerit.lta
2363 4602 2476 4657 hoc
2505 4602 2868 4672 eudemjure
2904 4602 3155 4665 Caveus,
3185 4601 3327 4655 Hist.
3365 4600 3466 4654 Lit.
3493 4603 3547 4654 P.
3581 4618 3617 4664 ι,

1964 4691 2226 4748 Macarii
2254 4696 2431 4761 negat
2457 4706 2588 4746 esse
2616 4689 2970 4762 opusculum
3004 4689 3255 4762 aliquod
3295 4688 3368 4743 de
3407 4688 3619 4743 exodio

1968 4780 2206 4835 animae
2232 4779 2536 4851 justorum
2586 4787 2641 4834 et
2695 4780 3044 4850 impiorum,
3078 4777 3263 4850 quod,
3325 4776 3458 4832 licet
3508 4776 3617 4831 MS.

1968 4867 2263 4940 praeferat
2284 4867 2540 4924 Macarii
2567 4882 2813 4931 nomen,
2846 4872 3047 4923 tamen
3070 4866 3222 4922 ratio
3252 4864 3619 4921 tractationis

1972 4959 2204 5014 absona
2225 4960 2278 5012 et
2304 4972 2425 5013 non
2458 4958 2822 5012 conveniens
2853 4957 2946 5011 sit.
2990 4958 3055 5011 Et
3078 4954 3364 5026 profecto,
3400 4954 3446 5008 si
3488 4952 3623 5009 licet

203 5046 412 5102 haberi
462 5044 637 5101 velint
684 5052 785 5101 aut
815 5045 963 5101 velle
998 5046 1245 5116 possint,
1273 5048 1375 5118 qui
1409 5047 1696 5131 Macario,
1730 5047 1855 5119 qui-
1895 5086 1935 5142 Ο
1968 5044 3044 5116 conjecturisindulgere,nondubito,
3065 5041 3623 5099 nostraomniaMa-

205 5151 448 5207 cunque
479 5136 526 5189 is
552 5134 651 5202 sit,
680 5134 793 5190 ista
841 5134 1215 5191 adscribunt.
1250 5134 1417 5190 Nulla
1444 5124 1610 5191 certe
1638 5136 1856 5192 habere

205 5224 325 5281 alia
353 5228 635 5296 possunt,
656 5238 844 5296 quam
874 5224 1122 5279 omnino
1148 5224 1292 5280 duo.
1314 5225 1579 5290 Quorum
1600 5224 1852 5281 alterum

1967 5135 2219 5193 cariana
2234 5133 2535 5206 Opuscula
2554 5138 2822 5205 tempore
2836 5134 3047 5190 eodem
3076 5149 3210 5188 cum
3227 5131 3464 5188 hocisto
3484 5134 3625 5186 nata

1963 5229 2021 5280 et
2050 5224 2469 5281 consarcinata
2525 5222 2729 5280 fuisse.

1810 5393 2062 5449 NOTAE.

210 5567 465 5653 logetico
491 5567 821 5653 disputatio
844 5566 1087 5653 additur
1110 5567 1440 5653 brevishoc
1463 5567 1656 5653 indice
1691 5583 1703 5622 :
1733 5568 1861 5650 ξπ·-
1968 5568 2310 5653 adiici-siones
2340 5569 2399 5653 in
2437 5570 2770 5653 Tertulliani
2809 5568 3439 5653 Apologeticumprodo.
3471 5568 3624 5623 Emr.

211 5639 409 5712 ptendi
418 5639 605 5711 spatii
615 5640 1014 5712 caussa,quod
1024 5639 1661 5712 mefe/ellit,pauculas
1674 5640 1861 5697 anim-

2045 5641 2125 5711 (a)
2150 5642 2333 5708 Corr.,
2369 5642 2664 5700 Semlerus
2694 5641 3125 5721 falsa‘scripsit
3153 5644 3297 5700 XIIII.
3331 5641 3409 5698 In.
