4078 6194
465 259 566 317 267

535 473 732 531 MSS!“
752 485 914 540 ergo,
949 474 1010 524 ut
1063 467 1342 532 vidimus,
1377 467 1490 523 nisi
1524 467 1765 523 aliunde
1797 466 2117 523 auctoritas

465 563 712 628 accedit,
735 559 900 617 nulla
921 563 1025 614 est.
1053 557 1505 627 Videamusjam
1521 561 1949 624 argumentum
1982 555 2119 610 alte-

463 668 622 717 rum,
654 657 852 707 utrum
883 647 996 704 tale
1027 645 1253 718 aliquid
1275 653 1458 702 exstet
1484 645 1543 700 in
1563 653 1830 701 veterum
1862 645 2117 716 scriptis.

467 739 833 813 Ubiquidem
864 737 1120 805 cogitate
1135 734 1390 790 scribere
1439 750 1534 790 me
1553 735 1730 790 credo
1752 739 1809 788 et
1829 734 2118 804 judicare,

467 829 688 885 nemini
715 833 979 884 veterum
1009 829 1218 881 notum
1245 824 1447 890 fuisse,
1488 824 1654 896 quod
1680 824 1986 881 Macarius
2008 823 2122 878 ista

466 917 785 991 reliquerit.

541 1010 625 1062 Ita
643 1020 875 1069 omnes,
907 1003 1012 1074 qui
1051 1002 1124 1056 de
1155 1001 1543 1073 scriptoribus
1579 1001 1989 1057 ecclesiasticis
2011 1005 2124 1056 tra-

467 1095 766 1159 diderunt,
799 1097 959 1148 certo
987 1107 1058 1146 ex
1089 1089 1336 1146 consilio
1363 1090 1438 1146 de
1469 1091 1736 1147 Macario
1776 1095 1831 1146 et
1855 1090 1950 1145 his
1993 1091 2124 1159 eius

471 1181 788 1257 Opusculis
835 1184 1050 1237 tacent.
1109 1183 1298 1251 Atque
1345 1179 1455 1235 hos
1509 1195 1620 1250 ego
1672 1186 1963 1246 auctores,
2003 1195 2125 1252 quo

470 1273 765 1344 cujusque
803 1269 964 1343 [Pag.
1003 1270 1085 1340 t0]
1130 1271 1323 1339 major
1347 1285 1472 1324 esse
1511 1270 1831 1324 auctoritas
1871 1269 2123 1335 videtur,

470 1360 740 1431 singulos
771 1359 977 1414 ordine
1024 1357 1350 1413 collocabo.
1380 1361 1608 1427 Agmen
1647 1357 1924 1413 omnium
1966 1357 2128 1413 ducit

474 1450 896 1518 Hieronymus.
930 1445 1232 1518 Hic,quod
1257 1447 1628 1502 notuminter
1652 1462 1863 1502 omnes
1881 1452 1987 1512 est,
2005 1461 2126 1501 non

476 1538 703 1608 vulgari
737 1536 1047 1606 diligentia
1077 1537 1136 1590 in
1164 1536 1276 1591 ista
1314 1541 1669 1605 argumento
1708 1541 1978 1592 versatus
2018 1542 2123 1594 est.

474 1631 863 1698 veterumque
879 1623 1240 1696 reipublicae
1257 1625 1618 1680 Christianae
1635 1625 1961 1694 insignium
1982 1624 2130 1680 viro-

1809 251 1908 307 J0.
1950 250 2109 307 SAL.
2159 246 2542 303 SEMLERUS

2153 374 2200 428 A
2231 372 2394 444 apud
2451 372 2827 428 Gennadium
2882 376 3090 446 quaeri
3135 376 3419 448 possint?
3448 376 3600 431 Haec
3632 377 3881 432 Caveus.

3772 250 3882 305 268

2235 463 2686 528 Quaeetcontra
2717 479 2811 518 me
2831 465 2968 529 sint,
2998 465 3108 520 nisi
3134 472 3483 521 averterem.
3515 465 3684 531 Quod
3712 464 3885 520 facile

2236 567 2503 624 possum.
2534 553 2703 608 Miror
2723 554 2904 618 enim,
2941 556 3204 610 Virumin
3236 555 3350 610 hoc
3381 571 3595 625 genere
3614 554 3888 610 doctissi-

2235 657 2402 695 mum
2432 641 2546 696 ista
2575 641 2900 711 scripsisse.
2937 645 3103 698 Putat
3134 643 3208 698 de
3248 643 3389 698 solis
3415 643 3676 715 epistolis
3715 642 3888 714 loqui

2233 730 2626 785 Gennadium.
2648 734 2718 785 At
2741 731 2800 785 id
2832 746 2951 786 non
2971 731 3251 788 credibile
3279 738 3387 798 est,
3412 734 3556 804 quia
3585 732 3892 788 confectu-

2231 835 2332 874 rus
2353 824 2477 874 erat
2506 819 2761 874 indicem
2779 821 3078 890 potiorum
3095 828 3408 878 auctorum
3427 827 3482 877 et
3501 823 3888 892 scriptorum.

2233 907 2519 964 Macarius
2551 907 2662 962 isto
2692 913 2959 979 tempore
2999 909 3350 966 notissimus
3385 928 3397 976 ;
3424 910 3557 966 ideo
3593 908 3753 974 dicit,
3782 909 3895 965 ille

2235 997 2585 1069 Aegyptius.
2619 998 2843 1052 Etcum
2886 999 3014 1069 ejus
3046 999 3412 1056 mentionem
3445 999 3644 1062 faciat,
3678 999 3892 1070 utique

2234 1101 2356 1142 non
2388 1085 2679 1142 minorem
2695 1091 2926 1156 partem
2939 1087 3100 1143 abeo
3114 1088 3472 1159 scriptorum
3494 1088 3893 1151 nominasset,

2237 1177 2341 1231 sed
2374 1175 2666 1246 majorem
2696 1183 2750 1232 et
2790 1176 3104 1248 potiorem.
3137 1179 3199 1232 Et
3225 1177 3275 1232 si
3302 1177 3552 1232 fuissent
3581 1182 3790 1232 nostra
3820 1191 3896 1232 eo

2237 1268 2524 1336 tempore,
2573 1266 2819 1321 fuissent
2863 1265 3190 1331 tritissima,
3233 1266 3379 1338 quia
3421 1265 3707 1325 ἀσκητιχά.
3742 1266 3898 1320 Cum

2236 1351 2404 1424 [Pag.
2436 1353 2525 1426 t2]
2563 1370 2703 1424 ergo
2762 1361 2950 1411 taceat
2998 1355 3360 1423 Gennadius,
3414 1355 3576 1410 idem
3622 1360 3708 1410 est
3741 1370 3815 1408 ac
3847 1353 3897 1407 si

2237 1443 2414 1508 dicat,
2454 1444 2773 1500 Macarium
2787 1446 2934 1500 haec
2949 1460 3067 1500 non
3086 1445 3411 1515 scripsisse.
3437 1445 3658 1500 Deinde
3689 1447 3899 1515 aperte

2240 1533 2579 1589 Gennadius
2610 1533 2766 1598 dicit,
2801 1534 3036 1606 scripsit
3068 1550 3249 1590 unam
3270 1539 3501 1590 tantum
3553 1532 3898 1605 epistolam,

2239 1628 2274 1684 ί.
2304 1638 2354 1678 e.
2389 1622 2533 1678 nihil
2573 1623 2735 1678 aliud
2765 1623 2933 1678 ultra.
2978 1626 3090 1679 Nec
3121 1623 3340 1694 fugisse
3371 1623 3582 1678 eadem
3607 1622 3681 1677 de
3708 1637 3906 1677 causa

475 1731 607 1771 rum
642 1715 814 1779 vitas,
847 1720 902 1769 et
931 1714 1278 1785 praesertim
1299 1712 1519 1784 scripta
1544 1729 1752 1769 eorum
1778 1714 2032 1786 reliquit.
2062 1716 2131 1770 At
2163 1727 2208 1782 Β
2240 1705 2350 1766 ista
2391 1718 2642 1782 possunt
2677 1712 2805 1783 ejus
2844 1712 3045 1767 oculos
3084 1718 3187 1768 aut
3226 1712 3619 1782 diligentiam,
3660 1710 3801 1782 quia
3842 1715 3910 1765 et

477 1804 641 1860 idem
653 1803 746 1859 hic
762 1803 1155 1874 Hieronymus
1177 1803 1382 1866 nescit,
1399 1803 1734 1859 Macarium
1749 1803 1973 1875 aliquid
1994 1819 2133 1860 con-

477 1893 800 1965 scripsisse,
833 1898 888 1947 et
929 1891 1066 1947 ideo
1096 1907 1169 1946 ex
1195 1891 1304 1946 isto
1346 1890 1482 1947 albo
1522 1893 1753 1948 omittit.
1787 1894 1979 1963 Atque
2019 1893 2133 1948 hoc

482 1986 907 2053 argumentum
948 1996 1018 2036 eo
1050 1987 1136 2036 est
1151 1981 1594 2054 gravius,quod
1612 1982 1951 2054 Hieronymi
1969 1988 2134 2038 aetas

482 2087 604 2128 non
635 2070 830 2126 solum
861 2070 1094 2126 Macarii
1141 2075 1414 2142 tempora
1468 2085 1588 2125 non
1634 2070 1822 2126 multo
1873 2077 2007 2142 post
2051 2077 2139 2127 est

483 2164 824 2224 consecuta,
854 2157 959 2213 sed
987 2163 1044 2214 et
1073 2158 1197 2230 ipse
1227 2158 1637 2214 habitaculum
1680 2159 1911 2215 Macarii
1948 2159 2138 2216 oculis

485 2250 610 2304 suis
643 2248 802 2313 vidit,
833 2252 895 2302 ut
935 2251 1184 2303 testatur
1231 2248 1303 2302 de
1357 2264 1419 2303 se
1466 2246 1594 2319 ipse
1644 2248 1797 2304 inter
1850 2250 2138 2320 opuscula

487 2338 562 2394 de
593 2337 728 2392 Vitis
759 2340 1020 2408 patrum.
1064 2337 1268 2392 Mortui
1295 2336 1422 2406 jam
1465 2342 1634 2392 erant
1661 2339 1916 2403 Macarii,
1949 2343 2007 2394 et
2037 2338 2139 2409 qui

488 2426 557 2482 iis
578 2423 1049 2496 supervixerant,
1093 2424 1277 2480 multa
1328 2425 1758 2496 Hieronymum
1809 2427 1883 2481 de
1933 2443 2142 2482 eorum

486 2514 609 2570 vita
647 2519 704 2569 et
728 2514 905 2568 rebus
937 2512 1120 2581 gestis
1164 2513 1516 2579 docuerunt,
1547 2520 1606 2569 at
1653 2515 1726 2569 de
1777 2515 2009 2587 scriptis
2063 2522 2144 2571 ta-

494 2607 656 2660 cent.
680 2600 852 2667 Quod
878 2601 924 2656 si
956 2616 1097 2671 ergo
1124 2601 1204 2670 hi,
1233 2603 1335 2674 qui
1361 2603 1580 2670 omnia,
1612 2619 1768 2676 quae
1794 2605 1870 2659 ad
1903 2605 2144 2661 laudem

496 2690 903 2748 Macariorum
957 2691 1249 2762 pertinere
1311 2691 1684 2758 videbantur,
1747 2694 2145 2760 contulerunt,

499 2780 666 2837 nulla
683 2779 814 2849 ejus
847 2780 1072 2851 scripta
1101 2780 1314 2845 sciunt,
1335 2780 1483 2835 scire
1514 2781 1913 2838 multominus
1944 2784 1980 2838 ii
2015 2799 2147 2855 pos-

504 2868 780 2940 sunt,qui
797 2868 1049 2924 multum
1081 2873 1290 2940 postea
1313 2869 1602 2926 vixerunt.
1640 2872 1750 2928 Sed
1768 2878 1823 2928 et
1861 2879 2020 2928 certo
2053 2888 2153 2928 ne-

497 2959 710 3022 sciunt,
733 2958 876 3031 quia
901 2958 1103 3014 itidem
1131 2963 1340 3015 tacent.
1372 2959 1802 3032 Hieronymum
1837 2964 1992 3018 enim
2025 2963 2155 3034 jam

2245 1801 2442 1871 majus
2467 1816 2642 1871 opus,
2666 1817 2850 1872 quam
2864 1801 3493 1872 epistola,conticiunt,
3519 1806 3730 1855 etnota
3751 1798 3909 1854 fuis-

2245 1895 2373 1945 sent
2402 1890 2675 1945 omnium
2699 1890 2980 1946 maxime.
2999 1890 3148 1955 Quin
3167 1890 3382 1945 ethaec
3409 1887 3679 1961 epistola,
3709 1904 3910 1960 quam

2245 1979 2513 2035 Macario
2542 1979 2645 2034 dat
2674 1979 3035 2045 Gennadius,
3070 1981 3164 2034 vix
3187 1979 3328 2034 mihi
3347 1994 3552 2035 revera
3578 1977 3655 2033 ab
3671 1992 3742 2032 eo
3768 1992 3911 2032 esse

2248 2069 2500 2134 videtur,
2532 2068 2694 2140 quod
2729 2069 3120 2140 Hieronymus
3160 2084 3277 2124 non
3309 2068 3674 2124 mentionem
3705 2066 3844 2121 facit
3885 2083 3906 2130 ;

2249 2159 2372 2230 qui,
2406 2158 2452 2212 si
2499 2158 2838 2222 exstitisset,
2872 2174 3006 2212 eam
3049 2159 3108 2212 in
3162 2157 3399 2212 deserto
3446 2157 3557 2212 isto
3592 2155 3912 2211 domicilio

2254 2247 2706 2310 monachorum,
2721 2245 2940 2318 quibus
2955 2246 3523 2316 praefuitMacarius,
3553 2246 3682 2299 sine
3713 2243 3911 2299 dubio

2252 2337 2512 2391 vidisset.
2549 2337 2662 2390 His.
2718 2335 2877 2390 addo
2923 2335 3120 2389 adhuc
3169 2336 3468 2402 Ruﬁnum,
3502 2334 3606 2406 qui
3650 2332 3802 2388 libro
3841 2349 3913 2387 ιιι

2255 2441 2386 2495 cap.
2411 2425 2443 2478 4
2467 2425 2650 2494 (a)et8
2677 2424 2749 2479 de
2772 2425 3037 2480 Macariis
3068 2425 3210 2495 agit,
3243 2428 3304 2480 at
3331 2425 3404 2478 de
3437 2423 3667 2494 scriptis
3700 2425 3853 2477 tacet
3895 2443 3908 2484 ;

2257 2515 2584 2570 Honorium
2599 2513 3211 2583 Augustodunensem,
3228 2513 3331 2585 qui
3350 2512 3630 2584 pleraque
3656 2511 3916 2583 quidem

2259 2620 2330 2659 ex
2368 2603 2679 2658 Gennadio
2719 2609 2775 2657 et
2815 2602 2943 2656 aliis
2975 2602 3246 2674 sublegit,
3273 2608 3332 2657 at
3370 2602 3514 2674 quia
3543 2607 3712 2666 tacet,
3754 2599 3916 2654 nihil

2260 2694 2415 2749 ultra
2427 2691 2779 2761 cognovisse
2793 2691 3118 2747 credendus
3134 2697 3237 2746 est.
3249 2691 3353 2748 Sed
3369 2691 3532 2746 omisi
3551 2690 3921 2754 Palladium,

2262 2783 2358 2855 qui
2375 2783 2564 2854 prime
2578 2786 2714 2852 post
2733 2781 3161 2853 Hieronymum
3176 2780 3305 2835 loco
3338 2779 3923 2835 commemorandus

2267 2871 2488 2941 fuisse.,
2533 2870 2644 2926 nisi
2678 2870 2768 2925 isti
2787 2869 2927 2924 mihi
2943 2869 3347 2940 conjungendi
3363 2884 3491 2923 esse
3507 2869 3611 2924 visi
3638 2867 3925 2923 fuissent.

2270 2961 2542 3017 Hicanno
2558 2959 2935 3031 postobitum
2962 2959 3196 3014 Macarii
3221 2957 3480 3014 eundem
3509 2958 3568 3012 in
3593 2957 3795 3012 locum
3825 2972 3930 3011 so-

495 3047 718 3120 excipit
738 3047 1099 3115 Gennadius,
1129 3048 1534 3105 testimonium
1552 3050 1967 3121 perhibiturus,
1993 3067 2055 3107 se
2080 3052 2154 3109 de
2192 3081 2230 3135 C
2267 3052 2532 3108 litudinis
2549 3052 2817 3118 accessit,
2851 3056 2906 3105 et
2927 3055 3125 3105 tamen
3155 3049 3531 3104 nihilhorum
3559 3047 3929 3119 scriptorum

497 3137 594 3193 his
624 3137 885 3193 Macarii
908 3136 1058 3192 nihil
1081 3138 1331 3194 omnino
1361 3155 1470 3194 suo
1495 3144 1761 3211 tempore
1777 3142 2150 3210 cognovisse.

500 3229 612 3282 Nec
641 3224 888 3295 objiciat
919 3226 1075 3297 quis,
1107 3227 1271 3297 quod
1305 3228 1622 3284 Macarium
1654 3230 1805 3284 inter
1836 3231 2155 3300 scriptores

496 3313 923 3370 ecclesiasticos
955 3320 1157 3384 ponat.
1195 3315 1343 3370 Illud
1405 3316 1565 3370 enim
1601 3315 1745 3370 nihil
1791 3317 1908 3372 huc
1961 3318 2152 3388 juvat.

499 3403 820 3459 Videamus
841 3401 976 3472 ipsa
1007 3401 1293 3458 Gennadii
1335 3404 1408 3458 de
1439 3405 1690 3460 Macario
1732 3406 1940 3461 verba.

1267 3492 1396 3562 ἓν.

571 3578 877 3635 Macarius
896 3578 1218 3636 monachus
1240 3581 1405 3638 illeA
1418 3581 1706 3651 egyptius,
1723 3583 1898 3654 signis
1909 3587 1963 3640 et
1977 3586 2155 3640 virtu-

503 3668 654 3724 tibus
682 3669 900 3735 clarus,
930 3684 1117 3726 unam
1145 3673 1377 3725 tantum
1396 3672 1622 3740 scripta
1645 3672 1993 3741 adjuniores
2021 3690 2156 3743 pro-

499 3759 768 3828 fessionis
780 3759 1264 3830 suoeepistolam,
1281 3760 1342 3814 in
1371 3775 1484 3832 qua
1497 3760 1679 3824 docet,
1703 3761 1901 3832 [Pag.i
1923 3763 1964 3834 l]
1985 3765 2155 3820 illum

497 3850 754 3920 perfecte
761 3864 926 3919 posse
938 3851 1159 3906 servire
1181 3850 1426 3921 Deo,qui
1446 3850 1822 3910 conditionem
1845 3855 2155 3910 creationis

500 3954 645 3996 suae
663 3954 1019 4010 cognoscens
1046 3939 1127 3995 ad
1143 3954 1342 3996 omnes
1369 3943 1744 4011 semetipsum
1771 3942 2155 4000 inclinaverit

504 4029 756 4094 labores,
791 4033 844 4085 et
863 4030 1145 4086 luctando
1177 4035 1355 4101 atque
1385 4031 1491 4087 Dei
1515 4032 1813 4088 auxilium
1841 4034 2156 4090 adversum

500 4133 688 4181 omne,
722 4117 880 4187 quod
915 4118 977 4172 in
1011 4118 1124 4174 hac
1155 4120 1273 4175 vita
1305 4134 1480 4175 suave
1511 4131 1612 4187 est,
1655 4123 2047 4192 explorando,
2078 4124 2158 4178 ad

498 4206 838 4261 naturalem
852 4221 1082 4278 quoque
1105 4208 1455 4274 perveniens
1481 4211 1826 4279 puritatem,
1854 4213 2157 4267 continen-

501 4293 642 4349 tiam
672 4294 830 4349 velut
858 4295 1382 4352 naturaedebitum
1406 4313 1622 4353 munus
1651 4299 1990 4354 obtinuerit.

570 4381 692 4445 Hic,
724 4387 784 4436 ut
810 4382 1103 4448 videmus,
1139 4386 1408 4440 meminit
1439 4387 1637 4456 scripti
1666 4386 1918 4457 alicujus
1957 4404 1992 4443 a
2021 4387 2155 4442 Μα-

500 4469 684 4536 cario,
700 4469 802 4526 sed
815 4469 1153 4541 epistolam,
1168 4478 1222 4527 et
1237 4473 1482 4545 quidem
1506 4491 1687 4530 unam
1705 4480 1936 4533 tantum
1956 4477 2150 4547 appel-

501 4558 605 4614 lat.
632 4559 916 4632 Adeoque
939 4575 1047 4615 nec
1076 4561 1377 4627 Homilias,
1396 4577 1503 4617 nec
1521 4562 1636 4617 alia
1665 4565 1967 4635 Opuscula
1985 4565 2157 4621 audi-

502 4653 666 4705 verat
715 4653 818 4703 aut
862 4649 1110 4705 viderat.
1155 4651 1318 4706 Venit
1340 4651 1399 4706 in
1449 4658 1710 4708 mentem
1759 4653 1933 4720 illius,
1989 4653 2155 4725 quod

503 4736 724 4795 Caveus
757 4737 901 4793 Hist.
922 4737 1028 4794 Lit.
1053 4739 1110 4794 P.
1153 4757 1187 4794 ιι
1219 4739 1292 4795 de
1319 4742 1573 4796 Macario
1605 4747 1814 4798 contra
1842 4743 2152 4797 Possinum

504 4825 730 4892 scribit,
781 4827 885 4899 qui
936 4829 1145 4885 eadem
1192 4829 1265 4885 de
1309 4846 1492 4886 causa
1544 4830 1780 4886 tertium
1835 4830 2152 4887 Macarium

501 4916 924 4988 exsculpserat,
952 4919 1117 4990 quod
1148 4919 1576 4976 Gennadiusde
1606 4919 1896 4991 Aegyptio
1917 4925 2150 4977 taceret.

502 5006 858 5077 Respondet,
875 5005 1147 5073 induam,
1165 5008 1392 5064 Caveus
1406 5007 1518 5064 ita:
1541 5029 1564 5059 (ι
1582 5008 1734 5074 Quid
1747 5011 1793 5064 si
1807 5009 2152 5067 Gennadius

500 5094 576 5150 de
617 5095 759 5151 solis
801 5097 1031 5154 Macarii
1061 5097 1325 5168 epistolis
1379 5097 1644 5170 loquitur
1673 5098 1700 5152 ξ’
1730 5099 1879 5165 Quid
1930 5100 1979 5154 si
2037 5099 2154 5156 alia

502 5183 806 5254 scripserit
833 5185 1142 5249 Macarius,
1177 5202 1331 5258 quae
1364 5189 1652 5244 Gennadii
1673 5189 2044 5260 diligentiam
2068 5189 2152 5245 fu-

503 5273 716 5344 gerint,
749 5290 884 5331 cum
912 5288 1033 5332 non
1062 5291 1258 5348 pauca
1304 5276 1421 5333 sint
1461 5279 1699 5351 scripta,
1727 5295 1884 5352 quae
1931 5278 2151 5335 frustra

2270 3140 2539 3196 meminit
2562 3141 2618 3194 in
2649 3139 2896 3194 Historia
2929 3139 3233 3202 Lausiaca,
3262 3138 3392 3194 licet
3419 3137 3654 3192 Macarii
3677 3136 3932 3206 egregia

2268 3231 2425 3286 facta
2455 3228 2769 3284 collaudet.
2799 3227 2980 3283 Omisi
3013 3233 3069 3282 et
3089 3227 3375 3284 Joannem
3419 3226 3794 3289 Cassianum,
3821 3225 3928 3296 qui

2267 3319 2340 3373 de
2387 3319 2663 3372 institutis
2714 3316 3058 3372 monasticis
3101 3315 3364 3371 scribens
3419 3315 3605 3371 multa
3664 3313 3934 3370 celebria

2268 3408 2505 3462 Macarii
2536 3407 2693 3462 dicta
2713 3405 2970 3470 aﬂ‘ert,at
2997 3405 3145 3460 haec
3170 3407 3298 3476 ejus
3331 3403 3632 3477 Opuscula
3663 3404 3931 3473 ignorat,

2265 3512 2421 3566 quae
2443 3501 2642 3551 tamen
2664 3495 2900 3566 proprie
2932 3494 3009 3548 ad
3043 3494 3532 3550 suumscribendi
3568 3509 3757 3563 genus
3791 3507 3933 3562 per-

2267 3584 2592 3648 tinuissent,
2619 3585 2664 3639 si
2692 3583 3074 3639 exstitissent.
3111 3583 3286 3649 Quin,
3317 3581 3480 3655 quod
3513 3582 3712 3636 adhuc
3736 3579 3931 3646 addo,

2273 3679 2420 3730 tacet
2439 3679 2490 3729 et
2521 3672 2755 3730 Suidas.
2784 3676 2980 3744 Neque
2999 3673 3156 3727 enim
3184 3673 3242 3726 in
3277 3673 3396 3727 vita
3425 3669 3934 3740 Macariiscripta

2269 3764 2396 3834 ejus
2429 3763 2547 3818 ulla
2579 3768 2891 3829 memorat,
2919 3762 3020 3815 sed
3045 3762 3349 3832 quaedam
3367 3759 3620 3829 Evagrii,
3642 3758 3931 3829 discipuli

2266 3853 2440 3908 illius.
2464 3853 2680 3908 Unicus
2711 3855 2914 3917 restat,
2945 3850 3047 3904 sed
3071 3851 3118 3904 is
3150 3865 3219 3906 ex
3251 3848 3703 3912 recentioribus,
3733 3847 3929 3902 Joan-

2267 3959 2363 4000 nes
2429 3941 2801 4005 Trithemius,
2871 3940 2972 4011 qui
3029 3939 3346 3994 Macarium
3403 3937 3554 3992 inter
3607 3937 3932 4007 scriptores

2273 4033 2433 4103 [Pag.
2467 4031 2550 4102 t3]
2586 4031 2770 4099 ponit,
2806 4028 2964 4083 nulla
2992 4032 3191 4082 tamen
3221 4028 3351 4098 ejus
3399 4028 3615 4098 scripta
3663 4040 3934 4080 comme-

2271 4120 2656 4187 morat.Quod
2673 4119 2746 4173 ad
2762 4118 3084 4174 Simeonem
3103 4117 3485 4186 Logothetam
3507 4115 3930 4186 attinet,quem

2269 4212 2496 4264 Caveus
2525 4213 2726 4262 monet
2766 4208 3025 4278 capitula
3054 4208 3230 4261 CLXX
3264 4206 3515 4261 ascetica
3555 4203 3933 4274 metaphrasi

2266 4295 2616 4359 illustrasse,
2649 4297 2762 4351 hoc
2804 4296 3078 4358 sufficiat,
3112 4311 3271 4363 eum,
3297 4295 3436 4366 quia
3469 4299 3570 4350 aut
3602 4292 3932 4356 incertisit,

2268 4392 2369 4440 aut
2407 4390 2560 4439 certe
2600 4401 2676 4439 xu
2719 4383 2964 4439 demum
3017 4383 3259 4448 saeculi,
3305 4400 3516 4456 parum
3581 4397 3755 4454 poSse
3812 4381 3934 4437 ista

2269 4474 2487 4545 scripta
2521 4473 2686 4528 tueri.
2720 4473 2775 4528 Si
2800 4473 2876 4528 ad
2911 4490 3158 4528 manum
3192 4471 3519 4545 aliquando
3564 4473 3692 4542 ipse
3753 4470 3936 4525 fuerit

2265 4565 2315 4619 is
2345 4563 2509 4626 liber,
2556 4563 2726 4635 plura
2759 4562 2907 4618 forte
2939 4562 3308 4618 notabimus.
3355 4564 3590 4618 Certum
3642 4573 3785 4628 ergo
3813 4563 3928 4623 est,

2265 4657 2400 4708 ante
2428 4651 2735 4707 saeculum
2769 4668 2848 4706 xu
2881 4667 2999 4706 non
3029 4657 3169 4706 nota
3205 4650 3384 4706 fuisse
3444 4649 3802 4706 Macariana.

3010 4743 3036 4809 §
3079 4740 3172 4793 Vl.

2337 4831 2490 4889 Satis
2520 4847 2658 4901 ergo
2688 4831 2809 4884 suis
2839 4829 3170 4885 rationibus
3202 4829 3565 4891 destituitur,
3628 4832 3691 4882 ut
3720 4826 3930 4889 credo.

2263 4920 2468 4993 opinio
2496 4920 2843 4992 pervulgata
2873 4919 2947 4974 de
2973 4919 3230 4975 Macarii
3261 4917 3513 4989 scriptis.
3547 4916 3662 4972 Sed
3699 4931 3810 4971 nec
3838 4915 3937 4970 his

2264 5009 2631 5083 argumentis
2659 5009 2797 5062 solis
2831 5008 3072 5073 iunitor,
3115 5023 3304 5079 quum
3344 5007 3418 5062 de
3452 5003 3773 5077 Opusculis
3798 5004 3936 5060 istis

2262 5099 2494 5164 dubito,
2531 5098 2765 5153 Addam
2793 5095 2953 5152 aliud
2975 5096 3376 5168 adhuc,quod
3412 5100 3642 5150 tantum
3671 5093 3849 5148 abest
3875 5101 3940 5148 ut

2263 5187 2597 5248 istiscedat,
2629 5193 2688 5240 ut
2709 5185 2970 5257 pondere
3005 5201 3116 5241 suo
3134 5191 3432 5257 praestare
3464 5184 3662 5256 potius
3693 5184 3935 5255 opiner.

2266 5277 2494 5334 Scilicet
2530 5280 2712 5331 totam
2746 5274 3041 5331 scribendi
3063 5277 3376 5340 rationem,
3403 5289 3525 5348 qua
3547 5271 3803 5328 confecti
3837 5272 3934 5328 isti

2085 5468 2335 5523 NOTAE.

583 5642 663 5716 (a)
694 5643 882 5711 Corr.,
918 5644 1215 5703 Semlerus
1252 5645 1430 5704 habet
1459 5649 1512 5703 3.
1540 5647 1693 5702 Emr.
