4078 6194
1249 299 1338 356 DE
1377 298 1704 355 SCRIPTIS
1743 299 1800 354 S.
1842 299 2144 357 MACARII
2186 303 2533 364 AEGYPTH.

3472 311 3582 367 270

154 427 527 493 suntlibclli,
550 426 801 483 alienam
827 441 962 482 esse
985 439 1104 482 non
1127 423 1376 481 soluma
1398 426 1688 490 Macario,
1718 424 1823 479 sed
1857 409 1902 478 Α
1933 426 2092 483 idem
2124 429 2406 502 traditur;
2443 437 2504 488 ut
2532 432 2670 489 inde
2718 433 2903 492 ferme
2941 439 3250 509 appareat,
3291 438 3591 494 consacci-

153 536 188 576 a
232 520 462 592 quovis
493 516 610 573 alio
639 520 881 572 auctore
911 514 1228 571 contendo.
1265 516 1435 570 Eccui
1467 514 1625 570 enim
1677 512 1822 568 illud

150 605 475 681 probabile
526 606 775 671 videtur,
822 603 902 660 ab
950 603 1152 676 aliquo
1191 609 1447 678 auctore
1496 603 1588 658 bis
1633 609 1686 657 et
1737 609 1825 658 ter

150 697 369 753 eadem
403 699 464 751 et
485 694 666 750 verba
686 693 1058 765 easdemque
1081 693 1405 748 sententias
1431 692 1672 748 diversa
1696 711 1823 744 συν-

152 791 324 859 mia},
341 786 404 840 in
424 799 614 856 parva
635 783 997 854 scriptorum
1016 781 1190 848 mole,
1211 797 1320 855 pro
1346 781 1590 850 integris
1617 787 1670 836 et
1692 780 1823 835 aliis

151 873 469 947 opusculis
500 872 682 941 repeti
711 876 767 926 et
793 870 1036 926 obtrudi
1069 871 1098 927 ?
1134 875 1203 926 At
1233 870 1293 926 id
1319 869 1706 926 ostendemus
1741 867 1823 924 ita

152 963 211 1020 in
241 963 338 1020 his
377 961 613 1019 Macarii
644 975 800 1027 esse,
832 961 917 1016 ita
955 963 1176 1026 tamen,
1213 965 1274 1015 ut
1316 959 1494 1015 simul
1539 973 1821 1014 nonnun-

152 1068 341 1126 quam
369 1051 494 1107 alia
511 1064 778 1123 quoque,
805 1063 1003 1121 pauca
1030 1054 1230 1104 tamen
1261 1063 1637 1111 moneamus,
1667 1063 1824 1120 quae

154 1141 232 1198 ad
260 1140 574 1196 diversam
599 1139 960 1209 scripturam
985 1143 1042 1193 et
1080 1137 1393 1194 lectionem
1423 1137 1714 1209 pertinere
1745 1138 1824 1192 vi-

155 1230 481 1286 debuntur.

908 1317 933 1381 5
969 1317 1079 1371 VII.

221 1405 497 1477 Exempli
527 1405 662 1462 loco
704 1420 1085 1477 appouemus
1135 1421 1228 1470 ea,
1273 1420 1430 1476 quae
1468 1403 1542 1458 de
1581 1419 1716 1475 cap.
1755 1405 1820 1459 13

155 1495 441 1568 Opusculi
483 1495 560 1551 de
592 1495 878 1551 Custodia
918 1494 1113 1551 cordis
1153 1511 1211 1565 p.
1251 1498 1318 1550 22
1351 1495 1493 1549 edit.
1535 1493 1822 1550 Pritianae

154 1584 313 1657 [Pag.
349 1584 442 1658 14]
483 1584 851 1640 notavimus.
888 1583 963 1638 Ex
992 1584 1107 1638 isto
1142 1585 1372 1652 integra
1405 1584 1655 1640 Homilia
1681 1599 1821 1638 con-

149 1673 298 1730 {ecta
348 1681 466 1734 est,
501 1673 718 1728 iisdem
759 1672 954 1728 verbis
993 1679 1047 1727 et
1087 1673 1412 1739 sententiis,
1445 1686 1574 1728 Xixa
1603 1673 1822 1728 scilicet

1934 522 2076 572 nata
2105 517 2346 574 aliunde
2374 519 2523 576 haec
2549 537 2696 578 esse.
2746 523 2914 589 Quod
2949 539 3087 579 vero
3132 523 3210 580 ad
3239 523 3588 582 varietatem

1933 605 2258 677 scripturae
2286 608 2600 666 allatorum
2633 613 2950 668 verborum
2981 629 3158 678 porro
3189 615 3414 681 attinet,
3448 629 3588 686 pos-

1934 695 2052 749 sint
2089 695 2202 752 ista
2232 697 2554 770 conjuncta
2601 699 2785 756 fuisse
2821 701 3005 757 videri
3040 720 3053 757 :
3088 708 3176 755 καὶ
3223 708 3294 775 μὴ
3327 701 3589 775 ἀπογινώ-

1935 802 2096 850 σκειν,
2125 783 2234 838 ἀλλ’
2281 787 2328 839 ἐν
2371 793 2548 841 πίστει
2577 795 2710 855 cet.,
2761 796 2862 847 aut
2891 790 3060 847 facile
3113 792 3191 847 ab
3235 792 3437 866 aliquo
3482 792 3590 849 ad-

1933 871 2054 928 dita
2076 880 2230 928 sunt.
2263 877 2461 948 Neque
2483 879 2642 932 enim
2666 877 2896 946 dubito,
2919 879 3082 951 quod
3107 895 3178 935 ex
3197 881 3585 952 sequentibus

1933 963 2247 1032 apparebit
2269 964 2500 1032 melius,
2523 967 2792 1022 diversos
2817 966 3019 1032 fuisse,
3043 969 3146 1039 qui
3169 969 3280 1025 ista
3302 985 3374 1025 ex
3394 969 3588 1026 diver-

1935 1052 2014 1106 sis
2035 1051 2166 1107 aliis
2190 1055 2613 1124 congesserint.
2645 1055 2758 1112 Sed
2782 1055 2875 1110 vix
2900 1056 3155 1127 placent,
3184 1072 3339 1128 quae
3361 1058 3586 1115 ibidem

1918 1147 2116 1196 sunt:
2163 1145 2250 1195 τὸν
2292 1148 2486 1196 σκοπὸν
2544 1152 2636 1196 τοῦ
2685 1147 2800 1208 νοὸς
2853 1145 3014 1198 αὐτοῦ
3071 1146 3139 1207 εἰς
3191 1154 3340 1199 τοῦτο
3396 1149 3589 1218 ἔχοντα

1935 1225 2030 1282 διὰ
2057 1236 2264 1293 παντὸς.
2317 1235 2517 1304 Neque
2556 1233 2717 1288 enim
2758 1234 2908 1290 scire
2962 1233 3131 1291 facile
3157 1240 3267 1304 est,
3300 1235 3446 1306 quid
3478 1235 3590 1292 ista

1933 1319 2288 1389 signiﬁcent.
2323 1323 2388 1377 Et
2419 1338 2556 1377 cum
2597 1337 2716 1378 non
2746 1323 2828 1378 ita
2861 1323 3047 1378 multo
3085 1327 3226 1395 post
3253 1327 3538 1396 sequatur
3569 1339 3583 1378 :

1933 1412 2083 1474 μόνον
2150 1412 2236 1462 τὸν
2293 1414 2484 1486 Κύριον
2533 1409 2612 1464 ἀεὶ
2671 1414 2772 1483 πρὸ
2827 1410 3102 1484 ὀφθαλμῶν
3161 1413 3302 1484 ἔχειν
3358 1417 3448 1465 καὶ
3497 1414 3590 1474 τὰς

1931 1497 2136 1561 ἐντολὰς
2160 1499 2340 1565 αὐτοῦ,
2374 1515 2587 1572 parum
2629 1500 2799 1556 abest
2835 1502 2978 1573 quin
3012 1501 3201 1569 legam
3239 1506 3362 1557 ετόν
3390 1521 3443 1554 τι
3468 1521 3589 1554 σκο-

1929 1590 2024 1640 πὸν
2070 1595 2160 1640 τοῦ
2203 1592 2316 1652 νοὸς
2361 1589 2520 1641 αὐτοῦ
2570 1590 2641 1652 είς
2681 1597 2860 1643 τοῦτον
2914 1589 3023 1664 [τὸν
3061 1590 3278 1664 Κύριον]
3327 1590 3469 1662 ἔχειν
3496 1587 3592 1644 διὰ

1929 1682 2140 1738 παντὸς.
2184 1677 2340 1732 Licet
2370 1679 2529 1733 enim
2556 1677 2784 1751 liquido
2826 1678 3172 1748 intelligere.
3209 1681 3412 1735 omnia
3438 1680 3590 1736 inter

150 1765 353 1836 p.287.
381 1764 518 1828 Quo
532 1762 759 1819 addam
779 1761 1040 1834 denique
1055 1762 1422 1834 Opusculum
1439 1763 1822 1819 deLibertate
1856 1779 1900 1832 Β
1931 1784 2012 1833 se,
2044 1769 2088 1821 si
2115 1767 2424 1823 materiam
2451 1768 2649 1840 ipsam
2677 1773 2930 1840 spectes,
2948 1768 3201 1824 confusa
3227 1784 3376 1823 esse.
3403 1775 3587 1840 Atque

148 1855 360 1909 mentis
394 1868 534 1922 cap.
577 1855 662 1914 18.
698 1857 754 1906 et
796 1850 1254 1922 Apophthegma
1296 1854 1555 1922 primum
1603 1869 1659 1922 p.
1693 1851 1814 1906 231.

216 1946 278 1996 ln
303 1939 621 2014 Opusculo
633 1941 706 1996 de
721 1939 1004 1996 Custodia
1021 1940 1218 1995 cordis
1233 1955 1290 2012 p.
1305 1944 1374 1995 22
1388 1943 1468 1996 ita
1482 1941 1775 1996 habemus
1800 1957 1815 1996 :

145 2033 168 2082 ὁ
207 2028 628 2101 βουλόμενος
662 2028 1054 2101 προσελθεῖν
1093 2036 1178 2099 τῷ
1223 2033 1454 2102 Κυρίῳ,
1494 2049 1607 2082 και
1647 2030 1820 2092 ζωῆς

145 2120 420 2171 αἰωνίου
515 2117 1038 2181 καταξιωθῆναι,
1111 2123 1221 2171 καὶ
1305 2125 1820 2193 κατοικητήριον

144 2208 677 2278 Θςοῡγενέσθαι,
717 2211 834 2259 καὶ
874 2210 1245 2280 πνεύματος
1282 2207 1469 2279 ἁγίου
1509 2208 1822 2272 καταξιω-

146 2302 363 2362 θῆναι,
394 2299 506 2348 ἶνα
540 2299 690 2357 τοὺς
721 2300 1011 2368 καρποὺς
1046 2296 1248 2349 αὐτοῦ
1295 2300 1456 2350 κατὰ
1500 2299 1612 2357 τὰς
1656 2297 1816 2350 ivro-

141 2388 244 2447 λάς
291 2394 412 2440 τοῦ
459 2390 710 2460 Κυρίου
761 2382 1003 2458 δυνηθῇ
1063 2384 1327 2458 ἀμώμως
1379 2392 1490 2438 καὶ
1529 2389 1822 2462 καθαρῶς

143 2484 403 2539 ποιεῖν,
445 2475 649 2534 οὕτως
685 2473 938 2546 ὀφείλει
985 2473 1417 2548 ἐνάρξασθαι.
1468 2476 1600 2532 Hac
1633 2477 1822 2548 perio-

145 2565 254 2620 dus
279 2565 493 2636 prima
520 2563 697 2634 primi
737 2562 1015 2635 Opusculi
1041 2565 1148 2636 (α).
1212 2564 1275 2618 Et
1315 2565 1579 2621 similiter
1609 2565 1822 2623 eadem

147 2653 329 2710 verba
345 2654 412 2708 in
435 2650 729 2708 Homiliae
749 2651 996 2722 periodo
1015 2653 1229 2723 prima,
1250 2653 1357 2708 nisi
1377 2653 1536 2724 quod
1559 2671 1666 2725 pro
1689 2662 1821 2708 Θεοῦ

142 2744 354 2815 legitur
373 2748 476 2794 τοῦ
507 2748 744 2816 Χριστοῦ
769 2740 875 2811 (ὁ),
901 2756 1010 2810 pro
1028 2741 1436 2812 καταξιωθῆναι,
1462 2742 1818 2815 πληρωθῆναι,

145 2833 307 2905 quod
354 2831 517 2886 forte
563 2829 810 2894 factum,
861 2845 936 2886 ne
977 2830 1134 2886 idem
1185 2832 1435 2888 verbum
1477 2834 1675 2888 statim
1731 2835 1822 2888 bis

144 2923 492 2977 occurreret
533 2934 547 2985 ;
579 2935 688 2990 pro
733 2921 968 2993 καρποὺς
1009 2919 1186 2990 αὐτοῦ,
1221 2919 1432 2990 legitur
1458 2927 1692 2995 καρποὺς
1729 2930 1820 2975 τοῦ

146 3013 460 3081 πνεύματος,
495 3007 622 3073 ubi,
654 3007 790 3079 quis
820 3011 978 3070 αὐτὸς
1001 3008 1094 3073 sit,
1119 3009 1471 3079 exprimitur
1504 3027 1517 3077 ;
1551 3027 1658 3082 pro
1686 3015 1822 3065 κατὰ

1929 1855 2044 1910 hoc
2099 1856 2322 1928 ipsum,
2372 1862 2432 1911 ut
2482 1857 2775 1912 Christum
2821 1857 2958 1928 quis
3005 1857 3329 1924 intueatur,
3384 1861 3588 1913 monet

1931 1943 2300 2016 Opusculum
2339 1943 2412 2000 de
2457 1944 2745 2000 Libertate
2782 1960 2916 2015 cap.
2967 1947 3025 1999 16
3067 1950 3124 2000 et
3159 1949 3243 2010 Π,
3285 1944 3445 1999 unde
3489 1946 3588 2000 vix

1931 2034 2138 2088 dubito
2159 2033 2309 2088 haec
2332 2049 2467 2089 esse
2489 2039 2786 2104 excerpta.
2819 2036 2932 2089 Nec
2959 2043 3054 2088 est
3075 2033 3240 2104 quod
3287 2034 3424 2105 quis
3449 2033 3586 2089 ideo

1931 2122 2162 2178 dubitet
2201 2121 2276 2178 de
2323 2122 2437 2177 hac
2483 2122 2847 2192 conjectura,
2889 2121 3052 2193 quod
3104 2123 3394 2194 scriptura
3437 2122 3587 2178 haec

1932 2211 2138 2284 eadem
2173 2211 2246 2266 sit
2271 2211 2327 2266 in
2361 2211 2631 2266 Homilia.
2665 2211 3010 2266 Videbimus
3041 2211 3196 2266 enim
3231 2210 3583 2267 alterutrum

1932 2308 2138 2356 natum
2171 2306 2226 2355 et
2251 2299 2475 2356 factum
2501 2315 2631 2356 esse
2675 2299 2992 2372 posterius,
3021 2299 3184 2371 [Pag.
3221 2299 3306 2374 16]
3349 2305 3402 2356 et
3433 2301 3586 2356 adeo

1932 2395 2272 2461 corruptam
2321 2395 2421 2444 aut
2469 2389 2692 2444 bonam
2743 2387 2983 2444 alterius
3023 2389 3376 2460 scripturam
3423 2403 3588 2444 acce-

1931 2479 2109 2550 pisse.

2005 2568 2284 2639 Sequitur
2310 2583 2490 2639 porro
2521 2566 2577 2622 in
2601 2567 2675 2623 de
2705 2565 3183 2623 Custodianira
3217 2566 3253 2640 β
3274 2567 3589 2628 ιάζεσθαι

1932 2663 2059 2732 χρὴ
2088 2656 2294 2717 άιὶείς
2323 2663 2440 2708 πᾶν
2480 2656 2743 2728 ἀγαθὸν,
2776 2661 2884 2708 καὶ
2911 2656 3000 2718 εἰς
3040 2657 3253 2716 πάσας
3283 2657 3394 2718 τὰς
3426 2654 3588 2709 ἐντο-

1932 2747 2041 2808 λὰς
2081 2753 2190 2798 τοῦ
2234 2749 2497 2820 Κυρίου,
2539 2743 2651 2796 κᾶν
2690 2749 2770 2816 μὴ
2815 2744 3132 2807 θελούσης
3160 2753 3268 2805 τῆς
3308 2741 3588 2816 καρδίας

1935 2832 2049 2888 διὰ
2102 2839 2212 2894 τὴν
2268 2841 2593 2887 συνοῦσαν
2643 2834 2799 2906 αὐτῇ
2849 2833 3193 2907 ἁμαρτίαν.
3229 2835 3291 2888 ln
3334 2833 3587 2890 Homilia

1932 2924 2222 2979 omittitur
2263 2921 2361 2987 ἀεὶ,
2402 2938 2513 2978 nec
2562 2922 2620 2976 id
2677 2921 2865 2992 male;
2910 2921 3150 2977 additur
3211 2937 3348 2977 vero
3399 2925 3588 2993 ἔργον

1931 3014 2150 3084 ἀγαθόν,
2201 3012 2337 3066 item
2383 3026 2503 3066 non
2547 3010 2698 3066 male
2729 3027 2742 3076 ;
2792 3010 3088 3066 omitittur
3118 3010 3256 3066 item
3287 3007 3381 3060 κᾶν
3411 3013 3484 3082 μὴ
3511 3012 3590 3062 θι-

146 3103 234 3160 τέις
279 3097 496 3157 ἐντολὰς
534 3104 629 3149 τοῦ
677 3099 872 3170 Κυρίου
913 3096 1127 3167 legitur
1187 3103 1277 3151 καὶ
1323 3101 1415 3160 τὰς
1462 3099 1660 3161 ἑντολὰς
1727 3109 1819 3154 τοῦ

1941 3104 2126 3163 λούσης
2162 3109 2256 3162 τῆς
2302 3097 2548 3173 καρδίας,
2600 3115 2720 3155 non
2777 3099 2951 3154 bene.
2988 3099 3052 3153 In
3097 3097 3394 3169 Opusculo
3426 3097 3588 3154 enim

153 3189 383 3259 Χριστοῦ
406 3204 422 3218 ·
454 3191 558 3240 Καὶ
579 3201 724 3241 sane
747 3185 1046 3257 perplacet
1081 3203 1095 3251 ;
1125 3185 1384 3242 Christus
1411 3204 1519 3258 pro
1544 3188 1816 3256 Domino,

148 3278 290 3349 quia
321 3275 384 3331 in
437 3275 683 3331 Patrum
723 3274 958 3346 scriptis
992 3277 1280 3331 Dominus
1310 3284 1364 3330 et
1408 3277 1672 3333 Christus
1709 3295 1819 3351 pro

152 3367 365 3422 eodem
408 3369 519 3420 est.
547 3370 696 3418 Tum
740 3378 850 3435 pro
879 3362 1108 3436 ἀμώμως
1155 3370 1246 3417 καὶ
1275 3367 1520 3439 καθαρῶς
1566 3367 1817 3436 legimus

153 3455 398 3527 καθαρῶς
439 3457 534 3505 καὶ
575 3451 824 3524 ἇιμώμως,
851 3453 964 3508 levi
999 3454 1326 3510 mutatione
1363 3471 1375 3520 ;
1409 3461 1465 3512 et
1492 3471 1599 3526 pro
1632 3465 1814 3524 ποιεῖν,

153 3551 397 3605 ποιῆσαι,
419 3556 546 3596 non
574 3541 747 3606 male,
766 3541 912 3613 quia
931 3543 1042 3597 hoc
1061 3547 1298 3614 tempus
1321 3560 1500 3616 saepe
1514 3547 1779 3617 sequitur
1803 3564 1816 3613 ;

157 3647 263 3701 ριιο
294 3631 488 3693 οὕτως,
520 3629 692 3696 οὗτος,
722 3630 898 3694 male,
941 3646 1084 3686 nam
1121 3630 1444 3701 legendum
1474 3635 1670 3703 οὔτωςς
1713 3652 1822 3708 pro

159 3719 501 3794 ἐνάρξασθαι,
571 3719 848 3791 ἄρξασθαι,
899 3720 1065 3791 quod
1127 3721 1337 3778 melius
1384 3723 1668 3798 ἄρξασθαι.
1718 3729 1822 3782 Pe-

159 3809 366 3865 riodus
395 3808 586 3863 altera
607 3807 722 3863 levi
756 3809 1084 3865 mutatione
1108 3810 1328 3867 differt.

229 3898 292 3953 ln
328 3896 641 3969 Opusculo
671 3897 745 3954 de
775 3897 1060 3955 Custodia
1093 3901 1362 3972 sequitur
1393 3919 1405 3956 :
1440 3907 1548 3954 καὶ
1587 3905 1678 3967 εἰς
1717 3909 1823 3962 τὴν

163 3988 368 4058 εὐχὴν
419 3987 711 4038 πάντοτε
747 3996 1270 4064 προσκαρτιρεῐν
1309 3990 1431 4043 αὐτ
1454 3996 1515 4043 όν
1547 4010 1558 4021 ·
1593 3999 1820 4066 καὶμὴ

164 4078 656 4146 ἁποτινώσκιιν
693 4072 1238 4148 προσδεχόμενος
1276 4087 1385 4131 τοῦ
1428 4086 1672 4153 Κυρίου
1712 4087 1824 4142 τὴν

159 4163 521 4235 ἐπίσκιψιν
551 4168 796 4223 καὶτήν
829 4163 1158 4237 βοήθειαν
1207 4170 1504 4236 πάντοτε,
1535 4175 1642 4222 τὸν
1684 4191 1825 4224 σκο-

163 4259 276 4307 που
304 4261 424 4306 τοῦ
453 4256 599 4314 νοός
630 4257 828 4306 αὐτοῦ
862 4254 1158 4317 ιίςτοῦτο
1190 4259 1356 4329 ἰχὼν
1388 4255 1500 4312 διὰ
1538 4266 1780 4322 παντός
1809 4278 1822 4292 ⁶

162 4346 222 4400 ln
250 4342 513 4399 Homilia
536 4341 910 4412 aliquantum
943 4343 1110 4400 aliter
1142 4363 1154 4400 :
1179 4352 1268 4400 καὶ
1299 4348 1369 4410 ii;
1397 4354 1490 4408 τὴν
1522 4350 1686 4422 εὐχὴν
1713 4357 1821 4426 χρὴ

1931 3193 2002 3247 de
2035 3190 2326 3246 Libertate
2350 3189 2562 3244 mentis
2593 3203 2727 3260 cap.
2759 3191 2820 3244 l3
2861 3185 2923 3243 id
2956 3186 3217 3252 additur,
3245 3185 3412 3259 quod
3445 3201 3588 3243 mox

1932 3279 2205 3352 pluribus
2236 3277 2593 3334 videbimus.

2000 3370 2061 3424 In
2095 3365 2396 3438 Opusculo
2414 3367 2608 3438 primo
2638 3365 2716 3422 ita
2741 3365 3009 3437 procedit
3037 3382 3050 3420 :
3076 3365 3206 3418 οἷον
3231 3363 3590 3437 βιάζεσθαι

1931 3459 2157 3512 ἑαυτὸν
2207 3457 2298 3518 εἰς
2339 3459 2405 3508 τὸ
2457 3461 2989 3529 ταπεινοφρονεῖν
3037 3455 3306 3507 ἐνώπιον
3343 3456 3590 3507 πάντῶν

1931 3547 2292 3618 ἀνθρώπων,
2335 3551 2442 3598 καὶ
2485 3545 2712 3598 ἑαυτὸν
2751 3547 3004 3598 πάντων
3035 3545 3272 3598 ἑλαττω
3311 3549 3419 3597 καὶ
3457 3547 3592 3616 χείο

1930 3657 2082 3711 ρονα
2110 3637 2444 3706 ἡγεῖσθαι,
2472 3639 2552 3705 μὴ
2586 3635 2796 3696 ζητῶν
2835 3639 3029 3706 τιμὴν
3064 3635 3093 3694 ἣ
3138 3637 3401 3687 ἔπαινόν
3431 3634 3460 3692 ἦ
3497 3631 3595 3686 δός

1933 3726 2042 3789 ξαν
2071 3727 2244 3796 παρά
2283 3743 2476 3793 τινος,
2519 3725 2810 3783 καθὼςὲν
2850 3731 2930 3792 τῷ
2965 3723 3328 3794 Εὔαγγελίῳ
3366 3726 3596 3793 γέγρα-

1934 3835 2107 3883 πται,
2158 3815 2222 3868 In
2254 3813 2500 3869 homilia
2531 3827 2640 3883 pro
2677 3809 2964 3884 βιάζεσθαι
3023 3818 3113 3866 est
3154 3809 3446 3882 βιαςίσθω,
3471 3824 3591 3864 non

1936 3905 2114 3968 male,
2145 3903 2312 3975 quod
2335 3900 2719 3973 imperativus
2749 3915 2927 3971 saepe
2954 3899 3243 3970 sequitur,
3297 3905 3350 3952 et
3374 3897 3594 3968 ubique

1936 3994 2084 4049 forte
2116 3989 2500 4062 reponendus
2539 3989 2631 4044 sit.
2665 3990 2804 4044 Eam
2861 3989 3128 4060 sequitur
3161 4004 3173 4042 :
3211 3991 3284 4059 μὴ
3327 3987 3495 4047 ζητῶν
3522 4005 3594 4038 τι·

1937 4087 2038 4156 μὴν
2070 4087 2204 4145 cet.,
2255 4078 2420 4152 quod
2478 4092 2599 4133 non
2657 4082 2810 4132 stare
2863 4080 3064 4149 potest
3115 4093 3254 4132 cum
3313 4074 3597 4148 βιάζεσθαι

1939 4171 2122 4245 [χρή],
2157 4169 2263 4226 sed
2309 4184 2484 4224 casus
2531 4173 2779 4238 quartus
2819 4183 2950 4222 esse
2990 4165 3271 4222 debebat.
3324 4165 3593 4229 Omissis,

1935 4277 2092 4334 quae
2124 4275 2244 4316 non
2278 4257 2530 4314 multum
2563 4255 2868 4322 differunt,
2910 4271 3020 4329 pro
3056 4258 3197 4330 παρὰ
3233 4275 3367 4316 τινος
3391 4261 3477 4311 est
3511 4252 3599 4309 δό-

1936 4353 2028 4416 ξαν
2048 4349 2114 4402 ἀν
2132 4351 2158 4402 θ
2173 4369 2201 4424 ρ
2217 4355 2395 4402 ὡπων
2415 4349 2558 4420 παρὰ
2578 4365 2731 4410 τινος,
2754 4349 2916 4418 quod
2949 4351 3154 4418 putem
3181 4344 3485 4402 invertend
3497 4362 3596 4400 um

163 4435 319 4486 αὐτὸν
353 4432 533 4506 [Pag.
585 4431 670 4506 l5]
717 4434 1409 4511 πάντοτιλςπροσκαρτιριῖν,
1462 4445 1517 4494 et
1559 4440 1640 4496 ita
1693 4442 1822 4512 qui-

1941 4438 2102 4503 δόξαν
2134 4439 2278 4511 παρά
2307 4457 2446 4498 τινος
2477 4435 2776 4510 ἀνθρώπων.

165 4523 304 4579 dem
335 4527 498 4577 recte
529 4541 544 4580 :
576 4536 717 4576 nam
745 4526 854 4594 χρὴ
882 4529 984 4578 aut
1005 4523 1481 4596 exprimendum.
1513 4529 1677 4600 quod
1703 4545 1825 4585 ma-

167 4611 291 4678 lim,
322 4615 435 4667 aut
463 4608 1053 4680 subintelligeudum.
1097 4613 1212 4670 Sed
1243 4631 1419 4684 porro
1451 4617 1529 4672 ita
1569 4617 1703 4687 legit
1734 4632 1746 4671 :
1776 4621 1824 4671 ἐν

171 4707 342 4754 πίστει
373 4694 703 4772 προσδοκῖας
731 4707 823 4752 τοῦ
856 4705 1050 4775 Κυρίου
1092 4705 1187 4761 την
1236 4703 1510 4776 ἐπίσκεψιν
1553 4711 1641 4759 καὶ
1694 4706 1827 4780 βοή-

174 4792 310 4843 Θσιαν
383 4788 552 4841 αὑτοῦ
617 4790 835 4841 πάντοτε
906 4785 1270 4864 ἐκδεχόμενον,
1340 4797 1427 4845 τόν
1483 4800 1676 4848 σκοπὸν
1737 4805 1827 4851 τοῦ

170 4884 278 4940 νοὸς
306 4883 479 4931 αὐτοῦ
509 4876 582 4938 εἰς
610 4885 762 4930 τοῦτο
787 4881 982 4950 ἔχοντα
1021 4877 1115 4933 διὰ
1143 4887 1356 4942 παντὸς.
1397 4884 1559 4948 Quae
1589 4885 1825 4952 docent,

173 4983 494 5041 perperam
540 4969 598 5022 in
635 4967 886 5036 vulgatis
926 4969 1094 5024 istius
1145 4969 1427 5040 Opusculi
1471 4974 1831 5029 editionibus

173 5074 299 5112 esse
341 5051 777 5128 προσδεχόμενος
821 5062 879 5112 et
925 5060 1081 5130 ἔχων,
1127 5075 1264 5116 cum
1307 5063 1601 5116 sermonis
1654 5065 1832 5118 series

177 5145 500 5202 manifesto
528 5145 796 5216 requirat
839 5161 1044 5201 casum
1074 5155 1378 5219 quartum.
1426 5153 1563 5215 lsta,
1595 5151 1669 5208 de
1714 5168 1833 5208 non

175 5232 580 5307 desperando,
604 5249 726 5290 non
749 5238 1069 5291 commode
1085 5237 1179 5292 hic
1196 5243 1355 5302 sunt,
1380 5245 1435 5294 et
1456 5240 1512 5294 in
1537 5241 1837 5313 Opusculo

181 5326 251 5381 de
277 5324 585 5382 Libertate
612 5326 826 5380 mentis
866 5339 1000 5395 cap.
1039 5327 1101 5384 16
1129 5331 1186 5383 et
1227 5328 1294 5382 17
1325 5328 1551 5385 meliori
1589 5335 1839 5404 συναφιίᾳ

2009 4531 2070 4585 lu
2095 4525 2401 4600 Opusculo
2432 4542 2611 4597 porro
2631 4529 2718 4580 est
2749 4541 2763 4580 :
2795 4522 2958 4577 ἀλλὰ
2995 4529 3191 4598 μόνον
3223 4527 3328 4576 τὸν
3360 4525 3599 4597 Κύριον

1938 4618 2026 4672 ἀεὶ
2063 4621 2188 4690 πρὸ
2218 4615 2555 4688 ὀφθαλμῶν
2587 4616 2783 4686 ἔχειν,
2817 4617 2926 4666 καὶ
2959 4615 3071 4676 τὰς
3096 4611 3342 4673 ἐντολὰς
3373 4612 3598 4670 αὐταῦ,

1939 4707 2112 4779 αὐτῷ
2152 4710 2318 4778 μόνῳ
2360 4702 2756 4776 βουλόμενος
2795 4702 3052 4774 ἀρέσαι.
3099 4706 3159 4757 In
3201 4701 3458 4757 Homilia
3493 4717 3602 4771 pro

1939 4800 2080 4868 ἔχειν
2138 4801 2223 4850 est
2279 4798 2436 4866 ἔχων,
2489 4792 2671 4864 idque
2729 4797 2908 4848 recte.
2973 4789 3389 4862 Supplendum
3439 4790 3600 4844 enim

1943 4885 2216 4961 βιαζέσθω
2244 4893 2360 4938 cet.
2401 4882 2557 4954 ἔχων.
2591 4883 2792 4937 Cetera
2817 4896 3030 4952 parum
3059 4879 3304 4935 distant.

2015 4976 2100 5030 De
2131 4972 2415 5029 Custodia
2454 4986 2630 5041 porro
2665 4969 2796 5030 εείς
2835 4973 2951 5026 τὴν
2989 4988 3332 5041 πραοτητα
3370 4969 3604 5038 ὁμοίως

1944 5064 2172 5117 ἑαυτὸν
2213 5061 2523 5134 βιαζέτω,
2565 5063 2788 5131 καὶμὴ
2821 5057 3131 5118 θελούσης
3162 5066 3268 5118 τῆς
3306 5053 3600 5131 καρδίας,

1946 5155 2019 5214 ὦς
2045 5157 2121 5224 φή
2141 5171 2242 5205 σιν
2273 5153 2297 5203 ὁ
2325 5154 2558 5226 Κύριος
2593 5167 2604 5178 ·
2647 5149 2879 5221 μάθιτι
2923 5147 3187 5219 ἀπ’ἱμοῡ
3221 5153 3330 5202 cet.
3356 5143 3607 5201 Homilia

1948 5242 2118 5297 addit
2180 5240 2247 5302 εἰς
2300 5244 2393 5298 τὴν
2448 5243 2721 5312 πραότητα
2769 5244 2876 5298 τῆς
2929 5232 3227 5310 καρδίας,
3285 5240 3341 5290 et
3391 5233 3608 5290 omittit

1955 5329 2210 5403 βιαζίτω,
2241 5328 2389 5402 quid
2432 5345 2467 5384 a
2505 5328 2840 5397 glossatore
2884 5331 3028 5399 puto
3076 5341 3148 5382 ex
3201 5322 3609 5397 superioribus

1750 5481 1998 5538 NOTAE.

256 5623 332 5690 (α)
379 5621 476 5678 Sic
520 5617 829 5693 Semlerus
861 5633 874 5684 ;
904 5616 1034 5693 lege
1067 5620 1277 5693 {Haec
1325 5620 1604 5693 periodus
1647 5625 1846 5692 prima

186 5694 388 5763 capiti:
420 5695 483 5750 13
511 5692 707 5765 primi
738 5689 1051 5761 Opusculi.
1081 5692 1231 5748 Enn.

2027 5621 2108 5694 (b)
2137 5621 2324 5699 Corn,
2357 5621 2654 5678 Semlerus
2684 5619 2900 5678 habet:
2935 5633 3044 5699 pro
3066 5623 3176 5671 τοῦ
3214 5621 3368 5671 Θεοῦ
3399 5614 3612 5686 legitur

1959 5701 2044 5767 Χρ
2064 5701 2270 5750 ιστοῦ.
2313 5697 2392 5752 ιη.
