4078 6194
516 274 613 326 271

1864 278 1964 334 JO.
2009 278 2162 333 SAL.
2205 275 2585 334 SEMLERUS

3793 293 3889 343 272

512 398 824 470 repetitum
840 415 990 458 esse.
1011 405 1158 459 Nam
1177 403 1444 460 abfuisse
1461 405 1634 461 docet
1652 405 1733 473 id,
1756 403 1920 477 quod
1940 419 2060 459 non
2080 403 2164 458 in-

2296 402 2550 472 ejusdem
2573 403 2851 475 Opusculi
2889 403 3404 480 επροσδοκῶντα
3444 404 3551 461 διὰ
3589 414 3808 473 παντὸς
3841 412 3888 465 ἐν

515 487 896 559 terceditsign
907 507 1008 547 um
1020 494 1428 558 connexionis,
1444 495 1548 549 sed
1563 502 1871 564 tamquam
1888 498 2164 566 perpetuo

513 576 676 650 [Pag.
718 579 799 648 l7]
833 596 1107 637 sermone
1138 583 1406 652 iunctum
1439 591 1544 639 est.

585 667 648 720 ln
669 667 944 725 Custodia
963 674 1422 745 ροττοιὸμοίως
1447 674 1529 734 εἰς
1553 676 1618 726 τὸ
1641 671 1805 726 εἶναι
1836 672 1966 730 ἔλεή
1984 691 2160 743 μονα,

513 760 830 829 χρηστὸν,
872 760 1346 832 εὔσπλαγχνον,
1389 761 1649 834 ἀγαθὸν,
1691 765 1806 819 ὃση
1861 758 2159 832 δύναμις,

515 845 738 896 ἑαυτὸν
777 847 1017 910 ἐθίζειν
1056 853 1212 921 μετά
1251 850 1420 923 βίας,
1461 854 1536 912 ὦς
1582 853 1830 923 φησινό
1874 853 2102 924 Κύριος
2141 866 2153 879 ⁸

512 937 770 1005 γίνεσθε
797 941 904 991 cet.
937 938 998 991 in
1031 939 1282 996 Homilia
1322 957 1428 1012 pro
1469 941 1763 997 inﬁnitive
1809 940 2019 996 melius
2064 938 2161 991 ἐθι-

517 1022 665 1090 ζέτω,
689 1025 914 1081 omisso
941 1030 1073 1097 μετά
1099 1025 1244 1099 βίας,
1274 1029 1438 1101 quod
1472 1029 1714 1085 nollem.

587 1113 745 1178 Quae
777 1129 954 1185 porro
999 1122 1348 1187 sequuntur,
1389 1134 1507 1174 non
1560 1119 1812 1174 multum
1857 1117 2160 1183 differunt,

513 1201 629 1256 nisi
671 1202 922 1272 quodin
970 1205 1220 1262 Homilia
1246 1222 1353 1278 pro
1399 1207 1640 1274 vulgato
1668 1208 1861 1278 legere
1905 1207 2111 1263 vellem
2147 1224 2158 1261 ε

516 1290 688 1363 ὥσπερ
730 1292 1074 1365 ὑπογραμμὸν
1106 1299 1224 1368 πρὸ
1288 1296 1629 1369 ὀφθαλμῶν
1680 1298 1881 1368 ἐχέτω
1925 1296 1972 1348 ἐν
2015 1300 2159 1368 πάσῃ

513 1383 692 1451 μνήμῃ
754 1380 945 1433 αὑτοῦ
1003 1381 1371 1459 ἀληθαργήτῳ,
1429 1386 1570 1457 quia
1602 1388 1769 1441 aliter
1807 1387 1920 1442 ista
1953 1387 2166 1442 ultima

513 1482 636 1522 non
683 1467 836 1523 bene
884 1470 1289 1536 cohaererent,
1331 1482 1385 1528 et
1434 1491 1491 1546 p.
1543 1479 1608 1529 25
1649 1475 1708 1529 in
1750 1474 2049 1546 Opusculo
2094 1475 2166 1529 de

519 1555 792 1614 Custodia
829 1559 974 1614 haec
1022 1560 1142 1615 fere
1193 1568 1535 1632 repetuntur
1565 1579 1576 1616 :
1611 1568 1724 1616 τότε
1775 1566 1974 1638 θεωρῶν
2007 1565 2031 1615 ὁ
2067 1567 2167 1616 Κύ-

513 1663 648 1720 ριος.
693 1689 704 1700 .
755 1689 766 1700 .
814 1685 826 1698 .
859 1657 963 1708 πῶς
1017 1647 1195 1722 βιάζει
1238 1651 1414 1704 ἑαυτὸν
1463 1660 1686 1705 πάντοτε
1726 1654 1796 1714 εἰς
1833 1658 1925 1712 τὴν
1956 1658 2165 1726 μνήμην

515 1734 676 1786 αὐτοῦ
723 1740 832 1791 cet.
869 1737 1043 1804 ;hinc
1095 1739 1367 1796 additum
1418 1741 1630 1798 vellem
1661 1744 1839 1809 αὐτοῦ,
1896 1744 2020 1798 scil.
2075 1750 2165 1795 τοῦ

518 1831 776 1898 Χριστοῦ.

591 1915 656 1971 In
688 1914 760 1970 de
785 1914 1059 1971 Custodia
1091 1933 1151 1990 p.
1183 1919 1253 1973 24
1283 1920 1550 1992 sequitur
1588 1927 1692 1974 καὶ
1731 1923 1847 1980 ὅση
1890 1919 2167 1994 δύναμις

522 2000 846 2074 βεαζέσθω
879 2013 1013 2067 ταῖς
1046 2007 1271 2078 εύχαῑς
1302 2019 1846 2083 προσκαρτερεῖν,
1877 2008 1992 2063 διὰ
2022 2032 2168 2064 παν-

521 2096 625 2153 τὸς
658 2088 962 2164 δεόμενος
993 2099 1101 2147 καὶ
1141 2100 1483 2151 πιστεύων.
1516 2101 1576 2154 ln
1606 2100 1858 2156 Homilia
1887 2101 2169 2157 ommitti-

521 2183 612 2237 tur
639 2179 908 2253 βιαζέσθω
929 2189 983 2239 et
1009 2185 1285 2242 scribitur
1305 2194 1774 2263 προσκαρτερείτω.

593 2270 869 2342 Sequitur
896 2287 1076 2344 porro
1116 2274 1362 2342 ibidem,
1396 2278 1638 2334 omissis
1677 2296 1833 2352 quae
1863 2279 2006 2335 nihil
2049 2278 2169 2335 fere

521 2364 800 2415 mutant:
838 2365 928 2413 καὶ
973 2362 1171 2426 οὕτως
1211 2364 1246 2416 ἂ
1299 2373 1403 2417 νῦν
1443 2370 1604 2439 μετά
1646 2367 1797 2440 βίας
1827 2374 2045 2441 καὶμὴ
2081 2371 2171 2422 θε-

521 2447 760 2510 λούσης
797 2458 911 2512 τῆς
948 2449 1232 2525 καρδίας
1267 2463 1466 2524 ποιεῖ,
1509 2455 1752 2518 ἐθίζειν
1793 2459 2018 2511 ἑαυτὸν
2059 2455 2171 2510 διὰ

522 2540 754 2598 παντὸς
794 2538 884 2601 εἰς
921 2543 987 2591 τὸ
1029 2544 1293 2612 ἀγαθὸν,
1323 2549 1573 2598 καὶτοῦ
1609 2552 1851 2621 Κυρίου
1892 2547 1987 2600 ἀεὶ
2027 2569 2172 2619 μνη-

523 2630 832 2699 μονεύειν,
875 2634 982 2681 καὶ
1023 2629 1404 2704 προσδοκᾷν
1445 2635 1634 2687 αὐτὸν
1669 2633 1780 2688 διὰ
1823 2641 2062 2698 παντὸς
2115 2637 2171 2688 ἐν

523 2716 715 2790 πολλῇ
759 2719 1126 2790 ἀγαθότητι
1177 2727 1282 2774 καὶ
1324 2722 1561 2796 ἀγάπη.
1591 2726 1651 2779 In
1688 2725 1935 2781 Homilia
1963 2742 2072 2798 pro
2099 2731 2169 2798 μὴ

527 2805 772 2867 θελούσης
829 2815 939 2864 cet.
988 2817 1074 2864 est
1125 2809 1358 2873 ἀκούσης
1405 2823 1496 2875 τῆς
1541 2811 1766 2888 καρδίας
1813 2823 1968 2881 ποιεῖ,
2025 2815 2175 2868 ἑκου-

527 2899 655 2958 σίως
683 2896 762 2968 (a)
793 2897 979 2969 πράξει
1012 2903 1155 2965 ποτέ,
1192 2900 1405 2962 Ἐθίζων
1437 2909 1570 2969 cet.,
1603 2903 1786 2964 ἐθίζων
1819 2921 2064 2977 quoque
2098 2904 2176 2960 le-

527 2985 791 3055 gendum
822 2992 909 3044 est
939 2988 996 3043 in
1026 2989 1350 3062 Opusculo.
1394 2995 1539 3048 Nam
1587 2993 1773 3054 ἐθίζειν
1809 3010 1928 3050 non
1960 2995 2174 3067 placet,

2275 496 2497 544 πίστει
2551 489 2934 566 ἀῖιστάκτῳ
2987 499 3043 546 τὸ
3099 495 3514 562 ἔλεοςαύτοῦ,
3556 503 3660 550 καὶ
3699 499 3892 571 βιάζε-

2278 582 2426 632 σθαι
2458 581 2675 633 ἑαυτὸν
2699 583 2787 644 εἰς
2818 587 2880 634 τὸ
2915 583 3263 658 οἰκτείρειν
3289 592 3895 659 cet.,proquoauctius

2275 668 2332 723 in
2357 671 2627 736 Homilia,
2655 669 3036 746 προσδοκῶντα
3076 671 3168 726 διὰ
3196 677 3381 734 παντὸς
3417 677 3464 727 ἓν
3485 681 3660 729 πίστει
3697 674 3896 730 ἀδιστά-

2273 779 2377 828 κτῳ
2451 763 2507 811 τὸ
2561 759 2690 822 ἕλεος
2744 763 2923 828 αὐτοῦ,
2968 768 3056 815 καὶ
3108 762 3398 835 βιάζεσθαι
3455 765 3631 818 ἑαυτὸν
3699 767 3767 828 εἰς
3813 773 3894 826 τὴν

2275 847 2503 918 ἀγάπην,
2586 855 2657 922 μὴ
2717 853 2909 923 ἔχοντα
2970 852 3174 924 ἀγάπην
3238 869 3251 883 ‘
3313 853 3597 926 βιάζεσθαι
3650 863 3795 922 cet.;
3848 863 3898 912 et

2271 938 2490 992 rectius
2517 939 2760 1010 quidem
2793 942 2891 1008 ita,
2925 942 3090 1014 quod
3121 942 3295 998 docet
3335 943 3699 1014 Opusculum
3727 946 3793 1001 de
3819 947 3896 1001 Li-

2275 1025 2494 1083 bertate
2549 1044 2604 1084 c.
2677 1032 2738 1084 18
2799 1047 2809 1085 :
2862 1035 2990 1103 πρὸς
3051 1030 3279 1103 ἀγάπην,
3329 1036 3400 1104 μὴ
3457 1035 3664 1103 ἔχοντας
3689 1032 3893 1105 ἀγάπην.

2271 1117 2400 1171 Jam
2433 1118 2723 1189 scriptura
2749 1120 2808 1174 in
2838 1120 3090 1176 Homilia
3113 1127 3169 1176 et
3200 1121 3498 1193 Opusculo
3528 1123 3622 1176 Ιωο
3650 1123 3899 1196 aliquan-

2274 1205 2462 1262 tulum
2495 1206 2710 1273 differt,
2757 1210 2912 1264 unde
2941 1211 3087 1282 quid
3121 1216 3480 1277 statuamus,
3515 1227 3586 1267 ex
3634 1213 3899 1285 scriptura

2275 1295 2556 1365 Opusculi
2589 1297 2660 1352 de
2685 1297 2980 1355 Libertate
3008 1314 3404 1370 exponemus.
3439 1303 3600 1366 Quae
3633 1300 3754 1356 talis
3783 1309 3857 1357 est
3886 1321 3897 1354 :

2278 1385 2567 1456 [συνωθεῖν]
2641 1391 2773 1460 πρὸς
2849 1391 2906 1439 τὸ
2982 1387 3265 1460 ἀνέχεσθαι
3342 1389 3554 1461 ἀτιμίας
3625 1396 3710 1442 καὶ
3786 1411 3899 1464 παρ-

2275 1475 2503 1545 οράσεως
2577 1480 2665 1527 καὶ
2733 1483 2841 1539 τοῖς
2900 1476 3332 1548 ἐξουθενουμένοις
3413 1478 3750 1553 ἐγκαρτερεῖν,
3806 1495 3899 1550 pro

2274 1577 2397 1634 quo
2442 1564 2570 1632 lege
2637 1581 2779 1621 casu
2844 1571 3058 1636 quarto
3114 1572 3234 1629 τοὺς
3289 1567 3730 1640 ἐξουθενουμένους
3789 1568 3898 1623 scil.

2277 1653 2432 1722 ἡμᾶς,
2467 1652 2502 1706 i.
2534 1669 2583 1707 e.
2637 1659 2694 1708 ut
2749 1655 2806 1709 in
2856 1656 3106 1712 Homilia
3149 1662 3385 1712 exstat:
3419 1657 3492 1718 εἰς
3548 1661 3624 1712 τὸ.
3689 1700 3732 1714 ..
3782 1656 3902 1720 ἐξου-

2205 1760 2244 1813 B
2281 1742 2571 1810 θενούμενον
2604 1743 2632 1800 ἡ
2669 1741 3046 1815 ἀτιμαζόμενον
3075 1751 3146 1816 μὴ
3182 1745 3487 1816 ἀγανακτεῖν
3519 1752 3628 1802 cet.

2349 1831 2626 1902 Sequitur
2659 1848 2834 1902 porro
2867 1833 2926 1887 in
2967 1835 3040 1889 de
3079 1834 3399 1890 Custodia:
3456 1834 3802 1908 βιάζεσθαι
3851 1853 3904 1887 τε

2279 1919 2493 1972 ἑαυτὸν
2525 1919 2610 1980 εἰς
2640 1925 2751 1978 τὴν
2784 1921 3005 1993 εὐχὴν,
3041 1929 3230 1995 μήπω
3260 1927 3502 1995 ἔχοντα
3532 1925 3725 1996 εὐχὴν
3753 1926 3904 1976 πνεύ-

2278 2027 2499 2080 ματος.
2537 2008 2790 2064 Homilia
2821 2027 3035 2080 parum
3071 2010 3286 2075 (iiﬂ‘ert,
3317 2018 3373 2068 et
3399 2013 3761 2082 corrigemus
3785 2012 3903 2067 hinc

2281 2096 2444 2170 [Pag.
2493 2099 2578 2166 19]
2615 2098 2809 2152 locum
2853 2099 2912 2153 in
2944 2100 3015 2155 de
3061 2101 3382 2169 Libertate,
3432 2103 3535 2157 ubi
3572 2103 3650 2158 ita
3693 2106 3900 2157 exstat:

2279 2191 2420 2240 οὔπω
2481 2189 2672 2245 ταύτην
2725 2187 3025 2260 ἐσχηκότας
3067 2194 3158 2247 τὴν
3221 2191 3322 2254 ἕξιν
3364 2194 3493 2264 πρὸς
3547 2192 3726 2264 εὐχὴν,
3768 2195 3904 2262 μήπω

2279 2279 2570 2348 πνεύματος
2625 2277 2790 2349 εύχὴν
2843 2282 3200 2350 κεκτημένους,
3275 2295 3385 2350 pro
3448 2281 3672 2353 quibus
3732 2280 3903 2349 legen-

2280 2367 2427 2422 dum
2505 2369 2633 2437 πρὸς
2690 2367 2848 2437 εύχὴν
2934 2369 3082 2436 (scil.
3154 2371 3445 2437 συνωθεῖν),
3521 2375 3676 2442 μήπω
3738 2371 3905 2426 ταύτης

2281 2455 2576 2528 ἐσχηκότας
2607 2460 2699 2513 τὴν
2730 2456 2853 2522 ἓξεν,
2887 2462 2974 2508 καὶ
3013 2461 3172 2530 μήπω
3205 2464 3317 2513 cet.

3000 2554 3024 2615 ς
3065 2547 3205 2602 VIII.

2357 2634 2468 2691 Sed
2514 2639 2575 2689 ut
2615 2635 2739 2704 jam
2781 2637 3127 2706 perveniam
3173 2637 3250 2692 ad
3297 2637 3377 2701 id,
3419 2637 3594 2708 cujus
3631 2638 3710 2692 rei
3753 2650 3910 2691 causa

2285 2725 2431 2780 haec
2463 2724 2696 2795 scripsi,
2725 2725 2993 2780 omittam
3029 2725 3314 2781 orationis
3348 2727 3403 2780 in
3429 2727 3684 2782 Macario
3706 2725 3914 2789 seriem,

2286 2819 2341 2869 et
2361 2814 2700 2878 ostendam,
2721 2814 3030 2883 probabile
3059 2831 3210 2879 esse,
3233 2815 3380 2871 haec
3397 2817 3611 2872 omnia
3626 2832 3661 2872 a
3681 2813 3918 2871 Macario

2287 2917 2408 2959 non
2449 2901 2670 2973 scripta
2708 2918 2857 2966 esse,
2901 2905 3004 2959 sed
3040 2904 3339 2960 celebrata
3373 2909 3612 2960 tantum
3653 2917 3917 2966 sermone,

2289 2992 2366 3048 ab
2405 2990 2533 3046 aliis
2559 2991 2772 3046 deinde
2818 2991 2953 3047 talia
2985 2993 3503 3064 apOphthegmata
3539 2993 3780 3050 subinde
3817 2990 3921 3047 col-

526 3075 691 3148 quod
717 3075 941 3133 librarii
971 3077 1049 3134 ita
1066 3078 1350 3147 fecerunt,
1386 3087 1448 3137 ut
1469 3083 1768 3139 videretur
1795 3085 2174 3148 constructio,
2215 3119 2254 3173 C
2288 3081 2440 3136 lecta
2479 3085 2778 3173 etauc‘ta,
2829 3086 2884 3173 et
2911 3081 3151 3173 tandem
3197 3081 3256 3173 in
3303 3083 3450 3137 haec
3495 3097 3685 3173 opera
3723 3082 3925 3173 digesta

526 3180 683 3235 quae
703 3170 899 3221 tamen
919 3166 1080 3223 nulla
1102 3175 1206 3224 est.
1233 3169 1459 3226 Mallem
1484 3179 1681 3227 tamen
1704 3177 1963 3227 ceterum
1984 3172 2178 3241 legere

530 3251 793 3314 ἀκουσίως
823 3260 910 3306 καὶ
946 3260 1017 3327 μὴ
1065 3257 1315 3318 θελούσης
1363 3269 1458 3322 τῆς
1498 3258 1739 3333 καρδίας,
1795 3262 1938 3332 quia
1983 3262 2181 3332 sequi-

531 3343 625 3395 tur
655 3339 907 3404 ἑκουσίως
935 3360 947 3398 :
980 3348 1039 3398 et
1061 3352 1214 3400 certe
1241 3347 1318 3400 ita
1348 3348 1526 3402 credo
1553 3347 1752 3403 fuisse.

604 3431 779 3485 Porro
806 3429 864 3486 in
897 3433 1198 3501 Opusculo
1239 3435 1451 3490 eodem
1479 3467 1540 3476 —
1565 3437 1771 3491 omitto
1812 3452 1932 3492 non
1965 3453 2180 3507 pauca,

530 3519 675 3588 quia
726 3518 839 3573 hoc
883 3519 1186 3590 specimen
1227 3522 1405 3577 breve
1449 3539 1577 3578 esse
1619 3524 1794 3579 debet
1833 3556 1901 3566 —-
1941 3541 2000 3597 p.
2053 3530 2121 3580 26
2168 3541 2181 3577 :

533 3607 633 3659 ὅτε
684 3617 1085 3680 καρποφορεῖ
1132 3613 1455 3684 καθαρῶς,
1507 3629 1614 3685 pro
1666 3630 1786 3686 quo
1819 3631 1889 3670 ex
1939 3615 2188 3670 Homilia

532 3711 593 3769 ρ.
635 3698 739 3751 290
772 3698 1158 3754 scribendum
1189 3704 1328 3752 τότε
1393 3711 1709 3776 καρποφορεῖ
1765 3705 2024 3778 καθαρῶς.
2081 3704 2190 3758 1ὺὶ-

535 3785 716 3841 dem:
750 3793 878 3862 χρὴ
912 3783 980 3841 δὲ
1011 3793 1339 3863 πρότερον.
1387 3833 1398 3846 .
1447 3834 1458 3847 .
1510 3835 1522 3848 .
1559 3793 1758 3856 οὕτως
1789 3793 2053 3865 βιάζειν
2083 3797 2190 3845 καὶ

538 3875 752 3942 αὐτόν,
800 3893 908 3949 pro
965 3895 1088 3950 quo
1143 3879 1202 3935 in
1262 3881 1570 3954 Homilia§
1609 3887 1637 3938 3
1687 3882 1972 3956 βιάζεσθαι
2013 3884 2192 3936 ἑαυτὸν

539 3971 752 4022 exstat.
789 3969 852 4022 Et
881 3968 1040 4038 [Pag.
1071 3970 1156 4040 18]
1175 3969 1233 4024 id
1266 3970 1475 4040 placet,
1505 3972 1649 4043 quia
1675 3972 1975 4028 divulsum
2013 3971 2193 4045 βιάζε-

541 4057 662 4108 σθαι
704 4057 1004 4127 peperisse
1032 4058 1261 4113 videtur
1283 4059 1704 4117 diversitatem.
1729 4065 1861 4118 Jam
1891 4078 2025 4118 vero
2047 4063 2194 4117 haec

540 4148 649 4216 χρὴ
680 4148 937 4217 πρότερων
969 4151 1077 4201 cet.
1107 4147 1338 4202 tertium
1367 4155 1687 4206 occurrunt
1719 4151 1778 4205 in
1799 4150 2100 4222 Opusculo
2124 4151 2196 4205 de

541 4232 838 4289 Libertate
863 4233 1070 4290 mentis
1101 4251 1233 4306 cap.
1269 4240 1351 4291 t8.
1384 4238 1468 4293 Ibi
1497 4238 1656 4294 enim
1687 4241 1894 4294 omnia
1925 4239 2001 4294 ab
2027 4239 2194 4296 initio

543 4321 904 4376 conveniunt
920 4336 1057 4376 cum
1075 4321 1362 4378 Homiliae
1385 4327 1696 4396 scriptura,
1723 4327 1837 4382 nisi
1859 4327 2023 4398 quod
2046 4327 2195 4382 haec

544 4407 760 4464 melius
829 4409 1011 4466 habet
1066 4411 1460 4483 προσελθόντα.
1522 4416 1684 4479 Quae
1739 4419 2074 4486 sequuntur
2138 4416 2194 4470 in

545 4497 757 4554 eodem
788 4498 860 4555 de
902 4499 1192 4556 Libertate
1235 4501 1536 4572 Opusculo
1587 4502 1784 4575 βεαστὴ
1827 4506 1952 4576 γὰρ,
1985 4511 2142 4576 φησὶν
2173 4508 2198 4556 ὁ

545 4592 679 4656 cet.,
712 4593 864 4643 recte
894 4588 1054 4644 hunc
1084 4590 1283 4646 locum
1325 4597 1658 4663 occupant;
1685 4593 1744 4647 in
1779 4593 2029 4649 Homilia
2060 4611 2199 4651 vero

547 4682 602 4733 et
641 4678 941 4749 Opusculo
976 4682 991 4733 Ι
1026 4694 1144 4734 non
1189 4681 1417 4750 optimo
1449 4681 1580 4736 loco
1611 4687 1860 4737 exstant.
1909 4685 2199 4754 Corrupta

545 4783 683 4824 vero
709 4773 868 4832 sunt,
896 4783 1053 4840 quae
1086 4784 1223 4825 mox
1253 4769 1311 4825 in
1344 4769 1644 4841 Opusculo
1683 4771 1755 4827 de
1784 4771 2082 4828 Libertate
2113 4789 2200 4828 se-

548 4862 832 4928 quuntur.
868 4857 1056 4926 Vulgo
1095 4859 1252 4914 enim
1282 4860 1358 4914 ita
1407 4865 1582 4915 sunt:
1641 4859 1992 4931 ἀγωνίζεσθαι
2048 4862 2200 4914 πάλιν

549 4945 704 4999 αὐτὸν
758 4946 999 4999 εἰσελθεῖν
1049 4944 1144 5000 διὰ
1189 4955 1281 5010 τῆς
1331 4956 1513 5011 στενῆς
1558 4951 1735 5022 θύρας,
1789 4965 1943 5022 quae
1994 4957 2047 5006 et
2077 4952 2203 5008 lall-

549 5051 694 5091 num
728 5038 1106 5107 interpretem
1146 5036 1527 5108 deceperunt.
1564 5041 1731 5095 Certo
1763 5045 1961 5095 autem
2006 5040 2201 5111 legen-

551 5123 698 5180 dum
729 5130 815 5180 est
856 5142 868 5179 ξ
915 5129 1004 5176 καὶ
1048 5125 1197 5177 πάλιν
1254 5125 1590 5199 [γέγραπται]
1621 5144 1636 5161 ο
1685 5127 2036 5199 ἀγωνίζεσθαι
2066 5135 2198 5197 cet.,

555 5216 617 5269 ut
648 5212 764 5270 fere
791 5217 982 5269 exstat
1010 5214 1067 5268 in
1100 5215 1172 5270 de
1198 5215 1483 5272 Custodia
1514 5233 1573 5289 p.
1607 5217 1694 5272 24.

625 5301 844 5358 Omitto
861 5301 1133 5372 judicare
1157 5302 1232 5360 de
1263 5304 1355 5371 iis,
1384 5320 1541 5376 quae
1570 5306 1628 5362 in
1660 5307 1912 5364 Homilia
1933 5312 1989 5364 et
2018 5309 2206 5380 Opus-

555 5388 690 5446 culo
729 5389 748 5443 ι
786 5388 1092 5461 interjecta
1137 5396 1293 5457 sunt,
1345 5397 1400 5449 et
1442 5408 1624 5465 pergo
1669 5395 1745 5451 ad
1801 5411 1859 5466 p.
1909 5399 1975 5451 26
2020 5396 2202 5466 hujus

2292 3185 2445 3226 esse.
2471 3169 2732 3238 Subjecit
2758 3169 2962 3224 Pritius
2989 3171 3234 3226 editioni
3260 3186 3403 3226 suae
3429 3172 3924 3244 Apophthegmata

2293 3257 2594 3329 quaedam
2627 3258 2879 3325 Macarii,
2911 3275 3166 3330 quorum
3202 3260 3467 3331 primum
3507 3267 3702 3317 exstat
3727 3277 3781 3332 p.
3818 3262 3925 3321 23K,

2294 3346 2459 3418 quod
2500 3347 2546 3400 si
2577 3347 2713 3416 quis
2757 3347 2913 3416 legit,
2957 3354 3014 3402 et
3045 3347 3198 3417 leget
3243 3355 3453 3420 postea
3491 3365 3590 3418 ea,
3635 3349 3705 3404 de
3731 3347 3925 3420 quibus

2297 3435 2669 3506 scripsimus,
2698 3435 2960 3491 offendet
2987 3437 3198 3493 eadem
3229 3453 3290 3492 re
3333 3439 3462 3509 ipsa
3493 3440 3734 3495 diversa
3760 3434 3928 3491 verbis

2299 3540 2432 3580 esse
2445 3529 2499 3578 et
2523 3525 2847 3579 sententiis.
2869 3525 2930 3579 ln
2956 3526 3092 3595 ipsa
3115 3533 3310 3582 tamen
3329 3526 3426 3582 illa
3444 3529 3738 3600 scriptura
3752 3523 3926 3580 malim

2303 3629 2404 3685 pro
2435 3618 2545 3664 καὶ
2597 3617 2666 3684 μὴ
2692 3621 2914 3685 μετρεῖν,
2957 3622 3069 3666 τοῦ
3109 3619 3179 3686 μὴ
3231 3622 3368 3680 cet.,
3418 3616 3689 3672 similiter
3725 3629 3822 3688 pro
3856 3615 3930 3662 καὶ

2301 3707 2367 3755 τὸ
2418 3707 2488 3773 μὴ
2540 3709 2733 3776 κρῖναι,
2789 3708 3016 3754 καὶτοῦ
3057 3709 3126 3775 μὴ
3189 3710 3324 3769 cet.,
3379 3711 3430 3760 et
3484 3712 3718 3758 καὶτοῦ
3775 3704 3929 3770 ύποφέ·

2303 3813 2406 3866 ρειν
2432 3799 2486 3847 et
2517 3796 2604 3844 καὶ
2635 3800 2744 3844 τοῦ
2789 3790 3137 3866 ἀπορρίπτειν,
3198 3799 3250 3848 et
3309 3792 3550 3865 βεαστῶν
3605 3797 3748 3847 ἑστι
3793 3790 3934 3864 βασι-

2303 3882 2414 3936 λεία
2439 3898 2547 3954 pro
2572 3880 2693 3934 ἐπί.
2734 3882 2903 3946 Quod
2948 3897 3090 3949 ergo
3129 3882 3348 3938 diversi
3385 3883 3640 3939 diversis
3678 3883 3810 3938 locis
3839 3879 3935 3933 ista

2305 3974 2542 4042 egregia
2583 3971 2842 4025 hominis
2873 3970 3033 4026 dicta
3076 3970 3457 4040 collegerunt,
3487 3978 3552 4028 at
3583 3971 3695 4028 alio
3733 3969 3821 4026 alii
3859 3980 3933 4022 or-

2307 4062 2446 4116 dine
2470 4061 2861 4129 digesserunt,
2896 4059 3033 4114 inde
3065 4060 3245 4125 venit,
3279 4059 3444 4127 quod
3486 4061 3638 4117 haec
3669 4054 3935 4132 Opuscula

2308 4154 2448 4204 nata
2479 4153 2636 4213 sunt,
2672 4153 2725 4203 et
2760 4148 2948 4203 multa
2979 4153 3080 4204 aut
3119 4149 3405 4222 pleraque
3445 4151 3654 4207 omnia
3684 4149 3770 4204 bis
3794 4149 3842 4201 et
3867 4150 3934 4198 ter

2308 4241 2646 4292 occurrunt.

3051 4328 3075 4390 ε
3117 4326 3203 4379 ΙΧ.

2383 4413 2493 4470 Sed
2530 4412 2670 4468 mihi
2694 4414 2941 4468 omnino
2975 4413 3321 4478 videndum,
3347 4429 3420 4468 ne
3449 4415 3685 4471 desinat
3705 4413 3812 4468 hoc
3828 4423 3936 4464 esse

2311 4502 2638 4574 specimen.
2699 4501 2959 4558 Sufﬁciat
3007 4503 3345 4558 ostendisse
3398 4505 3605 4560 omnia
3662 4501 3828 4558 verba
3870 4499 3937 4552 ita

2309 4607 2437 4646 esse
2481 4593 2747 4662 repetita,
2787 4597 2846 4646 ut
2887 4592 2975 4646 vix
3003 4591 3280 4646 ditl‘erant
3319 4591 3429 4647 levi
3480 4592 3812 4648 traiectione
3852 4589 3939 4641 aut

2312 4681 2537 4752 aliquot
2569 4680 2766 4736 literis.
2812 4683 3076 4736 Ceterum
3112 4681 3412 4751 spondere
3454 4682 3674 4749 ausim,
3723 4693 3811 4734 me
3839 4673 3938 4731 alio

2313 4770 2456 4825 forte
2502 4775 2766 4840 tempore
2796 4779 3200 4834 ostensurum,
3235 4770 3332 4825 vix
3377 4771 3690 4825 minimam
3733 4773 3941 4839 partem

2313 4859 2492 4914 semel
2521 4859 2655 4922 dici,
2684 4858 2785 4912 sed
2811 4858 3012 4912 omnia
3038 4858 3153 4912 fere
3181 4858 3294 4923 bis,
3323 4857 3508 4913 multa
3526 4864 3612 4914 ter
3635 4866 3940 4914 occurrere.

2310 4947 2474 5021 [Pag.
2521 4947 2611 5019 20]
2655 4947 2861 5002 Paucis
2916 4947 3113 5002 adhuc
3163 4948 3477 5016 attingam,
3519 4962 3676 5019 quae
3727 4941 3944 5000 uberius

2312 5037 2454 5092 olim
2509 5037 2861 5107 exponenda
2911 5037 3046 5091 sint.
3083 5036 3365 5103 Primum,
3409 5035 3561 5092 male
3601 5035 3802 5090 omnia
3849 5031 3944 5084 ista

2312 5143 2444 5182 esse
2491 5125 2846 5196 composita,
2883 5130 2962 5190 ut,
3016 5141 3155 5180 cum
3189 5126 3264 5180 sit
3315 5124 3560 5197 aliquod
3600 5118 3943 5194 Opusculum

2314 5217 2385 5272 de
2411 5215 2708 5278 Oratione,
2740 5212 2925 5268 multa
2950 5213 3010 5268 in
3037 5229 3108 5269 eo
3141 5215 3276 5279 sint,
3304 5229 3461 5286 quae
3487 5213 3624 5277 alio,
3661 5217 3716 5268 et
3746 5212 3799 5266 in
3830 5205 3944 5263 aliis

2316 5305 2507 5377 plura,
2553 5317 2708 5376 quae
2740 5318 2810 5358 eo
2855 5303 3249 5374 pertinebant.
3294 5304 3512 5359 Deinde
3554 5301 3864 5374 praecipue
3892 5293 3942 5347 in

2315 5391 2580 5449 Homiliis
2623 5391 2810 5448 oratio
2860 5406 2980 5448 non
3012 5392 3338 5464 interrupta
3382 5391 3575 5449 solum
3614 5387 3943 5462 quaestiun-

2109 5547 2358 5604 NOTAE.

631 5668 712 5743 (a)
744 5667 926 5742 Corr.,
962 5669 1259 5729 Semlerus
1291 5670 1534 5732 ἑκούσης.
1565 5672 1716 5727 Emr.
