4078 6194
198 325 299 384 273
1233 326 1326 382 DE
1365 324 1692 383 SCRIPTIS
1734 325 1796 380 S.
1847 323 2150 382 MACARII
2195 323 2550 383 AEGYPTII.

195 453 364 519 culis,
389 453 499 508 sed
531 456 590 507 et
611 451 724 507 hae
756 450 926 523 ipsae
966 452 1110 507 satis
1134 451 1571 524 incompositae
1603 456 1764 516 snnt,
1794 455 1851 507 et
1884 452 1932 504 A

194 542 620 613 responsiones
653 539 818 595 haud
860 556 997 596 raro
1027 541 1289 612 ineptae,
1331 547 1395 597 ut
1418 547 1706 613 appareat
1731 555 1853 596 non

190 646 316 686 esse
369 629 821 700 responsiones,
849 635 905 685 et
957 645 1075 686 non
1110 646 1287 701 posse
1316 648 1350 686 a
1386 633 1576 701 primo
1612 635 1853 686 auctore

191 725 364 775 natas
383 735 540 774 esse.
560 717 708 774 Nolo
733 719 930 774 multis
955 719 1046 774 his
1075 719 1400 776 immorari.
1433 721 1631 791 Legat,
1654 720 1700 774 si
1719 718 1855 790 quis

188 807 364 872 volet,
387 823 550 880 quae
573 815 711 863 sunt
740 807 801 862 in
829 807 1081 863 Homilia
1107 821 1199 863 vni
1227 810 1284 864 in
1315 807 1434 864 ﬁne
1464 811 1564 880 54,
1593 813 1650 863 et
1673 807 1858 864 addat

189 898 564 968 Opusculum
593 895 667 953 de
696 895 1017 955 Charitate
1047 913 1178 968 cap.
1223 901 1281 952 l0
1312 903 1602 953 extremo.
1635 898 1858 966 Jungat

190 1001 370 1057 porro
401 987 568 1040 istius
598 984 888 1040 Homiliae
913 984 941 1057 §
965 990 994 1041 5
1019 993 1075 1040 et
1097 984 1250 1041 illius
1275 983 1562 1057 Opusculi
1595 1001 1727 1056 cap.
1771 988 1855 1050 l2,

193 1073 292 1130 ubi
333 1072 642 1142 integrum
684 1079 870 1144 caput
917 1075 1214 1142 inseritur,
1269 1074 1431 1147 quod
1481 1090 1552 1130 ex
1605 1072 1860 1128 Homilia

192 1163 380 1218 abest.
408 1163 559 1217 Tum
594 1177 734 1217 vero
763 1163 1033 1218 omnium
1067 1164 1330 1219 maxime
1365 1179 1428 1219 se
1467 1162 1629 1219 fraus
1664 1161 1860 1234 prodit

189 1250 481 1307 Homiliae
501 1250 777 1320 ejusdem
801 1254 830 1319 §
861 1255 892 1307 6
915 1267 1018 1324 per
1040 1253 1344 1322 egregiam
1373 1253 1851 1322 responsionem.

184 1341 538 1406 Quaesitum
557 1345 702 1404 erat,
735 1341 794 1395 in
818 1341 1038 1412 quibus
1065 1341 1353 1410 gradibus
1387 1341 1764 1413 perfectionis
1795 1348 1854 1398 tu

189 1444 252 1483 es
277 1430 308 1485 Ἰ
337 1434 397 1483 et
429 1427 837 1498 respondetur
868 1445 881 1482 :
911 1432 1041 1500 μετὰ
1060 1433 1117 1481 τὸ
1152 1437 1367 1502 σημεῖον
1397 1438 1489 1482 τοῦ
1517 1438 1746 1502 σταυροῦ
1767 1438 1854 1482 νῦν

187 1518 215 1573 ἠ
249 1519 418 1590 χάρις
469 1515 633 1575 οὕτως
680 1514 892 1590 inp-yet,
932 1522 1021 1569 καὶ
1065 1517 1311 1590 εἰρηνεύει
1353 1517 1444 1570 ὅλα
1482 1520 1548 1570 τὰ
1596 1517 1721 1589 μέλη
1767 1523 1856 1570 καὶ

185 1611 280 1663 τὴν
319 1601 575 1676 καρδίαν,
633 1607 767 1658 ὥστε
815 1609 909 1664 τὴν
969 1606 1155 1678 ψυχὴν
1206 1605 1261 1658 ἐκ
1313 1615 1404 1668 τῆς
1448 1590 1641 1669 τέολλῆς
1680 1613 1856 1681 χαρᾶς

185 1698 254 1757 ὡς
291 1690 515 1746 παιδίον
565 1694 760 1746 ἄκακον
813 1697 1107 1766 φαίνεσθαι,
1150 1701 1235 1748 καὶ
1287 1695 1381 1748 οὐκ
1429 1699 1502 1748 ἑτι
1560 1702 1857 1771 κατακρίνιι

3499 316 3610 380 ΤΗ

2727 454 2861 516 5X.

2034 538 2246 594 Ultimo
2267 537 2397 594 loco
2415 538 2574 595 addo
2602 539 2740 595 illud
2761 539 2979 605 adhuc,
3002 553 3108 609 pro
3137 552 3271 592 mea
3297 534 3611 603 sententia,

1964 628 2188 682 nescire
2203 644 2318 691 me,
2333 629 2477 699 quid
2497 628 2606 683 sibi
2635 629 2769 682 velit
2793 627 2937 683 illud
2958 626 3124 698 quod
3153 641 3332 696 saepe
3353 622 3613 679 occurrit

1965 721 2177 788 φησιν.
2209 716 2345 772 Tale
2389 733 2497 788 ego
2547 731 2782 787 semper
2814 716 2992 771 credo
3024 731 3153 770 esse
3181 712 3479 770 narrantis
3511 710 3614 768 ali-

1965 806 2106 877 quid
2140 805 2214 860 de
2241 805 2445 870 altero,
2479 821 2602 861 non
2633 821 2770 860 vero
2806 805 3121 861 scribentis
3151 820 3280 858 sua.
3316 805 3385 858 At
3423 804 3616 856 exstat
3663 815 3666 820 ·

1967 911 2102 966 cap.
2149 899 2229 961 to,
2276 911 2412 967 cap.
2451 899 2502 961 9,
2545 910 2678 966 cap.
2724 897 2755 949 8
2786 895 2856 950 de
2897 893 3222 950 Charitate.
3255 894 3340 948 Ita
3366 905 3614 964 quoque

1967 1001 2100 1056 cap.
2125 989 2156 1041 9
2178 987 2257 1041 ita
2275 984 2587 1040 scribitur:
2617 985 2710 1038 Ad
2731 984 3216 1053 interrogantem,
3237 997 3314 1037 an
3333 979 3499 1053 [Pag.
3521 977 3611 1048 2t]

1967 1076 2148 1143 possit
2176 1075 2348 1130 homo
2373 1075 2434 1128 in
2464 1088 2529 1129 eo
2563 1087 2785 1140 semper
2805 1076 2967 1127 statu
2995 1071 3237 1135 durare,
3263 1069 3347 1124 sic
3375 1083 3614 1136 respono

1965 1163 2218 1219 dendum
2241 1169 2323 1218 est
2354 1168 2462 1217 cet.
2490 1167 2550 1216 ln
2580 1160 2830 1217 Homilia
2865 1175 3003 1215 vero
3028 1164 3239 1214 octava
3258 1158 3286 1229 §
3304 1162 3334 1212 2
3359 1156 3614 1212 habetur

1968 1259 2023 1308 et
2051 1253 2324 1324 quaestio
2360 1256 2416 1305 et
2445 1251 2777 1322 responsio,
2823 1247 3063 1304 omissis
3093 1248 3222 1303 istis
3251 1247 3339 1302 ita
3375 1259 3615 1312 respon-

1966 1341 2226 1397 dendum
2253 1345 2353 1395 est.
2383 1340 2573 1395 Facile
2603 1343 2855 1410 apparet
2879 1337 3108 1393 dictum
3141 1334 3383 1407 aliquod
3417 1339 3473 1388 et
3500 1346 3642 1386 mer

1968 1436 2267 1484 moratum
2301 1435 2510 1500 postea
2549 1443 2903 1498 responsum
2945 1424 3176 1482 Macarii
3209 1423 3289 1478 ad
3321 1423 3432 1478 tale
3470 1419 3619 1493 quid

1966 1524 2277 1588 rogantem
2299 1519 2353 1571 in
2369 1517 2524 1572 hanc
2538 1516 2805 1585 regulam
2827 1530 3182 1570 conversum
3201 1527 3352 1569 esse.
3374 1515 3613 1567 Possem

1969 1606 2161 1678 plura.
2189 1606 2302 1662 Sed
2323 1606 2396 1660 de
2419 1606 2510 1660 his
2531 1612 2586 1660 et
2612 1604 2764 1668 aliis,
2788 1603 2943 1657 unde
2966 1607 3021 1657 et
3037 1601 3284 1672 quando
3302 1601 3410 1654 ista
3434 1613 3619 1671 opera

1968 1695 2201 1752 Macarii
2253 1695 2666 1750 consarcinata
2698 1693 3030 1754 videantur,
3067 1691 3112 1744 si
3151 1692 3302 1744 Deus
3349 1687 3616 1752 voluerit,

183 1786 517 1857 ὁάνθρωπος
551 1782 775 1840 Ἕλληνα
879 1780 1160 1841 Ἰουδαῖον.
1203 1786 1366 1851 Quae
1384 1801 1569 1857 quam
1595 1785 1858 1842 absurde

1978 1791 2026 1839 et
2051 1784 2198 1840 haec
2223 1800 2342 1838 non
2367 1783 2816 1856 displicuerunt,
2842 1779 3171 1852 aliquando
3187 1777 3426 1833 uberius
3439 1791 3621 1847 expo-

185 1871 576 1936 cohaereant,
609 1871 808 1927 dicere
839 1887 960 1928 non
990 1872 1217 1929 attinet.
1266 1875 1556 1946 Jungatur
1594 1875 1858 1946 Opuscu-

1969 1889 2202 1929 nemus.

187 1961 316 2016 lum
337 1960 414 2016 de
440 1959 757 2018 Charitate
780 1976 916 2034 cap.
955 1965 1036 2017 12.

1182 2309 2022 2405 DISSEBTATIO
2110 2309 2626 2402 ALTERA.

192 2519 1175 2598 Specinienanirnadvernonarnin
1187 2523 1414 2598 aliquot
1429 2524 1726 2598 quscula
1739 2526 1968 2580 Graeca
1988 2523 2264 2598 Magorii,
2274 2523 2339 2598 in
2357 2522 2611 2598 natalem
2638 2520 2790 2598 diem
2809 2519 2921 2598 ριν-ξ
2939 2531 3160 2598 suntme
3176 2511 3503 2598 revertendi.
3522 2525 3624 2598 ea?-

264 2592 700 2664 cellentissimi,
715 2593 1036 2649 doctissimi
1046 2585 1627 2664 Sigismzindilacobi
1645 2597 2070 2661 Baumqarten,
2085 2595 2184 2650 SS.
2211 2585 2405 2650 Theol.
2434 2596 2597 2649 Doct.
2614 2599 2667 2649 et
2695 2591 2857 2660 Pref.
2881 2587 3305 2664 Pubt.__0r_din;,
3320 2585 3618 2664 Sergiuqr-

266 2663 474 2738 ΤΙιιιοιζ
491 2654 837 2738 Docet—eris.
852 2654 1168 2738 patronict
1177 2668 1574 2738 praeceptoris
1596 2654 2020 2736 ofﬁciosissime
2042 2654 2296 2726 colendi.
2314 2667 2455 2721 bene
2476 2654 2911 2738 ominabandas
2932 2660 3113 2738 edidit
3127 2659 3217 2714 Io.
3247 2657 3372 2713 Sal.
3401 2654 3617 2711 Semle-

266 2751 396 2800 rus,
428 2735 709 2806 Sal/elda
750 2732 1040 2808 Thuring.
1078 2732 1267 2794 Halae
1299 2732 1536 2796 Salicae
1567 2732 1778 2795 Literis
1803 2739 2048 2794 Joannis
2087 2737 2420 2794 Christiani
2449 2737 2747 2793 Hendetii.
2785 2737 2938 2790 1746.
2971 2732 3054 2803 (a)

1875 2906 1940 2925 α

265 3009 436 3085 [Pag.
465 3009 516 3081 3]
575 3010 676 3065 Vir
701 3025 924 3069 summe
952 3015 1289 3079 reverende,
1321 3013 1818 3078 excellentissime,
1849 3014 2201 3083 doctissime,
2231 3015 2458 3070 Fautor
2486 3020 2540 3070 et
2571 3019 2825 3081 patrone
2855 3005 3406 3067 benevolentissime.

261 3103 324 3155 In
358 3100 671 3156 communi
691 3100 1047 3158 Academiae
1070 3103 1248 3158 huius
1280 3103 1519 3169 laetitia,
1548 3120 1670 3176 qua
1701 3104 1947 3174 insignis
1970 3104 2066 3159 hic
2087 3104 2212 3158 dies
2234 3118 2446 3159 omnes
2473 3104 2774 3158 Musarum
2809 3096 3110 3172 perfundit
3134 3095 3394 3156 ordines,
3419 3095 3623 3162 patere

195 3196 250 3245 et
281 3203 379 3244 ine
405 3187 660 3244 solemni
691 3189 827 3245 huic
854 3189 968 3246 luci
999 3192 1286 3261 gaudium
1327 3199 1381 3248 et
1414 3200 1548 3249 vota
1579 3209 1683 3265 per
1711 3209 2015 3248 summam
2070 3193 2348 3264 pietatem
2397 3191 2734 3248 decernere.
2779 3189 2863 3244 Ad
2899 3204 2992 3243 me
3023 3185 3182 3241 enim
3213 3183 3328 3238 hoc
3356 3178 3625 3236 ofﬁcium

197 3293 384 3332 unum
417 3278 695 3334 omnium
719 3279 978 3336 maxime
1011 3279 1244 3336 videtur
1259 3281 1570 3354 pertinere,
1599 3281 1658 3337 in
1683 3298 1865 3354 quem
1890 3287 1972 3338 tot
2002 3298 2149 3336 sane
2169 3287 2227 3337 et
2253 3285 2414 3338 tanta
2453 3285 2687 3336 exstant
2719 3281 2842 3334 Tua
2868 3275 3157 3332 beneficia
3182 3269 3500 3328 eteximiae
3521 3266 3628 3322 be-

195 3367 574 3422 nevolentiae
599 3366 985 3434 documenta,
1017 3375 1096 3435 ut,
1121 3385 1302 3442 quem
1333 3371 1732 3441 Praeceptoris
1749 3373 1936 3427 Tuum
1966 3386 2187 3426 numen
2225 3369 2720 3426 venerabundum
2739 3366 3032 3434 effecerat,
3060 3364 3184 3434 jam
3211 3361 3367 3432 [Pag.
3400 3357 3455 3431 4]
3479 3359 3631 3413 Fau-

195 3456 337 3514 toris
367 3455 769 3513 beneﬁcentia
789 3462 910 3513 tam
937 3458 1260 3515 reddiderit
1280 3475 1479 3524 suum,
1505 3465 1566 3513 ut
1591 3459 1900 3530 diligenter
1919 3475 2132 3531 negem
2156 3460 2299 3516 mihi
2317 3474 2686 3532 quemquam
2709 3457 2769 3512 in
2797 3455 3010 3513 officiis
3033 3468 3173 3523 erga
3192 3453 3268 3506 Te
3295 3463 3428 3504 esse
3449 3460 3625 3518 snpe-

193 3544 444 3600 riorem.
477 3547 677 3618 Neque
705 3562 861 3615 vero,
886 3548 1018 3604 licet
1039 3550 1365 3621 praecipua
1397 3549 1526 3619 ejus
1560 3565 1696 3621 pars
1725 3566 1860 3604 mea
1893 3549 1985 3618 sit,
2019 3565 2152 3605 mea
2179 3549 2356 3605 unius
2387 3556 2475 3605 est
2507 3549 2656 3604 haec
2687 3547 2914 3619 pietas;
2942 3559 3152 3600 omnes
3182 3540 3346 3605 boni,
3384 3536 3630 3608 utJiunc

195 3634 356 3690 diem
385 3635 578 3690 Tuum
603 3634 890 3704 gaudent,
927 3637 1004 3692 ita
1026 3636 1254 3693 felicem
1281 3637 1408 3708 ejus
1439 3637 1696 3693 reditum
1730 3638 1879 3694 votis
1909 3639 2336 3710 ominibusque
2353 3638 2595 3709 optimis
2622 3641 2958 3708 precantur.
2990 3631 3216 3699 Quibus
3244 3627 3486 3700 quidem
3521 3624 3629 3680 rite

189 3723 490 3794 susceptis
514 3723 660 3778 votis
693 3731 815 3780 tam
845 3726 1204 3782 conﬁdimus
1258 3729 1443 3782 Deum
1477 3743 1934 3797 responsurum,
1967 3743 2154 3799 quam
2182 3732 2341 3782 certo
2371 3727 2616 3790 scimus,
2671 3725 2765 3779 Dei
2799 3725 2873 3778 Te
2927 3719 3207 3788 singulari
3242 3713 3535 3772 beneficio
3566 3713 3627 3767 in

193 3812 573 3868 uberrimum
607 3813 931 3870 multorum
964 3815 1437 3871 emolumentum
1467 3816 1624 3872 hanc
1651 3815 1845 3872 lucem
1879 3815 2250 3886 adspexisse.
2286 3816 2555 3870 Ceterum
2581 3814 2936 3869 clementem
2966 3811 3062 3873 Te,
3089 3809 3177 3861 vir
3208 3818 3442 3859 summe
3469 3816 3631 3856 reve-

195 3900 406 3965 rende,
436 3899 578 3956 huic
605 3901 716 3957 levi
746 3902 968 3974 scripto
999 3907 1141 3975 Opto
1172 3904 1574 3976 interpretem,
1606 3905 1770 3978 quod
1799 3911 1854 3961 et
1886 3904 2310 3960 brevissimum
2337 3907 2450 3968 est,
2482 3903 2626 3974 quia
2653 3901 2773 3956 scio
2795 3900 2981 3956 otium
3015 3896 3197 3952 ferme
3217 3893 3350 3948 Tuis
3371 3889 3629 3978 negotiis

189 3988 431 4053 deesse,
459 3989 682 4046 nedum
710 3989 802 4047 his
835 3991 1190 4048 iuvenilibus
1221 3993 1420 4055 rebus.
1446 4002 1499 4049 et
1521 3976 1912 4058 levissimum,
1945 3992 2112 4066 quod
2140 3992 2324 4062 hujus
2355 3991 2470 4046 diei
2494 3989 2713 4046 laetitia
2750 3986 3102 4042 severiorem
3132 3981 3476 4053 gravitatem
3508 3976 3631 4049 pati

195 4094 312 4134 non
353 4077 691 4134 videbatur.
719 4081 801 4136 Tu
834 4095 994 4144 vero,
1030 4083 1116 4136 vir
1146 4098 1380 4138 summe
1411 4082 1755 4149 reverende,
1790 4098 1964 4139 serva
1999 4082 2081 4136 sis
2111 4080 2255 4138 mihi
2290 4081 2552 4137 favorem
2583 4083 2638 4134 et
2662 4074 3153 4134 benevolentiam.
3186 4070 3346 4127 Vale.

271 4168 409 4223 Dies
444 4169 583 4224 Xllll
617 4168 799 4225 Martii
831 4168 1092 4226 feliciter.
1125 4172 1492 4228 MDCCXLVI.

287 4427 459 4499 [Pag.
495 4425 551 4500 5]
581 4427 724 4484 Cum
761 4443 797 4484 a
827 4427 1085 4499 nemine,
1120 4429 1280 4501 quod
1310 4429 1522 4495 sciam,
1554 4430 1869 4501 peculiaris
1904 4431 1944 4488 C
2050 4429 2137 4486 Ad
2165 4431 2492 4488 Opuscuwu
2537 4442 2766 4491 paruum,
2798 4423 2964 4497 quod
3015 4427 3104 4479 est
3139 4425 3295 4493 Περὶ
3338 4416 3630 4490 φυλακῆς

207 4532 356 4572 cura
386 4517 447 4571 in
479 4517 714 4572 Macarii
747 4519 940 4589 Opera
972 4517 1170 4574 adhuc
1204 4525 1482 4591 suscepta
1509 4521 1600 4585 sit,
1633 4520 1727 4576 hic
1761 4536 1871 4576 au-
1979 4516 2280 4595 καρδίας,
2317 4519 2465 4574 haec
2494 4517 2612 4572 fere
2638 4520 2862 4572 annoto
2894 4533 2905 4572 :

210 4611 328 4662 tem
363 4604 531 4661 idem
556 4604 743 4661 fatum
777 4607 1122 4664 sustinuerit
1145 4624 1216 4662 ac
1255 4609 1352 4664 alii
1409 4610 1725 4682 scriptores
1777 4625 1870 4666 ve-

209 4699 388 4760 teres,
420 4695 499 4750 ad
530 4709 685 4766 quos
715 4699 770 4750 et
800 4694 1086 4752 lectorum
1114 4696 1408 4769 imperitia
1438 4704 1493 4753 et
1527 4704 1871 4770 temporum

210 4786 435 4853 injuria
464 4783 720 4840 multum
754 4783 1088 4850 valuerunt,
1123 4786 1477 4843 brevissime
1507 4792 1736 4844 tantum
1768 4805 1872 4860 per

207 4875 439 4948 aliquot
470 4873 778 4946 Opuscula
805 4875 1141 4931 Macariaua
1173 4876 1515 4940 ostendam,
1563 4893 1634 4932 ea
1663 4893 1869 4948 exspe-
1982 4876 2137 4932 enim
2163 4874 2524 4932 abstinentia
2553 4888 2589 4929 a
2642 4868 3060 4942 grandioribus
3088 4866 3242 4922 vitiis
3270 4871 3351 4920 est
3377 4860 3635 4934 paritas,

209 4969 376 5019 ctare
394 4962 598 5019 adhuc
621 4961 926 5019 meliorem
945 4963 1273 5034 scripturae
1293 4981 1522 5022 curam.
1547 4965 1672 5030 Ubi,
1689 4966 1872 5020 omis-
1981 4965 2086 5022 sed
2106 4967 2364 5034 perfecta
2395 4962 2790 5020 conscientiae
2813 4955 3184 5026 expurgatio.
3220 4955 3445 5010 Sensus
3472 4949 3642 5022 paul-

211 5052 295 5107 sis
321 5059 448 5107 tum
479 5049 927 5123 typographicis
961 5055 1085 5108 tum
1120 5054 1404 5110 versionis
1437 5054 1610 5119 vitiis,
1644 5054 1876 5126 potiora
1984 5054 2110 5110 lum
2160 5051 2608 5108 incommodus.
2655 5051 2714 5104 ln
2759 5045 3059 5118 Opusculo
3111 5043 3270 5100 enim
3327 5041 3439 5106 Vm,
3487 5043 3642 5113 Περὶ

213 5139 519 5212 quaedam
561 5140 890 5211 scripturae
931 5139 1151 5196 menda
1208 5141 1513 5199 sublatum
1567 5143 1685 5209 ibo,
1719 5158 1876 5215 quae
1986 5141 2232 5214 ὑψώσιως
2265 5139 2431 5214 [Pag.
2481 5140 2535 5210 6]
2584 5145 2674 5190 τοῦ
2713 5142 2841 5200 νοός,
2877 5151 3009 5208 cap.
3043 5139 3110 5190 20
3161 5139 3424 5188 extremo
3471 5129 3640 5183 aliter

222 5227 374 5285 inter
407 5227 736 5298 legendum
761 5231 1063 5286 annotavi.
1121 5231 1270 5286 Usus
1303 5247 1435 5287 sum
1463 5231 1719 5288 editione
1751 5231 1858 5288 Pri-

1985 5231 2297 5289 habetur:
2353 5233 2440 5281 καὶ
2505 5230 2607 5301 γὰρ
2671 5225 2778 5298 οὐχ
2830 5227 2859 5284 ἠ
2937 5232 3036 5277 τῶν
3103 5224 3414 5295 φαινομένων
3468 5224 3640 5269 κακῶν

228 5318 306 5373 tii.
352 5319 488 5374 tam

2052 4698 2183 4754 CAP.
2219 4697 2239 4752 Ι
2276 4713 2287 4750 :
2321 4699 2379 4748 οὒ
2409 4697 2510 4766 γὰρ
2539 4695 2569 4752 ἠ
2622 4692 2800 4765 ἀποχὴ
2835 4699 2935 4744 τῶν
2983 4697 3154 4741 κακῶν
3188 4687 3327 4740 ἐστιν
3360 4689 3390 4744 ἠ
3433 4686 3634 4758 κάθαρ-

1984 4808 2086 4851 σις,
2143 4786 2249 4838 ἀλλ’
2291 4787 2320 4844 ἡ
2376 4787 2511 4837 κατὰ
2550 4779 2852 4840 συνείδησιν
2907 4778 3071 4832 τελεία
3118 4778 3397 4848 κάθαρσις,
3453 4788 3640 4843 neque

1810 5492 2059 5557 NOTAE.

298 5674 375 5748 (α)
401 5675 656 5734 Constat
683 5673 927 5748 paginis
960 5677 1030 5733 20
1056 5675 1232 5736 in-iO.
1262 5677 1413 5734 Eutr.
