4078 6194
476 306 579 364 2·Ιῦ

1814 300 1915 356 J0.
1959 302 2115 358 SAL.
2160 302 2539 363 SEMLEBUS

3765 307 3866 362 276

464 431 641 505 ἀποχὴ
693 430 955 490 τελείωσίς
997 428 1156 493 ἐστιν,
1210 426 1317 480 ἀλλ’
1374 430 1403 485 ἠ
1450 429 1581 479 κατὰ
1628 424 1864 479 διάνοιαν
1917 430 2111 503 κάθαρ-

2237 430 2382 486 anim
2412 432 2708 503 dependet
2737 430 3125 488 constructio.
3157 431 3359 486 Latina
3387 430 3581 486 versio
3610 430 3870 490 similiter

466 542 567 585 σις,
602 522 733 579 αὕτη
782 518 965 571 τελεία.
1000 520 1062 573 Et
1109 519 1165 572 in
1207 516 1456 573 Homilia
1483 532 1597 572 xvti
1631 517 1657 587 §
1700 518 1764 571 15
1799 533 1809 570 :
1859 521 1917 569 ού
1946 520 2045 589 ’γὰρ
2077 520 2106 575 ἡ

466 611 646 683 ἀποχή
703 618 800 662 τῶν
838 616 1026 673 κακῶν¹
1085 608 1215 664 αύτη
1263 606 1402 659 ἐστὶν
1450 608 1479 664 ἠ
1524 605 1801 671 τελείωσις,
1837 605 1942 657 ἀλλ’
1975 612 2109 673 cet.,

465 702 565 756 ubi
599 699 846 771 paulum
872 698 1077 753 variat.
1115 697 1387 752 Planiora
1418 698 1495 751 ita
1522 703 1717 751 essent
1742 698 1800 751 in
1833 697 2048 767 Opusc.
2069 700 2110 760 l,

467 791 513 845 si
559 804 669 861 pro
724 789 918 859 primo
975 789 1230 858 κάθαρσις
1262 792 1414 840 esset
1461 784 1737 850 τελείωσις,
1793 792 1854 839 ut
1899 786 1953 839 in
1987 784 2113 840 aliis

464 878 634 944 locis,
669 877 803 933 licet
845 876 901 930 in
943 876 1175 945 scriptis
1211 875 1567 930 Graecorum
1616 875 1887 930 asceticis
1918 874 2114 927 τελείω-

469 986 553 1029 σις
606 972 661 1021 et
712 966 967 1036 κάθαρσις
1021 962 1178 1018 idem
1227 962 1347 1018 fere
1392 963 1490 1020 sit.
1542 963 1757 1019 Ultima
1810 963 1989 1019 verba
2020 979 2115 1018 ca-

464 1057 600 1129 pitis
630 1054 810 1125 hujus
838 1053 924 1108 Imi
960 1052 1107 1107 haec
1146 1052 1324 1121 vulgo
1376 1060 1560 1107 sunt:
1614 1052 1656 1104 εἰ
1697 1049 1755 1105 δι
1795 1056 1889 1124 μὴ,
1936 1071 2116 1105 ταπει-

464 1148 637 1207 νωθεὶς
702 1147 769 1203 ὡς
822 1138 999 1203 ἐνδεὴς
1048 1145 1137 1193 καὶ
1191 1141 1488 1216 ἁμαρτωλός
1534 1143 1661 1216 ὑπὲρ
1738 1151 1837 1194 τῶν
1887 1147 2115 1216 κρυφίων

470 1254 564 1287 σου
598 1230 832 1305 δεόμενος
860 1238 951 1284 τοῦ
991 1236 1138 1286 Θεοῦ.
1180 1231 1285 1287 Ubi
1327 1231 1498 1286 deest
1543 1232 1793 1287 verbum
1834 1232 1911 1287 ad
1950 1233 2114 1303 quod

466 1324 580 1380 ista
612 1323 923 1394 participia
952 1322 1266 1392 pertinent.
1298 1321 1465 1386 Quod
1495 1319 1900 1391 supplendum
1928 1326 2014 1377 est
2044 1338 2114 1378 ex

468 1414 688 1483 Opusc.
722 1412 768 1463 V
800 1427 932 1481 cap.
965 1412 1028 1465 21
1064 1427 1074 1464 :
1106 1410 1429 1483 πρόσελθε
1459 1411 1584 1484 ὑπὲρ
1616 1418 1715 1461 τῶν
1742 1414 1967 1485 κρυφίων
2000 1416 2111 1466 cet.

538 1520 618 1573 Ad
654 1535 771 1574 CAP.
817 1520 860 1573 II
891 1518 963 1572 de
1003 1517 1199 1573 verbis
1242 1516 1466 1572 ultimis
1503 1533 1818 1573 monemus
1853 1534 1865 1573 :
1912 1514 1997 1570 διὸ
2026 1524 2113 1571 καὶ

468 1609 623 1661 ύπνον
677 1608 885 1679 λέγομεν
935 1612 1027 1665 τήν
1090 1612 1337 1677 κοίμησιν
1392 1615 1489 1658 τῶν
1548 1607 1731 1678 ἁγίων.
1786 1606 1983 1662 Melius
2042 1624 2111 1663 ex

466 1696 718 1752 Homilia
763 1698 873 1751 ista
920 1695 1052 1767 xv§
1099 1700 1164 1751 39
1212 1696 1325 1765 legi
1378 1713 1390 1751 :
1446 1697 1600 1748 ὕπνον
1648 1692 1735 1748 οὖν
1778 1697 1986 1769 λέγομεν
2025 1702 2115 1749 καὶ

467 1791 715 1857 κοίμησιν
778 1793 875 1836 τῶν
940 1785 1100 1851 ἁγίων
1157 1789 1243 1836 τόν
1321 1787 1558 1837 θάνατον.
1618 1786 1768 1841 Nam
1827 1786 1985 1847 ὕπνος
2060 1792 2115 1841 et

2237 1797 2463 1850 :inente.
2527 1798 2672 1865 Lege

465 1880 714 1949 κοίμησις
743 1874 901 1930 idem
925 1876 1239 1943 signiﬁcat.

540 1982 783 2038 Omissis
816 1982 1044 2053 aliquot
1065 1982 1359 2053 capitibus
1382 1982 1709 2057 leviterque
1748 1985 2116 2040 variantibus

469 2072 773 2141 scripturis
806 2071 880 2125 ad
915 2087 1036 2126 car.
1071 2070 1138 2124 VI
1168 2072 1459 2126 venimus.
1492 2072 1573 2128 Ibi
1606 2074 1683 2127 ita
1711 2079 1899 2128 exstat
1932 2090 1945 2126 :
1982 2074 2115 2126 οὕτω

466 2164 557 2212 καὶ
613 2162 639 2211 ό
698 2160 1074 2233 προϐλεπτικὸς
1139 2168 1251 2221 νοῦς
1325 2160 1597 2231 προϐλέπει
1664 2166 1834 2233 ταχύς
1899 2162 1965 2214 ὧν
2024 2172 2117 2224 τῆς

470 2248 823 2321 ἀντικειμένης
863 2245 1133 2320 δυνάμεως
1177 2252 1267 2311 τὰς
1317 2254 1505 2321 τέχνας
1555 2256 1667 2306 oet.
1713 2252 1966 2307 Homilia
2014 2269 2117 2307 au-

469 2344 588 2394 tem
634 2354 711 2393 Vl!
763 2339 789 2410 ς
839 2342 869 2392 8
930 2360 942 2393 :
983 2338 1116 2390 οὕτω
1166 2344 1255 2390 καὶ
1298 2340 1323 2389 ό
1380 2348 1496 2401 νοῦς
1542 2340 1817 2413 προϐλέπει
1866 2347 2119 2416 γοργόρος

469 2431 535 2477 ὧν
580 2434 685 2482 cet.
742 2427 1082 2495 Legendum
1123 2432 1333 2498 γοργὸς,
1382 2444 1498 2482 non
1549 2435 1797 2501 γοργόρος
1841 2448 1852 2485 :
1896 2436 1950 2486 et
2004 2432 2120 2487 ista

468 2531 577 2570 vox
598 2531 776 2585 saepe
798 2516 1052 2571 occurrit
1083 2517 1138 2569 in
1164 2516 1412 2571 Homilia
1444 2533 1541 2572 nu.
1579 2518 1902 2589 Hesychius
1939 2538 2118 2595 τγορ-

467 2609 599 2676 γός,
680 2604 968 2669 εὐκίνητος,
1048 2609 1240 2677 ταχύς,
1317 2606 1561 2677 σκληρός,
1626 2607 1862 2683 λιπαρός,
1943 2610 2119 2683 εὐτρα-

472 2697 590 2765 φής.
625 2693 785 2749 Adeo
816 2698 984 2765 ταχύς
1028 2695 1083 2749 in
1138 2697 1353 2766 Opusc.
1390 2698 1408 2749 l
1445 2712 1575 2767 cap.
1610 2696 1642 2751 6
1673 2704 1760 2752 est
1798 2696 1998 2766 glossa
2028 2707 2119 2751 τοῦ

467 2786 722 2855 γοργὸς

541 2891 685 2959 Cap.
738 2890 833 2943 VII
877 2905 985 2959 pro
1032 2898 1122 2943 τοῦ
1169 2898 1257 2943 νοῦ
1307 2893 1452 2963 ἡμῶν
1495 2892 1950 2966 προσκαλουμένου
1990 2898 2120 2962 μετὰ

469 2983 561 3027 τοῦ
617 2981 811 3048 Κυρίου
857 2980 1067 3031 πάντοτε
1123 2979 1251 3048 lege
1316 2998 1329 3035 :
1386 2980 1844 3054 προσκολλωμένου
1898 2984 1968 3053 τῷ
2021 2990 2120 3036 Κυ-

471 3068 568 3138 ρίῳ
611 3070 719 3121 cet.
758 3082 771 3133 ;
827 3067 909 3122 ita
940 3072 1131 3123 exstat
1181 3068 1238 3122 in
1290 3070 1509 3140 Opusc.
1556 3071 1601 3124 ΙΙ
1645 3088 1776 3142 cap.
1811 3073 1877 3127 13
1913 3090 1924 3127 :
1961 3075 1985 3124 ό
2016 3075 2116 3147 γὰρ

469 3160 588 3216 νοῦς
646 3157 790 3227 ἡμῶν
844 3156 977 3208 οὕτω
1034 3153 1321 3219 διαπαντὸς
1375 3160 1445 3228 τῷ
1503 3168 1616 3229 Θεῷ
1669 3160 2118 3233 προσκολλῶμενος

470 3250 579 3298 cet.
611 3244 916 3300 Praeterea
948 3252 1301 3315 provocatur
1327 3246 1396 3301 ad
1427 3248 1444 3300 I
1477 3247 1606 3302 Cor.
1643 3266 1719 3315 vi,
1753 3254 1836 3313 t7,
1876 3250 1975 3305 ubi
2008 3250 2119 3305 hoc

472 3332 635 3402 [Pag.
665 3337 716 3404 7]
772 3333 1022 3387 verbum
1074 3334 1213 3388 item
1248 3342 1455 3389 exstat.
1501 3336 1748 3405 Vulgata
1790 3336 1961 3391 lectio
1994 3338 2119 3392 sine

470 3434 668 3481 sensu,
705 3419 961 3474 utdocet
994 3422 1180 3475 versio
1207 3422 1411 3475 latina.
1456 3423 1731 3493 Sequitur
1760 3424 1837 3478 ibi
1875 3428 2071 3481 statim
2104 3441 2115 3479 :

471 3513 652 3558 τοῦτον
695 3503 753 3558 δι
804 3512 892 3559 τόν
946 3513 1174 3578 κρυπτὸν
1254 3508 1429 3579 ἀγῶνα
1502 3516 1590 3562 καὶ
1650 3512 1862 3583 μελέτην
1928 3518 2118 3585 Κυρίου

471 3598 560 3646 καὶ
622 3599 775 3647 πόνον
841 3601 1023 3657 νυκτός
1081 3602 1168 3648 καὶ
1247 3601 1438 3672 ἡμέρας
1505 3602 1645 3671 ἔχειν
1704 3603 1841 3672 ἡμᾶς
1890 3607 2001 3676 χρὴ
2054 3602 2120 3663 εἰς

470 3689 647 3735 πᾶσαν
726 3682 1063 3743 ἐπιτήδευσιν
1134 3684 1359 3750 ἐντολῆς,
1432 3691 1532 3741 εἰτε
1620 3689 1934 3761 εὐχομένων,
2023 3696 2121 3744 εἴτε

470 3772 769 3839 ἐσθιόντων,
826 3777 853 3835 ἡ
913 3772 1305 3841 διακονούντων,
1363 3778 1391 3836 ἡ
1444 3783 1710 3844 πινόντων,
1771 3781 1799 3839 ἦ
1857 3780 2025 3855 ἕτερόν
2071 3802 2121 3833 τι

473 3866 777 3919 ποιούντων.
815 3864 921 3921 Ubi
960 3867 1319 3921 constructio
1352 3881 1561 3933 graeca
1607 3868 1903 3925 claudicat
1935 3888 1965 3925 a
1994 3887 2117 3926 ver-

475 3951 554 4008 bo
603 3958 712 4027 χρὴ
763 3955 1050 4025 pendens.
1102 3956 1441 4024 Legendum
1497 3973 1567 4011 ex
1626 3959 1836 4014 eodem
1891 3960 2113 4030 Opusc.

474 4042 517 4095 II
568 4042 789 4112 ubique
819 4060 961 4098 casu
1001 4050 1251 4115 quarto:
1301 4049 1401 4098 εἶτε
1441 4045 1771 4117 εὐχομένους,
1813 4052 1913 4100 εἶτε
1946 4046 2124 4102 διακο-

475 4138 706 4195 νοῦντας,
752 4133 781 4189 ἦ
816 4130 1104 4197 ἐσθίοντας,
1160 4133 1188 4191 ἢ
1240 4136 1563 4197 πίνοντας,ἠ
1616 4136 1783 4208 ἕτερόν
1834 4156 1885 4187 τι
1921 4146 2122 4189 ποιούν-

476 4237 586 4282 τας,
639 4226 863 4273 mutato
896 4220 1071 4273 simul
1116 4223 1324 4275 ordine
1366 4224 1608 4277 secundi
1648 4231 1703 4277 et
1742 4224 1891 4277 tertii
1927 4226 2115 4279 verbi.

548 4326 686 4381 CAP.
736 4325 856 4379 VIII
887 4327 1143 4380 occurrit
1174 4328 1410 4397 phrasis
1446 4346 1458 4379 :
1486 4334 1535 4380 τί
1580 4325 1629 4380 δ’
1662 4329 1782 4381 ἄλλο
1815 4331 1907 4381 διὰ
1935 4334 2126 4383 τούτων

480 4412 765 4465 αἰνίττεται
845 4417 901 4465 τὸ
973 4422 1192 4486 πνεῦμα,
1257 4414 1364 4467 ἀλλ’
1418 4416 1447 4473 ἦ
1525 4416 1850 4492 ὑψηλοτέραν
1914 4421 2127 4493 θεωρίαν

2223 526 2399 585 errat,
2432 537 2589 593 quae
2621 521 2765 577 solet
2797 536 3234 592 nonnunquam
3263 520 3405 575 satis
3437 520 3595 575 mala
3621 535 3765 575 esse.

2296 637 2427 690 CAP.
2466 636 2527 692 IX
2578 640 2713 708 post
2762 636 3026 691 medium
3065 657 3079 693 :
3124 634 3279 687 καλὸν
3316 638 3455 688 ἐστιν
3489 636 3518 692 ἡ
3571 640 3803 702 νηστεία,
3835 637 3861 693 ἡ

2226 722 2505 795 ἀγρυπνία,
2585 729 2613 784 ἡ
2677 726 2892 789 ξενιτεία
2953 742 2965 755 ο
3016 724 3144 777 ἀλλὰ
3198 732 3367 777 ταῦτα
3426 723 3563 795 ἀκμὴ
3621 724 3867 786 πολιτείας

2223 816 2361 865 ἐστὶν
2416 816 2616 884 ἀγαθῆς
2651 832 2664 844 ·
2726 814 2857 873 πλὴν
2908 817 2934 873 ἡ
3002 814 3147 877 τάξις
3197 822 3296 866 τῶν
3341 821 3666 887 Χριστιανῶν
3709 813 3865 887 [Pag.

2223 901 2281 975 8]
2307 903 2532 975 ἐσωτέρα
2567 904 2679 956 ἐστὶ
2723 907 2917 957 τούτων
2949 907 3059 959 cet.
3099 903 3304 958 Latina
3334 903 3525 957 versio
3574 902 3705 958 talis
3739 910 3822 958 est
3853 923 3863 962 :

2223 992 2341 1048 Sed
2355 992 2499 1049 haec
2511 995 2619 1062 ﬂos
2634 993 2751 1063 ipse
2765 1009 2835 1049 ac
2850 994 3019 1063 vigor
3033 998 3171 1048 sunt
3198 992 3663 1049 conversation-is
3675 992 3865 1049 bonae.

2227 1082 2496 1138 Ceterum
2512 1082 2657 1138 ordo
2686 1083 3166 1138 Christianorum
3180 1081 3429 1137 interior
3444 1086 3527 1138 est
3546 1080 3637 1136 his
3652 1085 3761 1135 cet.
3778 1080 3869 1136 Hic

2224 1170 2419 1242 qualis
2436 1171 2694 1227 sensus?
2721 1172 2775 1228 Si
2800 1171 3026 1243 aliquid
3056 1175 3145 1225 est
3168 1170 3562 1241 praecipuum
3596 1171 3655 1224 in
3678 1168 3868 1241 aliqua

2225 1276 2307 1324 re,
2326 1275 2432 1314 cur
2449 1258 2589 1314 illud
2612 1263 2735 1315 tam
2758 1260 2925 1331 parvi
2943 1257 3233 1314 ducatur?
3266 1260 3325 1312 In
3343 1257 3725 1330 OpusculoVI
3741 1273 3865 1328 cap.

2224 1348 2292 1403 30
2324 1348 2469 1405 haec
2509 1347 2589 1404 ita
2632 1348 2970 1403 habentur:
3015 1347 3169 1400 καλὸν
3210 1349 3239 1405 ἡ
3274 1351 3580 1412 νηστεία,...
3638 1352 3727 1398 καὶ
3755 1365 3871 1420 προ-

2224 1444 2368 1510 οίμια
2414 1445 2581 1489 ταῦτα
2634 1438 2888 1498 πολιτείας
2946 1436 3207 1510 θεοφιλοῦς
3239 1455 3251 1466 ’
3310 1436 3589 1507 ἀλόγιστον
3648 1432 3707 1488 δὲ
3770 1435 3871 1488 ἀτε-

2223 1536 2365 1597 χνῶς
2424 1530 2479 1579 τὸ
2543 1526 2711 1588 ἁπλῶς
2766 1536 2877 1589 τοῖς
2946 1530 3203 1588 τοιούτοις
3254 1525 3569 1600 ἔπιθαῤῥείν.
3635 1524 3870 1579 Reddita

2223 1624 2356 1672 sunt
2374 1634 2385 1672 :
2403 1618 2547 1674 haec
2555 1617 2855 1685 prooemia
2866 1623 3005 1672 sunt
3018 1615 3479 1672 conversationis
3495 1606 3671 1671 Deam
3686 1629 3873 1670 aman-

2226 1706 2393 1771 tium,
2427 1723 2605 1761 sensu
2641 1721 2759 1761 non
2805 1704 3213 1767 incommodo,
3257 1704 3361 1759 sed
3402 1703 3521 1758 huc
3572 1718 3692 1758 non
3747 1718 3871 1774 per-

2721 1812 2733 1849 :
2789 1799 2879 1846 καὶ
2930 1799 3193 1865 παρόμοια
3235 1800 3401 1845 ταῦτα
3448 1791 3708 1853 πολιτείας
3766 1793 3868 1844 θεο-

2228 1884 2423 1957 φιλοῦς,
2458 1892 2509 1941 et
2548 1884 2765 1940 similia
2796 1884 2940 1939 talia
2990 1883 3293 1939 exercitia.
3343 1882 3436 1936 Sic
3463 1886 3521 1936 et
3570 1882 3628 1935 in
3662 1882 3868 1951 Opusc.

2230 1975 2246 2028 Ι
2278 1974 2394 2043 legi
2428 1973 2602 2027 velim
2650 1995 2662 2026 :
2696 1978 2787 2025 καὶ
2829 1972 2960 2024 ἄλλα
2998 1980 3165 2023 ταῦτα
3195 1977 3283 2023 καὶ
3327 1972 3502 2042 ὅμοια,
3542 1968 3577 2021 ἃ
3629 1968 3873 2029 πολιτείας

2227 2062 2363 2114 ἐστὶν
2404 2061 2601 2133 ἀγαθῆς
2657 2078 2669 2091 ’

2226 2152 2475 2222 dignitas
2505 2167 2706 2207 eorum
2736 2150 2921 2206 altior
2958 2158 3060 2206 est.
3094 2149 3249 2212 Τάξις
3281 2155 3478 2204 tamen
3506 2154 3699 2219 potest
3728 2144 3869 2203 ferri.

2230 2242 2561 2311 significatu
2593 2242 2821 2296 rariori.

2731 2061 2863 2119 πλὴν
2920 2064 2948 2119 ἡ
3012 2060 3134 2123 ἀξίά
3185 2068 3283 2112 τῶν
3341 2061 3665 2133 Χριστιανῶν
3736 2063 3869 2120 cet.,

2302 2360 2431 2411 CAP.
2486 2358 2525 2411 X
2577 2377 2590 2412 :
2646 2360 2716 2428 μὴ
2772 2360 2959 2427 νομίσῃ
3015 2355 3194 2407 ἑαυτὸν
3257 2353 3620 2425 κατειληφέναι
3671 2372 3740 2417 τι,
3794 2355 3871 2402 καὶ

2232 2447 2383 2518 οἰηθῇ
2420 2443 2549 2498 εἷναί
2603 2465 2703 2507 τις,
2752 2450 2842 2496 καὶ
2889 2445 3114 2518 ἄρξηται
3164 2440 3467 2497 διδάσκειν.
3519 2442 3673 2509 Quid
3722 2436 3883 2497 διδάυ,

2234 2556 2372 2588 σκειν
2400 2536 2493 2589 hic
2528 2534 2682 2601 velit,
2709 2549 2829 2588 non
2860 2534 3120 2594 invenio,
3139 2548 3277 2587 cum
3300 2533 3359 2587 in
3383 2531 3767 2603 sequentibus
3795 2526 3870 2581 di-

2230 2631 2393 2681 catur
2431 2624 2505 2679 de
2537 2623 2626 2678 siti
2662 2622 2931 2677 ulteriore
2972 2622 3217 2691 gratiae.
3261 2621 3519 2685 Accedit,
3567 2621 3624 2675 in
3659 2621 3858 2689 Opusc.

2233 2714 2297 2769 VI
2328 2728 2463 2786 cap.
2492 2713 2561 2768 30
2601 2712 2719 2767 ﬁne
2768 2727 2875 2782 pro
2916 2710 3006 2766 his
3048 2710 3301 2782 legitur:
3344 2714 3415 2781 μὴ
3449 2714 3671 2781 νομίσαι
3706 2725 3865 2759 κατει-

2228 2803 2459 2875 ληφέναι,
2514 2798 2653 2874 μηδὲ
2728 2804 3025 2873 κατακόρως
3084 2800 3245 2871 ἔχειν.
3300 2798 3464 2854 Unde
3535 2798 3691 2853 forte
3773 2809 3869 2867 pro

2232 2889 2507 2946 διδάσκειν
2535 2890 2856 2960 legendum
2892 2885 3147 2962 διαρκεῖν,
3171 2888 3336 2959 quod
3368 2887 3767 2943 celerantibus
3790 2884 3871 2939 ni-

2232 2982 2345 3037 mis
2411 2981 2599 3036 oculis
2664 2995 2774 3051 pro
2832 2974 3108 3030 διδάσκειν
3167 2982 3479 3047 acceptum
3531 2982 3649 3032 est.
3711 2971 3870 3029 Paulo

2231 3076 2399 3143 pOSt:
2453 3072 2535 3122 ἵνα
2572 3070 2671 3141 ἔχη
2723 3070 2809 3120 τὸν
2867 3073 3039 3129 πόνον,
3094 3071 3187 3125 τὴν
3243 3062 3427 3137 δίψαν,
3495 3082 3613 3138 pro
3660 3080 3775 3137 quo
3818 3063 3870 3117 in

2230 3162 2447 3232 Opusc.
2496 3158 2606 3212 VI:
2644 3157 2773 3209 ἀλλά
2816 3163 2990 3227 πεινᾷν
3021 3162 3137 3209 τότε
3175 3161 3265 3207 καὶ
3309 3152 3496 3226 διψᾷν.
3539 3154 3709 3209 Unde
3734 3157 3870 3204 πόνον

2230 3248 2323 3303 vix
2372 3253 2527 3302 recte
2575 3245 2779 3302 habet.
2842 3247 3119 3315 Legerem
3176 3248 3270 3302 τὴν
3311 3250 3507 3307 πεῖναν,
3544 3244 3663 3297 nisi
3706 3239 3869 3313 paulo

2230 3336 2573 3392 insolentior
2628 3351 2742 3388 vox
2792 3341 2966 3388 esset.
3012 3336 3176 3389 Forte
3230 3332 3339 3388 fuit
3388 3350 3400 3387 :
3454 3334 3536 3384 ἵνα
3565 3329 3603 3404 ᾖ
3637 3337 3744 3384 τότε
3774 3347 3870 3381 πει-

2230 3434 2325 3476 νῶν
2357 3429 2445 3476 καὶ
2496 3421 2666 3494 διψῶν
2712 3429 2821 3477 cet.
2858 3422 3081 3477 Ibidem
3130 3424 3439 3494 sequitur:
3490 3426 3581 3473 καὶ
3634 3425 3728 3493 ἔχη
3771 3420 3869 3469 υἱόν

2230 3521 2475 3586 μονογενῆ
2528 3518 2617 3563 καὶ
2668 3508 2942 3564 παιδεύσει
2978 3515 3133 3563 αὐτόν
3180 3517 3287 3565 cet.
3334 3510 3440 3567 Ubi
3485 3512 3693 3566 nescio
3737 3505 3866 3580 quid

2231 3604 2307 3657 ad
2361 3617 2627 3657 amorem
2669 3608 2725 3655 et
2765 3600 2841 3653 ad
2874 3607 3264 3670 augmentum
3299 3599 3493 3654 luctus
3536 3599 3783 3661 intersit,
3822 3592 3867 3647 si

2233 3692 2419 3746 tilium
2462 3689 2774 3757 castigavit
2806 3696 3011 3743 mater.
3068 3687 3268 3743 Potius
3307 3704 3444 3743 cum
3500 3688 3560 3742 in
3636 3684 3866 3742 Homilia

2235 3780 2395 3850 [Pag.
2431 3778 2482 3849 9]
2516 3793 2607 3832 xv:
2642 3784 2667 3845 ε
2705 3782 2755 3830 ιι
2793 3776 2939 3831 haec
2962 3777 3173 3830 eadem
3198 3784 3537 3839 occurrant,
3572 3784 3632 3831 et
3663 3791 3763 3848 pro
3788 3772 3869 3827 his

2235 3868 2479 3923 vocibus
2536 3866 2763 3935 legatur
2820 3865 2899 3919 ibi
2970 3861 3347 3929 εύειδέστατον,
3408 3866 3678 3920 rescribo
3729 3882 3742 3918 :
3793 3864 3872 3912 καὶ

2234 3954 2405 4011 παῖδα
2443 3952 2818 4020 εύειδέστατον,
2851 3960 2904 4010 et
2938 3969 3068 4009 eum
3101 3956 3271 4011 vultu
3317 3953 3727 4011 honestissimo
3752 3949 3875 4019 ριιιο

2235 4047 2655 4117 cherrimoque.
2717 4046 2816 4099 Hic
2867 4045 3024 4099 enim
3089 4044 3134 4096 si
3192 4044 3460 4108 moritur,
3524 4043 3606 4098 ad
3663 4042 3873 4097 luctum

2237 4136 2491 4190 multum
2524 4134 2683 4202 facit,
2716 4134 2861 4204 quia
2893 4134 3085 4187 forma
3128 4138 3251 4187 tam
3302 4132 3633 4198 excellenti,
3672 4137 3725 4186 et
3766 4142 3874 4183 non

2238 4224 2428 4277 solum
2464 4223 2671 4276 unicus
2702 4221 2829 4276 fuit.

2310 4329 2436 4381 CAP.
2489 4328 2598 4382 XI:
2652 4331 2723 4398 μὴ
2769 4331 3075 4397 νομίσωσιν,
3133 4328 3212 4378 ὅτι
3252 4325 3490 4385 εἰσῆλθον
3542 4326 3612 4387 εἰς
3655 4329 3744 4383 τὴν
3791 4341 3877 4373 κα-

2238 4419 2519 4479 τάπαυσιν,
2578 4419 2645 4476 ως
2703 4411 2763 4467 δι
2812 4414 2983 4487 ἀκμὴν
3041 4420 3109 4476 εὶς
3157 4419 3220 4467 τὰ
3270 4418 3510 4489 πρόθυρα
3552 4421 3645 4468 καὶ
3688 4414 3754 4474 εἰς
3794 4414 3877 4469 τὰς

480 4501 736 4573 ἐμφαίνων
774 4508 883 4557 cet.
927 4501 1089 4571 Quae
1129 4504 1336 4559 ultima
1369 4505 1547 4560 verba
1584 4488 1776 4560 lucem
1818 4488 2120 4578 quandam

2242 4506 2399 4566 αύλάς
2427 4504 2777 4577 εἰσέρχονται.
2824 4505 2885 4558 In
2937 4505 3237 4576 Opusculo
3284 4506 3348 4560 Vl
3380 4488 3518 4574 cap.
3559 4506 3623 4560 31
3662 4522 3674 4557 :
3709 4506 3776 4571 μὴ
3805 4519 3875 4551 νο·

478 4592 779 4662 accipiunt
808 4608 879 4647 ex
900 4593 1167 4647 Andreae
1191 4594 1587 4649 Caesariensis
1614 4595 1860 4663 Prologo
1887 4597 1945 4650 in
1972 4613 2131 4652 com-

482 4681 843 4735 mentarium
887 4698 1064 4736 suum
1108 4682 1164 4737 in
1206 4683 1626 4755 Apocalypsin.
1670 4686 1779 4749 Qui
1810 4693 2130 4757 postquam

482 4770 887 4825 monueratde
908 4771 1114 4842 triplici
1143 4787 1318 4826 sensu
1341 4778 1440 4826 aut
1463 4773 1756 4827 divisione
1774 4773 2130 4843 Scripturae,

482 4862 548 4911 ut
583 4856 638 4912 in
670 4875 786 4930 qua
821 4860 995 4930 quasi
1038 4876 1255 4929 corpus
1304 4860 1399 4922 sit,
1439 4868 1494 4914 et
1538 4868 1738 4932 πνεῦμα
1779 4869 1832 4916 et
1872 4861 2027 4934 ψυχή
2062 4863 2136 4919 de

485 4945 671 5001 altero
726 4948 805 5003 ita
857 4950 1051 5019 pergit
1092 4964 1103 5002 :
1160 4950 1390 5021 καθάπερ
1442 4946 1501 5002 δὲ
1544 4958 1744 5021 πνεῦμα
1794 4953 1823 5009 ἡ
1879 4960 1976 5003 τῶν
2022 4952 2137 5023 μελ-

486 5034 673 5087 λόντων
760 5042 845 5089 καὶ
913 5037 1243 5109 ὑψηλοτέρων
1320 5037 1572 5110 ἀναγωγὴ
1640 5046 1727 5092 καὶ
1789 5043 1974 5113 θεωρία
2054 5048 2138 5095 πέ-

489 5144 659 5194 φηνεν.
715 5126 821 5181 Ubi
878 5127 1031 5181 idem
1085 5133 1171 5180 est
1207 5129 1393 5201 θεωρία
1438 5128 1766 5203 ὑψηλοτέρων
1821 5148 1889 5185 ac
1940 5130 2136 5202 ὑψηλο-

491 5218 632 5287 τέρα.
684 5216 803 5271 Nisi
850 5215 998 5271 fOI‘te
1056 5217 1111 5270 in
1164 5217 1411 5273 Macario
1443 5235 1551 5290 pro
1592 5219 1912 5292 ὑψηλοτέραν
1942 5222 2133 5287 legen-

497 5302 640 5357 dum
696 5309 781 5358 est
829 5304 1180 5380 ὑψηλοτέρων,
1236 5308 1541 5365 Ibidem...
1598 5310 1832 5381 κομίζειν
1866 5306 1973 5362 δεῖν
2014 5313 2136 5362 πάν-

498 5410 610 5444 τοτε
670 5397 762 5449 την
810 5402 897 5454 τῆς
940 5392 1161 5467 καρδίας
1220 5398 1357 5471 ἱερὰν
1415 5399 1598 5450 θυσίαν
1653 5414 1665 5429 ·

492 5485 580 5532 καὶ
627 5484 691 5532 τὰ
726 5482 863 5554 ἄκρα
915 5491 1014 5535 τῶν
1060 5484 1265 5555 ἀγαθῶν
1312 5486 1594 5560 λογισμῶν.
1642 5530 1655 5545 .
1690 5488 2133 5561 ἀπασχολούντος.

493 5568 581 5626 Ita
601 5569 799 5626 adhuc
831 5573 954 5628 sine
974 5589 1152 5628 sensu
1185 5574 1418 5645 legitur.
1447 5576 1555 5632 Pro
1586 5594 1727 5648 quo-
1759 5595 1898 5633 casu
1922 5585 2135 5650 quarto

496 5658 880 5718 scribendum
921 5660 1374 5736 ἀπάσχολοῦντας,
1407 5666 1534 5722 scil.
1577 5663 1659 5719 δεῖ
1687 5667 1915 5739 κομίζειν
1948 5686 1961 5727 ;
1994 5667 2135 5724 inde

1730 5403 1797 5451 τὰ
1843 5400 2133 5469 ἀκροθίνια,

2241 4596 2539 4667 μιζέτωσαν
2596 4592 2702 4653 ἤδη
2779 4602 2869 4645 τού
2951 4594 3125 4655 τέλους
3201 4599 3290 4646 καὶ
3359 4601 3456 4656 τῆς
3520 4594 3878 4647 καταπαύσεως

2245 4683 2486 4743 ἐπιϐῆναι
2520 4701 2532 4713 ⁸
2584 4685 2785 4749 πόθεν;
2841 4685 2916 4735 ἔτι
2967 4686 3069 4755 ’γὰρ
3123 4684 3301 4744 αὐτοῖς
3352 4688 3465 4756 περὶ
3523 4686 3589 4735 τὰ
3655 4682 3877 4755 πρόθυρα

2244 4778 2333 4825 καὶ
2385 4776 2478 4834 τὰς
2528 4772 2685 4834 asia;
2727 4774 2756 4831 ἠ
2812 4771 3131 4846 ἀναστροφή.
3187 4772 3349 4828 Unde
3402 4772 3550 4827 forte
3599 4772 3657 4827 in
3707 4772 3879 4840 OpUS°

2246 4864 2380 4919 culo
2441 4863 2462 4916 l
2508 4862 2828 4933 legendum
2886 4880 2897 4916 :
2948 4871 3057 4923 πῶς
3100 4878 3200 4933 γε;
3254 4860 3425 4933 ἀκμὴν
3470 4864 3573 4935 γὰρ
3622 4860 3688 4921 εἰς
3734 4861 3878 4923 00L;

2249 4953 2415 5007 aliter
2454 4968 2669 5020 graeca
2712 4951 3015 5017 languent.
3048 4951 3326 5022 Sequitur
3356 4952 3411 5005 in
3445 4953 3643 5021 Opusc
3672 4951 3725 5004 I:
3758 4947 3800 4999 εἰ
3828 4940 3881 4996 δι

2248 5048 2337 5094 καὶ
2385 5044 2605 5115 χάριτος
2672 5045 2897 5111 μέτοχος
2964 5044 3197 5111 γένηται,
3281 5040 3523 5099 οἰηθῆναι
3595 5043 3658 5099 ὡς
3728 5053 3879 5089 κατα-

2246 5132 2433 5196 λαϐών,
2492 5133 2547 5185 iu
2592 5132 2807 5200 Opusc.
2860 5131 2926 5184 Vl
2979 5147 2990 5183 :
3031 5130 3126 5181 κᾶν
3179 5132 3401 5203 χάριτός
3446 5150 3581 5193 τινος
3620 5143 3881 5199 πνευματι-

2247 5230 2346 5280 κῆς
2402 5220 2703 5283 ἠξιώθησαν
2736 5236 2748 5251 ο
2811 5215 2950 5289 μηδὲ
2996 5226 3147 5270 τοῦτο
3204 5218 3355 5271 πάλιν
3406 5218 3594 5280 αὐτοὺς
3646 5216 3879 5268 ἀπατάτω

2248 5315 2355 5365 cet.
2391 5308 2748 5363 Addendum
2789 5323 2929 5376 ergo
2957 5308 3015 5362 in
3048 5308 3267 5379 Opusc.
3293 5308 3314 5362 Ι
3341 5312 3461 5372 Μὴ,
3500 5312 3578 5379 μὴ
3630 5306 3878 5367 οἰηθῆναι,

2246 5397 2408 5471 quod
2450 5400 2637 5451 exstat
2674 5396 2918 5467 quidem
2952 5395 3013 5451 in
3042 5397 3337 5462 versione,
3382 5397 3486 5452 sed
3530 5396 3608 5452 ob
3649 5404 3878 5449 sensum

2248 5492 2476 5543 tantum
2514 5502 2527 5550 ;
2562 5500 2841 5553 graecum
2875 5485 3083 5540 vitium
3107 5486 3346 5541 mansit.
3374 5486 3557 5540 Porro
3584 5486 3794 5554 Opusc.
3824 5482 3873 5533 l:

2245 5575 2339 5630 οὐκ
2416 5573 2601 5647 ὀφείλει
2681 5572 2883 5647 ἐρευνᾷν
2964 5575 3197 5640 ἕκαστον,
3262 5574 3304 5627 εἰ
3376 5575 3514 5650 εὗρεν
3571 5573 3617 5626 ἐν
3681 5571 3748 5640 τῷ
3799 5566 3877 5620 ὀσ-

2245 5669 2472 5741 τρακίνῳ
2506 5666 2677 5718 σκεύει
2712 5668 2799 5717 τὸν
2831 5666 3093 5739 θησαυρόν
3137 5671 3247 5720 cet.
3278 5663 3483 5721 Latina
3512 5660 3706 5720 versio
3739 5674 3751 5712 ε
3781 5669 3879 5713 nec
