4078 6194
187 290 272 348 277

1204 279 1294 334 DE
1333 278 1665 336 SCRIPTIS
1708 281 1768 336 S.
1813 279 2114 339 MACARII
2150 285 2507 344 AEGYPTII.

3455 291 3558 364 278

185 409 413 468 convenit
428 403 1489 477 scrutariunumquemque,numforte
1505 403 1794 469 inveniat,
1831 404 1878 459 A
1909 419 2030 460 non
2063 406 2237 478 plane
2267 409 2466 466 nullus
2509 413 2582 469 sit
2613 427 2843 477 sensus,
2877 419 3076 469 tamen
3108 428 3179 469 ex
3226 413 3478 469 Homilia
3503 418 3560 470 et

184 506 294 566 cet;
323 498 505 570 impio
533 511 704 552 sensu
728 513 743 565 ;
777 493 942 566 quod
969 493 1202 548 mireris
1225 500 1525 550 servatum
1550 507 1705 547 esse.
1731 493 1797 548 In

184 591 374 660 Opusc.
413 585 479 641 Vl
516 584 760 658 τέρευνᾴν
806 579 894 636 οὖν
924 590 1203 657 προσῆκεν,
1236 587 1392 637 recte
1440 597 1600 637 vero.
1647 583 1799 651 Lege

181 692 300 748 ergo
330 693 343 732 :
374 675 556 749 ὀφείλει
581 670 666 726 οὖν
703 673 930 746 ίρευνᾴν.
974 671 1200 727 Ibidem
1244 687 1256 726 :
1288 673 1402 724 ἔστι
1439 673 1540 744 γὰρ
1572 672 1601 729 ἡ
1634 673 1797 743 χάρις

181 765 393 826 πολλάκις
475 764 751 836 ἐνεργοῡσα
826 758 1189 824 ἀδιαλείπτως,
1251 762 1310 816 in
1365 761 1585 832 Opusc.
1666 761 1792 815 VI:

183 859 270 908 ἕνον
335 855 452 929 γὰρ,
511 855 574 913 ὡς
648 851 896 912 πολλάκις
951 847 1266 915 δεδήλωται,
1336 853 1425 902 καὶ
1481 853 1576 907 τὴν
1636 850 1797 923 χάριν

181 944 491 1005 ἀκιαλείπτως
535 940 771 1016 ἐνεργεῖν,
838 955 1020 994 sensu
1073 938 1261 995 multo
1321 937 1583 994 meliore.
1650 940 1798 1007 Lege

181 1048 338 1104 ergo:
387 1035 498 1084 ἔστι
542 1033 640 1104 γὰρ
683 1032 714 1089 ἡ
756 1031 935 1103 χάρις,
976 1031 1046 1091 ὡς
1094 1027 1342 1090 πολλάκις
1391 1029 1611 1100 εἴρηται.
1667 1024 1798 1099 ἔνερ-

180 1129 329 1193 γοῦσα
373 1117 735 1181 ἀδιαλείπτως.
793 1118 1103 1190 Corruptio
1156 1122 1259 1174 aut
1294 1117 1513 1174 lacuna
1551 1117 1662 1172 ista
1701 1132 1798 1171 ne-

183 1209 284 1266 scio
327 1209 477 1265 unde
515 1208 786 1274 accidit;
846 1207 1135 1264 accidisse
1195 1223 1263 1264 ex
1315 1208 1537 1279 Opusc.
1585 1205 1799 1262 Vlcer-

184 1305 286 1355 tum
314 1305 414 1356 est.

239 1424 353 1478 CAP.
382 1425 470 1481 XII
506 1428 645 1496 post
694 1423 962 1478 medium
1011 1439 1022 1476 :
1065 1419 1246 1481 ἕπειδὴ
1299 1418 1385 1475 οὖν
1424 1421 1588 1495 [Pag.
1635 1421 1724 1495 10]
1768 1424 1797 1481 ἡ

181 1512 354 1566 ἐναντία
429 1510 655 1584 δύναμις
725 1515 1075 1587 προτρεπτική
1167 1514 1327 1578 ἑστιν,
1400 1511 1494 1564 οὐκ
1577 1511 1803 1583 ἀναγκα-

183 1606 333 1665 στικὴ,
377 1607 465 1655 καὶ
528 1603 646 1654 θεία
700 1604 862 1675 χάρις
919 1605 1266 1674 προτρεπτική
1328 1603 1457 1654 ἑστι.
1520 1600 1675 1671 Lego
1725 1599 1804 1655 ob

180 1688 453 1745 meliorem
492 1691 929 1744 connexionem
965 1705 978 1743 :
1017 1685 1198 1747 ἔπειδή
1254 1684 1363 1756 οὖν,
1413 1691 1481 1751 ὡς
1521 1689 1550 1746 ἠ
1603 1686 1806 1740 ἐναντία

1910 493 2210 564 Opusculo
2241 497 2337 553 Vll
2382 501 2778 557 restituendus
2803 509 2887 556 est
2908 501 3236 558 inﬁnitivus
3270 501 3559 574 βιάζεσθαι

1906 587 1992 634 καὶ
2050 584 2256 655 ἄγχειν.
2325 587 2552 644 Ibidem
2610 605 2718 661 pro
2798 609 2810 644 :
2863 593 2999 643 κατὰ
3053 595 3110 643 τὸ
3179 594 3558 665 γεγραμμένον,

1907 672 2071 742 quod
2097 675 2274 729 etiam
2322 676 2381 730 in
2440 676 2694 733 Homilia
2724 679 2804 734 ita
2832 679 3068 749 legitur.
3110 679 3561 735 restituendum

1909 761 2142 818 videtur
2169 765 2304 816 κατὰ
2347 769 2404 818 τὸ
2455 766 2737 839 εἰρημένον,
2793 769 2932 838 quia
2984 768 3042 822 in
3082 773 3202 823 toto
3232 771 3297 824 N.
3330 770 3391 824 T.
3442 768 3560 824 tale

1906 851 2052 921 quid
2096 867 2214 907 non
2250 860 2459 924 exstat,
2494 861 2550 910 et
2576 856 2636 910 in
2664 857 2882 927 Opusc.
2928 858 3018 911 VII
3065 857 3278 925 legitur
3316 860 3450 930 πρὸς
3496 859 3560 910 τὰ

1907 938 2168 1012 εἰρημένα,
2208 943 2366 998 unde
2409 943 2608 1009 tidem,
2657 944 2854 1014 credo,
2901 945 3146 1000 fecimus
3179 946 3560 1017 conjecturae

1908 1034 2172 1086 nostrae.
2227 1033 2489 1103 Denique
2541 1050 2554 1088 :
2601 1037 2659 1086 τὸ
2708 1033 2884 1087 λοιπὸν
2919 1036 3020 1106 γὰρ
3067 1033 3222 1086 ἐλθὼν
3267 1035 3291 1086 ὁ
3346 1037 3560 1108 Κύριος,

1908 1117 2064 1171 ἐλθὼν
2133 1125 2222 1172 καὶ
2279 1126 2541 1194 γενόμενος
2603 1121 2650 1175 ἐν
2713 1123 2872 1195 αὐτῇ).
2934 1127 3044 1178 Aut
3094 1122 3346 1178 alterum
3404 1123 3560 1176 ἐλθὼν

1909 1207 2285 1274 eiiciendum,
2322 1219 2421 1266 aut
2453 1211 2776 1282 legendum
2803 1214 2828 1264 ὁ
2871 1216 3060 1286 Κύριος
3102 1214 3238 1264 κατὰ
3273 1215 3366 1271 τὴν
3407 1211 3566 1283 ἐπαγ-

1908 1295 2102 1368 γελίαν,
2146 1303 2235 1351 καὶ
2263 1304 2527 1372 γενόμενος
2568 1307 2700 1367 cet.,
2737 1307 2797 1357 ut
2841 1306 3032 1357 exstat
3069 1301 3129 1357 in
3161 1302 3385 1372 Opusc.
3426 1299 3562 1369 VII;

1912 1391 1968 1442 et
1996 1388 2300 1458 corruptio
2327 1389 2574 1460 quidem
2606 1389 2814 1446 facilis.

1986 1512 2114 1566 CAP.
2144 1512 2280 1567 XIIII
2299 1513 2475 1584 paulo
2492 1515 2869 1585 postinitium
2883 1531 2992 1586 pro
3019 1516 3047 1574 ἦ
3072 1513 3252 1567 ἀπόλει
3265 1517 3358 1572 τὴν
3375 1517 3560 1586 χάριν,

1913 1600 1943 1658 ἡ
1977 1598 2227 1672 λαμϐάνει
2253 1608 2343 1654 καὶ
2367 1608 2543 1655 πίπτει
2563 1603 2727 1671 lege:
2756 1602 2816 1662 ἢν
2831 1604 2997 1670 ἔλαϐε,
3022 1609 3110 1655 καὶ
3142 1608 3321 1656 πίπτει
3352 1620 3364 1632 ·
3399 1603 3429 1661 ἢ
3451 1606 3561 1658 cet.

1918 1691 1980 1743 Et
2011 1689 2190 1760 paulo
2224 1697 2355 1762 post
2389 1708 2402 1746 :
2452 1691 2741 1762 ὀφείλουσιν
2773 1689 2859 1744 οὖν
2904 1691 3211 1765 βουλόμενοι
3242 1692 3295 1755 ἐξ
3321 1691 3565 1754 ἀληθείας

180 1773 394 1849 δύναμις,
446 1782 539 1830 καὶ
595 1780 625 1836 ἠ
685 1779 799 1830 θεία
851 1779 1010 1850 χάρις
1053 1783 1409 1851 προτρεπτική
1460 1775 1592 1843 ἐστι,
1627 1773 1721 1829 διὰ
1748 1779 1806 1828 τὸ
1838 1771 1878 1826 Β
1916 1778 2267 1854 εὐαρεστῆσαι
2304 1789 2376 1852 τῷ
2422 1784 2584 1851 θεῷ...
2630 1787 2720 1835 καὶ
2760 1781 3046 1855 βιάζεσθαι
3091 1791 3294 1856 πρῶτον
3344 1781 3560 1835 ἑαυτόνε

181 1865 482 1929 αὐτεξούσιον
546 1872 640 1919 καὶ
709 1865 852 1918 λιτὸν
901 1873 997 1928 τῆς
1067 1868 1282 1938 φύσεως,
1336 1867 1515 1919 λοιπὸν
1555 1865 1641 1918 ἐάν
1695 1869 1804 1920 cet.

180 1954 248 2010 Ila
288 1958 486 2012 omnia
527 1957 878 2012 cohaerent.
929 1958 1036 2010 Pro
1078 1955 1218 2007 λιτὸν
1270 1955 1471 2012 malim
1519 1955 1805 2022 αὐταίτιον,

180 2045 313 2116 quod
339 2044 494 2101 idem
542 2044 665 2101 fere
695 2050 788 2100 est
819 2059 888 2100 ac
917 2043 1274 2109 αὐτεξούσιον,
1316 2050 1532 2100 notans
1571 2044 1811 2100 liberta-

182 2138 276 2188 tem
292 2133 626 2189 arbitrandi
662 2139 718 2188 et
739 2133 1121 2188 decernendi.
1147 2133 1258 2188 Pro
1275 2149 1396 2205 quo
1416 2134 1473 2188 in
1503 2135 1718 2205 Opusc.
1735 2149 1810 2192 vn

181 2235 290 2293 cap.
337 2224 370 2277 3
417 2229 506 2278 est
560 2221 823 2296 ἐλεύθερον
875 2227 965 2274 καὶ
1007 2221 1358 2286 αὐτεξούσιον.
1418 2221 1639 2277 Afﬁnes
1677 2227 1815 2280 sunt

181 2308 410 2366 literaeA
430 2316 484 2367 et
500 2317 551 2365 A
571 2326 825 2382 graecae
855 2327 868 2377 ;
903 2310 1040 2366 inde
1055 2326 1236 2377 error,
1251 2327 1357 2382 per
1382 2311 1810 2382 compendium

180 2398 443 2455 scribendi
471 2400 747 2472 adjutus.
802 2398 869 2454 Et
898 2399 1167 2455 similiter
1204 2405 1464 2455 erratum
1497 2415 1629 2455 esse
1661 2400 1814 2456 vide-

183 2491 260 2541 tur
299 2488 471 2558 paulo
502 2493 649 2560 post
678 2487 739 2542 in
792 2487 1006 2544 eodem
1054 2489 1275 2560 Opusc.
1308 2488 1329 2540 Ι
1369 2504 1384 2544 :
1426 2485 1608 2547 ἐπειδὴ
1649 2487 1813 2560 ἑαυτῷ

183 2576 345 2644 ὶγίνετο
397 2578 424 2629 ὁ
482 2578 767 2650 ἄνθρωπος
814 2579 978 2640 αἴτιος
1023 2585 1117 2630 τοῦ
1165 2575 1367 2649 ἀγαθοῦ
1424 2592 1437 2604 '
1500 2577 1664 2638 αὐτῆς
1710 2581 1811 2651 γάρ

183 2660 274 2716 ἐστι
306 2674 395 2729 τῆς
426 2669 638 2740 φύσεως
667 2666 838 2727 οὗτος.
889 2665 1001 2720 Pro
1031 2665 1252 2738 quibus
1275 2667 1597 2736 legendum
1631 2674 1810 2739 puto:

183 2753 485 2817 αὐτεξουσίου
566 2758 667 2829 γὰρ
742 2757 852 2808 ἑστι
927 2762 1018 2816 τῆς
1079 2758 1300 2827 φύσεως.
1355 2759 1499 2812 Nam
1577 2757 1816 2826 vulgata

181 2844 442 2916 scriptura
473 2844 746 2901 obscuro
777 2859 978 2900 sensu.
1021 2847 1089 2900 Et
1127 2844 1326 2916 priora
1354 2845 1599 2918 quidem
1631 2846 1816 2902 verba

181 2945 280 2987 non
300 2939 515 2989 temere
548 2932 906 3005 accipienda
954 2938 1110 3001 sunt,
1144 2948 1218 2990 ne
1249 2933 1450 2989 minus
1483 2933 1814 3006 pelagizare

181 3019 519 3079 videanturr.

238 3166 355 3222 CAP.
414 3167 587 3224 XIII:
637 3170 729 3218 καὶ
790 3165 956 3229 οὕτως
1004 3165 1040 3218 ἃ
1094 3173 1182 3219 νῦν
1242 3169 1373 3240 μετὰ
1418 3167 1543 3242 βίας
1589 3173 1680 3222 καὶ
1739 3172 1810 3237 μὴ

183 3251 398 3317 θελούσης
471 3264 571 3318 τῆς
649 3250 882 3328 καρδίας
967 3262 1125 3320 ποιεῖ,
1203 3255 1390 3316 ἐθίζειν
1463 3256 1642 3310 ἑαυτὸν
1721 3255 1815 3310 διὰ

182 3347 341 3404 παντὸς
395 3344 464 3406 εἰς
523 3348 589 3398 τὸ
667 3342 864 3415 ἀγαθὸν
924 3348 1014 3396 καὶ
1084 3352 1176 3398 τοῦ
1231 3349 1424 3419 Κυρίου
1485 3345 1562 3398 ἀεὶ
1616 3367 1813 3420 μνημο-

181 3434 327 3499 νεύειν,
371 3439 458 3488 καὶ
503 3429 821 3508 προσδοκᾲν
866 3434 1019 3487 αὐτὸν
1049 3431 1144 3488 διὰ
1180 3437 1372 3497 παντὸς
1403 3435 1453 3487 ἐν
1482 3435 1642 3508 πολλῇ
1685 3434 1813 3508 ἀγα-

183 3521 334 3580 amt:
360 3529 445 3577 xui
477 3523 690 3596 ἀγάπῃ.
725 3522 960 3578 Versio:
988 3524 1061 3578 Et
1083 3524 1168 3579 sic
1195 3539 1348 3595 quae
1372 3540 1534 3580 nunc
1561 3541 1670 3594 per
1697 3528 1812 3581 vim

182 3614 225 3663 et
243 3613 405 3670 corde
428 3613 628 3670 invito
654 3611 830 3680 facit,
870 3611 1282 3681 adsue/aciem
1313 3614 1508 3682 ipsum
1537 3614 1600 3669 in
1643 3629 1813 3671 omne

183 3702 378 3770 tempus
411 3702 494 3757 ad
520 3702 770 3766 bonum,
803 3707 858 3758 et
885 3701 965 3757 ad
990 3715 1221 3769 semper
1239 3701 1434 3758 vivam
1468 3702 1574 3759 Dei
1601 3718 1812 3759 memo-

181 3787 309 3844 riam
337 3791 704 3855 habendam,
737 3795 793 3847 et
823 3791 1292 3857 exspectandum
1325 3806 1455 3848 eum
1497 3807 1724 3860 semper
1747 3792 1810 3848 in

181 3878 342 3934 multa
370 3880 643 3937 bonitate
667 3886 723 3936 et
751 3879 1025 3936 caritate.
1086 3879 1194 3937 Ubi
1224 3895 1437 3938 sensus
1466 3886 1559 3937 sat
1590 3881 1808 3948 bonus,

182 3966 334 4022 modo
349 3982 484 4024 eum
512 3983 739 4038 graeca
763 3975 1124 4039 paterentur.
1154 3971 1303 4025 Nam
1327 3969 1558 4042 integra
1579 3976 1813 4026 senten-

182 4053 243 4108 tia
263 4057 481 4113 omissa
501 4061 685 4113 estex
707 4057 1021 4114 oscitantia
1039 4057 1282 4124 librarii,
1308 4075 1380 4115 ex
1415 4059 1668 4115 Homilia
1692 4075 1808 4125 xxx,

184 4141 264 4196 ubi
287 4146 489 4202 omnia
519 4145 740 4202 eadem
794 4145 1093 4202 habentur
1123 4149 1149 4213 ς
1174 4150 1230 4209 2,
1282 4153 1610 4219 repetenda
1638 4155 1696 4203 et
1727 4165 1813 4205 re-

181 4231 473 4291 stituenda.
527 4235 770 4305 Legitur
812 4237 972 4291 enim
1017 4235 1101 4290 ibi
1150 4235 1233 4292 ita
1269 4253 1282 4292 :
1331 4242 1420 4290 καὶ
1459 4237 1619 4297 οὕτως
1652 4235 1687 4290 ἀ
1726 4245 1814 4290 νῦν

181 4322 289 4388 μετά
351 4322 471 4395 βίοις
568 4321 805 4386 ἀκούσης
885 4333 976 4385 τῆς
1053 4321 1279 4399 καρδίας
1362 4332 1517 4389 ποιεῖ,
1571 4325 1816 4388 ἑκουσίως

183 4409 338 4480 πράξει
388 4418 536 4482 ποτε,
588 4411 770 4474 ἐθίζων
810 4412 974 4487 [Pag.
1024 4413 1116 4487 11]
1145 4414 1326 4466 ἑαυτὸν
1378 4410 1472 4466 διὰ
1519 4419 1712 4476 παντὸς
1750 4416 1816 4477 εἰς

1916 1868 2047 1924 dele
2077 1874 2165 1921 καὶ
2210 1875 2345 1925 ante
2390 1870 2696 1943 βιάζεσθαι,
2729 1877 2784 1927 et
2830 1887 2986 1944 pone
3031 1888 3140 1944 pro
3171 1887 3242 1927 eo
3273 1871 3466 1935 colon,
3511 1874 3566 1925 et

1919 1973 2028 2030 pro
2059 1957 2236 2012 ἑαυτὸν
2266 1958 2436 2033 [Pag.
2475 1961 2557 2032 t2]
2589 1961 2716 2031 lege
2747 1961 2992 2030 ἑαυτούς;
3023 1978 3162 2016 nam
3204 1960 3459 2032 pertinet
3489 1959 3566 2014 ad

1921 2045 2247 2120 βουλόμενοι.
2309 2050 2582 2121 Sequitur
2621 2056 2830 2121 postea
2871 2066 2881 2105 ε
2934 2049 3131 2122 μεγάλη
3171 2049 3374 2121 ὖψωσις
3413 2050 3442 2105 ἡ
3475 2066 3567 2098 τα-

1917 2141 2156 2198 πείνωσις
2198 2154 2210 2166 ’
2271 2142 2359 2189 καὶ
2415 2143 2652 2210 τιμιότης
2709 2144 2798 2191 καὶ
2864 2138 3071 2211 ἆξίωμα
3133 2140 3163 2196 ἡ
3232 2154 3567 2207 ταπεινοφρο-

1924 2228 2073 2284 σύνη.
2105 2229 2211 2282 Pro
2240 2242 2362 2298 quo
2393 2228 2453 2282 in
2501 2228 2746 2283 Humilia
2775 2229 2951 2284 citata
2997 2229 3186 2300 [Hom.
3216 2243 3312 2282 xix
3341 2226 3368 2298 ἓ
3410 2223 3465 2297 8]
3492 2223 3570 2280 le-

1923 2315 2079 2385 gitur
2137 2332 2148 2370 :
2218 2315 2414 2388 μεγάλη
2475 2322 2786 2379 ταπείνωσις
2848 2319 2876 2376 ἡ
2949 2317 3351 2392 ὑψηλοφροσύνη
3401 2331 3413 2343 ⁶
3478 2315 3568 2365 καὶ

1922 2404 2118 2477 μεγάλη
2187 2405 2389 2476 ὕψωσις
2454 2411 2542 2458 καὶ
2597 2410 2839 2478 τιμιότης
2891 2411 2979 2458 καὶ
3032 2405 3237 2478 ἀξίωμα
3306 2407 3336 2464 ἡ
3391 2421 3568 2455 ταπει-

1921 2496 2207 2570 νοφροσύνη
2242 2512 2254 2546 :
2284 2494 2554 2550 similiter
2591 2502 2782 2552 exstat
2819 2496 2876 2550 in
2910 2497 3124 2566 Opusc.
3172 2495 3264 2549 VII
3304 2507 3437 2564 cap.
3482 2494 3570 2546 19.

1922 2583 2112 2654 Atque
2139 2583 2251 2638 hoc
2285 2583 2495 2639 melius
2522 2599 2651 2639 esse
2683 2585 2936 2640 videtur.
2980 2586 3044 2639 Et
3067 2584 3148 2638 ad
3183 2582 3361 2637 ﬁnem
3392 2593 3570 2652 porro

1925 2671 2139 2741 legitur
2183 2689 2194 2727 :
2231 2679 2320 2726 καὶ
2359 2674 2522 2735 οὕτως
2571 2683 2667 2726 τῶν
2731 2673 2939 2726 ἐντολῶν
2985 2680 3076 2726 τοῦ
3123 2676 3315 2746 Κυρίου
3370 2670 3572 2743 πληρω-

1928 2763 2112 2814 θεισῶν
2161 2761 2234 2834 ἐφ’
2287 2765 2433 2835 ἡμῖν.
2487 2764 2596 2818 Pro
2649 2779 2772 2834 quo
2816 2763 3136 2832 legendum
3190 2761 3273 2834 ὑφ’
3317 2762 3482 2833 ἡμῶν,
3513 2761 3574 2814 ut

1924 2851 2104 2906 etiam
2157 2851 2217 2905 in
2266 2851 2517 2908 Humilia
2569 2857 2779 2908 exstat.
2839 2854 2988 2907 Haec
3017 2850 3274 2908 breviter
3305 2850 3383 2906 ad
3430 2852 3572 2903 lmum

1927 2939 2318 3012 Opusculum.

1996 3051 2077 3102 An
2117 3061 2397 3103 SECUNDUM
2455 3048 2807 3111 Opuscuwu,
2871 3050 3030 3120 Περὶ
3070 3045 3480 3104 τελειότητος
3518 3042 3576 3096 ἐν

1845 3121 1886 3179 C
1924 3139 2266 3208 πνεύματι,
2302 3151 2494 3208 pauca
2526 3141 2582 3191 et
2605 3135 2765 3193 levia
2805 3137 2945 3192 item
2969 3135 3167 3192 habeo
3195 3150 3350 3206 quae
3380 3133 3576 3205 profe-

1925 3240 2079 3281 ram.

1995 3353 2130 3407 Csr.
2167 3351 2209 3402 V
2247 3350 2458 3420 legitur
2495 3349 2673 3422 vulgo
2720 3354 2777 3406 et
2833 3347 3223 3419 distinguitur
3264 3363 3276 3402 :
3311 3343 3422 3401 οἶδε
3449 3347 3576 3421 γὰρ,

1921 3445 2077 3513 φησὶν
2131 3441 2161 3498 ἡ
2211 3443 2410 3514 γραφὴ,
2458 3441 2523 3491 τὰ
2577 3441 2772 3514 κρύφια
2811 3447 2976 3492 ταῦτα
3025 3445 3119 3500 τῆς
3176 3436 3359 3508 ψυχῆς
3415 3436 3582 3510 ἁμαρ-

1920 3535 2130 3602 τήματα
2191 3526 2241 3581 ἓν
2277 3532 2378 3601 ἴσῳ
2445 3536 2554 3590 τοίς
2630 3527 2776 3591 ἐκτὸς
2861 3530 3123 3596 τίθεσθαι,
3180 3543 3250 3582 ex
3309 3527 3580 3582 versione

1921 3619 2149 3688 vulgari
2198 3620 2276 3673 ita
2337 3619 2474 3673 item
2528 3618 2848 3673 distincta:
2893 3617 3072 3674 Novit
3102 3616 3281 3682 enim,
3315 3616 3401 3672 ait
3432 3615 3584 3671 Scri-

1917 3713 2123 3776 ptura,
2154 3708 2388 3762 occulta
2420 3707 2565 3762 haec
2592 3710 2828 3762 animae
2859 3711 3104 3774 peccata
3125 3705 3266 3772 pars“
3291 3706 3416 3760 loco
3444 3720 3578 3760 cum

1921 3795 2181 3851 exlernis
2209 3795 2480 3850 Dominus
2508 3809 2761 3852 censere.
2805 3795 2910 3850 Ubi
2943 3793 3093 3848 adeo
3129 3795 3320 3868 Κύριος
3351 3792 3506 3847 male
3547 3808 3582 3848 a

1923 3882 2310 3954 sequentibus
2330 3882 2652 3954 abruptum
2674 3888 2729 3937 et
2753 3883 2870 3938 huc
2903 3887 3152 3937 tractum
3175 3887 3285 3940 est.
3310 3881 3454 3952 quia
3479 3879 3580 3934 ali-

1922 3976 2008 4027 ter
2037 3974 2239 4026 deerat
2295 3971 2636 4043 subjectum
2695 3972 2753 4026 in
2783 3972 3032 4026 ratione.
3068 3969 3181 4025 Sed
3237 3983 3578 4040 perperam.

1923 4061 2049 4118 Vox
2103 4065 2233 4133 φησὶ
2266 4059 2512 4115 minime
2547 4059 2623 4115 ad
2676 4064 2851 4131 γραφὴ
2889 4059 3156 4130 pertinet,
3203 4058 3307 4113 sed
3359 4062 3448 4112 est
3479 4055 3579 4112 illa

1923 4149 2229 4206 sollemnis
2259 4150 2316 4205 in
2367 4149 2458 4205 his
2509 4148 2822 4221 Opusculis
2871 4147 3146 4213 formula,
3206 4163 3330 4219 qua
3381 4145 3581 4202 scriba

1924 4244 2026 4295 aut
2055 4238 2334 4294 collector
2365 4239 2582 4294 horum
2643 4237 3114 4294 Macarianorum
3143 4235 3355 4300 innuit,
3392 4237 3580 4291 Maca-

1924 4329 2079 4384 rium
2108 4326 2379 4382 hocillud
2395 4327 3046 4407 sermonecelebrasse.
3094 4326 3400 4395 Distingue
3434 4338 3579 4394 ergo

1926 4418 2007 4473 ita
2047 4439 2060 4472 :
2115 4413 2228 4470 οἶδε
2273 4419 2397 4488 γὰρ,
2441 4421 2599 4488 φησιν
2643 4415 2986 4489 [Μακάριος],
3043 4418 3073 4474 ἡ
3127 4419 3302 4488 γραφὴ
3352 4416 3416 4466 τὰ
3459 4423 3581 4489 κρύ-

183 4502 231 4548 το
272 4499 482 4572 ἀγαθὸν,
554 4507 649 4555 καὶ
697 4510 790 4555 τοῦ
859 4507 1056 4576 Κυρίου
1120 4506 1452 4576 μνημονεύων
1508 4511 1618 4560 cet.
1676 4507 1810 4561 Hinc

1927 4525 2087 4578 φια...
2120 4480 2392 4571 τίθεσθαί,
2411 4480 2575 4561 nevit
2618 4480 2772 4560 enim
2813 4480 3315 4573 ἐρήριιιναθιάεσ
3345 4480 3580 4559 occuita

184 4583 232 4642 in
258 4588 465 4661 Opusc.
497 4592 520 4646 Ι
563 4589 885 4660 legendum

188 4679 294 4738 σίας
335 4681 520 4752 πράξει
581 4683 723 4744 ποτε,
791 4679 1066 4742 ίθίζων....
1130 4685 1463 4754 μνημονεύων
1516 4688 1607 4735 καὶ
1658 4701 1820 4756 προσ-

188 4758 335 4819 δοκῶν
381 4774 491 4826 cet.
554 4768 639 4824 Ita
695 4775 850 4824 recte
909 4769 1037 4839 jam
1086 4769 1333 4826 habent.
1387 4771 1569 4826 Paulo
1613 4776 1754 4843 post
1801 4790 1813 4826 :

187 4853 352 4919 μᾶλλον
401 4853 459 4911 δε
511 4859 540 4910 ὁ
597 4857 794 4930 Κύριος
842 4865 981 4910 ποιεῖ
1029 4857 1078 4910 ἐν
1138 4857 1278 4929 αὐτῷ
1324 4861 1423 4921 τὰς
1470 4855 1608 4920 ἰδίας
1659 4859 1819 4912 αὐτοῦ

189 4936 385 5009 eum
478 4950 572 4999 καὶ
647 4949 769 5006 τοὺς
840 4951 1076 5020 καρποὺς
1148 4955 1239 5000 τοῦ
1338 4951 1640 5021 πνεύματος,
1739 4949 1822 5001 ὅτε

189 5042 479 5106 καρποφορεῖ
534 5037 795 5109 καθαρῶς.
856 5035 1202 5106 Legendum
1271 5041 1415 5090 τότε
1484 5045 1817 5111 καρποφορεῖ,

190 5130 380 5193 nempe
419 5126 562 5180 talis
586 5123 778 5181 homo.
815 5127 898 5181 Ita
928 5140 1050 5180 non
1080 5125 1274 5180 solum
1303 5125 1360 5180 in
1395 5126 1647 5181 Homilia
1669 5129 1820 5184 exci-

192 5209 291 5264 tata
325 5209 557 5281 legitur,
617 5213 722 5268 sed
767 5219 823 5268 et
873 5215 1005 5284 ipsa
1054 5213 1348 5270 connexio
1371 5215 1564 5285 jubet.
1595 5219 1817 5272 Porro:

191 5302 266 5348 ui
313 5299 622 5366 ἁπαξαπλῶς
697 5309 844 5376 τηρεί
897 5302 1039 5373 αὐτῷ
1114 5305 1202 5355 τὸν
1279 5308 1477 5377 καρπὸν
1537 5311 1631 5356 τοῦ
1676 5309 1825 5359 πνεύ-

195 5403 348 5451 ματος.
412 5389 760 5462 Legendum
826 5407 896 5448 ex
961 5391 1213 5449 Homilia
1267 5396 1322 5448 et
1373 5392 1678 5464 Opusculo
1731 5395 1822 5450 VII

197 5487 307 5546 cap.
353 5479 416 5534 18
470 5496 486 5534 :
544 5477 738 5554 πληροῖ
781 5479 938 5534 αὐτὸν
985 5489 1082 5534 τῶν
1129 5489 1360 5552 καρπῶν.
1396 5481 1616 5538 Vitium
1651 5499 1686 5538 a
1730 5482 1826 5539 di-

198 5565 367 5620 οιεηιθ
407 5568 589 5624 venit.
639 5572 775 5625 Post
831 5585 986 5642 pro:
1033 5574 1143 5644 χρὴ
1191 5572 1293 5643 γὰρ
1341 5572 1585 5637 ἕκαστον,
1647 5573 1822 5645 ὥσπερ

204 5647 260 5710 ιὶς
291 5657 376 5712 τὴν
426 5656 591 5730 εὐχὴν
625 5656 874 5733 βιάζεται
924 5659 1104 5714 ἑαυτὸν
1150 5665 1241 5713 καὶ
1295 5661 1457 5733 ἄγχει
1503 5665 1638 5731 cet.,
1687 5660 1825 5719 licet

1073 4601 1164 4654 τῆς
1201 4589 1426 4667 καρδίας
1468 4600 1624 4658 ποιεῖ,
1675 4593 1820 4647 ἐκου-

1929 4597 2165 4651 animae
2195 4595 2336 4651 vilia
2363 4594 2504 4663 pari
2531 4594 2592 4649 in
2617 4594 2824 4663 pretio,
2843 4610 2913 4650 ac
2933 4594 3046 4649 illa
3063 4600 3312 4649 externa
3338 4606 3580 4663 ponere.

1932 4684 2252 4755 Sequentia
2280 4684 2520 4748 docent,
2555 4683 2714 4738 hunc
2739 4698 2868 4738 esse
2928 4697 3135 4737 verum
3185 4696 3452 4739 sensum.
3481 4677 3584 4734 ubi

1932 4771 2253 4841 alligantur
2282 4770 2511 4842 aliquot
2541 4772 2812 4827 carmina
2859 4770 3200 4840 Scripturae
3230 4767 3305 4823 de
3337 4765 3586 4822 occultis

1932 4859 2149 4916 talibus
2181 4859 2336 4914 vitiis
2365 4858 2526 4932 [Pag.
2569 4858 2653 4932 I3]
2692 4857 3165 4930 pronuntiantia.
3211 4855 3418 4912 Statim
3452 4859 3589 4926 post

1932 4949 2048 5004 ista
2098 4950 2370 5021 sequitur
2419 4957 2734 5020 corruptus
2773 4949 2913 5004 item
2964 4947 3128 5002 locus
3169 4949 3306 4998 ικαὶ
3343 4953 3441 4998 τῶν
3492 4945 3586 4996 λα-

1929 5037 2153 5091 λούντων
2234 5038 2441 5110 εἰρήνην
2498 5040 2632 5110 μετὰ
2693 5045 2792 5088 τῶν
2847 5036 3068 5094 πλησίον
3149 5033 3340 5098 αὐτῶν,
3392 5039 3480 5086 καὶ
3525 5035 3592 5086 τὰ

1933 5126 2051 5189 ἑξῆς
2086 5145 2098 5159 ·
2154 5131 2243 5180 καὶ
2295 5127 2487 5179 πάλιν
2529 5131 2619 5178 καὶ
2664 5128 2765 5201 γὰρ
2811 5125 2858 5176 ἐν
2915 5120 3114 5197 καρδίᾳ
3163 5122 3377 5195 ἀνομίας
3429 5121 3589 5196 ἔργά-

1933 5217 2120 5278 ζεσθαι
2146 5215 2193 5268 ἑν
2231 5225 2293 5289 τῇ
2325 5224 2417 5288 γῇ.
2465 5216 2570 5271 Ubi
2607 5217 2866 5286 primum
2903 5230 3116 5268 sensus
3156 5228 3273 5267 non
3306 5211 3591 5282 exprimi-

1933 5311 2046 5372 tur,
2078 5306 2180 5376 qui
2213 5306 2271 5360 in
2320 5304 2553 5360 Psalmo
2583 5309 2689 5372 est,
2747 5304 2966 5358 scilicet
3020 5318 3149 5367 eos,
3201 5301 3304 5373 qui
3332 5299 3495 5356 aliud
3529 5301 3590 5356 in

1934 5399 2194 5468 pectore,
2223 5409 2406 5466 quam
2431 5394 2489 5448 in
2509 5393 2714 5462 lingua
2741 5392 3025 5458 habeant,
3058 5407 3095 5448 a
3125 5392 3245 5447 Deo
3277 5388 3593 5460 insigniter

1934 5484 2151 5558 puniri,
2187 5483 2419 5539 utalios
2451 5489 2652 5556 aperte
2684 5486 3046 5554 peccatores.
3090 5481 3308 5537 Deinde
3341 5479 3594 5536 efﬁcitur

1934 5573 2112 5646 quasi
2164 5571 2318 5627 alius
2369 5571 2537 5627 locus
2591 5590 2602 5630 :
2650 5569 2698 5622 ἐν
2739 5566 2938 5643 καρδίᾳ
2997 5569 3214 5641 ἀνομίας
3275 5569 3594 5643 ἐργάζεσθαι

1945 5659 1992 5714 ἄν
2022 5662 2085 5735 τῇ
2117 5668 2209 5734 γῇ,
2246 5676 2426 5735 quem
2458 5665 2511 5716 et
2561 5659 2755 5717 versio
2794 5659 2981 5717 latina
3009 5660 3090 5716 ita
3119 5659 3417 5732 exprimit,
3454 5669 3590 5713 cum
