4078 6194
489 270 596 328 279

1844 260 1943 316 J0.
1989 259 2146 315 SAL.
2187 259 2561 318 lEMLERUS
3774 266 3869 321 280

476 395 592 451 tale
616 394 841 449 dictum
902 406 1020 446 non
1075 388 1430 451 inveniatur,
1460 393 1516 444 et
1544 388 1587 441 si
1621 387 1999 445 inveniretur.
2056 391 2139 439 ta—
2172 382 2220 437 Α
2248 388 2512 454 ipsorum
2569 394 2621 444 et
2652 386 3042 443 cadaveribus
3094 390 3156 441 in
3205 387 3452 442 deserto.
3482 388 3581 451 Ita,
3615 388 3863 460 inquam,

479 500 616 539 men
640 483 717 538 ad
745 498 867 537 rem
897 483 1208 536 tractatam
1234 494 1352 533 non
1382 478 1695 547 pertineat.
1725 478 1863 531 Hinc
1895 480 2032 529 ante
2051 473 2140 525 λα-

476 574 704 625 λούντωυ
728 568 1077 641 reponenda
1106 572 1263 628 sunt,
1286 583 1442 639 quae
1465 570 1695 621 exstant
1720 564 1779 619 in
1809 564 1902 619 Ps.
1935 578 2130 627 xxvm,

478 666 508 718 3
544 679 556 716 :
590 666 675 718 Μὴ
741 658 1057 729 συνελκύσῃς
1098 659 1229 727 μετὰ
1284 654 1600 729 ἁμαρτωλῶν
1648 658 1741 711 τὴν
1790 652 1975 723 ψυχήν
2005 671 2126 724 μου,

479 756 569 803 καὶ
623 750 751 821 μετὰ
818 746 1169 819 ἐργαζομένων
1230 741 1442 796 ἀδικίαν
1498 748 1568 814 μὴ
1640 742 1993 813 συναπολίσῃς
2047 760 2134 812 με,

481 849 581 893 τῶν
608 838 894 891 λαλούντων
940 840 1073 904 cet.,
1119 833 1378 889 delenda
1422 848 1563 887 vero
1603 838 1740 887 sunt
1784 830 1831 882 ἓν
1872 826 2136 903 καρδίᾳ...

476 937 537 1001 τῇ
570 936 669 999 γῇ.
702 929 852 981 Nam
885 923 1102 995 ἀνομίας
1149 922 1238 978 vel
1279 920 1494 994 ἀνομίαν
1527 926 1652 977 erat
1696 920 1935 975 varians
1969 919 2140 975 lectio

480 1025 572 1071 τοῦ
605 1012 878 1068 ἀδικίαν
911 1013 969 1067 in
1000 1010 1253 1079 Psalmo,
1278 1017 1333 1066 et
1358 1016 1552 1066 cetera
1587 1015 1869 1079 corrupta
1900 1008 2142 1064 aliunde

493 1110 649 1168 sunt,
689 1102 1013 1158 memoriae
1044 1101 1184 1156 vitio
1208 1100 1537 1155 maximam
1568 1104 1819 1170 partem,
1857 1098 1957 1153 ubi
1988 1098 2141 1153 alius

483 1195 663 1249 citata
695 1192 863 1246 aliter
893 1188 1168 1261 explevit.
1224 1191 1372 1245 Nam
1430 1204 1551 1243 non
1583 1188 1810 1256 integer
1837 1187 2007 1243 locus
2042 1202 2143 1258 apo

486 1281 719 1354 positus
743 1278 869 1347 fuit,
899 1277 1002 1333 sed
1061 1280 1290 1333 tantum
1344 1276 1544 1347 prima
1574 1276 1775 1342 verba,
1816 1282 1873 1331 et
1899 1276 2141 1345 signum

489 1368 779 1425 orationis
832 1367 1126 1436 abruptae
1174 1386 1223 1421 κ.
1276 1385 1325 1419 τ.
1368 1385 1410 1421 ε.
1458 1368 1585 1421 Mox
1644 1366 1909 1436 sequitur
1964 1382 1976 1418 :
2032 1362 2141 1416 ἐπεὶ

481 1467 599 1520 πῶς
678 1454 899 1509 δυνατὸν
976 1454 1424 1527 ἁγαθοεργοῦντας
1504 1455 1702 1507 ἐσάπαν
1780 1453 1973 1517 λαθεῖν,
2033 1469 2142 1524 pro

484 1562 605 1619 quo
652 1546 863 1600 melius
929 1543 1044 1613 legi
1104 1543 1337 1597 videtur
1377 1559 1551 1615 posse
1598 1560 1611 1597 :
1656 1546 1818 1603 εἴποις
1852 1550 1957 1602 πῶς
2007 1549 2141 1605 cet.,

485 1636 659 1692 dices.
706 1638 851 1690 Nam
902 1636 1005 1685 ἐπεὶ
1063 1639 1223 1688 caret
1273 1634 1659 1696 connexione,
1707 1648 1891 1704 quam
1944 1637 2141 1686 tamen

489 1724 792 1780 mentitur.

561 1816 693 1869 CAP.
755 1812 819 1866 XI
865 1826 876 1865 :
934 1812 1050 1872 ἣτις
1084 1809 1306 1883 [ἑντολὴ,
1362 1826 1482 1865 non
1534 1808 1733 1881 ἀγάπη,
1790 1814 1853 1863 ut
1906 1807 2144 1880 supplet

487 1899 805 1973 interpres]
860 1898 959 1951 ἀπὸ
1017 1907 1106 1959 τῆς
1154 1895 1299 1951 ἔνδον
1356 1901 1501 1971 ἡμῶν
1560 1895 1841 1960 διαθέσεως
1903 1895 2143 1956 συνειδὴ-

493 1994 619 2051 σεῶς
656 2009 709 2041 τε
758 1989 980 2059 ἀγαθῆς,
1034 1993 1124 2040 καὶ
1176 1989 1360 2058 ὑγειῶν
1416 1996 1513 2039 τῶν
1556 1990 1680 2060 πρὸς
1738 1990 1866 2040 Θεὸν
1920 1986 2139 2055 ἐννοιῶν,

492 2080 700 2150 συνάμα
779 2083 869 2129 καὶ
956 2076 1206 2149 βοηθείας
1300 2081 1749 2149 συνεφαπτομένης
1836 2080 2143 2127 συνίσταται

491 2173 603 2224 cet.
654 2168 806 2236 Lege
860 2165 1108 2238 βοηθείας
1163 2168 1322 2230 θείας,
1374 2182 1508 2221 nam
1564 2166 1713 2221 haec
1768 2181 1881 2220 vox
1928 2182 1964 2221 a
2018 2163 2146 2237 βοη..

494 2259 636 2319 θείας
664 2255 905 2327 syllabis
939 2256 1253 2325 postremis
1279 2254 1567 2325 absorpta
1592 2260 1697 2308 est.

565 2348 646 2402 AD
671 2346 915 2400 TERTIUM
939 2344 1291 2410 Oruscuwu,
1322 2350 1363 2396 II
1380 2348 1475 2417 ερὶ
1514 2363 1635 2416 προ
1652 2363 1759 2396 σευ
1777 2352 1859 2415 χῆ
1883 2362 1923 2409 ς,
1948 2358 2146 2415 pauca

493 2435 642 2491 haec
673 2434 964 2506 praefero.

568 2525 701 2579 CAP.
736 2522 782 2577 V
816 2539 828 2576 :
868 2522 910 2574 εὶ
959 2526 1030 2594 μὴ
1081 2523 1111 2579 ἠ
1168 2524 1608 2595 ταπεινοφροσύνῃ
1642 2521 1731 2573 καί
1779 2524 1807 2580 ἡ
1862 2521 2064 2592 ἀγάπη,
2113 2522 2141 2578 ἡ

496 2611 725 2673 ἁπλότης
781 2631 833 2664 τε
906 2616 994 2663 καὶ
1064 2609 1327 2681 ἁγαθότης
1382 2610 1765 2662 κατακολλῶσιν
1822 2610 1983 2683 [Ρᾶς.
2062 2608 2146 2681 14]

492 2703 618 2774 ἡμῖν
659 2706 750 2760 τὴν
796 2701 958 2773 εὐχὴν
1002 2708 1135 2767 cet.,
1185 2702 1321 2757 Nisi
1359 2700 1764 2771 conglutinent
1814 2700 1977 2755 nobis
2016 2715 2148 2755 ora-

496 2792 751 2854 tionem;
788 2806 965 2845 sensu
1020 2806 1141 2845 non
1191 2789 1445 2861 optimo.
1502 2789 1840 2858 Legendum
1889 2787 2147 2841 κατακαλ-

493 2878 697 2943 λιῶσιν,
729 2882 961 2943 ornenl,
997 2883 1060 2933 ut
1100 2878 1181 2950 (a)
1215 2880 1275 2933 in
1308 2878 1522 2949 Opusc.
1566 2878 1586 2931 Ι
1618 2894 1749 2948 cap.
1781 2878 1815 2931 9
1850 2894 1861 2933 :
1897 2876 1979 2929 ἰὰν
2010 2881 2080 2949 μὴ
2114 2878 2143 2934 ἡ

496 2970 937 3043 ταπεινοφροσύνῃ
988 2972 1077 3019 καὶ
1132 2969 1161 3025 ἠ
1216 2966 1442 3028 ἁπλότης
1498 2971 1586 3019 καὶ
1638 2969 1666 3025 ἡ
1726 2966 1991 3038 ἀγαθότης
2059 2985 2150 3016 κα-

2248 492 2463 547 graeca
2514 476 2821 532 reddenda
2879 482 3034 531 sunt.
3071 476 3331 532 Clariora
3361 477 3562 531 omnia
3591 485 3793 544 essent,
3834 480 3876 535 si

2250 566 2491 621 abesset
2515 571 2625 632 καὶ,
2669 571 2725 621 et
2754 566 3046 634 legeretur
3080 572 3308 621 tantam
3349 561 3445 617 διὰ
3472 573 3642 620 τοῦτο.
3678 567 3877 622 Eodem

2250 655 2442 725 capite
2477 655 2656 724 paulo
2684 661 2815 725 post
2844 655 2955 709 ista
2988 670 2999 709 :
3032 658 3091 706 τὸ
3129 651 3187 707 δε
3231 654 3522 712 ἀποστῆναι
3556 655 3647 706 οὐκ
3692 654 3769 707 ἐπὶ
3800 663 3883 708 τοῦ

2252 743 2605 818 ἀρνήσασθαι,
2652 742 2819 816 [Ρδεν
2885 744 2973 812 15]
3026 742 3133 795 ἁλλ’
3179 746 3262 796 ἑπὶ
3291 750 3383 795 τοῦ
3435 751 3543 803 ταῖς
3574 743 3885 814 ἐπαγγελίαις

2251 832 2412 885 αὐτοῦ
2476 832 2792 897 ἀπιστῆσαι,
2874 834 3094 885 τέθεικεν
3129 849 3142 863 ·
3204 831 3377 904 ἀμέλει
3433 837 3521 884 καὶ
3586 835 3649 883 τὰ
3706 835 3884 884 τυπικὰ

2248 931 2346 975 τῶν
2397 919 2667 974 Ἰουδαίων
2709 920 3026 993 ἁλληγορῶν.
3093 921 3199 977 Ubi
3247 921 3394 992 quid
3445 922 3519 976 sit
3557 920 3743 992 ἀμέλει,
3775 937 3882 976 non

2252 1011 2622 1083 interpretari
2650 1027 2924 1082 possum.
2966 1010 3308 1077 Legendum
3338 1016 3479 1081 puto
3511 1025 3618 1080 pro
3647 1026 3714 1065 eo
3738 1010 3883 1062 risu-

2252 1120 2354 1165 κεν,
2415 1099 2717 1172 ἕπαγγελίας
2776 1105 2863 1152 καὶ
2912 1102 2978 1151 τὰ
3025 1102 3222 1152 τυπικὰ
3276 1107 3373 1151 τῶν
3406 1096 3693 1163 Ἰουδαίων,
3744 1098 3887 1156 ἀλλη-

2252 1198 2420 1263 γορῶν
2454 1195 2569 1246 cet.

2326 1281 2657 1337 Oruscuwu
2693 1278 2805 1343 tlll,
2840 1280 2919 1334 De
2949 1277 3255 1334 Patientia
3295 1283 3347 1333 et
3386 1276 3759 1333 Discretione.

2324 1371 2470 1439 Cap.
2512 1368 2584 1422 Ill
2628 1368 2842 1436 legitur
2874 1386 2885 1422 ε
2930 1370 2998 1429 ὡς
3026 1368 3074 1418 οἱ
3107 1372 3225 1438 περὶ
3254 1367 3420 1425 Ἰαννή
3458 1385 3592 1438 φημι
3640 1370 3722 1417 καὶ
3754 1372 3887 1437 Μαμ-

2253 1456 2401 1531 ϐρῆν,
2437 1461 2501 1512 ut
2528 1458 2741 1513 Jannes
2771 1463 2825 1512 et
2866 1456 3180 1511 Mambres.
3220 1455 3324 1511 Ubi
3360 1454 3493 1509 licet
3524 1453 3768 1527 Ἰαμϐρῆς
3795 1454 3891 1509 fre-

2252 1548 2531 1619 quentius
2554 1547 2644 1610 sit,
2669 1562 2857 1617 quam
2883 1560 2985 1615 per
3048 1544 3357 1607 Mambres,
3385 1545 3495 1599 hoc
3549 1549 3744 1598 tamen
3768 1544 3889 1598 ferri

2251 1635 2598 1707 debet,quia
2620 1634 2677 1689 in
2693 1634 3001 1705 evangelio
3022 1634 3377 1706 apocrypho
3403 1632 3703 1689 Nicodemi
3720 1632 3892 1688 Mam-

2182 1725 2222 1779 B
2254 1726 2382 1781 bres
2412 1726 2551 1780 item
2583 1724 2815 1789 legitur,
2850 1740 3032 1796 quam
3068 1724 3426 1793 scripturam
3474 1724 3653 1777 etiam
3712 1726 3889 1776 servat

2253 1815 2363 1871 MS.
2396 1814 2579 1870 codex
2601 1814 2660 1868 in
2687 1812 3047 1869 bibliotheca
3077 1811 3608 1883 OrphanotrOphii.
3648 1814 3893 1866 Ceterum

2254 1905 2525 1960 videatur
2561 1902 2862 1959 Fabricius
2912 1902 2971 1957 in
3005 1901 3219 1956 Codice
3250 1899 3613 1971 Apocrypho
3646 1902 3705 1954 N.
3742 1901 3797 1955 Τ.
3827 1899 3891 1952 de

2253 1994 2366 2049 hac
2424 2009 2588 2048 voce.
2641 1991 2805 2046 Idem
2859 1992 2969 2046 MS.
3003 1990 3193 2045 codex
3239 1988 3481 2043 exhibet
3518 1990 3756 2043 Jamnes
3794 2002 3887 2056 pro

2252 2084 2474 2139 Jannes
2500 2099 2518 2144 ;
2545 2097 2652 2136 nec
2670 2079 2831 2152 piget
2846 2079 3142 2147 integrum
3166 2076 3365 2131 locum
3379 2077 3738 2141 exscribere,
3760 2074 3888 2145 quia

2254 2170 2501 2226 differta
2530 2168 2771 2237 vulgata
2794 2166 3040 2222 lectione
3055 2164 3218 2236 apud
3246 2164 3587 2219 Fabricium
3620 2182 3632 2219 :
3664 2170 3716 2219 et
3737 2168 3891 2219 erant

2253 2260 2337 2315 ibi
2362 2264 2639 2314 curantes
2665 2256 2877 2313 medici
2904 2257 3141 2311 nomine
3168 2254 3408 2311 Jamnes
3439 2261 3491 2310 et
3523 2253 3821 2315 .llambres.
3842 2261 3890 2308 et

2253 2350 2524 2417 fecerunt
2554 2350 2749 2417 signa,
2776 2360 2929 2417 quae
2954 2345 3102 2413 fecit
3132 2344 3376 2413 Moyses,
3412 2343 3513 2399 sed
3543 2359 3663 2398 non
3692 2340 3891 2397 omnia.

2257 2436 2449 2493 Lectio
2499 2436 2739 2503 vulgata
2795 2435 2975 2490 habet
3015 2453 3035 2489 :
3066 2434 3257 2489 Erant
3290 2434 3373 2488 ibi
3414 2434 3583 2503 magi
3609 2432 3822 2487 Jannes
3849 2436 3895 2486 et

2255 2526 2571 2589 Mambres,
2581 2526 2972 2595 feceruntque
2996 2529 3048 2580 et
3061 2522 3174 2591 ipsi
3192 2538 3300 2589 per
3320 2522 3755 2578 incantationes
3775 2533 3897 2575 sua:

2255 2617 2447 2685 signa,
2474 2629 2625 2687 quae
2650 2614 2881 2683 fecerat
2911 2613 3160 2681 Moyses,
3194 2612 3297 2667 sed
3322 2627 3442 2666 non
3470 2626 3583 2680 per
3604 2610 3813 2666 omnia.
3843 2610 3896 2662 lu

2258 2706 2367 2760 MS.
2404 2703 2499 2759 illo
2549 2703 2752 2758 codice
2786 2701 3074 2757 mendum
3114 2707 3222 2764 est,
3256 2700 3335 2756 ita
3364 2699 3512 2755 forte
3552 2698 3895 2755 tollendum:

2256 2794 2333 2849 Et
2364 2798 2535 2850 erant
2558 2792 2639 2847 ibi
2654 2792 3061 2847 incantatores
3088 2789 3309 2861 magici
3330 2794 3439 2844 cet.
3469 2789 3657 2860 Hujus
3696 2784 3897 2843 codicis

2260 2885 2367 2940 MS.
2438 2883 2570 2937 ideo
2632 2881 2728 2936 hic
2782 2879 2891 2935 feci
2936 2880 3322 2942 mentionem,
3364 2877 3507 2950 quia
3564 2878 3779 2947 dignus
3814 2878 3895 2929 est

2258 2972 2526 3043 quicum
2578 2969 2734 3025 edito
2768 2974 2923 3024 textu
2958 2967 3207 3024 Fabricii
3257 2966 3623 3030 conferatur,
3663 2963 3817 3038 quod
3849 2968 3897 3017 et

496 3062 811 3130 τακοσμήσῃ
895 3059 1054 3129 ἡμᾶς.
1115 3056 1226 3111 Ubi
1296 3072 1402 3127 pro
1483 3058 1615 3128 ἡμᾶς
1667 3056 1823 3111 adde
1876 3057 1997 3128 ἡμῖν
2056 3059 2147 3112 τὴν

2264 3061 2591 3117 accuratior
2617 3065 2671 3114 et
2703 3057 2931 3129 plenior
2990 3057 3300 3128 scriptura.
3335 3060 3391 3111 et
3423 3056 3629 3111 multis
3658 3052 3895 3109 historiis

498 3146 683 3217 εὐχήν,
718 3151 779 3201 ut
807 3145 1150 3201 necessario
1190 3162 1397 3200 sensus
1423 3145 2149 3215 postulatetcollatiocum

498 3234 797 3305 Opusculo
826 3235 935 3287 isto
967 3235 1056 3287 Ill.
1100 3236 1321 3305 Κοσμέὼ
1368 3239 1424 3287 et
1457 3233 1678 3284 καλλιόω
1715 3234 1926 3287 eodem
1970 3247 2150 3287 sensu

499 3328 655 3377 sunt.
691 3324 755 3377 Et
779 3322 837 3375 in
873 3321 990 3375 ﬁne
1048 3321 1257 3391 capitis
1293 3322 1471 3391 hujus
1501 3324 1541 3373 V
1583 3337 1736 3391 pone
1780 3320 2019 3390 signum
2054 3321 2147 3373 in-

500 3409 847 3478 terrogandi
924 3426 936 3463 :
982 3413 1053 3479 μὴ
1101 3409 1295 3478 ἀγνοῶν
1345 3414 1579 3480 φαίνεται
1635 3408 1979 3479 ψυχαγωγεῖν
2033 3407 2153 3459 ἐαυ-

500 3501 586 3549 τὸν
656 3502 1124 3572 παρακρουόμενος,
1206 3503 1296 3549 καὶ
1400 3499 1634 3568 μεγάλων
1718 3502 1874 3559 ὅντως
1943 3505 2152 3569 καρπῶν

500 3594 592 3637 τοῦ
642 3588 950 3652 πνεύματος,
1010 3583 1103 3637 διὰ
1158 3589 1216 3637 τὸ
1272 3586 1433 3648 οὕτως
1492 3589 1652 3657 ἔχειν,
1699 3585 2037 3661 ἀποστερῶν;
2090 3587 2153 3641 ln

500 3674 755 3745 vulgatis
803 3681 893 3731 est
922 3675 1089 3728 τελεία
1139 3682 1360 3748 στιγμή,
1401 3676 1563 3747 quod
1597 3691 1838 3732 sensum
1883 3675 2151 3747 impedit.

574 3766 701 3820 CAP.
762 3766 830 3819 IX
885 3771 1149 3821 extremo
1203 3781 1310 3837 pro
1362 3768 1431 3828 ως
1503 3769 1559 3817 τὸ
1616 3765 1745 3817 πολὺ
1803 3767 1896 3818 οὐκ
1954 3764 2158 3818 ἐκπλεό-

502 3874 651 3923 νασε,
704 3859 793 3906 καὶ
838 3858 907 3917 ὡς
956 3859 1012 3907 τὸ
1062 3855 1235 3927 ὀλίγον
1292 3854 1384 3908 οὐκ
1436 3854 1775 3913 ἠλαττόνησεν
1829 3855 1956 3923 lege
1999 3872 2069 3911 ex
2118 3856 2157 3909 ΙΙ

504 3945 663 4000 Corr.
699 3961 791 4001 vui
825 3950 881 4001 et
913 3946 1093 4001 Exod.
1124 3961 1221 4001 xvx
1250 3962 1261 4001 :
1291 3947 1316 3996 ὁ
1347 3948 1403 3997 τὸ
1436 3946 1589 4009 πολὺ,
1622 3952 1677 4001 et
1702 3946 1727 3997 ὁ
1756 3949 1814 3997 τὸ
1844 3945 2015 4017 ὀλίγον
2068 3944 2159 4000 vel

504 4033 713 4087 ἔλαττον
726 4078 739 4090 ,

579 4125 711 4179 CAP.
765 4124 805 4177 Χ
847 4128 977 4193 post
1030 4123 1257 4177 initium
1305 4139 1316 4175 ε
1360 4128 1449 4175 καὶ
1478 4130 1539 4195 τῇ
1584 4122 1715 4195 εὐχῇ
1762 4122 1981 4197 ὀκνηρὸς
2009 4128 2157 4187 cet.;

508 4208 635 4279 lege
664 4210 744 4266 ob
777 4210 1081 4265 meliorem
1116 4212 1549 4267 connexionem
1580 4216 1670 4263 καὶ
1695 4230 1773 4281 γε,
1817 4212 1904 4266 vel
1932 4217 2021 4264 καὶ
2058 4214 2160 4283 γὰρ

508 4303 618 4353 cet.

582 4386 766 4455 Pergo
805 4387 881 4441 ad
921 4402 1047 4443 CAP.
1096 4388 1227 4447 Xlll.
1284 4388 1522 4443 omissis
1578 4387 1777 4442 multis
1813 4388 2046 4442 mendis
2077 4395 2163 4459 ty-

508 4474 931 4546 pographicis;
994 4479 1117 4536 τοὺς
1173 4472 1428 4528 ἀδύνατον
1485 4478 1892 4547 ὴγουμένους....
1952 4478 1976 4528 ὁ
2033 4475 2155 4529 ἀπὸ-

512 4563 691 4626 στολος
746 4560 1043 4639 διαρρήδην
1096 4564 1320 4624 ἐοικότας
1374 4564 1563 4625 αὐτοὺς
1623 4561 1861 4618 δείκνυσι
1916 4573 2024 4628 τοῖς
2078 4562 2151 4619 δι’

512 4652 763 4706 ἀπιστίαν
807 4659 900 4712 τὴν
947 4664 1046 4727 γῆν
1095 4662 1192 4717 τῆς
1253 4653 1560 4725 ἐπαγγελίας
1603 4653 1846 4707 εἰσελθεῖν
1912 4660 1982 4726 μὴ
2030 4655 2159 4718 ᾖξ’-»-

510 4748 703 4814 μένοις,
755 4750 841 4796 καὶ
901 4740 996 4797 διὰ
1074 4751 1225 4796 τοῦτο
1273 4749 1615 4796 πεπτωκότων
1671 4744 1843 4804 αὐτοῖς
1899 4752 1999 4796 τῶν
2063 4751 2160 4797 κώ-

507 4831 605 4883 λων
662 4834 708 4884 ἓν
775 4841 836 4905 τῇ
898 4832 1091 4905 ἐρήμῳ.
1154 4834 1259 4889 Ubi
1317 4848 1533 4902 graeca
1584 4834 1773 4888 oratio
1834 4832 2159 4901 σολοικίζει;

517 4920 725 4977 saltem
752 4921 835 4977 ita
854 4922 1104 4985 videtur,
1135 4922 1247 4977 nisi
1263 4922 1581 4977 commode
1596 4921 1937 4992 explicetur.
1957 4924 2164 4980 Latina

512 5010 706 5065 versio
721 5011 868 5066 haec
882 5027 1095 5079 graeca
1114 5011 1369 5079 neglexit
1391 5011 1831 5082 proptersolam
1844 5013 1998 5067 hanc
2014 5029 2155 5068 cau-

515 5112 668 5165 sam,
701 5105 757 5154 et
788 5100 1339 5171 posuitversionem
1376 5099 1595 5168 vulgati
1622 5101 2149 5172 interpretis.Tuita

522 5194 681 5244 verte
710 5204 722 5240 :
764 5202 1035 5255 expresse
1062 5189 1280 5244 similes
1327 5188 1469 5245 dicit
1500 5190 1646 5255 istis,
1682 5192 1785 5261 qui
1810 5207 1846 5246 a
1876 5191 2169 5258 promissa

524 5283 685 5333 terra
714 5283 963 5345 propter
992 5276 1237 5329 ἀπιστίαν
1255 5278 2033 5347 prohibitisunt,prostratis
2062 5282 2153 5337 vel

523 5372 775 5435 propter
824 5366 954 5431 hoc,
1010 5365 1026 5420 i
1081 5381 1133 5421 e.
1174 5367 1317 5439 quia
1357 5382 1476 5424 non
1506 5367 1849 5437 credebant,
1878 5368 2152 5426 membris

2261 3156 2317 3205 et
2332 3147 2773 3204 narrationibus
2788 3147 3015 3201 auctior
3032 3144 3385 3200 estlibellus.
3414 3143 3764 3215 Exemplum
3780 3141 3893 3209 ejus

2261 3239 2342 3293 rei
2376 3237 2672 3308 proferam
2702 3234 3005 3307 quaedam
3033 3251 3102 3289 ex
3151 3233 3590 3305 posterioribus
3621 3232 3783 3306 [Pag.
3816 3229 3895 3298 16]

2261 3325 2438 3390 foliis,
2471 3324 2648 3396 paulo
2681 3332 2818 3380 ante
2845 3323 3027 3379 ﬁnem
3057 3323 3348 3393 evangelii
3387 3323 3597 3392 hujus,
3626 3320 3723 3385 ibi,
3756 3332 3896 3391 quae

2262 3420 2602 3476 occurrunt,
2636 3414 2840 3468 omnia
2872 3429 2908 3467 a
2932 3411 3193 3481 vulgatis
3227 3412 3470 3467 absunt.
3522 3413 3677 3466 Inter
3706 3408 3815 3464 alia
3850 3408 3899 3460 et

2261 3502 2410 3558 haec
2436 3502 2509 3556 de
2544 3502 2783 3557 Simone
2816 3504 3007 3569 Mago,
3039 3501 3210 3571 cujus
3238 3501 3297 3555 in
3336 3500 3557 3555 eodem
3588 3501 3698 3554 hoc
3726 3495 3898 3565 capite

2265 3592 2495 3649 Macarii
2518 3592 2579 3646 ﬁt
2605 3592 2826 3645 mentio
2852 3608 2864 3645 :
2899 3593 3093 3646 Antea
3112 3590 3355 3662 quidam
3376 3590 3798 3645 Samaritanus
3820 3598 3899 3640 ve-

2265 3686 2437 3737 nerat
2452 3680 2686 3735 nomine
2704 3682 2947 3750 Symon,
2972 3679 3032 3733 in
3047 3687 3178 3735 arte
3192 3678 3424 3746 magica
3440 3678 3620 3733 nimis
3633 3676 3901 3734 eruditus.

2268 3772 2331 3825 in
2345 3786 2459 3841 quo
2480 3776 2534 3826 el
2563 3770 2836 3825 demonia
2852 3770 3041 3823 multa
3068 3768 3511 3823 inhabitabant.
3542 3767 3655 3835 Qui
3669 3764 3901 3823 dicebat,

2269 3861 2428 3932 quod
2440 3861 2563 3927 ipse
2573 3875 2710 3929 pass
2719 3875 2782 3913 us
2791 3860 3286 3928 fuisset,mortuus
3305 3864 3357 3913 et
3371 3859 3722 3927 sepultus,et
3748 3851 3906 3908 tertia

2272 3951 2365 4006 die
2376 3950 2741 4006 asserebatse
2758 3947 3373 4015 ressurrexisseﬂuae
3391 3947 3531 4002 dum
3550 3946 3745 4003 Neron
3756 3942 3905 3997 iCae-

2272 4039 2397 4094 sari
2408 4040 2693 4095 nunciata
2701 4038 2957 4108 fuissent
2968 4038 3040 4093 de
3052 4037 3187 4092 Iesu
3203 4035 3654 4094 Christo.Filtio
3675 4032 3772 4089 Dei
3785 4027 3904 4096 vivi,

2273 4133 2326 4183 et
2364 4128 2582 4192 omnia,
2636 4141 2791 4198 quae
2838 4126 2910 4182 de
2935 4141 2999 4182 eo
3026 4132 3197 4182 erant
3250 4132 3388 4181 acta
3415 4125 3586 4191 apud
3614 4122 3902 4179 Iudaeam.

2272 4217 2622 4270 nunciatum
2639 4222 2719 4270 est
2734 4215 2977 4271 simulei
2985 4216 3057 4271 de
3086 4216 3327 4284 Pylato.
3347 4213 3459 4282 Qui
3468 4214 3673 4269 statim
3699 4204 3903 4266 direxit

2271 4318 2406 4358 suos
2428 4303 2637 4358 milites
2656 4306 2713 4357 in
2731 4302 3111 4372 Cymerinam
3125 4303 3443 4365 civitatem,
3459 4309 3512 4357 et
3540 4302 3822 4371 Pylatum
3837 4292 3909 4349 ad

2271 4408 2331 4447 se
2344 4391 2593 4448 accersir
2604 4392 3039 4460 ipraecepit.Et
3053 4408 3184 4447 cum
3199 4394 3252 4447 ei
3264 4397 3686 4460 praesentatus
3695 4386 3909 4458 fuisset,

2274 4480 2549 4537 narravit
2564 4480 2788 4535 Neroni
2798 4480 2993 4535 omnia
3005 4496 3157 4552 quae
3171 4481 3243 4537 de
3262 4480 3497 4535 Christo
3513 4480 3825 4535 Nazarene
3836 4470 3913 4526 di-

2274 4578 2371 4627 cta
2387 4570 3080 4641 sunt,praesentavitque
3107 4569 3158 4625 ei
3178 4569 3504 4636 discipulos
3530 4570 3660 4638 ejus
3692 4568 3912 4621 Petrum

2275 4667 2325 4717 et
2343 4660 2620 4714 Paulum.
2640 4658 2668 4712 Ι
2670 4658 2761 4725 psi
2771 4666 2967 4715 autem
2981 4659 3254 4727 apostoli,
3271 4659 3603 4725 refutantes
3615 4657 3916 4726 Symonem

2276 4764 2397 4805 esse
2410 4747 2735 4812 Christum,
2752 4747 3035 4803 dixerunt
3049 4747 3278 4803 Neroni
3294 4746 3563 4802 Caesari:
3580 4746 3743 4801 Bone
3756 4743 3917 4807 impe-

2276 4844 2466 4902 rator,
2489 4836 2541 4891 si
2570 4838 2655 4892 vis
2684 4837 2854 4901 scire,
2881 4851 3034 4908 Quae
3053 4844 3221 4903 gesta
3264 4842 3401 4891 sunt
3446 4835 3520 4891 de
3557 4833 3803 4895 Iudaea,
3834 4842 3919 4883 ac-

2279 4929 2407 4995 cipe
2421 4926 2623 4982 literas
2638 4926 2817 4995 hujus
2835 4926 3035 4980 Pontii
3048 4925 3253 4993 Pylati
3264 4926 3344 4979 ad
3362 4923 3681 4979 Claudium
3705 4919 3915 4976 missas.

2281 5023 2333 5073 et
2348 5026 2489 5070 tunc
2510 5015 2707 5070 omnia
2730 5028 3078 5083 cognoscere
3089 5013 3327 5081 poteris.
3345 5014 3665 5069 Illeautem
3699 5007 3920 5063 mittens

2284 5106 2364 5161 ad
2386 5103 2802 5159 bibliothecam
2832 5102 3201 5169 Capitolii,in
3224 5118 3337 5173 quo
3357 5102 3489 5171 ipsa
3502 5099 3727 5168 scripta
3751 5093 3921 5152 conti-

2287 5193 2603 5249 nebantur.
2621 5190 2977 5260 Accepitque
2990 5192 3220 5247 easdem
3244 5192 3469 5255 literas,
3485 5194 3537 5245 et
3554 5189 3698 5259 legit
3729 5199 3823 5242 eas
3842 5184 3919 5250 ;el

2287 5281 2463 5337 series
2474 5280 2561 5335 ita
2573 5286 2725 5335 erat:
2735 5280 2984 5335 Pontius
2996 5281 3248 5350 Pylatus
3260 5279 3645 5351 regiClaudio
3656 5276 3917 5332 salutem.

2290 5370 2586 5440 Nuper....
2624 5369 2697 5424 Et
2714 5375 2984 5425 mortuus
3005 5375 3087 5426 est
3115 5368 3332 5443 [Nero],
3357 5374 3412 5424 et
3437 5384 3473 5425 a
3498 5366 3658 5437 lupis
3687 5364 3922 5420 devora-

2100 5511 2332 5570 NOTAE
2346 5557 2358 5570 .

606 5633 688 5708 (a)
720 5633 816 5691 Sic
849 5649 947 5709 ap.
979 5634 1247 5702 Semler.;
1277 5634 1394 5708 leg.
1421 5640 1492 5693 et.
1524 5638 1619 5691 En.
