4088 6192
198 311 280 366 281
1237 304 1322 359 DE
1361 298 1690 359 SCRIPTIS
1730 300 1790 356 S.
1832 296 2134 355 MACARII
2177 298 2528 356 AEGYP‘I‘II.

3466 305 3574 361 282

198 443 290 501 tus,
315 433 793 507 quemadmodum
819 431 1178 501 perdyaboli
1198 436 1381 486 artem
1396 431 1824 499 interpretatus
1855 427 1900 480 A
1935 423 2043 490 Qui
2079 424 2448 494 signiﬁcatus
2478 401 2658 496 huius
2687 427 2853 484 verbi
2883 429 3118 484 Graecis
3167 445 3287 485 non
3318 429 3588 486 insolens

195 528 375 596 fuerat
404 524 457 580 ei
487 525 725 594 Symon.
756 521 859 576 Hic
882 522 1009 591 jam
1029 519 1160 574 linis
1182 517 1474 587 evangelii
1507 524 1639 588 post
1658 516 1827 572 addi-

199 622 302 668 tam
327 612 724 682 doxologiam.
745 612 908 676 Quae
939 609 1213 664 omniaet
1244 607 1578 663 multaante
1611 604 1826 662 baecin

196 703 415 772 vulgato
430 699 907 770 evangelioapud
926 697 1257 754 Fabricium
1287 695 1530 752 absunt.
1569 695 1828 765 Siquan-

197 793 264 848 do
288 793 466 846 otium
499 790 864 861 suppeditat,
898 786 1185 859 polliceor
1215 786 1352 841 huic
1376 786 1484 840 MS.
1504 799 1640 839 cum
1669 782 1828 838 edito

199 881 337 952 [Pag.
357 879 440 949 17]
464 877 828 934 conferendo
847 891 1042 930 meam
1057 873 1544 946 qualemcunque
1558 886 1825 943 operam.

194 972 308 1026 Iam
337 969 408 1023 ad
442 967 768 1022 Macarium
809 965 1010 1020 redeo.

259 1070 382 1124 CAP.
434 1065 554 1121 IIII.
618 1065 913 1140 Καθαπερεὶ
961 1065 1348 1135 τεκμηράμενον
1387 1065 1480 1119 τὴν
1510 1067 1602 1121 τῆς
1648 1058 1832 1112 ἑαυτοῦ

204 1155 446 1228 βασιλείας
499 1156 829 1227 καθαίρεσιν,
886 1167 996 1224 pro
1059 1167 1181 1222 quo
1231 1149 1461 1206 videtur
1513 1147 1833 1217 legendum

199 1262 311 1300 esse
358 1247 764 1316 τεκμαιρόμενον
824 1240 915 1296 vel
959 1242 1420 1313 τεκμηριούμενον,
1471 1254 1508 1294 a
1561 1241 1837 1310 τεκμαίρο-

200 1355 280 1407 μαι
320 1340 415 1389 aut
441 1337 761 1407 τεκμηριόω.
810 1329 976 1385 Istud
1025 1329 1331 1401 vulgatum
1367 1327 1705 1398 cujusmodi
1739 1325 1833 1393 sit,

198 1439 298 1479 non
335 1425 714 1492 interpretor.
756 1421 813 1475 In
846 1419 1059 1474 eodem
1111 1418 1311 1474 adhuc
1361 1419 1596 1487 capite:
1645 1415 1730 1468 ini
1776 1411 1836 1468 δὲ

198 1520 274 1565 τοῦ
324 1514 514 1584 Κυρίου
568 1515 706 1584 πρός
749 1508 996 1567 ἀλήθειαν
1045 1517 1200 1560 τοῦτο
1247 1503 1450 1569 παθεῖν,
1509 1505 1703 1561 reddit
1751 1507 1837 1558 in-

198 1607 395 1672 terpres
423 1617 459 1655 a
483 1599 756 1662 Domino,
791 1597 956 1670 quod
1006 1596 1218 1652 melius
1261 1595 1619 1651 reddidisset
1660 1594 1834 1650 adae-

195 1691 371 1746 niente
398 1689 673 1746 Domino.
719 1689 1105 1743 Notissimum
1146 1687 1306 1741 enim
1350 1691 1456 1749 est,
1490 1683 1573 1736 ἐπὶ
1625 1683 1684 1738 in
1737 1683 1832 1738 bis

198 1781 410 1850 tempus
436 1783 669 1833 notare.
1509 1780 1518 1791 '

257 1879 367 1932 CAP.
399 1875 538 1932 VIII.
585 1878 732 1930 Item
781 1878 938 1928 errat
980 1871 1176 1927 versio
1217 1888 1230 1926 :
1264 1875 1354 1923 καὶ
1393 1872 1494 1942 γὰρ
1527 1871 1553 1921 ὁ
1584 1876 1828 1935 τοιοῦτος,

196 1966 237 2016 ἐν
282 1965 544 2022 λεπτότητι
619 1960 714 2015 διὰ
792 1969 880 2022 τῆς
935 1965 1156 2020 πίστεώς
1213 1980 1364 2032 φημι,
1413 1964 1502 2011 καὶ
1556 1967 1649 2020 τῆς
1708 1977 1832 2031 προ-

199 2057 378 2125 θυμίας.
409 2051 516 2111 ἤδη
577 2059 814 2104 κοινωνεῖ
864 2059 935 2121 τῷ
978 2058 1112 2103 Θεῶ.
1156 2049 1360 2104 Latina
1404 2048 1624 2103 habent
1677 2047 1832 2101 :El-

199 2145 328 2199 enim
363 2144 499 2198 tatis
525 2142 612 2198 (in
650 2140 936 2198 tenuitate
954 2154 1082 2194 mea
1105 2154 1218 2209 per
1247 2137 1421 2206 ﬁdem
1453 2145 1505 2194 et
1531 2137 1833 2204 conﬁden-

201 2233 322 2289 tiam
350 2233 461 2304 (ιίυ)
477 2231 625 2287 talis
657 2231 900 2301 inquam
912 2231 1042 2299 jam
1062 2230 1175 2283 Deo
1197 2227 1635 2294 communicat;
1659 2225 1834 2298 quasi

199 2330 366 2377 essent
401 2321 578 2376 verba
609 2318 874 2374 auctoris
905 2320 977 2372 de
1008 2333 1069 2372 se
1092 2315 1408 2389 loquentis.
1428 2315 1617 2370 Minus
1633 2320 1834 2369 autem

199 2416 351 2466 recte.
366 2409 733 2465 Vertendum
747 2412 839 2462 est
867 2407 957 2462 :in
980 2405 1216 2476 exiguo,
1235 2406 1270 2460 i.
1289 2423 1339 2459 e.
1356 2403 1832 2476 quodammodo,

202 2499 316 2552 tatis
339 2501 463 2568 jam
491 2515 562 2549 κο
586 2500 800 2548 ινωνεί
825 2502 896 2564 τῷ
920 2501 1054 2563 Θεῷ
1079 2496 1332 2563 propter
1375 2491 1551 2559 ﬁdem
1597 2497 1650 2546 et
1682 2490 1835 2546 desi-

204 2586 402 2642 derium
432 2602 533 2642 seu
556 2589 909 2657 promptum
941 2583 1228 2639 animum.
1255 2585 1471 2635 Auctor
1504 2579 1648 2647 vult,
1682 2579 1836 2634 hanc

206 2677 362 2730 animi
388 2676 689 2730 credentis
703 2672 1183 2744 dispositionem,
1197 2687 1319 2742 qua
1334 2668 1839 2740 exaptatconjun-

205 2764 428 2819 ctionem
456 2779 600 2818 cum
657 2762 796 2825 Deo,
833 2761 960 2832 jam
1009 2776 1136 2815 esse
1174 2763 1440 2811 κοινωνίαν
1491 2757 1834 2830 aliqualem,

206 2869 310 2918 seu,
351 2859 410 2908 ut
461 2852 671 2907 statim
733 2849 976 2904 inferius
1021 2849 1181 2912 dicit,
1237 2847 1411 2903 talem
1456 2848 1686 2920 καθάπερ
1727 2843 1834 2904 ἤδη

205 2949 404 2994 κοινωνεῖ
432 2949 503 3012 τῷ
537 2947 680 3010 Θεῷ.
725 2939 895 3004 Quod
937 2938 1192 2993 ostendit
1223 2936 1302 2991 ab
1331 2935 1603 3006 exemplo
1634 2935 1833 2990 Matth.

207 3033 354 3096 v.28,
383 3031 480 3086 ubi
529 3029 760 3100 cupido
817 3027 1090 3084 adulterii
1141 3042 1177 3081 a
1213 3029 1330 3081 Deo
1384 3030 1691 3096 reputetur
1729 3038 1836 3095 pro

207 3117 316 3188 ipso
367 3117 692 3175 adulterio.
721 3119 784 3172 Et
838 3122 924 3172 est
980 3115 1096 3171 hoc
1140 3114 1384 3185 elegans
1428 3112 1835 3169 testimonium

209 3207 548 3280 antiquitatis
593 3207 672 3262 de
699 3205 926 3261 ratione
949 3205 1110 3259 ﬁdei.

266 3315 413 3372 Falsa
441 3315 666 3386 legitur
712 3312 1005 3368 sententia
1052 3328 1178 3369 car.
1229 3311 1295 3367 ΧΙ
1332 3329 1345 3367 :
1379 3314 1468 3363 καὶ
1517 3312 1754 3383 γὰρηη
1802 3312 1832 3367 ἡ

210 3399 284 3456 διὰ
327 3412 410 3458 τοῦ
458 3407 755 3476 πνεύματος
803 3402 957 3474 ἁγίου
1013 3406 1251 3473 γέννησις
1293 3400 1466 3453 εἰκόνα
1515 3399 1836 3460 τελειότητος

208 3496 300 3564 ἔχει
348 3498 393 3547 ἓν
447 3515 501 3548 τε
556 3502 627 3566 τῇ
687 3500 858 3566 μορφῇ
936 3497 1025 3544 καὶ
1083 3498 1190 3554 τοῖς
1237 3490 1442 3564 με’λεσιν
1546 3489 1604 3542 οὐ
1663 3493 1837 3561 μέντοι

211 3578 416 3657 δυνάμει,
463 3586 492 3644 ἡ
547 3591 648 3654 νῷ,
691 3583 722 3641 ἡ
760 3580 996 3656 ἀνδρείᾳ,
1043 3597 1164 3638 non
1210 3585 1406 3637 tamen
1445 3578 1678 3641 virtute,
1731 3585 1837 3635 aut

209 3682 386 3739 mente,
416 3682 518 3731 aut
542 3672 928 3745 fortitudine.
965 3669 1297 3742 Legendum
1328 3687 1370 3727 :.
1393 3713 1441 3726 ..
1472 3668 1697 3742 μέλεσιν,
1729 3669 1758 3727 ἣ
1788 3667 1836 3720 ἐν

207 3768 258 3834 τῇ
283 3758 490 3837 δυνάμει
509 3767 636 3820 cet.

264 3869 462 3926 Vitium
503 3868 779 3926 similiter
812 3883 946 3924 esse
987 3866 1220 3922 videtur
1249 3882 1373 3923 CAP.
1419 3864 1579 3921 XXIII
1622 3864 1681 3920 in
1713 3880 1838 3920 ver-

207 3954 283 4011 bis
325 3975 338 4014 :
382 3955 452 4012 δι’
501 3959 614 4019 ἑνός
662 3953 722 4010 δί
769 3953 1156 4029 ύποδεὶγματος
1211 3961 1488 4029 γνώρισμα
1528 3954 1694 4026 [Ρᾶε.
1749 3951 1837 4025 18]

210 4047 332 4099 ἔσται
369 4049 436 4119 τῷ
477 4051 618 4120 μετά
654 4054 863 4120 χεῖρας,
902 4045 1000 4103 ubi
1042 4061 1258 4117 graeca
1310 4045 1621 4114 languent.
1661 4043 1834 4113 Lege-

208 4149 336 4194 rem.
355 4181 366 4194 .
388 4180 400 4193 .
435 4157 572 4212 7mm
584 4141 763 4207 ἱσομεν
788 4142 975 4203 ταῦτα,
1007 4135 1032 4187 ὅ
1063 4133 1176 4186 ἔστι
1200 4137 1328 4207 μετὰ
1355 4141 1560 4206 χεῖρας.

265 4241 320 4296 In
356 4258 473 4300 cu.
521 4242 670 4300 XXV
713 4241 852 4298 item
893 4241 1186 4297 mendosa
1230 4247 1320 4296 est
1361 4239 1536 4296 lectio
1577 4255 1592 4295 :
1636 4241 1695 4291 τὸ
1734 4240 1835 4312 γὰρ

209 4325 390 4383 ἂδοτον
449 4332 637 4386 ἑαυτὸν
687 4337 987 4403 παρασχεῖν
1037 4331 1106 4401 τῷ
1160 4329 1317 4403 φίλων
1376 4329 1515 4400 αύτῷ
1580 4332 1833 4401 φαίνεται,

208 4417 343 4492 ἕτερος
372 4422 580 4495 ὁμιλίας
629 4420 676 4482 ἐς
720 4416 871 4473 ούδὶν
920 4417 1056 4473 δεον.
1112 4421 1272 4486 Quae
1302 4419 1591 4490 interpres
1621 4418 1704 4473 ita
1735 4433 1835 4472 ex-

1935 520 2048 569 est.
2091 513 2318 569 Ibidem
2352 515 2528 585 paulo
2567 523 2705 571 ante
2735 517 2921 574 ﬁnem
2955 537 2966 570 :
3003 520 3152 580 εὐθὺς
3177 522 3248 581 ὡς
3277 515 3390 591 εἶχε
3414 516 3593 572 ποδῶν

1936 604 2195 674 ἐκφυγεῖν,
2249 608 2320 675 μὴ
2366 603 2595 675 μελῆσαν
2650 606 2791 676 αὐτῷ
2831 616 2931 658 τῶν
2996 605 3240 680 μηδενός,
3307 624 3416 680 pro
3474 625 3595 682 quo

1937 692 2086 749 forte
2135 692 2521 748 scribendum
2579 699 2698 766 τμη
2747 694 3062 764 μελήσαντος
3115 697 3256 768 αὐτῷ
3285 705 3384 749 τῶν
3431 697 3595 751 αὐτοῦ

1939 777 2184 854 μηδενὸς.
2225 782 2371 845 Quia
2394 781 2885 838 brevitertantum
2913 784 3174 841 delibare
3187 787 3283 842 hic
3305 785 3385 842 ibi
3408 802 3596 859 quae-

1940 872 2080 925 dam
2108 870 2403 934 constitui,
2438 877 2600 925 verto
2632 887 2726 925 me
2753 871 2878 941 jam
2910 873 3008 929 ad.

2014 971 2342 1026 Oruscuwu
2367 970 2428 1032 V,
2469 970 2553 1024 De
2584 969 2937 1028 Elevatione
2983 973 3211 1029 mentis.

2015 1069 2148 1124 CAP.
2179 1069 2220 1121 Ι.
2255 1066 2355 1122 Hic
2379 1066 2575 1122 statim
2611 1068 2806 1138 primo
2833 1068 2892 1124 in
2924 1070 3115 1141 capite
3158 1070 3305 1126 levis
3336 1087 3499 1127 error
3535 1072 3597 1128 in

1945 1156 2176 1227 graecis
2227 1154 2306 1211 ab
2341 1154 2663 1226 interprete
2713 1173 2835 1212 non
2863 1163 3074 1214 cautus
3120 1164 3210 1214 est
3244 1177 3256 1214 :
3291 1159 3432 1232 ὑμεῖς
3470 1163 3596 1235 γὰρ,

1945 1248 2195 1318 φησὶν,...
2254 1245 2711 1316 κατοπτριζόμεθα
2753 1250 2859 1302 cet.
2923 1248 3071 1303 Sunt
3116 1248 3370 1304 excitata
3417 1249 3601 1305 verba

1946 1351 2016 1390 ex
2043 1334 2301 1405 Epistola
2332 1334 2491 1404 [Pag.
2526 1333 2610 1407 t9]
2639 1334 2797 1390 Pauli
2838 1336 3107 1392 secunda
3136 1336 3213 1392 ad
3243 1336 3507 1394 Corinth.
3545 1352 3598 1392 c.

1946 1440 2025 1486 ιιι,
2062 1423 2572 1494 t8.Ubiinterpres
2589 1438 2693 1493 per
2713 1424 3090 1480 oscitantiam
3128 1427 3224 1481 vix
3253 1426 3603 1481 condonan-

1945 1511 2085 1566 dam
2114 1511 2407 1566 reddidit:
2453 1511 2628 1566 Vos...
2648 1511 3048 1584 speculantes,
3081 1530 3215 1569 cum
3241 1520 3365 1570 tam
3397 1531 3468 1570 ex
3485 1534 3604 1567 συν-

1944 1604 2095 1672 αφείᾳ
2126 1600 2448 1665 luculenta,
2483 1616 2667 1669 quam
2701 1601 2916 1656 exloco
2940 1601 3118 1658 allato
3134 1603 3602 1661 sciredebuisset

1942 1687 2264 1758 legendum
2297 1705 2424 1744 esse
2455 1692 2623 1761 ἣμεῖς,
2657 1705 2781 1746 nos.

2013 1786 2228 1842 Omitto
2260 1787 2586 1859 quaedam,
2619 1793 2676 1843 et
2706 1788 2764 1844 in
2798 1804 2928 1846 CAP.
2971 1789 3095 1844 VIII
3139 1806 3152 1842 :
3188 1790 3321 1842 οὕτω
3355 1794 3486 1862 φησί
3511 1794 3601 1843 καὶ

1943 1875 2145 1947 ἑκάστῳ
2199 1884 2295 1928 τῶν
2353 1878 2522 1948 ἱερέων
2584 1881 2671 1929 καὶ
2734 1877 2894 1949 ἁγίων
2949 1880 2974 1929 ό
3024 1882 3154 1940 Θεὸς
3204 1881 3348 1951 ὤφθη
3405 1879 3602 1936 scribo

1942 1973 2040 2016 τῶν
2072 1969 2345 2037 πατέρων
2399 1969 2486 2016 καὶ
2515 1964 2696 2036 ἁγίων.
2733 1969 2875 2021 Nam
2909 1967 2982 2021 de
3015 1968 3422 2022 sacerdotibus
3454 1966 3600 2023 nihil

1945 2053 2056 2108 tale
2083 2053 2423 2123 legimus,et
2449 2054 2549 2126 qui
2583 2061 2915 2127 sequuntur
2938 2072 3057 2111 non
3088 2056 3600 2114 suntsacerdotes.

1942 2143 2023 2197 Ne
2055 2143 2187 2213 quis
2232 2141 2480 2209 dubitet,
2535 2143 2670 2212 legit
2719 2145 2894 2199 etiam
2931 2143 3180 2199 Homilia
3233 2161 3289 2198 iv
3335 2145 3364 2216 §
3403 2146 3468 2201 13
3499 2152 3601 2197 τῶν

1943 2230 2104 2300 ἁγίων
2165 2234 2417 2303 πατέρων.
2499 2231 2726 2286 Ibidem
2793 2238 3132 2288 rccensetur
3191 2232 3391 2288 Daniel
3447 2233 3604 2288 inter

1947 2322 2130 2374 Noam
2165 2327 2220 2374 et
2251 2323 2467 2385 Mosen,
2498 2336 2604 2391 pro
2630 2337 2752 2393 quo
2782 2321 3102 2390 legendum
3136 2321 3379 2394 Σαμουὴλ
3407 2339 3422 2390 ;
3457 2338 3598 2378 nam

1950 2409 2148 2463 Daniel
2166 2409 2418 2480 pertinet
2433 2409 2507 2464 ad
2525 2409 3190 2482 prOphetas,dequibus
3207 2411 3406 2468 statim
3425 2411 3601 2467 dicit:

1945 2503 2032 2549 καὶ
2082 2496 2286 2570 ἑκάστῳ
2317 2507 2415 2550 τῶν
2439 2506 2738 2572 προφητῶν.

2018 2596 2078 2650 In
2130 2598 2248 2651 ﬁne
2295 2612 2510 2654 CAPITIS
2563 2597 2635 2652 IX
2688 2598 2821 2652 item
2859 2598 3063 2654 vitium
3090 2603 3214 2653 est:
3259 2597 3428 2671 σχολῇ
3469 2595 3602 2670 ’γ’ἄν

1947 2685 1997 2738 οἱ
2055 2690 2227 2758 ἐκείνῳ
2288 2695 2361 2758 τῷ
2420 2685 2610 2740 ἀπαθεῖ
2667 2685 2963 2758 βληθέντες,
3014 2689 3166 2761 ἕρωτί
3215 2707 3316 2740 τινι
3361 2697 3460 2740 τῶν
3511 2694 3605 2741 τοῦ

1947 2779 2148 2847 κόσμου
2188 2779 2431 2828 καθεκτοὶ
2473 2780 2724 2846 γένοιντο.
2783 2776 2888 2831 Ubi
2931 2793 2990 2830 se
3043 2777 3198 2831 male
3231 2780 3468 2848 torquet
3510 2777 3606 2832 in-

1950 2869 2172 2935 terpres
2190 2886 2202 2919 :
2218 2868 2313 2920 An
2325 2880 2502 2936 segne
2513 2868 2693 2919 otium
2712 2870 2821 2920 erit
2835 2865 3121 2921 desiderio
3128 2865 3605 2936 perturbationis

1946 2953 2134 3009 omnis
2148 2954 2224 3008 im
2234 2954 2400 3009 muni
2410 2953 2698 3024 permissis
2711 2969 2970 3008 amorem
2985 2953 3245 3025 aliquem
3258 2955 3467 3009 mundi
3483 2970 3603 3010 non

1947 3041 2258 3098 cohibendi
2299 3042 2327 3096 ?
2376 3043 2574 3112 Lego:
2608 3042 2714 3112 ὅσῳ
2761 3041 2951 3113 μᾶλλον
3001 3043 3050 3093 οἰ
3102 3045 3274 3113 ἐκείνῳ
3333 3043 3403 3112 τῷ
3453 3045 3598 3114 πόθῳ

1877 3136 1916 3191 C
1948 3129 2219 3202 βληθέντες
2275 3133 2423 3204 ἓρωτί
2475 3149 2549 3200 τε,
2599 3139 2698 3182 τῶν
2756 3138 2844 3183 τοῦ
2897 3137 3013 3188 cet.
3071 3131 3154 3187 Ita
3203 3131 3413 3188 suadet
3462 3146 3601 3188 con-

1945 3220 2143 3276 nexio.

2019 3318 2226 3375 Statim
2268 3317 2346 3374 ab
2370 3317 2536 3374 initio
2566 3333 2694 3374 car.
2720 3319 2832 3374 XIII
2866 3317 3174 3373 estvitium
3207 3316 3602 3375 duarumlite-

1945 3424 2192 3464 rarum:
2245 3408 2287 3460 εἰ
2339 3411 2397 3460 τό
2460 3409 2702 3460 σύνθετον
2749 3406 2909 3460 ἐκεῖνο
2957 3407 3124 3460 ἔλαιον
3174 3410 3435 3466 τοσαύτην
3482 3409 3598 3480 ἔχει

1947 3501 2039 3556 τὴν
2088 3493 2330 3570 δύναμιν,
2377 3499 2441 3558 ὡς
2479 3500 2596 3557 τοὺς
2634 3501 3002 3572 χρησαμένους
3041 3497 3206 3568 αὐτῷ.
3250 3499 3398 3567 Lege
3441 3516 3599 3570 χριο-

1945 3589 2128 3656 μένους
2157 3601 2228 3641 ex
2262 3585 2516 3641 Homilia
2542 3601 2678 3650 xvu,
2724 3585 2821 3640 ubi
2850 3585 2996 3641 haec
3028 3586 3233 3642 omnia
3259 3590 3598 3641 occurrunt.

1946 3675 2011 3730 In
2055 3675 2268 3730 eodem
2315 3675 2509 3746 capite
2552 3675 2807 3729 occurrit
2849 3691 2960 3730 vox
2993 3675 3181 3731 rarior
3208 3679 3389 3747 τρανός
3435 3693 3600 3748 ετρα-

1944 3771 2048 3824 νοίς
2086 3769 2177 3816 καὶ
2207 3761 2601 3823 ἀνεπικωλύτως
2655 3762 2956 3835 ὀφθαλμοῖς.
3000 3764 3112 3818 ΡΓο
3149 3779 3272 3834 qua
3312 3762 3370 3817 in
3402 3763 3601 3818 Homi-

1946 3853 2026 3908 lia
2070 3859 2157 3908 est
2186 3853 2347 3908 bona
2375 3851 2572 3921 glossa
2600 3853 2871 3924 καθαροῖς,
2906 3867 3062 3924 quae
3100 3850 3458 3920 signiﬁcatio
3488 3865 3600 3907 nec

1947 3941 2109 4012 apud
2139 3945 2365 3997 veteres
2405 3946 2492 3996 est
2524 3941 3026 4010 Lexicograpbos.
3074 3939 3402 4010 Hesychius
3433 3939 3594 3994 enim

1945 4035 2192 4102 τρανός,
2238 4034 2427 4103 σαφής,
2484 4028 2704 4091 ἀληθής.
2747 4028 2942 4100 Cyrilli
2989 4027 3414 4085 Onomasticon
3456 4046 3598 4102 τρα-

1945 4129 2077 4186 νῶς,
2111 4135 2416 4192 expresse.
2447 4121 2601 4175 Haec
2631 4118 2784 4174 adeo
2806 4134 2920 4174 vox
2933 4117 3234 4188 eleganter
3258 4116 3598 4174 declaratur

1946 4226 2053 4283 per
2079 4211 2306 4284 καθαρός
2345 4215 2401 4266 et
2427 4207 2823 4270 ἀνεπικώλυτος.

2018 4309 2348 4365 Oruscuwa
2382 4309 2467 4376 VI,
2509 4308 2595 4363 De
2625 4306 2936 4363 charitate.

2017 4417 2279 4471 Primum
2309 4430 2487 4471 carur
2531 4411 3280 4483 ostenditlacunam,unde
3319 4410 3601 4468 etPritius

211 4506 361 4577 plevit
387 4528 400 4566 :
426 4529 566 4569 nam
597 4511 936 4582 impendere
961 4509 1220 4580 seipsum
1239 4508 1441 4566 amicis
1463 4506 1834 4565 vindicandis
1870 4498 1916 4553 D
1948 4509 2052 4561 aut
2079 4505 2369 4573 interpres
2395 4505 2456 4558 in
2475 4504 2743 4575 margine
2773 4505 2938 4558 notat
2963 4521 2991 4554 ιι
3023 4507 3340 4572 corruptus
3367 4501 3600 4558 videtur

213 4595 322 4653 laus
335 4599 440 4668 ipsi
452 4602 686 4657 videtur
698 4621 719 4670 ;
732 4599 844 4655 alii
852 4598 1156 4669 iucundae
1168 4607 1302 4654 sunt
1316 4597 1766 4668 confabulatio”
1776 4611 1834 4652 es

211 4684 410 4751 facetae
432 4691 506 4746 de
532 4689 716 4759 nugis
759 4688 1132 4745 scurrilibus.
1167 4689 1353 4753 Quem
1392 4703 1637 4742 sensum
1685 4685 1834 4740 haec

214 4786 396 4844 graeca
425 4784 545 4852 pati
602 4795 721 4835 non
764 4783 1037 4851 possunt.
1069 4779 1376 4833 Tentarem
1430 4776 1772 4832 restituere:
1807 4775 1833 4826 6

214 4863 355 4936 ἕτερος
415 4865 622 4922 ἔκδοτον
683 4867 864 4920 ἑαυτὸν
939 4871 1235 4939 παρασχὼν
1286 4861 1384 4918 τῶν
1441 4865 1598 4938 φίλων
1669 4863 1829 4936 αύτῷ,

217 4959 415 5024 φαίνεται
460 4958 625 5031 ἑτέρας
657 4957 859 5028 ὁμιλίας
912 4955 956 5017 ἐς
1007 4952 1156 5008 οὐδὲν
1208 4951 1468 5028 δεόμενος,
1523 4959 1585 5010 ut
1628 4960 1836 5010 auctor

218 5039 364 5114 ἑτέραν
403 5047 604 5119 ὁμιλίαν
634 5045 920 5118 intelligat
955 5044 1453 5101 consuetudinem
1502 5060 1640 5099 cum
1689 5042 1832 5109 Deo,

219 5134 362 5203 cujus
389 5136 496 5193 ista
516 5152 656 5193 cum
677 5135 807 5192 aliis
836 5132 1128 5207 improbis
1149 5133 1409 5190 amicitia
1449 5133 1832 5205 impedimen-

224 5222 328 5276 tum
348 5224 436 5282 sit.

282 5327 381 5385 Nec
405 5331 613 5388 desunt
640 5330 780 5388 nodi
823 5331 1152 5404 scripturae
1176 5331 1234 5387 in
1262 5345 1382 5388 car.
1417 5329 1576 5387 XXVI
1611 5345 1625 5386 :
1659 5330 1723 5391 ὡς
1745 5335 1834 5382 τοῦ

227 5409 502 5492 ίμπρησμοῦ
558 5421 768 5494 ᾔσθετο,
824 5424 1021 5494 ⁸γυμνός
1091 5419 1390 5494 ἐκπέφευγε,
1461 5423 1663 5472 πάντων
1717 5419 1829 5492 ἁμεο

226 5498 382 5575 λέσας,
431 5515 518 5563 καὶ
573 5517 664 5574 τῆς
713 5510 896 5564 ἑαυτοῦ
948 5517 1112 5585 μόνης
1161 5509 1351 5583 ψυχῆς
1401 5513 1685 5582 γενόμενος.
1727 5509 1836 5565 Ubi

229 5600 458 5666 γινόμενος
485 5601 607 5656 sine
649 5617 828 5657 sensu
857 5607 962 5656 est.
1003 5600 1129 5656 Nisi
1159 5599 1385 5671 aliquid
1423 5597 1728 5664 exciderit,
1753 5598 1835 5653 Ie-

234 5695 405 5752 Βενεω
429 5689 674 5762 ἡγουμένη
687 5711 728 5758 ς,
752 5690 831 5770 da
850 5690 973 5749 ihm
987 5691 1111 5748 sein
1132 5690 1324 5748 Leben
1346 5689 1490 5746 uber
1507 5689 1657 5746 aues
1669 5690 1835 5761 ging.

1943 4593 2142 4650 locus.
2175 4614 2202 4647 ι)
2235 4594 2422 4649 Habet
2451 4594 2531 4648 ita
2564 4607 2576 4647 :
2608 4591 2717 4644 ἀλλ’
2746 4589 2795 4643 ἕν
2837 4597 2898 4662 τῇ
2932 4597 3026 4643 τοῦ
3069 4597 3297 4663 σταυροῦ
3339 4587 3559 4662 δυνάμει
3582 4627 3596 4640 .

1944 4685 2143 4743 τούτοις
2200 4682 2558 4754 ἐνεργούμενος
2609 4679 2658 4732 ἐν
2720 4680 2997 4752 ὑποστάσῃ
3053 4686 3170 4740 τοῖς
3233 4678 3599 4742 κατοξιωθεῖσι

1942 4774 2137 4830 ταύτην
2201 4771 2525 4829 κτήσασθαι.
2607 4769 2861 4826 Videbar
2947 4767 3086 4823 mihi
3148 4767 3351 4838 itaque
3431 4767 3599 4822 resti-

1943 4867 2129 4919 tuere.
2153 4904 2165 4916 .
2188 4904 2200 4917 .
2225 4905 2237 4918 .
2312 4857 2532 4932 δυνάμει
2564 4877 2576 4889 ·
2634 4858 2798 4920 οὕτως
2848 4857 3200 4930 ἕνεργουμενός
3246 4855 3385 4909 ἔστιν
3416 4857 3441 4909 ὀ
3480 4861 3599 4930 περὶ⁵

1947 4958 2176 5023 σταυροῦ
2255 4950 2404 5022 λόγος
2473 4956 2582 5011 τοῖς
2659 4947 3028 5011 καταξιωθεῐσι
3096 4949 3290 5005 ταύτην
3355 4945 3596 5019 [σοφίαν]

1943 5042 2265 5106 κτήσασθαι,
2327 5040 2417 5095 vel
2469 5039 2518 5091 ἐν
2597 5045 2705 5100 τοῖς
2761 5037 3146 5101 καταξιωθεῖσι,
3215 5035 3301 5092 vel
3351 5033 3596 5109 δύναμιν.

1946 5130 2250 5202 Corruptio
2272 5145 2341 5184 ex
2367 5127 2746 5198 compendiis
2777 5125 3080 5182 scribendi
3104 5126 3282 5181 venit.

2017 5231 2150 5285 CAP.
2182 5228 2250 5282 III
2281 5227 2358 5282 ab
2402 5226 2566 5282 initio
2604 5245 2617 5285 :
2653 5227 2795 5278 οὔπω
2836 5221 3087 5295 διακορὴς
3130 5227 3348 5295 γίνεται,
3407 5222 3598 5296 μᾶλλον

1942 5326 2036 5380 τῆς
2091 5316 2387 5390 ἐπιθυμίας.
2431 5314 2678 5370 Videtur
2726 5314 3017 5371 excidisse
3054 5316 3259 5386 γίνεται
3291 5309 3350 5366 δε
3380 5312 3596 5386 μᾶλλον,

1947 5415 2009 5464 ut
2033 5411 2231 5480 γίνεται
2259 5407 2351 5462 bis
2373 5408 2668 5461 occurrat.

2018 5507 2150 5562 CAP.
2182 5505 2227 5560 V
2254 5503 2508 5560 occurrit
2531 5519 2638 5558 vox
2649 5507 2841 5574 μυχοί,
2866 5503 2924 5558 in
2945 5500 3406 5575 quaHesychius
3431 5501 3597 5558 vitio-

1946 5611 2050 5651 sus
2082 5600 2189 5664 est,
2220 5598 2446 5667 μυχοὶ,
2488 5593 2544 5646 αἱ
2571 5589 2911 5660 καταδύσεις,
2970 5594 3020 5646 οἱ
3060 5587 3328 5644 ἐνδότατοι
3357 5595 3445 5644 καὶ
3473 5591 3601 5645 ἀπό-

1947 5704 2135 5760 κρυφοι
2199 5689 2368 5752 τόποι,
2425 5683 2641 5757 λιμένες,
2726 5682 3040 5752 κοιλότητες,
3123 5684 3331 5758 ἔσχατα
3389 5686 3478 5736 καὶ
3533 5681 3598 5734 τὰ
