4078 6194
485 300 590 356 233
1836 290 1937 347 J0.
1981 288 2117 347 PlCl
2159 288 2565 347 PRAEFATIO
2778 280 2783 284 ’
3767 296 3873 355 284

488 429 777 496 ποιήματα,
831 422 860 481 ᾖ
910 423 974 473 τὰ
1016 422 1242 495 ἑσώτερα
1300 424 1451 493 μέρη.
1510 421 1589 471 Τὰ
1644 421 1914 489 ποιήματα
1974 416 2098 471 vari

2320 416 2457 487 Cap.
2492 418 2530 471 Χ
2565 433 2578 470 Ξ
2625 412 2879 487 Ἐδείχθη
2926 415 3093 469 ἐκεῖνα
3132 414 3200 477 δὴ
3234 420 3301 471 τὰ
3349 421 3621 492 θαυμάσια
3659 426 3768 478 cet.
3796 425 3890 480 Vi—

490 519 716 570 tentant
746 518 923 567 notae
961 510 1277 565 doctorum
1331 509 1591 563 virorum
1640 507 1717 563 ad
1748 506 2134 579 Hesychium.
2246 503 2419 559 detur
2448 504 2739 560 excidisse
2771 520 2784 556 :
2824 508 3052 581 καὶγὰρ,
3079 505 3115 558 ἃ
3145 503 3390 580 ἐδείχθη,
3414 515 3530 567 cet.
3572 510 3743 568 Aliter
3770 512 3894 569 lan-

487 603 621 659 Mihi
646 616 853 657 verum
887 598 1118 654 videtur
1141 601 1504 651 ταπεινότατα.

2248 599 2430 664 guent
2458 608 2695 663 graeca.
2731 598 2850 646 Καὶ
2888 603 3087 649 ταῦτα
3128 593 3203 655 δὴ
3244 601 3352 669 μιν
3391 606 3609 655 ταῦτα.

884 973 1837 1101 HOMILIARUM
1897 970 2003 1096 S.
2073 970 2695 1091 MACARII
2785 968 3479 1093 AEGYPTII

1606 1216 2031 1313 EDITIO
2098 1215 2727 1312 PRINCEPS

490 1424 585 1480 CUI
653 1436 877 1477 TITULUS
904 1442 923 1478 :
953 1426 1100 1473 ΤΟΥ
1130 1425 1363 1473 ΟΣΙΟΥ
1393 1423 1692 1471 ΠΑΤΡΟΣ
1736 1419 2093 1469 MAKAPIO

2291 1422 2319 1467 ι’
2349 1418 2778 1468 ΑΙΓΥΠΤΙΟΥ
2816 1415 3222 1469 OMIAIAIv’.
3243 1415 3316 1470 Β.
3340 1414 3601 1472 Macarii
3622 1414 3901 1485 Aegyptii

560 1494 859 1549 Homiliae
873 1493 1331 1564 quinquaginta.
1354 1491 1453 1547 Ea:
1464 1489 1842 1564 Bibliotheca
1855 1487 2058 1564 Regia.
2077 1486 2325 1543 Parisiis
2339 1487 2419 1542 Μ.
2437 1488 2511 1542 D.
2527 1486 2677 1543 LIX.
2704 1487 2749 1541 .4
2758 1487 2884 1557 pud
2902 1486 3055 1543 Guil.
3067 1486 3469 1554 Moretium,in
3484 1486 3729 1544 Graecis
3744 1492 3901 1557 typo-

561 1564 863 1636 graphum
884 1559 1157 1633 Regium:
1183 1564 1280 1619 Ea:
1307 1560 1626 1633 privilegio
1654 1560 1851 1629 Regis.
1886 1559 1994 1612 12°.

561 1652 949 1709 Praefationis
984 1651 1111 1708 loco
1146 1651 1359 1708 Suidae
1394 1650 1798 1706 testimonium
1832 1663 1972 1719 prae
2012 1662 2076 1701 se
2109 1645 2217 1702 fert
2248 1646 2432 1703 hocce
2473 1663 2486 1701 :

1869 1738 1878 1807 ι
1946 1741 2036 1789 ΕΚ
2078 1742 2232 1790 TnN
2270 1740 2567 1791 ΣοΥιΔΑ.

564 1836 925 1885 ΜΑΚΑΡΙΟΣ.
979 1832 1075 1882 Δύο
1128 1832 1352 1900 ἆγένοντο
1403 1827 1653 1902 μακάριόι
1697 1828 1962 1898 ὁμώνυμοι
2018 1832 2107 1877 καὶ
2155 1823 2456 1899 περιϐόητοι
2514 1822 2590 1877 δι’
2639 1826 2889 1890 ἄσκησιν,
2936 1820 3031 1877 διὰ
3084 1824 3221 1897 βίον,
3287 1821 3381 1877 διὰ
3427 1828 3637 1899 τρόπον,
3697 1820 3790 1878 διὰ
3839 1826 3901 1878 τὰ

488 1923 817 1994 μαθήματα’
867 1920 892 1970 ό
933 1923 1020 1989 μὲν
1074 1918 1349 1988 αἱγύπτιος
1410 1919 1805 1989 θαυματουργός
1855 1911 1935 1978 ἧν,
1995 1918 2085 1966 καὶ
2135 1914 2267 1984 μετὰ
2319 1920 2411 1965 τοῦ
2464 1912 2712 1976 εὐλαϐοῡς
2771 1916 2902 1986 πρὸς
2962 1916 3084 1975 τοὺς
3138 1913 3552 1986 ἐντυγχάνοντας
3599 1913 3901 1987 αὐστηρός·

506 2012 531 2062 6
596 2006 655 2061 δὲ
712 2004 1052 2082 ἁλεξανδρεὺς
1111 2009 1245 2059 κατὰ
1311 2007 1478 2058 πάντα
1530 2006 1596 2057 ὢν
1658 2004 2024 2079 παραπλήσιος
2085 2010 2157 2074 τῷ
2206 2002 2464 2074 αἰγυπτίῳ
2516 2007 2605 2054 καὶ
2664 2001 2872 2077 ἱλαρός·
2926 2004 3090 2064 οὕτως
3144 2003 3315 2077 ἱλαρός
3374 2000 3435 2061 ἦν
3490 2010 3597 2065 τοῖς
3644 2001 3907 2074 ἐντυγχά-

495 2118 667 2163 νουσι,
726 2104 812 2149 καὶ
862 2078 941 2167 τῲ·
983 2096 1414 2171 χαριεντίςεσθαι
1475 2099 1597 2155 τοὺς
1659 2078 1803 2155 νέους
1854 2089 1947 2163 ἦγε
1998 2095 2125 2164 πρὸς
2166 2093 2396 2149 ἄσκησιν
2440 2110 2451 2122 ·
2494 2094 2689 2143 τούτων
2748 2093 3003 2164 Εὐάγριος
3070 2097 3338 2165 γενόμενος
3381 2094 3626 2165 μαθητὴς
3685 2097 3779 2151 τὴν
3836 2078 3904 2144 δι’

496 2191 656 2261 ἔργων
706 2188 1006 2259 φιλοσοφίαν
1058 2189 1339 2249 ἐκτήσατο,
1389 2189 1634 2259 πρότερον
1701 2183 1837 2254 λόγῳ
1903 2186 2041 2254 μόνῳ
2094 2181 2372 2253 φιλόσοφος
2424 2185 2532 2231 ὥν·
2594 2181 2643 2241 ὃς
2705 2180 2751 2232 ἐν
2814 2187 3201 2234 Κωνσταντίνου
3259 2182 3405 2234 πόλει
3463 2184 3562 2235 ὑπὸ
3618 2185 3903 2256 Γρηγορίου

492 2286 584 2329 τοῦ
632 2276 874 2347 θεολόγον
936 2276 1001 2336 εἰς
1048 2279 1141 2332 τήν
1185 2282 1276 2326 τοῦ
1326 2270 1571 2325 διακόνου
1628 2274 2005 2345 προεχειρίσθη
2047 2272 2192 2333 τάξιν
2224 2288 2235 2299 ·
2289 2269 2417 2322 ἀλλὰ
2463 2274 2553 2321 καὶ
2597 2272 2647 2332 ἐς
2701 2274 2795 2329 τήν
2834 2274 3122 2343 Αἴγτυπτον
3155 2269 3438 2337 κατελθὼν,
3485 2276 3575 2323 καὶ
3622 2278 3741 2332 τοῖς
3790 2289 3906 2343 προ-

492 2366 760 2439 λεχθεῖσιν
820 2364 1049 2435 ἰντυχών
1096 2360 1345 2438 ἀνδράσι,
1403 2367 1488 2415 τόν
1540 2361 1739 2414 ἐκείνων
1787 2359 1902 2433 βίον
1956 2360 2184 2420 ἐζήλωσε
2217 2377 2230 2389 ·
2286 2362 2451 2429 τούτῳ
2503 2358 2685 2432 βιϐλία
2733 2361 2866 2431 ἄγαν
2917 2358 3187 2413 σπουδαῖα
3242 2366 3637 2435 συγγέγραπται
3668 2378 3684 2393 ο
3741 2360 3805 2411 ὧν
3849 2362 3903 2410 τό

495 2459 585 2528 μὲν
644 2457 877 2527 μοναχός
909 2454 937 2512 ἦ
991 2457 1108 2525 περὶ
1160 2460 1448 2525 πρακτικῆς
1496 2454 1871 2523 ἐπιγέγραπται
1904 2465 1917 2477 ⁸
1966 2452 2025 2501 τὸ
2085 2444 2144 2501 δὲ
2191 2451 2485 2519 γνωστικός
2543 2448 2571 2505 ἢ
2631 2452 2748 2521 περὶ
2796 2458 2895 2501 τῶν
2948 2449 3366 2512 καταξιωθέντων
3419 2454 3659 2520 γνὼσεω,
3695 2466 3709 2479 ο
3760 2449 3902 2519 κεφά-

493 2544 616 2597 λαια
664 2540 724 2595 δὲ
772 2543 930 2593 αὐτοῦ
970 2560 1057 2593 πεν
1135 2543 1145 2610 |
1241 2546 1467 2597 τήκοντα
1500 2557 1511 2569 °
1554 2543 1611 2590 τό
1664 2535 1722 2591 δε
1789 2536 2150 2612 ἀντιρῥητικόν
2203 2540 2333 2611 πρὸς
2389 2541 2508 2599 τοὺς
2558 2538 2898 2612 πειράζοντας
2967 2535 3239 2611 δαίμονας,
3300 2537 3347 2590 ἐν
3406 2538 3539 2590 ὁκτώ
3590 2534 3901 2613 διῃρημένον

494 2638 694 2706 μέρεσι,
737 2634 871 2683 κατὰ
913 2634 999 2682 τόν
1048 2628 1266 2701 ἀριθμόν
1317 2637 1414 2680 τῶν
1477 2628 1611 2679 ὀκτὼ
1652 2627 1917 2698 λογισμῶν
1947 2644 1957 2654 ·
2012 2631 2101 2678 καὶ
2150 2625 2395 2688 ἑξακόσια
2456 2631 2825 2700 προγνωστικα
2880 2626 3255 2701 προϐλήματα·
3314 2631 3402 2679 καὶ
3455 2631 3703 2699 στιχηρὰ
3733 2626 3818 2699 ﬁ"
3859 2625 3902 2678 ἓν

494 2725 624 2794 πρός
671 2724 790 2779 τοὺς
838 2718 885 2771 ἐν
930 2718 1210 2779 κοινοϐίοις
1260 2719 1289 2777 ἦ
1341 2713 1613 2777 συνοδίαις
1666 2718 1934 2787 μοναχούς
1981 2734 1993 2746 ·
2041 2719 2130 2766 καὶ
2192 2714 2240 2767 ἓν
2284 2718 2410 2789 πρὸς
2469 2720 2563 2773 τήν
2626 2718 2905 2790 παρθενιαν
2946 2736 2958 2748 ·
3002 2722 3092 2769 καὶ
3138 2736 3270 2789 φησι
3317 2720 3451 2769 κατὰ
3502 2715 3633 2779 λέξιν
3689 2717 3847 2777 οὕτως
3886 2733 3899 2748 ο

497 2809 777 2881 ἀναγκαῖον
830 2811 917 2868 τὰς
967 2804 1121 2869 ὁδοὺς
1182 2816 1280 2859 τῶν
1354 2803 1783 2879 προοδευσάντων
1833 2813 2079 2876 μοναχῶν
2160 2803 2323 2877 ὀρθῶς
2379 2800 2652 2879 διερωτᾴν,
2702 2810 2789 2857 καὶ
2841 2809 2972 2878 πρὸς
3026 2808 3189 2868 αὑτὰς
3240 2806 3627 2879 κατορθοῦσθαι
3664 2821 3679 2835 ⁸
3750 2803 3901 2856 πολλὰ

493 2901 591 2971 γάρ
650 2897 789 2951 ἐστιν
856 2897 940 2949 ὑπ’
995 2897 1162 2948 αὐτῶν
1220 2899 1284 2948 τὰ
1337 2896 1559 2970 ῥηθέντα
1608 2900 1697 2946 καὶ
1752 2896 2051 2966 πραχθέντα
2108 2893 2273 2955 καλῶς
2310 2911 2321 2923 ⁸
2374 2892 2421 2945 ἐν
2479 2895 2554 2956 οἷς
2612 2899 2701 2946 καὶ
2766 2901 2920 2947 τουτό
2976 2915 3052 2956 τις
3098 2898 3276 2967 ἔφησε,
3344 2900 3437 2954 τὴν
3484 2895 3770 2967 ξηροτέραν
3816 2898 3899 2945 καὶ

497 2988 762 3060 ἀνώμαλον
791 2983 1023 3051 δίαιταν,
1056 2985 1230 3059 ἀγάπη
1265 2986 1673 3057 συζευχθείσαν,
1708 2985 1890 3036 θᾶττον
1924 2979 2126 3053 διάγειν
2157 2984 2243 3033 τὸν
2283 2984 2516 3055 μοναχὸν
2558 2982 2629 3042 εἰς
2660 2982 2931 3035 ἀπάθειαν.

564 3075 1225 3150 [Sequunturllomiliae
1240 3091 1448 3144 graece
1464 3072 1903 3147 pagg.t-567.In
1930 3071 2047 3127 fine
2070 3071 2204 3127 libri
2233 3071 2451 3142 legitur
2479 3087 2493 3128 :
2524 3072 2870 3129 Excudebat
2899 3072 3058 3129 Guil.
3087 3073 3373 3129 Morelius
3391 3071 3453 3128 in
3473 3073 3715 3143 graecis
3741 3078 3895 3142 typo-

500 3165 763 3238 graphus
800 3164 1016 3235 Regius
1037 3164 1123 3220 Μ.
1165 3166 1235 3218 D.
1270 3161 1450 3236 LIX.]

1425 3534 1955 3633 JOANNIS
2021 3534 2272 3630 ΡΙοΙ
2336 3535 3076 3633 PRAEFATIO

1232 3768 1313 3814 AD
1361 3766 1699 3814 VERSIONEM
1751 3765 2021 3812 LATINAM
2071 3764 2457 3811 HOMILIARUM
2507 3765 2558 3811 S.
2614 3765 2864 3812 MACARII
2916 3766 3188 3813 ARGYPTII

1846 3924 2017 3985 Quam
2044 3923 2209 3974 edidit
2238 3924 2339 3975 hoc
2362 3924 2518 3975 titulo
2549 3940 2562 3974 :

503 4072 563 4129 S.
583 4071 780 4126 Patris
794 4059 2928 4141 MacariiAegyptiiﬂortiiliaeguirtguagin-talintQ'pretenJoanne.Pico,
2962 4060 3027 4115 in
3046 4061 3295 4141 _Sengtu
3334 4062 3610 4141 Rariensi
3637 4064 3907 4141 classium

575 4130 1421 4212 inquisitoriarumpraeside.
1466 4130 1723 4212 Parisiis
1779 4130 1857 4187 Μ.
1904 4134 1973 4185 D.
2013 4130 2163 4186 LIX.
2233 4131 2413 4198 Apud
2462 4131 2624 4188 Guil.
2691 4130 3005 4188 Morelium
3034 4132 3097 4188 in
3158 4132 3403 4190 Graecis
3463 4135 3909 4207 typographum

582 4204 848 4283 Regium.
882 4211 980 4265 Ea:
1006 4207 1323 4277 privilegio
1347 4205 1539 4275 Regis.
1579 4204 1686 4259 12°.

574 4494 833 4548 Joannes
877 4491 1073 4552 Picus,
1103 4487 1165 4542 in
1209 4492 1421 4542 senatu
1470 4483 1797 4541 Parisiensi
1856 4483 2151 4538 Classium
2207 4482 2733 4554 inquisitoriarum
2788 4484 3045 4553 Praeses,
3085 4488 3202 4558 piis
3256 4488 3524 4546 omnibus
3580 4489 3811 4549 Christi
3866 4494 3913 4545 et

507 4582 809 4639 Ecclesiae
834 4584 1077 4635 sanctae
1097 4574 1427 4632 cultoribus
1458 4572 1741 4629 Salutem.

574 4672 764 4737 Quam
797 4669 1043 4739 antiqua
1075 4666 1150 4721 sit
1179 4671 1235 4720 et
1264 4662 1502 4719 illustris
1532 4662 2031 4717 anachoretarum
2064 4676 2133 4716 ac
2163 4659 2593 4717 monachorum
2628 4662 2814 4734 origo,
2848 4663 3111 4721 declarat
3155 4666 3432 4738 inprimis
3472 4668 3628 4724 beati
3669 4667 3913 4725 Joannis

511 4762 803 4831 Baptistae
836 4757 1101 4813 solitaria
1126 4752 1520 4818 conversatio,
1548 4766 1731 4822 quam
1760 4748 2208 4817 Evangeliorum
2237 4747 2388 4805 libro
2414 4749 2770 4823 descriptam
2800 4754 3094 4811 habemus
3120 4772 3137 4822 ;
3165 4756 3761 4815 declarantsecundo
3790 4760 3915 4815 loco

508 4850 905 4911 monimenta,
934 4860 1093 4917 quae
1123 4842 1297 4899 nobis
1347 4840 1713 4912 reliquerunt.
1752 4837 2173 4908 Apostolorum
2212 4836 2489 4909 discipuli
2521 4846 2577 4895 et
2608 4856 2817 4898 eorum
2858 4844 3058 4899 coaevi
3085 4844 3448 4917 philosophi,
3480 4847 3652 4919 cujus
3687 4845 3916 4917 generis

508 4938 724 4995 exstitit
767 4937 925 4991 Philo
957 4932 1353 5006 philosophus
1386 4935 1443 4985 et
1472 4935 1671 4984 orator
1690 4928 2083 4992 clarissimus,
2112 4928 2217 4999 qui
2241 4931 2589 4984 sanctorum
2622 4930 3076 5004 PetriMarcique
3103 4934 3513 5005 apostolorum
3547 4936 3917 5009 temporibus

508 5028 707 5084 ﬂoruit
735 5042 749 5092 ;
782 5024 1087 5080 declarant
1116 5026 1421 5093 postremo
1448 5024 1719 5073 auctores
1748 5015 2030 5073 Historiae
2043 5016 2503 5083 ecclesiasticae,
2530 5034 2850 5092 rerumque
2881 5021 3220 5078 divinarum
3254 5023 3529 5080 doctores
3556 5030 3615 5081 et
3639 5026 3917 5097 interpre-

509 5122 595 5172 tes
625 5133 638 5171 :
672 5130 828 5187 quos
858 5110 1232 5167 introducere
1262 5106 1574 5179 loquentes
1615 5106 1796 5171 malo,
1830 5122 2013 5177 quam
2067 5121 2406 5162 sermonem
2466 5122 2667 5163 meum
2710 5109 2822 5165 illis
2870 5110 3175 5182 attingere,
3232 5114 3523 5184 quoniam
3571 5113 3632 5169 in
3664 5130 3737 5172 ea
3776 5120 3918 5170 tem-

508 5220 661 5277 pora
686 5202 1023 5265 incidimus,
1054 5198 1273 5270 quibus
1290 5195 2134 5269 omne,quantumvisverum,
2162 5199 2569 5266 Oppugnatur,
2588 5198 3329 5273 neccredituraplerisque
3358 5202 3471 5257 nisi
3507 5203 3670 5273 quod
3690 5202 3918 5259 lubetot

509 5292 749 5351 arridet.
776 5293 1211 5357 Depromamus
1227 5301 1370 5355 ergo
1390 5284 1647 5356 primum
1663 5284 1968 5357 quaedam
1984 5300 2056 5339 ex
2070 5283 2219 5338 libro
2234 5283 2392 5339 beati
2410 5283 2673 5356 Dionysii
2687 5287 3109 5357 Apostolorum
3126 5291 3403 5361 discipuli
3417 5290 3491 5347 de
3509 5290 3917 5348 Ecclesiastica

513 5377 850 5439 hierarchia
889 5378 1005 5449 (a):
1042 5398 1068 5427 ‹‹
1099 5374 1157 5429 Ἡ
1193 5372 1251 5427 δὲ
1289 5382 1388 5426 τῶν
1428 5372 1738 5447 τελουμένων
1769 5373 1985 5427 ἁπασῶν
2011 5371 2308 5446 ὑψηλοτέρα
2337 5371 2502 5437 τάξις,
2531 5374 2561 5431 ἡ
2604 5383 2702 5426 τῶν
2740 5386 2987 5450 μοναχῶν
3014 5380 3152 5431 ἑστιν
3185 5381 3295 5453 ἱερὰ
3335 5376 3717 5453 διακόσμησις,
3746 5386 3915 5434 πᾶσαν

509 5473 599 5546 μὲν
630 5467 1087 5539 ἀποκεκαθαρμένη
1131 5466 1406 5541 κάθαρσιν,
1452 5463 1595 5537 όλικῇ
1635 5461 1877 5536 δυνάμει,
1916 5467 2006 5516 καὶ
2056 5461 2292 5515 παντελεῖ
2327 5470 2425 5513 τῶν
2469 5460 2667 5515 οἰκείων
2699 5462 2959 5539 ἐνεργειῶν
3001 5467 3270 5539 ἁγνότητι,
3327 5470 3507 5533 πάσης
3559 5466 3640 5535 δε,
3686 5470 3817 5533 ὅσης
3846 5469 3917 5521 0t-

2093 5570 2342 5626 NOTAE.

590 5683 670 5761 (a)
702 5684 843 5757 Cap.
875 5681 911 5739 6
937 5679 1013 5738 de
1045 5679 1358 5740 ordinibus
1395 5678 1500 5753 qui
1527 5676 1855 5737 initiantur.
