4088 6192
588 244 689 302 287
1940 241 2040 301 JO.
2082 240 2222 299 PICI
2267 241 2662 301 PRAEFATIO
3867 253 3958 309 988

586 377 766 444 caput
794 370 974 427 habet
1017 371 1394 442 suppositum
1423 369 1640 426 divinis
1667 369 1850 434 libris,
1883 369 1986 424 sed
2019 374 2250 424 tantum
2287 376 2524 441 praesto
2553 377 2640 425 est
2670 372 2962 426 sacerdoti
2993 372 3096 442 qui
3128 370 3444 442 mysticam
3485 375 3869 442 precationem
3905 379 3958 435 in

583 461 715 532 ipso
741 461 961 517 recitat.
986 461 1272 516 Sacerdos
1304 476 1440 514 vero
1462 476 1530 514 ea
1547 459 1827 530 perfecta,
1849 474 1986 513 cum
2010 458 2086 513 ad
2119 475 2256 513 eum
2274 461 2374 530 qui
2400 459 2656 514 initiatur
2674 461 2848 525 venit,
2880 460 3044 515 illum
3068 468 3236 530 rogat
3260 460 3543 531 primum,
3565 477 3705 517 num
3727 465 3957 523 remittat

584 553 858 605 nuntium
899 565 1018 605 non
1064 549 1256 604 solum
1299 549 1562 604 dividuis
1603 549 2017 620 distinctisque
2059 548 2211 608 vitis.
2247 564 2454 603 verum
2496 550 2674 604 etiam
2717 549 3092 616 visionibus;
3135 547 3352 603 deinde
3386 548 3866 620 perfectissimam
3909 557 3955 610 ei

582 640 764 695 vitam
805 639 1070 710 exponit,
1105 639 1214 694 hoc
1251 655 1357 710 pro
1395 639 1737 694 testimonio
1772 637 1996 702 dicens,
2039 652 2178 692 eum
2216 637 2474 692 mediam
2505 639 2684 693 vitam
2735 651 3018 709 superare
3050 653 3120 693 ac
3170 637 3458 693 transilire
3497 645 3779 709 oportere.
3810 642 3953 706 Quae

585 727 686 782 ubi
713 729 918 783 omnia
961 730 1007 783 is
1039 729 1139 799 qui
1169 730 1429 783 initiatur
1459 729 1830 782 continenter
1860 727 2162 797 professus
2193 732 2279 780 est
2307 742 2371 781 se
2400 741 2528 781 esse
2569 726 2887 792 facturum,
2924 728 3208 782 sacerdos
3251 725 3425 799 signo
3456 728 3646 781 crucis
3673 744 3802 783 eum
3827 745 3950 785 con-

581 817 882 886 signatum
916 818 1136 881 tondet,
1167 817 1478 886 appellans
1507 822 1614 871 tres
1650 831 1936 886 personas
1964 815 2199 870 divinae
2233 815 2646 880 beatitudinis;
2687 816 2970 887 omnique
2994 821 3152 870 veste
3174 815 3438 871 detracta
3468 831 3606 870 eum
3629 815 3740 872 alia
3762 818 3948 882 induit,

576 912 633 962 et
663 922 799 961 eum
841 905 968 960 aliis
997 905 1216 960 sanctis
1250 906 1388 960 viris
1417 906 1519 976 qui
1551 905 1790 974 adsunt,
1822 920 1958 958 cum
1981 920 2119 960 eum
2147 905 2446 968 salutavit,
2479 903 2827 976 participem
2855 904 2993 960 facit
3020 904 3361 960 divinorum
3395 905 3821 976 mysteriorum.

2057 1080 2516 1150 Contemplatio.

645 1278 672 1308 ‹‹
702 1258 873 1324 Quod
892 1263 1168 1313 neutrum
1195 1273 1349 1325 genu
1367 1257 1564 1321 ﬂectit,
1598 1272 1790 1328 neque
1814 1257 1988 1312 habet
2011 1261 2192 1327 caput
2207 1257 2423 1312 divinis
2444 1258 2609 1313 libris
2638 1258 2997 1323 subiectum,
3032 1261 3389 1329 praesloque
3413 1262 3499 1313 est
3532 1258 3814 1314 sacerdoti
3835 1275 3944 1331 pre-

573 1348 865 1403 cationem
887 1347 1167 1412 recitanti,
1197 1347 1477 1411 declarat,
1509 1346 1940 1401 monachorum
1969 1346 2195 1400 ordinis
2219 1362 2334 1401 non
2361 1362 2491 1401 esse
2523 1347 2670 1401 alios
2689 1347 3002 1411 deducere,
3024 1347 3124 1401 sed
3147 1346 3205 1400 in
3241 1361 3300 1401 se
3329 1362 3398 1401 ac
3427 1362 3531 1417 per
3553 1363 3614 1401 se
3631 1354 3872 1412 perstare
3894 1351 3939 1403 in

572 1437 1197 1506 singularisanctoque
1221 1443 1396 1500 statu,
1423 1435 1799 1490 sacerdotum
1820 1435 2054 1490 ordines
2079 1441 2495 1499 assectantem,
2516 1436 2663 1490 etab
2682 1437 2764 1490 eis
2795 1436 2870 1490 ad
2887 1436 3154 1490 divinam
3182 1451 3489 1490 sacrorum
3517 1451 3673 1506 quae
3695 1436 3844 1491 illum
3871 1445 3941 1492 at-

569 1525 1121 1593 tingUutscientiam
1147 1524 1922 1579 faciletra«luci.Divisarum
1942 1529 2141 1578 autem
2166 1524 2659 1596 diversarumque
2685 1540 2802 1579 non
2827 1524 3021 1580 solum
3056 1527 3331 1584 vitarum.
3349 1524 3447 1577 sed
3468 1524 3651 1579 etiam
3678 1527 3937 1581 visionum

568 1615 720 1669 utita
759 1617 774 1686 |
814 1614 1010 1668 dicam
1027 1613 1477 1668 abrenunciatio
1494 1612 1984 1683 perfectissimam
2003 1613 2437 1668 monachorum
2453 1613 2894 1684 philosophiam
2912 1613 3227 1682 significat,
3243 1629 3398 1684 quae
3412 1613 3468 1667 in
3487 1619 3932 1685 praeceptorum,

565 1719 720 1774 quae
755 1720 939 1758 unum
968 1702 1211 1767 faciunt,
1239 1702 1485 1757 scientia
1508 1702 1624 1756 vim
1647 1706 1701 1755 et
1731 1701 2145 1756 efﬁcacitatem
2174 1702 2378 1758 habet.
2420 1705 2514 1757 Est
2544 1704 2724 1764 enim,
2758 1708 2819 1757 ut
2843 1702 2982 1766 dixi,
3008 1718 3128 1758 non
3157 1702 3336 1756 medii
3369 1717 3580 1757 eorum
3609 1703 3706 1774 qui
3734 1703 3934 1759 initian-

567 1797 658 1846 tur
679 1792 923 1856 ordinis,
942 1793 1042 1845 sed
1068 1793 1285 1845 summi
1319 1791 1612 1845 omnium.
1631 1794 1832 1860 Itaque
1859 1789 2046 1845 multa
2073 1807 2303 1856 eorum,
2329 1807 2484 1862 quae
2509 1793 2753 1862 impune
2773 1807 2843 1846 ac
2866 1793 2990 1846 sine
3015 1791 3508 1862 improbationea
3542 1792 3733 1847 medio
3753 1792 3933 1848 ordine

565 1888 869 1950 geruntur,
903 1881 1066 1935 omni
1093 1881 1318 1934 ratione
1339 1879 1743 1947 singularibus
1771 1879 2081 1933 monachis
2105 1879 2414 1934 interdicta
2441 1885 2610 1945 sunt;
2641 1880 2863 1950 quippe
2887 1882 2987 1951 qui
3013 1896 3146 1934 cum
3174 1895 3293 1933 uno
3322 1881 3606 1948 coniungi
3637 1880 3934 1936 debeantet

561 1986 697 2025 cum
729 1987 895 2024 sacra
929 1971 1182 2023 mouade
1210 1968 1402 2037 colligi
1431 1975 1610 2038 atque
1633 1968 1709 2022 ad
1734 1969 2109 2022 sacerdotum
2137 1970 2338 2032 vitam,
2368 1974 2660 2040 quantum
2695 1969 2848 2032 licet,
2876 1968 3151 2033 formari;
3179 1969 3344 2040 quod
3373 1969 3424 2022 ei
3446 1968 3642 2023 ordini
3676 1969 3730 2022 in
3760 1971 3931 2024 multis

559 2059 708 2113 ordo
730 2059 822 2112 ille
843 2058 1051 2112 similis
1076 2058 1403 2122 sit,etunus
1429 2073 1498 2111 ex
1522 2057 1804 2111 omnibus
1831 2056 2144 2111 ordinibus
2167 2073 2374 2112 eorum
2399 2058 2498 2128 qui
2526 2057 2850 2122 initiantur,
2877 2057 2953 2112 ad
2971 2073 3108 2112 eum
3132 2058 3398 2128 proxime
3421 2058 3684 2117 accedat.
3713 2057 3930 2127 Signum

558 2163 697 2202 vero
722 2147 948 2215 ﬁgurae
967 2146 1179 2209 crucis,
1202 2151 1261 2200 ut
1279 2147 1396 2200 iam
1414 2162 1446 2199 a
1468 2145 1639 2200 nobis
1653 2145 1877 2199 dictum
1903 2153 2010 2209 est,
2031 2145 2292 2200 declarat
2319 2147 2735 2201 universarum
2765 2148 2839 2201 ad
2871 2161 3088 2216 corpus
3107 2146 3530 2217 pertinentium
3565 2146 3928 2217 cupiditatum

555 2237 970 2308 privationem.
987 2234 1246 2305 Capillus
1263 2239 1463 2289 autem
1486 2242 1692 2288 tonsus
1714 2250 1924 2304 puram
1945 2234 2227 2305 nullaque
2253 2236 2444 2304 figura
2465 2235 2724 2290 fucatam
2745 2235 2925 2290 vitam
2952 2234 3192 2298 indicat,
3209 2251 3362 2306 quae
3379 2251 3503 2290 non
3519 2235 3784 2290 fictarum
3801 2235 3930 2303 figu-

555 2341 759 2380 rarum
773 2331 873 2380 aut
886 2325 1153 2379 colorum
1169 2324 1508 2378 inductione
1522 2323 1962 2378 deformitatem
1979 2324 2180 2378 mentis
2195 2325 2489 2391 ornet,sed
2508 2326 2871 2394 perseipsam
2887 2339 3006 2378 non
3022 2324 3279 2378 humana
3293 2323 3924 2393 pulchritudine,verum

564 2414 847 2485 singulari
864 2418 920 2468 et
937 2413 1108 2467 unica
1123 2413 1195 2466 ad
1209 2412 1329 2466 divi
1342 2429 1479 2466 nam
1493 2413 1725 2467 excitet.
1744 2413 1957 2466 Prioris
1972 2428 2108 2466 vero
2126 2412 2301 2467 vestis
2316 2411 2600 2467 detractio
2615 2412 2921 2466 etalterius
2936 2413 3032 2466 ind
3047 2413 3201 2467 uctio
3217 2412 3521 2480 signiﬁcat
3544 2429 3577 2467 a
3594 2412 3771 2467 media
3784 2427 3926 2467 sanc-

556 2508 615 2558 ta
645 2505 763 2558 vita
800 2503 876 2556 ad
903 2502 1304 2572 perfectiorem
1338 2502 1766 2556 traductionem
1793 2521 1803 2558 :
1827 2501 2344 2572 quemadmodum
2371 2502 2429 2556 in
2461 2507 2636 2556 orlua
2675 2503 2788 2555 Deo
2814 2501 2939 2554 sive
2954 2501 3261 2572 baptismo
3277 2501 3452 2556 vestis
3488 2502 3921 2556 vicissitudinem

554 2608 625 2648 ac
645 2592 1031 2646 mutationem
1059 2609 1091 2644 a
1121 2590 1240 2645 vita
1264 2607 1417 2661 quae
1443 2591 1795 2661 expiabatur
1816 2591 1888 2644 ad
1910 2589 2428 2659 contemplationis
2452 2590 2899 2661 sapientiaeque
2923 2594 3141 2644 statum
3169 2597 3222 2644 et
3242 2589 3517 2644 habitum
3545 2591 3920 2659 migrationem

553 2681 1449 2753 signiﬁcaredicebamus.Quod
1477 2681 1521 2733 si
1544 2695 1701 2733 nunc
1724 2681 1898 2734 etiam
1929 2687 1983 2733 et
2006 2680 2286 2734 sacerdos
2301 2684 2356 2734 et
2381 2695 2592 2733 omnes
2621 2679 2811 2734 sancti
2847 2680 2946 2750 qui
2973 2678 3267 2732 intersunt
3297 2679 3557 2752 eumqui
3589 2679 3832 2734 initiatus
3855 2682 3926 2731 est

550 2770 948 2832 consalutant,
972 2769 1228 2838 intellige
1259 2773 1526 2822 sanctam
1561 2784 1765 2822 eorum
1791 2769 1891 2839 qui
1917 2768 2284 2823 divinitatem
2313 2769 2618 2822 imitantur
2646 2769 3011 2832 societatem,
3045 2773 3316 2822 amanter
3342 2783 3482 2821 cum
3517 2769 3716 2822 divina
3739 2767 3924 2822 laetitia

551 2859 700 2914 inter
731 2876 793 2912 se
817 2859 1268 2929 gratulantium.
1300 2860 1604 2912 Postremo
1623 2857 1898 2911 sacerdos
1914 2858 1988 2912 ad
2011 2858 2279 2912 divinam
2303 2857 2789 2912 communionem
2821 2857 3025 2910 invitat
3051 2872 3188 2910 eum
3210 2859 3309 2927 qui
3336 2857 3603 2912 initiatus
3626 2863 3725 2920 est,
3751 2861 3923 2910 sancte

546 2947 820 3003 indicans
849 2947 1010 3002 illum
1035 2948 1135 3018 qui
1194 2947 1203 3014 |
1264 2955 1647 3000 consecratus
1673 2953 1761 3000 est
1797 2947 1876 2999 :si
1900 2962 2035 3000 vero
2063 2947 2138 3001 ad
2170 2946 2604 3001 monachorum
2636 2945 2994 3012 institutum,
3021 2944 3185 3016 quod
3218 2945 3524 3016 singulare
3551 2953 3654 3010 est,
3679 2959 3922 3017 pervene.

542 3037 636 3102 rit,
665 3053 784 3092 non
810 3037 1004 3092 solum
1030 3041 1422 3107 spectatorem
1446 3051 1751 3090 sacrorum
1774 3051 1930 3106 quae
1949 3035 1998 3089 ei
2017 3037 2305 3106 permissa
2319 3042 2457 3090 sunt
2477 3036 2620 3099 fore,
2643 3051 2747 3089 nec
2771 3035 2883 3089 ritu
2901 3035 3078 3090 medii
3098 3033 3323 3089 ordinis
3347 3037 3403 3089 in
3446 3035 3920 3091 sanctissimorum

544 3133 1058 3182 sacramentorum
1086 3128 1427 3181 societatem
1453 3125 2064 3196 communionemque
2089 3125 2545 3189 venturum,sed
2567 3141 2706 3179 cum
2727 3124 2925 3178 divina
2949 3140 3155 3179 eorum
3185 3140 3500 3180 sacrorum
3524 3141 3674 3196 quae
3699 3123 3922 3195 percepit

535 3216 896 3284 cognitione,
929 3215 1043 3269 alio
1090 3230 1275 3285 quam
1309 3221 1552 3269 sanctus
1583 3213 1843 3284 populus
1876 3214 2058 3268 modo
2090 3217 2410 3268 venturum
2437 3229 2569 3269 esse
2602 3213 2678 3267 ad
2710 3213 2947 3268 divinae
2978 3215 3232 3268 societas
3263 3213 3642 3285 adeptionem
3675 3219 3726 3268 et
3751 3226 3920 3284 perce-

531 3304 822 3375 ptionem.
857 3325 876 3352 ι
917 3302 1076 3357 Philo
1117 3318 1255 3357 vero
1294 3302 1368 3357 de
1408 3303 1759 3356 eorumdem
1791 3309 1923 3356 ortu
1965 3302 2193 3373 scripsit
2227 3301 2386 3357 hunc
2417 3303 2476 3356 in
2511 3302 2760 3357 modum
2801 3319 2816 3357 ι
2848 3302 2926 3371 (α)
2965 3317 2976 3356 :
3019 3323 3047 3352 «
3094 3305 3416 3374 Postquam
3466 3319 3538 3359 ne
3573 3302 3787 3358 Essaeis
3815 3299 3920 3354 dis-

531 3407 844 3454 seruimus,
923 3391 1025 3461 qui
1103 3393 1287 3444 vitam
1362 3391 1619 3445 activam
1697 3394 1989 3455 exercent,
2059 3391 2363 3456 omnibus,
2441 3394 2564 3455 aut,
2641 3391 2806 3461 quod
2887 3391 3084 3445 minus
3160 3391 3530 3447 invidiosum
3604 3392 3752 3446 dictu
3821 3393 3914 3450 est,

531 3480 832 3551 plerisque
874 3479 1095 3533 felicius
1153 3479 1301 3534 ordo
1343 3478 1623 3550 postulat,
1666 3483 1726 3533 ut
1765 3479 2050 3549 deinceps
2087 3479 2358 3534 dicamus
2398 3495 2554 3551 quae
2603 3479 2862 3535 dicenda
2895 3484 3032 3534 sunt
3070 3479 3145 3534 de
3184 3481 3669 3553 contemplationi
3709 3478 3911 3534 deditis.

528 3571 655 3624 Non
713 3568 888 3623 debet
935 3568 1092 3622 enim
1133 3567 1479 3622 huiusmodi
1536 3569 1791 3622 virorum
1857 3569 2038 3622 virtus
2087 3569 2306 3623 eximia
2359 3585 2605 3624 causam
2651 3570 2938 3640 praebere
3006 3569 3220 3624 silentii
3283 3568 3375 3624 his
3423 3570 3530 3640 qui
3579 3569 3717 3625 nihil
3753 3568 3911 3623 hone-

528 3663 687 3713 stum
741 3660 956 3728 putant
1002 3657 1321 3712 tacendum
1373 3655 2027 3726 dissimulandumque.
2079 3657 2414 3713 institutum
2464 3663 2663 3714 autem
2694 3658 2875 3713 huius
2919 3657 3334 3729 philosophiae
3381 3675 3525 3715 mox
3581 3662 3811 3730 apparet
3854 3669 3912 3709 ex

525 3746 671 3818 ipsis
702 3746 1204 3818 appellationibus
1237 3765 1250 3815 ;
1289 3754 1577 3801 vocantur
1629 3748 1787 3800 enim
1828 3746 2233 3812 therapeutae,
2297 3748 2907 3818 lherapeutridesque,
2951 3747 3079 3802 'hoc
3118 3753 3207 3802 est
3264 3754 3573 3804 curatores
3612 3754 3666 3802 et
3705 3744 3911 3802 curatri-

524 3851 645 3900 ces,
676 3836 799 3890 sive
829 3836 1083 3891 cultores
1117 3841 1169 3891 et
1197 3834 1487 3900 cultrices,
1512 3851 1648 3890 vero
1691 3835 1952 3900 nomine,
1982 3835 2069 3890 vel
2100 3837 2243 3907 quia
2273 3836 2622 3907 proﬁtentur
2653 3837 3015 3892 medicinam
3045 3837 3546 3906 praestantiorem
3567 3838 3672 3892 ista
3700 3835 3910 3904 vulgata

523 3941 630 3997 per
642 3927 845 3980 omnia
867 3925 1094 3996 Oppida
1119 3943 1131 3990 ;
1167 3924 1309 3980 haec
1325 3925 1483 3978 enim
1504 3924 1777 3978 medetur
1799 3923 1939 3979 solis
1956 3925 2324 3995 corporibus,
2346 3925 2445 3981 illa
2459 3932 2512 3979 et
2533 3927 2767 3980 animas
2783 3925 2991 3981 liberat
3016 3926 3239 3980 morbis
3262 3927 3552 3996 gravibus
3577 3936 3629 3981 et
3651 3925 3904 3980 adversus

524 4014 791 4069 medelas
816 4013 1298 4078 contumacibus,
1323 4029 1474 4084 quos
1493 4012 2754 4085 inﬂixeruntvoluptates,concupiscentiae,
2774 4014 3029 4079 dolores,
3050 4014 3315 4083 timores,
3337 4016 3637 4083 avaritiae,
3660 4010 3908 4083 insipien-

522 4103 658 4168 tiae,
693 4103 1324 4157 iniustitiaeetceterae
1343 4103 1885 4172 perturbationeset
1913 4102 2190 4156 vitiorum
2225 4118 2440 4172 agmen
2467 4104 2933 4167 innumerabile;
2960 4103 3051 4159 vel
3082 4105 3223 4175 quia
3243 4103 3580 4160 didicerunt
3601 4119 3634 4158 a
3654 4099 3905 4157 naturaet

521 4206 552 4246 e
580 4191 766 4244 sacris
795 4190 1027 4257 legibus
1055 4191 1244 4244 colere
1263 4190 1405 4244 illud
1435 4190 1557 4244 Ens
1588 4197 1643 4244 et
1670 4192 1830 4244 bono
1859 4189 2068 4245 melius
2090 4196 2145 4245 et
2174 4208 2292 4247 uno
2317 4193 2605 4247 sincerius
2626 4199 2681 4247 et
2704 4193 2923 4248 unitate
2945 4193 3003 4248 in
3029 4194 3376 4264 generando
3400 4193 3700 4264 antiquius
3723 4195 3897 4258 atque,

521 4284 583 4332 ut
615 4279 693 4333 ita
723 4278 941 4342 dicam,
974 4278 1381 4349 principalius.
1421 4281 1636 4333 Horum
1671 4279 1870 4349 pietati
1902 4294 2058 4350 quos
2089 4281 2324 4336 tandem
2360 4283 2568 4338 merito
2599 4295 2810 4352 compa
2826 4281 3130 4338 rabimus?
3165 4303 3191 4332 »
3227 4285 3290 4337 Et
3322 4284 3532 4353 paucis
3558 4276 3849 4337 interiectis
3877 4293 3886 4330 :

525 4387 552 4417 ‹‹
583 4371 654 4422 At
707 4369 714 4436 |
757 4367 900 4420 illud
926 4368 1239 4421 hominum
1264 4382 1451 4436 genus
1479 4367 1951 4438 therapeuticum
1981 4370 2628 4441 semperindivinitatis
2653 4371 3157 4441 contemplatione
3173 4371 3465 4441 proﬁciet,
3490 4373 3662 4428 etiam
3681 4367 3792 4424 sole
3807 4364 3901 4420 hoc

519 4455 784 4510 sensibili
814 4456 1145 4525 praeterito,
1182 4471 1289 4510 nec
1325 4471 1590 4527 unquam
1624 4472 1800 4510 suum
1832 4457 2104 4512 ordinem
2136 4458 2366 4514 deseret
2391 4460 2730 4515 tendentem
2773 4459 2851 4514 ad
2880 4459 3217 4515 felicitatem
3250 4461 3756 4532 perfectissimam.
3781 4453 3898 4509 Huic

515 4545 670 4598 vitae
703 4544 964 4600 instituto
995 4545 1096 4615 qui
1127 4561 1186 4598 se
1221 4545 1525 4609 addicunt,
1563 4561 1677 4600 non
1694 4562 1764 4600 ex
1792 4561 1955 4601 more
1989 4548 2293 4616 autrogati
2316 4548 2376 4602 id
2411 4548 2651 4619 faciunt,
2682 4549 2784 4604 sed
2805 4565 3010 4605 amore
3041 4550 3294 4620 correpti
3331 4566 3529 4605 rerum
3554 4547 3890 4604 caelestium.

514 4639 570 4688 et
600 4634 990 4705 quasidivino
1019 4633 1213 4688 furore
1228 4633 1455 4705 perciti,
1485 4633 1676 4689 donec
1711 4635 1782 4690 ad
1801 4636 2542 4707 contemplationemillam
2559 4637 3130 4693 desideratissimam
3150 4641 3520 4711 perveniant.
3543 4635 3751 4692 Deinde
3781 4643 3900 4704 prae

510 4722 864 4778 immortalis
891 4723 1222 4794 beataeque
1261 4723 1416 4778 vitae
1445 4724 1722 4793 cupidine
1747 4726 1918 4795 quasi
1944 4726 2064 4780 iam
2095 4725 2206 4779 hac
2231 4725 2462 4781 mortali
2492 4726 2774 4789 defuncti,
2805 4726 3117 4782 facultates
3140 4743 3281 4782 suas
3295 4724 3789 4798 relinquntliberis
3811 4720 3897 4773 aut

508 4813 802 4881 cognatis,
831 4811 984 4867 ultro
1020 4812 1103 4866 eis
1139 4813 1482 4883 possesione
1503 4813 1772 4867 cedendo
1803 4835 1813 4865 :
1851 4821 2029 4884 atque
2060 4816 2237 4870 etiam
2268 4815 2443 4870 sociis
2474 4821 2530 4870 et
2565 4815 2850 4880 amicis,si
2879 4817 3115 4887 cognati
3143 4817 3614 4886 desint.0portet
3661 4811 3897 4870 enimml

508 4903 610 4972 qui
637 4901 1010 4972 perspicaces
1025 4901 1509 4972 divitasadeptus
1523 4906 1632 4965 est,
1659 4902 2016 4958 caecasillas
2049 4902 3167 4975 relinquatmentibuscaecutientibus.
3191 4926 3219 4957 »
3237 4908 3348 4960 Nec
3365 4904 3551 4960 multo
3579 4907 3734 4975 post:
3759 4918 3784 4949 α
3811 4899 3896 4950 Re-

510 4990 664 5045 lictis
686 4991 862 5059 igitur
881 4990 1260 5045 facultatibus
1275 4997 1326 5044 et
1341 4992 1749 5045 avocamentis
1765 4992 2044 5046 omnibus
2064 4992 2486 5064 fugiunt,nulla
2506 4992 2714 5049 habita
2726 4994 2954 5049 ratione
2974 4994 3595 5061 fratrum,liberorum,
3625 4993 3892 5062 parentum

511 5085 974 5150 uxorumque,et
991 5079 1270 5133 deserunt
1285 5094 1638 5133 numerosas
1651 5079 2060 5148 cognationes,
2081 5081 2902 5155 societates,amicitias,ipsas
2915 5081 3178 5154 denique
3194 5083 3501 5155 patrias,in
3514 5079 3724 5153 quibus
3738 5072 3889 5144 geniti

509 5167 1036 5239 educatiquesunt.
1072 5166 1580 5238 Quandoquidem
1596 5169 1968 5224 consuetudo
1985 5185 2272 5242 magnum
2296 5177 2669 5226 momentum
2712 5171 2892 5227 habet
2921 5173 3000 5227 ad
3040 5171 3410 5228 allectandos
3446 5170 3695 5226 animos.
3728 5161 3891 5222 Demi-

505 5262 679 5324 grant
716 5262 916 5310 autem
936 5271 1055 5310 non
1077 5256 1132 5309 in
1157 5255 1336 5310 aliam
1365 5255 1684 5320 civitatem,
1712 5257 1862 5311 sicut
1892 5259 2070 5325 servi,
2095 5259 2198 5330 qui
2223 5275 2283 5313 se
2313 5259 2484 5314 vendi
2512 5259 2642 5314 aliis
2673 5260 2830 5315 heris
2853 5260 3175 5331 impetrant
3203 5260 3422 5326 miseri,
3453 5267 3510 5315 ut
3541 5258 3642 5330 qui
3673 5253 3888 5311 servitu-

508 5348 628 5400 tem
660 5349 911 5410 mutant,
936 5360 1052 5399 non
1080 5343 1389 5413 effugiunt.
1421 5345 1673 5408 Quaevis
1693 5345 1850 5401 enim
1876 5346 2097 5412 civitas,
2134 5347 2221 5402 vel
2245 5348 2490 5419 optimis
2521 5355 2733 5406 ornata
2757 5349 3015 5420 legibus,
3049 5351 3228 5422 plena
3259 5348 3616 5407 esttumultu
3641 5341 3882 5418 plurimO,

2085 5492 2338 5548 NOTAE.

579 5627 661 5703 (a)
695 5627 817 5685 Lib.
861 5629 939 5684 De
968 5627 1082 5686 vita
1113 5628 1575 5706 contemplativa
1607 5630 1727 5687 sive
1755 5631 2096 5706 supplicum
2119 5633 2456 5692 virtutibus.
