4088 6192
174 262 258 318 989
898 256 991 311 AD
1028 254 1442 311 VERSIONEM
1486 254 1644 312 [ΛΤ.
1685 254 1861 312 HOM.
1903 256 1960 311 S.
2006 252 2312 311 MACARII
2351 255 2709 314 AEGYPTII.
3388 261 3515 319 99οη

170 402 303 457 quem
317 398 471 439 nemo
499 382 816 454 sapientiae
838 384 1095 436 sectator
1110 380 1422 436 sustineat.
1450 380 1564 437 Sed
1586 379 2018 437 extra‘moenia
2047 378 2276 450 degunt
2300 379 2359 435 in
2374 381 2563 437 hortis
2583 388 2687 439 aut
2710 384 2856 439 villis
2887 385 3187 453 solitariis,
3213 393 3491 445 amantes

169 473 629 535 solitudinem,non
650 470 968 526 hominum
994 468 1155 535 odio,
1190 468 1291 524 sed
1316 469 1393 524 ad
1416 469 1720 525 cavendos
1752 484 2113 539 congressus
2136 484 2274 525 cum
2296 468 2703 538 dissimilibus,
2728 489 2881 546 quos
2907 475 3102 531 sciunt
3124 476 3297 533 bonis
3320 478 3494 534 mori-

166 566 249 621 bus
270 561 495 618 otﬁcere.
523 563 632 616 Hoc
662 574 853 628 genus
885 558 1175 630 reperitur
1206 558 1264 613 in
1299 558 1501 614 multis
1530 558 1692 614 orbis
1725 559 2090 629 regionibus,
2122 559 2352 623 merito,
2388 564 2451 614 ut
2481 560 2789 618 absolutae
2828 564 3157 635 probitatis,
3186 572 3495 639 receptum

170 652 393 710 aGraecis
412 655 572 723 atque
600 648 896 704 Barbaris.
914 648 1165 703 Maxime
1184 652 1381 703 tamen
1415 648 1425 717 |
1459 647 1520 702 in
1548 653 1815 720 Aegypto
1842 647 2250 719 frequentatur
2272 662 2377 719 per
2398 649 2803 720 praefecturas
2828 652 3115 724 singulas,
3143 654 3494 727 praesertim

167 742 341 797 circum
354 738 762 795 Alexandriam.
786 739 865 792 Ex
878 736 1162 792 omnibus
1176 740 1373 792 autem
1399 736 1545 792 locis
1570 738 1833 808 optimus
1854 737 2109 809 quisque
2126 736 2635 807 therapeutarum,
2654 744 2962 812 tamquam
2983 741 3043 797 in
3061 743 3239 799 huius
3262 745 3496 813 generis

168 831 387 902 patriam,
416 827 648 882 colonus
676 827 922 882 mittitur
950 826 1010 880 in
1035 825 1237 881 locum
1276 825 1583 897 quendam
1631 826 2038 897 aptissimum,
2072 825 2251 880 situm
2284 825 2362 881 ad
2391 832 2673 896 stagnum
2707 830 2971 893 Mariam,
3004 832 3064 885 in
3088 836 3320 889 terreno
3347 833 3496 889 colle

163 918 322 974 acclivi
347 916 544 981 leviter,
579 921 771 971 tutum
803 914 978 969 simul
1018 916 1097 970 ab
1129 914 1281 969 aeris
1313 915 1619 985 temperie.
1654 913 2036 969 Securitatem
2066 914 2227 969 enim
2273 914 2324 969 ei
2372 922 2676 986 praestant
2709 916 2881 974 villae
2914 920 3148 991 vicique
3187 922 3447 993 proximi
3478 939 3493 989 ;

166 1022 317 1063 aerem
335 1019 457 1060 vero
476 1008 764 1075 temperat
783 1003 1161 1059 emissarium
1185 1003 1381 1073 stagni
1410 1004 1788 1057 exonerantis
1814 1017 1877 1058 se
1904 1003 1963 1057 in
1996 1018 2181 1068 mare,
2213 1008 2269 1058 et
2294 1019 2475 1059 aurae
2497 1020 2813 1077 nunquam
2839 1022 2960 1063 non
2991 1024 3056 1064 ex
3077 1008 3197 1065 alto
3224 1011 3498 1082 aspiran-

165 1102 228 1152 tes
245 1092 472 1159 tenuiter,
490 1093 637 1149 sicut
666 1092 994 1148 crassiores
1014 1091 1281 1147 feruntur
1309 1108 1339 1145 e
1370 1091 1843 1163 stagno,quibus
1870 1091 2177 1161 permixtis
2208 1097 2751 1165 temperamentum
2777 1096 2971 1152 existit
3006 1096 3497 1155 saluberrimum.

166 1183 408 1239 Domicilia
424 1197 555 1237 vero
586 1196 998 1237 convenarum
1024 1183 1164 1235 sunt
1192 1180 1525 1235 admodum
1549 1180 1820 1252 frugalia,
1842 1184 2051 1252 parata
2072 1184 2280 1238 contra
2310 1187 2541 1238 aestum
2574 1184 2994 1241 tantummodo
3024 1190 3078 1241 et
3103 1185 3343 1258 frigora,
3376 1203 3500 1244 non

161 1273 380 1342 contigua
407 1272 533 1326 utin
562 1270 837 1339 urbibus,
868 1284 987 1325 non
1006 1270 1168 1325 enim
1201 1269 1394 1340 placet
1414 1269 1471 1323 id
1499 1268 1841 1324 amantibus
1873 1268 2280 1335 solitudinem,
2313 1286 2419 1325 nec
2448 1275 2649 1327 tamen
2678 1272 2854 1343 longe
2879 1279 3129 1340 remota,
3157 1276 3299 1348 quia
3321 1276 3504 1333 socie-

161 1366 297 1416 tatem
327 1359 581 1430 diligunt,
634 1364 695 1415 ut
754 1358 868 1414 sibi
911 1359 1145 1431 possint
1203 1358 1457 1413 invicem
1502 1373 1846 1413 succurrere
1903 1358 2193 1414 adversus
2250 1359 2552 1415 latronum
2608 1361 2883 1418 incursus
2923 1362 3217 1421 fortuitos.
3276 1365 3502 1435 Singuli

161 1455 313 1505 autem
337 1448 541 1505 habent
571 1464 774 1504 sacras
804 1447 1109 1503 aediculas
1135 1462 1291 1519 quae
1325 1454 1533 1519 σεμνεῖα
1551 1452 1767 1503 vocant
1793 1447 1911 1502 sive
1942 1448 2325 1515 monasteria,
2358 1448 2462 1504 ubi
2494 1450 2736 1506 solitarii
2767 1456 3009 1509 sanctae
3035 1454 3184 1510 vitae
3202 1454 3502 1526 mysteriis

160 1538 269 1595 dant
290 1554 530 1610 operam.
559 1541 677 1594 Nec
710 1537 825 1592 cibi
860 1542 1110 1608 potusve
1140 1537 1467 1607 quicquam
1502 1551 1573 1591 eo
1605 1535 1884 1601 inferunt,
1916 1535 2153 1591 aliudve
2182 1536 2239 1591 in
2275 1554 2453 1592 usum
2486 1540 2774 1610 corporis,
2806 1541 2913 1596 sed
2960 1540 3155 1611 legem
3189 1548 3421 1599 tantum
3450 1547 3508 1599 et

160 1627 518 1699 prophetarum
545 1625 799 1683 oracula
830 1626 1111 1681 divinitus
1154 1625 1389 1696 prodita
1416 1625 1800 1696 hymnosque
1831 1630 1888 1679 et
1915 1625 2217 1695 quaedam
2247 1625 2365 1681 alia
2386 1627 2593 1696 pietati
2625 1628 3025 1702 scientiaeque
3059 1632 3509 1703 promovendae

160 1717 488 1789 utilia.ltaque
503 1722 849 1789 perpetuam
860 1714 1083 1770 habent
1100 1713 1199 1769 Dei
1215 1714 1743 1778 memoriam,utne
1758 1714 1817 1769 in
1832 1715 2059 1769 somnis
2072 1714 2296 1785 quidem
2310 1714 2466 1771 aliud
2481 1716 2564 1770 eis
2578 1716 3415 1791 obverseturquamimagines
3430 1721 3515 1776 di-

159 1806 372 1862 vinarum
384 1805 1182 1878 pulchritudinum.Etsuntin
1197 1804 1288 1860 his
1306 1804 1400 1875 qui
1417 1803 1753 1859 somniando
1765 1804 1903 1875 prod
1913 1803 2356 1875 untpraeclaras
2372 1821 2579 1860 sacrae
2596 1806 2995 1879 philosophiae
3008 1810 3512 1876 sententias.Quo-

159 1896 261 1951 tidie
272 1896 349 1951 bis
362 1896 583 1967 precari
607 1895 817 1961 solent,
837 1909 1012 1949 mane
1028 1910 1096 1949 ac
1113 1894 1225 1950 sub
1242 1909 1547 1963 vesperam
1568 1909 1578 1947 :
1595 1893 1817 1948 oriente
1837 1893 1961 1947 sole
1978 1897 2242 1963 petentes
2261 1893 2420 1948 diem
2437 1910 2567 1949 vere
2580 1894 2831 1960 felicem,
2848 1902 3027 1969 utque
3050 1904 3278 1954 mentes
3300 1913 3511 1954 eorum

159 1984 904 2057 caelestirepleanturlumine
923 1983 1249 2049 ;occidente
1263 1982 1775 2046 vero,utanimain
1798 1986 1975 2036 totum
1990 1987 2311 2037 exonerata
2340 1983 2352 2049 Ι
2385 1983 2647 2039 sensibus
2662 1984 3129 2056 molequererum
3151 1986 3510 2042 sensibilium

160 2074 406 2129 veritatem
420 2075 559 2130 vesti
575 2074 743 2144 getin
756 2072 1113 2128 consistorio
1126 2071 1474 2126 domestico.
1491 2070 1745 2125 Medium
1760 2086 1899 2125 vero
1914 2070 2187 2125 matutini
2205 2072 2630 2144 vespertinique
2646 2075 2925 2144 temporis
2940 2075 3314 2132 interstitium
3331 2080 3510 2131 totum

161 2162 459 2217 meditationi
477 2162 776 2218 tribuitur.
801 2163 1105 2215 Versantes
1122 2160 1280 2215 enim
1302 2175 1475 2215 sacra
1489 2160 1793 2215 volumina
1806 2160 1947 2214 dant
1962 2175 2201 2230 operam
2220 2160 2627 2232 philosophiae
2641 2178 2741 2233 per
2759 2179 2967 2219 manus
2988 2170 3262 2237 acceptae
3277 2181 3312 2220 a
3328 2164 3512 2221 maio-

162 2250 303 2315 ribus,
324 2252 636 2307 scrutando
660 2251 786 2305 eius
812 2248 1148 2320 allegorias,
1182 2249 1470 2320 quoniam
1501 2250 1613 2303 sub
1641 2249 1859 2319 apertis
1891 2248 2084 2304 verbis
2117 2248 2296 2304 latere
2322 2250 2573 2305 credunt
2601 2257 2829 2308 secreta
2859 2257 3124 2319 naturae,
3158 2253 3512 2309 coniecturis

160 2340 451 2410 explicanda
470 2338 913 2411 probabilibus.
939 2337 1164 2394 Habent
1182 2337 1363 2392 etiam
1383 2338 1720 2407 priscorum
1739 2338 2226 2399 commentarios,
2246 2339 2348 2409 qui
2368 2338 2548 2393 huius
2571 2345 2768 2396 sectae
2782 2346 3056 2398 auctores
3076 2342 3269 2398 multa
3290 2357 3511 2399 monu-

159 2434 314 2484 menta
328 2429 683 2501 reliquerunt
707 2427 781 2483 de
798 2427 1097 2496 allegoriis
1112 2426 1428 2493 eiusmodi,
1448 2426 1523 2481 ad
1546 2442 1803 2498 quorum
1821 2427 2211 2482 imitationem
2233 2427 2453 2499 posteri
2467 2443 2528 2483 se
2550 2430 3031 2487 accommodant.
3052 2432 3254 2503 Itaque
3282 2446 3400 2487 non
3415 2446 3511 2487 so-

159 2516 249 2570 lum
274 2517 757 2589 contemplantur,
793 2515 897 2570 sed
927 2514 1110 2570 etiam
1137 2516 1367 2570 cantica
1398 2515 1778 2587 hymnosque
1811 2516 1869 2570 in
1905 2516 2003 2571 Dei
2041 2514 2282 2571 laudem
2311 2523 2704 2589 componunt,
2736 2519 2903 2574 vario
2936 2524 3260 2576 metrorum
3292 2521 3510 2576 carmi-

158 2619 367 2678 numque
389 2621 598 2677 genere
614 2604 911 2677 rhythmis
925 2604 1319 2659 concinnatos
1339 2605 1396 2658 in
1419 2606 1825 2673 augustiorem
1840 2620 1909 2659 ac
1923 2604 2262 2673 religiosam
2278 2605 2560 2676 speciem.
2579 2609 2682 2662 Per
2695 2622 2797 2663 sex
2813 2608 2940 2663 dies
2963 2624 3234 2665 seorsum
3252 2609 3512 2681 quisque

159 2695 199 2747 in
214 2697 311 2749 suis
328 2695 430 2751 illis
454 2694 637 2751 modo
658 2693 833 2749 dictis
859 2694 1231 2748 monasteriis
1253 2692 1774 2764 philosophantur,
1800 2709 1919 2748 non
1943 2693 2389 2765 progredientes
2408 2693 2589 2760 foras,
2620 2695 2807 2752 immo
2833 2713 2906 2752 ne
2928 2697 3360 2770 prospicientes
3376 2698 3513 2769 qui-

159 2781 279 2837 dem.
299 2785 544 2855 Septima
564 2799 711 2839 vero
739 2783 1103 2837 conveniunt
1122 2784 1182 2835 in
1199 2788 1435 2837 coetum
1464 2797 1872 2848 communem,
1895 2787 1952 2837 et
1976 2782 2139 2837 iuxta
2160 2784 2368 2837 aetatis
2390 2784 2661 2839 ordinem
2685 2786 3005 2841 considunt
3023 2786 3257 2842 decenti
3277 2785 3511 2850 habitu,

160 2886 326 2927 manus
340 2875 707 2929 continentes
721 2870 834 2927 sub
848 2870 1053 2943 pallio,
1067 2869 1336 2925 dextram
1358 2872 1505 2925 inter
1520 2878 1723 2941 pectus
1739 2872 2135 2942 barbamque,
2152 2872 2452 2928 sinistram
2467 2872 2973 2943 applicantlateri.
2990 2877 3138 2931 Tum
3155 2874 3525 2946 progressus

159 2959 200 3012 in
223 2961 450 3018 medium
470 2968 618 3018 natu
650 2961 951 3017 maximus
981 2966 1035 3015 et
1064 2959 1419 3029 dogmatum
1453 2960 1580 3014 eius
1597 2966 1795 3014 sectae
1818 2959 2208 3030 peritissimus
2230 2959 2473 3016 disserit
2494 2960 2658 3016 vultu
2685 2962 2763 3017 ad
2785 2964 3137 3032 gravitatem
3153 2964 3510 3035 composito,

158 3051 583 3117 vocemoderata,
602 3065 727 3106 non
741 3050 866 3105 sine
896 3064 1115 3117 magna
1134 3048 1470 3120 prudentia,
1487 3064 1657 3103 secus
1681 3063 1861 3120 quam
1893 3054 2155 3104 oratores
2178 3052 2284 3102 aut
2301 3049 2510 3104 aetatis
2536 3056 2777 3106 nostrae
2800 3051 3102 3122 sophistae
3117 3056 3514 3108 ostentatores

161 3137 506 3210 eloquentiae:
532 3147 595 3197 ut
616 3140 715 3195 cui
739 3139 934 3209 magis
961 3139 1122 3194 cordi
1142 3145 1280 3194 sunt
1305 3138 1633 3211 exquisitae
1656 3138 1984 3193 sententiae
2008 3137 2385 3209 diligensque
2402 3142 2459 3193 et
2480 3144 2760 3196 accurata
2784 3140 3000 3196 harum
3014 3142 3332 3208 enarratio,
3356 3156 3513 3214 quae

158 3241 245 3283 non
268 3232 497 3286 summis
534 3229 763 3285 insidat
789 3228 1060 3296 auribus,
1102 3228 1205 3282 sed
1240 3243 1345 3299 per
1384 3227 1660 3283 auditum
1693 3231 1962 3298 penetret
1995 3226 2055 3281 in
2085 3227 2355 3282 animum
2396 3227 2599 3300 ibique
2636 3228 2883 3285 firmiter
2916 3230 3242 3286 inhaereat.
3284 3230 3515 3303 Reliqui

161 3330 320 3374 omnes
344 3320 677 3375 auscultant
700 3333 804 3389 per
824 3332 1131 3372 summum
1150 3316 1471 3380 silentium,
1497 3322 1858 3371 annutantes
1883 3314 2068 3371 oculis
2092 3320 2319 3371 tantum
2342 3322 2444 3372 aut
2471 3318 2689 3388 capite.
2718 3318 2781 3373 Id
2812 3334 3134 3375 commune
3162 3327 3411 3392 σεμνεῖον,
3452 3320 3516 3376 in

160 3406 282 3474 quod
308 3411 316 3477 Ι
345 3409 593 3481 septimo
615 3407 715 3462 die
736 3405 1119 3470 conveniunt,
1135 3409 1302 3476 septo
1321 3404 1614 3461 clauditur
1629 3405 1876 3476 duplici,
1892 3405 2183 3476 separatis
2200 3404 2464 3462 virorum
2488 3411 2545 3461 et
2567 3406 2889 3464 mulierum
2910 3408 3200 3466 coetibus.
3217 3410 3365 3466 Nam
3384 3426 3515 3466 mu-

160 3491 524 3570 lieresquoque
554 3494 903 3553 auscultant
923 3510 994 3549 ex
1014 3509 1198 3559 more,
1227 3493 1520 3549 duntaxat
1544 3510 1702 3566 quae
1729 3493 2059 3549 institutum
2084 3494 2243 3549 idem
2270 3500 2588 3551 sectantur.
2625 3496 2850 3553 Medius
2877 3503 3075 3555 autem
3099 3500 3296 3571 paries
3325 3516 3363 3556 a
3388 3497 3517 3557 solo

161 3584 301 3653 surgit
318 3586 492 3643 tribus
512 3590 850 3659 quatuorve
864 3582 1153 3639 cubitisln
1182 3582 1432 3638 modum
1455 3582 1738 3638 loriculae
1760 3604 1773 3647 ;
1798 3584 2107 3655 superiora
2131 3600 2319 3656 usque
2338 3584 2417 3639 ad
2444 3589 2660 3640 tectum
2678 3591 2900 3657 patent.
2932 3588 3096 3644 Unde
3122 3588 3363 3659 gemina
3384 3603 3520 3661 pro-

160 3673 279 3727 venit
302 3676 712 3739 commoditas,
745 3671 986 3746 etquod
1014 3672 1227 3744 pudori
1248 3671 1524 3727 foeminei
1553 3687 1731 3727 sexus
1758 3672 2108 3737 consulitur,
2141 3678 2197 3728 et
2216 3672 2382 3745 quod
2414 3673 2598 3730 verba
2627 3674 2886 3731 doctoris
2916 3676 3320 3733 exaudiuntur
3345 3676 3518 3734 facile

163 3759 341 3836 absque
364 3764 690 3821 obstaculis
716 3777 870 3835 quae
897 3776 1106 3818 vocem
1136 3760 1533 3832 intercipiant.
1561 3762 2012 3832 Temperantiae
2036 3766 2323 3833 tanquam
2354 3761 2748 3819 fundamento
2774 3764 2835 3819 in
2866 3765 3071 3821 anima
3092 3765 3246 3821 iacto
3274 3766 3519 3821 virtutes

161 3856 336 3908 ceteras
356 3857 792 3926 superstruunt.
809 3855 923 3907 Nec
950 3849 1151 3906 cibum
1174 3866 1283 3905 nec
1298 3857 1507 3922 potum
1535 3850 1860 3922 quisquam
1875 3849 2057 3905 sumit
2083 3856 2219 3905 ante
2242 3850 2383 3905 solis
2401 3866 2703 3912 occasum.
2721 3853 2885 3925 quod
2904 3853 3231 3924 sapientiae
3253 3853 3519 3909 studium

159 3936 242 3993 luci
267 3945 558 3999 convenire
582 3941 871 4007 iudicent,
907 3939 1165 3995 tenebris
1198 3955 1337 3995 vero
1372 3955 1581 3994 curam
1607 3938 1893 4010 corporis.
1924 3938 2059 3993 Ideo
2091 3944 2244 3995 totos
2270 3938 2397 3994 dies
2424 3939 2611 4008 alteri,
2654 3941 2821 3997 alteri
2849 3958 2989 3998 vero
3014 3942 3293 4013 exiguam
3324 3941 3517 3997 noctis

159 4035 340 4097 partem
368 4033 654 4089 tribuunt.
684 4029 957 4086 Nonnulli
985 4045 1057 4085 ex
1084 4029 1176 4083 his
1207 4029 1301 4084 vix
1333 4029 1503 4084 tertio
1534 4044 1777 4101 quoque
1806 4028 1901 4083 die
1930 4027 2151 4083 famem
2184 4028 2466 4093 sentiunt,
2500 4030 2702 4085 attenti
2739 4031 2930 4101 magis
2956 4031 3033 4086 ad
3062 4030 3517 4102 disciplinarum

162 4118 437 4179 scientiam.
463 4124 577 4178 Nec
600 4120 842 4184 desunt,
872 4119 976 4191 qui
1000 4116 1304 4189 praelaute
1331 4124 1577 4188 accepto
1604 4117 1781 4189 epulo
1810 4117 2140 4188 sapientiae
2164 4118 2403 4189 copiose
2430 4118 2773 4188 praebentis
2801 4135 2913 4175 sua
2927 4119 3165 4191 placita,
3190 4119 3523 4192 perdurant

162 4204 362 4278 duplum
386 4212 507 4267 eius
536 4210 847 4282 temporis,
880 4213 937 4264 et
966 4208 1059 4263 vix
1076 4212 1245 4263 sexto
1274 4206 1369 4261 die
1391 4207 1713 4276 degustant
1743 4206 1948 4262 cibum
1972 4206 2397 4267 necessarium,
2430 4208 2648 4262 assueti
2681 4208 2835 4263 sicut
2862 4209 3106 4265 cicadae
3134 4224 3265 4265 rore
3295 4208 3518 4276 vivere,

164 4298 380 4366 canticis,
419 4300 679 4373 opinior,
724 4297 987 4354 solantes
1014 4296 1299 4352 inediam.
1344 4295 1675 4367 Septimum
1710 4311 1846 4351 vero
1885 4294 2068 4361 diem,
2098 4299 2161 4350 ut
2199 4294 2416 4351 festum
2451 4302 2893 4369 sacratumque,
2932 4298 3160 4355 honore
3199 4298 3525 4369 dignantur

163 4385 372 4454 eximio;
410 4405 529 4462 quo
561 4391 704 4461 post
733 4402 941 4443 curam
969 4385 1154 4442 animi
1195 4400 1415 4457 corpus
1443 4400 1687 4458 quoque
1713 4384 2005 4450 reﬁciunt,
2031 4384 2181 4439 sicut
2201 4384 2466 4441 iumento
2492 4386 2826 4442 relaxantes
2854 4386 3124 4443 laborem
3145 4388 3521 4444 continuum.

163 4471 386 4533 lncibatu
399 4484 651 4534 utuntur
663 4492 817 4548 pane
831 4475 1085 4547 simplici
1108 4490 1121 4540 ;
1142 4474 1432 4530 salvicem
1446 4472 1682 4546 supplet
1698 4473 1933 4528 obsonii
1954 4490 1971 4541 ;
1993 4478 2094 4545 qui
2111 4472 2480 4529 delicatiores
2494 4480 2651 4539 sunt,
2670 4475 3003 4546 hyssopum
3019 4491 3126 4547 pro
3138 4475 3524 4532 condimento

164 4561 421 4623 adiiciunt.
446 4570 659 4624 Potum
680 4564 977 4621 efﬂuentis
992 4564 1297 4631 hauriunt,
1322 4563 1578 4619 contenti
1604 4561 1841 4634 placare
1862 4562 2141 4618 dominas
2164 4578 2199 4617 a
2222 4568 2435 4618 natura
2458 4562 2807 4619 mortalibus
2827 4562 3083 4627 additas,
3108 4564 3327 4620 famem
3345 4564 3531 4620 sitim-

167 4664 271 4720 que,
298 4655 512 4728 absque
533 4654 819 4713 omnibus
838 4654 1167 4717 lenociniis,
1198 4652 1451 4708 fruendo
1473 4651 1652 4708 rebus
1675 4652 1799 4707 sine
1825 4652 2048 4723 quibus
2078 4667 2201 4707 non
2222 4651 2355 4707 licet
2376 4652 2591 4707 vivere.
2621 4652 2811 4707 Edunt
2831 4653 3009 4723 igitur
3035 4668 3108 4707 ne
3127 4651 3415 4718 esuriant,
3440 4653 3527 4708 bi-

166 4736 281 4798 bunt
300 4760 366 4801 ne
382 4746 599 4811 sitiant,
616 4745 983 4800 saturitatem
1007 4742 1279 4798 cavendo
1301 4750 1359 4796 ut
1374 4741 1541 4796 inimi
1576 4744 1586 4809 |
1618 4757 1748 4796 cam
1767 4740 1970 4796 animo
1986 4741 2201 4812 pariter
2220 4756 2289 4795 ac
2315 4741 2567 4812 corpori.
2589 4743 2653 4796 Et
2672 4741 2963 4812 quoniam
2982 4741 3259 4810 tegminis
3283 4754 3527 4812 quoque

165 4827 286 4887 duae
304 4834 697 4907 suntspecies,
720 4834 901 4889 vestis
923 4838 1286 4904 tectumque,
1308 4830 1381 4886 de
1401 4829 1650 4885 aedibus
1673 4829 1793 4884 iam
1820 4829 1961 4895 dixi,
1989 4845 2115 4885 esse
2142 4828 2398 4885 incultas
2421 4835 2478 4884 et
2499 4836 3017 4901 extemporaneas,
3041 4828 3229 4885 factas
3255 4829 3331 4884 ad
3355 4844 3530 4900 prae-

167 4927 349 4978 sentem
368 4940 539 4979 usum
564 4921 1007 4979 tantummodo.
1031 4922 1096 4976 In
1119 4927 1281 4977 veste
1303 4925 1503 4976 autem
1525 4918 1734 4974 eadem
1757 4923 2006 4990 apparet
2027 4917 2396 4990 simplicitas,
2421 4917 2498 4974 ad
2520 4919 2812 4974 arcendos
2831 4918 3054 4974 calores
3078 4923 3134 4974 et
3156 4917 3394 4987 frigora,
3418 4931 3530 4989 pro

166 5008 377 5075 pelliceis
397 5029 600 5070 crassa
621 5012 821 5068 tunica
843 5012 901 5067 in
926 5011 1165 5083 hyeme,
1195 5016 1415 5065 aestate
1438 5025 1576 5065 vero
1596 5009 1823 5064 exomis
1849 5012 1954 5063 aut
1974 5007 2228 5063 interula
2245 5007 2421 5063 linea.
2456 5008 2519 5063 In
2548 5009 2890 5064 universum
2912 5007 3074 5064 enim
3098 5012 3374 5063 exercent
3399 5021 3531 5062 mo-

170 5094 395 5167 destiam,
425 5108 487 5157 ut
506 5102 733 5157 fontem
754 5099 1033 5165 veritatis,
1069 5100 1220 5154 sicut
1249 5114 1279 5154 e
1302 5097 1456 5153 fastu
1483 5097 1862 5153 mendacium
1884 5102 2247 5168 prognatum
2271 5102 2607 5152 autumant.
2638 5096 2942 5153 Proﬂuunt
2970 5098 3131 5153 enim
3153 5113 3184 5152 e
3213 5094 3531 5152 mendacio

170 5187 328 5244 variae
357 5192 650 5247 malorum
696 5190 959 5258 species;
993 5193 1199 5244 contra
1242 5203 1313 5243 ex
1340 5188 1580 5243 veritate
1629 5187 1904 5241 omnium
1941 5184 2285 5241 felicitatum
2326 5186 2730 5241 humanarum
2758 5186 3222 5259 divinarumque
3269 5185 3462 5256 copia.
3502 5204 3535 5238 η

175 5273 353 5333 Deinde
371 5280 733 5351 quibusdam
751 5277 1066 5334 interiectis
1093 5278 1239 5334 haec
1261 5279 1343 5332 ait
1372 5293 1383 5332 :
1420 5295 1449 5327 α
1478 5276 1583 5333 Ubi
1620 5291 1757 5331 vero
1781 5291 2111 5331 convenere
2138 5275 2439 5330 candidati
2463 5280 2519 5329 et
2543 5275 2678 5331 laeti
2706 5292 2843 5331 cum
2872 5292 3113 5332 summa
3139 5275 3426 5345 gravitate
3458 5274 3536 5331 ad

173 5362 363 5431 signum
375 5367 567 5424 datum
582 5385 619 5423 a
633 5367 905 5441 qquiam
916 5367 1486 5440 ephemereuta—sic
1500 5364 1831 5421 huiusmodi
1847 5364 2153 5419 ministros
2169 5364 2884 5437 nominant—priusquam
2902 5365 3292 5429 discumbant,
3308 5369 3536 5421 stantes

179 5465 275 5507 una
288 5457 419 5514 serie
429 5456 1106 5528 decenter,sublatisque
1119 5456 1195 5513 ad
1207 5456 1440 5512 caelum
1456 5454 1738 5511 manibus
1751 5459 1927 5526 atque
1952 5453 2139 5521 oculis
2154 5470 2167 5517 ;
2183 5452 2275 5515 his
2289 5453 2579 5531 quoniam
2593 5452 2931 5511 didicerunt
2945 5460 3215 5527 spectare
3228 5452 3532 5523 caelestia,

421 5564 659 5622 ΡΑτιιοι..
700 5564 801 5621 Gn.
839 5561 1089 5622 XXXIV.

3188 5563 3256 5626 10
