4088 6192
559 241 662 296 291
1901 229 2003 288 J0.
2047 230 2185 286 PICI
2231 229 2636 286 PRAEFA'I'IO
3843 238 3934 296 292

556 363 667 420 illis
689 366 892 435 utpote
911 359 1271 431 incorruptis
1295 373 1331 414 a
1352 357 1704 413 muneribus
1725 360 1781 412 et
1801 361 2055 427 quaestu
2081 355 2283 411 illicito
2309 373 2321 410 :
2346 359 2689 426 precantur,
2718 357 2779 408 ut
2798 355 2916 408 Deo
2939 354 3173 425 placeat
3195 356 3254 411 id
3275 358 3633 415 convivium.
3661 361 3934 420 Absolutis

557 453 835 525 precibus
860 450 1123 506 seniores
1143 446 1553 512 discumbunt,
1580 461 1649 501 ac
1673 461 1813 501 mox
1836 446 1934 501 alii
1958 462 2062 516 pro
2084 446 2372 514 cuiusque
2392 444 2700 513 dignitate.
2725 445 2838 498 Nec
2867 445 3024 498 enim
3049 445 3311 500 seniores
3334 463 3405 501 ex
3432 448 3604 502 annis
3624 451 3931 517 aestimant,

555 543 660 597 sed
677 538 1064 614 quantumvis
1083 536 1462 608 grandaevos
1479 535 1704 590 habent
1722 551 1828 607 pro
1853 535 2071 606 pueris,
2099 535 2149 589 si
2170 550 2301 589 sero
2321 534 2653 588 institutum
2673 534 2782 588 hoc
2807 533 3102 603 complexi
3125 542 3294 600 sunt;
3317 535 3604 592 honorem
3628 554 3760 594 vero
3783 557 3935 598 sene-

555 632 728 688 ctutis
749 630 1014 685 tribuunt
1033 627 1126 682 his
1149 626 1250 699 qui
1273 631 1662 681 exercuerunt
1685 640 1747 679 se
1770 640 1806 680 a
1827 625 2130 679 iuventute
2147 624 2204 678 in
2228 624 2340 679 hac
2364 622 2766 694 pulcherrima
2785 622 3108 693 divinaque
3133 629 3298 694 parte
3320 626 3798 697 contemplativae
3818 631 3936 701 phi-

553 718 886 790 losophiae.
908 717 1279 772 Adhibentur
1293 729 1535 770 mensae
1552 713 1848 769 foeminae
1863 728 2130 785 quoque,
2147 728 2299 768 anus
2319 712 2658 784 pleraeque,
2679 711 2779 766 sed
2795 712 3078 780 virgines,
3097 728 3214 768 non
3235 719 3475 770 coactae
3488 716 3781 783 castitatis,
3803 720 3938 775 sicut

555 808 718 880 apud
741 807 1000 864 Graecos
1023 804 1325 878 quaedam
1342 802 1733 870 sacriﬁculae,
1749 801 1854 858 sed
1877 808 2087 871 sponte
2113 803 2478 857 continentes
2502 816 2638 871 prae
2660 816 2863 856 amore
2876 801 3226 872 sapientiae,
3249 803 3418 858 cuius
3441 804 3638 860 studio
3659 820 3758 875 per
3775 812 3935 864 totam

553 897 737 952 vitam
765 897 1252 965 contempserunt
1284 891 1620 962 voluptates
1645 891 1932 961 corporis,
1967 891 2253 946 nimirum
2284 890 2541 956 divinae,
2575 905 2696 945 non
2729 889 3012 954 mortalis,
3056 891 3238 960 prolis
3270 891 3548 962 cupidae,
3583 908 3760 964 quam
3789 895 3936 952 solae

558 988 670 1041 Deo
705 986 714 1055 |
748 984 962 1040 charae
988 981 1225 1036 animae
1247 997 1318 1035 ex
1345 981 1557 1050 seipsis
1582 980 1840 1051 pariunt,
1865 980 2226 1050 excipientes
2256 994 2362 1050 pro
2393 978 2621 1034 semine
2643 978 3038 1048 intelligibiles
3061 979 3241 1034 Patris
3263 981 3485 1046 radios,
3516 988 3580 1036 ut
3601 981 3825 1039 decreta
3853 1001 3934 1040 sa-

552 1074 808 1146 pientiae
824 1069 1290 1140 contemplando
1314 1070 1616 1140 percipere
1640 1068 1892 1124 valeant.
1924 1068 2257 1124 Discubitus
2281 1069 2361 1122 ita
2381 1067 2766 1126 distribuitur.
2796 1073 2856 1121 ut
2878 1083 3150 1122 seorsum
3176 1066 3286 1124 viri
3302 1067 3580 1125 dextrum
3604 1069 3772 1136 latus,
3795 1088 3936 1129 seor-

555 1180 689 1218 sum
710 1162 1002 1217 foemiuae
1017 1158 1318 1214 sinistrum
1342 1163 1596 1213 teneant.
1615 1158 1782 1222 Quod
1804 1157 1849 1211 si
1869 1159 2003 1229 quis
2019 1159 2376 1228 suspicatur,
2399 1156 2754 1212 lectisternia
2767 1156 2871 1210 etsi
2889 1173 3004 1210 non
3022 1173 3087 1210 su
3099 1163 3398 1227 mptuosa,
3415 1167 3568 1213 certe
3594 1160 3936 1217 molliuscula

554 1252 754 1325 parari
784 1248 1132 1306 hominibus
1153 1248 1428 1317 ingenuis
1450 1253 1504 1302 et
1532 1247 1943 1318 philosophiae
1971 1246 2206 1310 deditis,
2230 1248 2377 1301 sciat
2406 1262 2536 1300 esse
2557 1253 2774 1314 tegetes
2801 1245 2978 1298 rudes
3008 1261 3038 1299 e
3064 1246 3156 1300 vili
3181 1253 3492 1302 contextas
3520 1250 3777 1312 materia,
3804 1251 3935 1306 vide-

550 1341 734 1396 licete
755 1354 986 1410 papyro
1009 1337 1316 1405 indigena,
1340 1338 1422 1389 sic
1446 1335 1614 1390 humi
1637 1343 1938 1404 aggestas,
1962 1343 2020 1390 ut
2039 1336 2358 1390 eminendo
2389 1333 2633 1389 fulciant
2655 1334 2910 1389 cubitos.
2937 1335 3434 1390 Remittuntenim
3463 1337 3768 1406 paululum
3799 1339 3934 1394 illam

552 1429 886 1484 laconicam
915 1425 1264 1496 disciplinae
1295 1425 1601 1491 duritiam,
1632 1439 1872 1494 semper
1901 1431 1957 1478 et
1991 1423 2210 1494 ubique
2245 1424 2567 1493 probantes
2601 1421 2904 1477 liberalem
2937 1423 3354 1490 frugalitatem,
3396 1431 3529 1480 totis
3562 1425 3776 1480 viribus
3799 1443 3934 1482 aver-

555 1517 749 1573 sando
773 1515 1091 1585 voluptatis
1109 1513 1435 1568 illecebras.
1465 1534 1490 1561 n
1523 1515 1581 1567 Et
1611 1512 1792 1583 paulo
1817 1519 1980 1582 post:
2015 1534 2043 1562 ε(
2065 1514 2275 1567 Vinum
2300 1528 2403 1582 per
2424 1511 2554 1567 illos
2571 1511 2700 1565 dies
2719 1527 2835 1565 non
2858 1512 3198 1581 praebetur,
3219 1512 3325 1566 sed
3349 1528 3511 1583 aqua
3529 1512 3934 1584 limpidissima,

554 1607 763 1663 ceteris
785 1605 1018 1674 frigida,
1050 1603 1247 1658 calida
1271 1618 1406 1658 vero
1424 1602 1516 1656 his
1541 1603 1645 1672 qui
1667 1601 1818 1656 inter
1841 1604 2105 1657 seniores
2131 1606 2456 1656 tractantur
2473 1599 2805 1655 delicatius.
2830 1599 3029 1653 Mensa
3054 1615 3204 1670 pura
3233 1605 3322 1655 est
3348 1603 3654 1656 acruentis
3683 1602 3932 1673 dapibus.

553 1696 663 1752 Pro
687 1695 819 1750 cibo
837 1693 1012 1765 panis
1033 1691 1375 1763 apponitur,
1400 1689 1487 1746 sal
1503 1706 1608 1761 pro
1625 1690 1905 1754 obsonio,
1928 1696 2105 1762 etpro
2132 1691 2516 1745 condimento
2538 1690 2840 1762 hyssopus
2857 1687 2917 1742 in
2935 1688 3318 1743 delicatorum
3345 1691 3620 1758 gratiam.
3646 1692 3937 1762 Operantur

555 1785 714 1841 enim
747 1789 810 1838 ut
836 1781 1178 1838 sacerdotes
1212 1781 1396 1834 sacris
1427 1779 1756 1844 abstemiis,
1785 1783 1908 1834 tota
1939 1781 2125 1834 victus
2155 1779 2384 1833 ratione
2415 1779 2703 1846 castigata
2733 1776 2810 1830 ad
2839 1777 3094 1832 eandem
3126 1777 3551 1848 frugalitatem.
3593 1782 3734 1835 Nam
3759 1782 3937 1836 vinum

553 1871 781 1928 habent
804 1886 911 1941 pro
939 1885 1164 1924 veneno
1181 1867 1462 1923 afferente
1487 1852 1875 1933 dementiam,
1905 1866 2175 1937 opiparis
2196 1874 2393 1922 autem
2415 1865 2688 1921 obsoniis
2705 1865 2873 1920 aiunt
2896 1865 3108 1919 irritari
3124 1867 3695 1937 concupiscentiam,
3711 1868 3936 1924 belluam

551 1958 1028 2016 insaturabilem.
1065 1959 1216 2012 Haec
1249 1961 1387 2010 sunt
1419 1955 1663 2010 exordia
1679 1956 1951 2010 convivii.
1983 1977 2007 2006 ι
2045 1958 2107 2009 Et
2130 1961 2263 2025 post
2295 1971 2487 2026 pauca
2521 1954 2793 2008 subditur
2825 1971 2836 2005 :
2868 1975 2886 2000 ι
2914 1954 3328 2009 Enarrationes
3350 1960 3553 2010 autem
3585 1972 3864 2011 sacrarum
3885 1957 3940 2010 li-

553 2055 817 2105 terarum
845 2053 1119 2103 constant
1141 2061 1213 2101 ex
1240 2045 1558 2114 allegoriis.
1585 2047 1730 2099 Nam
1749 2045 1807 2098 hi
1840 2046 1942 2098 viri
1967 2050 2149 2099 totam
2177 2045 2369 2113 legem
2388 2043 2970 2098 existimanthabere
2995 2043 3274 2097 animalis
3307 2043 3774 2110 similitudinem,
3803 2045 3940 2117 quod

553 2143 876 2209 praecepta
906 2152 1124 2206 corpus
1155 2135 1434 2198 referant,
1464 2135 1734 2188 animam
1762 2149 1898 2187 vero
1923 2135 2250 2188 sententiae
2276 2133 2623 2187 retrusiores
2652 2131 2763 2186 sub
2791 2131 3085 2185 velamine
3116 2133 3446 2188 verborum
3481 2135 3731 2190 abditae.
3754 2136 3808 2188 ln
3835 2135 3939 2205 qui-

552 2227 667 2282 bus
680 2225 980 2282 rationalis
1005 2224 1459 2292 animaegregie
1473 2223 1733 2292 seipsam
1761 2222 2202 2292 contemplatur
2221 2222 2581 2292 tanquamin
2607 2221 2872 2291 speculo,
2891 2221 3002 2274 sub
3025 2221 3117 2275 his
3137 2221 3280 2291 ipsis
3309 2222 3733 2278 verbismiram
3746 2233 3941 2278 senten-

553 2317 770 2372 tiarum
815 2314 1322 2385 pulchritudinem
1355 2311 1732 2381 conspiciens
1763 2317 1817 2365 et
1857 2312 2162 2382 explicans
2193 2326 2224 2364 e
2262 2309 2384 2381 ﬁgu
2418 2312 2426 2378 |
2461 2326 2663 2364 rarum
2701 2309 3043 2374 involucris,
3087 2318 3275 2380 atque
3317 2312 3396 2366 ita
3440 2313 3773 2383 penitiorem
3809 2311 3942 2367 intel-

552 2393 773 2459 lectum
808 2405 865 2457 in
889 2405 1082 2458 lucem
1118 2401 1456 2472 producens
1483 2401 1774 2455 duntaxat
1801 2403 1965 2470 apud
1987 2415 2110 2463 eos,
2143 2399 2245 2471 qui
2281 2415 2382 2469 per
2407 2398 2788 2453 occasionem
2819 2399 3114 2453 admoniti
3151 2401 3349 2454 sciunt
3377 2401 3638 2457 obscura
3667 2418 3732 2456 ex
3757 2400 3942 2473 apertis

553 2493 847 2561 colligere.
880 2492 986 2546 Ubi
1020 2507 1159 2544 vero
1193 2505 1431 2560 praeses
1466 2488 1630 2542 visus
1666 2494 1755 2543 est
1782 2503 1908 2542 rem
1943 2488 2094 2542 bene
2127 2489 2435 2542 tractando
2473 2485 2820 2541 satisfecisse
2848 2487 3196 2542 auditorum
3225 2489 3548 2556 desiderio,
3575 2491 3804 2562 plausus
3827 2504 3938 2560 pro-

554 2582 756 2652 palam
783 2581 976 2635 editur
999 2578 1078 2634 ab
1102 2577 1407 2633 omnibus.
1433 2579 1580 2631 Tum
1603 2577 1695 2631 ille
1717 2593 2041 2646 assurgens
2064 2577 2360 2648 hymnum
2386 2577 2443 2629 in
2469 2575 2705 2629 laudem
2732 2576 2829 2629 Dei
2859 2576 3088 2646 primus
3113 2578 3295 2642 canit,
3321 2585 3646 2634 autrecens
3669 2596 3702 2634 a
3729 2596 3785 2634 se
3809 2595 3940 2633 com-

553 2671 836 2742 positum,
879 2675 982 2724 aut
1037 2667 1426 2736 desumptum
1468 2667 1546 2720 ab
1605 2666 1808 2736 aliquo
1851 2673 2055 2720 vatum
2119 2673 2401 2720 veterum.
2449 2667 2690 2719 EXstant
2728 2664 2886 2718 enim
2929 2665 3108 2719 huius
3175 2667 3416 2733 generis
3459 2668 3720 2723 carmina
3759 2669 3936 2738 prisca,

552 2776 724 2815 versu
788 2760 1071 2823 trimetro,
1105 2763 1160 2811 et
1220 2756 1432 2826 hymni
1460 2771 1597 2809 cum
1660 2755 1782 2808 suis
1821 2755 2170 2810 accentibus
2234 2756 2381 2808 inter
2429 2769 2602 2808 sacra
2663 2753 2918 2808 canendi
2950 2760 3086 2809 ante
3163 2755 3400 2822 altaria,
3437 2757 3527 2812 vel
3591 2774 3626 2812 a
3664 2757 3936 2818 stantibus,

550 2849 644 2904 vel
710 2850 1024 2904 achoreas
1092 2845 1451 2900 ducentibus
1494 2843 1832 2898 moderatas
1903 2843 2078 2897 variis
2143 2842 2397 2897 flexibus
2471 2851 2649 2913 atque
2692 2841 3036 2896 retlexibus.
3082 2844 3428 2900 Praesulum
3499 2863 3637 2901 mox
3674 2847 3940 2901 imitantur

551 2937 733 2994 ceteri
799 2936 1031 2992 decenti
1092 2934 1322 2996 ordine,
1386 2933 1669 2987 omnibus
1735 2934 1955 2987 intente
2017 2933 2336 3003 quieteque
2401 2931 2916 2996 auscultantibus,
2987 2939 3417 3002 praeterquam
3481 2936 3540 2990 in
3596 2935 3706 2990 ﬁne
3763 2933 3939 3005 hymni

553 3032 937 3098 extremaque
999 3023 1291 3079 clausula.
1357 3024 1518 3077 Tunc
1574 3022 1733 3076 enim
1797 3021 2054 3076 universi
2113 3037 2319 3075 vocem
2385 3021 2694 3085 extollunt,
2754 3021 2887 3075 sine
2948 3038 3125 3077 sexus
3185 3023 3552 3080 discrimine.
3607 3045 3634 3076 ››
3681 3026 3786 3080 lsta
3827 3027 3940 3078 sunt

550 3117 808 3172 Philonis
837 3114 1036 3170 verba.
1070 3115 1232 3178 Quae
1263 3118 1559 3183 quantum
1578 3111 1655 3166 ad
1678 3110 2026 3178 religionem
2052 3111 2438 3165 christianam
2467 3116 2522 3164 et
2552 3109 3022 3165 ecclesiasticum
3045 3111 3223 3166 ordin
3239 3128 3333 3166 em
3363 3112 3605 3179 faciant,
3629 3114 3834 3186 liquido
3859 3111 3940 3166 de-

553 3207 740 3262 clarat
763 3204 1048 3259 Eusebius
1073 3201 1473 3258 Caesariensis
1499 3200 1786 3254 Historiae
1811 3200 2254 3254 Ecclesiasticae
2278 3199 2428 3254 libro
2451 3199 2736 3253 secundo.
2769 3201 2873 3264 Qui
2899 3201 3145 3270 quidem
3173 3201 3390 3257 horum
3425 3206 3732 3276 θεραπευτῶν
3756 3203 3937 3258 ducem

551 3295 958 3351 afﬁrmatesse
979 3292 1220 3346 beatum
1245 3292 1502 3344 Marcum
1524 3288 1862 3358 apostolum
1887 3294 1940 3342 et
1961 3287 2415 3357 evangelistam,
2442 3288 2704 3358 primum
2738 3288 3138 3345 Alexandriae
3159 3290 3541 3363 episcopum,
3560 3293 3937 3361 Philonemque

551 3381 986 3438 ecclesiasticae
1004 3377 1568 3432 institutionisinitia
1585 3384 1640 3430 et
1664 3375 1958 3444 originem
1979 3376 2344 3447 apostolicae
2367 3381 2544 3447 atque
2559 3378 2736 3432 etiam
2760 3378 3141 3447 evangelicae
3165 3379 3506 3436 traditionis
3521 3383 3707 3437 eidem
3727 3378 3927 3452 Suppli-

546 3487 683 3526 cum
714 3470 864 3525 libro
896 3467 1238 3529 intexuisse,
1273 3465 1358 3519 sic
1387 3465 1684 3519 scribeus‘
1719 3480 1731 3517 :
1760 3485 1787 3513 «
1814 3465 2071 3520 Marcum
2105 3465 2264 3519 hunc
2299 3467 2557 3534 primum
2598 3467 2765 3520 aiunt
2797 3467 2874 3521 ad
2907 3474 3242 3538 Aegyptum
3276 3471 3555 3535 missum,
3589 3469 3923 3540 evangelium

549 3560 688 3623 illic,
716 3557 882 3630 quod
903 3561 960 3612 et
987 3556 1442 3626 conscripserat,
1469 3553 1870 3623 praedicasse,
1902 3553 2285 3626 primumque
2308 3554 2588 3609 ecclesias
2608 3554 2998 3611 Alexandriae
3021 3558 3421 3614 constituisse.
3449 3563 3630 3616 Tanta
3658 3567 3838 3615 autem
3859 3556 3924 3610 ibi

551 3648 918 3704 credentium
935 3649 1199 3700 virorum
1217 3659 1286 3698 ac
1304 3641 1618 3697 mulierum
1636 3643 1952 3697 multitudo
1977 3645 2172 3714 prima
2185 3643 2530 3698 accessione
2546 3660 2648 3715 per
2667 3644 3014 3700 exercitium
3036 3646 3530 3718 philosophicum
3548 3648 3853 3704 admodum
3867 3661 3922 3700 ac

550 3735 1074 3807 diligentissimum
1103 3732 1346 3787 collecta
1377 3736 1483 3796 est,
1526 3737 1586 3785 ut
1616 3733 1893 3787 exercitia
1923 3748 2152 3798 eorum,
2187 3739 2534 3797 conventus,
2570 3735 2902 3804 symposia,
2939 3741 2994 3789 et
3027 3737 3366 3791 universam
3411 3754 3472 3793 re
3504 3739 3515 3807 ί
3547 3737 3759 3810 liquam
3795 3737 3921 3789 vitae

550 3825 1072 3884 conversationem
1109 3821 1270 3877 Philo
1303 3821 1482 3876 literis
1520 3820 1806 3876 mandare
1837 3821 2118 3890 dignatus
2149 3821 2244 3876 sit.
2284 3824 2483 3878 Fertur
2513 3823 2689 3877 etiam
2717 3823 2812 3878 hic
2855 3823 3013 3879 Philo
3042 3827 3261 3880 Romae
3302 3826 3421 3882 sub
3453 3828 3690 3884 Claudio
3715 3826 3782 3882 ad
3819 3823 3921 3879 col-

546 3916 820 3988 loquium
848 3913 992 3970 Petri
1037 3913 1316 3968 Romanis
1350 3916 1472 3965 tum
1513 3909 1916 3980 praedicantis
1960 3911 2206 3964 venisse.
2254 3910 2452 3981 Neque
2484 3910 2598 3966 hoc
2638 3927 2777 3966 vero
2821 3911 3110 3967 dissimile
3140 3921 3246 3968 est.
3292 3914 3766 3970 Commentarius
3787 3911 3916 3967 enim

545 4006 662 4068 ille,
688 4020 868 4076 quem
902 4002 1143 4058 tandem
1171 4000 1249 4055 ab
1276 4015 1346 4054 eo
1377 3998 1811 4070 posterioribus
1843 3999 2211 4070 temporibus
2239 3999 2611 4054 elaboratum
2640 4015 2766 4054 esse
2799 3999 3077 4066 dicimus,
3111 4001 3409 4059 Ecclesiae
3439 4020 3718 4074 canones,
3749 4001 3840 4073 qui
3857 3997 3918 4055 ad

546 4095 696 4150 haec
716 4097 918 4147 nostra
943 4105 1132 4161 usque
1157 4096 1425 4158 tempora
1445 4093 1774 4148 servantur.
1794 4087 2100 4142 manifeste
2124 4089 2401 4144 continet.
2431 4091 2553 4143 lmo
2575 4089 2863 4159 quoniam
2890 4091 3068 4145 vitam
3096 4095 3271 4146 etiam
3293 4093 3704 4162 religiosorum
3725 4096 3919 4146 nostro-

546 4198 684 4237 rum
715 4196 902 4252 quam
931 4179 1055 4233 fieri
1082 4178 1268 4248 potuit
1289 4177 1734 4231 accuratissime
1753 4176 2086 4246 descripsit,
2108 4178 2248 4230 satis
2264 4177 2645 4232 manifestum
2663 4179 3031 4250 relinquitur,
3053 4195 3172 4236 non
3197 4181 3381 4238 modo
3401 4183 3618 4238 vidisse
3639 4198 3766 4238 eum
3789 4180 3919 4234 viros

548 4270 681 4325 illos
707 4267 1069 4338 apostolicos
1097 4265 1186 4318 sui
1217 4265 1502 4336 temporis
1535 4279 1605 4318 ex
1639 4264 1935 4328 Hebraeis,
1972 4270 2032 4319 ut
2063 4281 2202 4320 vero
2227 4265 2420 4320 simile
2451 4272 2556 4332 est,
2589 4267 2907 4338 profectos,
2942 4268 3021 4323 ob
3052 4285 3310 4341 eamque
3341 4287 3589 4327 causam
3626 4272 3918 4342 priscorum

547 4359 727 4413 ritum
750 4356 947 4410 adhuc
962 4369 1125 4408 more
1145 4352 1507 4407 Judaeorum
1527 4352 1934 4417 observantes,
1962 4353 2060 4406 sed
2085 4360 2136 4406 et
2160 4355 2466 4424 probasse,
2490 4357 2845 4427 divinosque
2867 4357 3214 4414 ethonestos
3240 4359 3564 4416 iudicasse.
3591 4362 3728 4417 Cum
3744 4354 3918 4430 primis

551 4453 608 4503 et
638 4446 750 4500 hoc
778 4444 982 4515 liquet,
1015 4443 1178 4513 quod
1207 4441 1348 4496 nihil
1383 4441 1534 4495 ultra
1563 4443 1867 4495 veritatem
1911 4442 2149 4497 aliunde
2176 4450 2279 4498 aut
2308 4460 2378 4498 ex
2411 4445 2610 4515 seipso
2639 4445 2749 4511 his,
2785 4463 2940 4517 quae
2969 4447 3225 4503 scribere
3263 4457 3520 4505 conatus
3548 4450 3671 4514 fuit,
3701 4447 3918 4504 adiicere

549 4534 756 4591 volens
782 4534 841 4588 in
869 4548 939 4588 eo
968 4532 1142 4597 libro,
1173 4546 1351 4602 quem
1381 4531 1454 4584 de
1492 4531 1608 4586 vita
1638 4529 2100 4600 contemplativa
2132 4537 2233 4586 aut
2259 4532 2334 4588 de
2364 4534 2747 4604 precantibus
2773 4535 3090 4606 inscripsit,
3121 4537 3378 4594 cultores
3409 4555 3535 4603 eos,
3571 4544 3626 4593 et
3655 4535 3916 4594 mulieres,

545 4639 702 4696 quae
719 4638 856 4678 cum
879 4621 965 4676 eis
989 4625 1176 4684 erant,
1201 4619 1470 4674 cultrices
1496 4619 1692 4674 vocari
1715 4617 1944 4685 dixerit,
1961 4635 2330 4692 causamque
2352 4621 2772 4692 appellationis
2789 4623 2967 4678 huius
2985 4624 3406 4690 adiecerit,aut
3424 4626 3585 4699 quod
3609 4626 3824 4682 animos
3843 4637 3919 4676 ac-

545 4713 882 4770 cedentium
914 4727 946 4766 a
973 4708 1356 4782 passionibus
1376 4707 1634 4763 malitiae
1653 4708 1842 4762 instar
1864 4709 2228 4764 medicorum
2249 4709 2568 4765 liberantes
2587 4715 3004 4769 curaverintac
3030 4716 3393 4780 sanaverint,
3417 4715 3682 4789 velquod
3701 4711 3917 4769 caeleste

545 4818 770 4859 numen
804 4799 1032 4856 mundo
1063 4798 1223 4854 cultu
1251 4798 1602 4868 sinceraque
1635 4796 1921 4865 religione
1965 4799 2224 4853 venerati
2258 4799 2389 4853 sint.
2438 4801 2564 4854 Sive
2597 4801 2776 4869 igitur
2807 4802 2963 4857 hanc
2992 4803 3106 4858 illis
3140 4805 3604 4876 appellationem
3635 4805 3705 4859 de
3733 4817 3831 4856 suo
3853 4798 3918 4854 ob

547 4891 882 4962 praedictas
910 4904 1126 4946 causas
1155 4887 1460 4958 imposuit,
1493 4901 1834 4957 nomenque
1871 4887 2132 4942 virorum
2166 4889 2409 4941 istorum
2447 4890 2682 4958 proprie
2709 4889 2822 4945 hoc
2855 4898 3028 4961 pacto
3056 4892 3388 4963 descripsit,
3421 4897 3543 4949 sive
3565 4892 3756 4948 statim
3777 4887 3916 4944 initio

543 4994 678 5035 vere
697 4981 776 5034 sic
800 4979 989 5033 vocati
1017 4977 1148 5040 sint,
1170 4992 1307 5030 cum
1331 4975 1730 5030 Christianum
1755 4991 1968 5030 nomen
1992 4974 2472 5047 haudquaquam
2497 4984 2617 5032 tum
2637 4980 2854 5049 quovis
2881 4980 3013 5035 loco
3035 4980 3453 5048 celebraretur,
3477 4999 3594 5038 non
3610 4984 3915 5036 estnecesse

545 5075 608 5125 ut
628 5067 1085 5124 contendamus.
1113 5067 1228 5119 Hoc
1247 5070 1446 5118 tamen
1475 5079 1610 5118 cum
1638 5064 1842 5133 primis
1868 5070 2130 5126 testatur.
2160 5065 2322 5135 quod
2347 5065 2724 5122 facultatibus
2749 5069 2872 5122 suis
2893 5071 3314 5139 renunciarint,
3342 5087 3413 5127 ac
3435 5072 3612 5127 bonis
3634 5069 3707 5125 ad
3728 5083 3782 5123 se
3810 5079 3916 5138 per-

543 5158 866 5214 tinentibus
888 5154 1169 5210 cesserint
1194 5152 1255 5208 hi
1281 5153 1383 5224 qui
1412 5152 1822 5222 philos0phari
1848 5153 2184 5222 coepissent
2210 5170 2222 5218 ;
2257 5153 2476 5209 deinde
2497 5163 2553 5209 et
2581 5171 2616 5210 a
2641 5171 2756 5210 cun
2789 5158 2798 5226 Ι
2833 5157 2939 5212 ctis
2965 5157 3116 5214 vitae
3141 5159 3320 5215 huius
3352 5161 3510 5215 curis
3538 5156 3913 5215 abstinuerint,

541 5245 873 5316 relictisque
900 5245 1084 5298 muris
1111 5242 1168 5296 in
1197 5243 1354 5310 agris
1382 5248 1437 5294 et
1457 5240 1642 5294 hortis
1673 5240 1931 5295 solitarie
1963 5243 2297 5298 conversati
2325 5243 2458 5308 sint,
2483 5251 2640 5299 certo
2661 5247 2912 5300 scientes
2939 5249 3241 5305 consortia
3261 5264 3488 5312 eorum,
3522 5249 3625 5321 qui
3652 5247 3914 5316 disparem

540 5335 944 5406 sequebantur
975 5329 1214 5386 vivendi
1241 5330 1559 5395 rationem,
1584 5328 1812 5384 inutilia
1843 5335 1898 5384 et
1926 5331 2106 5385 noxia
2125 5347 2251 5386 esse
2287 5332 2400 5386 illis
2432 5334 2532 5405 qui
2565 5341 2688 5389 tum
2717 5336 3002 5406 temporis
3027 5336 3160 5403 hoc,
3192 5344 3255 5394 ut
3283 5353 3392 5410 par
3417 5343 3560 5403 erat,
3589 5334 3842 5406 agebant,
3865 5331 3915 5382 ut

613 5624 630 5656 ί
658 5615 780 5675 Lib.
813 5633 852 5674 ii
883 5633 1018 5691 cap.
1054 5619 1116 5675 16
1147 5631 1240 5692 sq.
