  <div class='ocr_page' id='page_1' title='image "/cluster/home/n/w/nwhite01/storage/ocr_20150623/34/hvd.32044073501835/156.png"; bbox 0 0 4088 6192; ppageno 0'>
   <div class='ocr_carea' id='block_1_1' title="bbox 1852 122 1867 157">
    <p class='ocr_par' dir='ltr' id='par_1_1' title="bbox 1852 122 1867 157">
     <span class='ocr_line' id='line_1_1' title="bbox 1852 122 1867 157; baseline 0 0"><span class='ocrx_word' id='word_1_1' title='bbox 1852 122 1867 157; x_wconf 67' lang='grc' dir='ltr'><strong>ιδ</strong></span> 
     </span>
    </p>
   </div>
   <div class='ocr_carea' id='block_1_2' title="bbox 174 206 3575 288">
    <p class='ocr_par' dir='ltr' id='par_1_2' title="bbox 174 206 3575 288">
     <span class='ocr_line' id='line_1_2' title="bbox 174 206 3575 288; baseline 0.008 -29"><span class='ocrx_word' id='word_1_2' title='bbox 174 209 267 271; x_wconf 75' lang='lat'><strong>993</strong></span> <span class='ocrx_word' id='word_1_3' title='bbox 954 207 1050 266; x_wconf 86' lang='lat' dir='ltr'><strong>AD</strong></span> <span class='ocrx_word' id='word_1_4' title='bbox 1091 206 1505 268; x_wconf 77' lang='lat' dir='ltr'><strong>VERSIONEM</strong></span> <span class='ocrx_word' id='word_1_5' title='bbox 1545 210 1704 268; x_wconf 84' lang='lat' dir='ltr'><strong>LAT.</strong></span> <span class='ocrx_word' id='word_1_6' title='bbox 1748 210 1923 268; x_wconf 86' lang='lat' dir='ltr'><strong>HOM.</strong></span> <span class='ocrx_word' id='word_1_7' title='bbox 1969 210 2029 268; x_wconf 92' lang='lat' dir='ltr'><strong>S.</strong></span> <span class='ocrx_word' id='word_1_8' title='bbox 2074 210 2382 272; x_wconf 80' lang='lat' dir='ltr'><strong>MACARII</strong></span> <span class='ocrx_word' id='word_1_9' title='bbox 2421 212 2777 273; x_wconf 82' lang='lat' dir='ltr'><strong>AEGYPTII.</strong></span> <span class='ocrx_word' id='word_1_10' title='bbox 3470 232 3575 288; x_wconf 76' lang='grc'>294</span> 
     </span>
    </p>
   </div>
   <div class='ocr_carea' id='block_1_3' title="bbox 166 336 3575 423">
    <p class='ocr_par' dir='ltr' id='par_1_3' title="bbox 166 336 3575 423">
     <span class='ocr_line' id='line_1_3' title="bbox 166 336 3575 423; baseline 0.006 -27"><span class='ocrx_word' id='word_1_11' title='bbox 166 338 337 397; x_wconf 86' lang='lat' dir='ltr'><strong>alacri</strong></span> <span class='ocrx_word' id='word_1_12' title='bbox 368 336 743 410; x_wconf 79' lang='lat' dir='ltr'><strong>ferventique</strong></span> <span class='ocrx_word' id='word_1_13' title='bbox 771 336 890 393; x_wconf 88' lang='lat' dir='ltr'><strong>ﬁde</strong></span> <span class='ocrx_word' id='word_1_14' title='bbox 931 352 1033 394; x_wconf 89' lang='lat' dir='ltr'><strong>eos</strong></span> <span class='ocrx_word' id='word_1_15' title='bbox 1061 338 1437 395; x_wconf 79' lang='lat' dir='ltr'><strong>imitarentur</strong></span> <span class='ocrx_word' id='word_1_16' title='bbox 1466 338 1569 411; x_wconf 88' lang='lat' dir='ltr'><strong>qui</strong></span> <span class='ocrx_word' id='word_1_17' title='bbox 1611 336 2024 410; x_wconf 88' lang='lat' dir='ltr'><strong>propheticam</strong></span> <span class='ocrx_word' id='word_1_18' title='bbox 2054 338 2238 397; x_wconf 89' lang='lat' dir='ltr'><strong>vitam</strong></span> <span class='ocrx_word' id='word_1_19' title='bbox 2285 337 2607 397; x_wconf 78' lang='lat' dir='ltr'><strong>ducebant.</strong></span> <span class='ocrx_word' id='word_1_20' title='bbox 2643 342 2872 401; x_wconf 85' lang='lat' dir='ltr'><strong>Etenim</strong></span> <span class='ocrx_word' id='word_1_21' title='bbox 2903 343 3046 402; x_wconf 90' lang='lat' dir='ltr'><strong>etin</strong></span> <span class='ocrx_word' id='word_1_22' title='bbox 3072 347 3235 405; x_wconf 78' lang='lat' dir='ltr'><strong>Actis</strong></span> <span class='ocrx_word' id='word_1_23' title='bbox 3268 355 3575 423; x_wconf 85' lang='lat' dir='ltr'><strong>apostolo-</strong></span> 
     </span>
    </p>
   </div>
   <div class='ocr_carea' id='block_1_4' title="bbox 163 426 3576 508">
    <p class='ocr_par' dir='ltr' id='par_1_4' title="bbox 163 426 3576 508">
     <span class='ocr_line' id='line_1_4' title="bbox 163 426 3576 508; baseline 0.005 -23"><span class='ocrx_word' id='word_1_24' title='bbox 163 445 287 485; x_wconf 91' lang='lat' dir='ltr'><strong>rum</strong></span> <span class='ocrx_word' id='word_1_25' title='bbox 319 430 363 493; x_wconf 80' lang='grc' dir='ltr'><strong>ί,</strong></span> <span class='ocrx_word' id='word_1_26' title='bbox 395 428 475 484; x_wconf 91' lang='lat' dir='ltr'><strong>de</strong></span> <span class='ocrx_word' id='word_1_27' title='bbox 500 426 716 501; x_wconf 82' lang='lat' dir='ltr'><strong>quibus</strong></span> <span class='ocrx_word' id='word_1_28' title='bbox 747 426 892 482; x_wconf 88' lang='lat' dir='ltr'><strong>nihil</strong></span> <span class='ocrx_word' id='word_1_29' title='bbox 931 432 1017 482; x_wconf 88' lang='lat' dir='ltr'><strong>est</strong></span> <span class='ocrx_word' id='word_1_30' title='bbox 1042 426 1231 494; x_wconf 88' lang='lat' dir='ltr'><strong>dubii,</strong></span> <span class='ocrx_word' id='word_1_31' title='bbox 1290 427 1404 484; x_wconf 92' lang='lat' dir='ltr'><strong>hoc</strong></span> <span class='ocrx_word' id='word_1_32' title='bbox 1437 432 1823 493; x_wconf 82' lang='lat' dir='ltr'><strong>memoratur,</strong></span> <span class='ocrx_word' id='word_1_33' title='bbox 1856 428 2020 500; x_wconf 91' lang='lat' dir='ltr'><strong>quod</strong></span> <span class='ocrx_word' id='word_1_34' title='bbox 2052 444 2265 483; x_wconf 89' lang='lat' dir='ltr'><strong>omnes</strong></span> <span class='ocrx_word' id='word_1_35' title='bbox 2294 429 2711 500; x_wconf 82' lang='lat' dir='ltr'><strong>Apostolorum</strong></span> <span class='ocrx_word' id='word_1_36' title='bbox 2735 432 3015 506; x_wconf 85' lang='lat' dir='ltr'><strong>discipuli</strong></span> <span class='ocrx_word' id='word_1_37' title='bbox 3056 440 3467 508; x_wconf 81' lang='lat' dir='ltr'><strong>possessiones</strong></span> <span class='ocrx_word' id='word_1_38' title='bbox 3504 460 3576 503; x_wconf 87' lang='lat' dir='ltr'><strong>ac</strong></span> 
     </span>
    </p>
   </div>
   <div class='ocr_carea' id='block_1_5' title="bbox 165 515 3576 593">
    <p class='ocr_par' dir='ltr' id='par_1_5' title="bbox 165 515 3576 593">
     <span class='ocr_line' id='line_1_5' title="bbox 165 515 3576 593; baseline 0.006 -20"><span class='ocrx_word' id='word_1_39' title='bbox 165 517 476 575; x_wconf 84' lang='lat' dir='ltr'><strong>facultates</strong></span> <span class='ocrx_word' id='word_1_40' title='bbox 505 533 645 572; x_wconf 89' lang='lat' dir='ltr'><strong>suas</strong></span> <span class='ocrx_word' id='word_1_41' title='bbox 692 515 1028 572; x_wconf 90' lang='lat' dir='ltr'><strong>divenditas</strong></span> <span class='ocrx_word' id='word_1_42' title='bbox 1053 516 1283 573; x_wconf 90' lang='lat' dir='ltr'><strong>cunctis</strong></span> <span class='ocrx_word' id='word_1_43' title='bbox 1320 516 1752 585; x_wconf 90' lang='lat' dir='ltr'><strong>distribuerint,</strong></span> <span class='ocrx_word' id='word_1_44' title='bbox 1785 517 1943 575; x_wconf 81' lang='lat' dir='ltr'><strong>iuxta</strong></span> <span class='ocrx_word' id='word_1_45' title='bbox 1974 517 2140 590; x_wconf 93' lang='lat' dir='ltr'><strong>quod</strong></span> <span class='ocrx_word' id='word_1_46' title='bbox 2192 517 2457 573; x_wconf 87' lang='lat' dir='ltr'><strong>cuiusvis</strong></span> <span class='ocrx_word' id='word_1_47' title='bbox 2490 520 2768 592; x_wconf 87' lang='lat' dir='ltr'><strong>exigebat</strong></span> <span class='ocrx_word' id='word_1_48' title='bbox 2786 525 3131 593; x_wconf 88' lang='lat' dir='ltr'><strong>necessitas,</strong></span> <span class='ocrx_word' id='word_1_49' title='bbox 3164 527 3247 585; x_wconf 88' lang='lat' dir='ltr'><strong>ita</strong></span> <span class='ocrx_word' id='word_1_50' title='bbox 3276 534 3339 586; x_wconf 89' lang='lat' dir='ltr'><strong>ut</strong></span> <span class='ocrx_word' id='word_1_51' title='bbox 3393 548 3576 592; x_wconf 90' lang='lat' dir='ltr'><strong>nemo</strong></span> 
     </span>
    </p>
   </div>
   <div class='ocr_carea' id='block_1_6' title="bbox 162 605 3578 693">
    <p class='ocr_par' dir='ltr' id='par_1_6' title="bbox 162 605 3578 693">
     <span class='ocr_line' id='line_1_6' title="bbox 162 605 3578 693; baseline 0.005 -30"><span class='ocrx_word' id='word_1_52' title='bbox 162 623 404 680; x_wconf 86' lang='lat' dir='ltr'><strong>prorsus</strong></span> <span class='ocrx_word' id='word_1_53' title='bbox 434 606 588 662; x_wconf 91' lang='lat' dir='ltr'><strong>inter</strong></span> <span class='ocrx_word' id='word_1_54' title='bbox 601 620 702 663; x_wconf 76' lang='grc' dir='ltr'><strong>θος</strong></span> <span class='ocrx_word' id='word_1_55' title='bbox 713 608 933 675; x_wconf 79' lang='lat' dir='ltr'><strong>egeret.</strong></span> <span class='ocrx_word' id='word_1_56' title='bbox 968 606 1273 678; x_wconf 88' lang='lat' dir='ltr'><strong>Quotquot</strong></span> <span class='ocrx_word' id='word_1_57' title='bbox 1288 606 1471 670; x_wconf 88' lang='lat' dir='ltr'><strong>enim,</strong></span> <span class='ocrx_word' id='word_1_58' title='bbox 1488 605 1640 662; x_wconf 88' lang='lat' dir='ltr'><strong>sicut</strong></span> <span class='ocrx_word' id='word_1_59' title='bbox 1669 605 1801 678; x_wconf 89' lang='lat' dir='ltr'><strong>ipsa</strong></span> <span class='ocrx_word' id='word_1_60' title='bbox 1820 606 2003 662; x_wconf 90' lang='lat' dir='ltr'><strong>verba</strong></span> <span class='ocrx_word' id='word_1_61' title='bbox 2016 606 2264 674; x_wconf 85' lang='lat' dir='ltr'><strong>habent,</strong></span> <span class='ocrx_word' id='word_1_62' title='bbox 2292 621 2672 677; x_wconf 87' lang='lat' dir='ltr'><strong>possessores</strong></span> <span class='ocrx_word' id='word_1_63' title='bbox 2690 615 2857 666; x_wconf 89' lang='lat' dir='ltr'><strong>erant</strong></span> <span class='ocrx_word' id='word_1_64' title='bbox 2876 626 3160 681; x_wconf 78' lang='lat' dir='ltr'><strong>agrorum</strong></span> <span class='ocrx_word' id='word_1_65' title='bbox 3178 624 3282 675; x_wconf 90' lang='lat' dir='ltr'><strong>aut</strong></span> <span class='ocrx_word' id='word_1_66' title='bbox 3305 621 3548 680; x_wconf 84' lang='lat' dir='ltr'><strong>aedium</strong></span> <span class='ocrx_word' id='word_1_67' title='bbox 3563 666 3578 693; x_wconf 92' lang='lat'><strong>,</strong></span> 
     </span>
    </p>
   </div>
   <div class='ocr_carea' id='block_1_7' title="bbox 164 693 1778 778">
    <p class='ocr_par' dir='ltr' id='par_1_7' title="bbox 164 693 1778 766">
     <span class='ocr_line' id='line_1_7' title="bbox 164 693 1778 766; baseline -0.001 -14"><span class='ocrx_word' id='word_1_68' title='bbox 164 696 579 761; x_wconf 85' lang='lat' dir='ltr'><strong>vendiderunt,</strong></span> <span class='ocrx_word' id='word_1_69' title='bbox 609 711 678 751; x_wconf 88' lang='lat' dir='ltr'><strong>ac</strong></span> <span class='ocrx_word' id='word_1_70' title='bbox 705 693 965 766; x_wconf 88' lang='lat' dir='ltr'><strong>pretium</strong></span> <span class='ocrx_word' id='word_1_71' title='bbox 988 694 1411 751; x_wconf 88' lang='lat' dir='ltr'><strong>distractorum</strong></span> <span class='ocrx_word' id='word_1_72' title='bbox 1439 695 1778 751; x_wconf 73' lang='lat' dir='ltr'><strong>bonorum:</strong></span> 
     </span>
    </p>
   </div>
   <div class='ocr_carea' id='block_1_8' title="bbox 1967 693 3581 778">
    <p class='ocr_par' dir='ltr' id='par_1_8' title="bbox 1967 696 3581 778">
     <span class='ocr_line' id='line_1_8' title="bbox 1967 696 3581 778; baseline 0.013 -28"><span class='ocrx_word' id='word_1_73' title='bbox 1967 701 2080 751; x_wconf 78' lang='lat' dir='ltr'><strong>ites</strong></span> <span class='ocrx_word' id='word_1_74' title='bbox 2103 696 2181 752; x_wconf 91' lang='lat' dir='ltr'><strong>ad</strong></span> <span class='ocrx_word' id='word_1_75' title='bbox 2214 696 2397 768; x_wconf 84' lang='lat' dir='ltr'><strong>pedes</strong></span> <span class='ocrx_word' id='word_1_76' title='bbox 2448 698 2869 768; x_wconf 83' lang='lat' dir='ltr'><strong>Apostolorum</strong></span> <span class='ocrx_word' id='word_1_77' title='bbox 2901 704 3227 773; x_wconf 90' lang='lat' dir='ltr'><strong>ponebant,</strong></span> <span class='ocrx_word' id='word_1_78' title='bbox 3252 709 3331 765; x_wconf 88' lang='lat' dir='ltr'><strong>ad</strong></span> <span class='ocrx_word' id='word_1_79' title='bbox 3352 710 3489 778; x_wconf 89' lang='lat' dir='ltr'><strong>hoc,</strong></span> <span class='ocrx_word' id='word_1_80' title='bbox 3516 718 3581 771; x_wconf 93' lang='lat' dir='ltr'><strong>ut</strong></span> 
     </span>
    </p>
   </div>
   <div class='ocr_carea' id='block_1_9' title="bbox 164 783 3578 867">
    <p class='ocr_par' dir='ltr' id='par_1_9' title="bbox 164 783 3578 867">
     <span class='ocr_line' id='line_1_9' title="bbox 164 783 3578 867; baseline 0.005 -25"><span class='ocrx_word' id='word_1_81' title='bbox 164 786 415 857; x_wconf 76' lang='lat' dir='ltr'><strong>singulis</strong></span> <span class='ocrx_word' id='word_1_82' title='bbox 442 783 776 841; x_wconf 88' lang='lat' dir='ltr'><strong>secundum</strong></span> <span class='ocrx_word' id='word_1_83' title='bbox 789 783 1049 839; x_wconf 90' lang='lat' dir='ltr'><strong>cuiusvis</strong></span> <span class='ocrx_word' id='word_1_84' title='bbox 1078 784 1491 840; x_wconf 82' lang='lat' dir='ltr'><strong>necessitatem</strong></span> <span class='ocrx_word' id='word_1_85' title='bbox 1522 784 1978 856; x_wconf 88' lang='lat' dir='ltr'><strong>expenderetur.</strong></span> <span class='ocrx_word' id='word_1_86' title='bbox 2020 784 2365 841; x_wconf 88' lang='lat' dir='ltr'><strong>Consimilia</strong></span> <span class='ocrx_word' id='word_1_87' title='bbox 2396 784 2520 841; x_wconf 88' lang='lat' dir='ltr'><strong>istis</strong></span> <span class='ocrx_word' id='word_1_88' title='bbox 2544 787 2883 858; x_wconf 89' lang='lat' dir='ltr'><strong>praedictus</strong></span> <span class='ocrx_word' id='word_1_89' title='bbox 2910 790 3073 848; x_wconf 91' lang='lat' dir='ltr'><strong>Philo</strong></span> <span class='ocrx_word' id='word_1_90' title='bbox 3104 794 3470 867; x_wconf 90' lang='lat' dir='ltr'><strong>testiﬁcatus,</strong></span> <span class='ocrx_word' id='word_1_91' title='bbox 3500 802 3578 859; x_wconf 90' lang='lat' dir='ltr'><strong>ad</strong></span> 
     </span>
    </p>
   </div>
   <div class='ocr_carea' id='block_1_10' title="bbox 160 872 3583 959">
    <p class='ocr_par' dir='ltr' id='par_1_10' title="bbox 160 872 3583 959">
     <span class='ocr_line' id='line_1_10' title="bbox 160 872 3583 959; baseline 0.006 -30"><span class='ocrx_word' id='word_1_92' title='bbox 160 876 407 932; x_wconf 82' lang='lat' dir='ltr'><strong>verbum</strong></span> <span class='ocrx_word' id='word_1_93' title='bbox 432 872 674 929; x_wconf 87' lang='lat' dir='ltr'><strong>subiicit</strong></span> <span class='ocrx_word' id='word_1_94' title='bbox 702 872 910 929; x_wconf 91' lang='lat' dir='ltr'><strong>dicens</strong></span> <span class='ocrx_word' id='word_1_95' title='bbox 942 887 955 925; x_wconf 92' lang='lat'>:</span> <span class='ocrx_word' id='word_1_96' title='bbox 990 890 1019 923; x_wconf 83' lang='lat'>«</span> <span class='ocrx_word' id='word_1_97' title='bbox 1053 874 1151 930; x_wconf 89' lang='lat' dir='ltr'><strong>Est</strong></span> <span class='ocrx_word' id='word_1_98' title='bbox 1182 880 1383 929; x_wconf 86' lang='lat' dir='ltr'><strong>autem</strong></span> <span class='ocrx_word' id='word_1_99' title='bbox 1415 873 1475 928; x_wconf 92' lang='lat' dir='ltr'><strong>in</strong></span> <span class='ocrx_word' id='word_1_100' title='bbox 1506 873 1703 929; x_wconf 89' lang='lat' dir='ltr'><strong>multis</strong></span> <span class='ocrx_word' id='word_1_101' title='bbox 1726 872 1974 945; x_wconf 90' lang='lat' dir='ltr'><strong>quidem</strong></span> <span class='ocrx_word' id='word_1_102' title='bbox 1995 878 2288 931; x_wconf 89' lang='lat' dir='ltr'><strong>terrarum</strong></span> <span class='ocrx_word' id='word_1_103' title='bbox 2318 873 2466 930; x_wconf 89' lang='lat' dir='ltr'><strong>locis</strong></span> <span class='ocrx_word' id='word_1_104' title='bbox 2496 874 2611 932; x_wconf 93' lang='lat' dir='ltr'><strong>hoc</strong></span> <span class='ocrx_word' id='word_1_105' title='bbox 2642 891 2835 945; x_wconf 87' lang='lat' dir='ltr'><strong>genus</strong></span> <span class='ocrx_word' id='word_1_106' title='bbox 2857 877 3174 938; x_wconf 88' lang='lat' dir='ltr'><strong>hominum</strong></span> <span class='ocrx_word' id='word_1_107' title='bbox 3197 900 3217 949; x_wconf 86' lang='lat'><strong><em>;</em></strong></span> <span class='ocrx_word' id='word_1_108' title='bbox 3263 889 3583 959; x_wconf 85' lang='lat' dir='ltr'><strong>oportebat</strong></span> 
     </span>
    </p>
   </div>
   <div class='ocr_carea' id='block_1_11' title="bbox 164 960 3578 1047">
    <p class='ocr_par' dir='ltr' id='par_1_11' title="bbox 164 960 3578 1047">
     <span class='ocr_line' id='line_1_11' title="bbox 164 960 3578 1047; baseline 0.006 -29"><span class='ocrx_word' id='word_1_109' title='bbox 164 965 320 1021; x_wconf 86' lang='lat' dir='ltr'><strong>enim</strong></span> <span class='ocrx_word' id='word_1_110' title='bbox 349 961 593 1035; x_wconf 80' lang='lat' dir='ltr'><strong>perfecti</strong></span> <span class='ocrx_word' id='word_1_111' title='bbox 618 961 763 1018; x_wconf 93' lang='lat' dir='ltr'><strong>boni</strong></span> <span class='ocrx_word' id='word_1_112' title='bbox 778 961 1101 1034; x_wconf 89' lang='lat' dir='ltr'><strong>participes</strong></span> <span class='ocrx_word' id='word_1_113' title='bbox 1116 961 1244 1018; x_wconf 86' lang='lat' dir='ltr'><strong>ﬁeri</strong></span> <span class='ocrx_word' id='word_1_114' title='bbox 1272 967 1395 1018; x_wconf 89' lang='lat' dir='ltr'><strong>tam</strong></span> <span class='ocrx_word' id='word_1_115' title='bbox 1408 960 1663 1019; x_wconf 89' lang='lat' dir='ltr'><strong>Graecos</strong></span> <span class='ocrx_word' id='word_1_116' title='bbox 1676 977 1863 1035; x_wconf 91' lang='lat' dir='ltr'><strong>quam</strong></span> <span class='ocrx_word' id='word_1_117' title='bbox 1892 962 2185 1019; x_wconf 90' lang='lat' dir='ltr'><strong>Barbaros</strong></span> <span class='ocrx_word' id='word_1_118' title='bbox 2205 979 2217 1018; x_wconf 88' lang='lat'><strong>:</strong></span> <span class='ocrx_word' id='word_1_119' title='bbox 2234 978 2446 1019; x_wconf 90' lang='lat' dir='ltr'><strong>verum</strong></span> <span class='ocrx_word' id='word_1_120' title='bbox 2460 963 2521 1019; x_wconf 91' lang='lat' dir='ltr'><strong>in</strong></span> <span class='ocrx_word' id='word_1_121' title='bbox 2536 964 2808 1037; x_wconf 83' lang='lat' dir='ltr'><strong>Aegypto</strong></span> <span class='ocrx_word' id='word_1_122' title='bbox 2830 965 2889 1021; x_wconf 91' lang='lat' dir='ltr'><strong>in</strong></span> <span class='ocrx_word' id='word_1_123' title='bbox 2904 968 3155 1040; x_wconf 87' lang='lat' dir='ltr'><strong>singulis</strong></span> <span class='ocrx_word' id='word_1_124' title='bbox 3171 974 3578 1047; x_wconf 85' lang='lat' dir='ltr'><strong>praefecturis,</strong></span> 
     </span>
    </p>
   </div>
   <div class='ocr_carea' id='block_1_12' title="bbox 165 1050 3577 1135">
    <p class='ocr_par' dir='ltr' id='par_1_12' title="bbox 165 1050 3577 1135">
     <span class='ocr_line' id='line_1_12' title="bbox 165 1050 3577 1135; baseline 0.004 -26"><span class='ocrx_word' id='word_1_125' title='bbox 165 1054 334 1110; x_wconf 86' lang='lat' dir='ltr'><strong>sicuti</strong></span> <span class='ocrx_word' id='word_1_126' title='bbox 365 1055 602 1117; x_wconf 83' lang='lat' dir='ltr'><strong>vocant,</strong></span> <span class='ocrx_word' id='word_1_127' title='bbox 636 1050 923 1116; x_wconf 87' lang='lat' dir='ltr'><strong>abundat,</strong></span> <span class='ocrx_word' id='word_1_128' title='bbox 956 1050 1287 1107; x_wconf 85' lang='lat' dir='ltr'><strong>etmaxime</strong></span> <span class='ocrx_word' id='word_1_129' title='bbox 1314 1050 1926 1107; x_wconf 81' lang='lat' dir='ltr'><strong>circaAlexandriam.</strong></span> <span class='ocrx_word' id='word_1_130' title='bbox 1947 1050 2221 1122; x_wconf 89' lang='lat' dir='ltr'><strong>Undique</strong></span> <span class='ocrx_word' id='word_1_131' title='bbox 2251 1057 2452 1107; x_wconf 91' lang='lat' dir='ltr'><strong>autem</strong></span> <span class='ocrx_word' id='word_1_132' title='bbox 2477 1053 2743 1124; x_wconf 89' lang='lat' dir='ltr'><strong>optimus</strong></span> <span class='ocrx_word' id='word_1_133' title='bbox 2774 1055 3032 1127; x_wconf 90' lang='lat' dir='ltr'><strong>quisque</strong></span> <span class='ocrx_word' id='word_1_134' title='bbox 3047 1059 3275 1118; x_wconf 89' lang='lat' dir='ltr'><strong>velutin</strong></span> <span class='ocrx_word' id='word_1_135' title='bbox 3295 1065 3577 1135; x_wconf 88' lang='lat' dir='ltr'><strong>patriam,</strong></span> 
     </span>
    </p>
   </div>
   <div class='ocr_carea' id='block_1_13' title="bbox 168 1139 3581 1224">
    <p class='ocr_par' dir='ltr' id='par_1_13' title="bbox 168 1139 3581 1224">
     <span class='ocr_line' id='line_1_13' title="bbox 168 1139 3581 1224; baseline 0.004 -25"><span class='ocrx_word' id='word_1_136' title='bbox 168 1145 247 1200; x_wconf 90' lang='lat' dir='ltr'><strong>ita</strong></span> <span class='ocrx_word' id='word_1_137' title='bbox 264 1142 323 1198; x_wconf 92' lang='lat' dir='ltr'><strong>in</strong></span> <span class='ocrx_word' id='word_1_138' title='bbox 347 1140 649 1198; x_wconf 88' lang='lat' dir='ltr'><strong>cultorum</strong></span> <span class='ocrx_word' id='word_1_139' title='bbox 686 1139 982 1196; x_wconf 90' lang='lat' dir='ltr'><strong>coloniam</strong></span> <span class='ocrx_word' id='word_1_140' title='bbox 1010 1139 1087 1196; x_wconf 91' lang='lat' dir='ltr'><strong>ad</strong></span> <span class='ocrx_word' id='word_1_141' title='bbox 1118 1139 1679 1195; x_wconf 89' lang='lat' dir='ltr'><strong>commodissimum</strong></span> <span class='ocrx_word' id='word_1_142' title='bbox 1708 1139 1930 1205; x_wconf 90' lang='lat' dir='ltr'><strong>locum,</strong></span> <span class='ocrx_word' id='word_1_143' title='bbox 1957 1140 2061 1212; x_wconf 90' lang='lat' dir='ltr'><strong>qui</strong></span> <span class='ocrx_word' id='word_1_144' title='bbox 2114 1140 2272 1196; x_wconf 91' lang='lat' dir='ltr'><strong>lacui</strong></span> <span class='ocrx_word' id='word_1_145' title='bbox 2303 1141 2511 1197; x_wconf 77' lang='lat' dir='ltr'><strong>Mariae</strong></span> <span class='ocrx_word' id='word_1_146' title='bbox 2534 1142 2593 1197; x_wconf 94' lang='lat' dir='ltr'><strong>in</strong></span> <span class='ocrx_word' id='word_1_147' title='bbox 2626 1144 2856 1199; x_wconf 90' lang='lat' dir='ltr'><strong>tumulo</strong></span> <span class='ocrx_word' id='word_1_148' title='bbox 2888 1143 3283 1208; x_wconf 90' lang='lat' dir='ltr'><strong>submissiore</strong></span> <span class='ocrx_word' id='word_1_149' title='bbox 3325 1153 3581 1224; x_wconf 86' lang='lat' dir='ltr'><strong>adiacet,</strong></span> 
     </span>
    </p>
   </div>
   <div class='ocr_carea' id='block_1_14' title="bbox 169 1229 3587 1302">
    <p class='ocr_par' dir='ltr' id='par_1_14' title="bbox 169 1229 3587 1302">
     <span class='ocr_line' id='line_1_14' title="bbox 169 1229 3587 1302; baseline 0.004 -14"><span class='ocrx_word' id='word_1_150' title='bbox 169 1230 502 1289; x_wconf 87' lang='lat' dir='ltr'><strong>admodum</strong></span> <span class='ocrx_word' id='word_1_151' title='bbox 527 1234 863 1302; x_wconf 88' lang='lat' dir='ltr'><strong>opportune</strong></span> <span class='ocrx_word' id='word_1_152' title='bbox 881 1234 1122 1301; x_wconf 87' lang='lat' dir='ltr'><strong>propter</strong></span> <span class='ocrx_word' id='word_1_153' title='bbox 1149 1229 1533 1285; x_wconf 86' lang='lat' dir='ltr'><strong>securitatem</strong></span> <span class='ocrx_word' id='word_1_154' title='bbox 1565 1230 1834 1300; x_wconf 89' lang='lat' dir='ltr'><strong>aerisque</strong></span> <span class='ocrx_word' id='word_1_155' title='bbox 1860 1230 2208 1301; x_wconf 88' lang='lat' dir='ltr'><strong>temperiem</strong></span> <span class='ocrx_word' id='word_1_156' title='bbox 2240 1245 2371 1285; x_wconf 89' lang='lat' dir='ltr'><strong>sese</strong></span> <span class='ocrx_word' id='word_1_157' title='bbox 2402 1230 2628 1302; x_wconf 86' lang='lat' dir='ltr'><strong>recipit.</strong></span> <span class='ocrx_word' id='word_1_158' title='bbox 2655 1252 2680 1283; x_wconf 75' lang='grc' dir='ltr'><strong><em>ι</em></strong></span> <span class='ocrx_word' id='word_1_159' title='bbox 2714 1233 2933 1290; x_wconf 90' lang='lat' dir='ltr'><strong>Deinde</strong></span> <span class='ocrx_word' id='word_1_160' title='bbox 2957 1240 3014 1290; x_wconf 91' lang='lat' dir='ltr'><strong>et</strong></span> <span class='ocrx_word' id='word_1_161' title='bbox 3056 1236 3452 1299; x_wconf 88' lang='lat' dir='ltr'><strong>habitationes</strong></span> <span class='ocrx_word' id='word_1_162' title='bbox 3481 1260 3587 1301; x_wconf 80' lang='lat' dir='ltr'><strong>eo-</strong></span> 
     </span>
    </p>
   </div>
   <div class='ocr_carea' id='block_1_15' title="bbox 166 1317 3584 1393">
    <p class='ocr_par' dir='ltr' id='par_1_15' title="bbox 166 1317 3584 1393">
     <span class='ocr_line' id='line_1_15' title="bbox 166 1317 3584 1393; baseline 0.005 -19"><span class='ocrx_word' id='word_1_163' title='bbox 166 1338 318 1382; x_wconf 86' lang='lat' dir='ltr'><strong>rum,</strong></span> <span class='ocrx_word' id='word_1_164' title='bbox 350 1320 567 1392; x_wconf 84' lang='lat' dir='ltr'><strong>quales</strong></span> <span class='ocrx_word' id='word_1_165' title='bbox 598 1318 737 1375; x_wconf 89' lang='lat' dir='ltr'><strong>illae</strong></span> <span class='ocrx_word' id='word_1_166' title='bbox 767 1318 1003 1382; x_wconf 85' lang='lat' dir='ltr'><strong>fuerint,</strong></span> <span class='ocrx_word' id='word_1_167' title='bbox 1032 1318 1401 1383; x_wconf 87' lang='lat' dir='ltr'><strong>describens,</strong></span> <span class='ocrx_word' id='word_1_168' title='bbox 1434 1318 1509 1373; x_wconf 89' lang='lat' dir='ltr'><strong>de</strong></span> <span class='ocrx_word' id='word_1_169' title='bbox 1536 1318 1801 1373; x_wconf 89' lang='lat' dir='ltr'><strong>ecclesiis</strong></span> <span class='ocrx_word' id='word_1_170' title='bbox 1830 1317 1961 1373; x_wconf 89' lang='lat' dir='ltr'><strong>eius</strong></span> <span class='ocrx_word' id='word_1_171' title='bbox 1989 1318 2250 1387; x_wconf 87' lang='lat' dir='ltr'><strong>regionis</strong></span> <span class='ocrx_word' id='word_1_172' title='bbox 2278 1320 2427 1374; x_wconf 89' lang='lat' dir='ltr'><strong>haec</strong></span> <span class='ocrx_word' id='word_1_173' title='bbox 2456 1318 2598 1375; x_wconf 91' lang='lat' dir='ltr'><strong>dicit</strong></span> <span class='ocrx_word' id='word_1_174' title='bbox 2630 1338 2643 1375; x_wconf 92' lang='lat'>:</span> <span class='ocrx_word' id='word_1_175' title='bbox 2691 1343 2711 1370; x_wconf 75' lang='grc' dir='ltr'><strong>ε</strong></span> <span class='ocrx_word' id='word_1_176' title='bbox 2739 1321 2802 1375; x_wconf 88' lang='lat' dir='ltr'><strong>In</strong></span> <span class='ocrx_word' id='word_1_177' title='bbox 2836 1321 3086 1393; x_wconf 88' lang='lat' dir='ltr'><strong>singulis</strong></span> <span class='ocrx_word' id='word_1_178' title='bbox 3115 1333 3319 1385; x_wconf 90' lang='lat' dir='ltr'><strong>autem</strong></span> <span class='ocrx_word' id='word_1_179' title='bbox 3347 1346 3584 1391; x_wconf 90' lang='lat' dir='ltr'><strong>sacrum</strong></span> 
     </span>
    </p>
   </div>
   <div class='ocr_carea' id='block_1_16' title="bbox 166 1406 3590 1494">
    <p class='ocr_par' dir='ltr' id='par_1_16' title="bbox 166 1406 3590 1494">
     <span class='ocr_line' id='line_1_16' title="bbox 166 1406 3590 1494; baseline 0.011 -52"><span class='ocrx_word' id='word_1_180' title='bbox 166 1408 540 1467; x_wconf 62' lang='lat' dir='ltr'><strong>domicilium</strong></span> <span class='ocrx_word' id='word_1_181' title='bbox 564 1411 674 1476; x_wconf 69' lang='grc' dir='ltr'><strong>εει,</strong></span> <span class='ocrx_word' id='word_1_182' title='bbox 698 1406 865 1479; x_wconf 68' lang='lat' dir='ltr'><strong>quod</strong></span> <span class='ocrx_word' id='word_1_183' title='bbox 898 1414 1127 1479; x_wconf 79' lang='grc' dir='ltr'><strong>σεμνεῑον</strong></span> <span class='ocrx_word' id='word_1_184' title='bbox 1153 1412 1209 1463; x_wconf 90' lang='lat' dir='ltr'><strong>et</strong></span> <span class='ocrx_word' id='word_1_185' title='bbox 1231 1407 1640 1463; x_wconf 88' lang='lat' dir='ltr'><strong>monasterion</strong></span> <span class='ocrx_word' id='word_1_186' title='bbox 1674 1412 1920 1465; x_wconf 91' lang='lat' dir='ltr'><strong>vocatur</strong></span> <span class='ocrx_word' id='word_1_187' title='bbox 1945 1424 1958 1473; x_wconf 86' lang='lat'><strong>;</strong></span> <span class='ocrx_word' id='word_1_188' title='bbox 1992 1407 2053 1463; x_wconf 91' lang='lat' dir='ltr'><strong>in</strong></span> <span class='ocrx_word' id='word_1_189' title='bbox 2080 1423 2197 1478; x_wconf 92' lang='lat' dir='ltr'><strong>quo</strong></span> <span class='ocrx_word' id='word_1_190' title='bbox 2239 1412 2573 1473; x_wconf 91' lang='lat' dir='ltr'><strong>manentes,</strong></span> <span class='ocrx_word' id='word_1_191' title='bbox 2607 1408 2895 1467; x_wconf 89' lang='lat' dir='ltr'><strong>honestae</strong></span> <span class='ocrx_word' id='word_1_192' title='bbox 2916 1428 2987 1468; x_wconf 92' lang='lat' dir='ltr'><strong>ac</strong></span> <span class='ocrx_word' id='word_1_193' title='bbox 3016 1420 3261 1473; x_wconf 89' lang='lat' dir='ltr'><strong>sanctae</strong></span> <span class='ocrx_word' id='word_1_194' title='bbox 3286 1419 3439 1477; x_wconf 85' lang='lat' dir='ltr'><strong>vitae</strong></span> <span class='ocrx_word' id='word_1_195' title='bbox 3458 1437 3590 1494; x_wconf 85' lang='lat' dir='ltr'><strong>my-</strong></span> 
     </span>
    </p>
   </div>
   <div class='ocr_carea' id='block_1_17' title="bbox 168 1495 3589 1584">
    <p class='ocr_par' dir='ltr' id='par_1_17' title="bbox 168 1495 3589 1584">
     <span class='ocr_line' id='line_1_17' title="bbox 168 1495 3589 1584; baseline 0.004 -29"><span class='ocrx_word' id='word_1_196' title='bbox 168 1500 344 1556; x_wconf 89' lang='lat' dir='ltr'><strong>steria</strong></span> <span class='ocrx_word' id='word_1_197' title='bbox 356 1498 677 1568; x_wconf 84' lang='lat' dir='ltr'><strong>celebrant,</strong></span> <span class='ocrx_word' id='word_1_198' title='bbox 695 1495 839 1552; x_wconf 90' lang='lat' dir='ltr'><strong>nihil</strong></span> <span class='ocrx_word' id='word_1_199' title='bbox 852 1495 952 1552; x_wconf 92' lang='lat' dir='ltr'><strong>illo</strong></span> <span class='ocrx_word' id='word_1_200' title='bbox 968 1495 1305 1563; x_wconf 85' lang='lat' dir='ltr'><strong>inferentes,</strong></span> <span class='ocrx_word' id='word_1_201' title='bbox 1356 1500 1367 1566; x_wconf 93' lang='lat'><strong><em>|</em></strong></span> <span class='ocrx_word' id='word_1_202' title='bbox 1400 1511 1509 1552; x_wconf 90' lang='lat' dir='ltr'><strong>nec</strong></span> <span class='ocrx_word' id='word_1_203' title='bbox 1524 1500 1870 1568; x_wconf 92' lang='lat' dir='ltr'><strong>potum,nec</strong></span> <span class='ocrx_word' id='word_1_204' title='bbox 1883 1496 2310 1568; x_wconf 91' lang='lat' dir='ltr'><strong>cibum,neque</strong></span> <span class='ocrx_word' id='word_1_205' title='bbox 2323 1496 2485 1552; x_wconf 89' lang='lat' dir='ltr'><strong>aliud</strong></span> <span class='ocrx_word' id='word_1_206' title='bbox 2516 1498 2850 1570; x_wconf 86' lang='lat' dir='ltr'><strong>quidquam</strong></span> <span class='ocrx_word' id='word_1_207' title='bbox 2867 1516 3073 1558; x_wconf 92' lang='lat' dir='ltr'><strong>eorum</strong></span> <span class='ocrx_word' id='word_1_208' title='bbox 3092 1520 3250 1576; x_wconf 90' lang='lat' dir='ltr'><strong>quae</strong></span> <span class='ocrx_word' id='word_1_209' title='bbox 3272 1508 3350 1564; x_wconf 90' lang='lat' dir='ltr'><strong>ad</strong></span> <span class='ocrx_word' id='word_1_210' title='bbox 3374 1525 3589 1584; x_wconf 82' lang='lat' dir='ltr'><strong>corpo-</strong></span> 
     </span>
    </p>
   </div>
   <div class='ocr_carea' id='block_1_18' title="bbox 170 1585 3579 1671">
    <p class='ocr_par' dir='ltr' id='par_1_18' title="bbox 170 1585 3579 1671">
     <span class='ocr_line' id='line_1_18' title="bbox 170 1585 3579 1671; baseline 0.004 -26"><span class='ocrx_word' id='word_1_211' title='bbox 170 1591 248 1646; x_wconf 87' lang='lat' dir='ltr'><strong>ris</strong></span> <span class='ocrx_word' id='word_1_212' title='bbox 273 1594 417 1645; x_wconf 89' lang='lat' dir='ltr'><strong>sunt</strong></span> <span class='ocrx_word' id='word_1_213' title='bbox 450 1587 951 1643; x_wconf 87' lang='lat' dir='ltr'><strong>sustentationem</strong></span> <span class='ocrx_word' id='word_1_214' title='bbox 971 1586 1444 1651; x_wconf 88' lang='lat' dir='ltr'><strong>necessaria,sed</strong></span> <span class='ocrx_word' id='word_1_215' title='bbox 1475 1585 1634 1659; x_wconf 83' lang='lat' dir='ltr'><strong>leges</strong></span> <span class='ocrx_word' id='word_1_216' title='bbox 1661 1591 1719 1641; x_wconf 91' lang='lat' dir='ltr'><strong>et</strong></span> <span class='ocrx_word' id='word_1_217' title='bbox 1747 1585 1987 1643; x_wconf 89' lang='lat' dir='ltr'><strong>oracula</strong></span> <span class='ocrx_word' id='word_1_218' title='bbox 2008 1585 2440 1658; x_wconf 89' lang='lat' dir='ltr'><strong>prophetarum</strong></span> <span class='ocrx_word' id='word_1_219' title='bbox 2473 1592 2529 1643; x_wconf 91' lang='lat' dir='ltr'><strong>et</strong></span> <span class='ocrx_word' id='word_1_220' title='bbox 2550 1587 2813 1660; x_wconf 87' lang='lat' dir='ltr'><strong>hymnos</strong></span> <span class='ocrx_word' id='word_1_221' title='bbox 2853 1606 2924 1645; x_wconf 89' lang='lat' dir='ltr'><strong>ac</strong></span> <span class='ocrx_word' id='word_1_222' title='bbox 2948 1590 3169 1665; x_wconf 89' lang='lat' dir='ltr'><strong>reliqua</strong></span> <span class='ocrx_word' id='word_1_223' title='bbox 3205 1594 3579 1671; x_wconf 89' lang='lat' dir='ltr'><strong>huiusmodi,</strong></span> 
     </span>
    </p>
   </div>
   <div class='ocr_carea' id='block_1_19' title="bbox 166 1675 3593 1753">
    <p class='ocr_par' dir='ltr' id='par_1_19' title="bbox 166 1675 3593 1753">
     <span class='ocr_line' id='line_1_19' title="bbox 166 1675 3593 1753; baseline 0.004 -19"><span class='ocrx_word' id='word_1_224' title='bbox 166 1678 391 1753; x_wconf 86' lang='lat' dir='ltr'><strong>quibus</strong></span> <span class='ocrx_word' id='word_1_225' title='bbox 408 1676 660 1734; x_wconf 90' lang='lat' dir='ltr'><strong>scientia</strong></span> <span class='ocrx_word' id='word_1_226' title='bbox 683 1681 740 1733; x_wconf 91' lang='lat' dir='ltr'><strong>et</strong></span> <span class='ocrx_word' id='word_1_227' title='bbox 759 1676 950 1747; x_wconf 88' lang='lat' dir='ltr'><strong>pietas</strong></span> <span class='ocrx_word' id='word_1_228' title='bbox 971 1681 1304 1746; x_wconf 85' lang='lat' dir='ltr'><strong>augescunt</strong></span> <span class='ocrx_word' id='word_1_229' title='bbox 1327 1680 1914 1732; x_wconf 90' lang='lat' dir='ltr'><strong>etconsummantur.</strong></span> <span class='ocrx_word' id='word_1_230' title='bbox 1941 1695 1969 1726; x_wconf 74' lang='grc'>»</span> <span class='ocrx_word' id='word_1_231' title='bbox 1990 1675 2373 1748; x_wconf 89' lang='lat' dir='ltr'><strong>Etaliquanto</strong></span> <span class='ocrx_word' id='word_1_232' title='bbox 2398 1681 2536 1747; x_wconf 89' lang='lat' dir='ltr'><strong>post</strong></span> <span class='ocrx_word' id='word_1_233' title='bbox 2556 1676 2703 1732; x_wconf 84' lang='lat' dir='ltr'><strong>dicit</strong></span> <span class='ocrx_word' id='word_1_234' title='bbox 2725 1692 2738 1733; x_wconf 89' lang='lat'><strong>:</strong></span> <span class='ocrx_word' id='word_1_235' title='bbox 2773 1696 2804 1730; x_wconf 85' lang='grc'>‹</span> <span class='ocrx_word' id='word_1_236' title='bbox 2824 1680 3033 1735; x_wconf 90' lang='lat' dir='ltr'><strong>Totum</strong></span> <span class='ocrx_word' id='word_1_237' title='bbox 3056 1686 3257 1740; x_wconf 90' lang='lat' dir='ltr'><strong>autem</strong></span> <span class='ocrx_word' id='word_1_238' title='bbox 3278 1685 3428 1743; x_wconf 90' lang='lat' dir='ltr'><strong>illud</strong></span> <span class='ocrx_word' id='word_1_239' title='bbox 3449 1693 3593 1746; x_wconf 85' lang='lat' dir='ltr'><strong>tem-</strong></span> 
     </span>
    </p>
   </div>
   <div class='ocr_carea' id='block_1_20' title="bbox 170 1764 3592 1851">
    <p class='ocr_par' dir='ltr' id='par_1_20' title="bbox 170 1764 3592 1851">
     <span class='ocr_line' id='line_1_20' title="bbox 170 1764 3592 1851; baseline 0.004 -29"><span class='ocrx_word' id='word_1_240' title='bbox 170 1770 331 1841; x_wconf 84' lang='lat' dir='ltr'><strong>poris</strong></span> <span class='ocrx_word' id='word_1_241' title='bbox 360 1766 660 1839; x_wconf 85' lang='lat' dir='ltr'><strong>spacium,</strong></span> <span class='ocrx_word' id='word_1_242' title='bbox 691 1764 858 1837; x_wconf 92' lang='lat' dir='ltr'><strong>quod</strong></span> <span class='ocrx_word' id='word_1_243' title='bbox 885 1780 922 1820; x_wconf 91' lang='lat' dir='ltr'><strong>a</strong></span> <span class='ocrx_word' id='word_1_244' title='bbox 968 1764 1231 1821; x_wconf 90' lang='lat' dir='ltr'><strong>diluculo</strong></span> <span class='ocrx_word' id='word_1_245' title='bbox 1262 1770 1349 1819; x_wconf 90' lang='lat' dir='ltr'><strong>est</strong></span> <span class='ocrx_word' id='word_1_246' title='bbox 1380 1780 1569 1837; x_wconf 90' lang='lat' dir='ltr'><strong>usque</strong></span> <span class='ocrx_word' id='word_1_247' title='bbox 1609 1764 1687 1820; x_wconf 91' lang='lat' dir='ltr'><strong>ad</strong></span> <span class='ocrx_word' id='word_1_248' title='bbox 1718 1779 2055 1836; x_wconf 80' lang='lat' dir='ltr'><strong>vesperam,</strong></span> <span class='ocrx_word' id='word_1_249' title='bbox 2108 1764 2167 1819; x_wconf 92' lang='lat' dir='ltr'><strong>in</strong></span> <span class='ocrx_word' id='word_1_250' title='bbox 2200 1765 2545 1821; x_wconf 86' lang='lat' dir='ltr'><strong>exercitium</strong></span> <span class='ocrx_word' id='word_1_251' title='bbox 2587 1765 2702 1821; x_wconf 91' lang='lat' dir='ltr'><strong>illis</strong></span> <span class='ocrx_word' id='word_1_252' title='bbox 2737 1766 3078 1826; x_wconf 89' lang='lat' dir='ltr'><strong>insumitur.</strong></span> <span class='ocrx_word' id='word_1_253' title='bbox 3114 1773 3326 1831; x_wconf 88' lang='lat' dir='ltr'><strong>Sacras</strong></span> <span class='ocrx_word' id='word_1_254' title='bbox 3364 1777 3592 1851; x_wconf 86' lang='lat' dir='ltr'><strong>quippe</strong></span> 
     </span>
    </p>
   </div>
   <div class='ocr_carea' id='block_1_21' title="bbox 169 1853 3594 1939">
    <p class='ocr_par' dir='ltr' id='par_1_21' title="bbox 169 1853 3594 1939">
     <span class='ocr_line' id='line_1_21' title="bbox 169 1853 3594 1939; baseline 0.004 -27"><span class='ocrx_word' id='word_1_255' title='bbox 169 1855 780 1929; x_wconf 87' lang='lat' dir='ltr'><strong>Scripturaslegentes</strong></span> <span class='ocrx_word' id='word_1_256' title='bbox 793 1853 1315 1926; x_wconf 88' lang='lat' dir='ltr'><strong>philosophantur,</strong></span> <span class='ocrx_word' id='word_1_257' title='bbox 1334 1869 1405 1908; x_wconf 87' lang='lat' dir='ltr'><strong>ac</strong></span> <span class='ocrx_word' id='word_1_258' title='bbox 1436 1853 1695 1924; x_wconf 89' lang='lat' dir='ltr'><strong>patriam</strong></span> <span class='ocrx_word' id='word_1_259' title='bbox 1723 1853 2168 1926; x_wconf 80' lang='lat' dir='ltr'><strong>philosophiam</strong></span> <span class='ocrx_word' id='word_1_260' title='bbox 2200 1854 2514 1924; x_wconf 87' lang='lat' dir='ltr'><strong>allegorice</strong></span> <span class='ocrx_word' id='word_1_261' title='bbox 2535 1859 2808 1912; x_wconf 90' lang='lat' dir='ltr'><strong>tractant.</strong></span> <span class='ocrx_word' id='word_1_262' title='bbox 2836 1858 3064 1915; x_wconf 89' lang='lat' dir='ltr'><strong>Etenim</strong></span> <span class='ocrx_word' id='word_1_263' title='bbox 3087 1868 3400 1932; x_wconf 88' lang='lat' dir='ltr'><strong>putantea,</strong></span> <span class='ocrx_word' id='word_1_264' title='bbox 3434 1882 3594 1939; x_wconf 87' lang='lat' dir='ltr'><strong>quae</strong></span> 
     </span>
    </p>
   </div>
   <div class='ocr_carea' id='block_1_22' title="bbox 166 1941 3596 2023">
    <p class='ocr_par' dir='ltr' id='par_1_22' title="bbox 166 1941 3596 2023">
     <span class='ocr_line' id='line_1_22' title="bbox 166 1941 3596 2023; baseline 0.003 -21"><span class='ocrx_word' id='word_1_265' title='bbox 166 1948 227 2002; x_wconf 89' lang='lat' dir='ltr'><strong>in</strong></span> <span class='ocrx_word' id='word_1_266' title='bbox 242 1944 565 2002; x_wconf 86' lang='lat' dir='ltr'><strong>manifesta</strong></span> <span class='ocrx_word' id='word_1_267' title='bbox 585 1948 726 2000; x_wconf 89' lang='lat' dir='ltr'><strong>sunt</strong></span> <span class='ocrx_word' id='word_1_268' title='bbox 742 1941 1180 2014; x_wconf 89' lang='lat' dir='ltr'><strong>Scripturarum</strong></span> <span class='ocrx_word' id='word_1_269' title='bbox 1199 1943 1591 2012; x_wconf 82' lang='lat' dir='ltr'><strong>expositione,</strong></span> <span class='ocrx_word' id='word_1_270' title='bbox 1623 1941 1927 2015; x_wconf 90' lang='lat' dir='ltr'><strong>quaedam</strong></span> <span class='ocrx_word' id='word_1_271' title='bbox 1980 1958 2111 1998; x_wconf 90' lang='lat' dir='ltr'><strong>esse</strong></span> <span class='ocrx_word' id='word_1_272' title='bbox 2134 1942 2523 1999; x_wconf 88' lang='lat' dir='ltr'><strong>absconditae</strong></span> <span class='ocrx_word' id='word_1_273' title='bbox 2547 1948 2795 2001; x_wconf 87' lang='lat' dir='ltr'><strong>naturae</strong></span> <span class='ocrx_word' id='word_1_274' title='bbox 2830 1945 3105 2017; x_wconf 88' lang='lat' dir='ltr'><strong>symbola</strong></span> <span class='ocrx_word' id='word_1_275' title='bbox 3131 1966 3239 2022; x_wconf 91' lang='lat' dir='ltr'><strong>per</strong></span> <span class='ocrx_word' id='word_1_276' title='bbox 3262 1951 3491 2023; x_wconf 88' lang='lat' dir='ltr'><strong>ﬁguras</strong></span> <span class='ocrx_word' id='word_1_277' title='bbox 3519 1957 3596 2014; x_wconf 90' lang='lat' dir='ltr'><strong>si-</strong></span> 
     </span>
    </p>
   </div>
   <div class='ocr_carea' id='block_1_23' title="bbox 169 2030 3594 2108">
    <p class='ocr_par' dir='ltr' id='par_1_23' title="bbox 169 2030 3594 2108">
     <span class='ocr_line' id='line_1_23' title="bbox 169 2030 3594 2108; baseline 0.004 -20"><span class='ocrx_word' id='word_1_278' title='bbox 169 2034 477 2107; x_wconf 86' lang='lat' dir='ltr'><strong>gniﬁcata.</strong></span> <span class='ocrx_word' id='word_1_279' title='bbox 503 2032 736 2089; x_wconf 82' lang='lat' dir='ltr'><strong>Habent</strong></span> <span class='ocrx_word' id='word_1_280' title='bbox 763 2033 1291 2087; x_wconf 89' lang='lat' dir='ltr'><strong>etcommentarios</strong></span> <span class='ocrx_word' id='word_1_281' title='bbox 1322 2031 1654 2102; x_wconf 91' lang='lat' dir='ltr'><strong>priscorum</strong></span> <span class='ocrx_word' id='word_1_282' title='bbox 1682 2030 1970 2095; x_wconf 90' lang='lat' dir='ltr'><strong>virorum,</strong></span> <span class='ocrx_word' id='word_1_283' title='bbox 1994 2033 2254 2103; x_wconf 88' lang='lat' dir='ltr'><strong>quicum</strong></span> <span class='ocrx_word' id='word_1_284' title='bbox 2268 2031 2582 2088; x_wconf 89' lang='lat' dir='ltr'><strong>haereseos</strong></span> <span class='ocrx_word' id='word_1_285' title='bbox 2612 2032 2882 2105; x_wconf 75' lang='lat' dir='ltr'><strong>ipsorum</strong></span> <span class='ocrx_word' id='word_1_286' title='bbox 2927 2036 3110 2094; x_wconf 91' lang='lat' dir='ltr'><strong>duces</strong></span> <span class='ocrx_word' id='word_1_287' title='bbox 3141 2046 3358 2108; x_wconf 90' lang='lat' dir='ltr'><strong>essent,</strong></span> <span class='ocrx_word' id='word_1_288' title='bbox 3401 2046 3594 2103; x_wconf 88' lang='lat' dir='ltr'><strong>multa</strong></span> 
     </span>
    </p>
   </div>
   <div class='ocr_carea' id='block_1_24' title="bbox 167 2120 3593 2204">
    <p class='ocr_par' dir='ltr' id='par_1_24' title="bbox 167 2120 3593 2204">
     <span class='ocr_line' id='line_1_24' title="bbox 167 2120 3593 2204; baseline 0.003 -24"><span class='ocrx_word' id='word_1_289' title='bbox 167 2126 227 2180; x_wconf 91' lang='lat' dir='ltr'><strong>in</strong></span> <span class='ocrx_word' id='word_1_290' title='bbox 256 2124 459 2180; x_wconf 87' lang='lat' dir='ltr'><strong>forma</strong></span> <span class='ocrx_word' id='word_1_291' title='bbox 483 2137 683 2178; x_wconf 90' lang='lat' dir='ltr'><strong>rerum</strong></span> <span class='ocrx_word' id='word_1_292' title='bbox 711 2121 1026 2190; x_wconf 86' lang='lat' dir='ltr'><strong>allegorice</strong></span> <span class='ocrx_word' id='word_1_293' title='bbox 1058 2120 1410 2177; x_wconf 82' lang='lat' dir='ltr'><strong>traditarum</strong></span> <span class='ocrx_word' id='word_1_294' title='bbox 1446 2126 1576 2191; x_wconf 90' lang='lat' dir='ltr'><strong>post</strong></span> <span class='ocrx_word' id='word_1_295' title='bbox 1602 2136 1665 2174; x_wconf 92' lang='lat' dir='ltr'><strong>se</strong></span> <span class='ocrx_word' id='word_1_296' title='bbox 1699 2128 2091 2177; x_wconf 89' lang='lat' dir='ltr'><strong>monumenta</strong></span> <span class='ocrx_word' id='word_1_297' title='bbox 2130 2120 2515 2193; x_wconf 88' lang='lat' dir='ltr'><strong>reliquerunt,</strong></span> <span class='ocrx_word' id='word_1_298' title='bbox 2560 2121 2783 2193; x_wconf 88' lang='lat' dir='ltr'><strong>quibus</strong></span> <span class='ocrx_word' id='word_1_299' title='bbox 2810 2127 3097 2196; x_wconf 87' lang='lat' dir='ltr'><strong>tanquam</strong></span> <span class='ocrx_word' id='word_1_300' title='bbox 3131 2128 3470 2204; x_wconf 89' lang='lat' dir='ltr'><strong>archetypis</strong></span> <span class='ocrx_word' id='word_1_301' title='bbox 3501 2132 3593 2190; x_wconf 88' lang='lat' dir='ltr'><strong>usi</strong></span> 
     </span>
    </p>
   </div>
   <div class='ocr_carea' id='block_1_25' title="bbox 170 2208 3591 2289">
    <p class='ocr_par' dir='ltr' id='par_1_25' title="bbox 170 2208 3591 2289">
     <span class='ocr_line' id='line_1_25' title="bbox 170 2208 3591 2289; baseline 0.004 -22"><span class='ocrx_word' id='word_1_302' title='bbox 170 2212 469 2285; x_wconf 85' lang='lat' dir='ltr'><strong>propositi</strong></span> <span class='ocrx_word' id='word_1_303' title='bbox 490 2211 726 2267; x_wconf 91' lang='lat' dir='ltr'><strong>illorum</strong></span> <span class='ocrx_word' id='word_1_304' title='bbox 774 2209 1081 2266; x_wconf 88' lang='lat' dir='ltr'><strong>imitantur</strong></span> <span class='ocrx_word' id='word_1_305' title='bbox 1130 2209 1443 2265; x_wconf 89' lang='lat' dir='ltr'><strong>rationem.</strong></span> <span class='ocrx_word' id='word_1_306' title='bbox 1492 2228 1522 2263; x_wconf 78' lang='lat'><strong><em>»</em></strong></span> <span class='ocrx_word' id='word_1_307' title='bbox 1551 2208 1706 2265; x_wconf 86' lang='lat' dir='ltr'><strong>Haec</strong></span> <span class='ocrx_word' id='word_1_308' title='bbox 1736 2210 1913 2279; x_wconf 87' lang='lat' dir='ltr'><strong>igitur</strong></span> <span class='ocrx_word' id='word_1_309' title='bbox 1942 2208 2024 2265; x_wconf 89' lang='lat' dir='ltr'><strong>ita</strong></span> <span class='ocrx_word' id='word_1_310' title='bbox 2053 2209 2327 2265; x_wconf 89' lang='lat' dir='ltr'><strong>videntur</strong></span> <span class='ocrx_word' id='word_1_311' title='bbox 2367 2208 2446 2265; x_wconf 87' lang='lat' dir='ltr'><strong>ab</strong></span> <span class='ocrx_word' id='word_1_312' title='bbox 2475 2211 2590 2266; x_wconf 89' lang='lat' dir='ltr'><strong>hoc</strong></span> <span class='ocrx_word' id='word_1_313' title='bbox 2628 2211 2752 2267; x_wconf 91' lang='lat' dir='ltr'><strong>viro</strong></span> <span class='ocrx_word' id='word_1_314' title='bbox 2781 2212 2961 2279; x_wconf 88' lang='lat' dir='ltr'><strong>dicta,</strong></span> <span class='ocrx_word' id='word_1_315' title='bbox 2996 2220 3058 2271; x_wconf 93' lang='lat' dir='ltr'><strong>ut</strong></span> <span class='ocrx_word' id='word_1_316' title='bbox 3080 2226 3386 2289; x_wconf 88' lang='lat' dir='ltr'><strong>appareat,</strong></span> <span class='ocrx_word' id='word_1_317' title='bbox 3419 2221 3591 2280; x_wconf 90' lang='lat' dir='ltr'><strong>illum</strong></span> 
     </span>
    </p>
   </div>
   <div class='ocr_carea' id='block_1_26' title="bbox 170 2298 3594 2371">
    <p class='ocr_par' dir='ltr' id='par_1_26' title="bbox 170 2298 3594 2371">
     <span class='ocr_line' id='line_1_26' title="bbox 170 2298 3594 2371; baseline 0.003 -13"><span class='ocrx_word' id='word_1_318' title='bbox 170 2318 383 2359; x_wconf 86' lang='lat' dir='ltr'><strong>eorum</strong></span> <span class='ocrx_word' id='word_1_319' title='bbox 416 2300 603 2357; x_wconf 88' lang='lat' dir='ltr'><strong>fuisse</strong></span> <span class='ocrx_word' id='word_1_320' title='bbox 632 2298 989 2360; x_wconf 89' lang='lat' dir='ltr'><strong>auditorem.</strong></span> <span class='ocrx_word' id='word_1_321' title='bbox 1017 2299 1120 2371; x_wconf 92' lang='lat' dir='ltr'><strong>qui</strong></span> <span class='ocrx_word' id='word_1_322' title='bbox 1142 2313 1348 2355; x_wconf 87' lang='lat' dir='ltr'><strong>sacras</strong></span> <span class='ocrx_word' id='word_1_323' title='bbox 1378 2298 1711 2369; x_wconf 90' lang='lat' dir='ltr'><strong>Scripturas</strong></span> <span class='ocrx_word' id='word_1_324' title='bbox 1732 2304 2159 2370; x_wconf 80' lang='lat' dir='ltr'><strong>exposuerunt.</strong></span> <span class='ocrx_word' id='word_1_325' title='bbox 2194 2300 2341 2354; x_wconf 90' lang='lat' dir='ltr'><strong>Vero</strong></span> <span class='ocrx_word' id='word_1_326' title='bbox 2372 2298 2563 2355; x_wconf 90' lang='lat' dir='ltr'><strong>simile</strong></span> <span class='ocrx_word' id='word_1_327' title='bbox 2587 2304 2788 2356; x_wconf 87' lang='lat' dir='ltr'><strong>autem</strong></span> <span class='ocrx_word' id='word_1_328' title='bbox 2821 2308 2928 2368; x_wconf 89' lang='lat' dir='ltr'><strong>est,</strong></span> <span class='ocrx_word' id='word_1_329' title='bbox 2960 2309 3426 2366; x_wconf 88' lang='lat' dir='ltr'><strong>commentarios</strong></span> <span class='ocrx_word' id='word_1_330' title='bbox 3458 2311 3594 2369; x_wconf 84' lang='lat' dir='ltr'><strong>illos</strong></span> 
     </span>
    </p>
   </div>
   <div class='ocr_carea' id='block_1_27' title="bbox 172 2386 3583 2466">
    <p class='ocr_par' dir='ltr' id='par_1_27' title="bbox 172 2386 3583 2466">
     <span class='ocr_line' id='line_1_27' title="bbox 172 2386 3583 2466; baseline 0.004 -21"><span class='ocrx_word' id='word_1_331' title='bbox 172 2392 515 2465; x_wconf 88' lang='lat' dir='ltr'><strong>priscorum</strong></span> <span class='ocrx_word' id='word_1_332' title='bbox 545 2390 827 2454; x_wconf 89' lang='lat' dir='ltr'><strong>virorum,</strong></span> <span class='ocrx_word' id='word_1_333' title='bbox 861 2404 1013 2461; x_wconf 90' lang='lat' dir='ltr'><strong>quos</strong></span> <span class='ocrx_word' id='word_1_334' title='bbox 1028 2387 1192 2459; x_wconf 89' lang='lat' dir='ltr'><strong>apud</strong></span> <span class='ocrx_word' id='word_1_335' title='bbox 1223 2402 1326 2443; x_wconf 89' lang='lat' dir='ltr'><strong>eos</strong></span> <span class='ocrx_word' id='word_1_336' title='bbox 1348 2387 1531 2442; x_wconf 89' lang='lat' dir='ltr'><strong>fuisse</strong></span> <span class='ocrx_word' id='word_1_337' title='bbox 1557 2386 1719 2451; x_wconf 90' lang='lat' dir='ltr'><strong>dicit,</strong></span> <span class='ocrx_word' id='word_1_338' title='bbox 1740 2402 1871 2443; x_wconf 89' lang='lat' dir='ltr'><strong>esse</strong></span> <span class='ocrx_word' id='word_1_339' title='bbox 1894 2386 2213 2453; x_wconf 86' lang='lat' dir='ltr'><strong>Evangelia</strong></span> <span class='ocrx_word' id='word_1_340' title='bbox 2237 2394 2293 2442; x_wconf 91' lang='lat' dir='ltr'><strong>et</strong></span> <span class='ocrx_word' id='word_1_341' title='bbox 2312 2387 2730 2458; x_wconf 81' lang='lat' dir='ltr'><strong>Apostolorum</strong></span> <span class='ocrx_word' id='word_1_342' title='bbox 2754 2391 2994 2463; x_wconf 89' lang='lat' dir='ltr'><strong>scripta,</strong></span> <span class='ocrx_word' id='word_1_343' title='bbox 3018 2398 3075 2449; x_wconf 86' lang='lat' dir='ltr'><strong>et</strong></span> <span class='ocrx_word' id='word_1_344' title='bbox 3104 2397 3404 2466; x_wconf 89' lang='lat' dir='ltr'><strong>quasdam</strong></span> <span class='ocrx_word' id='word_1_345' title='bbox 3435 2400 3583 2457; x_wconf 89' lang='lat' dir='ltr'><strong>anti-</strong></span> 
     </span>
    </p>
   </div>
   <div class='ocr_carea' id='block_1_28' title="bbox 172 2466 3583 2559">
    <p class='ocr_par' dir='ltr' id='par_1_28' title="bbox 172 2466 3583 2559">
     <span class='ocr_line' id='line_1_28' title="bbox 172 2466 3583 2559; baseline 0.006 -32"><span class='ocrx_word' id='word_1_346' title='bbox 172 2496 437 2553; x_wconf 77' lang='lat' dir='ltr'><strong>quorum</strong></span> <span class='ocrx_word' id='word_1_347' title='bbox 457 2466 884 2550; x_wconf 78' lang='lat' dir='ltr'><strong>prophetarum</strong></span> <span class='ocrx_word' id='word_1_348' title='bbox 910 2476 1331 2549; x_wconf 80' lang='lat' dir='ltr'><strong>expositiones,</strong></span> <span class='ocrx_word' id='word_1_349' title='bbox 1364 2475 1576 2548; x_wconf 84' lang='lat' dir='ltr'><strong>quales</strong></span> <span class='ocrx_word' id='word_1_350' title='bbox 1600 2492 1739 2532; x_wconf 89' lang='lat' dir='ltr'><strong>cum</strong></span> <span class='ocrx_word' id='word_1_351' title='bbox 1767 2491 1859 2540; x_wconf 90' lang='lat' dir='ltr'><strong>ea,</strong></span> <span class='ocrx_word' id='word_1_352' title='bbox 1899 2491 2057 2548; x_wconf 90' lang='lat' dir='ltr'><strong>quae</strong></span> <span class='ocrx_word' id='word_1_353' title='bbox 2095 2475 2173 2531; x_wconf 89' lang='lat' dir='ltr'><strong>ad</strong></span> <span class='ocrx_word' id='word_1_354' title='bbox 2207 2476 2504 2533; x_wconf 83' lang='lat' dir='ltr'><strong>Hebraeos</strong></span> <span class='ocrx_word' id='word_1_355' title='bbox 2532 2483 2642 2543; x_wconf 89' lang='lat' dir='ltr'><strong>est,</strong></span> <span class='ocrx_word' id='word_1_356' title='bbox 2700 2485 2826 2535; x_wconf 92' lang='lat' dir='ltr'><strong>tum</strong></span> <span class='ocrx_word' id='word_1_357' title='bbox 2856 2480 3007 2537; x_wconf 90' lang='lat' dir='ltr'><strong>aliae</strong></span> <span class='ocrx_word' id='word_1_358' title='bbox 3040 2482 3243 2554; x_wconf 89' lang='lat' dir='ltr'><strong>plures</strong></span> <span class='ocrx_word' id='word_1_359' title='bbox 3292 2488 3583 2559; x_wconf 88' lang='lat' dir='ltr'><strong>epistolae</strong></span> 
     </span>
    </p>
   </div>
   <div class='ocr_carea' id='block_1_29' title="bbox 178 2564 3598 2649">
    <p class='ocr_par' dir='ltr' id='par_1_29' title="bbox 178 2564 3598 2649">
     <span class='ocr_line' id='line_1_29' title="bbox 178 2564 3598 2649; baseline 0.003 -24"><span class='ocrx_word' id='word_1_360' title='bbox 178 2567 1029 2638; x_wconf 87' lang='lat' dir='ltr'><strong>Paulicontinent.Deniqueet</strong></span> <span class='ocrx_word' id='word_1_361' title='bbox 1056 2565 1131 2621; x_wconf 92' lang='lat' dir='ltr'><strong>de</strong></span> <span class='ocrx_word' id='word_1_362' title='bbox 1144 2581 1237 2631; x_wconf 92' lang='lat' dir='ltr'><strong>eo,</strong></span> <span class='ocrx_word' id='word_1_363' title='bbox 1264 2565 1430 2637; x_wconf 90' lang='lat' dir='ltr'><strong>quod</strong></span> <span class='ocrx_word' id='word_1_364' title='bbox 1460 2565 1535 2620; x_wconf 90' lang='lat' dir='ltr'><strong>de</strong></span> <span class='ocrx_word' id='word_1_365' title='bbox 1549 2580 1703 2620; x_wconf 88' lang='lat' dir='ltr'><strong>novo</strong></span> <span class='ocrx_word' id='word_1_366' title='bbox 1731 2564 1996 2637; x_wconf 88' lang='lat' dir='ltr'><strong>psalmos</strong></span> <span class='ocrx_word' id='word_1_367' title='bbox 2025 2566 2495 2637; x_wconf 89' lang='lat' dir='ltr'><strong>composuerint,</strong></span> <span class='ocrx_word' id='word_1_368' title='bbox 2530 2566 2783 2624; x_wconf 89' lang='lat' dir='ltr'><strong>adhunc</strong></span> <span class='ocrx_word' id='word_1_369' title='bbox 2805 2569 3055 2627; x_wconf 93' lang='lat' dir='ltr'><strong>modum</strong></span> <span class='ocrx_word' id='word_1_370' title='bbox 3075 2573 3360 2630; x_wconf 58' lang='lat' dir='ltr'><strong>scribitur</strong></span> <span class='ocrx_word' id='word_1_371' title='bbox 3389 2575 3598 2649; x_wconf 86' lang='lat' dir='ltr'><strong>Itaque</strong></span> 
     </span>
    </p>
   </div>
   <div class='ocr_carea' id='block_1_30' title="bbox 180 2653 3599 2731">
    <p class='ocr_par' dir='ltr' id='par_1_30' title="bbox 180 2653 3599 2731">
     <span class='ocr_line' id='line_1_30' title="bbox 180 2653 3599 2731; baseline 0.003 -18"><span class='ocrx_word' id='word_1_372' title='bbox 180 2673 299 2714; x_wconf 90' lang='lat' dir='ltr'><strong>non</strong></span> <span class='ocrx_word' id='word_1_373' title='bbox 316 2656 504 2713; x_wconf 89' lang='lat' dir='ltr'><strong>modo</strong></span> <span class='ocrx_word' id='word_1_374' title='bbox 532 2656 737 2712; x_wconf 88' lang='lat' dir='ltr'><strong>divina</strong></span> <span class='ocrx_word' id='word_1_375' title='bbox 756 2653 1432 2727; x_wconf 88' lang='lat' dir='ltr'><strong>contemplantur,sedet</strong></span> <span class='ocrx_word' id='word_1_376' title='bbox 1456 2653 1690 2709; x_wconf 90' lang='lat' dir='ltr'><strong>cantica</strong></span> <span class='ocrx_word' id='word_1_377' title='bbox 1715 2658 1772 2708; x_wconf 93' lang='lat' dir='ltr'><strong>et</strong></span> <span class='ocrx_word' id='word_1_378' title='bbox 1790 2654 2048 2724; x_wconf 87' lang='lat' dir='ltr'><strong>hymnos</strong></span> <span class='ocrx_word' id='word_1_379' title='bbox 2069 2653 2147 2709; x_wconf 88' lang='lat' dir='ltr'><strong>ad</strong></span> <span class='ocrx_word' id='word_1_380' title='bbox 2164 2653 2352 2710; x_wconf 91' lang='lat' dir='ltr'><strong>Deum</strong></span> <span class='ocrx_word' id='word_1_381' title='bbox 2367 2654 2793 2712; x_wconf 84' lang='lat' dir='ltr'><strong>sacratioribus</strong></span> <span class='ocrx_word' id='word_1_382' title='bbox 2807 2659 3006 2714; x_wconf 90' lang='lat' dir='ltr'><strong>omnis</strong></span> <span class='ocrx_word' id='word_1_383' title='bbox 3024 2661 3258 2731; x_wconf 89' lang='lat' dir='ltr'><strong>generis</strong></span> <span class='ocrx_word' id='word_1_384' title='bbox 3270 2668 3599 2723; x_wconf 87' lang='lat' dir='ltr'><strong>metrorum</strong></span> 
     </span>
    </p>
   </div>
   <div class='ocr_carea' id='block_1_31' title="bbox 175 2741 3604 2817">
    <p class='ocr_par' dir='ltr' id='par_1_31' title="bbox 175 2741 3604 2817">
     <span class='ocr_line' id='line_1_31' title="bbox 175 2741 3604 2817; baseline 0.002 -13"><span class='ocrx_word' id='word_1_385' title='bbox 175 2753 231 2804; x_wconf 89' lang='lat' dir='ltr'><strong>et</strong></span> <span class='ocrx_word' id='word_1_386' title='bbox 259 2746 605 2803; x_wconf 82' lang='lat' dir='ltr'><strong>carminum</strong></span> <span class='ocrx_word' id='word_1_387' title='bbox 619 2745 913 2817; x_wconf 90' lang='lat' dir='ltr'><strong>rhythmis</strong></span> <span class='ocrx_word' id='word_1_388' title='bbox 942 2746 1196 2815; x_wconf 86' lang='lat' dir='ltr'><strong>graviter</strong></span> <span class='ocrx_word' id='word_1_389' title='bbox 1225 2747 1650 2799; x_wconf 82' lang='lat' dir='ltr'><strong>construunt.»</strong></span> <span class='ocrx_word' id='word_1_390' title='bbox 1674 2746 1733 2798; x_wconf 84' lang='lat' dir='ltr'><strong>Et</strong></span> <span class='ocrx_word' id='word_1_391' title='bbox 1758 2742 1876 2799; x_wconf 89' lang='lat' dir='ltr'><strong>alia</strong></span> <span class='ocrx_word' id='word_1_392' title='bbox 1899 2742 2148 2814; x_wconf 86' lang='lat' dir='ltr'><strong>quidem</strong></span> <span class='ocrx_word' id='word_1_393' title='bbox 2165 2742 2353 2799; x_wconf 83' lang='lat' dir='ltr'><strong>multa</strong></span> <span class='ocrx_word' id='word_1_394' title='bbox 2369 2741 2443 2798; x_wconf 91' lang='lat' dir='ltr'><strong>de</strong></span> <span class='ocrx_word' id='word_1_395' title='bbox 2474 2743 2607 2809; x_wconf 90' lang='lat' dir='ltr'><strong>illis,</strong></span> <span class='ocrx_word' id='word_1_396' title='bbox 2645 2760 2908 2816; x_wconf 88' lang='lat' dir='ltr'><strong>quorum</strong></span> <span class='ocrx_word' id='word_1_397' title='bbox 2933 2748 3028 2804; x_wconf 91' lang='lat' dir='ltr'><strong>hic</strong></span> <span class='ocrx_word' id='word_1_398' title='bbox 3059 2751 3427 2809; x_wconf 89' lang='lat' dir='ltr'><strong>mentionem</strong></span> <span class='ocrx_word' id='word_1_399' title='bbox 3458 2753 3604 2810; x_wconf 80' lang='lat' dir='ltr'><strong>faci-</strong></span> 
     </span>
    </p>
   </div>
   <div class='ocr_carea' id='block_1_32' title="bbox 184 2830 3577 2903">
    <p class='ocr_par' dir='ltr' id='par_1_32' title="bbox 184 2830 3577 2903">
     <span class='ocr_line' id='line_1_32' title="bbox 184 2830 3577 2903; baseline 0.003 -15"><span class='ocrx_word' id='word_1_400' title='bbox 184 2853 344 2903; x_wconf 85' lang='lat' dir='ltr'><strong>mus,</strong></span> <span class='ocrx_word' id='word_1_401' title='bbox 373 2835 435 2891; x_wconf 92' lang='lat' dir='ltr'><strong>in</strong></span> <span class='ocrx_word' id='word_1_402' title='bbox 467 2850 537 2891; x_wconf 89' lang='lat' dir='ltr'><strong>eo</strong></span> <span class='ocrx_word' id='word_1_403' title='bbox 564 2833 717 2890; x_wconf 90' lang='lat' dir='ltr'><strong>libro</strong></span> <span class='ocrx_word' id='word_1_404' title='bbox 746 2833 1001 2890; x_wconf 89' lang='lat' dir='ltr'><strong>disserit.</strong></span> <span class='ocrx_word' id='word_1_405' title='bbox 1033 2834 1251 2889; x_wconf 88' lang='lat' dir='ltr'><strong>Verum</strong></span> <span class='ocrx_word' id='word_1_406' title='bbox 1276 2832 1374 2889; x_wconf 85' lang='lat' dir='ltr'><strong>illa</strong></span> <span class='ocrx_word' id='word_1_407' title='bbox 1408 2831 1533 2887; x_wconf 89' lang='lat' dir='ltr'><strong>visa</strong></span> <span class='ocrx_word' id='word_1_408' title='bbox 1564 2838 1702 2887; x_wconf 90' lang='lat' dir='ltr'><strong>sunt</strong></span> <span class='ocrx_word' id='word_1_409' title='bbox 1721 2830 2055 2887; x_wconf 89' lang='lat' dir='ltr'><strong>necessario</strong></span> <span class='ocrx_word' id='word_1_410' title='bbox 2086 2831 2426 2900; x_wconf 88' lang='lat' dir='ltr'><strong>deligenda,</strong></span> <span class='ocrx_word' id='word_1_411' title='bbox 2460 2847 2567 2903; x_wconf 93' lang='lat' dir='ltr'><strong>per</strong></span> <span class='ocrx_word' id='word_1_412' title='bbox 2595 2848 2753 2903; x_wconf 89' lang='lat' dir='ltr'><strong>quae</strong></span> <span class='ocrx_word' id='word_1_413' title='bbox 2777 2840 2967 2892; x_wconf 89' lang='lat' dir='ltr'><strong>certas</strong></span> <span class='ocrx_word' id='word_1_414' title='bbox 2994 2838 3427 2897; x_wconf 85' lang='lat' dir='ltr'><strong>ecclesiasticae</strong></span> <span class='ocrx_word' id='word_1_415' title='bbox 3461 2857 3577 2899; x_wconf 91' lang='lat' dir='ltr'><strong>con</strong></span> 
     </span>
    </p>
   </div>
   <div class='ocr_carea' id='block_1_33' title="bbox 181 2919 3603 3001">
    <p class='ocr_par' dir='ltr' id='par_1_33' title="bbox 181 2919 3603 3001">
     <span class='ocr_line' id='line_1_33' title="bbox 181 2919 3603 3001; baseline 0.003 -23"><span class='ocrx_word' id='word_1_416' title='bbox 181 2925 399 2996; x_wconf 83' lang='lat' dir='ltr'><strong>versa]</strong></span> <span class='ocrx_word' id='word_1_417' title='bbox 434 2924 613 2980; x_wconf 87' lang='lat' dir='ltr'><strong>tionis</strong></span> <span class='ocrx_word' id='word_1_418' title='bbox 644 2929 815 2980; x_wconf 91' lang='lat' dir='ltr'><strong>notas</strong></span> <span class='ocrx_word' id='word_1_419' title='bbox 844 2930 1062 2995; x_wconf 85' lang='lat' dir='ltr'><strong>posuit.</strong></span> <span class='ocrx_word' id='word_1_420' title='bbox 1095 2923 1267 2989; x_wconf 84' lang='lat' dir='ltr'><strong>Quod</strong></span> <span class='ocrx_word' id='word_1_421' title='bbox 1293 2923 1342 2977; x_wconf 90' lang='lat' dir='ltr'><strong>si</strong></span> <span class='ocrx_word' id='word_1_422' title='bbox 1366 2921 1628 2991; x_wconf 90' lang='lat' dir='ltr'><strong>cuipiam</strong></span> <span class='ocrx_word' id='word_1_423' title='bbox 1655 2935 1727 2975; x_wconf 90' lang='lat' dir='ltr'><strong>ea</strong></span> <span class='ocrx_word' id='word_1_424' title='bbox 1747 2935 1925 2991; x_wconf 92' lang='lat' dir='ltr'><strong>quae,</strong></span> <span class='ocrx_word' id='word_1_425' title='bbox 1959 2919 2119 2975; x_wconf 91' lang='lat' dir='ltr'><strong>dicta</strong></span> <span class='ocrx_word' id='word_1_426' title='bbox 2150 2925 2309 2988; x_wconf 90' lang='lat' dir='ltr'><strong>sunt,</strong></span> <span class='ocrx_word' id='word_1_427' title='bbox 2336 2935 2457 2975; x_wconf 92' lang='lat' dir='ltr'><strong>non</strong></span> <span class='ocrx_word' id='word_1_428' title='bbox 2490 2922 2728 2993; x_wconf 90' lang='lat' dir='ltr'><strong>proprie</strong></span> <span class='ocrx_word' id='word_1_429' title='bbox 2767 2923 2842 2979; x_wconf 92' lang='lat' dir='ltr'><strong>ad</strong></span> <span class='ocrx_word' id='word_1_430' title='bbox 2865 2926 3276 2998; x_wconf 89' lang='lat' dir='ltr'><strong>evangelicam</strong></span> <span class='ocrx_word' id='word_1_431' title='bbox 3308 2931 3603 3001; x_wconf 90' lang='lat' dir='ltr'><strong>pertinere</strong></span> 
     </span>
    </p>
   </div>
   <div class='ocr_carea' id='block_1_34' title="bbox 181 3008 3599 3092">
    <p class='ocr_par' dir='ltr' id='par_1_34' title="bbox 181 3008 3599 3092">
     <span class='ocr_line' id='line_1_34' title="bbox 181 3008 3599 3092; baseline 0.002 -22"><span class='ocrx_word' id='word_1_432' title='bbox 181 3015 477 3089; x_wconf 89' lang='lat' dir='ltr'><strong>politiam,</strong></span> <span class='ocrx_word' id='word_1_433' title='bbox 503 3012 609 3069; x_wconf 90' lang='lat' dir='ltr'><strong>sed</strong></span> <span class='ocrx_word' id='word_1_434' title='bbox 638 3018 696 3069; x_wconf 92' lang='lat' dir='ltr'><strong>et</strong></span> <span class='ocrx_word' id='word_1_435' title='bbox 723 3012 852 3068; x_wconf 91' lang='lat' dir='ltr'><strong>aliis</strong></span> <span class='ocrx_word' id='word_1_436' title='bbox 885 3018 1117 3084; x_wconf 89' lang='lat' dir='ltr'><strong>praeter</strong></span> <span class='ocrx_word' id='word_1_437' title='bbox 1153 3010 1343 3067; x_wconf 89' lang='lat' dir='ltr'><strong>dictos</strong></span> <span class='ocrx_word' id='word_1_438' title='bbox 1355 3009 1609 3066; x_wconf 89' lang='lat' dir='ltr'><strong>cultores</strong></span> <span class='ocrx_word' id='word_1_439' title='bbox 1634 3008 1905 3080; x_wconf 89' lang='lat' dir='ltr'><strong>adaptari</strong></span> <span class='ocrx_word' id='word_1_440' title='bbox 1932 3023 2113 3081; x_wconf 89' lang='lat' dir='ltr'><strong>posse</strong></span> <span class='ocrx_word' id='word_1_441' title='bbox 2141 3008 2437 3075; x_wconf 88' lang='lat' dir='ltr'><strong>videntur,</strong></span> <span class='ocrx_word' id='word_1_442' title='bbox 2462 3010 2666 3067; x_wconf 89' lang='lat' dir='ltr'><strong>credat</strong></span> <span class='ocrx_word' id='word_1_443' title='bbox 2684 3011 2894 3068; x_wconf 89' lang='lat' dir='ltr'><strong>saltem</strong></span> <span class='ocrx_word' id='word_1_444' title='bbox 2919 3014 3005 3069; x_wconf 87' lang='lat' dir='ltr'><strong>his</strong></span> <span class='ocrx_word' id='word_1_445' title='bbox 3042 3014 3199 3071; x_wconf 89' lang='lat' dir='ltr'><strong>illius</strong></span> <span class='ocrx_word' id='word_1_446' title='bbox 3221 3017 3419 3074; x_wconf 88' lang='lat' dir='ltr'><strong>verbis</strong></span> <span class='ocrx_word' id='word_1_447' title='bbox 3439 3035 3599 3092; x_wconf 90' lang='lat' dir='ltr'><strong>quae</strong></span> 
     </span>
    </p>
   </div>
   <div class='ocr_carea' id='block_1_35' title="bbox 184 3096 3599 3175">
    <p class='ocr_par' dir='ltr' id='par_1_35' title="bbox 184 3096 3599 3175">
     <span class='ocr_line' id='line_1_35' title="bbox 184 3096 3599 3175; baseline 0.002 -16"><span class='ocrx_word' id='word_1_448' title='bbox 184 3103 595 3167; x_wconf 87' lang='lat' dir='ltr'><strong>subiiciemus,</strong></span> <span class='ocrx_word' id='word_1_449' title='bbox 621 3117 693 3157; x_wconf 90' lang='lat' dir='ltr'><strong>ex</strong></span> <span class='ocrx_word' id='word_1_450' title='bbox 718 3100 939 3173; x_wconf 90' lang='lat' dir='ltr'><strong>quibus</strong></span> <span class='ocrx_word' id='word_1_451' title='bbox 966 3100 1390 3163; x_wconf 88' lang='lat' dir='ltr'><strong>indubitatum,</strong></span> <span class='ocrx_word' id='word_1_452' title='bbox 1443 3098 1490 3153; x_wconf 89' lang='lat' dir='ltr'><strong>si</strong></span> <span class='ocrx_word' id='word_1_453' title='bbox 1516 3112 1712 3170; x_wconf 88' lang='lat' dir='ltr'><strong>aequo</strong></span> <span class='ocrx_word' id='word_1_454' title='bbox 1754 3097 1829 3152; x_wconf 90' lang='lat' dir='ltr'><strong>sit</strong></span> <span class='ocrx_word' id='word_1_455' title='bbox 1858 3098 2084 3164; x_wconf 90' lang='lat' dir='ltr'><strong>animo,</strong></span> <span class='ocrx_word' id='word_1_456' title='bbox 2114 3096 2230 3153; x_wconf 91' lang='lat' dir='ltr'><strong>hac</strong></span> <span class='ocrx_word' id='word_1_457' title='bbox 2273 3097 2348 3153; x_wconf 90' lang='lat' dir='ltr'><strong>de</strong></span> <span class='ocrx_word' id='word_1_458' title='bbox 2376 3112 2439 3153; x_wconf 92' lang='lat' dir='ltr'><strong>re</strong></span> <span class='ocrx_word' id='word_1_459' title='bbox 2472 3099 2885 3157; x_wconf 88' lang='lat' dir='ltr'><strong>testimonium</strong></span> <span class='ocrx_word' id='word_1_460' title='bbox 2925 3104 3266 3175; x_wconf 89' lang='lat' dir='ltr'><strong>reportabit.</strong></span> <span class='ocrx_word' id='word_1_461' title='bbox 3302 3107 3397 3164; x_wconf 93' lang='lat' dir='ltr'><strong>Sic</strong></span> <span class='ocrx_word' id='word_1_462' title='bbox 3436 3108 3599 3167; x_wconf 89' lang='lat' dir='ltr'><strong>enim</strong></span> 
     </span>
    </p>
   </div>
   <div class='ocr_carea' id='block_1_36' title="bbox 184 3184 3605 3264">
    <p class='ocr_par' dir='ltr' id='par_1_36' title="bbox 184 3184 3605 3264">
     <span class='ocr_line' id='line_1_36' title="bbox 184 3184 3605 3264; baseline 0.002 -15"><span class='ocrx_word' id='word_1_463' title='bbox 184 3192 412 3249; x_wconf 78' lang='lat' dir='ltr'><strong>scribit:</strong></span> <span class='ocrx_word' id='word_1_464' title='bbox 445 3209 475 3241; x_wconf 72' lang='grc' dir='ltr'><strong>οι</strong></span> <span class='ocrx_word' id='word_1_465' title='bbox 508 3190 944 3247; x_wconf 86' lang='lat' dir='ltr'><strong>Continentiam</strong></span> <span class='ocrx_word' id='word_1_466' title='bbox 973 3195 1176 3245; x_wconf 90' lang='lat' dir='ltr'><strong>autem</strong></span> <span class='ocrx_word' id='word_1_467' title='bbox 1202 3188 1462 3259; x_wconf 90' lang='lat' dir='ltr'><strong>primum</strong></span> <span class='ocrx_word' id='word_1_468' title='bbox 1495 3192 1782 3258; x_wconf 87' lang='lat' dir='ltr'><strong>tanquam</strong></span> <span class='ocrx_word' id='word_1_469' title='bbox 1810 3184 2270 3242; x_wconf 86' lang='lat' dir='ltr'><strong>fundamentum</strong></span> <span class='ocrx_word' id='word_1_470' title='bbox 2295 3186 2607 3258; x_wconf 90' lang='lat' dir='ltr'><strong>quoddam</strong></span> <span class='ocrx_word' id='word_1_471' title='bbox 2632 3190 2692 3245; x_wconf 92' lang='lat' dir='ltr'><strong>in</strong></span> <span class='ocrx_word' id='word_1_472' title='bbox 2717 3190 2921 3249; x_wconf 89' lang='lat' dir='ltr'><strong>anima</strong></span> <span class='ocrx_word' id='word_1_473' title='bbox 2946 3193 3262 3264; x_wconf 90' lang='lat' dir='ltr'><strong>collocant,</strong></span> <span class='ocrx_word' id='word_1_474' title='bbox 3288 3196 3509 3255; x_wconf 90' lang='lat' dir='ltr'><strong>deinde</strong></span> <span class='ocrx_word' id='word_1_475' title='bbox 3544 3202 3605 3255; x_wconf 86' lang='lat' dir='ltr'><strong>et</strong></span> 
     </span>
    </p>
   </div>
   <div class='ocr_carea' id='block_1_37' title="bbox 183 3274 3604 3357">
    <p class='ocr_par' dir='ltr' id='par_1_37' title="bbox 183 3274 3604 3357">
     <span class='ocr_line' id='line_1_37' title="bbox 183 3274 3604 3357; baseline 0.003 -22"><span class='ocrx_word' id='word_1_476' title='bbox 183 3281 333 3339; x_wconf 84' lang='lat' dir='ltr'><strong>alias</strong></span> <span class='ocrx_word' id='word_1_477' title='bbox 362 3280 609 3336; x_wconf 87' lang='lat' dir='ltr'><strong>virtutes</strong></span> <span class='ocrx_word' id='word_1_478' title='bbox 639 3284 1071 3351; x_wconf 89' lang='lat' dir='ltr'><strong>superstruunt.</strong></span> <span class='ocrx_word' id='word_1_479' title='bbox 1103 3278 1316 3333; x_wconf 88' lang='lat' dir='ltr'><strong>Cibum</strong></span> <span class='ocrx_word' id='word_1_480' title='bbox 1338 3284 1442 3333; x_wconf 88' lang='lat' dir='ltr'><strong>aut</strong></span> <span class='ocrx_word' id='word_1_481' title='bbox 1466 3282 1675 3347; x_wconf 89' lang='lat' dir='ltr'><strong>potum</strong></span> <span class='ocrx_word' id='word_1_482' title='bbox 1708 3290 1885 3331; x_wconf 89' lang='lat' dir='ltr'><strong>nemo</strong></span> <span class='ocrx_word' id='word_1_483' title='bbox 1909 3274 2147 3330; x_wconf 90' lang='lat' dir='ltr'><strong>illorum</strong></span> <span class='ocrx_word' id='word_1_484' title='bbox 2172 3281 2308 3332; x_wconf 88' lang='lat' dir='ltr'><strong>ante</strong></span> <span class='ocrx_word' id='word_1_485' title='bbox 2322 3278 2465 3333; x_wconf 91' lang='lat' dir='ltr'><strong>solis</strong></span> <span class='ocrx_word' id='word_1_486' title='bbox 2481 3293 2766 3335; x_wconf 90' lang='lat' dir='ltr'><strong>occasum</strong></span> <span class='ocrx_word' id='word_1_487' title='bbox 2790 3287 3063 3354; x_wconf 89' lang='lat' dir='ltr'><strong>usurpat.</strong></span> <span class='ocrx_word' id='word_1_488' title='bbox 3088 3285 3317 3341; x_wconf 89' lang='lat' dir='ltr'><strong>Etenim</strong></span> <span class='ocrx_word' id='word_1_489' title='bbox 3334 3286 3604 3357; x_wconf 76' lang='lat' dir='ltr'><strong>philoso-</strong></span> 
     </span>
    </p>
   </div>
   <div class='ocr_carea' id='block_1_38' title="bbox 186 3363 3604 3443">
    <p class='ocr_par' dir='ltr' id='par_1_38' title="bbox 186 3363 3604 3443">
     <span class='ocr_line' id='line_1_38' title="bbox 186 3363 3604 3443; baseline 0.002 -17"><span class='ocrx_word' id='word_1_490' title='bbox 186 3372 363 3443; x_wconf 85' lang='lat' dir='ltr'><strong>phiae</strong></span> <span class='ocrx_word' id='word_1_491' title='bbox 392 3368 662 3424; x_wconf 90' lang='lat' dir='ltr'><strong>studium</strong></span> <span class='ocrx_word' id='word_1_492' title='bbox 686 3367 839 3433; x_wconf 89' lang='lat' dir='ltr'><strong>luce,</strong></span> <span class='ocrx_word' id='word_1_493' title='bbox 870 3367 1133 3440; x_wconf 90' lang='lat' dir='ltr'><strong>corporis</strong></span> <span class='ocrx_word' id='word_1_494' title='bbox 1162 3382 1300 3421; x_wconf 92' lang='lat' dir='ltr'><strong>vero</strong></span> <span class='ocrx_word' id='word_1_495' title='bbox 1327 3365 1706 3421; x_wconf 90' lang='lat' dir='ltr'><strong>necessitates</strong></span> <span class='ocrx_word' id='word_1_496' title='bbox 1735 3363 1995 3420; x_wconf 90' lang='lat' dir='ltr'><strong>tenebris</strong></span> <span class='ocrx_word' id='word_1_497' title='bbox 2023 3363 2241 3434; x_wconf 88' lang='lat' dir='ltr'><strong>dignas</strong></span> <span class='ocrx_word' id='word_1_498' title='bbox 2262 3381 2395 3421; x_wconf 88' lang='lat' dir='ltr'><strong>esse</strong></span> <span class='ocrx_word' id='word_1_499' title='bbox 2414 3367 2681 3423; x_wconf 91' lang='lat' dir='ltr'><strong>iudicant</strong></span> <span class='ocrx_word' id='word_1_500' title='bbox 2707 3370 2898 3434; x_wconf 92' lang='lat' dir='ltr'><strong>;unde</strong></span> <span class='ocrx_word' id='word_1_501' title='bbox 2920 3377 2976 3427; x_wconf 89' lang='lat' dir='ltr'><strong>et</strong></span> <span class='ocrx_word' id='word_1_502' title='bbox 2996 3371 3159 3429; x_wconf 92' lang='lat' dir='ltr'><strong>diem</strong></span> <span class='ocrx_word' id='word_1_503' title='bbox 3178 3372 3281 3440; x_wconf 91' lang='lat' dir='ltr'><strong>illi,</strong></span> <span class='ocrx_word' id='word_1_504' title='bbox 3314 3374 3442 3432; x_wconf 89' lang='lat' dir='ltr'><strong>istis</strong></span> <span class='ocrx_word' id='word_1_505' title='bbox 3464 3391 3604 3433; x_wconf 91' lang='lat' dir='ltr'><strong>vero</strong></span> 
     </span>
    </p>
   </div>
   <div class='ocr_carea' id='block_1_39' title="bbox 187 3452 3608 3535">
    <p class='ocr_par' dir='ltr' id='par_1_39' title="bbox 187 3452 3608 3535">
     <span class='ocr_line' id='line_1_39' title="bbox 187 3452 3608 3535; baseline 0.001 -20"><span class='ocrx_word' id='word_1_506' title='bbox 187 3459 495 3516; x_wconf 89' lang='lat' dir='ltr'><strong>modicam</strong></span> <span class='ocrx_word' id='word_1_507' title='bbox 522 3458 715 3514; x_wconf 91' lang='lat' dir='ltr'><strong>noctis</strong></span> <span class='ocrx_word' id='word_1_508' title='bbox 760 3464 987 3528; x_wconf 89' lang='lat' dir='ltr'><strong>partem</strong></span> <span class='ocrx_word' id='word_1_509' title='bbox 1019 3455 1305 3512; x_wconf 90' lang='lat' dir='ltr'><strong>tribuunt.</strong></span> <span class='ocrx_word' id='word_1_510' title='bbox 1371 3452 1646 3510; x_wconf 86' lang='lat' dir='ltr'><strong>Nonnulli</strong></span> <span class='ocrx_word' id='word_1_511' title='bbox 1697 3469 1765 3509; x_wconf 86' lang='lat' dir='ltr'><strong>ex</strong></span> <span class='ocrx_word' id='word_1_512' title='bbox 1817 3453 1900 3509; x_wconf 87' lang='lat' dir='ltr'><strong>eis</strong></span> <span class='ocrx_word' id='word_1_513' title='bbox 1949 3458 2069 3509; x_wconf 93' lang='lat' dir='ltr'><strong>toto</strong></span> <span class='ocrx_word' id='word_1_514' title='bbox 2111 3453 2307 3509; x_wconf 91' lang='lat' dir='ltr'><strong>triduo</strong></span> <span class='ocrx_word' id='word_1_515' title='bbox 2342 3455 2459 3511; x_wconf 90' lang='lat' dir='ltr'><strong>cibi</strong></span> <span class='ocrx_word' id='word_1_516' title='bbox 2518 3472 2641 3513; x_wconf 91' lang='lat' dir='ltr'><strong>non</strong></span> <span class='ocrx_word' id='word_1_517' title='bbox 2686 3459 3095 3532; x_wconf 78' lang='lat' dir='ltr'><strong>recordentur,</strong></span> <span class='ocrx_word' id='word_1_518' title='bbox 3157 3462 3379 3535; x_wconf 89' lang='lat' dir='ltr'><strong>quibus</strong></span> <span class='ocrx_word' id='word_1_519' title='bbox 3410 3464 3608 3522; x_wconf 86' lang='lat' dir='ltr'><strong>maius</strong></span> 
     </span>
    </p>
   </div>
   <div class='ocr_carea' id='block_1_40' title="bbox 185 3540 3586 3626">
    <p class='ocr_par' dir='ltr' id='par_1_40' title="bbox 185 3540 3586 3626">
     <span class='ocr_line' id='line_1_40' title="bbox 185 3540 3586 3626; baseline 0.002 -21"><span class='ocrx_word' id='word_1_520' title='bbox 185 3549 476 3605; x_wconf 86' lang='lat' dir='ltr'><strong>scientiae</strong></span> <span class='ocrx_word' id='word_1_521' title='bbox 502 3563 692 3619; x_wconf 92' lang='lat' dir='ltr'><strong>quam</strong></span> <span class='ocrx_word' id='word_1_522' title='bbox 719 3546 837 3602; x_wconf 90' lang='lat' dir='ltr'><strong>cibi</strong></span> <span class='ocrx_word' id='word_1_523' title='bbox 860 3545 1225 3601; x_wconf 88' lang='lat' dir='ltr'><strong>desiderium</strong></span> <span class='ocrx_word' id='word_1_524' title='bbox 1250 3543 1487 3599; x_wconf 89' lang='lat' dir='ltr'><strong>insedit.</strong></span> <span class='ocrx_word' id='word_1_525' title='bbox 1521 3540 1798 3598; x_wconf 87' lang='lat' dir='ltr'><strong>Nonnulli</strong></span> <span class='ocrx_word' id='word_1_526' title='bbox 1824 3543 1905 3598; x_wconf 92' lang='lat' dir='ltr'><strong>ita</strong></span> <span class='ocrx_word' id='word_1_527' title='bbox 1932 3541 2226 3600; x_wconf 90' lang='lat' dir='ltr'><strong>laetantur</strong></span> <span class='ocrx_word' id='word_1_528' title='bbox 2255 3559 2325 3599; x_wconf 91' lang='lat' dir='ltr'><strong>ac</strong></span> <span class='ocrx_word' id='word_1_529' title='bbox 2355 3543 2729 3602; x_wconf 89' lang='lat' dir='ltr'><strong>delectantur</strong></span> <span class='ocrx_word' id='word_1_530' title='bbox 2753 3549 3047 3620; x_wconf 87' lang='lat' dir='ltr'><strong>sapientia</strong></span> <span class='ocrx_word' id='word_1_531' title='bbox 3087 3552 3271 3622; x_wconf 90' lang='lat' dir='ltr'><strong>pasci,</strong></span> <span class='ocrx_word' id='word_1_532' title='bbox 3302 3568 3459 3626; x_wconf 91' lang='lat' dir='ltr'><strong>quae</strong></span> <span class='ocrx_word' id='word_1_533' title='bbox 3484 3553 3586 3610; x_wconf 84' lang='lat' dir='ltr'><strong>do-</strong></span> 
     </span>
    </p>
   </div>
   <div class='ocr_carea' id='block_1_41' title="bbox 183 3631 3606 3711">
    <p class='ocr_par' dir='ltr' id='par_1_41' title="bbox 183 3631 3606 3711">
     <span class='ocr_line' id='line_1_41' title="bbox 183 3631 3606 3711; baseline 0.003 -22"><span class='ocrx_word' id='word_1_534' title='bbox 183 3644 390 3710; x_wconf 83' lang='lat' dir='ltr'><strong>gmata</strong></span> <span class='ocrx_word' id='word_1_535' title='bbox 418 3636 701 3709; x_wconf 91' lang='lat' dir='ltr'><strong>opulente</strong></span> <span class='ocrx_word' id='word_1_536' title='bbox 730 3641 788 3692; x_wconf 93' lang='lat' dir='ltr'><strong>et</strong></span> <span class='ocrx_word' id='word_1_537' title='bbox 806 3633 1496 3706; x_wconf 60' lang='lat' dir='ltr'><strong>abunde;subministrat,</strong></span> <span class='ocrx_word' id='word_1_538' title='bbox 1514 3641 1575 3686; x_wconf 90' lang='lat' dir='ltr'><strong>ut</strong></span> <span class='ocrx_word' id='word_1_539' title='bbox 1596 3631 1901 3702; x_wconf 89' lang='lat' dir='ltr'><strong>duplicato</strong></span> <span class='ocrx_word' id='word_1_540' title='bbox 1916 3632 2201 3703; x_wconf 90' lang='lat' dir='ltr'><strong>temporis</strong></span> <span class='ocrx_word' id='word_1_541' title='bbox 2226 3633 2419 3704; x_wconf 88' lang='lat' dir='ltr'><strong>spatio</strong></span> <span class='ocrx_word' id='word_1_542' title='bbox 2432 3634 2791 3702; x_wconf 89' lang='lat' dir='ltr'><strong>abstineant,</strong></span> <span class='ocrx_word' id='word_1_543' title='bbox 2826 3653 2896 3693; x_wconf 90' lang='lat' dir='ltr'><strong>ac</strong></span> <span class='ocrx_word' id='word_1_544' title='bbox 2909 3639 3006 3694; x_wconf 86' lang='lat' dir='ltr'><strong>vix</strong></span> <span class='ocrx_word' id='word_1_545' title='bbox 3020 3654 3126 3711; x_wconf 89' lang='lat' dir='ltr'><strong>per</strong></span> <span class='ocrx_word' id='word_1_546' title='bbox 3138 3656 3243 3696; x_wconf 89' lang='lat' dir='ltr'><strong>sex</strong></span> <span class='ocrx_word' id='word_1_547' title='bbox 3260 3641 3387 3698; x_wconf 89' lang='lat' dir='ltr'><strong>dies</strong></span> <span class='ocrx_word' id='word_1_548' title='bbox 3400 3658 3606 3699; x_wconf 82' lang='lat' dir='ltr'><strong>neces-</strong></span> 
     </span>
    </p>
   </div>
   <div class='ocr_carea' id='block_1_42' title="bbox 186 3719 3603 3795">
    <p class='ocr_par' dir='ltr' id='par_1_42' title="bbox 186 3719 3603 3795">
     <span class='ocr_line' id='line_1_42' title="bbox 186 3719 3603 3795; baseline 0.001 -13"><span class='ocrx_word' id='word_1_549' title='bbox 186 3730 346 3783; x_wconf 81' lang='lat' dir='ltr'><strong>sario</strong></span> <span class='ocrx_word' id='word_1_550' title='bbox 373 3726 513 3782; x_wconf 89' lang='lat' dir='ltr'><strong>cibo</strong></span> <span class='ocrx_word' id='word_1_551' title='bbox 551 3730 862 3795; x_wconf 89' lang='lat' dir='ltr'><strong>gustantes</strong></span> <span class='ocrx_word' id='word_1_552' title='bbox 880 3727 1215 3780; x_wconf 89' lang='lat' dir='ltr'><strong>vescantur.</strong></span> <span class='ocrx_word' id='word_1_553' title='bbox 1249 3742 1274 3772; x_wconf 74' lang='grc' dir='ltr'><strong><em>ι</em></strong></span> <span class='ocrx_word' id='word_1_554' title='bbox 1309 3720 1465 3777; x_wconf 87' lang='lat' dir='ltr'><strong>Haec</strong></span> <span class='ocrx_word' id='word_1_555' title='bbox 1488 3719 1748 3775; x_wconf 83' lang='lat' dir='ltr'><strong>Philonis</strong></span> <span class='ocrx_word' id='word_1_556' title='bbox 1772 3720 1954 3776; x_wconf 91' lang='lat' dir='ltr'><strong>verba</strong></span> <span class='ocrx_word' id='word_1_557' title='bbox 1971 3720 2127 3776; x_wconf 91' lang='lat' dir='ltr'><strong>clare</strong></span> <span class='ocrx_word' id='word_1_558' title='bbox 2154 3725 2211 3775; x_wconf 90' lang='lat' dir='ltr'><strong>et</strong></span> <span class='ocrx_word' id='word_1_559' title='bbox 2237 3720 2468 3794; x_wconf 88' lang='lat' dir='ltr'><strong>absque</strong></span> <span class='ocrx_word' id='word_1_560' title='bbox 2494 3722 2610 3779; x_wconf 90' lang='lat' dir='ltr'><strong>ulla</strong></span> <span class='ocrx_word' id='word_1_561' title='bbox 2632 3726 3103 3783; x_wconf 90' lang='lat' dir='ltr'><strong>contradictione</strong></span> <span class='ocrx_word' id='word_1_562' title='bbox 3121 3727 3196 3784; x_wconf 91' lang='lat' dir='ltr'><strong>de</strong></span> <span class='ocrx_word' id='word_1_563' title='bbox 3230 3731 3447 3786; x_wconf 89' lang='lat' dir='ltr'><strong>nostris</strong></span> <span class='ocrx_word' id='word_1_564' title='bbox 3472 3745 3603 3787; x_wconf 88' lang='lat' dir='ltr'><strong>esse</strong></span> 
     </span>
    </p>
   </div>
   <div class='ocr_carea' id='block_1_43' title="bbox 183 3807 3612 3887">
    <p class='ocr_par' dir='ltr' id='par_1_43' title="bbox 183 3807 3612 3887">
     <span class='ocr_line' id='line_1_43' title="bbox 183 3807 3612 3887; baseline 0.003 -22"><span class='ocrx_word' id='word_1_565' title='bbox 183 3817 345 3873; x_wconf 76' lang='lat' dir='ltr'><strong>dicta</strong></span> <span class='ocrx_word' id='word_1_566' title='bbox 368 3818 679 3887; x_wconf 88' lang='lat' dir='ltr'><strong>putamus.</strong></span> <span class='ocrx_word' id='word_1_567' title='bbox 713 3814 772 3869; x_wconf 92' lang='lat' dir='ltr'><strong>Si</strong></span> <span class='ocrx_word' id='word_1_568' title='bbox 798 3829 938 3869; x_wconf 92' lang='lat' dir='ltr'><strong>vero</strong></span> <span class='ocrx_word' id='word_1_569' title='bbox 959 3812 1160 3869; x_wconf 86' lang='lat' dir='ltr'><strong>adhuc</strong></span> <span class='ocrx_word' id='word_1_570' title='bbox 1183 3810 1512 3883; x_wconf 89' lang='lat' dir='ltr'><strong>quisquam</strong></span> <span class='ocrx_word' id='word_1_571' title='bbox 1529 3807 1846 3865; x_wconf 88' lang='lat' dir='ltr'><strong>obﬁrmate</strong></span> <span class='ocrx_word' id='word_1_572' title='bbox 1874 3808 2319 3875; x_wconf 85' lang='lat' dir='ltr'><strong>contradixerit,</strong></span> <span class='ocrx_word' id='word_1_573' title='bbox 2353 3811 2441 3866; x_wconf 91' lang='lat' dir='ltr'><strong>vel</strong></span> <span class='ocrx_word' id='word_1_574' title='bbox 2465 3812 2548 3866; x_wconf 89' lang='lat' dir='ltr'><strong>sic</strong></span> <span class='ocrx_word' id='word_1_575' title='bbox 2578 3813 2687 3867; x_wconf 90' lang='lat' dir='ltr'><strong>sibi</strong></span> <span class='ocrx_word' id='word_1_576' title='bbox 2714 3814 3063 3884; x_wconf 89' lang='lat' dir='ltr'><strong>persuaderi</strong></span> <span class='ocrx_word' id='word_1_577' title='bbox 3094 3816 3270 3883; x_wconf 88' lang='lat' dir='ltr'><strong>sinat,</strong></span> <span class='ocrx_word' id='word_1_578' title='bbox 3313 3826 3377 3875; x_wconf 91' lang='lat' dir='ltr'><strong>ut</strong></span> <span class='ocrx_word' id='word_1_579' title='bbox 3403 3819 3612 3877; x_wconf 59' lang='lat' dir='ltr'><strong>clarioc</strong></span> 
     </span>
    </p>
   </div>
   <div class='ocr_carea' id='block_1_44' title="bbox 182 3897 3612 3973">
    <p class='ocr_par' dir='ltr' id='par_1_44' title="bbox 182 3897 3612 3973">
     <span class='ocr_line' id='line_1_44' title="bbox 182 3897 3612 3973; baseline 0.001 -12"><span class='ocrx_word' id='word_1_580' title='bbox 182 3907 353 3962; x_wconf 85' lang='lat' dir='ltr'><strong>ribus</strong></span> <span class='ocrx_word' id='word_1_581' title='bbox 368 3903 987 3961; x_wconf 88' lang='lat' dir='ltr'><strong>demonstrationibus</strong></span> <span class='ocrx_word' id='word_1_582' title='bbox 1001 3900 1227 3968; x_wconf 89' lang='lat' dir='ltr'><strong>credat,</strong></span> <span class='ocrx_word' id='word_1_583' title='bbox 1250 3915 1403 3973; x_wconf 90' lang='lat' dir='ltr'><strong>quas</strong></span> <span class='ocrx_word' id='word_1_584' title='bbox 1425 3914 1545 3955; x_wconf 92' lang='lat' dir='ltr'><strong>non</strong></span> <span class='ocrx_word' id='word_1_585' title='bbox 1572 3898 1735 3970; x_wconf 86' lang='lat' dir='ltr'><strong>apud</strong></span> <span class='ocrx_word' id='word_1_586' title='bbox 1758 3897 1907 3954; x_wconf 88' lang='lat' dir='ltr'><strong>alios</strong></span> <span class='ocrx_word' id='word_1_587' title='bbox 1921 3897 2220 3969; x_wconf 90' lang='lat' dir='ltr'><strong>quosdam</strong></span> <span class='ocrx_word' id='word_1_588' title='bbox 2240 3898 2352 3953; x_wconf 92' lang='lat' dir='ltr'><strong>nisi</strong></span> <span class='ocrx_word' id='word_1_589' title='bbox 2371 3898 2562 3956; x_wconf 91' lang='lat' dir='ltr'><strong>solam</strong></span> <span class='ocrx_word' id='word_1_590' title='bbox 2581 3901 3051 3959; x_wconf 81' lang='lat' dir='ltr'><strong>Christianorum</strong></span> <span class='ocrx_word' id='word_1_591' title='bbox 3072 3905 3407 3962; x_wconf 90' lang='lat' dir='ltr'><strong>secundum</strong></span> <span class='ocrx_word' id='word_1_592' title='bbox 3426 3910 3612 3965; x_wconf 84' lang='lat' dir='ltr'><strong>Evan-</strong></span> 
     </span>
    </p>
   </div>
   <div class='ocr_carea' id='block_1_45' title="bbox 182 3977 3608 4068">
    <p class='ocr_par' dir='ltr' id='par_1_45' title="bbox 182 3977 3608 4068">
     <span class='ocr_line' id='line_1_45' title="bbox 182 3977 3608 4068; baseline 0.001 -18"><span class='ocrx_word' id='word_1_593' title='bbox 182 3996 407 4067; x_wconf 88' lang='lat' dir='ltr'><strong>gelium</strong></span> <span class='ocrx_word' id='word_1_594' title='bbox 450 3977 803 4063; x_wconf 86' lang='lat' dir='ltr'><strong>religionem</strong></span> <span class='ocrx_word' id='word_1_595' title='bbox 842 3991 1102 4048; x_wconf 85' lang='lat' dir='ltr'><strong>invenire</strong></span> <span class='ocrx_word' id='word_1_596' title='bbox 1132 3990 1285 4045; x_wconf 90' lang='lat' dir='ltr'><strong>licet.</strong></span> <span class='ocrx_word' id='word_1_597' title='bbox 1333 3988 1483 4044; x_wconf 90' lang='lat' dir='ltr'><strong>Dicit</strong></span> <span class='ocrx_word' id='word_1_598' title='bbox 1511 3988 1694 4053; x_wconf 89' lang='lat' dir='ltr'><strong>enim,</strong></span> <span class='ocrx_word' id='word_1_599' title='bbox 1719 3986 1885 4059; x_wconf 89' lang='lat' dir='ltr'><strong>apud</strong></span> <span class='ocrx_word' id='word_1_600' title='bbox 1924 4002 2047 4051; x_wconf 89' lang='lat' dir='ltr'><strong>eos,</strong></span> <span class='ocrx_word' id='word_1_601' title='bbox 2080 3986 2155 4043; x_wconf 91' lang='lat' dir='ltr'><strong>de</strong></span> <span class='ocrx_word' id='word_1_602' title='bbox 2180 3987 2406 4057; x_wconf 85' lang='lat' dir='ltr'><strong>quibus</strong></span> <span class='ocrx_word' id='word_1_603' title='bbox 2451 3988 2731 4061; x_wconf 90' lang='lat' dir='ltr'><strong>loquitur,</strong></span> <span class='ocrx_word' id='word_1_604' title='bbox 2765 3991 3041 4048; x_wconf 89' lang='lat' dir='ltr'><strong>mulieres</strong></span> <span class='ocrx_word' id='word_1_605' title='bbox 3067 4008 3309 4067; x_wconf 90' lang='lat' dir='ltr'><strong>quoque</strong></span> <span class='ocrx_word' id='word_1_606' title='bbox 3342 3995 3608 4068; x_wconf 88' lang='lat' dir='ltr'><strong>reperiri,</strong></span> 
     </span>
    </p>
   </div>
   <div class='ocr_carea' id='block_1_46' title="bbox 178 4075 3609 4158">
    <p class='ocr_par' dir='ltr' id='par_1_46' title="bbox 178 4075 3609 4158">
     <span class='ocr_line' id='line_1_46' title="bbox 178 4075 3609 4158; baseline 0.001 -20"><span class='ocrx_word' id='word_1_607' title='bbox 178 4097 449 4157; x_wconf 88' lang='lat' dir='ltr'><strong>quarum</strong></span> <span class='ocrx_word' id='word_1_608' title='bbox 464 4082 782 4154; x_wconf 87' lang='lat' dir='ltr'><strong>pleraeque</strong></span> <span class='ocrx_word' id='word_1_609' title='bbox 799 4080 1179 4152; x_wconf 84' lang='lat' dir='ltr'><strong>grandaevae</strong></span> <span class='ocrx_word' id='word_1_610' title='bbox 1206 4078 1463 4147; x_wconf 86' lang='lat' dir='ltr'><strong>virgines</strong></span> <span class='ocrx_word' id='word_1_611' title='bbox 1477 4076 1807 4133; x_wconf 89' lang='lat' dir='ltr'><strong>castitatem</strong></span> <span class='ocrx_word' id='word_1_612' title='bbox 1828 4090 1948 4131; x_wconf 92' lang='lat' dir='ltr'><strong>non</strong></span> <span class='ocrx_word' id='word_1_613' title='bbox 1967 4075 2338 4141; x_wconf 88' lang='lat' dir='ltr'><strong>necessitate,</strong></span> <span class='ocrx_word' id='word_1_614' title='bbox 2350 4077 2504 4133; x_wconf 89' lang='lat' dir='ltr'><strong>sicut</strong></span> <span class='ocrx_word' id='word_1_615' title='bbox 2516 4080 2819 4150; x_wconf 90' lang='lat' dir='ltr'><strong>quaedam</strong></span> <span class='ocrx_word' id='word_1_616' title='bbox 2834 4081 3176 4138; x_wconf 86' lang='lat' dir='ltr'><strong>sacerdotes</strong></span> <span class='ocrx_word' id='word_1_617' title='bbox 3202 4083 3367 4155; x_wconf 90' lang='lat' dir='ltr'><strong>apud</strong></span> <span class='ocrx_word' id='word_1_618' title='bbox 3384 4100 3609 4158; x_wconf 83' lang='lat' dir='ltr'><strong>gentes,</strong></span> 
     </span>
    </p>
   </div>
   <div class='ocr_carea' id='block_1_47' title="bbox 182 4164 3612 4245">
    <p class='ocr_par' dir='ltr' id='par_1_47' title="bbox 182 4164 3612 4245">
     <span class='ocr_line' id='line_1_47' title="bbox 182 4164 3612 4245; baseline 0.004 -29"><span class='ocrx_word' id='word_1_619' title='bbox 182 4174 381 4243; x_wconf 72' lang='lat' dir='ltr'><strong>magis</strong></span> <span class='ocrx_word' id='word_1_620' title='bbox 402 4187 592 4245; x_wconf 78' lang='lat' dir='ltr'><strong>quam</strong></span> <span class='ocrx_word' id='word_1_621' title='bbox 620 4174 836 4242; x_wconf 90' lang='lat' dir='ltr'><strong>sponte</strong></span> <span class='ocrx_word' id='word_1_622' title='bbox 848 4175 1211 4243; x_wconf 89' lang='lat' dir='ltr'><strong>suapropter</strong></span> <span class='ocrx_word' id='word_1_623' title='bbox 1235 4166 1427 4222; x_wconf 91' lang='lat' dir='ltr'><strong>zelum</strong></span> <span class='ocrx_word' id='word_1_624' title='bbox 1453 4182 1522 4223; x_wconf 92' lang='lat' dir='ltr'><strong>ac</strong></span> <span class='ocrx_word' id='word_1_625' title='bbox 1547 4165 1913 4222; x_wconf 86' lang='lat' dir='ltr'><strong>desiderium</strong></span> <span class='ocrx_word' id='word_1_626' title='bbox 1944 4164 2272 4236; x_wconf 90' lang='lat' dir='ltr'><strong>sapientiae</strong></span> <span class='ocrx_word' id='word_1_627' title='bbox 2295 4166 2660 4233; x_wconf 89' lang='lat' dir='ltr'><strong>custodiant,</strong></span> <span class='ocrx_word' id='word_1_628' title='bbox 2693 4169 2866 4224; x_wconf 89' lang='lat' dir='ltr'><strong>cuius</strong></span> <span class='ocrx_word' id='word_1_629' title='bbox 2883 4172 3315 4229; x_wconf 89' lang='lat' dir='ltr'><strong>commercium</strong></span> <span class='ocrx_word' id='word_1_630' title='bbox 3345 4174 3612 4232; x_wconf 90' lang='lat' dir='ltr'><strong>studiose</strong></span> 
     </span>
    </p>
   </div>
   <div class='ocr_carea' id='block_1_48' title="bbox 184 4252 3613 4336">
    <p class='ocr_par' dir='ltr' id='par_1_48' title="bbox 184 4252 3613 4336">
     <span class='ocr_line' id='line_1_48' title="bbox 184 4252 3613 4336; baseline 0.004 -30"><span class='ocrx_word' id='word_1_631' title='bbox 184 4262 480 4327; x_wconf 72' lang='lat' dir='ltr'><strong>colentes,</strong></span> <span class='ocrx_word' id='word_1_632' title='bbox 492 4274 817 4331; x_wconf 89' lang='lat' dir='ltr'><strong>corporum</strong></span> <span class='ocrx_word' id='word_1_633' title='bbox 834 4257 1298 4331; x_wconf 87' lang='lat' dir='ltr'><strong>voluptates,im[</strong></span> <span class='ocrx_word' id='word_1_634' title='bbox 1324 4255 1651 4311; x_wconf 90' lang='lat' dir='ltr'><strong>mortalium</strong></span> <span class='ocrx_word' id='word_1_635' title='bbox 1664 4252 2010 4319; x_wconf 86' lang='lat' dir='ltr'><strong>liberorum,</strong></span> <span class='ocrx_word' id='word_1_636' title='bbox 2034 4270 2187 4327; x_wconf 88' lang='lat' dir='ltr'><strong>quos</strong></span> <span class='ocrx_word' id='word_1_637' title='bbox 2201 4253 2364 4311; x_wconf 90' lang='lat' dir='ltr'><strong>solus</strong></span> <span class='ocrx_word' id='word_1_638' title='bbox 2381 4271 2595 4312; x_wconf 88' lang='lat' dir='ltr'><strong>amans</strong></span> <span class='ocrx_word' id='word_1_639' title='bbox 2611 4257 2710 4313; x_wconf 89' lang='lat' dir='ltr'><strong>Dei</strong></span> <span class='ocrx_word' id='word_1_640' title='bbox 2725 4259 2964 4315; x_wconf 89' lang='lat' dir='ltr'><strong>animus</strong></span> <span class='ocrx_word' id='word_1_641' title='bbox 2977 4276 3048 4316; x_wconf 90' lang='lat' dir='ltr'><strong>ex</strong></span> <span class='ocrx_word' id='word_1_642' title='bbox 3070 4277 3131 4315; x_wconf 89' lang='lat' dir='ltr'><strong>se</strong></span> <span class='ocrx_word' id='word_1_643' title='bbox 3146 4262 3389 4334; x_wconf 87' lang='lat' dir='ltr'><strong>gignere</strong></span> <span class='ocrx_word' id='word_1_644' title='bbox 3401 4268 3613 4336; x_wconf 88' lang='lat' dir='ltr'><strong>potest,</strong></span> 
     </span>
    </p>
   </div>
   <div class='ocr_carea' id='block_1_49' title="bbox 184 4343 3610 4422">
    <p class='ocr_par' dir='ltr' id='par_1_49' title="bbox 184 4343 3610 4422">
     <span class='ocr_line' id='line_1_49' title="bbox 184 4343 3610 4422; baseline -0.001 -15"><span class='ocrx_word' id='word_1_645' title='bbox 184 4366 312 4408; x_wconf 89' lang='lat' dir='ltr'><strong>non</strong></span> <span class='ocrx_word' id='word_1_646' title='bbox 341 4348 690 4406; x_wconf 86' lang='lat' dir='ltr'><strong>mortalium</strong></span> <span class='ocrx_word' id='word_1_647' title='bbox 715 4347 970 4421; x_wconf 89' lang='lat' dir='ltr'><strong>cupidae</strong></span> <span class='ocrx_word' id='word_1_648' title='bbox 986 4354 1400 4420; x_wconf 88' lang='lat' dir='ltr'><strong>aspernentur.</strong></span> <span class='ocrx_word' id='word_1_649' title='bbox 1422 4343 1644 4401; x_wconf 89' lang='lat' dir='ltr'><strong>Deinde</strong></span> <span class='ocrx_word' id='word_1_650' title='bbox 1667 4344 2020 4400; x_wconf 87' lang='lat' dir='ltr'><strong>subsecutus</strong></span> <span class='ocrx_word' id='word_1_651' title='bbox 2052 4343 2275 4399; x_wconf 90' lang='lat' dir='ltr'><strong>clarius</strong></span> <span class='ocrx_word' id='word_1_652' title='bbox 2301 4344 2417 4400; x_wconf 88' lang='lat' dir='ltr'><strong>ista</strong></span> <span class='ocrx_word' id='word_1_653' title='bbox 2437 4346 2713 4416; x_wconf 91' lang='lat' dir='ltr'><strong>exponit:</strong></span> <span class='ocrx_word' id='word_1_654' title='bbox 2749 4366 2778 4398; x_wconf 79' lang='grc' dir='ltr'><strong>α</strong></span> <span class='ocrx_word' id='word_1_655' title='bbox 2796 4347 3317 4421; x_wconf 87' lang='lat' dir='ltr'><strong>lnterpretationes</strong></span> <span class='ocrx_word' id='word_1_656' title='bbox 3331 4357 3556 4422; x_wconf 92' lang='lat' dir='ltr'><strong>autem,</strong></span> <span class='ocrx_word' id='word_1_657' title='bbox 3583 4374 3610 4405; x_wconf 71' lang='grc' dir='ltr'><strong><em>ι</em></strong></span> 
     </span>
    </p>
   </div>
   <div class='ocr_carea' id='block_1_50' title="bbox 184 4432 3617 4515">
    <p class='ocr_par' dir='ltr' id='par_1_50' title="bbox 184 4432 3617 4515">
     <span class='ocr_line' id='line_1_50' title="bbox 184 4432 3617 4515; baseline 0.002 -23"><span class='ocrx_word' id='word_1_658' title='bbox 184 4439 403 4513; x_wconf 86' lang='lat' dir='ltr'><strong>inquit,</strong></span> <span class='ocrx_word' id='word_1_659' title='bbox 441 4457 472 4490; x_wconf 73' lang='lat' dir='ltr'><strong>ci</strong></span> <span class='ocrx_word' id='word_1_660' title='bbox 497 4442 846 4494; x_wconf 89' lang='lat' dir='ltr'><strong>sanctarum</strong></span> <span class='ocrx_word' id='word_1_661' title='bbox 872 4436 1311 4509; x_wconf 86' lang='lat' dir='ltr'><strong>Scripturarum</strong></span> <span class='ocrx_word' id='word_1_662' title='bbox 1342 4432 1825 4504; x_wconf 90' lang='lat' dir='ltr'><strong>allegoricaeillis</strong></span> <span class='ocrx_word' id='word_1_663' title='bbox 1854 4448 1925 4488; x_wconf 92' lang='lat' dir='ltr'><strong>ac</strong></span> <span class='ocrx_word' id='word_1_664' title='bbox 1939 4432 2224 4501; x_wconf 88' lang='lat' dir='ltr'><strong>ﬁguratae</strong></span> <span class='ocrx_word' id='word_1_665' title='bbox 2260 4437 2420 4489; x_wconf 92' lang='lat' dir='ltr'><strong>sunt.</strong></span> <span class='ocrx_word' id='word_1_666' title='bbox 2446 4433 2687 4491; x_wconf 89' lang='lat' dir='ltr'><strong>Videtur</strong></span> <span class='ocrx_word' id='word_1_667' title='bbox 2701 4437 2862 4492; x_wconf 91' lang='lat' dir='ltr'><strong>enim</strong></span> <span class='ocrx_word' id='word_1_668' title='bbox 2890 4437 3169 4494; x_wconf 89' lang='lat' dir='ltr'><strong>virisistis</strong></span> <span class='ocrx_word' id='word_1_669' title='bbox 3186 4438 3617 4515; x_wconf 86' lang='lat' dir='ltr'><strong>universalegis</strong></span> 
     </span>
    </p>
   </div>
   <div class='ocr_carea' id='block_1_51' title="bbox 187 4520 3615 4601">
    <p class='ocr_par' dir='ltr' id='par_1_51' title="bbox 187 4520 3615 4601">
     <span class='ocr_line' id='line_1_51' title="bbox 187 4520 3615 4601; baseline 0.002 -21"><span class='ocrx_word' id='word_1_670' title='bbox 187 4530 496 4601; x_wconf 79' lang='lat' dir='ltr'><strong>Scriptura</strong></span> <span class='ocrx_word' id='word_1_671' title='bbox 516 4526 813 4583; x_wconf 88' lang='lat' dir='ltr'><strong>animanti</strong></span> <span class='ocrx_word' id='word_1_672' title='bbox 844 4525 1051 4582; x_wconf 91' lang='lat' dir='ltr'><strong>similis</strong></span> <span class='ocrx_word' id='word_1_673' title='bbox 1082 4541 1232 4597; x_wconf 89' lang='lat' dir='ltr'><strong>esse,</strong></span> <span class='ocrx_word' id='word_1_674' title='bbox 1268 4526 1348 4582; x_wconf 90' lang='lat' dir='ltr'><strong>ita</strong></span> <span class='ocrx_word' id='word_1_675' title='bbox 1373 4529 1435 4579; x_wconf 93' lang='lat' dir='ltr'><strong>ut</strong></span> <span class='ocrx_word' id='word_1_676' title='bbox 1466 4521 1813 4594; x_wconf 86' lang='lat' dir='ltr'><strong>superﬁcies</strong></span> <span class='ocrx_word' id='word_1_677' title='bbox 1842 4520 2187 4586; x_wconf 83' lang='lat' dir='ltr'><strong>verborum,</strong></span> <span class='ocrx_word' id='word_1_678' title='bbox 2219 4523 2508 4592; x_wconf 89' lang='lat' dir='ltr'><strong>corporis,</strong></span> <span class='ocrx_word' id='word_1_679' title='bbox 2533 4539 2744 4580; x_wconf 89' lang='lat' dir='ltr'><strong>sensus</strong></span> <span class='ocrx_word' id='word_1_680' title='bbox 2781 4541 2920 4581; x_wconf 90' lang='lat' dir='ltr'><strong>vero</strong></span> <span class='ocrx_word' id='word_1_681' title='bbox 2945 4526 3004 4583; x_wconf 93' lang='lat' dir='ltr'><strong>in</strong></span> <span class='ocrx_word' id='word_1_682' title='bbox 3025 4526 3219 4583; x_wconf 88' lang='lat' dir='ltr'><strong>verbis</strong></span> <span class='ocrx_word' id='word_1_683' title='bbox 3250 4530 3615 4597; x_wconf 89' lang='lat' dir='ltr'><strong>reconditus,</strong></span> 
     </span>
    </p>
   </div>
   <div class='ocr_carea' id='block_1_52' title="bbox 190 4611 3617 4688">
    <p class='ocr_par' dir='ltr' id='par_1_52' title="bbox 190 4611 3617 4688">
     <span class='ocr_line' id='line_1_52' title="bbox 190 4611 3617 4688; baseline 0.004 -26"><span class='ocrx_word' id='word_1_684' title='bbox 190 4618 437 4676; x_wconf 58' lang='lat' dir='ltr'><strong>“imae</strong></span> <span class='ocrx_word' id='word_1_685' title='bbox 464 4617 537 4672; x_wconf 86' lang='lat' dir='ltr'><strong>sit</strong></span> <span class='ocrx_word' id='word_1_686' title='bbox 559 4614 713 4682; x_wconf 91' lang='lat' dir='ltr'><strong>loco,</strong></span> <span class='ocrx_word' id='word_1_687' title='bbox 736 4631 919 4688; x_wconf 92' lang='lat' dir='ltr'><strong>quem</strong></span> <span class='ocrx_word' id='word_1_688' title='bbox 941 4616 1212 4688; x_wconf 90' lang='lat' dir='ltr'><strong>ipsorum</strong></span> <span class='ocrx_word' id='word_1_689' title='bbox 1242 4612 1453 4684; x_wconf 90' lang='lat' dir='ltr'><strong>religio</strong></span> <span class='ocrx_word' id='word_1_690' title='bbox 1484 4611 1827 4684; x_wconf 89' lang='lat' dir='ltr'><strong>praecipue,</strong></span> <span class='ocrx_word' id='word_1_691' title='bbox 1857 4611 2033 4682; x_wconf 87' lang='lat' dir='ltr'><strong>quasi</strong></span> <span class='ocrx_word' id='word_1_692' title='bbox 2060 4626 2164 4682; x_wconf 93' lang='lat' dir='ltr'><strong>per</strong></span> <span class='ocrx_word' id='word_1_693' title='bbox 2196 4611 2508 4682; x_wconf 87' lang='lat' dir='ltr'><strong>speculum</strong></span> <span class='ocrx_word' id='word_1_694' title='bbox 2526 4612 2843 4669; x_wconf 90' lang='lat' dir='ltr'><strong>nominum</strong></span> <span class='ocrx_word' id='word_1_695' title='bbox 2872 4614 3150 4671; x_wconf 83' lang='lat' dir='ltr'><strong>eximiam</strong></span> <span class='ocrx_word' id='word_1_696' title='bbox 3184 4618 3617 4675; x_wconf 88' lang='lat' dir='ltr'><strong>sententiarum</strong></span> 
     </span>
    </p>
   </div>
   <div class='ocr_carea' id='block_1_53' title="bbox 190 4698 3617 4779">
    <p class='ocr_par' dir='ltr' id='par_1_53' title="bbox 190 4698 3617 4779">
     <span class='ocr_line' id='line_1_53' title="bbox 190 4698 3617 4779; baseline 0.001 -21"><span class='ocrx_word' id='word_1_697' title='bbox 190 4705 702 4779; x_wconf 79' lang='lat' dir='ltr'><strong>pulchritudinem</strong></span> <span class='ocrx_word' id='word_1_698' title='bbox 732 4704 1097 4761; x_wconf 85' lang='lat' dir='ltr'><strong>relucentem</strong></span> <span class='ocrx_word' id='word_1_699' title='bbox 1130 4704 1484 4768; x_wconf 89' lang='lat' dir='ltr'><strong>observans,</strong></span> <span class='ocrx_word' id='word_1_700' title='bbox 1512 4699 1904 4771; x_wconf 90' lang='lat' dir='ltr'><strong>contemplari</strong></span> <span class='ocrx_word' id='word_1_701' title='bbox 1936 4700 2151 4771; x_wconf 89' lang='lat' dir='ltr'><strong>coepit.</strong></span> <span class='ocrx_word' id='word_1_702' title='bbox 2183 4720 2211 4748; x_wconf 76' lang='lat'><strong>»</strong></span> <span class='ocrx_word' id='word_1_703' title='bbox 2242 4698 2393 4765; x_wconf 89' lang='lat' dir='ltr'><strong>Quid</strong></span> <span class='ocrx_word' id='word_1_704' title='bbox 2424 4715 2577 4771; x_wconf 92' lang='lat' dir='ltr'><strong>opus</strong></span> <span class='ocrx_word' id='word_1_705' title='bbox 2611 4706 2699 4757; x_wconf 88' lang='lat' dir='ltr'><strong>est</strong></span> <span class='ocrx_word' id='word_1_706' title='bbox 2734 4703 2863 4758; x_wconf 88' lang='lat' dir='ltr'><strong>istis</strong></span> <span class='ocrx_word' id='word_1_707' title='bbox 2895 4702 3176 4768; x_wconf 90' lang='lat' dir='ltr'><strong>adiicere,</strong></span> <span class='ocrx_word' id='word_1_708' title='bbox 3205 4705 3516 4777; x_wconf 91' lang='lat' dir='ltr'><strong>quomodo</strong></span> <span class='ocrx_word' id='word_1_709' title='bbox 3554 4708 3617 4763; x_wconf 90' lang='lat' dir='ltr'><strong>in</strong></span> 
     </span>
    </p>
   </div>
   <div class='ocr_carea' id='block_1_54' title="bbox 190 4788 3619 4867">
    <p class='ocr_par' dir='ltr' id='par_1_54' title="bbox 190 4788 3619 4867">
     <span class='ocr_line' id='line_1_54' title="bbox 190 4788 3619 4867; baseline 0.001 -16"><span class='ocrx_word' id='word_1_710' title='bbox 190 4811 379 4852; x_wconf 88' lang='lat' dir='ltr'><strong>unum</strong></span> <span class='ocrx_word' id='word_1_711' title='bbox 416 4794 784 4866; x_wconf 80' lang='lat' dir='ltr'><strong>congregati,</strong></span> <span class='ocrx_word' id='word_1_712' title='bbox 806 4795 1249 4867; x_wconf 89' lang='lat' dir='ltr'><strong>separatimque</strong></span> <span class='ocrx_word' id='word_1_713' title='bbox 1281 4792 1385 4848; x_wconf 90' lang='lat' dir='ltr'><strong>viri</strong></span> <span class='ocrx_word' id='word_1_714' title='bbox 1414 4807 1483 4848; x_wconf 92' lang='lat' dir='ltr'><strong>ac</strong></span> <span class='ocrx_word' id='word_1_715' title='bbox 1502 4792 1822 4862; x_wconf 87' lang='lat' dir='ltr'><strong>separatim</strong></span> <span class='ocrx_word' id='word_1_716' title='bbox 1853 4788 2131 4845; x_wconf 88' lang='lat' dir='ltr'><strong>mulieres</strong></span> <span class='ocrx_word' id='word_1_717' title='bbox 2162 4790 2496 4845; x_wconf 90' lang='lat' dir='ltr'><strong>conversati</strong></span> <span class='ocrx_word' id='word_1_718' title='bbox 2522 4790 2663 4855; x_wconf 88' lang='lat' dir='ltr'><strong>sint,</strong></span> <span class='ocrx_word' id='word_1_719' title='bbox 2694 4798 2751 4847; x_wconf 91' lang='lat' dir='ltr'><strong>et</strong></span> <span class='ocrx_word' id='word_1_720' title='bbox 2773 4808 2930 4863; x_wconf 89' lang='lat' dir='ltr'><strong>quae</strong></span> <span class='ocrx_word' id='word_1_721' title='bbox 2956 4792 3073 4848; x_wconf 91' lang='lat' dir='ltr'><strong>illis</strong></span> <span class='ocrx_word' id='word_1_722' title='bbox 3094 4792 3447 4850; x_wconf 88' lang='lat' dir='ltr'><strong>exercitiain</strong></span> <span class='ocrx_word' id='word_1_723' title='bbox 3478 4810 3619 4852; x_wconf 83' lang='lat' dir='ltr'><strong>con-</strong></span> 
     </span>
    </p>
   </div>
   <div class='ocr_carea' id='block_1_55' title="bbox 190 4878 3622 4957">
    <p class='ocr_par' dir='ltr' id='par_1_55' title="bbox 190 4878 3622 4957">
     <span class='ocr_line' id='line_1_55' title="bbox 190 4878 3622 4957; baseline 0.001 -18"><span class='ocrx_word' id='word_1_724' title='bbox 190 4890 362 4942; x_wconf 86' lang='lat' dir='ltr'><strong>sueto</strong></span> <span class='ocrx_word' id='word_1_725' title='bbox 374 4882 633 4952; x_wconf 82' lang='lat' dir='ltr'><strong>fuerint;</strong></span> <span class='ocrx_word' id='word_1_726' title='bbox 655 4899 813 4957; x_wconf 89' lang='lat' dir='ltr'><strong>quae</strong></span> <span class='ocrx_word' id='word_1_727' title='bbox 830 4885 1163 4940; x_wconf 88' lang='lat' dir='ltr'><strong>etiamnum</strong></span> <span class='ocrx_word' id='word_1_728' title='bbox 1181 4881 1346 4954; x_wconf 92' lang='lat' dir='ltr'><strong>apud</strong></span> <span class='ocrx_word' id='word_1_729' title='bbox 1373 4897 1483 4937; x_wconf 92' lang='lat' dir='ltr'><strong>nos</strong></span> <span class='ocrx_word' id='word_1_730' title='bbox 1504 4880 1745 4946; x_wconf 88' lang='lat' dir='ltr'><strong>durant,</strong></span> <span class='ocrx_word' id='word_1_731' title='bbox 1761 4882 1817 4934; x_wconf 89' lang='lat' dir='ltr'><strong>et</strong></span> <span class='ocrx_word' id='word_1_732' title='bbox 1838 4879 2156 4951; x_wconf 88' lang='lat' dir='ltr'><strong>praecipue</strong></span> <span class='ocrx_word' id='word_1_733' title='bbox 2183 4878 2342 4933; x_wconf 89' lang='lat' dir='ltr'><strong>circa</strong></span> <span class='ocrx_word' id='word_1_734' title='bbox 2360 4878 2635 4934; x_wconf 89' lang='lat' dir='ltr'><strong>salutaris</strong></span> <span class='ocrx_word' id='word_1_735' title='bbox 2658 4880 2958 4937; x_wconf 89' lang='lat' dir='ltr'><strong>Passionis</strong></span> <span class='ocrx_word' id='word_1_736' title='bbox 2981 4880 3197 4938; x_wconf 88' lang='lat' dir='ltr'><strong>festum</strong></span> <span class='ocrx_word' id='word_1_737' title='bbox 3216 4881 3376 4938; x_wconf 91' lang='lat' dir='ltr'><strong>diem</strong></span> <span class='ocrx_word' id='word_1_738' title='bbox 3399 4882 3459 4939; x_wconf 92' lang='lat' dir='ltr'><strong>in</strong></span> <span class='ocrx_word' id='word_1_739' title='bbox 3474 4884 3622 4943; x_wconf 85' lang='lat' dir='ltr'><strong>ieiu-</strong></span> 
     </span>
    </p>
   </div>
   <div class='ocr_carea' id='block_1_56' title="bbox 191 4968 3622 5044">
    <p class='ocr_par' dir='ltr' id='par_1_56' title="bbox 191 4968 3622 5044">
     <span class='ocr_line' id='line_1_56' title="bbox 191 4968 3622 5044; baseline 0.004 -26"><span class='ocrx_word' id='word_1_740' title='bbox 191 4974 306 5029; x_wconf 62' lang='lat' dir='ltr'><strong>niis</strong></span> <span class='ocrx_word' id='word_1_741' title='bbox 331 4979 392 5030; x_wconf 74' lang='grc' dir='ltr'><strong>ει</strong></span> <span class='ocrx_word' id='word_1_742' title='bbox 416 4971 633 5044; x_wconf 78' lang='lat' dir='ltr'><strong>vigiliis</strong></span> <span class='ocrx_word' id='word_1_743' title='bbox 678 4972 990 5030; x_wconf 87' lang='lat' dir='ltr'><strong>nocturnis</strong></span> <span class='ocrx_word' id='word_1_744' title='bbox 1015 4972 1477 5043; x_wconf 89' lang='lat' dir='ltr'><strong>divinorumque</strong></span> <span class='ocrx_word' id='word_1_745' title='bbox 1492 4984 1842 5025; x_wconf 85' lang='lat' dir='ltr'><strong>sermonum</strong></span> <span class='ocrx_word' id='word_1_746' title='bbox 1872 4969 2128 5024; x_wconf 86' lang='lat' dir='ltr'><strong>lectione</strong></span> <span class='ocrx_word' id='word_1_747' title='bbox 2168 4982 2441 5023; x_wconf 85' lang='lat' dir='ltr'><strong>exercere</strong></span> <span class='ocrx_word' id='word_1_748' title='bbox 2471 4968 2943 5025; x_wconf 78' lang='lat' dir='ltr'><strong>consuevimus?</strong></span> <span class='ocrx_word' id='word_1_749' title='bbox 2970 4971 3131 5036; x_wconf 91' lang='lat' dir='ltr'><strong>Quae</strong></span> <span class='ocrx_word' id='word_1_750' title='bbox 3162 4971 3252 5026; x_wconf 93' lang='lat' dir='ltr'><strong>vir</strong></span> <span class='ocrx_word' id='word_1_751' title='bbox 3281 4972 3622 5044; x_wconf 88' lang='lat' dir='ltr'><strong>praedictus</strong></span> 
     </span>
    </p>
   </div>
   <div class='ocr_carea' id='block_1_57' title="bbox 190 5056 3619 5135">
    <p class='ocr_par' dir='ltr' id='par_1_57' title="bbox 190 5056 3619 5135">
     <span class='ocr_line' id='line_1_57' title="bbox 190 5056 3619 5135; baseline 0.001 -20"><span class='ocrx_word' id='word_1_752' title='bbox 190 5063 411 5121; x_wconf 88' lang='lat' dir='ltr'><strong>eodem</strong></span> <span class='ocrx_word' id='word_1_753' title='bbox 443 5062 650 5128; x_wconf 90' lang='lat' dir='ltr'><strong>modo,</strong></span> <span class='ocrx_word' id='word_1_754' title='bbox 681 5076 806 5134; x_wconf 91' lang='lat' dir='ltr'><strong>quo</strong></span> <span class='ocrx_word' id='word_1_755' title='bbox 830 5061 995 5135; x_wconf 90' lang='lat' dir='ltr'><strong>apud</strong></span> <span class='ocrx_word' id='word_1_756' title='bbox 1020 5077 1129 5118; x_wconf 92' lang='lat' dir='ltr'><strong>nos</strong></span> <span class='ocrx_word' id='word_1_757' title='bbox 1155 5060 1316 5117; x_wconf 90' lang='lat' dir='ltr'><strong>solos</strong></span> <span class='ocrx_word' id='word_1_758' title='bbox 1348 5061 1635 5116; x_wconf 89' lang='lat' dir='ltr'><strong>hactenus</strong></span> <span class='ocrx_word' id='word_1_759' title='bbox 1654 5064 1790 5114; x_wconf 89' lang='lat' dir='ltr'><strong>sunt</strong></span> <span class='ocrx_word' id='word_1_760' title='bbox 1825 5063 2078 5123; x_wconf 89' lang='lat' dir='ltr'><strong>servata,</strong></span> <span class='ocrx_word' id='word_1_761' title='bbox 2106 5056 2425 5125; x_wconf 87' lang='lat' dir='ltr'><strong>diligenter</strong></span> <span class='ocrx_word' id='word_1_762' title='bbox 2444 5059 2756 5114; x_wconf 89' lang='lat' dir='ltr'><strong>annotavit</strong></span> <span class='ocrx_word' id='word_1_763' title='bbox 2777 5060 3294 5116; x_wconf 90' lang='lat' dir='ltr'><strong>etcommentariis</strong></span> <span class='ocrx_word' id='word_1_764' title='bbox 3316 5061 3619 5119; x_wconf 86' lang='lat' dir='ltr'><strong>suisinse-</strong></span> 
     </span>
    </p>
   </div>
   <div class='ocr_carea' id='block_1_58' title="bbox 189 5145 3613 5224">
    <p class='ocr_par' dir='ltr' id='par_1_58' title="bbox 189 5145 3613 5224">
     <span class='ocr_line' id='line_1_58' title="bbox 189 5145 3613 5224; baseline 0.001 -21"><span class='ocrx_word' id='word_1_765' title='bbox 189 5152 328 5218; x_wconf 80' lang='lat' dir='ltr'><strong>ruit,</strong></span> <span class='ocrx_word' id='word_1_766' title='bbox 357 5150 715 5224; x_wconf 87' lang='lat' dir='ltr'><strong>praesertim</strong></span> <span class='ocrx_word' id='word_1_767' title='bbox 743 5157 1065 5209; x_wconf 87' lang='lat' dir='ltr'><strong>nocturnas</strong></span> <span class='ocrx_word' id='word_1_768' title='bbox 1098 5152 1299 5222; x_wconf 89' lang='lat' dir='ltr'><strong>magni</strong></span> <span class='ocrx_word' id='word_1_769' title='bbox 1330 5148 1460 5205; x_wconf 88' lang='lat' dir='ltr'><strong>festi</strong></span> <span class='ocrx_word' id='word_1_770' title='bbox 1490 5146 1743 5219; x_wconf 88' lang='lat' dir='ltr'><strong>vigilias,</strong></span> <span class='ocrx_word' id='word_1_771' title='bbox 1769 5153 1823 5202; x_wconf 91' lang='lat' dir='ltr'><strong>et</strong></span> <span class='ocrx_word' id='word_1_772' title='bbox 1848 5146 2063 5203; x_wconf 87' lang='lat' dir='ltr'><strong>horum</strong></span> <span class='ocrx_word' id='word_1_773' title='bbox 2078 5145 2378 5211; x_wconf 86' lang='lat' dir='ltr'><strong>exercitia,</strong></span> <span class='ocrx_word' id='word_1_774' title='bbox 2403 5161 2543 5201; x_wconf 92' lang='lat' dir='ltr'><strong>cum</strong></span> <span class='ocrx_word' id='word_1_775' title='bbox 2560 5145 2805 5218; x_wconf 90' lang='lat' dir='ltr'><strong>hymnis</strong></span> <span class='ocrx_word' id='word_1_776' title='bbox 2827 5149 2931 5220; x_wconf 92' lang='lat' dir='ltr'><strong>qui</strong></span> <span class='ocrx_word' id='word_1_777' title='bbox 2957 5148 3116 5220; x_wconf 92' lang='lat' dir='ltr'><strong>apud</strong></span> <span class='ocrx_word' id='word_1_778' title='bbox 3128 5164 3240 5204; x_wconf 89' lang='lat' dir='ltr'><strong>nos</strong></span> <span class='ocrx_word' id='word_1_779' title='bbox 3262 5148 3377 5205; x_wconf 90' lang='lat' dir='ltr'><strong>dici</strong></span> <span class='ocrx_word' id='word_1_780' title='bbox 3401 5149 3613 5218; x_wconf 87' lang='lat' dir='ltr'><strong>solent,</strong></span> 
     </span>
    </p>
   </div>
   <div class='ocr_carea' id='block_1_59' title="bbox 188 5233 3622 5311">
    <p class='ocr_par' dir='ltr' id='par_1_59' title="bbox 188 5233 3622 5311">
     <span class='ocr_line' id='line_1_59' title="bbox 188 5233 3622 5311; baseline 0.001 -16"><span class='ocrx_word' id='word_1_781' title='bbox 188 5239 538 5297; x_wconf 83' lang='lat' dir='ltr'><strong>describens</strong></span> <span class='ocrx_word' id='word_1_782' title='bbox 569 5255 582 5305; x_wconf 92' lang='lat'>;</span> <span class='ocrx_word' id='word_1_783' title='bbox 616 5240 995 5311; x_wconf 89' lang='lat' dir='ltr'><strong>etquomodo</strong></span> <span class='ocrx_word' id='word_1_784' title='bbox 1024 5254 1144 5297; x_wconf 92' lang='lat' dir='ltr'><strong>uno</strong></span> <span class='ocrx_word' id='word_1_785' title='bbox 1166 5254 1306 5294; x_wconf 89' lang='lat' dir='ltr'><strong>cum</strong></span> <span class='ocrx_word' id='word_1_786' title='bbox 1329 5238 1610 5311; x_wconf 89' lang='lat' dir='ltr'><strong>rhythmo</strong></span> <span class='ocrx_word' id='word_1_787' title='bbox 1637 5236 1925 5308; x_wconf 85' lang='lat' dir='ltr'><strong>psallente</strong></span> <span class='ocrx_word' id='word_1_788' title='bbox 1942 5234 2153 5307; x_wconf 89' lang='lat' dir='ltr'><strong>reliqui</strong></span> <span class='ocrx_word' id='word_1_789' title='bbox 2176 5250 2315 5290; x_wconf 93' lang='lat' dir='ltr'><strong>cum</strong></span> <span class='ocrx_word' id='word_1_790' title='bbox 2330 5233 2561 5290; x_wconf 90' lang='lat' dir='ltr'><strong>silentio</strong></span> <span class='ocrx_word' id='word_1_791' title='bbox 2592 5236 2997 5293; x_wconf 91' lang='lat' dir='ltr'><strong>auscultantes</strong></span> <span class='ocrx_word' id='word_1_792' title='bbox 3020 5244 3349 5294; x_wconf 90' lang='lat' dir='ltr'><strong>extremam</strong></span> <span class='ocrx_word' id='word_1_793' title='bbox 3363 5237 3622 5310; x_wconf 89' lang='lat' dir='ltr'><strong>hymno—</strong></span> 
     </span>
    </p>
   </div>
   <div class='ocr_carea' id='block_1_60' title="bbox 186 5322 3618 5402">
    <p class='ocr_par' dir='ltr' id='par_1_60' title="bbox 186 5322 3618 5402">
     <span class='ocr_line' id='line_1_60' title="bbox 186 5322 3618 5402; baseline 0.001 -17"><span class='ocrx_word' id='word_1_794' title='bbox 186 5344 326 5385; x_wconf 84' lang='lat' dir='ltr'><strong>rum</strong></span> <span class='ocrx_word' id='word_1_795' title='bbox 352 5335 590 5402; x_wconf 88' lang='lat' dir='ltr'><strong>partem</strong></span> <span class='ocrx_word' id='word_1_796' title='bbox 624 5344 745 5386; x_wconf 87' lang='lat' dir='ltr'><strong>una</strong></span> <span class='ocrx_word' id='word_1_797' title='bbox 764 5344 902 5386; x_wconf 89' lang='lat' dir='ltr'><strong>cum</strong></span> <span class='ocrx_word' id='word_1_798' title='bbox 922 5329 1027 5387; x_wconf 93' lang='lat' dir='ltr'><strong>illo</strong></span> <span class='ocrx_word' id='word_1_799' title='bbox 1066 5328 1444 5387; x_wconf 88' lang='lat' dir='ltr'><strong>concinendo</strong></span> <span class='ocrx_word' id='word_1_800' title='bbox 1474 5327 1795 5385; x_wconf 90' lang='lat' dir='ltr'><strong>terminent</strong></span> <span class='ocrx_word' id='word_1_801' title='bbox 1819 5344 1839 5397; x_wconf 81' lang='lat'>;</span> <span class='ocrx_word' id='word_1_802' title='bbox 1885 5324 2195 5397; x_wconf 90' lang='lat' dir='ltr'><strong>quomodo</strong></span> <span class='ocrx_word' id='word_1_803' title='bbox 2225 5322 2407 5380; x_wconf 90' lang='lat' dir='ltr'><strong>etiam</strong></span> <span class='ocrx_word' id='word_1_804' title='bbox 2430 5324 2749 5399; x_wconf 86' lang='lat' dir='ltr'><strong>praedictis</strong></span> <span class='ocrx_word' id='word_1_805' title='bbox 2779 5324 2994 5383; x_wconf 90' lang='lat' dir='ltr'><strong>diebus</strong></span> <span class='ocrx_word' id='word_1_806' title='bbox 3022 5325 3194 5383; x_wconf 90' lang='lat' dir='ltr'><strong>humi</strong></span> <span class='ocrx_word' id='word_1_807' title='bbox 3241 5325 3303 5382; x_wconf 92' lang='lat' dir='ltr'><strong>in</strong></span> <span class='ocrx_word' id='word_1_808' title='bbox 3334 5329 3618 5400; x_wconf 83' lang='lat' dir='ltr'><strong>stragulis</strong></span> 
     </span>
    </p>
   </div>
   <div class='ocr_carea' id='block_1_61' title="bbox 266 5612 822 5690">
    <p class='ocr_par' dir='ltr' id='par_1_61' title="bbox 266 5612 822 5690">
     <span class='ocr_line' id='line_1_61' title="bbox 266 5612 822 5690; baseline 0.005 -22"><span class='ocrx_word' id='word_1_809' title='bbox 266 5617 284 5650; x_wconf 76' lang='grc' dir='ltr'><strong>ι</strong></span> <span class='ocrx_word' id='word_1_810' title='bbox 316 5614 442 5672; x_wconf 76' lang='lat' dir='ltr'><strong>Act.</strong></span> <span class='ocrx_word' id='word_1_811' title='bbox 472 5627 548 5683; x_wconf 86' lang='lat' dir='ltr'><strong>iv,</strong></span> <span class='ocrx_word' id='word_1_812' title='bbox 582 5612 653 5671; x_wconf 73' lang='lat'><strong>32</strong></span> <span class='ocrx_word' id='word_1_813' title='bbox 685 5628 822 5690; x_wconf 88' lang='lat' dir='ltr'><strong>sqq.</strong></span> 
     </span>
    </p>
   </div>
  </div>
