4088 6192
543 246 650 313 295
1881 239 1979 295 JO.
2023 236 2163 292 PICI
2210 236 2606 292 PHAEFATIO
3813 251 3904 305 295

532 369 813 433 iacentes,
844 366 1052 422 vinum
1083 366 1144 420 in
1169 364 1535 428 universum,
1562 364 1712 418 sicut
1736 361 1880 434 ipsis
1906 361 2100 416 verbis
2128 360 2387 432 scripsit,
2419 366 2474 415 et
2495 361 2568 414 de
2592 360 3006 416 animantibus
3035 377 3108 416 ne
3135 363 3650 434 gustantquidem,
3673 369 3764 424 sed
3793 374 3902 430 sola

532 459 648 515 illis
673 475 831 529 aqua
849 461 1058 528 potum
1081 456 1384 528 praebeat,
1409 461 1466 509 et
1482 453 1806 509 obsonium
1833 453 1905 506 sit
1934 452 2108 522 panis
2136 466 2272 505 cum
2298 449 2423 504 sale
2445 449 2802 520 ethyssopo.
2825 451 3130 505 Praeterea
3154 450 3372 518 scribit,
3391 468 3510 522 quo
3533 463 3692 522 pacto
3712 463 3902 527 praesi.

534 548 717 603 deant
737 549 886 602 inter
904 561 1005 600 eos
1027 545 1064 600 ii
1085 544 1306 616 quibus
1321 541 2209 598 ecclesiasticacommissasunt
2230 540 2580 604 ministeria,
2604 539 2962 593 diaconatus
2981 540 3180 604 etiam,
3226 541 3234 602 Ι
3276 547 3492 610 etquae
3506 556 3900 612 supracunctos

533 635 1191 706 eminentepiscopatus
1209 631 1663 703 praesidentiae.
1684 629 1856 694 Quod
1874 629 1920 683 si
1937 629 2028 683 cui
2043 627 2408 684 desiderium
2423 627 2715 681 ineritista
2727 634 2931 682 exacte
2959 629 3376 696 cognoscendi,
3395 629 3579 685 discat
3600 647 3664 686 ea
3684 649 3745 688 ex
3767 636 3904 694 dicta

533 725 653 780 iam
667 725 770 779 viri
784 723 961 778 huius
981 721 1250 778 historia.
1269 721 1440 785 Quod
1455 721 1634 790 igitur
1649 719 1808 774 Philo
1827 717 1940 773 illic
1961 720 2034 773 de
2059 717 2268 789 primis
2284 715 2663 785 evangelicae
2677 716 2984 772 doctrinae
3000 718 3401 787 praeconibus
3420 725 3474 772 et
3488 718 3684 775 ritibus
3697 722 3822 778 olim
3838 725 3903 780 ab

549 812 843 884 Apostolis
856 811 1082 866 traditis
1095 810 1398 866 disserens
1412 811 1522 863 ista
1535 808 2049 880 scripserit,cuivis
2062 803 2425 861 manifestum
2440 805 2896 874 est.Siugulares
2911 805 3396 861 anachoretarum
3414 808 3558 862 vitas
3571 825 3799 867 summae
3812 829 3904 868 au-

554 902 837 958 ctoritatis
851 901 908 955 iii
933 899 1187 955 Ecclesia
1200 898 1302 953 viri
1321 897 1687 969 scripserunt
1708 915 1719 954 :
1747 898 1807 951 ι).
1828 895 2185 951 Athanasius
2205 894 2640 949 Alexandrinae
2663 894 2827 949 urbis
2839 895 3158 966 episcopus
3171 911 3240 950 ac
3257 897 3578 952 Dorotheus
3599 900 3763 955 vitam
3782 909 3880 956 An-

531 991 673 1046 tonii
689 989 899 1058 Magni,
914 1004 1101 1059 quam
1119 994 1324 1058 postea
1341 985 1524 1041 latino
1538 999 1813 1040 sermone
1829 984 2072 1040 tradidit
2094 983 2404 1054 Evagrins;
2428 986 2489 1038 D.
2506 984 2900 1054 Hieronymus
2919 985 3076 1038 Pauli
3089 984 3428 1050 heremitae,
3446 985 3738 1043 Hilarionis
3749 996 3898 1061 atque

533 1079 738 1135 Malcbi
752 1076 968 1148 captivi
989 1075 1258 1131 monachi
1281 1091 1294 1140 ;
1317 1075 1672 1146 reliquorum
1690 1083 1880 1129 autem
1897 1073 2316 1128 monachorum
2339 1074 2482 1127 vitas
2502 1073 2797 1142 prosecuti
2814 1072 3366 1129 sunt'l‘heodoretus
3383 1091 3452 1129 ac
3471 1076 3749 1132 Palladius
3764 1079 3904 1133 iustis

535 1167 963 1229 voluminibus,
991 1181 1150 1236 quae
1179 1165 1364 1219 latina
1390 1179 1582 1234 nuper
1614 1163 1965 1233 prodierunt
1987 1165 2042 1216 in
2066 1161 2259 1215 lucem
2291 1176 2473 1232 opera
2501 1162 2769 1216 Centiani
2796 1164 3039 1228 Herveti,
3064 1164 3166 1216 viri
3196 1164 3266 1217 de
3293 1164 3613 1220 christiana
3635 1167 3903 1237 republica

531 1257 684 1311 bene
709 1254 922 1309 meriti.
942 1256 1193 1308 lstorum
1211 1268 1388 1324 porro
1405 1252 1708 1323 colloquia
1723 1253 1770 1305 si
1787 1252 1925 1322 quis
1941 1251 2256 1314 desideret,
2274 1250 2432 1319 legat
2447 1252 2823 1306 Cassianum.
2839 1258 2906 1305 At
2923 1268 3059 1306 cum
3083 1253 3425 1307 huiusmodi
3441 1253 3706 1309 homines
3719 1271 3810 1326 per
3823 1257 3904 1310 de-

533 1353 690 1400 serta
712 1344 971 1414 respersi
998 1345 1299 1413 vitamque
1332 1342 1656 1396 solitariam
1683 1348 1944 1409 agentes,
1975 1340 2087 1394 sibi
2108 1339 2402 1394 duntaxat
2425 1341 2708 1409 prodesse
2735 1340 3089 1404 viderentur,
3115 1348 3169 1394 et
3196 1341 3538 1411 religionem
3558 1343 3901 1397 christianam

533 1450 745 1505 parum
765 1447 1136 1503 promovere,
1158 1432 1404 1486 Basilius
1421 1433 1664 1498 Magnus
1687 1433 2010 1485 Caesareae
2023 1427 2437 1497 Cappadociae
2452 1431 2795 1498 episcopus,
2813 1438 2960 1483 utait
2979 1430 3454 1484 NaZianzeuusin
3473 1432 3594 1485 Vita
3614 1432 3806 1496 Basilii,
3823 1434 3902 1487 de-

529 1524 697 1578 duxit
714 1537 815 1576 e05
835 1521 911 1575 ad
931 1527 1198 1575 cmtates
1211 1527 1267 1574 et
1285 1520 1532 1590 oppida,
1557 1527 1615 1572 ut
1639 1518 1716 1573 ab
1731 1519 1822 1572 his
1839 1517 2096 1588 populus
2113 1519 2229 1570 Deo
2243 1524 2465 1585 gratam
2485 1517 2714 1571 vivendi
2735 1519 3012 1572 rationein
3037 1534 3106 1572 ac
3127 1518 3341 1573 cultum
3361 1519 3616 1573 divinum
3635 1520 3905 1574 edisceret.

531 1612 732 1683 Itaque
755 1610 1012 1679 Gregorii
1041 1609 1388 1664 Nazianzeni
1420 1609 1600 1662 verba
1627 1608 1704 1678 (α)
1736 1607 2030 1662 subiicere
2054 1621 2174 1660 non
2211 1607 2534 1676 poenitebit
2557 1622 2568 1658 :
2595 1628 2621 1653 ‹‹
2661 1608 2728 1661 Ut
2748 1613 2971 1672 autem,
3001 1629 3028 1657 n
3053 1610 3156 1676 ait,
3185 1629 3213 1658 «
3237 1624 3355 1662 non
3385 1609 3577 1663 solum
3599 1608 3724 1671 sibi,
3747 1608 3835 1661 sed
3860 1614 3904 1661 et

529 1701 658 1757 aliis
683 1715 926 1772 quoque
953 1698 1284 1769 proficeret,
1308 1698 1540 1769 primus
1555 1696 1851 1751 eoenobia
1871 1695 2248 1764 excogitavit,
2271 1697 2572 1766 ritumque
2593 1696 2758 1750 illum
2781 1697 3214 1752 monachorum
3237 1697 3554 1768 antiquum
3579 1703 3745 1768 atque
3765 1711 3908 1764 agre-

527 1795 679 1844 stem
700 1789 778 1843 ad
801 1787 1074 1843 ordinem
1091 1786 1398 1858 quendam
1425 1786 1575 1842 form
1587 1786 1867 1855 ulamque
1896 1783 2166 1852 religioni
2183 1781 2526 1856 prepiorem
2550 1785 2802 1839 reduxit.
2819 1789 2962 1840 Cum
2979 1788 3136 1840 enim
3153 1784 3906 1856 animadvertisset,eos,qui

524 1881 585 1934 in
613 1877 920 1934 communi
940 1878 1075 1940 vita,
1093 1877 1204 1930 hoc
1218 1883 1326 1943 est,
1343 1877 1491 1929 inter
1513 1874 1664 1929 alios
1687 1874 1914 1928 mixtim
1930 1881 2133 1942 agunt,
2153 1890 2250 1927 mo
2297 1875 2306 1943 |
2354 1875 2646 1928 nasticam
2672 1873 2804 1927 licet
2824 1875 3252 1930 abstinentiam
3269 1883 3525 1940 servent,
3545 1875 3669 1930 aliis
3691 1875 3906 1945 quidem

529 1969 719 2032 utiles,
749 1966 862 2020 sibi
890 1981 1027 2020 vero
1060 1980 1449 2036 nequaquam
1481 1966 1750 2027 existere,
1781 1978 1919 2017 eum
1949 1963 2009 2016 in
2043 1962 2245 2016 multis
2274 1979 2374 2016 eos
2408 1978 2650 2016 necesse
2681 1965 2752 2016 sit
2784 1963 3004 2017 versari
3042 1964 3214 2018 malis
3246 1981 3402 2035 quae
3436 1967 3582 2019 vitae
3612 1966 3823 2035 quietae
3850 1978 3906 2016 ac

526 2056 702 2128 plane
731 2055 1021 2126 perfectae
1043 2055 1342 2109 contraria
1357 2053 1649 2118 videntur,
1675 2068 1777 2106 eos
1806 2052 2082 2121 vero,qui
2103 2055 2157 2106 in
2185 2051 2508 2106 solitudine
2524 2052 2728 2121 procul
2758 2054 2835 2105 ab
2866 2054 2995 2106 aliis
3024 2059 3228 2124 agunt,
3261 2055 3553 2110 firmiores
3575 2069 3708 2108 sane
3725 2067 3906 2122 propo-

528 2147 640 2199 sito
656 2159 968 2214 magisque
986 2146 1101 2198 Deo
1114 2145 1469 2197 coniunctas
1490 2157 1674 2213 quam
1691 2140 2068 2211 supradictos
2084 2141 2242 2205 vidit,
2259 2147 2524 2194 attamen
2545 2140 2651 2194 sibi
2683 2147 2912 2194 tantum
2940 2141 3127 2206 utiles,
3157 2159 3292 2196 cum
3311 2159 3508 2197 rerum
3525 2140 3906 2213 experientiam

526 2248 914 2304 nequaquam
941 2239 1196 2296 teneant,
1220 2247 1326 2285 nec
1349 2247 1486 2284 cum
1515 2231 1645 2284 aliis
1676 2228 2106 2284 commercium
2133 2229 2316 2282 ullum
2337 2229 2620 2289 habeant.
2644 2234 2960 2300 utrumque
2987 2239 3136 2284 Vitae
3164 2247 3354 2299 genus
3383 2234 3734 2299 coniungere
3753 2244 3907 2283 cona-

531 2327 627 2377 tus
656 2328 760 2376 est.
788 2321 1189 2385 Quamobrem
1215 2321 1654 2373 monachorum
1679 2319 1970 2373 coenobia
1992 2319 2150 2370 haud
2176 2319 2380 2387 procul
2403 2319 2481 2372 ab
2503 2319 2592 2382 iis,
2623 2320 2724 2388 qui
2751 2319 2808 2371 in
2841 2320 3154 2374 hominum
3183 2324 3468 2375 societate
3494 2321 3707 2384 vivunt,
3731 2317 3906 2372 aediﬁ-

523 2412 646 2466 cari
663 2411 852 2474 iussit,
875 2426 983 2464 nec
999 2412 1248 2464 omnino
1268 2408 1588 2479 separavit,
1616 2414 1676 2461 ut
1698 2413 1755 2461 et
1775 2407 2238 2478 propinquitate,
2259 2424 2395 2461 eum
2415 2423 2567 2477 opus
2586 2407 2887 2461 eharitatis
2910 2415 3276 2479 exposceret,
3298 2411 3508 2464 adesse
3529 2409 3792 2474 valerent,
3812 2406 3906 2460 dis-

523 2501 614 2554 siti
638 2499 864 2570 alioqui
891 2497 1147 2569 pr0priis
1177 2497 1462 2561 terminis,
1494 2512 1566 2550 ne
1591 2497 1763 2566 quies
1795 2511 2001 2549 eorum
2030 2503 2133 2549 aut
2165 2511 2279 2565 pax
2307 2497 2657 2565 interrumpi
2693 2511 2796 2565 per
2821 2497 3261 2552 multitudinem
3286 2507 3511 2570 posset,
3540 2515 3642 2553 nec
3670 2499 3771 2568 ipsi
3801 2511 3902 2549 mo-

525 2589 702 2644 nachi
729 2588 976 2652 actionis
998 2587 1228 2654 merito,
1253 2587 1416 2656 quod
1444 2602 1518 2640 ex
1546 2583 1952 2655 impendenda
1967 2584 2096 2638 aliis
2117 2587 2329 2653 pietate
2353 2593 2528 2646 esset,
2557 2587 2950 2654 privarentur,
2983 2602 3174 2657 neque
3200 2603 3407 2642 rursus
3431 2604 3635 2644 eorum
3661 2587 3798 2640 actio
3823 2597 3906 2654 per

525 2676 818 2733 tumultus
849 2676 1070 2730 inutilis
1093 2676 1446 2737 efficeretur,
1470 2681 1526 2729 et
1551 2673 1698 2728 alter
1715 2675 1967 2727 alterum
1991 2673 2103 2726 hoc
2132 2675 2314 2727 modo
2342 2673 2544 2728 iuvare
2567 2680 2788 2744 posset,
2817 2680 2874 2728 et
2903 2675 3336 2730 monachorum
3366 2678 3488 2732 vita
3512 2693 3611 2746 per
3635 2688 3910 2730 conversa-

523 2767 748 2821 tionem
775 2781 1006 2828 eorum,
1035 2765 1137 2835 qui
1169 2764 1229 2817 in
1253 2763 1562 2818 communi
1585 2768 1791 2830 agunt,
1822 2761 1920 2831 pia
1948 2762 2133 2825 fieret,
2159 2767 2216 2815 et
2245 2764 2360 2832 ipsi
2384 2779 2455 2816 ex
2480 2762 2794 2818 monachis
2818 2764 3098 2834 quietem,
3119 2767 3544 2830 constantiam,
3569 2763 3905 2834 sapientiam,

522 2853 1076 2926 contemplationem
1099 2853 1451 2916 ediscerent,
1469 2851 1962 2922 quemadmodum
1981 2850 2148 2904 tellus
2167 2867 2235 2904 ac
2256 2859 2474 2921 pontus
2489 2852 2733 2905 invicem
2752 2868 2814 2904 se
2833 2852 3121 2907 iuvantac
3137 2854 3501 2925 suscipiunt.
3526 2876 3548 2904 ν
3569 2857 3674 2908 Hos
3688 2867 3813 2920 ergo
3826 2848 3908 2902 ubi

521 2945 816 3013 coegisset
842 2942 1090 2998 Basilius
1121 2942 1178 2996 in
1209 2942 1407 3005 urbes,
1442 2955 1511 2995 ac
1539 2941 1891 2994 emonachis
1907 2946 1962 2993 et
1979 2939 2359 2994 anachoretis
2383 2941 2730 2994 coenobitas
2748 2938 3057 3005 effecisset,
3075 2943 3312 2996 vivendi
3342 2943 3610 3013 regulam
3630 2937 3906 3007 Evangelia

519 3038 986 3089 consentaneam
1009 3031 1122 3086 illis
1144 3029 1516 3101 conscripsit,
1542 3043 1727 3100 quam
1747 3035 1800 3083 et
1827 3029 1886 3082 in
1904 3028 2101 3099 precio
2124 3027 2447 3091 habemus,
2474 3035 2528 3082 et
2549 3031 2726 3082 totius
2750 3029 3029 3084 Graeciae
3052 3031 3334 3086 monachi
3356 3031 3644 3086 hactenus
3665 3029 3909 3084 observa-

519 3128 658 3177 runt
675 3128 854 3193 atque
874 3120 1103 3175 reveriti
1119 3125 1275 3182 sunt,
1299 3118 1824 3189 quemadmodum
1847 3124 1902 3171 et
1927 3117 2112 3172 Latini
2131 3117 2588 3186 sumptaminde
2604 3118 2872 3185 regulam
2893 3117 3210 3174 beatorum
3236 3120 3600 3192 Hieronymi,
3618 3113 3907 3189 Augustini,

522 3211 835 3275 Benedicti,
868 3209 1176 3272 Dominici,
1214 3208 1536 3271 Francisci,
1571 3206 1872 3274 Bernardi,
1903 3221 1972 3260 ac
2003 3205 2392 3275 reliquorum.
2421 3210 2693 3261 Ceterum
2725 3222 2798 3261 ne
2827 3206 3006 3262 variis
3027 3206 3492 3276 allegationibus
3518 3211 3737 3265 obruen
3781 3209 3791 3275 Ι
3833 3209 3906 3257 tes

518 3299 753 3355 lectoris
783 3299 1056 3354 animum
1088 3295 1374 3368 epistolae
1401 3295 1652 3350 modum
1683 3293 2070 3358 excedamus,
2105 3293 2472 3364 institutique
2505 3296 2691 3348 nostri
2720 3295 3036 3350 videamur
3065 3296 3246 3362 obliti,
3277 3297 3434 3353 du0s
3465 3298 3634 3352 fuisse
3658 3292 3906 3352 Macarios

522 3392 807 3442 testantur
832 3385 1131 3440 Palladius
1160 3400 1229 3440 ac
1256 3383 1737 3454 Nicephorus(b),
1761 3381 2013 3436 alterum
2033 3381 2503 3437 Alexandrinum
2523 3399 2759 3451 genere,
2786 3387 2886 3456 qui
2914 3385 3050 3440 licet
3071 3386 3266 3441 iunior
3290 3388 3348 3441 in
3379 3388 3641 3459 iis,quae
3659 3391 3908 3439 suntmo-

517 3475 850 3531 nachorum
866 3473 1449 3546 praecipua,primas
1463 3470 2052 3534 obtinebat,alterum
2067 3471 2648 3542 Aegyptium,aetate
2663 3474 3176 3546 grandiorem,qui
3192 3477 3300 3531 has
3316 3477 3481 3548 ipsas
3494 3491 3698 3546 graece
3709 3470 3908 3542 scripsit

514 3564 986 3635 Homilias,quas
1011 3563 1336 3618 inlatinum
1364 3577 1705 3616 sermonem
1733 3561 2168 3616 transtulimus.
2197 3561 2294 3614 Hic
2313 3564 2639 3630 nonaginta
2660 3564 2794 3617 Vixit
2816 3579 3009 3618 annos
3039 3564 3319 3633 integros,
3343 3581 3603 3637 quorum
3629 3560 3908 3631 sexaginta

517 3653 809 3722 transegit
837 3656 895 3708 in
924 3652 1268 3707 solitudine.
1303 3654 1505 3722 Itaque
1542 3654 1717 3706 natus
1747 3665 1941 3704 annos
1966 3649 2225 3720 triginta,
2259 3655 2313 3704 et
2342 3651 2400 3704 in
2430 3651 2673 3705 iuvenili
2703 3653 3057 3708 constitutus
3085 3660 3295 3720 aetate,
3320 3665 3450 3710 tam
3478 3655 3776 3711 toleranter
3800 3648 3907 3705 tulit

511 3744 747 3799 labores
762 3741 1196 3797 exercitationis
1226 3745 1414 3796 totum
1437 3739 1818 3802 decennium,
1839 3746 1900 3794 ut
1934 3755 2155 3809 magna
2174 3739 2443 3811 quadam
2461 3747 2514 3794 et
2537 3741 2752 3810 insigni
2772 3741 2991 3810 dignus
3013 3742 3333 3798 haberetur
3351 3745 3745 3806 distinctione,
3773 3738 3900 3796 adeo

519 3839 580 3888 ut
616 3839 922 3888 vocaretur
953 3827 1394 3905 παιδαριογέρων,
1435 3828 1495 3883 id
1530 3835 1636 3892 est,
1672 3829 1732 3882 in
1772 3827 1984 3899 puerili
2018 3835 2208 3884 aetate
2250 3844 2454 3893 senex,
2488 3830 2780 3899 quoniam
2821 3830 2992 3884 citius
3021 3847 3208 3902 quam
3236 3849 3344 3903 pro
3377 3840 3570 3889 aetate
3611 3829 3904 3904 profecerat

516 3922 853 3978 virtutibus.
877 3921 1485 3989 Quadragintaannos
1510 3925 1682 3974 natus
1703 3923 2059 3989 potestatem
2077 3917 2306 3988 accepit
2327 3918 2616 3972 adversus
2643 3919 2997 3985 daemonas,
3021 3923 3273 3990 gratiam
3298 3921 3440 3977 item
3469 3921 3732 3984 curandi,
3757 3915 3901 3988 spiri-

518 4019 765 4081 tumque
799 4009 1181 4080 praedicendi
1214 4009 1430 4063 futura.
1469 4007 1696 4076 Dignus
1727 4022 1970 4077 quoque
1998 4015 2082 4060 est
2115 4006 2359 4060 habitus
2388 4007 2746 4062 honorando
2779 4009 3132 4064 sacerdotio.
3163 4010 3517 4067 Habitarunt
3545 4026 3679 4066 cum
3709 4024 3773 4063 eo
3801 4005 3902 4060 duo

515 4101 790 4171 discipuli
819 4102 876 4154 in
909 4098 1120 4153 intima
1152 4097 1473 4152 solitudine
1494 4113 1648 4167 quae
1682 4104 1926 4149 vocatur
1959 4098 2140 4151 Scete.
2175 4097 2437 4158 Quorum
2472 4112 2625 4149 unus
2657 4097 2923 4167 quidem,
2959 4099 3115 4154 velut
3145 4099 3436 4163 minister,
3469 4099 3547 4154 illi
3575 4112 3796 4168 semper
3822 4109 3901 4147 as-

514 4173 746 4243 sidebat
769 4203 978 4241 eorum
1009 4185 1202 4254 gratia
1227 4185 1332 4256 qui
1355 4186 1672 4238 veniebant
1697 4183 1971 4249 curandi,
1999 4183 2146 4237 alter
2177 4190 2374 4237 autem
2406 4201 2678 4240 seorsum
2707 4186 3023 4242 secedebat
3048 4188 3108 4242 in
3134 4187 3368 4244 cellam.
3403 4188 3748 4244 Procedente
3775 4196 3892 4237 vero

518 4284 784 4348 tempore
819 4292 956 4330 eum
981 4281 1224 4328 sanctus
1251 4271 1582 4344 perspicaci
1605 4271 1782 4326 oculo
1815 4271 2223 4342 praevidisset,
2244 4272 2388 4327 dixit
2409 4275 2677 4328 ministro
2697 4291 2806 4330 suo
2821 4277 3064 4330 nomine
3096 4278 3325 4346 loanni,
3353 4279 3460 4351 qui
3494 4282 3697 4349 postea
3727 4275 3896 4328 factus

514 4366 826 4437 presbyter
853 4363 1141 4419 suffectus
1154 4369 1238 4415 est
1256 4364 1315 4414 iii
1329 4361 1530 4415 locum
1558 4359 1793 4416 Macarii
1816 4361 2016 4430 :Audi,
2050 4361 2126 4414 mi
2151 4361 2330 4417 frater
2355 4363 2639 4426 Joannes,
2669 4379 2985 4436 meamque
3011 4366 3093 4420 fer
3118 4381 3313 4438 aequo
3331 4367 3540 4422 animo
3567 4360 3896 4423 admonitio-

514 4471 652 4510 nem
683 4454 785 4508 tibi
821 4453 989 4508 valde
1023 4450 1417 4522 profuturam.
1451 4449 1712 4504 Tentaris
1745 4450 1924 4513 enim,
1959 4449 2170 4521 inquit,
2198 4457 2252 4505 et
2293 4458 2345 4506 te
2378 4458 2558 4507 tentat
2594 4453 2834 4523 spiritus
2875 4456 3185 4520 avaritiae;
3220 4455 3304 4510 sic
3331 4457 3493 4512 enim
3523 4457 3893 4528 perspectum,

513 4543 710 4601 habeo
738 4560 752 4610 ;
786 4543 907 4598 scio
940 4549 1160 4601 tamen,
1195 4540 1246 4594 si
1281 4555 1477 4593 meam
1508 4540 1763 4609 benigne
1792 4539 1991 4594 tuleris
2023 4540 2524 4604 adhortationem,
2558 4548 2608 4596 te
2633 4542 2961 4612 perfectum
2993 4543 3115 4599 fore
3139 4545 3194 4598 in
3222 4546 3318 4600 Dei
3351 4548 3562 4600 timore
3591 4551 3763 4615 atque
3786 4537 3894 4594 eius

512 4632 1267 4705 opere,laudaberisque,et
1306 4631 1314 4699 |
1358 4628 1648 4699 ﬂagellum
1668 4645 1774 4683 non
1795 4631 2300 4700 appropinquabit
2320 4631 2699 4686 tabernaculo
2717 4638 2835 4686 tuo.
2854 4633 3023 4697 Quod
3043 4634 3090 4687 si
3108 4650 3217 4688 non
3237 4635 3516 4700 audieris,
3533 4637 3586 4689 in
3609 4641 3658 4688 te
3673 4631 3892 4690 venient,

509 4739 666 4795 quae
688 4723 836 4778 Giezi
856 4721 1090 4777 tandem
1111 4720 1472 4783 acciderunt,
1498 4723 1666 4772 cuius
1687 4719 1820 4772 vitio
1843 4718 2098 4773 laboras.
2122 4719 2374 4787 Contigit
2401 4734 2599 4788 porro,
2629 4728 2684 4773 ut
2708 4720 2988 4776 defuncto
3011 4723 3261 4778 Macario
3285 4740 3406 4779 non
3427 4723 3706 4796 paruerit,
3722 4718 3815 4772 sed
3829 4717 3894 4780 ei,

510 4813 613 4884 qui
645 4819 885 4882 propter
913 4809 1230 4866 avaritiam
1255 4807 1517 4877 alligavit
1546 4807 1728 4861 Judae
1760 4807 2065 4877 laqueum.
2102 4807 2326 4878 Elapsis
2361 4815 2559 4878 itaque
2599 4809 2944 4880 quindecim
2975 4817 3078 4866 aut
3113 4813 3312 4882 viginti
3344 4814 3547 4878 annis,
3590 4827 3722 4867 cum
3749 4807 3895 4862 bona

510 4917 848 4972 pauperum
883 4905 1248 4970 usurpasset,
1285 4905 1400 4953 tam
1437 4895 1604 4967 gravi
1634 4895 1930 4950 laboravit
1972 4896 2333 4965 elephantia,
2371 4903 2432 4951 ut
2464 4898 2520 4950 in
2557 4903 2675 4953 toto
2707 4902 2832 4953 eius
2863 4916 3112 4971 corpore
3145 4918 3267 4957 non
3299 4904 3665 4958 inveniretur
3694 4899 3894 4964 integer

503 4990 694 5056 locus,
724 4991 783 5045 in
809 5006 930 5060 quo
952 4989 1085 5058 quis
1109 4986 1360 5056 digitum
1388 4985 1567 5053 figere
1592 4991 1808 5056 posset.
1832 4987 1982 5040 Haec
2001 4986 2108 5039 fuit
2131 4987 2364 5041 Macarii
2388 4986 2721 5058 prophetia.
2749 4989 3065 5045 Ferebatur
3085 4991 3180 5045 hic
3209 4999 3452 5048 sanctus
3483 4991 3603 5063 pati
3618 4987 3895 5045 continen-

509 5086 625 5134 tem
655 5079 932 5146 ecstasin,
967 5077 1328 5147 saepiusque
1358 5073 1444 5128 vel
1473 5089 1611 5129 cum
1641 5074 1779 5136 Deo,
1818 5074 1906 5128 vel
1937 5073 1997 5127 in
2030 5075 2206 5130 rebus
2241 5076 2459 5130 versari
2492 5076 2870 5132 caelestibus.
2909 5081 3088 5136 Fama
3135 5083 3315 5137 etiam
3366 5085 3652 5137 constans
3679 5080 3813 5139 erat,
3841 5071 3891 5125 in

507 5168 824 5225 solitudine
855 5167 1022 5222 illum
1049 5174 1365 5219 suscitasse
1393 5168 1718 5228 mortuum,
1744 5169 1804 5217 ut
1833 5163 2214 5233 persuaderet
2242 5165 2484 5220 cuidam
2510 5165 2806 5222 haeretico
2833 5171 3074 5238 neganti
3102 5171 3616 5228 resurrectionem.
3647 5166 3890 5236 Reliqua.

2085 5361 2340 5419 NOTAE.

587 5563 672 5633 (α)
704 5558 1104 5633 Exmonodia
1129 5561 1299 5628 Greg.
1328 5552 1679 5614 NazianZeni
1708 5551 1766 5613 in
1800 5554 1981 5614 vitam
2025 5550 2239 5633 Basilii.
2330 5630 2338 5633 Α
2459 5625 2487 5632 η

582 5624 662 5712 (ὁ)
697 5631 919 5691 Pallad.
949 5631 1010 5686 in
1044 5624 1291 5688 Historia
1318 5635 1557 5687 Patrum
1588 5647 1719 5704 cap.
1759 5636 1840 5700 19,
1869 5635 1973 5699 20;
2004 5631 2245 5707 Niceph.
2278 5630 2417 5690 Hist.
2452 5624 2598 5694 Eccl.
2631 5625 2732 5690 lib.
2759 5643 2818 5689 ix
2847 5643 2979 5706 cap.
3014 5629 3098 5690 14.
