4088 6192
218 331 325 384 297
1031 327 1124 382 AD
1168 326 1584 384 VERSIONEM
1625 327 1781 384 LAT.
1828 329 2001 383 HOM.
2044 331 2103 384 S.
2149 330 2455 387 MACARII
2499 332 2858 391 AEGYPTII.
3539 333 3647 391 298

216 468 377 526 quae
393 451 600 508 divino
625 450 917 506 beneﬁcio
939 454 1105 522 gesta
1120 456 1254 507 sunt
1283 451 1361 506 ab
1382 467 1474 515 eo,
1497 453 1757 523 petenda
1782 458 1920 509 sunt
1945 469 1976 508 e
2005 454 2297 512 Palladio.
2324 457 2574 529 Spiritus
2591 458 2768 528 igitur
2785 458 3045 524 divinus,
3064 460 3168 531 qui
3181 459 3421 528 vigebat
3442 461 3501 516 in
3520 461 3648 517 Ma-

217 542 382 598 cario
405 543 635 604 nostro,
658 553 778 595 non
811 541 1000 611 potuit
1025 540 1250 595 otiosus
1283 555 1436 604 esse,
1462 541 1607 612 quin
1639 557 1744 613 per
1764 557 1899 598 eum
1927 542 2184 599 fructum
2215 544 2477 617 aliquem
2505 547 2726 612 ederet,
2753 547 3064 621 eﬂecitque
3084 553 3146 605 ut
3171 549 3274 620 qui
3301 549 3647 606 consodali—

214 631 334 688 bus
364 630 660 684 duntaxat
689 628 1005 684 monachis
1026 629 1297 700 exemplo
1330 629 1628 699 proderat,
1657 631 1887 702 scriptis
1909 631 1984 686 ad
2006 638 2281 703 posteros
2298 635 2666 690 transmissis
2692 637 2976 692 omnibus
2999 637 3328 707 prodesset.
3360 640 3398 693 Ε
3419 639 3642 711 quibus

215 719 662 794 quinquaginta
682 717 881 774 solum
901 717 1180 774 homilias
1199 733 1409 789 graece
1436 721 1686 791 scriptas
1707 721 2049 790 accepimus
2071 737 2101 775 e
2133 722 2491 779 Bibliotheca
2506 725 2708 793 Regia.
2735 726 2890 790 Quas
2921 742 3058 781 cum
3083 727 3344 795 legentes
3369 723 3640 783 animad-

214 815 588 865 verteremus
608 822 726 862 nou
742 812 976 862 tantum
994 805 1304 862 monachis
1319 811 1377 861 et
1394 807 1762 875 religionem,
1779 808 1941 880 quod
1961 809 2152 874 aiunt,
2169 811 2603 881 profitentibus,
2621 815 2722 868 sed
2738 814 3078 886 cuicunque
3100 815 3424 872 christiano
3437 816 3639 872 lectori

215 897 718 973 profuturas,tum
732 895 899 968 quod
911 893 1197 951 afﬂictum
1214 911 1284 951 ac
1303 902 1663 951 maerentem
1687 897 1859 952 valde
1875 897 2143 954 solantur
2155 902 2450 968 animum,
2465 917 2726 974 eumque
2739 919 2774 957 a
2788 903 2964 970 nugis
2980 903 3250 958 futilibus
3263 904 3443 959 huius
3466 920 3639 960 mun-

214 989 277 1044 di
298 986 718 1044 traducuntad
745 985 998 1050 caelum,
1016 991 1140 1040 tum
1170 985 1334 1057 quod
1362 985 1512 1040 bene
1540 984 1830 1058 beateque
1843 986 2369 1044 vivendinormam
2389 991 2706 1060 Evangelio
2728 991 3178 1046 convenientem
3196 992 3632 1062 praescribunt,

210 1076 545 1134 inlatinum
562 1089 904 1130 sermonem
929 1075 1354 1139 convertimus,
1379 1074 1618 1130 cuilibet
1639 1074 1922 1131 homiliae
1948 1083 2309 1147 argumento
2323 1078 2486 1134 brevi
2503 1080 2790 1151 praeﬁxo,
2825 1080 2982 1136 unde
3013 1080 3325 1137 confestim
3384 1084 3394 1151 |
3451 1097 3637 1152 emer-

217 1172 344 1238 gat,
366 1164 511 1237 quid
527 1177 927 1236 unaquaeque
947 1163 1265 1218 contineat.
1287 1165 1400 1218 Has
1417 1163 1582 1233 ipsas
1607 1163 1936 1235 impressas
1953 1167 2498 1240 graecelatineque,
2516 1169 2686 1225 vobis
2708 1171 2914 1226 animo
2932 1175 3102 1238 grato
3120 1169 3488 1242 suscepturis
3505 1171 3635 1226 mit-

218 1257 423 1320 timus,
448 1253 496 1309 si
524 1252 671 1327 quid
702 1251 916 1308 melius
947 1250 1201 1308 allatura
1230 1252 1306 1306 sit
1347 1256 1684 1323 temporum
1721 1253 2137 1325 tranquillitas.
2167 1255 2439 1326 protinus
2468 1257 2768 1315 emissuri.
2806 1257 2999 1314 Valete
3029 1259 3378 1330 plurimum,
3414 1257 3634 1316 Deum-

212 1360 336 1418 que
366 1342 712 1416 precemini,
745 1346 811 1397 ut
835 1340 1054 1397 nostris
1084 1340 1281 1397 faveat
1307 1339 1386 1396 ad
1426 1340 1679 1411 gloriam
1710 1342 1840 1396 eius
1874 1343 2168 1416 susceptis
2199 1344 2485 1402 consiliis.
3543 1357 3545 1360 ‘
3598 1357 3605 1364 '

470 1467 707 1519 Lutetiae
736 1465 952 1518 Calend.
981 1466 1101 1516 Maii
1121 1465 1398 1517 M.D.LIX.

1218 1704 1572 1769 JOANNIS
1613 1706 1719 1767 DA
1747 1705 1896 1768 VAL
1947 1707 2608 1773 TREPORTUENSIS

1081 1843 1366 1890 DOCTORIS
1413 1843 1708 1889 THEOLOGI
1761 1844 1817 1888 ΙΝ
1867 1846 2111 1891 LAUDEM
2161 1847 2222 1891 D.
2276 1847 2388 1892 PICI
2438 1848 2743 1895 PRAESIDIS

1670 1931 2143 1987 HEXASTICHON
2155 1973 2168 1985 .

1125 2045 1249 2113 Quo
1274 2045 1580 2105 celebrem.
1611 2044 1863 2111 Macari,
1897 2045 2141 2102 donabis
2174 2062 2414 2104 munere
2443 2047 2677 2116 Picum,

1221 2116 1330 2182 Qui
1359 2117 1672 2189 splendore
1708 2132 1812 2171 suo
1841 2117 2126 2173 candidat
2165 2119 2512 2189 Aethiopem
2543 2119 2572 2174 ‘t

1116 2187 1368 2254 Silenos,
1399 2187 1609 2258 aperit,
1643 2190 1835 2244 miscet
1865 2190 2044 2244 simul
2074 2190 2221 2246 utile
2251 2187 2430 2254 dulci,

1221 2260 1413 2330 Atque
1448 2259 1567 2313 suis
1608 2259 1866 2316 Graecas
1899 2260 2186 2330 unguibus
2213 2266 2392 2330 auget
2413 2276 2550 2329 opes
2579 2261 2608 2317 ἵ

1124 2331 1286 2387 Pelle
1314 2331 1422 2403 suo
1451 2331 1703 2403 obscura
1743 2331 1951 2387 celasti
1987 2333 2228 2387 clausus
2254 2333 2462 2390 odores
2491 2355 2512 2403 ;

1213 2403 1288 2457 At
1329 2401 1515 2459 celata
1545 2402 1651 2458 diu
1685 2403 1862 2458 Picus
1887 2411 2096 2472 aperta
2116 2403 2294 2472 facit.

1651 2620 1660 2696 |
1737 2615 1823 2677 De
1867 2616 2180 2680 Macariis.

1785 2742 1825 2792 E
1854 2742 2036 2792 Suida.

251 2887 382 2941 Duo
408 2884 649 2941 fuerunt
678 2883 911 2940 Macarii
943 2881 1217 2939 eiusdem
1249 2883 1512 2940 nominis
1546 2900 1615 2940 ac
1649 2884 2019 2954 professione
2041 2885 2602 2956 asceticainsignes,
2629 2886 2766 2952 vita,
2803 2885 3091 2952 moribus,
3119 2883 3415 2942 doctrina.
3447 2885 3612 2943 Alter

179 2975 533 3047 Aegyptius,
564 2972 864 3030 miraculis
888 2973 1084 3028 clarus
1117 2988 1187 3028 ac
1217 2989 1356 3029 cum
1382 2973 1658 3042 religiosa
1681 2975 1956 3029 cautione
1984 2975 2041 3028 in
2069 2991 2170 3030 eos
2195 2975 2296 3046 qui
2319 2990 2381 3029 se
2405 2975 2842 3031 conveniebant
2861 2989 3137 3029 severus:
3174 2973 3322 3029 alter
3361 2973 3614 3031 Alexan-

181 3065 418 3132 drinus,
455 3078 558 3134 per
587 3063 793 3118 omnia
821 3061 1029 3118 similis
1054 3062 1364 3134 Aegyptio,
1397 3078 1632 3118 necnon
1662 3063 1852 3118 comis
1880 3069 1936 3118 et
1957 3062 2202 3120 festivus
2224 3079 2238 3127 ;
2259 3064 2318 3117 in
2341 3079 2442 3119 eos
2464 3063 2566 3136 qui
2585 3063 2661 3120 ad
2686 3079 2747 3118 se
2779 3062 3199 3118 veniebantita
3223 3062 3612 3120 humanusac

181 3153 447 3210 blandus
472 3151 569 3207 hic
594 3157 739 3217 erat,
778 3158 838 3207 ut
865 3167 937 3208 ea
969 3150 1274 3208 festivitate
1295 3151 1546 3221 juvenes
1567 3152 1645 3207 ad
1676 3154 1995 3208 asceticam
2024 3153 2204 3208 vitam
2220 3152 2536 3224 pelliceret.
2565 3155 2785 3208 Horum
2817 3153 3103 3222 Evagrius
3131 3149 3464 3222 discipulus
3480 3151 3609 3217 fuit,

187 3259 256 3298 ac
287 3242 460 3298 factis
476 3240 922 3313 philosophiam
949 3240 1325 3313 exercuitqui
1339 3240 1532 3297 verbis
1549 3241 1841 3297 duntaxat
1868 3241 2030 3312 prius
2046 3241 2605 3312 philosophabatur.
2635 3241 2796 3296 Idem
2813 3239 3330 3311 Constantinopoli
3345 3255 3380 3295 a
3393 3238 3613 3311 Grego-

185 3333 277 3388 rio
302 3331 606 3400 Theologo
629 3331 1027 3386 diaconorum
1041 3329 1237 3385 ordini
1263 3329 1600 3401 adscriptas
1629 3337 1714 3385 est
1746 3347 1760 3398 ;
1795 3331 1940 3401 quin
1963 3329 2144 3384 etiam
2171 3329 2228 3384 in
2258 3335 2585 3402 Aegyptum
2609 3327 2912 3401 profectus
2932 3343 3002 3384 ac
3015 3344 3154 3384 cum
3175 3328 3440 3385 Macariis
3453 3344 3610 3402 quos

183 3421 306 3478 dixi
338 3419 672 3476 collocutus
702 3419 888 3476 vitam
911 3417 1143 3474 illorum
1177 3419 1513 3474 aemulatus
1535 3423 1642 3473 est.
1674 3419 1760 3474 Ab
1783 3418 2037 3474 hoclibri
2070 3419 2237 3475 valde
2269 3434 2472 3487 graves
2505 3435 2574 3474 ac
2617 3418 2753 3472 serii
2781 3416 3107 3489 conscripti
3155 3421 3311 3472 sunt.
3343 3418 3612 3483 Quorum

190 3527 344 3567 unus
358 3509 680 3565 Monachus
703 3508 826 3564 sive
839 3507 913 3563 de
939 3509 1057 3563 vita
1087 3509 1284 3564 activa
1301 3508 1622 3580 inscriptus
1635 3514 1720 3564 est
1739 3527 1751 3574 ;
1770 3507 1916 3564 alter
1930 3508 2243 3564 Gnosticus
2267 3509 2386 3562 sive
2399 3507 2472 3563 de
2489 3509 2558 3562 iis
2585 3507 2688 3578 qui
2721 3506 3083 3576 cognitionis
3107 3521 3360 3562 munere
3400 3505 3612 3563 donati

188 3597 671 3670 sunt,quicapita
694 3597 1109 3669 complectitur
1133 3612 1386 3653 numero
1407 3597 1883 3669 quinquaginta;
1911 3599 2113 3653 tertius
2139 3598 2582 3653 Antirrheticus
2611 3597 2894 3651 adversus
2925 3601 3218 3652 tentantes
3257 3595 3611 3666 daemones,

185 3695 319 3744 octo
332 3687 606 3760 partibus
621 3685 1026 3750 distinctus,ut
1041 3693 1175 3740 octo
1192 3687 1617 3755 cogitationum
1635 3685 1793 3741 modi
1809 3693 2209 3751 recensentur;
2227 3686 2486 3758 itemque
2505 3692 2780 3741 sexcenta
2793 3685 3182 3754 Prognostica
3209 3683 3610 3754 problemata,

185 3786 239 3833 et
271 3776 669 3832 Elementaria
690 3774 831 3838 duo,
855 3789 1039 3830 unum
1068 3774 1145 3830 ad
1170 3775 1500 3830 monachos
1524 3775 1580 3830 in
1608 3775 1915 3831 coenobiis
1937 3781 2037 3830 aut
2057 3775 2461 3830 contuberniis
2486 3773 2772 3838 viventes,
2789 3772 3041 3829 alterum
3061 3773 3138 3828 ad
3165 3771 3464 3840 virginum
3483 3786 3613 3828 coe-

191 3871 341 3924 tum.
374 3866 513 3921 Eius
545 3869 747 3921 autem
779 3869 916 3919 sunt
936 3863 1081 3919 haec
1111 3864 1296 3919 verba
1329 3881 1342 3916 :
1372 3883 1400 3916 α
1434 3865 1682 3919 Necesse
1698 3869 1800 3927 est.
1841 3868 1903 3920 ut
1933 3863 2142 3918 sedulo
2172 3880 2380 3918 eorum
2403 3862 2982 3934 quipraecesserunt
3017 3860 3454 3916 monachorum
3485 3860 3612 3916 vias

189 3955 570 4025 indagemus,
604 3953 681 4010 ad
730 3969 1058 4025 earumque
1109 3968 1386 4008 normam
1442 3952 1772 4022 dirigamur
1805 3969 1818 4019 ;
1865 3953 2050 4009 multa
2099 3954 2256 4008 enim
2291 3952 2368 4008 ab
2401 3951 2470 4006 iis
2501 3954 2658 4006 recte
2688 3956 2744 4007 et
2773 3950 2934 4006 dicta
2961 3955 3100 4006 sunt
3144 3955 3200 4004 et
3228 3947 3426 4015 facta;
3461 3948 3613 4005 inter

184 4059 340 4116 quae
369 4050 427 4100 et
447 4043 562 4099 hoc
591 4042 895 4114 quispiam
910 4041 1414 4100 dixit.aridiorem
1433 4048 1490 4096 et
1516 4057 1662 4113 aspe
1714 4043 1722 4110 |
1767 4057 1896 4098 ram
1925 4041 2162 4098 vivendi
2195 4042 2487 4097 rationem
2512 4055 2652 4096 cum
2670 4039 2956 4096 charitate
2983 4038 3327 4110 copulatam
3354 4036 3609 4094 celerius

193 4131 566 4190 monachum
599 4130 676 4188 ad
706 4130 893 4188 animi
919 4131 1430 4204 tranquillitatem,
1462 4146 1648 4203 quam
1672 4129 1923 4184 ἀπάθειαν
1945 4130 2275 4203 appellant,
2309 4128 2658 4201 perducere.
2689 4151 2718 4181 »

1368 4370 1790 4452 [Homiliarum
1829 4371 2092 4433 Macarii
2131 4371 2492 4451 singularum

1743 4460 2097 4533 argumenta.

197 4588 260 4667 ζ-
546 4585 963 4667 interpretatio
993 4585 1317 4667 allegorica
1335 4585 1572 4667 visionis
1595 4587 1761 4667 apud
1791 4585 2150 4667 Ezechielem
2178 4584 2532 4667 descriptae;
2578 4655 2590 4667 7
2634 4655 2647 4667 7
2782 4657 2808 4667 Α
2856 4655 2867 4667 7
3169 4653 3179 4664 7
3254 4652 3266 4667 7
3361 4582 3502 4653 Pag.

194 4660 260 4715 II
538 4659 622 4714 De
659 4652 839 4726 regno
865 4652 1264 4724 tenebrarum,
1293 4657 1403 4712 hoc
1431 4663 1516 4712 est
1541 4652 1808 4727 peccato,
1837 4664 1890 4712 et
1924 4656 2212 4712 hominem
2252 4652 2445 4727 solius
2483 4655 2590 4712 Dei
2626 4655 2901 4723 beneficio
2931 4653 3179 4711 liberari
3203 4652 3278 4708 ab
3307 4667 3393 4708 eo.
3461 4652 3466 4653 “
3548 4655 3613 4727 lg

197 4731 285 4786 III
547 4731 626 4786 De
649 4724 850 4800 quieta
871 4729 1141 4798 fratrum
1174 4731 1333 4784 inter
1359 4743 1420 4784 se
1440 4724 1965 4800 con—versationeet
1980 4727 2210 4797 proelio
2237 4726 2532 4784 interiori.
3549 4724 3613 4800 εἶ

192 4804 285 4858 IV
538 4795 673 4867 Qua
721 4795 956 4856 ratione
986 4800 1448 4870 promovendum
1480 4801 1542 4854 in
1572 4799 1694 4855 vita
1736 4795 2113 4856 Christiana.
2323 4869 2332 4870 7
2701 4868 2707 4870 7
3547 4795 3609 4870 gl

207 4875 256 4928 V
543 4865 840 4940 Quantum
865 4865 1162 4941 discrepat
1192 4871 1308 4926 vita
1346 4870 1818 4927 Christianorum
1853 4887 1888 4926 a
1913 4870 2275 4942 reliquorum
2310 4869 2616 4926 hominum
2651 4868 2794 4925 vita.
3549 4865 3616 4942 ξφ

211 4945 287 5000 VI
541 4945 626 4999 De
657 4942 826 4998 modo
843 4939 1159 5013 precandi.
2032 4939 2068 5013 '_
2683 5010 2693 5013 7
2885 5009 2898 5013 _
3021 5010 3031 5013 _
3337 5007 3370 5013 77
3550 4939 3616 4990 50

207 5016 310 5072 VII
543 5015 634 5132 De.
654 5007 963 5132 cllementia
989 5013 1212 5070 Christi
1230 5027 1374 5082 erga
1403 5013 1686 5068 homines.
1707 5013 1972 5067 Continet
1993 5011 2167 5067 etiam
2189 5013 2597 5082 responsiones
2615 5009 2996 5082 adquasdam
3011 5007 3509 5079 interrogationes
3553 5081 3583 5132 5

629 5101 698 5132 nr
725 5100 756 5132 ρ
784 5100 1067 5132 ramosas-

629 5087 756 5141 ’orte
784 5084 1067 5140 curiosas.
3553 5082 3616 5132 55

593 5087 756 5155 forte
784 5087 1067 5140 curiosas.
3553 5087 3616 5132 55

209 5158 347 5238 Y_I_II
539 5159 623 5238 pe
680 5156 772 5238 his
799 5154 1715 5238 quaecontinguntphristianis
1741 5157 1898 5210 inter
1922 5153 2240 5236 orandum.
2505 5228 2516 5238 7
2578 5227 2591 5238 Α
2674 5225 2694 5238 Δ
2746 5222 2784 5238 7.
2882 5237 2886 5238 7
2997 5222 3010 5235 .
3122 5223 3136 5238 ν
3219 5223 3229 5234 _
3295 5228 3332 5238 7‘
3548 5148 3619 5204 59

198 5229 284 5287 IX
536 5220 954 5283 Promissiones
993 5243 1064 5283 ac
1093 5220 1442 5298 prophetias
1485 5226 1721 5282 divinas
1773 5241 1885 5296 per
1915 5225 2104 5298 varios
2136 5240 2434 5282 successus
2465 5228 2517 5280 et
2572 5222 2922 5280 tentationes
2988 5222 3247 5293 impleri,
3281 5228 3334 5277 et
3365 5220 3478 5276 soli

592 5300 712 5355 Deo
735 5290 1122 5354 adhaerendo
1150 5290 1398 5355 liberari
1425 5313 1531 5353 nos
1560 5298 1637 5353 ab
1660 5290 2138 5367 infestationibus
2161 5297 2541 5352 daemonum.
3067 5290 3085 5293 “
3136 5364 3148 5367 _
3180 5366 3186 5367 7
3553 5290 3621 5346 63

197 5372 252 5428 X
525 5370 888 5427 Humilitate
915 5376 970 5426 et
998 5369 1312 5426 alacritate
1363 5364 1796 5426 retinentur'et
1824 5374 2126 5439 augentur
2153 5369 2311 5424 dona
2359 5367 2596 5438 gratiae
2638 5367 2898 5432 divinae,
2944 5364 3226 5433 superbia
3275 5369 3474 5420 autem

615 5449 667 5496 et
692 5442 935 5496 ianavia
954 5441 1313 5496 perduntur.
3551 5433 3620 5487 70

615 5449 667 5498 et
692 5442 935 5510 ignavia
952 5442 1313 5510 perduntur.

615 5457 666 5498 et
692 5457 935 5510 ignavia
952 5457 1313 5513 perauntur.
3560 5457 3618 5487 tu

195 5514 278 5570 XI
549 5513 835 5569 Virtutem
868 5515 1063 5570 sancti
1091 5513 1356 5580 Spiritus
1389 5511 1450 5567 in
1475 5513 1650 5568 corde
1681 5511 1931 5569 hominis
1944 5527 2003 5568 se
2029 5509 2244 5568 habere
2262 5510 2457 5568 instar
2475 5507 2658 5580 ignis.
3550 5503 3618 5580 '11!

200 5585 305 5641 XII
532 5585 616 5641 De
645 5587 804 5640 statu
833 5584 999 5641 Adae
1021 5573 1155 5655 post
1178 5584 1490 5655 imaginem
1513 5585 1620 5640 Dei
1633 5584 1950 5655 perditam.
2013 5587 2023 5651 ι
2497 5573 2521 5580 ⁷

200 5657 354 5712 XIII
539 5656 716 5722 Quem
736 5646 1070 5724 fructum'a
1105 5646 1450 5712 Christiano
1482 5646 1890 5726 Deus’exigat.
2013 5646 2022 5651 ⁷
2136 5725 2139 5726 7
2202 5725 2249 5726 77
2292 5725 2296 5726 7
2388 5725 2392 5726 7
3551 5646 3622 5726 ἓξ

196 5728 329 5786 XIV
528 5716 644 5796 Qui
664 5716 1020 5785 se'dedicant
1053 5728 1190 5792 Deo,
1224 5743 1342 5784 non
1383 5727 1510 5784 sine
1535 5741 1636 5797 spe
1673 5716 2169 5785 remunerationis
2188 5725 2253 5781 id
2267 5725 2527 5796 faciunt.
3553 5716 3620 5772 95
