4078 6194
515 319 621 378 299
1581 321 1989 380 ZACHARIAE
2026 321 2409 380 PALTHENII
2451 323 2851 381 PRAEFATIO
3805 326 3907 384 300

496 447 619 506 XV
869 447 1057 516 Quam
1083 455 1287 505 sancte
1314 454 1369 506 et
1394 453 1553 506 caste
1576 462 1636 505 se
1654 462 1859 517 gerere
1880 447 2085 504 debeat
2116 448 2316 505 anima
2343 448 2670 505 Christiani
2687 463 2831 518 erga
2863 446 3171 505 Christum
3197 462 3479 519 sponsum
3509 462 3699 505 suum.
3814 452 3909 505 100

511 519 658 577 XVI
864 520 1181 589 Spiritales
1222 522 1483 578 homines
1512 521 1796 576 obnoxios
1835 534 1951 576 esse
1995 520 2420 577 tentationibus
2469 524 2521 578 et
2550 520 2999 591 afﬂictionibus,
3032 534 3292 591 quarum
3322 520 3490 591 origo
3528 529 3609 576 est
3647 520 3775 592 pri-

937 608 1098 647 mum
1128 599 1458 661 peccatum.

3818 595 3914 648 132

518 662 699 720 XVII
867 663 953 719 De
978 660 1451 720 Christianorum
1484 662 1761 717 unctione
1785 660 2047 729 spiritali
2075 668 2131 719 et
2156 662 2374 730 gloria.
3821 665 3908 719 141

513 734 585 793 Χ
601 732 740 790 VIII
871 733 955 791 De
991 736 1265 791 thesauro
1305 734 1786 791 Christianorum
1817 733 1920 804 qui
1966 740 2048 790 est
2096 733 2364 790 Christus
2397 740 2450 791 et
2482 733 2743 804 Spiritus
2774 742 3017 791 sanctus
3060 732 3243 791 variis
3274 732 3463 791 modis
3507 749 3780 792 exercens

940 821 1032 877 eos
1058 807 1138 861 ad
1159 807 1585 877 perfectionem
1612 805 2061 877 assequendam.
2373 875 2385 877 7
2426 876 2433 877 7
3372 876 3379 877 7
3430 876 3437 877 7
3824 807 3917 861 150

517 876 672 933 XIX
872 875 1254 947 Christianus
1290 878 1581 945 proﬁcere
1606 875 1801 933 volens
1831 877 1911 932 ad
1938 891 2109 932 omne
2129 877 2193 932 id
2227 875 2386 947 quod
2416 876 2630 931 bonum
2662 881 2769 941 est,
2797 892 2856 933 se
2877 878 2937 932 vi
2966 878 3318 945 compellere
3342 876 3534 934 debet.
3824 882 3913 932 157

516 949 625 1005 XX
873 946 1041 1003 Solus
1083 948 1354 1005 Christus
1378 949 1615 1005 sanavit
1636 948 1921 1012 animam,
1949 963 2129 1019 quam
2160 946 2507 1004 ornamento
2532 948 2766 1018 gratiae
2795 963 2939 1005 suae
2967 948 3218 1006 vestivit.
3825 948 3917 1019 166

522 1019 673 1075 XXI
872 1019 1119 1075 Homini
1142 1020 1488 1077 Christiano
1518 1019 1747 1087 duplex
1768 1018 2051 1075 incumbit
2093 1020 2336 1089 bellum,
2366 1025 2679 1076 externum
2706 1026 2760 1076 et
2788 1020 3119 1077 internum.
3823 1018 3918 1075 168

521 1090 703 1147 XXII
866 1090 952 1145 De
970 1090 1201 1157 duplici
1230 1097 1392 1147 statu
1419 1090 1845 1147 decedentium.
3825 1092 3912 1145 171

516 1160 721 1233 XXIII
876 1160 948 1233 {Ii
972 1162 1083 1217 soli
1110 1162 1387 1219 diadema
1416 1164 1642 1232 regium
1672 1168 1905 1232 gestare
1927 1168 2193 1230 possunt,
2228 1162 2333 1233 qui
2350 1167 2489 1217 sunt
2516 1176 2547 1218 e
2574 1162 2791 1218 semine
2815 1162 3000 1232 regio.
3824 1162 3919 1233 172

673 1232 720 1285 V
876 1232 1354 1289 Christianorum
1392 1240 1585 1289 status
1616 1240 1994 1290 mercaturae
2022 1239 2074 1289 et
2097 1232 2544 1303 fermentationi
2580 1232 2791 1289 similis
2824 1240 2928 1290 est.
3826 1232 3921 1287 174

519 1300 687 1359 XXV
872 1303 984 1376 Per
1021 1304 1477 1361 inobedientiam
1506 1304 1733 1361 redacti
1750 1319 1955 1376 sumus
1979 1305 2038 1359 in
2066 1300 2428 1371 servitutem,
2462 1320 2500 1361 a
2529 1319 2650 1376 qua
2678 1320 2788 1374 per
2814 1305 3161 1374 mysterium
3193 1304 3387 1361 crucis
3418 1303 3746 1362 liberamur
3767 1325 3790 1375 ,-

943 1375 1082 1431 item
1120 1376 1193 1433 de
1215 1376 1601 1432 lacrimarum
1632 1382 1683 1433 et
1710 1375 1865 1447 ignis
1895 1375 2087 1431 divini
2112 1377 2399 1445 efﬁcacia.
2543 1375 2551 1376 ⁷⁷
3362 1446 3371 1447 7
3688 1445 3696 1447 7
3764 1445 3775 1447 7
3828 1375 3920 1430 178

522 1443 726 1501 XXVI
870 1446 955 1503 De
981 1447 1293 1574 diggitatle,
1317 1448 1618 1518 facultate
1655 1455 1707 1504 et
1735 1443 2170 1517 operationibus
2196 1450 2454 1513 animae,
2488 1453 2541 1503 et
2572 1461 2691 1517 qua
2721 1447 2958 1504 ratione
2984 1452 3218 1504 tenetur
3242 1452 3305 1504 at
3333 1446 3572 1504 diabolo
3602 1453 3656 1505 et
3687 1445 3790 1521 [ab
3830 1518 3923 1573 ‘8‘

950 1534 1014 1574 eo
1069 1534 1091 1573 ι
1131 1534 1229 1574 ere
1257 1535 1351 1574 ur.

950 1534 1014 1575 eo
1047 1527 1351 1575 liberetur.

523 1586 640 1643 XX
655 1588 765 1643 VII
874 1588 1234 1659 Dignitatem
1281 1597 1334 1647 et
1376 1595 1595 1645 statum
1628 1589 1881 1646 hominis
1922 1588 2258 1645 Christiani
2281 1590 2686 1661 prosequitur,
2719 1590 2958 1660 eiusque
2996 1589 3242 1646 liberum
3283 1589 3620 1655 arbitrium,
3654 1604 3792 1661 per-

949 1662 1153 1717 mixtis
1192 1661 1429 1718 interim
1456 1661 1705 1717 utilibus
1730 1661 2194 1732 quaestionibus.
2472 1660 2479 1661 ⁷
3539 1731 3542 1732 7
3571 1731 3577 1732 7
3827 1660 3923 1715 200

523 1730 639 1804 XX
648 1729 790 1804 VIII
874 1732 1160 1789 Describit
1182 1748 1254 1790 ac
1283 1733 1553 1804 deplorat
1579 1729 1981 1789 calamitatem
2011 1733 2247 1788 animae
2272 1732 2333 1786 in
2362 1746 2482 1804 qua
2497 1736 2748 1803 propter
2772 1740 3083 1802 peccatum
3112 1748 3232 1804 non
3255 1733 3483 1789 habitat
3515 1731 3805 1789 Christus.
3828 1732 3921 1804 2i§

519 1801 729 1874 XXIX
872 1803 1117 1872 Duplici
1144 1801 1377 1860 ratione
1391 1806 1650 1874 gratiam
1681 1819 1849 1859 suam
1874 1805 2131 1873 largitur
2152 1801 2512 1869 Deus,c’uius‘
2528 1801 2799 1873 fructum
2830 1804 3069 1860 tandem
3100 1803 3256 1860 iusto
3277 1804 3496 1860 iudicio
3518 1805 3753 1874 repetit.
3827 1801 3923 1857 21%

523 1873 720 1947 XXX
873 1874 987 1947 Ep
1006 1875 1234 1942 Spiritu
1263 1873 1465 1932 sancto
1488 1875 1720 1932 renasci
1743 1875 1907 1931 debet
1936 1875 2139 1947 anima
2182 1875 2281 1931 Dei
2310 1890 2559 1944 regnum
2588 1874 2953 1947 ingressura,
2983 1880 3035 1930 et
3060 1874 3164 1947 qui
3189 1877 3298 1933 hoc
3325 1877 3453 1943 ﬁat.
3586 1873 3609 1947 ί
3826 1877 3920 1929 223

520 1943 721 2000 XXXI
872 1945 1095 2019 Fidelis
1115 1947 1314 2019 animo
1333 1947 1561 2019 mutari
1588 1947 1751 2002 debet
1776 1952 1829 2002 et
1853 1949 1915 2001 in
1945 1945 2128 2002 Deum
2154 1943 2434 2017 colligere
2465 1943 2846 2016 cogitationes
2873 1943 3088 2011 omnes}
3111 1961 3149 2003 a
3174 1948 3387 2019 quibus
3413 1960 3549 2004 vere
3573 1946 3762 2017 depen
3779 1973 3794 1986 ·

947 2016 1045 2075 det
1070 2018 1403 2089 obsequium
1434 2018 1743 2089 divinum.
2004 2088 2007 2089 7
2178 2087 2185 2089 7
3185 2016 3199 2019 ’
3648 2016 3661 2017 ί
3830 2018 3923 2072 230

518 2086 747 2144 XXXII
875 2088 1083 2146 Gloria
1110 2086 1581 2145 Christianorum
1608 2088 1779 2145 modo
1820 2089 1964 2145 latet
1988 2088 2051 2144 in
2082 2087 2297 2145 animis
2326 2103 2552 2158 eorum,
2574 2104 2727 2159 quae
2756 2090 3203 2147 resurrectionis
3243 2096 3502 2161 tempore
3534 2095 3794 2160 emerget

948 2166 1001 2217 et
1025 2161 1361 2219 illustrabit
1400 2175 1654 2229 corpora
1681 2176 1793 2228 pro
1822 2175 1929 2216 suo
1958 2174 2225 2232 quaeque
2249 2160 2437 2217 modo.
2586 2158 2599 2159 ί
3354 2158 3373 2161 ”
3702 2158 3714 2160 ἡ
3830 2158 3925 2232 231

522 2227 795 2303 XX_X_I]_I_
882 2231 1067 2303 Quam
1102 2236 1313 2289 attente
1343 2227 1777 2303 diligenterque
1801 2227 2173 2300 precandum
2200 2233 2296 2288 sit.
3831 2229 3923 2303 2‘71

528 2300 796 2374 spggy
878 2301 961 2374 De
984 2303 1182 2373 gloria
1211 2300 1695 2359 Christianorum
1724 2303 1849 2360 illis
1882 2318 2000 2359 non
2033 2303 2262 2374 ignota.
3834 2301 3928 2374 244

528 2370 780 2446 XXX}:
883 2373 967 2446 De
987 2370 1238 2431 sabbato
1267 2376 1517 2446 antiquo
1544 2382 1597 2430 et
1624 2389 1795 2430 novo.
2059 2370 2077 2374 ⁷
3832 2372 3926 2446 246

522 2441 820 2516 XXXII“
883 2444 1130 2502 Diversa
1158 2452 1239 2502 est
1262 2441 1698 2516 resurgentium
1727 2446 1944 2516 gloria.
3833 2442 3927 2498 248

528 2514 701 2588 XXX
712 2514 821 2588 XII
830 2585 851 2588 _
879 2516 965 2588 De
990 2517 1274 2585 paradiso
1303 2521 1358 2574 et
1386 2514 1510 2587 lege
1537 2514 1827 2588 spiritali.
2107 2586 2142 2588 7_
2318 2586 2325 2588 7
2404 2586 2416 2588 7
2442 2587 2452 2588 7
2519 2586 2526 2588 _
2594 2585 2603 2588 7
2700 2586 2709 2588 7
2964 2586 2971 2588 7
3198 2586 3204 2588 7
3833 2516 3927 2588 248

526 2584 852 2658 XXXVIII
877 2584 1110 2644 Exacto
1140 2604 1286 2656 Opus
1316 2595 1396 2645 est
1427 2584 1646 2643 iudicio
1675 2588 1737 2641 in
1766 2586 2170 2643 discernendis
2201 2586 2353 2643 veris
2385 2585 2757 2651 Christianis,
2787 2590 2839 2642 et
2869 2586 3115 2658 quinam
3154 2586 3275 2642 sint
3302 2585 3419 2642 illi.
3834 2586 3927 2658 258

527 2656 787 2730 XXXIX
878 2659 988 2716 Ad
1010 2659 1157 2730 quid
1175 2655 1494 2727 Scriptura
1520 2659 1727 2715 divina
1750 2660 1915 2715 nobis
1936 2658 2175 2730 donata
2195 2664 2277 2714 est
2310 2672 2347 2713 a
2372 2659 2510 2714 Deo.
2878 2655 2894 2658 ⁷
3834 2655 3919 2730 261

522 2726 661 2800 XL_
888 2726 1185 2787 Virtutum
1209 2726 1368 2788 inter
1405 2747 1467 2787 se
1494 2730 1817 2800 colligatio,
1840 2729 2036 2785 itidem
2066 2729 2371 2786 vitiorum.
3563 2799 3569 2800 7
3834 2729 3929 2783 262

522 2797 662 2854 XLI
878 2800 1406 2884 Quamprofunda
1426 2802 1543 2858 sint
1574 2797 1809 2859 animae
1836 2801 2200 2872 penetralia,
2232 2815 2386 2873 quae
2406 2800 2704 2871 paulatim
2735 2804 3094 2857 incrementa
3121 2800 3356 2871 gratiae
3375 2805 3481 2857 aut
3514 2799 3797 2856 vitiorum

524 2941 692 2997 XLII
868 2870 1303 3017 Noicmﬁiim,
1334 2944 1437 3001 sed
1473 2944 1713 3001 interna
1741 2950 2091 3017 promovent
2128 2949 2235 3001 aut
2283 2943 2529 3000 laedunt
2558 2942 2874 3010 hominem,
2920 2943 3105 3000 veluti
3146 2941 3393 3014 spiritus
3421 2941 3656 3013 gratiae
3697 2948 3801 2998 aut

528 3082 719 3157 XLIII
876 3023 1823 3157 Desggggtrgsgifqvligiuéiristiani,
1859 3087 2024 3142 cuius
2056 3092 2179 3142 tota
2208 3086 2293 3143 vis
2325 3085 2608 3155 dependet
2639 3101 2675 3143 a
2698 3086 2891 3150 corde,
2923 3091 2986 3140 ut
3018 3085 3113 3141 hic
3145 3086 3309 3142 varie
3337 3084 3724 3157 describitur.

524 3153 721 3211 XLIV
882 3153 1180 3225 Quantam
1200 3159 1263 3214 in
1287 3159 1521 3215 homine
1548 3158 1887 3214 Christiano
1912 3159 2295 3214 mutationem
2318 3153 2848 3213 ac'renovationem
2876 3157 3070 3227 faciat
3105 3157 3401 3225 Christus,
3434 3158 3541 3227 qui
3563 3156 3801 3212 morbos

949 3230 1188 3286 animae
1212 3233 1469 3286 sanavit.
2877 3224 2885 3227 ⁷
3386 3224 3392 3225 “
3443 3224 3459 3227 “
3834 3224 3929 3279 276

526 3296 625 3352 XL
641 3296 691 3350 V
880 3299 1081 3355 Nullis
1108 3301 1335 3355 artibus
1352 3308 1455 3357 aut
1476 3300 1748 3368 operibus
1773 3298 1950 3354 huius
1969 3298 2196 3364 mundi,
2211 3298 2313 3356 sed
2336 3299 2457 3354 solo
2487 3298 2714 3355 Christi
2733 3299 2993 3356 adventu
3025 3306 3305 3355 sanatum
3328 3314 3448 3357 esse
3469 3297 3803 3367 hominem;

956 3370 1123 3425 cuius
1154 3386 1433 3439 magnam
1467 3366 1599 3425 cum
1642 3371 1756 3425 Deo
1788 3373 2197 3437 cognationem
2231 3371 2416 3437 refert
2443 3370 2587 3425 haec
2619 3371 2885 3426 homilia.
3786 3366 3790 3367 “
3839 3366 3935 3421 282

533 3436 761 3510 XLYL
880 3441 965 3495 De
994 3436 1335 3508 differentia
1364 3442 1521 3496 inter
1539 3442 1773 3496 verbum
1803 3436 1910 3495 Dei
1937 3448 1988 3496 et
2020 3440 2257 3496 verbum
2286 3436 2517 3506 mundi,
2548 3448 2603 3497 et
2628 3443 2785 3497 inter
2812 3442 2967 3509 ﬁlios
2992 3442 3104 3498 Dei
3128 3446 3181 3498 et
3216 3442 3374 3510 ﬁlios
3396 3440 3568 3497 huius
3584 3440 3819 3497 mundi.
3841 3438 3933 3510 287

530 3506 783 3583 XLXIL
883 3506 1232 3583 Explicatio
1260 3511 1584 3581 allegorica
1610 3511 1991 3582 quorundum
2021 3511 2129 3567 sub
2160 3513 2287 3583 lege
2312 3512 2781 3581 benefactorum.
2812 3506 2819 3509 ’
3217 3506 3226 3510 ⁷
3842 3508 3927 3564 291

527 3576 627 3652 XL
643 3578 783 3652 _V_I_II
886 3582 966 3637 De
982 3576 1256 3652 perfecta
1278 3576 1402 3651 ﬁde
1418 3583 1481 3638 in
1506 3576 1717 3639 Deum.
2216 3576 2238 3583 ’
2452 3576 2461 3581 ⁷
3844 3583 3928 3638 301

528 3648 731 3706 XLIX
880 3648 1015 3709 Non
1041 3648 1182 3780 sttitis
1203 3648 1287 3710 est
1308 3654 1484 3711 huius
1507 3654 1728 3711 saeculi
1748 3654 1992 3711 delicias
2014 3654 2341 3727 reliquisse,
2357 3654 2473 3709 nisi
2495 3654 2623 3727 quis
2640 3655 2890 3712 alterius
2916 3654 3143 3712 saeculi
3162 3654 3584 3713 beatitudinem
3604 3669 3806 3712 conse-
3844 3721 3937 3779 305

957 3740 1075 3780 oua
1108 3742 1198 3780 ur.

957 3740 1198 3795 quatur.

528 3790 573 3846 L
889 3790 1043 3853 Deus
1069 3804 1172 3863 est,
1200 3798 1306 3870 qui
1330 3812 1441 3866 per
1464 3804 1694 3854 sanctos
1719 3803 1772 3854 et
1803 3804 2114 3855 creaturas
2144 3797 2261 3855 edit
2293 3798 2616 3855 miracula.
3843 3794 3935 3850 308

532 3978 731 4058 [Potitus
754 3981 1058 4058 Sqripturae
1081 3984 1308 4058 locorum
1336 3998 1509 4033 sacras
1522 3985 1681 4058 quiin
1715 3985 1943 4058 homiliis
1977 3986 2209 4058 citantur
2241 4002 2266 4058 ξ
2296 3990 2516 4058 Eique:
2545 4000 2720 4058 rerum
2748 3984 3167 4058 memorabilium
3191 4000 3215 4031 ι
3234 3984 3370 4058 duos
3402 3980 3932 4058 ind-icepxstgntﬁo-

596 4044 775 4113 gilius
809 4043 1051 4113 laﬁnqp.
1076 4043 1597 4113 _i-3_ij:_lnqua_r_dm
1631 4047 1738 4113 fine
1764 4048 1897 4112 legis
1932 4063 1941 4095 :
1969 4048 2263 4098 Excudebat
2290 4043 2428 4097 Guil.
2464 4048 2712 4098 Morelius
2739 4049 2795 4096 in
2849 4047 3055 4097 Graecis
3088 4047 3439 4113 typographus
3470 4047 3666 4109 Regius
3720 4043 3937 4096 Lutetiae

596 4105 923 4157 Parisiorum
960 4105 1029 4157 Μ.
1068 4108 1125 4157 D.
1147 4109 1284 4157 LIX.
1318 4105 1431 4159 Οᾱι.
1456 4109 1687 4173 Maias.].

882 4358 1729 4481 ZACHABIAE
1847 4360 2657 4480 PALTHENII
2778 4357 3609 4481 PBAEFATIO

1276 4539 1397 4596 AD
1424 4538 1885 4595 EDITIONEM
1908 4538 2425 4596 HOMILIARUM
2444 4538 2506 4595 S.
2542 4539 2657 4596 MA
2674 4538 2891 4595 CAR]!
2921 4538 3319 4594 AEGYPTII

1992 4652 2143 4701 QUAM
2182 4650 2480 4693 mscmpsrr

530 4740 618 4797 SA
632 4740 829 4797 NCTI
860 4741 948 4797 PA
970 4742 1141 4800 TRIS
1170 4743 1275 4799 ΜΑ
1291 4746 1380 4801 CA
1398 4745 1511 4802 RII
1532 4745 1891 4803 EREMITA
1908 4745 1958 4800 E
1982 4746 2147 4801 AEG
2167 4745 2381 4801 YPTII
2404 4746 2794 4802 HOMILIAE
2813 4744 3938 4812 SPIRITUALESOUINOUAGINTA

602 4813 695 4867 DE
722 4813 1138 4889 INTEGRITA
1156 4816 1251 4870 TE
1283 4817 1505 4883 QUAE
1533 4816 1815 4889 DECET
1838 4817 2374 4881 CHRISTIANOS,
2420 4819 2643 4873 cunctis
2674 4819 2887 4889 quibus
2927 4818 3165 4874 animae
3192 4818 3357 4889 salus
3388 4831 3595 4873 revera
3627 4830 3813 4872 curae
3847 4817 3943 4877 est,

605 4891 730 4959 tum
750 4894 998 4959 propter
1016 4886 1308 4959 insignem
1334 4887 1568 4955 pietatis
1595 4889 1953 4951 doctrinam,
1976 4896 2098 4943 tum
2112 4896 2363 4959 propter
2391 4886 3090 4959 similium'frequentiam
3114 4888 3369 4944 maxime
3394 4889 3570 4944 utiles
3601 4903 3674 4943 ac
3686 4900 3947 4959 necessa-

598 4956 749 5019 riae,
774 4956 824 5012 Ε
853 4956 1161 5014 GRAECO
1188 4959 1278 5014 IN
1294 4960 1395 5016 LA
1418 4959 1667 5016 TINUM
1682 4956 2131 5016 SERMONEM
2153 4956 2469 5016 conversae
2508 4969 2561 5017 et
2606 4956 2972 5017 coniunctim
3030 4975 3193 5015 nunc
3235 4962 3492 5027 primum
3533 4960 3596 5013 in
3629 4956 3943 5015 Germania

608 5027 944 5102 editaeaM.
972 5028 1227 5102 ΖΑςῌΑ
1244 5030 1365 5085 121.4
1400 5031 1497 5085 PA
1512 5030 1841 5087 LTIIENIO
1880 5031 2481 5089 FRIDBERGENSI
2520 5034 2677 5089 1594.
2709 5032 3300 5102 Franco/urtiApud
3331 5030 3507 5087 Joan.
3569 5030 3830 5087 Wecheli
3870 5044 3947 5084 vi-

610 5098 1103 5171 duam,impensis
1125 5101 1646 5168 NicolaiBassaei,
1680 5105 1738 5158 8ο
1770 5104 1916 5158 min.

596 5285 607 5357 Ι
649 5284 1003 5351 Reverendo,
1022 5287 1253 5357 generis
1277 5288 1585 5357 splendore
1599 5304 1670 5345 ac
1693 5289 2004 5347 nobilitate
2032 5291 2306 5362 antiqua,
2336 5289 2644 5359 religione,
2671 5288 3186 5355 virtute,doctrina
3208 5289 3523 5359 multisque
3551 5289 3610 5343 in
3628 5285 3943 5343 Ecclesiam

530 5373 753 5431 Chn‘sti
773 5374 998 5431 meritis
1013 5378 1519 5444 praestantissimo
1539 5378 1664 5435 viro
1690 5380 1814 5434 DD.
1840 5378 2137 5436 JOANNI
2160 5377 2449 5437 SWICHA
2462 5378 2623 5434 RDO
2639 5377 2683 5432 A
2720 5377 3150 5441 CRONBERG,
3179 5378 3430 5448 insignis
3458 5376 3946 5446 metropolitanae

524 5463 805 5521 ecclesiae
822 5461 1286 5535 Moguntinensis
1304 5468 1694 5535 Scholastico,
1711 5467 1769 5525 S.
1798 5471 1841 5524 Α
1856 5469 2021 5524 lbani
2036 5468 2407 5536 Praeposito,
2426 5482 2532 5523 nec
2571 5483 2693 5523 non
2722 5467 3198 5524 reverendissimi
3220 5474 3274 5523 et
3299 5466 3689 5522 illustrissimi
3712 5459 3946 5519 Domini

525 5554 601 5608 D.
647 5551 992 5624 Wolfgangi
1017 5555 1468 5625 Archiepiscopi
1524 5566 1574 5614 et
1608 5558 1908 5627 Principis
1969 5557 2259 5613 Electoris
2297 5555 2764 5626 Moguntinensis
2812 5556 2874 5612 in
2908 5557 3323 5627 spiritualibus
3373 5553 3608 5613 Vicario
3654 5550 3937 5625 generali,

533 5641 791 5699 Domino
821 5656 894 5702 ac
920 5644 1184 5702 Patrono
1208 5661 1314 5702 suo
1334 5648 1667 5717 plurimum
1701 5648 1946 5704 colendo
1977 5646 2032 5701 S.
2065 5646 2130 5700 P.

600 5731 1106 5810 Quotiescunque,
1126 5735 1467 5802 reverenda,
1486 5736 1852 5794 nobilissime
1865 5741 1924 5793 et
1936 5735 2303 5808 amplissime
2324 5735 2426 5793 Do.
2450 5734 2893 5807 Schwicharde,
2914 5736 3222 5793 Maecenas
3238 5727 3937 5801 clarissime,virsummis
