4088 6192
218 317 313 373 301
1132 320 1227 374 ΑΙ)
1267 317 1664 375 EDITIONEM
1707 320 1881 376 HOM.
1926 321 1985 377 S.
2028 321 2325 378 MACARII
2368 320 2723 377 AEGYPTII.
3515 321 3620 375 302

211 442 463 498 laudum
489 443 827 515 praeconiis
840 450 1021 517 atque
1041 444 1285 500 nomine
1300 460 1609 517 nunquam
1636 446 1940 502 interituro
1969 446 2341 519 dignissime,
2356 446 3141 519 quotiescunque,inquam.
3160 444 3274 501 hac
3297 444 3636 501 tristissima

214 532 423 587 mundi
439 537 683 589 senecta
705 534 856 589 adeo
880 532 1092 603 frigide
1115 550 1185 589 ac
1199 534 1412 606 supine
1431 550 1708 605 graecam
1734 534 2001 603 linguam
2023 537 2080 591 in
2106 535 2409 608 plerisque
2432 534 2576 591 locis
2598 540 2725 591 tum
2754 536 3034 590 traditum
3058 534 3633 607 addisciconspicio,

210 621 501 677 continuo
523 621 763 678 animus
796 638 966 678 meus
996 623 1268 678 obruitur
1293 623 1477 688 luctu,
1510 639 1774 679 moerore
1805 630 1861 678 et
1892 623 2121 680 tristitia
2155 640 2273 679 non
2296 626 2533 697 exigua.
2564 626 2726 689 Quae
2757 625 2973 679 etenim
3006 630 3091 678 est
3115 623 3439 690 dementia,
3471 637 3631 695 quae

208 707 647 781 fatuitas,quae
663 710 905 767 insania
925 726 1133 767 eorum
1157 711 1492 777 hominum,
1510 712 2046 785 quiabsquehuius
2079 717 2088 781 |
2122 714 2365 784 linguae
2388 712 2741 768 rudimentis
2756 728 2925 768 rarae
2951 717 3007 768 et
3029 712 3259 768 solidae
3281 711 3633 768 eruditionis

206 797 455 854 laudem
474 814 536 854 se
552 801 840 872 consequi
862 815 1037 873 posse
1059 806 1300 872 sperant
1322 801 1351 855 ?
1373 803 1497 857 Non
1522 801 1716 857 minor
1735 808 1913 871 certe,
1938 818 2006 857 ac
2029 802 2076 857 si
2099 802 2234 874 quis
2260 802 2491 874 absque
2510 801 2618 857 rati
2640 800 3005 857 immensum
3024 817 3092 856 ac
3114 807 3353 857 vastum
3377 801 3631 873 pelagus

204 888 488 951 transire,
510 895 614 944 aut
644 889 877 961 absque
906 888 1014 944 alis
1048 891 1107 944 in
1130 890 1372 946 aethera
1398 890 1651 955 evolare,
1678 898 1781 946 aut
1811 891 2044 964 absque
2076 892 2283 960 lingua
2310 907 2420 947 seu
2442 890 2690 962 Spiritus
2720 890 2909 947 sancti
2925 890 3087 946 dono
3118 896 3395 946 aeternae
3420 890 3631 946 salutis

205 976 794 1048 mysteriaenodare,
816 977 1147 1050 patefacere
1169 984 1224 1034 et
1239 978 1557 1051 explicare,
1576 984 1681 1035 aut
1698 980 1955 1053 denique
1969 980 2205 1053 absque
2227 980 2460 1037 Christo
2483 995 2620 1049 rege
2637 978 2885 1035 etfratre
2898 984 3102 1034 nostro
3116 994 3439 1051 supernam
3464 980 3629 1035 Jeru-

205 1064 399 1121 salem
425 1066 727 1123 civitatem
753 1066 1064 1123 caelestem
1083 1072 1140 1124 et
1160 1068 1382 1137 gaudia
1399 1068 1683 1141 paradysi
1710 1069 1939 1138 ingredi
1962 1072 2374 1125 conaretur.Et
2398 1076 2550 1124 certe
2570 1072 2733 1124 tanta
2758 1073 2846 1123 est
2862 1067 3041 1123 huius
3068 1066 3307 1137 linguae
3322 1072 3631 1138 praestan-

208 1153 315 1218 tia,
344 1158 506 1210 tanta
529 1154 814 1224 dignitas,
848 1160 1014 1211 tanta
1039 1155 1314 1227 dignitati
1345 1156 1667 1212 coniuncta
1690 1157 1930 1223 utilitas,
1962 1162 2124 1213 tanta
2150 1157 2683 1229 amplitudo,tanta
2714 1157 2995 1213 maiestas
3020 1161 3339 1228 tantusque
3361 1156 3543 1212 decor
3574 1166 3631 1217 et

208 1247 482 1310 ornatus,
508 1250 598 1312 ut,
636 1245 685 1299 si
709 1246 981 1301 instituta
1018 1244 1333 1301 collatione
1364 1246 1512 1301 haec
1529 1245 1736 1315 lingua
1774 1262 1914 1302 cum
1940 1246 2149 1302 ceteris
2190 1252 2593 1318 comparetur,
2635 1246 2899 1319 reliquas
2932 1260 3143 1301 omnes
3193 1248 3319 1300 tum
3380 1244 3629 1315 copiosa

204 1332 644 1389 vocabulorum
672 1334 843 1401 serie,
871 1338 997 1390 tum
1036 1334 1312 1390 miranda
1340 1333 1730 1389 dialectorum
1762 1335 2046 1391 varietate
2068 1336 2151 1391 sic
2177 1335 2399 1391 anteire
2430 1341 2487 1391 et
2514 1351 2798 1406 superare
2831 1335 3123 1399 videatur,
3158 1337 3225 1389 ut
3254 1332 3343 1389 sol
3368 1333 3426 1388 in
3454 1347 3625 1405 supe-

201 1422 331 1476 rius
364 1421 876 1494 hemisphaerium
908 1423 1236 1495 productus
1276 1429 1524 1479 cunctas
1561 1424 1754 1479 octavi
1787 1424 1949 1479 orbis
1988 1424 2187 1480 stellas
2218 1423 2537 1495 splendore
2564 1439 2675 1479 suo
2710 1423 2992 1479 offuscat.
3051 1422 3220 1478 Nulla
3269 1421 3428 1477 enim
3460 1425 3553 1476 est
3596 1436 3628 1476 e

198 1510 849 1568 circulohumanarum
863 1519 1041 1585 atque
1059 1514 1460 1583 ingenuarum
1480 1513 1693 1568 artium
1722 1528 1791 1568 ac
1816 1513 2295 1585 disciplinarum,
2320 1528 2475 1585 quae
2502 1512 2613 1568 hac
2644 1528 2867 1581 carere,
2886 1511 3053 1567 nulla
3073 1526 3231 1583 quae
3260 1510 3489 1582 absque
3510 1510 3628 1566 hac

196 1599 462 1670 perfecte
483 1601 773 1667 doceri,et
800 1602 961 1657 nulla
974 1617 1131 1674 quae
1148 1602 1377 1673 absque
1407 1602 1521 1657 hac
1546 1602 1779 1672 penitus
1794 1602 2015 1674 percipi
2042 1602 2397 1672 cognoscive
2411 1602 2620 1674 possit.
2648 1602 2700 1658 Si
2721 1606 2778 1657 et
2808 1604 2817 1669 Ι
2850 1602 3032 1666 enim,
3056 1604 3117 1654 ut
3142 1599 3273 1654 luce
3291 1597 3626 1655 meridiana

198 1685 424 1743 clarius
455 1694 562 1754 est,
594 1688 816 1745 latinus
846 1706 1044 1747 sermo
1082 1706 1113 1746 e
1144 1705 1359 1761 graeco
1389 1692 1653 1747 manavit
1683 1697 1861 1763 atque
1893 1693 2202 1762 processit,
2227 1691 2380 1748 adeo
2415 1696 2494 1757 ut,
2520 1692 2687 1764 quod
2722 1690 3013 1746 Homerus
3054 1688 3129 1744 de
3152 1702 3380 1744 oceano
3410 1687 3571 1743 canit
3611 1702 3624 1742 :

919 1833 1005 1896 Ἐξ
1042 1833 1198 1903 οὗπερ
1231 1834 1412 1893 πάντες
1449 1838 1675 1905 ποταμοὶ
1705 1837 1795 1885 καὶ
1836 1839 1981 1886 πᾶσα
2010 1832 2251 1887 θοῦασσα

923 1910 1024 1958 Καὶ
1064 1911 1233 1957 πᾶσαι
1258 1914 1447 1978 κρῆναι
1475 1910 1565 1957 καὶ
1587 1909 1781 1977 φρέατα
1813 1908 1983 1958 πάντα
2010 1907 2197 1958 νάουσι

195 2043 274 2099 de
295 2060 517 2116 graeca
538 2045 740 2116 lingua
769 2062 888 2103 non
915 2047 1207 2103 immerito
1234 2047 1349 2103 diei
1367 2047 1573 2118 possit,
1605 2063 1803 2111 nemo,
1823 2048 2059 2118 opinor,
2075 2047 2165 2103 vel
2198 2047 2761 2120 impudentissimus
2784 2046 3107 2115 negaverit,
3126 2044 3355 2116 absque
3370 2058 3621 2114 graecae

193 2133 441 2204 linguae
453 2135 1116 2208 cognitione,principio
1129 2135 1413 2192 nimirum
1428 2142 1606 2209 atque
1624 2136 1850 2205 origine
1866 2138 1966 2197 rei.
1985 2142 2257 2193 exactam
2278 2142 2457 2208 atque
2472 2136 2793 2209 perfectam
2808 2134 3283 2204 latinaelinguae
3306 2132 3615 2189 scientiam

184 2224 539 2294 comparari
566 2241 683 2280 non
708 2241 903 2296 posse.
923 2226 1089 2292 Quod
1108 2241 1276 2291 sane,
1296 2226 1365 2291 si,
1385 2232 1445 2281 ut
1468 2226 1661 2297 ipsius
1687 2226 1765 2282 rei
1794 2226 2083 2282 maiestas
2108 2227 2381 2297 exigit,in
2409 2226 2660 2296 singulis
2683 2224 2773 2280 vel
2790 2226 3009 2280 artium
3033 2222 3386 2294 disciplinis,
3402 2221 3495 2277 vel
3521 2238 3619 2278 ea-

176 2312 441 2368 rundem
459 2315 709 2370 summis
726 2313 1113 2370 facultatibus
1128 2314 1537 2371 demonstrare
1555 2321 1733 2387 atque
1752 2316 2020 2371 evincere
2040 2315 2666 2381 vellem,vereor,nein
2683 2313 2981 2369 inﬁnitum
3002 2311 3417 2368 extenderetur
3430 2311 3617 2367 oratio

176 2402 595 2458 nostra.Modo
611 2405 817 2473 paucis
833 2420 955 2459 rem
968 2402 1544 2477 delibabo,ne,quod
1563 2404 2030 2467 dixi,mendacio
2051 2404 2243 2474 magis
2257 2420 2441 2476 quam
2458 2404 2682 2460 veritati
2698 2418 3034 2472 congruum
3060 2416 3130 2457 ac
3145 2405 3614 2457 consentaneum

183 2490 479 2546 videatur.
520 2493 709 2564 Atque
731 2492 1047 2563 principio,
1083 2508 1282 2548 nonne
1311 2508 1524 2548 omnes
1547 2499 1723 2559 artes,
1757 2493 2180 2563 grammatica,
2219 2492 2552 2555 dialectica,
2582 2492 2898 2555 rhetorica,
2932 2490 3191 2556 musica,
3219 2488 3617 2554 arithmetica,

176 2580 531 2650 geometria,
548 2582 940 2650 astronomia,
956 2582 1209 2653 poetica,
1225 2582 1485 2654 politica,
1503 2582 1927 2653 therapeutica,
1946 2584 2215 2653 physica,
2233 2582 2532 2651 theologia
2549 2588 2730 2654 atque
2748 2581 2901 2637 adeo
2922 2580 3023 2634 uni
3038 2594 3209 2633 versa
3232 2577 3612 2649 philosophia

176 2670 505 2742 omnisque
551 2670 1007 2742 disciplinarum
1041 2671 1226 2734 orbis,
1258 2687 1438 2741 quem
1499 2668 1964 2743 ἔγκυκλοπαιδείαν
2013 2687 2322 2736 vocamus,
2366 2686 2614 2741 graecos
2674 2671 3031 2727 etiamnunc
3085 2668 3278 2723 fontes
3320 2666 3617 2739 sapiunt?

204 2761 217 2829 |
279 2759 449 2814 Adeo
476 2764 639 2814 utne
678 2760 927 2815 nomina
966 2761 1211 2831 quidem
1236 2759 1373 2823 alia,
1406 2776 1591 2830 quam
1627 2761 1824 2816 nativa
1845 2766 1902 2814 et
1933 2775 2149 2829 graeca
2176 2760 2513 2825 admittant,
2548 2776 2741 2832 neque
2790 2774 2899 2815 nos
2944 2756 3077 2812 aliis
3134 2754 3482 2811 nominibus
3512 2770 3615 2810 eas

181 2862 614 2917 agnoscamus,
633 2863 825 2919 eoque
847 2849 973 2903 iure
998 2864 1060 2902 se
1084 2848 1258 2903 nobis
1284 2850 1647 2920 permittant,
1674 2856 1793 2904 uta
1823 2849 2089 2904 fontibus
2116 2848 2336 2903 secludi
2362 2864 2483 2904 non
2512 2849 2831 2921 patiantur.
2862 2847 2919 2903 Si
2942 2863 2978 2901 a
3014 2845 3193 2901 literis
3225 2844 3384 2900 velut
3403 2843 3481 2899 ab
3502 2859 3616 2899 ovo

177 2952 305 2993 rem
336 2942 699 3002 retexamus,
716 2952 915 2993 nonne
934 2937 1123 2994 Latini
1148 2952 1360 2993 omnes
1382 2954 1522 2993 suas
1545 2937 1770 3004 literas,
1788 2954 1907 2993 una
1926 2938 2218 2993 duntaxat
2236 2943 2416 3009 atque
2436 2936 2621 2993 altera
2639 2937 2863 3001 demta,
2896 2950 2932 2990 a
2948 2933 3187 2989 Graecis
3212 2932 3489 2995 mutuati,
3505 2946 3615 2987 nec

182 3031 385 3082 tamen
418 3039 773 3093 graecarum
811 3025 1118 3082 literarum
1150 3025 1457 3082 concisam
1513 3026 1865 3082 brevitatem
1895 3032 1997 3082 aut
2024 3024 2223 3097 potius
2253 3025 2614 3094 elegantiam
2646 3024 2903 3096 perfecte
2932 3038 3003 3078 ac
3033 3020 3208 3093 plene
3238 3020 3322 3092 (α)
3356 3018 3613 3076 assecuti

180 3122 323 3170 sunt
349 3114 574 3179 ?Quod
604 3115 767 3169 enim
798 3114 983 3170 Latini
1014 3120 1296 3186 quatuor,
1331 3115 1387 3170 id
1422 3116 1621 3171 Graeci
1674 3115 1912 3171 duabus
1962 3116 2305 3186 exprimunt
2357 3113 2563 3179 literis,
2624 3113 2682 3168 id
2724 3112 2889 3185 quod
2928 3114 3186 3183 apparet
3240 3109 3301 3164 in
3353 3108 3613 3163 dictione

180 3202 516 3275 ἀπόφθεγμα,
545 3205 744 3274 φθίσις,
777 3210 833 3260 et
872 3203 1194 3259 similibus.
1240 3206 1444 3259 Nonne
1465 3219 1708 3276 quoque
1740 3204 2121 3260 Grammatici
2149 3203 2326 3258 huius
2350 3202 2592 3272 linguae
2633 3201 2845 3274 peritia
2886 3212 3279 3270 summopere
3321 3195 3613 3265 indigent,

180 3293 334 3349 adeo
354 3292 533 3365 utqui
565 3292 881 3364 Cristepro
913 3292 1163 3361 Christe,
1187 3294 1403 3349 eleison
1428 3293 1765 3363 proeleeson
1789 3298 1844 3346 et
1861 3296 2077 3346 sonant
2098 3295 2158 3346 et
2183 3290 2469 3353 scribunt.
2486 3294 2669 3346 rudes
2691 3296 2873 3361 atque
2889 3286 3167 3344 omnium
3197 3300 3398 3341 rerum
3421 3283 3615 3354 ignari

179 3382 598 3437 existimentur
617 3380 646 3435 ‘l
670 3381 830 3451 Quid
860 3380 934 3436 de
956 3380 1287 3449 dialectica,
1304 3381 1526 3453 quidve
1547 3380 1621 3435 de
1648 3381 1941 3436 rhetorica
1957 3380 2157 3435 dicam
2186 3380 2214 3433 ?
2242 3381 2433 3445 Quam
2462 3379 3000 3450 infinitis,quaeso,
3024 3379 3269 3430 utuntur
3286 3372 3417 3429 illae
3437 3386 3615 3428 voca-

178 3470 355 3534 bulis,
389 3485 549 3541 quae
577 3471 791 3541 partim
819 3476 956 3527 sunt
998 3486 1234 3539 graeca,
1256 3471 1471 3541 partim
1490 3485 1696 3524 eorum
1722 3469 2049 3525 imitatione
2072 3469 2521 3541 facta,quorum
2550 3468 2669 3523 vim
2688 3482 2758 3522 ac
2782 3463 3295 3536 signiﬁcationem
3323 3460 3424 3532 qui
3448 3461 3614 3530 igno-

180 3564 316 3615 rant
341 3574 534 3631 quam
557 3559 810 3628 graviter
838 3559 1299 3619 hallucinentur.
1326 3565 1535 3614 notum
1562 3558 1865 3613 omnibus.
1885 3560 1947 3613 Et
1968 3564 2123 3612 certe
2150 3558 2333 3612 multa
2353 3563 2487 3612 sunt
2506 3556 2667 3630 apud
2692 3553 3066 3610 Aristotelem
3084 3593 3096 3616 ,
3123 3566 3279 3622 quae
3306 3555 3409 3606 aut
3434 3548 3614 3606 latine

181 3648 490 3704 transferri
513 3648 737 3718 optime
767 3663 841 3703 ne
900 3651 909 3719 |
968 3654 1215 3721 queunt,
1255 3654 1357 3703 aut
1398 3647 1683 3703 translata
1713 3647 1828 3702 alio
1855 3662 2031 3701 sensu
2062 3647 2487 3717 accipiuntura
2509 3645 2843 3716 legentibus
2876 3658 3067 3715 quam
3104 3642 3181 3696 ab
3205 3656 3275 3695 eo
3308 3639 3609 3695 dicuntur.

184 3736 333 3804 Quin
348 3741 408 3792 et
426 3740 633 3808 poetas
650 3752 1000 3806 graecarum
1019 3738 1323 3793 literarum
1344 3736 1586 3805 ignaros
1606 3736 1909 3791 incassum
1926 3736 2196 3793 laborem
2221 3736 2521 3806 suscipere
2540 3750 2610 3788 ac
2632 3748 2942 3805 nunquam
2960 3732 3264 3785 Musarum
3284 3728 3610 3799 penetralia

184 3825 420 3895 ingredi
440 3840 618 3897 posse
637 3826 727 3881 vel
750 3842 820 3882 ex
844 3841 913 3882 eo
928 3830 1111 3898 patet,
1133 3826 1298 3898 quod
1321 3841 1530 3880 omnes
1555 3824 1791 3880 fabulae
1815 3840 1885 3880 ac
1904 3824 2190 3895 figmenta
2209 3824 2440 3893 poetica
2464 3839 2493 3878 e
2515 3823 2751 3878 Graecis
2772 3820 3096 3893 pendeant.
3117 3817 3267 3882 Quid
3289 3816 3363 3871 de
3385 3816 3611 3871 mathe-

186 3915 423 3970 maticis
438 3915 698 3970 scientiis
712 3914 924 3987 loquar
941 3916 969 3972 ?
984 3915 1119 3972 Illae
1143 3924 1263 3971 tam
1276 3915 1665 3985 possuntsine
1688 3914 1915 3983 graecis
1930 3913 2109 3967 literis
2125 3911 2377 3983 perfecte
2393 3912 2598 3975 teneri,
2617 3925 2802 3981 quam
2824 3909 2948 3962 sine
2972 3906 3204 3979 graecis
3217 3903 3563 3960 auctoribus
3581 3902 3610 3957 ?

187 4000 351 4065 Quis,
386 4014 638 4071 quaeso,
667 4000 777 4055 nisi
805 4000 1062 4055 Graecus
1091 4000 1358 4069 intelligit
1414 4002 1715 4057 Euclidem
1743 4004 1771 4059 ?
1802 4003 1938 4073 quis
1991 4000 2391 4056 Ptolemaeum
2419 3998 2447 4054 ?
2484 3999 2619 4072 quis
2650 3997 2919 4069 proclum
2947 3997 2975 4053 ?
3009 3994 3153 4061 Quis
3210 3993 3316 4047 nisi
3351 3994 3608 4048 Graecus

186 4088 513 4160 explicabit
543 4088 689 4160 quid
720 4088 795 4143 sit
826 4090 1115 4159 lrigonus,
1140 4090 1285 4161 quid
1315 4098 1681 4161 tetragonus,
1715 4091 1854 4163 quid
1882 4105 2109 4157 manas,
2143 4088 2289 4160 quid
2322 4090 2487 4153 trias,
2521 4086 2670 4161 quid
2699 4086 2993 4153 diapente.
3029 4082 3176 4155 quid
3208 4081 3604 4147 diatessaron,

186 4178 328 4250 quid
360 4176 709 4244 excentrici,
742 4177 887 4249 quid
916 4179 1299 4247 syncentrici,
1333 4181 1475 4250 quid
1502 4180 1796 4251 epicyclii,
1824 4180 1973 4252 quid
1996 4181 2279 4249 eclypses,
2309 4184 2366 4233 et
2392 4178 2519 4234 eius
2546 4176 2780 4247 generis
2802 4178 2969 4229 tanta
2992 4172 3186 4237 turba,
3218 4176 3280 4226 ut
3303 4168 3605 4226 audiendo

188 4267 353 4338 prius
384 4281 569 4339 quam
597 4268 1134 4323 commemorando
1163 4270 1368 4323 omnia
1415 4267 1727 4340 defatigari
1766 4271 1901 4341 quis
1953 4269 2162 4341 possit.
2192 4268 2278 4323 Ad
2308 4268 2492 4322 serias
2536 4282 2678 4321 vero
2711 4270 2889 4336 atque
2921 4261 3142 4319 arduas
3182 4260 3233 4315 si
3258 4257 3606 4333 pragrediar

188 4354 562 4427 disciplinas,
584 4354 881 4411 medicina
906 4360 1211 4427 tantopere
1232 4356 1453 4428 indiget
1476 4358 1704 4427 graecis
1727 4358 2005 4423 literis,ut
2026 4358 2130 4431 qui
2153 4357 2282 4413 eius
2305 4355 2648 4427 cognitione
2670 4359 2931 4417 careant,
2947 4351 3115 4416 dum,
3138 4356 3202 4405 ut
3227 4353 3407 4422 poeta
3432 4345 3610 4402 canit.

941 4500 1197 4571 Φάρμακα
1224 4498 1384 4552 πολλὰ
1404 4504 1695 4573 μεμιγμένα
1723 4499 1891 4574 λυγρὰ
1920 4504 2010 4553 καὶ
2041 4498 2201 4551 ἐσθλά

198 4641 560 4707 ministrant,
588 4645 863 4710 aegrotos
892 4656 1013 4697 non
1058 4657 1194 4698 raro
1224 4642 1282 4697 in
1313 4647 1645 4697 extremum
1687 4641 1842 4695 vitae
1880 4638 2208 4712 periculum
2232 4636 2567 4694 coniiciant.
2616 4637 2765 4691 Cum
2797 4632 2957 4688 enim
2990 4632 3143 4703 phar
3203 4632 3212 4699 |
3276 4643 3609 4690 macorum,

198 4729 1201 4802 unguentorum,cataplasmatum,
1226 4730 1560 4802 potionum,
1585 4729 2123 4793 ceromatum,item
2147 4726 2567 4790 animantium,
2590 4723 2930 4795 plantarum
2952 4733 3357 4791 gemmarum,
3378 4715 3616 4771 morbo-

198 4833 353 4885 rum,
371 4818 798 4885 remediorum,
816 4820 1369 4883 instrumentorum,
1388 4820 1724 4891 ponderum
1745 4825 1800 4873 et
1819 4834 2237 4874 mensurarum
2257 4813 2551 4871 vocabula
2571 4812 2777 4868 omnia
2794 4813 2908 4865 sint
2930 4824 3165 4879 graeca,
3188 4806 3343 4879 quis,
3368 4819 3613 4877 quaeso,

200 4908 345 4963 citra
362 4908 545 4964 huius
563 4907 802 4981 linguae
831 4909 1231 4980 cognitionem
1255 4910 1421 4981 periti
1452 4908 1661 4963 medici
1680 4907 1859 4962 laude
1872 4923 1940 4962 ac
1961 4906 2283 4978 praeconio
2302 4902 2575 4960 exornari
2603 4905 2899 4956 mereatur
2914 4897 2942 4952 τ
2957 4897 3098 4962 Quis
3116 4895 3541 4967 Hippocratem
3563 4897 3620 4946 et

201 4998 498 5053 Galenum
524 4998 793 5053 omnium
835 4998 1205 5054 medicorum
1232 5003 1549 5071 κορυφαίους
1580 5003 1634 5051 et
1667 4992 1815 5069 δᾳδοη

1835 5015 1997 5068 κους,
2025 4996 2099 5050 de
2129 4994 2350 5067 quibus
2379 5009 2439 5047 re
2467 5006 2603 5047 vera
2640 4990 2755 5045 dici
2783 4990 2988 5060 posset
3018 4985 3181 5057 quod
3216 4982 3449 5038 fuerint.

951 5140 1144 5213 ’ἰητροὶ
1178 5135 1382 5213 ἀνδρῶν
1410 5138 1605 5193 πολλῶν
1640 5138 1873 5202 ἀντάξιοί
1896 5137 2080 5203 ἄλλων,

202 5280 359 5353 quis,
385 5280 667 5352 inquam,
695 5295 799 5335 eos
821 5279 1053 5353 absque
1070 5280 1246 5336 huius
1266 5280 1505 5351 linguae
1534 5280 1782 5336 scientia
1803 5278 2107 5349 intelliget,
2132 5277 2270 5351 quis
2289 5275 2593 5338 enodabit,
2622 5272 2759 5346 quis
2783 5272 3115 5341 genuinum
3148 5281 3473 5338 verumque
3490 5280 3620 5322 sen-

207 5387 339 5427 sum
359 5386 432 5427 ex
453 5368 527 5426 iis
552 5370 759 5427 eruet?
778 5372 893 5427 Nec
912 5386 1049 5427 vero
1070 5371 1213 5427 iuris
1230 5371 1607 5444 prudentiam
1627 5385 1876 5441 graecae
1899 5369 2133 5440 linguae
2153 5364 2518 5424 adminiculo
2538 5378 2736 5420 carere
2758 5377 2950 5435 posse,
2967 5359 3107 5417 hinc
3127 5355 3613 5414 ﬁtmanifestum.

1808 5538 2063 5596 NOTAE.

277 5701 357 5771 (α)
381 5701 587 5763 Corr.,
629 5695 824 5757 Palth.
858 5698 1046 5768 pleni.
1080 5696 1234 5755 EDIT.
