4088 6192
523 251 634 306 303
1597 247 1996 304 ZACHARIAE
2037 249 2137 302 PA.

2289 249 2417 305 ΞΝΙΙ
2461 249 2864 306 PHAEFATIO
3815 254 3903 309 364

521 376 685 449 quod
711 377 995 450 epistolae
1027 382 1082 434 et
1134 378 1422 449 rescripta
1477 377 1908 449 imperatorum
1961 375 2336 448 aliorumque
2384 376 2924 432 iureconsultorum
2982 389 3275 444 responsa
3327 373 3610 447 pleraque
3654 391 3901 433 sermone

525 481 739 536 graeco
771 467 1005 538 prolata
1029 474 1206 540 atque
1235 467 1394 522 edita
1416 466 1550 530 sint,
1583 466 1926 536 multaeque
1953 480 2127 520 voces
2155 471 2209 520 et
2238 466 2563 521 sententiae
2594 481 2950 534 graecorum
2982 463 3504 535 philosophorum,
3537 470 3828 533 poetarum
3855 473 3902 521 et

525 562 826 612 oratorum
852 561 1142 628 tanquam
1175 572 1447 626 gemmae
1480 561 1534 611 et
1564 555 1797 609 lumina
1823 554 2110 609 orationis
2139 554 2215 609 ad
2250 570 2342 608 res
2375 555 2808 625 signiﬁcantius
2829 553 3252 625 exprimendae
3296 553 3555 607 insertae
3591 553 3723 609 sint.
3769 556 3900 619 Quin

526 646 703 701 etiam
736 646 965 717 aliquot
991 653 1128 701 sunt
1148 646 1307 716 leges
1340 651 1395 700 et
1422 644 1590 709 tituli,
1615 659 1769 715 quos
1795 648 1943 698 totos
1975 659 2010 698 a
2042 644 2050 710 Ι
2085 643 2323 698 Graecis
2351 644 2596 699 mutuati
2623 650 2761 698 sunt
2785 641 3188 707 iureconsulti,
3215 642 3293 696 ab
3315 641 3622 696 Aristotele
3651 642 3898 699 nimirum

529 734 730 790 titulus
759 736 832 791 de
861 739 1078 801 usuris,
1107 752 1142 789 a
1168 735 1406 805 platone
1438 735 1510 803 ff.
1545 734 1615 789 de
1645 733 1932 788 nundinis
1970 733 2008 788 ι.
2039 735 2091 795 2,
2122 733 2204 786 sic
2237 732 2439 788 titulus
2478 734 2551 789 de
2588 735 2789 801 poenis
2835 748 2904 786 ex
2939 734 3191 787 Homero
3219 735 3274 784 et
3305 729 3713 785 Demosthene.
3759 733 3900 788 Sum-

525 838 766 893 mopere
799 839 940 893 ergo
972 839 1324 892 graecarum
1356 823 1661 878 literarum
1687 837 1801 892 ope
1832 821 2054 892 indiget
2085 821 2284 891 legum
2330 822 2555 891 cupida
2595 823 2887 877 iuventus.
2924 819 3129 886 Quoad
3176 818 3542 887 theologiam
3583 834 3737 883 vero,
3766 836 3898 891 quae

524 911 702 968 nobis
741 918 1123 968 sacrosancta
1150 911 1392 967 oracula
1413 917 1591 982 atque
1618 911 1769 966 adeo
1798 910 2006 966 salutis
2042 915 2282 966 nostrae
2314 927 2616 967 summam
2649 910 2848 976 tradit,
2878 910 2925 964 si
2955 909 3090 981 quis
3120 908 3302 963 huius
3326 908 3567 978 linguae
3597 908 3897 976 cognitione

526 1017 590 1056 se
619 1016 817 1056 carere
844 1016 1023 1072 posse
1051 1005 1300 1066 asserat,
1336 1000 1384 1055 is
1411 1000 1558 1056 mihi
1587 1015 1708 1055 non
1735 999 1992 1055 multum
2026 999 2319 1054 absimilis
2360 1000 2593 1056 videtur
2625 1015 2753 1055 esse
2784 999 2855 1063 ei,
2888 999 2990 1071 qui
3021 998 3250 1070 absque
3281 997 3643 1053 nutrimento
3691 1001 3741 1052 et
3783 997 3894 1054 cibo

525 1105 745 1160 corpus
765 1089 1001 1145 salvum
1019 1094 1077 1144 et
1096 1089 1397 1145 incolume
1423 1090 1765 1144 conservari
1787 1088 2019 1144 statuit.
2053 1091 2257 1144 Nonne
2285 1104 2494 1144 omnes
2514 1087 2940 1160 Evangelistae,
2959 1092 3206 1159 excepto
3237 1102 3359 1142 uno
3391 1085 3698 1150 Matthaeo,
3724 1101 3895 1142 nonne

525 1193 737 1234 omnes
767 1177 1049 1248 epistolae
1085 1177 1274 1242 Pauli,
1303 1194 1501 1233 nonne
1529 1177 1911 1250 apocalypsis
1941 1177 2190 1232 Joannis
2226 1193 2437 1246 graeco
2489 1193 2763 1233 sermone
2815 1178 3142 1250 perscripta
3188 1181 3244 1232 et
3271 1177 3345 1232 ad
3399 1191 3510 1231 nos
3559 1175 3747 1231 delata
3779 1177 3896 1231 est?

527 1269 733 1322 Nonne
772 1265 1046 1332 Basilius,
1081 1283 1281 1322 nonne
1305 1266 1787 1338 Chrysostomus,
1817 1281 2017 1320 nonne
2064 1266 2488 1334 Nazianzenus,
2515 1282 2714 1322 nonne
2770 1267 3078 1331 Eusebius,
3137 1282 3338 1322 nonne
3369 1265 3670 1335 Origenes,
3727 1281 3895 1320 nonne

526 1354 1026 1426 Theophylactus,
1055 1371 1254 1411 nonne
1285 1355 1641 1411 Athanasius
1671 1360 1848 1427 atque
1882 1354 2268 1426 Epiphanius,
2307 1356 2410 1410 viri
2438 1357 2590 1411 vitae
2623 1357 3019 1412 sanctimonia
3047 1359 3226 1428 atque
3257 1355 3591 1410 eruditione
3627 1369 3898 1410 commen-

530 1445 671 1508 dati,
705 1461 843 1500 cum
870 1445 1094 1516 quibus
1123 1461 1305 1516 quem
1337 1460 1651 1515 compares
1683 1444 2098 1516 cuiuscunque
2150 1444 2240 1499 vel
2292 1443 2531 1513 linguae
2567 1445 2656 1500 vel
2688 1445 2897 1501 aetatis
2941 1444 3299 1514 theologum,
3342 1459 3465 1498 non
3498 1443 3664 1498 facile
3703 1443 3857 1498 video
3885 1459 3893 1496 :

525 1549 749 1601 nonne,
783 1533 1054 1606 inquam,
1088 1550 1298 1589 omnes
1327 1549 1540 1603 graeco
1584 1549 1861 1588 sermone
1903 1550 2016 1588 sua
2045 1549 2229 1604 opera
2253 1534 2736 1606 conscripserunt
2775 1534 2802 1589 ‘t
2834 1534 2977 1599 Quis
3029 1547 3169 1603 ergo
3210 1550 3281 1588 ex
3329 1532 3442 1588 illis
3474 1532 3645 1587 nobis
3699 1532 3899 1586 futurus

523 1622 621 1680 fru
653 1624 663 1693 Ι
697 1628 843 1689 ctus,
872 1639 1028 1695 quae
1067 1623 1400 1678 consolatio
1432 1628 1534 1679 aut
1559 1623 1894 1693 oblectatio,
1945 1623 1990 1676 si
2024 1637 2274 1694 graecae
2317 1622 2556 1691 linguae
2598 1623 2857 1678 studium
2893 1623 3329 1693 negligeremus
3362 1622 3390 1677 ?
3422 1621 3625 1677 Nullus
3657 1628 3814 1676 certe.
3845 1623 3896 1675 Et

528 1717 678 1768 certe
709 1712 821 1768 hoc
850 1718 1045 1783 pacto,
1075 1712 1239 1784 quod
1279 1712 1449 1775 obsit,
1493 1712 1693 1766 irritus
1725 1716 1902 1784 atque
1934 1711 2129 1766 inanis
2161 1712 2357 1766 omnis
2389 1712 2625 1767 illorum
2659 1713 2831 1768 labor
2872 1712 3093 1767 fuisset.
3125 1715 3329 1767 Fateor
3373 1711 3639 1782 quidem,
3671 1726 3736 1765 ex
3766 1710 3892 1764 Lati-

527 1802 620 1858 nis
651 1806 892 1873 gustum
928 1802 1254 1858 maximum
1287 1802 1512 1858 hauriri
1541 1807 1720 1873 atque
1761 1801 1978 1873 percipi
2010 1816 2212 1872 posse,
2241 1805 2500 1856 attamen
2535 1802 2648 1857 hac
2680 1803 2736 1856 iu
2770 1809 2936 1873 parte
2963 1807 3175 1874 poetae
3214 1801 3554 1872 adstipulor
3593 1800 3690 1871 qui
3727 1799 3894 1854 canit:

1596 1969 1847 2026 Gratius
1888 1984 1960 2025 ex
1984 1969 2112 2038 ipso
2135 1969 2301 2037 fonte
2333 1969 2615 2025 bibuntur
2645 1985 2860 2040 aquae.

525 2122 680 2176 Haec
719 2135 860 2191 ergo
883 2136 1072 2193 quam
1105 2121 1312 2176 omnia
1341 2120 1442 2185 ita,
1479 2125 1541 2175 ut
1570 2120 1717 2189 dixi,
1751 2121 1837 2174 sic
1866 2134 1926 2174 se
1954 2118 2241 2186 habeant,
2269 2119 2402 2190 quis
2436 2119 2588 2174 adeo
2618 2120 2920 2191 pervicax,
2949 2119 3100 2174 adeo
3154 2119 3492 2174 obstinatae
3521 2119 3744 2188 mentis,
3775 2119 3899 2174 adeo

527 2210 715 2266 durae
747 2210 989 2265 cervicis
1012 2216 1189 2282 atque
1221 2210 1372 2264 adeo
1406 2211 1667 2281 perversi
1710 2208 1916 2280 judicii
1944 2224 2070 2263 esse
2102 2207 2308 2279 possit,
2338 2209 2438 2279 qui
2482 2215 2704 2264 tantam
2739 2209 2916 2263 huius
2960 2209 3197 2276 linguae
3227 2210 3670 2279 praestantiam,
3703 2213 3896 2262 tantam

530 2297 877 2365 dignitatem
908 2296 1297 2366 dignitatique
1329 2298 1715 2352 coniunctam
1753 2297 2062 2353 utilitatem
2094 2313 2215 2352 non
2249 2304 2558 2366 agnoscat,
2604 2297 2869 2366 agnitam
2896 2298 3214 2368 praedicet,
3243 2304 3423 2369 atque
3446 2297 3654 2351 debitis
3684 2296 3894 2350 laudum

526 2385 812 2440 encomiis
842 2386 1065 2440 ornet?
1106 2387 1276 2439 Recte
1308 2385 1484 2453 igitur
1505 2390 1684 2456 atque
1711 2387 1934 2457 optime
1963 2386 2194 2441 subtilis
2223 2386 2423 2440 iudicii
2465 2392 2643 2458 atque
2683 2387 3019 2458 profundae
3059 2387 3414 2442 eruditionis
3452 2387 3538 2441 vir
3569 2389 3626 2442 H.
3671 2387 3721 2440 S.
3768 2384 3897 2439 velut

525 2470 775 2545 παρῳδὸς
805 2474 876 2528 de
906 2473 1020 2529 hac
1044 2473 1250 2543 lingua
1280 2474 1438 2529 canit
1470 2491 1482 2530 :

1276 2643 1521 2719 Γλῴσςης
1554 2645 1818 2716 θησαυρὸς
1839 2644 2084 2714 γλῶσσαν
2119 2646 2262 2719 παρὰ
2289 2649 2462 2696 πᾶσαν
2491 2644 2703 2716 ἄριστος

1278 2712 1551 2775 Ἐλλαδικῆ
1564 2736 1604 2782 ς,
1638 2712 1818 2770 παάῶν
1844 2712 2080 2791 χαρίτων
2103 2712 2204 2769 ττᾶὺ
2229 2721 2411 2789 μέτρον
2439 2712 2693 2788 ἑχόύσης.

522 2888 591 2942 Et
617 2885 881 2958 quidem,
918 2891 981 2940 ut
1006 2885 1266 2954 ingenue
1305 2885 1515 2950 fatear,
1548 2890 1751 2942 tantus
1775 2902 1869 2942 me
1900 2887 2077 2942 huius
2102 2886 2341 2956 linguae
2368 2886 2614 2941 incessit
2643 2900 2834 2951 amor,
2863 2890 3028 2941 tanta
3061 2900 3155 2940 me
3184 2901 3220 2940 a
3251 2885 3469 2940 teneris
3493 2883 3610 2940 fere
3645 2883 3890 2953 unguicu-

531 2975 605 3032 lis
632 2974 883 3030 detinuit
913 2974 1235 3046 cupiditas,
1262 2981 1326 3029 ut
1354 2990 1461 3046 per
1482 2980 1670 3031 totum
1702 2981 1986 3032 semestre
2017 2975 2301 3046 spatium,
2332 2975 2560 3031 invidia
2586 2975 2746 3031 dicto
2770 2976 2949 3040 absit,
3009 2978 3017 3042 |
3077 2974 3175 3029 uni
3203 2976 3482 3030 Homero.

1819 3147 1874 3203 A
1921 3161 2035 3216 quo
2067 3160 2170 3201 ceu
2217 3147 2384 3215 fonte
2410 3146 2661 3214 perenni

1648 3217 1858 3272 Vatum
1893 3217 2102 3274 Pieriis
2145 3232 2251 3272 ora
2298 3219 2584 3286 rigantur
2614 3217 2806 3288 aquis,

539 3385 921 3458 perlegenda,
955 3384 1273 3454 relegendo
1307 3391 1482 3456 atque
1505 3385 1888 3451 revolvendo,
1930 3389 2122 3441 totum
2155 3401 2250 3439 me
2281 3385 2568 3440 dederim.
2601 3385 2755 3440 Idem
2785 3385 2943 3440 enim
2968 3385 3275 3440 accidebat
3308 3386 3477 3451 mihi,
3509 3384 3666 3458 quod
3712 3383 3788 3444 iis,
3813 3379 3897 3450 qui

535 3475 752 3543 exiguo
783 3473 985 3545 aliquo
1004 3474 1344 3530 divinorum
1364 3476 1787 3546 mysteriorum
1805 3479 1980 3544 gustu
1999 3479 2293 3546 percepto,
2315 3490 2435 3546 quo
2465 3475 2696 3545 majora
2728 3474 2841 3528 sibi
2866 3474 3121 3529 revelata
3133 3474 3349 3530 fuerint
3376 3475 3594 3544 gaudia
3615 3472 3895 3529 caelorum.

530 3579 602 3618 eo
617 3563 938 3618 ardentiori
957 3562 1248 3617 desiderio
1275 3568 1565 3618 tenentur.
1589 3564 1684 3618 Sic
1698 3578 1808 3632 ego
1822 3580 1943 3635 quo
1969 3563 2176 3634 majori
2198 3563 2426 3618 fervore
2444 3563 2556 3618 scri
2569 3571 2764 3634 ptores
2784 3579 3029 3634 graecos
3046 3570 3168 3617 tum
3185 3563 3418 3619 solutae
3438 3570 3557 3618 tum
3579 3563 3775 3634 ligatae
3791 3573 3897 3613 ora-

527 3652 707 3708 tionis
720 3651 1091 3715 evolvebam,
1114 3668 1184 3707 eo
1207 3652 1615 3707 vehementius
1647 3659 1846 3706 aestus
1880 3652 1973 3707 ille
2001 3651 2185 3707 animi
2213 3651 2574 3707 inﬂammari
2599 3652 3255 3725 atqueincendicoepit,
3279 3652 3434 3708 adeo
3454 3658 3618 3707 utme
3636 3650 3773 3704 illius
3798 3653 3898 3701 slu-

529 3741 612 3797 dii
640 3740 804 3796 nulla
831 3757 1099 3812 unquam
1131 3739 1386 3814 ἀψικορία
1408 3748 1510 3796 aut
1534 3741 1840 3796 fastidium
1864 3742 2303 3813 ceperit,etquo
2321 3741 2509 3812 magis
2536 3742 2844 3805 esurirem,
2873 3757 3183 3813 nunquam
3213 3747 3416 3797 tamen
3433 3742 3616 3797 fames
3647 3740 3736 3794 illa
3759 3735 3896 3790 seda-

526 3830 596 3895 ri,
631 3829 852 3902 expleri
881 3834 1320 3886 autexsaturari
1349 3831 1630 3902 potuerit.
1650 3832 1968 3903 Quumque
1993 3831 2106 3885 hac
2127 3831 2321 3886 hieme
2340 3848 2374 3886 a
2396 3830 2695 3886 continuis
2719 3830 3284 3902 laboribus,quibus
3310 3830 3466 3885 ultra
3495 3826 3893 3900 sesquiennium

530 3920 801 3990 obrutus,
834 3936 955 3974 non
987 3926 1189 3975 tamen
1204 3936 1528 3991 oppressus
1555 3920 1659 3985 fui,
1688 3920 2000 3990 respiratio
2032 3919 2252 3989 exigua
2281 3921 2913 3983 concederetur,incidi
2944 3920 3088 3974 forte
3111 3919 3343 3974 fortuna
3375 3920 3432 3974 in
3465 3923 3726 3973 sanctum
3749 3921 3895 3982 atque

531 4008 805 4064 divinum
822 4009 1008 4064 sancti
1030 4008 1214 4080 patris
1229 4009 1492 4064 Marcarii
1514 4010 1966 4080 opus,sanctissi
1979 4025 2108 4062 mas
2124 4009 2406 4063 nimirum
2422 4025 2451 4062 a
2464 4016 2596 4081 tque
2613 4025 2850 4064 summa
2867 4010 3081 4081 pietate
3104 4008 3348 4063 refertas
3375 4006 3891 4075 Homilias,quarum

528 4097 704 4153 lectio
739 4113 830 4151 me
863 4096 1015 4151 adeo
1045 4097 1377 4163 oblectavit,
1411 4099 1695 4152 recreavit
1728 4104 1782 4150 et
1809 4096 2076 4159 detinuit,
2110 4101 2188 4160 ut,
2219 4098 2570 4167 priusquam
2607 4099 2802 4169 spatio
2837 4099 3010 4152 trium
3043 4097 3276 4152 dierum
3310 4097 3528 4152 librum
3566 4091 3890 4150 evolvissem,

533 4185 823 4255 perversis
841 4184 991 4239 meis
1007 4185 1136 4254 cogi
1173 4191 1180 4253 |
1217 4185 1539 4240 tationibus
1561 4185 1809 4239 omnino
1831 4199 2072 4251 gravem
2103 4189 2156 4237 et
2180 4183 2494 4239 molestum
2512 4201 2604 4240 me
2627 4187 3211 4242 exliibuerim.'l‘anta
3231 4187 3394 4241 enim
3412 4185 3681 4254 religione
3702 4181 3891 4234 scatent

526 4273 641 4328 hae
675 4271 954 4328 homiliae
983 4278 1162 4343 atque
1187 4288 1514 4340 sermones,
1545 4278 1607 4326 ut
1638 4272 1730 4326 vel
1760 4272 1818 4325 in
1843 4287 2035 4341 agone
2065 4275 2269 4327 mortis
2297 4275 2680 4330 constitutum
2711 4275 2768 4330 in
2804 4279 2978 4332 vitam
3003 4277 3306 4340 reducere,
3326 4282 3506 4348 atque
3528 4268 3886 4328 consolatione

527 4361 630 4433 pia
649 4364 878 4431 praesto
897 4376 1028 4415 esse
1045 4367 1286 4432 queant.
1312 4363 1558 4416 Summa
1581 4375 1722 4429 ergo
1746 4361 2034 4415 suavitate
2054 4360 2229 4415 huius
2247 4364 2602 4418 sacerrimae
2625 4363 2892 4420 lectionis
2914 4366 3139 4420 illectus
3158 4371 3335 4436 atque
3349 4364 3672 4424 devinctus,
3690 4354 3893 4413 tandem

524 4447 850 4518 insignium
871 4448 1097 4520 aliquot
1121 4455 1176 4503 et
1202 4449 1660 4521 praecipuarum
1694 4449 2074 4504 homiliarum
2099 4450 2431 4506 versionem
2464 4455 2782 4523 aggredior
2827 4454 3069 4509 latinam
3107 4473 3119 4521 ;
3153 4470 3272 4508 non
3302 4461 3495 4508 tamen
3528 4449 3800 4508 eoanimo,
3828 4446 3893 4504 ιιι,

520 4553 675 4610 quas
695 4537 876 4593 latina
904 4543 1062 4593 veste
1092 4553 1472 4603 exornaram,
1502 4538 1663 4594 alteri
1687 4554 1920 4593 mecum
1953 4545 2148 4593 essent
2171 4542 2662 4606 communes,sed
2682 4549 2738 4597 ut
2762 4543 2959 4598 aridos
2992 4543 3211 4613 ingenii
3234 4543 3344 4596 mei
3377 4540 3595 4597 rivulos
3625 4537 3890 4604 irrigarem

525 4630 698 4699 atque
713 4626 962 4682 incultos
977 4628 1280 4683 memoriae
1299 4628 1520 4697 agellos
1535 4628 2054 4692 excolerem.Quas
2072 4627 2361 4682 latinitate
2377 4629 2629 4684 donatas
2647 4632 2980 4703 quumapud
3006 4648 3088 4684 me
3105 4631 3548 4701 conspexissent
3569 4627 3667 4680 viri
3682 4619 3892 4694 quidam

520 4715 900 4772 noninfimae
913 4716 1367 4772 existimationis
1386 4716 1914 4780 eruditionisve,illi
1930 4723 2209 4786 coeptum
2228 4720 2683 4788 urgere,instare
2699 4737 2766 4776 ac
2783 4719 3400 4790 dicere,me,si,quam
3424 4717 3734 4787 coepissem
3750 4707 3891 4763 telam

525 4804 936 4878 pertexere,ad
964 4804 1142 4860 ﬁnem
1159 4806 1566 4876 perducerem,
1587 4812 1714 4861 tum
1729 4806 1984 4876 cupidae
2012 4821 2365 4874 graecarum
2386 4806 2685 4863 literarum
2706 4810 3011 4876 iuventuti,
3033 4817 3157 4863 tum
3181 4825 3244 4864 ce
3263 4808 3397 4862 teris
3417 4794 3894 4870 omnibus,quibl15

522 4893 759 4950 animae
771 4893 929 4949 salus
945 4911 1004 4948 re
1022 4911 1158 4950 vera
1174 4911 1349 4950 curae
1377 4901 1478 4957 est,
1499 4912 1623 4950 rem
1651 4910 1767 4949 non
1792 4896 2038 4949 omnino
2058 4895 2357 4963 ingratam
2377 4899 2822 4964 praestiturum.
2841 4900 3108 4964 Quorum
3140 4897 3319 4953 tande
3334 4914 3390 4952 m
3408 4893 3625 4950 ardenti
3641 4881 3893 4944 desiderio

521 4987 576 5039 et
607 4981 1366 5055 voluntati,quodaequum
1385 4989 1528 5046 erat,
1546 4983 1885 5038 satisfacere
1914 4984 2544 5056 cupiens,opus,quod
2573 5003 2767 5057 spero,
2789 5004 2904 5042 non
2925 4988 3127 5042 inutile
3156 4989 3212 5042 in
3234 5001 3451 5041 manus
3484 4975 3781 5051 sumpsi,in
3796 4983 3893 5043 quo

521 5075 820 5144 quantum
843 5071 1062 5127 laboris
1094 5073 1395 5142 posuerim
1416 5078 1518 5128 aut
1540 5089 1642 5126 sus
1679 5074 1686 5140 |
1729 5072 2023 5136 tinuerim,
2061 5077 2201 5128 teste
2223 5079 2395 5129 erunt
2419 5074 2596 5146 ii,qui
2626 5091 2776 5147 quos
2799 5076 2924 5131 dies
2957 5082 3281 5148 noctesque
3312 5075 3366 5129 in
3402 5063 3783 5144 typographiis
3800 5074 3882 5114 n0-

526 5160 661 5217 stris
680 5160 916 5216 labores
933 5160 1237 5231 impendo,
1257 5165 1495 5216 norunt.
1513 5163 1581 5216 Ut
1594 5159 1752 5214 enim
1768 5160 1962 5216 factae
1979 5162 2361 5232 promissioni
2378 5169 2555 5235 atque
2571 5166 2734 5237 prelo
2749 5166 3153 5223 satisfacerem
3166 5208 3178 5231 ,
3198 5169 3512 5220 nocturnas
3529 5154 3795 5231 quasdam
3807 5149 3893 5202 ho'

522 5265 619 5305 ras
651 5248 930 5304 suﬂurari
955 5264 1197 5303 necesse
1216 5248 1340 5314 fuit,
1375 5265 1633 5320 quarum
1663 5253 1864 5304 tamen
1889 5250 2189 5306 molestias
2213 5256 2267 5306 et
2288 5255 2693 5324 asperitatem.
2725 5260 2782 5311 ut
2811 5272 2927 5310 non
2952 5256 3459 5327 persentiscerem,
3480 5249 3607 5304 vicit
3630 5255 3783 5300 amor
3801 5237 3885 5327 lin-

527 5351 701 5408 guae,
718 5338 1023 5408 superavit
1036 5336 1172 5408 ipsa
1184 5337 1381 5408 operis
1397 5340 1753 5404 amoenitas,
1771 5339 1987 5394 levavit
2001 5356 2109 5394 con
2121 5341 2483 5398 solationum
2499 5343 2912 5416 copia,molliit
2935 5326 3200 5399 caelestis
3216 5344 3416 5399 animo
3438 5337 3659 5409 depicta
3672 5326 3882 5401 requies:

538 5425 690 5483 adeo
722 5431 804 5492 ut,
828 5425 1067 5498 Sisyphi
1095 5442 1310 5481 saxum
1341 5426 1484 5481 dum
1506 5428 1827 5496 volverem,
1859 5427 1919 5483 id
1948 5445 1982 5483 a
2014 5445 2108 5485 me
2139 5430 2292 5485 volvi
2318 5431 2562 5487 minime
2577 5433 2876 5488 sentirem.
2908 5435 3204 5499 Quoniam
3234 5448 3390 5497 vero,
3424 5419 3889 5484 utﬁerisolet,DOD

529 5513 839 5572 defuturos
869 5516 1192 5587 iniquiores
1219 5515 1451 5588 aliquos
1483 5532 1757 5572 censores
1782 5523 1835 5572 et
1862 5519 2220 5574 aristarchos
2255 5521 2516 5584 verebar,
2546 5521 2650 5592 qui
2673 5523 3158 5579 minuslaborem
3184 5523 3342 5579 hunc
3370 5531 3564 5574 meum
3589 5503 3884 5585 probarent,

546 5618 765 5676 operae
792 5604 1042 5675 pretium
1071 5619 1201 5659 esse
1231 5621 1362 5660 sum
1382 5608 1817 5678 ratus,siquem
1849 5613 2167 5680 patronum
2193 5608 3003 5684 operihuicquaererem,qui
3026 5613 3222 5686 ipsum
3252 5616 3305 5667 et
3334 5606 3648 5665 eruditione
3669 5602 3888 5664 suapro-
