4078 6194
239 319 341 375 305
1151 327 1246 380 AD
1289 325 1680 385 EDlTIONEM
1722 325 1896 382 HOM.
1937 324 2000 382 S.
2042 324 2344 380 MACARII
2382 323 2738 381 AEGYPTII.
3537 323 3645 382 306

235 442 380 500 bare
413 449 472 500 et
513 451 724 504 contra
755 448 927 514 alios.
974 466 1086 524 pro
1124 469 1185 509 re
1229 458 1378 518 rata,
1425 457 1736 525 protegere
1775 456 1994 523 posset.
2044 454 2192 507 Eum
2228 456 2428 507 autem
2459 451 2621 524 quod
2672 453 2766 516 Te,
2808 451 3101 508 Suicarde
3130 451 3212 523 (a)
3251 452 3643 522 nobilissime,

230 548 372 604 prae
425 537 637 591 ceteris
677 537 1014 609 selegerim,
1059 542 1258 614 plures
1296 542 1466 598 reddi
1500 549 1746 614 possunt
1771 557 2012 599 causae.
2043 543 2186 597 Cum
2231 541 2448 596 etenim
2477 541 2561 596 Tu
2599 557 2752 596 unus
2792 541 2894 607 sis,
2935 557 3117 614 quem
3143 541 3256 596 hac
3287 547 3478 596 aetate
3511 549 3637 597 tum

225 630 469 694 propter
494 625 746 681 eximias
777 629 967 684 animi
998 629 1187 697 dotes,
1215 638 1338 687 tum
1366 637 1607 704 propter
1638 631 1947 704 praeclara
1980 630 2211 686 virtutis
2239 637 2614 696 ornamenta,
2645 646 2802 702 quae
2829 631 2905 685 ad
2945 630 3252 686 hominem
3289 629 3634 685 ornandum

224 712 530 768 cumulate
570 715 766 772 valere
809 725 1080 790 possunt,
1115 721 1240 776 iure
1272 721 1483 776 merito
1523 722 1879 792 suspiciunt,
1915 721 2289 776 admirantur
2327 735 2398 774 ac
2437 726 2794 776 venerantur
2823 735 3052 785 omnes,
3087 721 3178 775 cui
3213 720 3412 790 potius
3444 734 3633 791 quam

251 803 353 870 |T.
403 804 466 858 Β.
499 805 563 859 D.
590 805 827 862 excelso
867 811 1049 880 atque
1081 809 1455 866 nobilissimo
1489 811 1719 866 nomini
1763 815 2006 866 sanctas
2033 810 2223 866 sancti
2267 808 2500 864 Macarii
2541 808 2828 865 Homilies
2869 809 3244 878 insignirem,
3287 808 3631 863 dedicarem

223 896 402 962 atque
427 906 873 951 consecrarem.
903 897 1056 964 Quid
1087 899 1244 954 enim
1273 898 1348 955 de
1378 899 1498 955 alta
1517 904 1575 955 et
1604 900 1856 972 antiqua
1875 898 2206 954 stemmatis
2229 898 2331 952 Tui
2353 897 2640 968 progenie
2658 903 2712 952 et
2732 896 2975 966 familia,
2999 913 3155 970 quae
3183 896 3384 952 multis
3411 895 3632 952 abhinc

224 979 480 1036 saeculis
511 998 758 1040 summa
787 1001 1028 1058 semper
1053 987 1239 1058 viguit
1276 987 1478 1054 laude,
1506 988 1683 1061 plura
1706 989 1900 1044 dicam
1927 987 1958 1040 ‘?

1458 1113 1664 1169 Fortes
1693 1116 1982 1169 creantur
2008 1111 2290 1180 fortibus,

1463 1184 1571 1240 Est
1597 1184 1661 1240 in
1692 1184 1975 1248 iuvencis,
2001 1187 2087 1239 est
2111 1185 2174 1238 in
2201 1182 2363 1254 equis
2393 1186 2635 1250 patrum

1482 1255 1700 1321 Virtus,
1733 1271 1840 1311 nec
1868 1255 2161 1310 imbellem
2187 1255 2414 1323 feroces

1469 1327 1882 1396 Progenerant
1910 1327 2154 1398 aquilae
2173 1324 2526 1381 columbam.

207 1441 530 1500 Testantur
553 1445 668 1502 hoc
693 1447 826 1519 ipsa
843 1448 1234 1506 historiarum
1255 1455 1650 1506 monumenta
1673 1465 1778 1521 per
1801 1455 1987 1504 totam
2017 1450 2394 1504 Germaniam
2415 1453 2593 1520 atque
2612 1447 2764 1504 adeo
2793 1451 2982 1503 totum
3015 1447 3134 1503 fere
3160 1447 3389 1516 orbem,
3411 1446 3634 1520 quibus

203 1534 390 1588 virtus
413 1536 622 1592 Vestra
642 1537 952 1604 illustrata,
979 1541 1182 1609 ignota
1204 1539 1430 1594 diutius
1456 1555 1588 1594 esse
1609 1540 1832 1612 nequit.
1855 1541 2044 1594 Taceo
2066 1538 2460 1608 Imperatores
2484 1544 2539 1591 et
2558 1538 2872 1608 Principes,
2898 1542 2953 1592 et
2973 1552 3092 1591 non
3116 1536 3478 1592 domesticos
3505 1541 3638 1592 tan-

203 1625 350 1686 tum,
375 1622 486 1678 sed
517 1631 796 1681 externos
812 1629 1012 1694 etiam,
1033 1630 1254 1700 quibus
1285 1627 1604 1700 prudentia
1636 1628 2135 1698 Cronbergiorum
2164 1627 2222 1681 in
2245 1626 2529 1689 consiliis,
2554 1626 2835 1682 fortitudo
2858 1626 2917 1681 in
2937 1626 3114 1681 rebus
3145 1625 3392 1691 bellicis,
3415 1631 3468 1681 et
3500 1626 3637 1680 usui

200 1717 255 1765 et
274 1727 561 1768 summae
579 1730 817 1785 semper
841 1716 1218 1774 admirationi
1247 1717 1373 1772 fuit.
1399 1717 1554 1783 Quid
1576 1717 1651 1772 de
1680 1717 1986 1774 Guilielmo
2008 1715 2387 1785 Cronbergio,
2410 1717 2606 1788 equite
2625 1721 2835 1771 aurato
2852 1715 3071 1779 dicam,
3101 1715 3270 1769 cuius
3291 1719 3348 1769 et
3369 1714 3555 1769 virtus
3577 1719 3634 1772 et

199 1798 889 1874 iortitudo,quumludis
904 1806 1282 1878 equestribus
1297 1812 1599 1876 Augustae
1612 1806 1987 1863 Trevirorum
2002 1822 2038 1862 a
2057 1806 2332 1862 Conrado
2352 1807 2392 1861 ll
2410 1809 2766 1877 imperatore
2783 1810 2840 1860 et
2854 1804 3139 1859 Franciae
3153 1803 3463 1860 Orientalis
3477 1803 3632 1860 duce

201 1886 487 1946 institutis
517 1905 618 1946 rex
647 1892 1083 1962 praeﬁceretur,
1113 1901 1292 1968 atque
1317 1895 1709 1966 amplissimis
1759 1896 2035 1951 victoriae
2069 1893 2334 1969 βραϐεἰοις
2362 1901 2616 1949 onustus
2645 1893 2724 1949 do
2775 1896 2786 1964 Ι
2849 1909 3014 1948 mum
3049 1897 3458 1956 reverteretur,
3493 1896 3632 1948 ante

202 1978 392 2036 multa
409 1981 655 2038 saecula
678 1983 974 2039 emicuit?
999 1985 1146 2051 Quid
1168 1986 1242 2042 de
1267 1987 1556 2042 Eberwini
1582 1985 1850 2058 episcopi
1867 1985 2321 2040 Wormatiensis
2341 1983 2418 2040 ab
2444 1983 2682 2039 heroico
2709 1987 2901 2038 vestro
2925 1986 3237 2037 stemmate
3251 1980 3366 2036 orti
3391 1981 3630 2050 pietate,

203 2068 359 2124 vitae
381 2069 720 2140 integritate
740 2077 921 2145 atque
944 2075 1258 2132 sanctitate
1279 2075 1502 2141 dicam,
1525 2074 1632 2148 qui
1659 2074 1818 2131 velut
1846 2074 1995 2130 inter
2016 2080 2209 2129 cetera
2235 2080 2396 2129 astra
2414 2088 2666 2128 aurorae
2691 2071 2854 2126 sidus
2881 2070 3159 2126 elucescit
3179 2069 3207 2124 ‘l
3230 2070 3378 2134 Quid
3402 2068 3476 2124 de
3502 2069 3634 2124 Phi-

203 2156 713 2230 lippiCronbergii
728 2159 1069 2219 fortitudine
1089 2169 1269 2236 atque
1285 2164 1534 2220 infracto
1554 2165 1780 2232 animo,
1798 2180 1980 2236 quem
2004 2163 2327 2234 imperator
2349 2161 2592 2218 Carolus
2611 2161 2786 2216 huius
2818 2160 3076 2216 nominis
3101 2161 3160 2224 V,
3177 2158 3552 2228 exigentibus
3569 2156 3631 2213 id

202 2246 332 2300 eius
347 2246 575 2302 meritis
588 2253 769 2321 atque
784 2251 958 2306 animi
973 2251 1212 2307 dotibus
1228 2252 2124 2323 praestantissimis,mititaribus
2138 2253 2324 2322 copiis
2340 2251 2623 2321 praefecit
2635 2257 2815 2322 atque
2830 2249 3158 2321 primarium
3175 2247 3477 2304 ductorem
3493 2262 3635 2303 con-

204 2334 390 2390 stituit
405 2333 600 2401 ‘iQuid
612 2337 687 2393 de
700 2338 1067 2411 reliquorum
1082 2357 1322 2396 summa
1341 2341 1678 2410 cognitione
1699 2347 1754 2396 et
1772 2341 2018 2396 scientia
2040 2341 2458 2411 bonarumque
2477 2340 2777 2396 literarum
2797 2338 3126 2394 eruditione
3144 2336 3631 2408 dicam,quorum

203 2424 486 2480 omnium
497 2425 688 2495 gloria
703 2432 760 2482 et
779 2431 1004 2485 aeterni
1027 2429 1291 2487 nominis
1308 2430 1471 2487 fama
1496 2431 1552 2485 in
1573 2430 1808 2486 excelso
1824 2432 2018 2503 posita
2036 2436 2122 2486 est
2141 2427 2313 2486 loco?
2331 2430 2434 2486 Cui
2453 2445 2572 2484 non
2595 2429 2834 2497 cognita
2857 2433 3036 2499 atque
3059 2431 3373 2498 perspecta
3389 2441 3633 2483 summa

201 2512 392 2568 animi
418 2515 796 2583 magnitudo,
830 2517 1168 2588 prudentia,
1202 2519 1428 2589 religio.
1460 2522 1647 2592 pietas
1667 2526 1723 2575 et
1754 2520 2097 2576 humanitas
2120 2518 2604 2574 reverendissimi
2635 2522 2818 2590 atque
2843 2515 3218 2572 illustrissimi
3254 2513 3539 2585 Principis
3561 2529 3633 2570 ac

203 2601 443 2658 Domini
478 2603 545 2660 D.
583 2603 870 2661 Waltheri
900 2606 1265 2679 Cronbergii,
1299 2609 1477 2665 totius
1507 2608 1745 2666 Ordinis
1777 2608 2080 2664 Teutonici
2109 2623 2212 2680 per
2241 2607 2472 2662 Italiam
2512 2611 2570 2662 et
2598 2607 2978 2662 Germaniam
3009 2604 3269 2674 Magistri
3296 2603 3559 2676 supremi
3600 2603 3628 2660 ‘l

201 2691 381 2747 Cuius
415 2691 502 2746 rei
530 2693 868 2751 teslimonia
902 2711 933 2752 e
956 2698 1344 2770 scriptoribus
1370 2697 1739 2768 dignissimis
1765 2697 2095 2754 clarissima
2121 2702 2297 2769 atque
2319 2696 2767 2752 evidentissima
2785 2695 2902 2768 peti
2929 2700 3187 2765 possent,
3213 2695 3261 2749 si
3295 2709 3387 2748 res
3427 2697 3625 2766 postu-

199 2777 368 2834 laret.
385 2780 608 2837 Verum
621 2797 693 2838 ne
705 2789 950 2842 externa
971 2788 1251 2858 prosequi
1272 2787 1499 2852 videar,
1527 2788 1931 2843 Hartmannus
1950 2801 1986 2842 a
2003 2787 2152 2841 Cron
2187 2788 2196 2855 Ι
2231 2785 2395 2855 berg,
2417 2785 2614 2840 senior
2636 2799 2782 2840 suae
2796 2783 3002 2838 aetatis
3025 2785 3084 2838 P.
3101 2784 3192 2847 M.,
3215 2781 3628 2838 nobilissimus

199 2863 295 2919 ille
313 2873 454 2920 tuus
467 2868 981 2940 parens,quantis,
1008 2885 1262 2943 quaeso,
1287 2871 1622 2938 virtutibus,
1642 2883 1879 2946 quanta
1895 2875 2081 2931 animi
2099 2877 2457 2940 constantia,
2482 2873 2702 2929 iustitia
2719 2880 2900 2944 atque
2923 2872 3130 2927 ceteris
3149 2872 3432 2926 virtutum
3451 2885 3629 2926 orna-

201 2955 419 3009 mentis
433 2954 1369 3032 emicuit?Tantisquidem,utad
1385 2977 1688 3018 summam
1707 2963 1876 3019 illum
1888 2963 2238 3032 dignitatem
2253 2979 2383 3016 sum
2394 2976 2644 3033 mosque
2659 2961 2916 3016 honores
2929 2959 3250 3022 evexerint,
3268 2963 3449 3030 atque
3463 2957 3627 3029 apud

199 3042 781 3102 Reverendissimum
798 3045 1272 3105 Illustrissimum
1295 3049 1632 3123 Principem
1657 3051 1983 3108 Electorem
2011 3051 2423 3120 Moguntinum
2443 3055 2670 3105 tantam
2693 3050 2871 3104 fidem
2897 3053 3076 3118 atque
3101 3047 3514 3103 auctoritatem
3544 3045 3626 3101 illi

197 3131 594 3202 conciliarint,
618 3139 679 3190 ut
706 3135 855 3192 nihil
877 3135 1072 3198 ardui.
1097 3138 1386 3212 nihilque,
1413 3140 1580 3213 quod
1601 3141 1850 3196 alicuius
1874 3141 2160 3197 momenti
2181 3139 2268 3196 vel
2304 3139 2583 3211 ponderis
2601 3145 2773 3202 esset,
2800 3137 3103 3203 incideret,
3131 3135 3190 3190 in
3214 3136 3384 3191 cuius
3407 3133 3625 3189 delibe-

195 3221 494 3277 rationem
517 3237 589 3278 ac
605 3222 1024 3282 difﬁnitionem
1043 3242 1164 3283 non
1187 3227 1362 3284 fuerit
1386 3229 1717 3294 adhibitus,
1738 3231 1857 3287 imo
1881 3230 2205 3302 praecipuo
2227 3228 2358 3285 loco
2384 3227 2628 3283 habitus
2645 3227 2672 3281 ?
2696 3226 2849 3292 Quid
2873 3241 3010 3281 vero
3032 3225 3240 3280 fratres
3261 3227 3437 3290 Tuos,
3463 3224 3622 3279 viros

196 3309 609 3367 nobilissimos
643 3327 992 3381 memorem,
1021 3329 1282 3388 quorum
1328 3317 1545 3389 singuli
1591 3319 1647 3374 in
1686 3319 2080 3376 lllustrissimi
2112 3318 2400 3389 Principis
2435 3315 2714 3372 Electoris
2749 3314 3072 3386 Moguntini
3106 3315 3425 3370 consilium
3455 3313 3623 3370 asciti

199 3399 376 3454 tantis
402 3400 594 3455 animi
612 3399 854 3458 dotibus
871 3405 1063 3459 ornati
1089 3410 1248 3472 sunt,
1267 3409 1330 3461 ut
1342 3421 1413 3462 ex
1432 3421 1508 3469 re,
1535 3424 1603 3463 ex
1624 3415 1908 3480 tempore,
1935 3408 2010 3464 de
2026 3406 2368 3480 qualibetre
2392 3407 2470 3462 ad
2483 3407 2786 3476 negotium
2802 3419 3050 3478 quoquo
3067 3403 3248 3459 modo
3273 3405 3620 3476 pertinente,

197 3487 336 3559 quid
360 3487 526 3544 facto
556 3505 713 3560 opus
746 3491 839 3554 sit,
865 3491 1216 3559 deliberare,
1235 3498 1360 3552 tum
1388 3496 1706 3552 commode
1729 3514 1848 3570 quo
1872 3497 1946 3553 de
1973 3498 2085 3564 his,
2106 3513 2262 3569 quae
2294 3496 2775 3560 deliberaverint,
2795 3495 3014 3560 dicere,
3043 3509 3252 3566 eaque,
3280 3493 3513 3565 quoties
3531 3507 3624 3547 res

193 3578 475 3646 exegerit,
501 3577 795 3634 conﬁcere
819 3580 1072 3650 possint.
1093 3583 1256 3647 Quae
1284 3599 1375 3638 res
1407 3583 1621 3648 effecit,
1655 3590 1712 3639 ut
1732 3585 1807 3641 ad
1837 3586 2242 3657 amplissimas
2263 3591 2441 3658 atque
2470 3583 3109 3641 honoriﬁcentissimas
3129 3581 3514 3654 sintpromoti
3535 3581 3623 3636 di-

194 3665 475 3732 gnitates,
495 3666 718 3738 quibus
744 3683 881 3724 cum
909 3667 1088 3725 laude
1116 3678 1422 3740 praesunt.
1447 3673 1638 3729 Taceo
1652 3673 1749 3730 hic
1773 3675 2056 3746 reliquos,
2085 3691 2238 3747 quos
2260 3681 2365 3731 aut
2384 3677 2646 3744 Bnrggra
2678 3675 2688 3744 |
2722 3674 2914 3728 viatus
2938 3679 3039 3727 aut
3063 3671 3467 3742 praefecturae
3495 3687 3623 3725 am-

195 3752 470 3823 plissima
490 3753 779 3826 dignitate
811 3765 1088 3830 suscepto
1118 3757 1340 3815 balthei
1366 3760 1634 3818 militaris
1665 3763 1880 3819 decore
1907 3770 2225 3819 exornatos
2249 3769 2406 3818 totus
2427 3763 2670 3833 suspicit
2691 3762 2875 3826 orbis,
2898 3765 3016 3815 tota
3047 3765 3363 3814 veneratur
3389 3775 3459 3813 ac
3485 3757 3624 3815 colit

193 3842 538 3900 Germania.
574 3844 652 3900 De
678 3847 752 3900 Te
786 3862 946 3913 vero,
977 3849 1299 3904 reverenda
1324 3865 1393 3906 ac
1421 3851 1789 3923 amplissime
1816 3851 2591 3918 Swicarde,avitaTuorum
2626 3849 2906 3922 religione
2932 3855 2987 3904 et
3005 3847 3311 3903 nobilitate
3339 3846 3620 3901 laudatis-

192 3931 344 3987 simo
367 3933 522 4004 quid
547 3931 748 3990 dicam
766 3932 795 3988 ?
827 3936 925 3990 Cui
951 3951 1071 3992 non
1099 3943 1238 3994 sunt
1260 3939 1534 4008 cognitae
1557 3955 1627 3996 ac
1651 3948 1994 4013 perspectae
2021 3941 2335 4013 plurimae,
2351 3956 2508 4013 quae
2533 3939 2592 3995 in
2609 3943 2683 3996 Te
2706 3940 2960 4004 elucent,
2977 3938 3219 3992 virtutes
3237 3934 3266 3989 ‘i
3284 3936 3496 3995 Pietas,
3513 3934 3622 3989 hu-

191 4019 432 4098 militas,
447 4021 726 4090 comitas,
745 4022 1110 4090 humanitas,
1127 4028 1799 4098 aequanimitas,rerum
1826 4031 2213 4103 experientia,
2232 4030 2575 4099 linguarum
2591 4029 2732 4100 peri?
2746 4030 2824 4093 ia,
2840 4027 3115 4082 laborum
3131 4031 3188 4080 et
3213 4023 3619 4079 molestiarum

187 4107 531 4174 tolerantia,
545 4116 601 4164 et
622 4127 764 4183 erga
784 4127 994 4168 omnes
1011 4113 1099 4168 vel
1123 4115 1362 4172 inﬁmae
1379 4119 1550 4174 sortis
1565 4119 1844 4175 homines
1859 4126 1913 4175 et
1928 4125 2167 4190 egentes
2190 4135 2260 4174 su
2273 4135 2437 4175 mma
2454 4117 2790 4186 benignitas
2810 4121 2862 4171 et
2879 4130 3178 4188 propensa
3202 4111 3618 4169 benefaciendi

189 4197 486 4263 voluntas,
505 4204 662 4254 totus
692 4200 973 4258 virtutum
995 4203 1159 4260 orbis
1193 4206 1266 4260 Te
1291 4212 1478 4264 totum
1508 4207 1663 4264 velut
1687 4209 2010 4279 margarita
2035 4209 2336 4281 quaedam
2370 4208 2628 4279 pretiosa
2655 4205 3166 4270 circumvestiunt,
3190 4204 3265 4258 Te
3295 4209 3482 4258 totum
3507 4201 3619 4257 sibi

188 4287 498 4343 vindicant
518 4292 828 4358 totumque
851 4290 927 4346 ad
941 4308 1081 4348 suas
1106 4299 1302 4364 partes
1325 4296 1694 4367 pertrahunt.
1724 4298 1836 4354 Sed
1859 4297 1998 4354 nolo
2020 4299 2078 4353 in
2099 4299 2236 4355 Tuis
2259 4296 2540 4354 laudibus
2567 4295 3134 4366 recensendis,quae
3151 4289 3617 4349 innumerabiles

189 4375 592 4438 sunt,diutius
621 4377 1036 4444 immorari,ne
1061 4384 1217 4438 Tuas
1249 4384 1492 4440 virtutes
1518 4385 1985 4454 plurimastenui
2016 4388 2284 4444 oratione
2317 4403 2452 4442 mea
2475 4385 2680 4441 videar
2704 4385 3098 4440 imminuere:
3125 4397 3478 4456 quanquam
3509 4395 3617 4452 pro

188 4466 308 4519 Tua
333 4465 634 4521 modestia
649 4469 909 4535 graviter
933 4468 1107 4535 feras,
1129 4487 1232 4526 eas
1259 4490 1293 4528 a
1315 4489 1627 4545 quoquam
1654 4475 2009 4546 praedicari.
2031 4477 2172 4532 Illud
2197 4476 2524 4533 certissime
2545 4480 2800 4539 constat,
2821 4472 2981 4546 quod
3009 4472 3422 4528 demonstrare
3437 4469 3615 4536 volui,

187 4553 258 4609 Te
278 4570 473 4610 unum
500 4570 650 4621 esse,
679 4571 854 4628 quem
885 4557 1188 4616 literarum
1223 4561 1470 4617 scientia
1499 4564 1740 4634 expoliti
1777 4565 2084 4620 literarum
2108 4573 2162 4622 et
2196 4567 2206 4634 |
2241 4566 2523 4620 virtutum
2550 4563 2868 4620 antistitem
2900 4562 3245 4617 habeantet
3280 4560 3610 4624 observent,

188 4656 701 4716 communemque
723 4644 1100 4703 defensorem
1115 4665 1185 4703 ac
1202 4655 1528 4721 patronum
1543 4652 1657 4708 sibi
1675 4653 1944 4724 diligant.
1965 4655 2089 4720 Quo
2110 4654 2354 4711 nomine
2371 4655 2474 4709 etsi
2491 4669 2604 4723 ego
2628 4654 2686 4708 in
2709 4667 2960 4708 numero
2979 4650 3343 4706 literatorum
3368 4649 3614 4703 minime

187 4747 318 4786 sum
347 4731 758 4803 reponendus,
793 4735 842 4789 si
866 4737 938 4790 Te
972 4737 1114 4792 mihi
1146 4744 1464 4809 patronum
1497 4741 1793 4798 versionis
1826 4743 2003 4799 huius
2026 4745 2344 4808 constituo,
2373 4742 2578 4798 videor
2607 4742 2666 4797 id
2691 4757 2822 4797 meo
2855 4755 3094 4796 summo
3127 4739 3251 4793 iure
3285 4738 3606 4793 vindicare.

187 4818 380 4875 Offero
403 4835 550 4890 ergo
571 4821 718 4887 Tibi,
745 4824 1062 4880 reverende
1088 4842 1157 4882 ac
1185 4827 1516 4898 spectabilis
1539 4831 2149 4897 Swicarde,sauctum
2176 4833 2362 4888 sancti
2393 4831 2575 4886 Patris
2603 4846 2778 4902 opus,
2803 4845 2833 4884 c
2861 4843 3076 4898 graeco
3101 4841 3375 4882 sermone
3400 4825 3459 4880 in
3487 4823 3612 4880 lati-

189 4923 354 4973 num,
374 4909 661 4981 praeﬁxis
683 4918 740 4966 et
761 4911 977 4968 additis
1001 4915 1376 4984 singularum
1399 4918 1784 4976 homiliarum
1809 4921 1888 4993 (b)
1916 4922 2304 4991 argumentis,
2329 4921 2402 4975 de
2427 4921 2656 4989 integro
2677 4935 2712 4974 a
2736 4935 2827 4974 me
2842 4933 3199 4974 conversum
3229 4932 3241 4971 :
3267 4915 3430 4987 quod
3453 4929 3610 4968 vere-

185 5012 256 5051 ne
284 4997 589 5064 verterim,
611 4999 697 5054 Tu
716 5003 988 5059 omnium
1011 5005 1447 5076 sapientissime
1465 5008 1782 5074 iudicabis,
1805 5011 1854 5065 si
1875 5010 2054 5066 modo
2078 5016 2266 5075 vacat,
2295 5011 2565 5065 animum
2590 5025 2625 5064 a
2648 5008 3026 5077 gravioribus
3050 5007 3202 5062 curis
3230 5007 3302 5060 ad
3330 5010 3607 5061 sanctum

184 5089 369 5143 sancti
397 5087 594 5143 Patris
620 5105 773 5160 opus
806 5091 1234 5162 perlegendum
1266 5104 1625 5153 convertere.
1652 5099 1824 5166 Quod
1851 5101 2100 5156 omnino
2123 5099 2242 5155 iam
2269 5100 2461 5154 Tuum
2491 5097 2773 5154 benevole
2803 5096 3118 5169 suscipias,
3140 5095 3263 5150 Tuo
3292 5093 3608 5167 splendore

185 5174 460 5243 illustres,
487 5177 776 5248 dignitate
810 5181 1031 5247 foveas,
1060 5185 1408 5242 auctoritate
1432 5186 1741 5252 defendas,
1768 5193 1829 5244 ut
1855 5189 1905 5244 si
1935 5204 2055 5243 non
2077 5187 2149 5243 de
2176 5193 2437 5257 auctore,
2469 5191 2624 5242 certe
2645 5186 2719 5242 de
2752 5192 3003 5258 patrono
3037 5185 3258 5256 ubique
3287 5183 3471 5255 pessit
3495 5198 3604 5237 suo

183 5262 300 5320 iure
327 5265 573 5336 gloriari
603 5284 618 5322 :
651 5284 864 5342 meque
897 5287 1035 5328 cum
1068 5273 1198 5345 ipso
1228 5272 1291 5330 T.
1337 5276 1398 5330 Β.
1444 5277 1506 5332 D.
1541 5292 1610 5333 ex
1637 5293 1771 5333 asse
1805 5277 2149 5333 devinctum
2179 5277 2428 5348 recipias
2459 5282 2514 5331 et
2545 5292 2736 5341 ames,
2763 5283 2965 5350 atque,
3001 5274 3162 5346 quod
3198 5275 3256 5329 in
3282 5275 3355 5330 Te
3382 5277 3491 5338 est,
3525 5271 3604 5328 ad

1757 5470 2006 5528 NOTAE.

263 5632 341 5704 (α)
366 5634 462 5692 Sic
490 5635 504 5690 l
541 5638 697 5693 Enn.

259 5705 332 5776 (b)
355 5707 544 5775 Corr.,
589 5708 778 5767 Palth.
810 5710 1031 5772 additis
1059 5715 1288 5788 singuli
1309 5716 1611 5776 Homiliae
1627 5717 1770 5777 suis.
1797 5718 1873 5774 lo.
