4088 6192
526 315 631 373 307
1593 316 1999 375 ZACHARIAE
2042 320 2269 376 PALTH
2283 321 2419 376 ENII
2461 321 2855 378 PRAEFATIO
3794 335 3879 391 308

528 444 844 514 dignitates
867 451 922 500 et
944 446 1199 501 honores
1215 460 1793 516 promoveas,quam
1827 445 2154 500 humillime
2178 461 2304 502 oro.
2328 447 2500 512 Quod
2527 453 2816 519 superest,
2833 453 3141 503 aeternum
3169 450 3352 504 Deum
3377 455 3596 520 patrem
3615 454 3869 513 Liberato-

524 535 607 589 ris
633 535 816 589 nostri
847 537 979 589 Jesu
1012 533 1220 589 Christi
1251 550 1322 590 ex
1353 534 1474 589 imo
1499 547 1734 604 pectore
1765 550 1988 604 precor,
2025 539 2083 590 ut
2115 537 2521 590 Reverendam
2557 543 2566 604 |
2605 537 3079 592 Dominationem
3113 539 3380 593 Vestram
3410 545 3680 613 tanquam
3705 546 3874 615 singu-

525 621 648 677 lare
667 629 720 677 et
746 622 996 678 electum
1020 623 1243 691 gratiae
1266 639 1410 677 suae
1429 639 1722 694 organum
1747 624 1860 677 sub
1890 625 2101 678 umbra
2118 624 2351 679 alarum
2371 641 2616 680 suarum
2638 631 2926 696 protegat.
2958 626 3344 699 tranquillam
3371 633 3424 682 et
3444 635 3700 699 pacatam
3724 635 3877 691 vitam

525 711 830 780 largiatur,
859 712 1333 768 benedictionem
1356 711 1594 767 animae
1621 718 1676 767 et
1700 712 1854 768 vitae
1873 713 2156 776 conferat,
2177 717 2233 767 et
2252 715 2496 768 tandem
2521 716 2598 768 im
2611 714 2996 770 marcescibili
3018 715 3396 771 beatitudinis
3413 732 3628 774 corona
3644 729 3874 778 exornet.

597 801 963 858 Francofurti
995 818 1064 859 ex
1099 818 1232 858 meo
1262 804 1522 867 Musaeo,
1552 800 1792 857 Calend.
1820 801 2050 872 Aprilis,
2083 816 2246 858 anno
2278 818 2313 857 a
2351 808 2489 858 nato
2517 805 2668 873 Rege
2694 803 2902 930 Melissi?
2933 802 3050 930 ﬁéio
3087 804 3183 860 Dei
3214 808 3372 863 1594.

2864 946 3372 1002 devinctissimus.

2246 1019 2316 1072 Μ.
2346 1020 2662 1073 ΖΑΟΗΑηιΑε
2697 1017 3127 1074 PALTHENIUS
3157 1018 3620 1087 Fridbergensis.

544 1158 552 1227 |
615 1157 874 1232 Carmen
902 1156 1201 1232 heroicum
1231 1160 1295 1214 in
1327 1160 1507 1216 vitam
1542 1161 1609 1232 Β.
1646 1158 1900 1215 Macarii
1925 1159 2220 1232 Aegyptii,
2252 1159 2510 1214 instituti
2538 1161 2689 1215 vitae
2718 1160 3048 1232 eremiticae
3084 1160 3385 1226 Primarii,
3419 1160 3690 1227 discipuli
3719 1178 3877 1232 quon-

588 1228 725 1283 dam
753 1231 820 1302 ι).
854 1229 1051 1302 Patris
1077 1232 1326 1286 Antonii
1354 1231 1711 1287 devotissimi
1741 1235 1846 1286 etc.
1881 1230 1959 1302 ad
1990 1231 2234 1285 eundem
2262 1232 2667 1296 reverendam,
2687 1231 2940 1287 nobilem
2958 1238 3014 1287 et
3039 1232 3471 1302 amplissimum
3497 1232 3681 1288 virum
3715 1228 3880 1289 Domi-

587 1315 729 1374 num
755 1300 1184 1374 _Dn._Joannem
1210 1302 1626 1358 Swichardum
1653 1321 1688 1356 α
1723 1301 2047 1370 Cronberg,
2082 1307 2189 1374 etc.
2222 1303 2295 1374 D.
2334 1305 2399 1355 ί).
2443 1318 2614 1358 suum
2665 1303 3018 1372 gratiosum,
3061 1300 3349 1374 scriptum
3391 1319 3429 1361 a
3476 1304 3555 1358 Μ.
3605 1305 3879 1360 Valentino

589 1370 938 1437 Leuchthio,
966 1373 1028 1429 S.
1057 1373 1280 1430 Palatii
1303 1376 1612 1444 Aulaeque
1642 1374 2060 1428 Laleranensis
2089 1373 2310 1428 Comite
2333 1379 2441 1429 etc.

1473 1443 1749 1510 Quaestio
1784 1450 1943 1499 mota
1981 1444 2104 1508 diu,
2140 1460 2342 1499 sacrae
2375 1459 2492 1499 non
2523 1443 2732 1499 intima
2763 1443 2957 1509 sortis,

1477 1517 1617 1582 Quis
1639 1516 1799 1588 prior
1837 1521 1942 1570 aut
1973 1517 2163 1584 potior
2195 1515 2582 1588 Divorumiex‘
2607 1516 3029 1588 ordineqvitam

1473 1586 1700 1643 Foverit
1728 1587 2108 1652 abstractam,
2143 1593 2198 1641 et
2223 1587 2457 1641 deserta
2488 1586 2786 1642 habitacla
2816 1587 3104 1644 ferarum.

1475 1662 1620 1715 Nam
1653 1658 1902 1728 quidam
1927 1658 2185 1713 referunt
2214 1659 2446 1714 Heliam
2477 1657 2814 1712 Thesbitide
2843 1665 3088 1724 cretum,

1469 1731 1576 1794 Qui
1605 1729 1744 1797 iuga
1784 1729 2033 1784 Carmeli
2065 1730 2413 1784 consce‘ndit
2444 1737 2502 1784 et
2532 1744 2748 1798 aspera
2778 1729 3023 1798 montis,

1472 1801 1755 1868 lndignos
1789 1801 1993 1869 regina
2025 1807 2155 1856 tuos
2184 1800 2434 1856 lsabella
2465 1800 2694 1855 furores

1477 1873 1737 1936 Evitans,
1771 1887 1982 1926 saevas
2014 1878 2070 1926 et
2101 1873 2320 1942 iniquis
2360 1871 2655 1927 frontibus
2685 1872 2824 1925 iras.

1547 1945 1712 2015 Sunt,
1744 1942 1846 2014 qui
1881 1940 2221 2010 Baptistani
2243 1948 2594 2004 memorant.
2630 1957 2812 2015 quem
2842 1940 3090 2011 Spiritus
3121 1940 3266 2012 ipsis

1473 2012 1803 2069 Visceribus
1837 2015 2042 2068 matris
2076 2015 2394 2085 complevit
2426 2012 2672 2069 numine
2703 2012 2997 2085 clausum,

1473 2087 1519 2140 A
1550 2086 1764 2141 teneris
1789 2087 1890 2156 qui
1923 2087 2095 2139 annis
2130 2083 2406 2140 montosa
2436 2086 2751 2140 cacumina
2790 2083 3075 2145 lustrans.

1474 2160 1538 2212 Et
1571 2156 2031 2228 p0puliturmas
2063 2156 2210 2226 fugit
2243 2157 2574 2228 mundique
2606 2156 2856 2224 favores,

1471 2225 1877 2300 Ad—scopulos
1905 2225 2218 2283 nemorum
2247 2230 2410 2300 petiit
2442 2225 2771 2300 Iordanidis
2794 2225 3010 2292 undae,

1473 2300 1652 2354 Texta
1690 2299 2059 2354 camelorum
2090 2299 2273 2367 gessit
2302 2300 2601 2354 velamina
2631 2299 2772 2352 setis
2807 2314 2821 2364 ;

1477 2373 1539 2425 Et
1564 2387 1746 2426 zouae
1787 2370 1956 2441 pellis
1989 2371 2252 2426 medium
2279 2372 2514 2426 cinxere
2543 2371 2781 2433 ferinae,
2818 2373 2827 2438 |

1475 2445 1532 2496 Et
1570 2443 1788 2496 virides
1828 2442 2050 2496 victum
2091 2442 2377 2496 dederant
2403 2441 2474 2496 de
2503 2457 2634 2496 rure
2673 2441 2966 2504 locustae,

1473 2511 1885 2584 Silverstrisque
1917 2528 2066 2568 cava
2094 2513 2281 2568 mellis
2308 2513 2480 2568 favus
2517 2512 2645 2568 ilice
2668 2518 2943 2583 sumptus
2974 2529 2989 2580 ;

1475 2583 1717 2647 Bacche,
1754 2583 1886 2638 tuas
1917 2585 2067 2637 vires
2100 2586 2242 2650 risit,
2274 2600 2381 2638 nec
2413 2589 2607 2639 cetera
2640 2599 2858 2638 curans

1471 2655 1630 2720 Quae
1656 2661 1880 2710 mentes
1907 2655 2221 2712 hominum
2250 2655 2505 2721 genialia
2531 2653 2743 2726 pocula
2765 2655 3044 2710 mulcent.

1545 2731 1642 2781 Ast
1675 2726 1771 2781 alii
1811 2735 1865 2780 et
1894 2742 2152 2795 quorum
2191 2727 2397 2781 melior
2421 2727 2720 2781 sententia
2751 2726 2934 2782 menti

1462 2797 1698 2861 lnsidet,
1728 2814 1761 2852 a
1790 2796 2057 2868 quodam
2089 2798 2276 2854 Paulo
2307 2798 2588 2852 deducier
2614 2803 2810 2852 ortum

1467 2872 1808 2940 Monstraut,
1838 2870 1938 2939 qui
1978 2870 2129 2923 Decii
2163 2869 2417 2924 crudelis
2452 2876 2718 2940 tempore
2745 2868 2876 2924 diro

1471 2939 1721 2994 Insidias
1753 2941 1986 3008 fugiens
2016 2941 2266 2996 accessit
2288 2939 2588 3010 inhospita
2616 2955 2768 3006 rura,

1467 3013 1535 3067 Ut
1559 3011 1737 3066 silvas
1763 3013 1930 3076 inter,
1961 3011 2108 3066 inter
2133 3027 2375 3083 quoque
2402 3011 2588 3066 lustra
2610 3011 2872 3083 leonum,

1464 3083 1685 3138 Christe
1725 3083 1829 3138 tibi
1862 3089 2063 3152 gratas
2091 3081 2397 3138 resonaret
2429 3082 2677 3138 Maxime
2707 3081 2938 3145 laudes,

1467 3154 1825 3223 Efferretque
1852 3159 2020 3208 tuum
2055 3156 2284 3209 sincero
2314 3161 2550 3223 pectore
2577 3169 2818 3208 nomen.

1534 3225 1702 3278 Hunc
1735 3227 2006 3280 exercitio
2035 3225 2170 3279 felix
2200 3225 2491 3280 Antonius
2535 3241 2654 3280 uno

1460 3296 1743 3350 Austerae
1771 3295 2039 3366 sequitur
2065 3297 2218 3351 vitae
2253 3313 2266 3360 ;
2297 3312 2439 3350 nam
2479 3296 2668 3350 laetus
2701 3311 2900 3350 eremo

1465 3370 1828 3436 Conspectus
1868 3367 2180 3421 hominum
2214 3367 2383 3437 liquit.
2415 3383 2705 3437 carosque
2735 3372 3032 3435 parentes,

1470 3439 1766 3508 Uticasses
1799 3444 2063 3501 satanae,
2101 3438 2330 3500 mundi,
2362 3439 2680 3508 carnisque
2720 3437 2986 3506 dolosos,

1465 3509 1527 3561 Et
1560 3507 1706 3561 liber
1734 3516 1932 3576 posset
1959 3508 2201 3563 fraudes
2236 3510 2417 3564 vitare
2451 3507 2764 3578 malignas,

1462 3579 1542 3632 Ac
1567 3578 1795 3650 Christo
1837 3579 1947 3634 soli
1979 3584 2194 3650 pacato
2227 3580 2406 3634 corde
2439 3581 2693 3650 placere,

1464 3649 1899 3723 Servitiumque
1933 3649 2047 3706 Deo
2071 3652 2196 3705 sine
2223 3651 2340 3705 fine
2371 3649 2536 3706 litare
2569 3667 2869 3723 supremo.

1535 3722 1840 3776 Proximus
1880 3723 2017 3777 hinc
2049 3729 2249 3778 noster
2276 3723 2581 3778 Macarius
2611 3722 2818 3778 ordine
2850 3723 3052 3792 fertur,

1462 3792 1648 3864 Quem
1683 3795 1880 3847 studio
1911 3796 2158 3864 Aegypti
2197 3793 2366 3849 tellus
2393 3794 2653 3849 fecunda
2683 3794 2925 3864 Pelasgo

1471 3863 1682 3926 Edidit,
1717 3873 1773 3918 et
1804 3865 1976 3920 nobis
2007 3863 2203 3919 divino
2233 3866 2425 3919 sidere
2447 3865 2625 3920 misit.

1474 3935 1756 4007 ᾼβωυιιιε
1788 3936 2024 3991 Antonii
2057 3938 2238 3991 vitam
2281 3952 2597 4007 moresque
2628 3935 2836 3992 beatos

1475 4005 1813 4076 Discipulus
1841 4008 1942 4062 fidi
1976 4009 2241 4078 sequitur
2268 4005 2517 4078 placido
2535 4023 2636 4062 ore
2669 4008 2955 4077 magistri,

1472 4077 1541 4131 Se
1575 4078 1696 4142 tibi,
1727 4078 1966 4141 Christe,
2001 4077 2400 4144 dedittot’um,
2432 4079 2738 4146 vitamque
2769 4078 3026 4134 solutam

1467 4149 1511 4221 θ
1546 4150 1699 4221 curis
1729 4148 1868 4219 legit
1900 4149 2208 4218 rigidoque
2229 4151 2578 4221 gravamine
2607 4149 2865 4219 plenam.

1468 4217 1720 4291 Delicias
1757 4217 1966 4291 mundi
1997 4217 2357 4291 contempsit
2383 4217 2854 4290 iugiter‘omnes,

1469 4288 1782 4361 Nimbosos
1823 4290 2106 4361 petiitque
2134 4288 2407 4347 animosa
2439 4288 2634 4347 mente
2663 4309 2955 4360 recessus,

1469 4360 1660 4433 atque
1692 4360 1770 4415 ibi
1795 4360 2020 4433 nudus,
2049 4363 2241 4433 inops,
2274 4379 2419 4418 saxo
2455 4363 2546 4419 vix
2577 4369 2761 4418 tectus
2790 4364 2994 4428 adeso,

1465 4430 1589 4503 sub
1617 4434 1756 4487 Jove
1787 4432 1935 4488 ferre
1968 4433 2130 4487 nives
2157 4430 2366 4489 statuit
2391 4434 2741 4503 glacialibus
2775 4435 2935 4490 auris

1470 4502 1750 4575 liiberno,
1783 4510 2060 4572 expertus
2090 4502 2702 4575 quantum’patientia
2744 4507 2984 4561 tandem

1467 4572 1743 4648 Curaque
1773 4581 2093 4646 paupertas
2112 4572 2510 4648 humanaque
2544 4579 2817 4633 membra
2844 4577 3128 4634 valerent.

1466 4644 1811 4720 Exilicuius
1842 4644 2145 4720 tenuatum
2179 4644 2671 4720 corpus'amictu,

1464 4716 1738 4771 Desidiae
1768 4719 2023 4787 patiens,
2055 4716 2312 4774 tolerans
2343 4718 2560 4783 algoris
2582 4727 2636 4774 et
2665 4724 2886 4781 aestus,

1469 4789 1901 4861 Bugosafacie,
1931 4788 2314 4861 lacrimisque
2342 4791 2664 4845 ﬂuentibus
2704 4805 2803 4845 ore

1466 4860 1586 4932 διώ
1621 4859 1794 4914 tacito
1819 4867 2078 4929 pastum,
2111 4859 2343 4932 queruli
2375 4866 2682 4916 constante
2714 4861 2937 4916 doloris
2971 4864 2979 4930 Ι

1461 4929 1695 4985 Pectore
1722 4932 1998 5003 duritiem
2033 4929 2423 5003 consumpsit,
2457 4933 2608 4988 laeta
2631 4932 2858 4987 salutis.

1463 5003 1646 5074 Quem
1678 5001 1942 5057 volucres
1965 5004 2199 5074 cinxere
2232 5001 2390 5059 leves
2418 5006 2517 5074 pia
2549 5003 2728 5058 verba
2749 5009 3084 5068 sonantem,

1463 5073 1665 5146 faurita
1697 5079 1832 5128 ante
1865 5073 2056 5146 pedes
2085 5080 2365 5146 stupuere
2392 5073 2723 5130 animantia
2760 5075 3028 5146 quaevis.

1463 5145 1588 5217 δρα
1615 5159 1758 5198 auro
1789 5144 2136 5215 splendente
2166 5144 2408 5211 domus,
2452 5144 2829 5217 gemmisque
2862 5146 3100 5210 decora,

1463 5212 1544 5267 Illi
1574 5212 1833 5283 punecio
1861 5231 1967 5270 nec
2007 5217 2146 5271 lana
2184 5217 2380 5273 colore
2421 5212 2762 5281 rubescens,

1464 5286 1590 5358 _Non
1624 5291 1860 5340 centum
1898 5295 2131 5342 versata
2161 5288 2313 5355 iugis
2343 5288 2532 5344 felicia
2563 5288 2759 5358 campi

1463 5355 1691 5423 Iugera,
1727 5359 2008 5430 crescenti
2044 5359 2435 5430 necipalmite
2466 5361 2631 5414 dives
2663 5355 2912 5428 agellus,

1463 5431 1571 5480 Aut
1603 5428 1798 5494 gregis
1832 5429 2125 5484 innumeri
2154 5428 2367 5495 foetus,
2397 5447 2504 5485 nec
2526 5446 2722 5486 merce
2753 5433 2987 5486 Sabaea

1464 5497 1684 5569 Niliaco
1720 5499 1929 5569 plenae
1957 5501 2245 5556 venientis
2276 5503 2463 5557 littore
2494 5518 2698 5568 naves,

1463 5566 1736 5644 Efﬁciunt
1759 5569 1906 5644 alias
1937 5569 2163 5644 felicem
2195 5588 2474 5644 quamve,
2503 5566 2687 5628 fuere.

1464 5639 1506 5716 ρ
1538 5655 1721 5712 quam
1753 5641 1917 5716 laeta
1948 5643 2082 5716 piae
2109 5649 2199 5716 est
2216 5639 2546 5716 paupertas
2576 5643 2816 5701 conscia
2840 5645 3075 5714 mentis,

1463 5709 1804 5769 Immortale
1833 5709 1965 5770 viro
1989 5713 2119 5770 forti
2151 5709 2334 5771 decus
2352 5709 2541 5789 atque
2566 5715 2845 5789 perenne!
