4078 6194
224 328 337 385 309

1148 329 1243 385 AD
1283 327 1673 386 EDITIONEM
1717 328 1890 385 HOM.
1930 328 1990 385 S.
2034 328 2336 387 MACARII
2377 330 2732 388 AEGYPTII.

3483 335 3592 391 310

985 455 1114 525 Qua
1142 455 1236 511 vel
1267 453 1699 510 Achaemenios
1728 452 1927 525 luxus,
1954 467 2329 525 regnumque
2356 454 2665 512 Phrahatis

986 523 1210 583 Vicerat
1239 526 1560 596 excelsum,
1600 526 1690 580 vel
1715 524 1857 580 ditia
1896 523 2120 581 fortiter
2147 523 2308 581 arva.

985 599 1086 656 Cui
1118 597 1294 653 calidi
1334 613 1564 653 cessere
1603 598 1791 666 ignes,
1822 596 2129 668 victusque
2168 597 2385 665 refugit

984 673 1203 727 Moesta
1227 668 1361 724 dolo
1392 669 1639 724 assiduo
1665 683 1901 740 semper
1922 669 2034 740 qui
2073 668 2255 723 corda
2285 668 2505 724 revisit.

986 740 1265 798 Crudeles
1291 740 1533 795 fraudes
1559 745 1614 795 et
1644 739 1821 811 noxia
1851 739 2104 811 crimina
2134 741 2349 811 pressit

986 811 1219 883 Omnia,
1259 811 1590 883 deiecitque
1612 810 1827 883 animo
1860 810 2285 883 phantasmata
2314 814 2506 878 casto,

986 885 1048 938 Et
1072 882 1254 939 variis
1289 881 1571 939 mandata
1608 882 1704 953 D_ei
1733 881 2045 953 virtutibus
2071 882 2350 953 impleas,

984 954 1045 1035 [ιι
1073 954 1286 1035 paucis
1319 953 1605 1035 locuples,
1634 951 1855 1035 ﬂuidae
1884 968 1995 1009 nec
2026 951 2334 1035 non_'b_ona
2366 954 2522 1009 vitae

988 1024 1623 1105 Praesentisfugiens,
1647 1024 1839 1105 potuit
1867 1039 2107 1105 sperare
2134 1024 2354 1105 futura,

988 1097 1261 1153 Praemia
1288 1095 1475 1165 digna
1501 1095 1648 1159 tulit,
1677 1095 1951 1150 caelestia
1972 1111 2156 1167 regna
2188 1096 2417 1166 petivit.

986 1170 1150 1225 Nunc
1180 1167 1325 1223 caeli
1356 1167 1547 1239 plenis
1578 1167 1797 1239 meritis
1824 1167 2068 1239 sortitus
2099 1167 2357 1223 honores

986 1240 1173 1310 Exigit
1202 1236 1475 1295 aeternos
1505 1237 1665 1293 horis
1690 1236 1959 1310 felicibus
1988 1254 2198 1310 annos.

979 1308 1331 1382 Exemplum
1363 1311 1671 1382 egregium
1700 1308 1875 1363 nobis
1906 1309 2068 1364 dedit
2090 1309 2182 1382 ille
2205 1308 2602 1381 sequendum,

986 1384 1055 1438 Ut
1087 1379 1297 1437 mundi
1328 1396 1586 1452 pompas
1615 1379 1958 1452 fugeremus
1990 1385 2046 1435 et
2077 1380 2196 1436 alta
2230 1379 2483 1446 viarum,

982 1458 1171 1525 Atque
1200 1450 1562 1525 Deumgpuro
1593 1450 1947 1525 meditantes
1978 1458 2213 1525 pectore
2246 1468 2504 1525 semper.

981 1524 1027 1581 Ο
1056 1523 1308 1580 nimium
1342 1523 1479 1579 felix
1506 1523 1745 1578 animae
1771 1538 1898 1577 sors
1929 1529 2107 1593 atque
2134 1524 2327 1579 beatis

985 1595 1291 1651 Coelicolis
1320 1594 1611 1651 socianda
1638 1593 1779 1665 poli,

1854 1609 1962 1649 uos
2000 1594 2277 1649 clauserit
2308 1594 2509 1650 aether
2542 1614 2555 1661 ;

984 1666 1270 1793 Exempla
1308 1667 1457 1722 haec
1484 1666 1576 1721 cui
1600 1672 1761 1721 tanta
1795 1666 2050 1737 placent,
2082 1682 2236 1737 quae
2278 1670 2439 1722 tanta
2480 1672 2703 1732 secuta,

987 1738 1094 1793 Ibit
1125 1755 1159 1793 a
1228 1738 1458 1793 Elvsios
1492 1736 1681 1792 multa
1707 1752 1844 1791 cum
1877 1736 2078 1792 fenore
2109 1753 2377 1793 campos.

987 1738 1094 1794 Ibit
1125 1755 1159 1794 a

1228 1738 1458 1812 Elysios
1492 1736 1681 1812 multa
1707 1736 2078 1812 cumfenore
2104 1736 2377 1809 campos.

1052 1810 1217 1882 Nunc
1248 1808 1326 1865 ad
1356 1812 1450 1874 Te,
1473 1808 1921 1882 Schwicltarae,
1950 1808 2125 1882 teror,
2151 1808 2444 1882 generosa
2470 1824 2762 1882 propago,

981 1880 1275 1951 Antiquae
1316 1880 1793 1951 Cronbergiacae
1816 1877 1929 1951 ﬂos
1959 1878 2177 1949 inclyte
2217 1880 2439 1951 stirpis,

986 1948 1207 2020 Insigni
1234 1952 1442 2007 virtute
1470 1948 1699 2022 potens,
1733 1948 2094 2022 laudateque
2125 1951 2308 2015 fama,

984 2018 1171 2088 Quem
1200 2023 1410 2093 pietas,
1438 2018 1632 2093 h'onor
1661 2026 1714 2075 et
1744 2018 1924 2085 zelus,
1956 2018 2215 2087 devotio,
2247 2038 2388 2077 vera

983 2092 1227 2163 Religio,
1260 2093 1522 2149 Charites
1545 2092 1750 2155 trinae,
1783 2093 2118 2148 constantia
2156 2093 2377 2158 cordis,

982 2164 1419 2220 Commendant
1448 2163 1725 2236 multum,
1758 2165 2054 2219 Musarum
2089 2164 2373 2236 splendor
2410 2170 2467 2221 et
2494 2166 2725 2236 ingens.

984 2236 1197 2308 Accipe
1222 2236 1567 2308 Macarium
1584 2234 1814 2308 divum,
1844 2234 2133 2308 sermone
2148 2235 2397 2308 Pelasgo

981 2304 1341 2378 Scriptorem
1366 2306 1698 2378 quondam,
1738 2304 1901 2378 Latio
1926 2321 2087 2378 nunc
2117 2322 2219 2363 ore
2249 2304 2614 2378 loquentem,

982 2377 1339 2450 Pali/tonius
1378 2377 1560 2450 quem
1592 2382 1790 2450 mente
1821 2377 1921 2448 pia
1948 2377 2540 2450 doctissimus’oﬁ‘ert,

984 2452 1051 2506 Et
1078 2449 1288 2505 studiis
1326 2448 1599 2507 Leucluii
1636 2455 1925 2505 consueto
1954 2464 2117 2505 more
2147 2448 2359 2505 faveto.

1167 2610 1427 2667 Joannes
1456 2608 1808 2665 Tritltemius
1841 2609 1915 2665 de
1936 2608 2323 2679 scriptoﬁbus
2340 2610 2659 2668 Ecclesiae.

296 2697 592 2754 Macarius
642 2697 977 2754 monachus
1025 2698 1356 2771 Aegyptius
1387 2705 1440 2753 et
1473 2702 1529 2754 Β.
1559 2699 1741 2755 Patris
1770 2698 2003 2753 Antonii
2035 2698 2341 2770 quondam
2374 2698 2727 2771 discipulus,
2773 2700 2861 2756 vir
2891 2700 3143 2757 devotus
3175 2698 3587 2756 sanctissimae

222 2787 722 2853 conversationis,
741 2787 819 2842 de
833 2802 955 2860 quo
979 2787 1164 2843 multa
1183 2787 1465 2843 miracula
1494 2792 1832 2854 narrantur,
1853 2787 2162 2858 quomodo
2188 2788 2368 2843 etiam
2400 2793 2775 2845 mortuorum
2809 2806 2985 2845 voces
3012 2790 3085 2845 de
3113 2788 3446 2860 sepulchris
3478 2801 3585 2859 pro

221 2874 367 2931 ﬁdei
398 2876 862 2932 conﬁrmatione
891 2876 1248 2949 impetravit,
1277 2876 1489 2932 claruit
1519 2875 1707 2932 multa
1738 2876 2043 2932 sanctitate
2066 2875 2179 2932 sub
2211 2879 2602 2934 Constantino
2626 2884 2683 2934 et
2714 2878 3056 2935 Constantio
3089 2876 3457 2949 principibus
3483 2890 3587 2932 an-

223 2979 309 3020 no
339 2965 576 3021 Domini
617 2968 721 3021 350
751 2981 767 3031 ;
801 2966 970 3021 cuius
998 2970 1169 3037 gesta
1195 2965 1497 3022 habentur
1521 2964 1581 3019 in
1613 2964 1745 3019 vitis
1773 2965 2034 3019 Patrum.

1605 3060 1696 3107 ΕΚ
1727 3059 1881 3107 ΤΩΝ
1919 3055 2224 3109 ΣΟΥΙΔΑ.

298 3164 396 3215 Δύο
448 3159 679 3234 ἇγίνοντο
737 3164 1000 3237 Μακάριοι
1051 3164 1316 3235 ὁμώνυμοι
1381 3166 1470 3214 καὶ
1520 3160 1826 3234 περιϐόητοι
1859 3145 1903 3196 Α

2008 3160 2135 3217 Duo
2162 3162 2401 3218 fuerunt
2420 3162 2652 3218 Macarii
2689 3161 2960 3218 eiusdem
2992 3160 3253 3217 nominis
3275 3164 3454 3232 atque
3478 3157 3585 3215 de-

227 3246 302 3302 δι⁹
340 3252 597 3317 ἄσκησιν,
640 3248 735 3304 διὰ
757 3250 895 3325 βίον,
939 3248 1034 3304 διὰ
1063 3256 1271 3327 τρόπον,
1307 3248 1401 3303 διὰ
1422 3252 1821 3323 τὰμαθήματα.

230 3342 257 3391 ό
469 3340 766 3412 Αἰγύπτιος
819 3343 1216 3415 θαυματουργός
1280 3336 1362 3406 ἦν,
1415 3344 1503 3392 καὶ
1560 3341 1691 3411 μετὰ
1732 3346 1823 3391 τοῦ

225 3427 473 3491 εὐλαϐοῡς
524 3432 649 3505 πρὸς
695 3434 811 3491 τοὺς
854 3429 1267 3502 ἕντὺγχάνοντας
1321 3428 1581 3500 αὐστηρός
1613 3446 1625 3458 ’
1683 3428 1708 3480 ό
1767 3424 1819 3480 δὲ

226 3513 593 3592 ’Δλεξανδρεύς
648 3521 785 3571 κατὰ
829 3520 999 3571 πάντα
1064 3519 1130 3570 ὢν
1177 3516 1542 3593 παραπλήσιος
1600 3526 1671 3589 τῷ
1730 3517 1822 3572 Αἱ-

222 3612 427 3678 γυπτίῳ
455 3612 549 3660 καὶ
578 3606 753 3681 ἱλαρός
784 3624 797 3638 ·
862 3613 871 3675 |
926 3607 1085 3668 οὕτως
1117 3607 1292 3682 ἱλαρὸς
1322 3603 1383 3665 ἦν
1412 3613 1516 3669 τοῖς
1557 3604 1820 3679 ἓντυγχά-

221 3714 393 3761 suum,
453 3700 544 3748 καὶ
597 3704 668 3767 τῷ
724 3696 1157 3771 χαριεντίζεσθαι
1204 3699 1320 3757 τοὺς
1370 3699 1512 3758 νίους
1560 3692 1654 3767 ἦγε
1692 3700 1822 3771 πρὸς

219 3787 453 3842 ἄσκησιν
489 3805 503 3817 ·
545 3787 738 3838 τούτων
776 3786 1029 3859 Eure/pta;
1057 3789 1324 3857 γενόμενος
1347 3788 1586 3858 μαθητὴς
1625 3790 1717 3844 τὴν
1750 3782 1821 3838 δι’

217 3876 383 3947 ἕργων
442 3872 751 3946 φιλοσοφίαν
817 3877 1099 3942 ἱκτήσατο,
1171 3880 1417 3949 πρότερον
1494 3874 1629 3946 λόγῳ
1681 3879 1819 3946 μόνῳ

218 3962 504 4035 γιλόσοφος
552 3967 619 4013 ὧν
648 3975 665 3991 ⁸
725 3962 781 4026 ὃς
830 3962 879 4015 ἓν
911 3968 1301 4017 Κωνσταντίνου
1350 3962 1493 4016 πόλιι
1542 3963 1641 4014 ὑπό
1684 3969 1819 4036 Τρη-

214 4058 399 4125 γορίου
429 4059 525 4107 τοῦ
562 4052 798 4125 θεολόγον
829 4053 902 4117 εἰς
926 4058 1020 4112 τὴν
1049 4061 1140 4106 τοῦ
1166 4049 1412 4106 διακόνου
1439 4054 1815 4128 προεχειρίσθη

212 4143 361 4204 τάξιν
417 4157 433 4171 ’
500 4140 629 4194 ἀλλὰ
678 4147 765 4195 καὶ
809 4142 857 4203 ἐς
911 4146 1001 4201 τὴν
1061 4145 1325 4213 Αἴγυπτον
1384 4141 1660 4205 κατελθὼν,
1727 4146 1817 4193 καὶ

212 4239 320 4294 τοῖς
360 4231 732 4303 προλεχθεῖσιν
776 4230 1009 4304 ἐντυχὼν
1048 4228 1296 4307 ἀνδράσι,
1336 4234 1421 4284 τὸν
1457 4230 1656 4285 ἱκείνων
1701 4230 1818 4304 βίον

209 4320 447 4381 italum
480 4334 495 4350 ⁶
554 4323 721 4392 τούτῳ
763 4318 948 4394 βιϐλία
998 4323 1130 4393 ἄγαν
1197 4318 1467 4374 σπουδαῖα
1520 4325 1815 4393 συγγέγρα-

208 4428 339 4461 πται
372 4431 384 4441 ·
429 4410 500 4460 ὧν
538 4413 598 4461 τό
645 4413 736 4481 μὶν
776 4414 1095 4483 Μοναχὸς
1144 4411 1173 4469 ἦ
1225 4415 1341 4485 περὶ
1382 4418 1669 4483 πρακτικῆς
1710 4412 1817 4463 ίπι-

1935 3251 2151 3306 cantati
2184 3257 2424 3323 propter
2450 3250 2727 3307 exercitia
2752 3250 3107 3316 studiorum,
3144 3250 3349 3317 vitam,
3384 3262 3583 3304 mores

1934 3345 2111 3411 atque
2127 3340 2530 3411 disciplinam.
2553 3341 2965 3413 Alterquidem
2982 3339 3326 3413 Aegyptius,
3350 3338 3453 3411 qui
3478 3336 3585 3391 mi.

1933 3428 2135 3484 racnla
2164 3429 2400 3496 edebat,
2432 3446 2501 3486 ac
2527 3430 2802 3500 religiosa
2825 3430 3099 3485 cautione
3140 3428 3198 3483 in
3230 3443 3354 3493 eos,
3386 3426 3490 3500 qui
3518 3441 3583 3483 se

1932 3518 2391 3583 conveniebant,
2421 3525 2831 3575 eratseverus:
2860 3517 3002 3574 alter
3018 3516 3458 3573 Alexandrinus
3479 3529 3584 3587 per

1930 3609 2137 3664 omnia
2158 3607 2367 3663 similis
2381 3609 2669 3682 Aegyptio
2694 3608 3086 3671 ethumanus,
3141 3607 3152 3676 Ι
3199 3606 3351 3661 adeo
3373 3604 3584 3661 huma-

1930 3711 2043 3751 nus
2075 3702 2198 3753 erat
2237 3712 2375 3767 erga
2403 3712 2529 3761 eos,
2560 3697 2661 3768 qui
2690 3712 2752 3751 se
2791 3694 3245 3759 conveniebant,
3292 3698 3355 3748 ut
3384 3693 3585 3762 lepida

1931 3785 2264 3840 urbanitate
2294 3785 2512 3841 utendo
2538 3786 2779 3840 iuvenes
2801 3784 2877 3839 ad
2901 3783 3178 3840 exercitia
3207 3784 3577 3854 provocarat.

1930 3876 2147 3929 llorum
2182 3874 2467 3943 Evagrius
2491 3873 2827 3944 discipulus
2865 3871 3074 3937 factus,
3112 3870 3281 3927 tactis
3314 3869 3577 3942 philoso-

1930 3961 2136 4034 phiam
2158 3963 2438 4029 exercuit,
2466 3961 2569 4035 qui
2598 3962 2762 4033 prius
2787 3961 2983 4017 verbis
3007 3960 3299 4017 duntaxat
3322 3956 3581 4029 philoso-

1929 4051 2250 4125 phabatur.
2271 4053 2380 4119 Qui
2404 4051 2910 4123 Constantinopoli
2933 4048 3259 4119 aGregorio
3279 4046 3579 4117 Theologo

1928 4142 1987 4196 in
2013 4140 2405 4197 diaconorum
2431 4140 2696 4197 adscitus
2723 4140 3122 4207 estordinem,
3144 4137 3293 4211 quin
3317 4136 3495 4193 etiam
3519 4137 3580 4192 in

1925 4230 2264 4302 Aegyptum
2313 4230 2629 4304 profectus,
2677 4228 2738 4285 in
2796 4228 3133 4301 praedictos
3163 4226 3374 4285 incidit
3423 4224 3581 4281 viros

1927 4324 2105 4391 atque
2139 4318 2373 4376 illorum
2416 4319 2599 4375 vitam
2631 4317 2969 4375 aemulatus
3009 4322 3115 4374 est.
3166 4317 3254 4373 Ab
3284 4316 3397 4372 hoc
3447 4314 3580 4371 libri

1925 4408 2101 4464 valde
2114 4423 2343 4479 graves,
2370 4414 2426 4464 et
2452 4410 2585 4464 serii
2616 4408 2936 4481 conscripti
2964 4412 3120 4474 sunt,
3140 4422 3397 4480 quorum
3421 4420 3581 4460 unus

207 4500 543 4571 γέγραπται·
593 4502 649 4550 τό
700 4494 758 4551 δε
805 4502 1168 4561 Γνωστικός
1208 4499 1237 4558 ἡ
1279 4502 1398 4574 περὶ
1426 4507 1522 4550 τῶν
1561 4498 1815 4562 καταξιω-
1852 4499 1896 4555 Β
1926 4498 1964 4552 ἆ

1926 4498 2257 4555 Monachus
2289 4498 2411 4554 sive
2451 4498 2525 4554 de
2563 4499 2680 4554 vita
2708 4498 2905 4554 activa
2936 4497 3256 4568 inscriptus
3281 4500 3387 4553 est.
3425 4493 3582 4552 Alter

210 4587 396 4639 om»
448 4592 688 4658 γνώσεως
718 4604 731 4618 ’
780 4587 1034 4661 κεφάλαια
1099 4584 1159 4641 δί
1234 4588 1390 4641 αὐτοῦ
1447 4593 1766 4646 πεντήκοντα
1798 4605 1810 4618 ·

209 4679 265 4727 τό
292 4672 355 4729 δι
383 4675 687 4751 Ἀντιῤῥη
706 4696 732 4729 τ
753 4680 855 4729 ικό
880 4698 905 4728 ν
944 4682 1074 4751 πρός
1098 4680 1215 4738 τοὺς
1240 4676 1583 4752 πειράζοντας
1624 4674 1813 4749 δαίμο-

207 4784 322 4829 νας,
354 4763 404 4817 ἐν
438 4764 576 4817 ὀκτὼ
603 4761 918 4839 διῃρημένον
946 4772 1147 4839 μέρεσι,
1177 4768 1309 4819 κατὰ
1361 4770 1447 4818 τὸν
1476 4765 1695 4840 ἀριθμόν
1721 4774 1814 4818 τῶν

208 4852 344 4905 ὀκτὼ
362 4853 639 4925 λογισμῶν
655 4871 667 4883 ·
683 4860 773 4907 καὶ
788 4854 1036 4918 ἑξακόσια
1048 4875 1253 4930 προγνω
1261 4858 1416 4907 ama
1437 4853 1594 4928 προϐ)
1604 4860 1632 4912 ἡ
1640 4874 1784 4926 ματα
1798 4872 1809 4883 ’

208 4948 297 4994 καὶ
325 4944 575 5014 στιχηρᾰ
595 4941 671 5015 β’,
703 4945 753 4996 ἓν
790 4948 920 5018 πρὸς
948 4948 1071 5006 τοὺς
1100 4943 1147 4996 ὲν
1178 4942 1455 5005 χοινοϐίοις
1487 4944 1516 5002 ἦ
1548 4939 1815 5004 συνοδίαις

208 5034 504 5102 μοναχοὺς,
530 5036 621 5084 καὶ
651 5030 839 5104 ἰνπρὸς
864 5037 957 5091 τὴν
982 5036 1287 5105 παρθενίαν
1321 5038 1410 5085 καὶ
1431 5050 1560 5105 φησι
1585 5035 1717 5085 κατά
1740 5032 1814 5085 λί-

208 5117 283 5181 ξιν
309 5120 509 5180 οὕτως·
545 5120 942 5192 ’Δναγκαίον
980 5124 1091 5183 τὰς
1131 5119 1326 5184 ὁδοὺς
1357 5130 1466 5175 τῶν
1504 5118 1812 5195 προοδιυ-

206 5211 458 5261 σάντων
495 5218 802 5282 μοναχῶν
841 5210 1043 5285 ὀρθῶς
1096 5208 1291 5285 διερω
1338 5216 1472 5282 τᾴν,
1509 5214 1813 5284 καὶπρὸς

206 5298 408 5359 αὐτὰς
469 5301 999 5374 χατορθοῦσθαι’
1067 5299 1425 5373 πολλὰγὰρ
1466 5298 1643 5352 ἔστιν
1706 5300 1811 5352 ὑπ’

206 5386 414 5440 αὐτῶν
452 5390 531 5441 τὰ
588 5389 875 5462 ῥηθέντα
932 5395 1039 5442 καὶ
1078 5392 1462 5463 πραχθέντα
1501 5388 1719 5455 καλῶς,
1754 5391 1811 5441 ἂν

207 5476 304 5536 οἷς
338 5482 451 5530 καὶ
489 5483 690 5531 τοῦτό
748 5498 843 5540 τις
882 5482 1099 5552 lynce,
1142 5484 1257 5539 τὴν
1300 5479 1657 5553 ξηροτίραν
1701 5484 1809 5530 καί

210 5564 549 5638 ἀνώμαλον
644 5563 930 5634 δίαιταν,
987 5567 1207 5643 ἀγάπῃ
1294 5569 1804 5641 συζευχθεῖσαν,

214 5653 438 5709 θᾶττον
478 5652 753 5727 διάγειν
791 5659 899 5709 τόν
936 5661 1229 5731 μοναχὸν
1270 5657 1356 5719 εἰς
1396 5656 1731 5711 ἀπάθειαν.

1928 4587 2237 4644 Gnosticus
2262 4588 2387 4644 sive
2401 4588 2475 4643 de
2496 4587 2585 4654 iis,
2601 4588 2701 4658 qui
2720 4586 3079 4659 cognitionis
3102 4602 3350 4643 munere
3371 4583 3581 4642 donati

1924 4682 2081 4733 sunt.
2102 4676 2309 4748 Capita
2336 4692 2475 4732 vero
2502 4677 2628 4732 eius
2654 4675 2786 4733 libri
2809 4682 2945 4732 sunt
2965 4675 3423 4747 quinquaginta.
3448 4676 3582 4730 Ter-

1925 4768 2038 4822 tius
2077 4766 2552 4831 Anlirrhelicus,
2588 4764 2880 4821 adversus
2908 4770 3202 4820 tentantes
3222 4763 3573 4827 daemones,

1923 4862 2058 4910 octo
2087 4855 2401 4911 distinctas
2434 4854 2705 4926 partibus
2731 4854 3058 4909 secundum
3091 4868 3407 4907 numerum
3440 4857 3575 4907 octo

1922 4945 2504 5014 cogitationum.[tem
2520 4951 2791 5000 sexcenta
2806 4940 3185 5011 Prognostica
3198 4940 3573 5013 problemata,

1922 5039 1975 5089 et
1999 5032 2390 5089 Elementaria
2421 5034 2563 5098 duo,
2589 5049 2773 5087 unum
2798 5031 2874 5087 ad
2910 5030 3238 5086 monachos
3270 5029 3330 5085 in
3361 5045 3577 5087 coeno-

1920 5122 2038 5179 biis
2078 5127 2182 5179 aut
2226 5122 2632 5177 contuberniis
2665 5122 2948 5185 viventes,
2996 5118 3248 5176 alterum
3280 5118 3358 5175 ad
3398 5119 3574 5191 virgi-

1920 5226 2067 5266 num
2098 5217 2357 5267 coetum.
2382 5214 2570 5281 Atque
2596 5210 2743 5266 haec
2758 5214 2895 5264 sunt
2924 5210 3055 5264 eius
3084 5208 3298 5264 verba:
3328 5208 3577 5267 Necesse

1920 5305 2024 5366 est,
2044 5308 2105 5355 ut
2122 5302 2247 5357 vias
2273 5314 2495 5363 eorum,
2514 5300 2619 5370 qui
2643 5305 3115 5367 praecesserunt,
3144 5299 3573 5355 monac/torum

1918 5388 2119 5445 sedulo
2134 5389 2499 5459 indagemus,
2520 5395 2571 5444 et
2589 5388 2670 5443 ad
2696 5402 2895 5443 eorum
2930 5402 3195 5443 normam
3212 5387 3569 5458 dirigamur.

1919 5478 2117 5533 Multa
2130 5478 2288 5533 abiis
2314 5486 2365 5534 et
2389 5479 2549 5535 dicta
2564 5484 2617 5535 et
2632 5480 2795 5547 facta
2808 5482 2943 5533 sunt
2973 5483 3148 5542 recte,
3175 5478 3499 5550 interquae
3520 5484 3575 5535 et

1920 5566 2030 5623 hoc
2054 5566 2350 5638 quispiam
2375 5567 2531 5624 dixit
2560 5583 2576 5622 :
2604 5566 2939 5624 Aridiorem
2967 5567 3019 5623 ei
3038 5582 3313 5635 asperam
3340 5567 3573 5625 vivendi

1919 5657 2204 5712 rationem
2218 5671 2351 5713 cum
2370 5658 2623 5713 caritate
2634 5656 2977 5726 copulatam
2990 5656 3234 5713 celerius
3244 5658 3575 5728 perducere

1920 5744 2277 5803 monachum
2296 5746 2377 5803 ad
2400 5744 2777 5817 a/7'eclionum
2806 5745 3173 5803 vacuitatem.
