4078 6194
506 299 607 360 311
1456 298 1851 362 PRAEFATIO
1912 306 2005 360 AD
2062 306 2116 360 EI

2283 305 2438 360 DNEM
2494 306 2610 361 AN.
2667 305 2974 363 MDCXXII
3802 308 3893 364 312

1603 429 1997 492 Homiliarum
2043 430 2113 491 Β.
2163 430 2419 492 Macarii
2462 433 2823 512 singularum

2039 537 2395 610 argumenta.

508 664 530 719 Ι
802 662 1225 732 Interpretatio
1256 662 1582 730 allegorica
1615 662 1851 718 visionis
1881 662 2047 727 apud
2080 662 2440 717 Ezechielem
2472 663 2824 726 descriptae.
3600 663 3733 732 Pag.
3872 668 3887 718 I

510 737 554 791 II
794 736 874 789 De
900 750 1082 805 regno
1123 734 1519 797 tenebrarum,
1555 734 1663 789 hoc
1690 738 1773 790 est
1801 741 2039 799 peccato
2070 756 2088 801 ,-
2120 743 2171 789 et
2206 734 2498 790 hominem
2530 734 2715 788 solius
2758 735 2868 791 Dei
2900 735 3177 804 beneﬁcio
3210 732 3459 790 liberari
3486 734 3560 791 ab
3598 750 3681 790 eo.
3834 738 3888 788 21

510 808 583 862 III
814 807 886 861 De
914 806 1111 875 quieta
1142 807 1406 867 fratrum
1436 805 1593 861 inter
1619 821 1677 861 se
1704 805 2147 860 conversatione
2176 810 2229 860 et
2258 806 2485 870 proelio
2518 805 2807 861 interiori.
3833 806 3893 860 28

510 878 611 933 IIII
804 878 926 946 Qua
961 876 1193 931 ratione
1226 878 1692 947 promovendum
1726 879 1787 932 in
1818 878 1939 932 vita
1972 876 2321 932 Christiana
3836 881 3893 932 35

512 951 562 1001 V
809 950 1104 1015 Quantum
1134 947 1422 1020 discrepet
1454 948 1577 1004 vita
1610 948 2077 1004 Christianorum
2110 963 2148 1003 a
2178 948 2547 1020 reliquorum
2580 947 2887 1004 hominum
2919 949 3065 1005 vita.
3835 948 3894 1003 68

513 1022 582 1074 VI
818 1020 897 1075 De
924 1020 1096 1074 macto
1126 1019 1433 1087 precandi.
2311 1019 2314 1020 ⁷
3836 1022 3892 1074 85

511 1092 607 1146 VII
809 1090 1224 1230 Defclfmentia
1250 1089 1477 1145 Christi
1491 1105 1635 1161 erga
1654 1091 1914 1147 homines
1934 1092 2230 1161 ;continet
2252 1090 2425 1147 etiam
2451 1090 2856 1160 responsiones
2872 1091 2954 1147 ad
2964 1090 3255 1163 quasdam
3282 1089 3769 1161 interrogationes
3836 1163 3895 1215 94

903 1177 971 1215 or
999 1176 1030 1217 e
1059 1176 1343 1217 curiosas.

903 1163 1030 1217 'orte
1059 1161 1343 1217 curiosas.

509 1233 633 1287 VIII
806 1232 887 1288 De
916 1232 1006 1304 his
1033 1248 1186 1304 quae
1213 1232 1567 1304 contingunt
1605 1232 1957 1288 Christianis
1988 1232 2145 1287 inter
2175 1233 2493 1289 orandum.
3669 1303 3684 1304 7
3811 1234 3883 1286 101

506 1306 573 1361 IX
809 1303 1334 1385 Promissionesac
1349 1303 1695 1385 prOphetias
1725 1304 1959 1385 divinas
1980 1320 2101 1385 per.
2121 1304 2316 1385 varios
2347 1319 2645 1385 successus
2671 1313 2722 1362 et
2752 1304 3104 1362 tentationes
3136 1304 3397 1375 impleri,
3429 1311 3481 1360 et
3515 1304 3632 1359 soli
3654 1303 3768 1358 Deo

898 1375 1281 1432 adhaerendo
1314 1374 1557 1430 liberari
1585 1392 1691 1430 nos
1721 1376 1795 1431 ab
1825 1375 2312 1445 infestationibus
2344 1377 2719 1432 daemonum.
3218 1374 3233 1375 ί
3804 1374 3893 1428 108

508 1449 563 1503 Χ
819 1447 1172 1503 Humilitate
1201 1451 1253 1501 et
1282 1446 1601 1502 alacritate
1630 1449 1965 1503 retinentur
2000 1451 2055 1503 et
2092 1453 2395 1518 augentur
2424 1448 2586 1504 dona
2612 1448 2848 1518 gratiae
2876 1448 3138 1513 divinae,
3170 1447 3451 1517 superbia
3482 1452 3675 1503 autem
3716 1451 3767 1502 et

890 1519 1137 1572 ianavia
1167 1517 1523 1572 perduntur.
3810 1516 3894 1569 I20

890 1519 1137 1588 ignavia
1165 1519 1523 1585 perduntur.

514 1592 585 1646 XI
834 1590 1118 1645 Virtutem
1148 1590 1340 1644 sancti
1365 1588 1626 1653 Spiritus
1656 1589 1717 1643 in
1758 1588 1933 1643 corde
1966 1588 2218 1644 hominis
2246 1604 2306 1645 se
2345 1589 2562 1646 habere
2588 1590 2783 1647 instar
2810 1590 2987 1660 ignis.
3802 1588 3893 1660 1726

515 1662 616 1717 XII
837 1664 917 1717 De
943 1664 1103 1717 statu
1135 1660 1311 1717 Adae
1338 1665 1467 1727 post
1499 1660 1812 1729 imaginem
1856 1662 1957 1716 Dei
1984 1661 2303 1727 perditam.
2837 1659 2846 1660 “
3805 1659 3889 1711 145

516 1734 638 1788 XIII
822 1732 997 1799 Quem
1026 1733 1287 1803 fructum
1319 1748 1355 1788 a
1398 1732 1732 1787 Christiano
1759 1733 1910 1787 Deus
1941 1732 2160 1801 exigat.
3810 1730 3895 1803 104

515 1805 643 1860 XIV
828 1798 939 1871 Qui
967 1798 1036 1859 se
1054 1803 1332 1858 dedicant
1367 1805 1500 1866 Deo,
1530 1818 1647 1858 non
1679 1806 1806 1858 sine
1832 1819 1930 1869 spe
1959 1798 2457 1859 remunerationis
2486 1803 2551 1859 id
2572 1804 2841 1873 faciunt.
3814 1798 3897 1873 166

829 1876 1015 1956 Quam
1048 1882 1251 1956 sancte
1277 1881 1328 1956 e7t
1356 1878 1512 1956 caste
1530 1890 1589 1930 se
1612 1889 1817 1956 gerere
1839 1874 2044 1956 debeat
2067 1874 2267 1956 animo
2321 1876 2329 1943 Ι
2373 1872 2703 1956 Christiani
2724 1890 2875 1956 erga
2906 1874 3209 1931 Christum
3236 1888 3518 1956 sponsum
3544 1888 3737 1954 suum.

516 1948 642 2001 XVI
817 1946 1130 2015 Spiritales
1157 1946 1412 2002 homines
1433 1945 1714 2002 obnoxios
1741 1960 1861 2001 esse
1885 1945 2313 2001 tentationibus
2329 1952 2383 2001 et
2415 1944 2841 2015 afﬂictionibus
2864 1963 2881 2011 ;
2910 1962 3172 2017 quarum
3189 1944 3355 2016 origo
3372 1951 3458 2002 est
3481 1944 3741 2014 primum
3809 1944 3899 1997 230

887 2024 1085 2085 peccat
1096 2034 1190 2071 um
1201 2059 1212 2071 .

520 2090 657 2145 XVII
818 2084 901 2145 De
928 2089 1397 2145 Christianorum
1437 2088 1714 2144 unctione
1742 2087 2009 2157 spiritali
2033 2096 2087 2144 et
2114 2089 2334 2157 gloria.
3814 2084 3904 2137 246

517 2161 695 2217 XVIII
816 2162 898 2215 De
924 2161 1204 2215 thesauro
1238 2160 1732 2227 Christianorum,
1763 2162 1865 2228 qui
1888 2166 1971 2216 est
2003 2160 2275 2215 Christus
2300 2166 2353 2216 et
2385 2159 2643 2228 Spiritus
2672 2165 2935 2225 sanctus,
2965 2160 3149 2215 variis
3173 2158 3361 2216 modis
3384 2172 3666 2215 exercens
3693 2170 3780 2213 eos

878 2231 959 2286 ad
981 2231 1407 2301 perfectionem
1449 2226 1896 2301 assequendam.
2429 2226 2437 2228 “
3814 2226 3907 2301 26ξ

516 2304 634 2358 XIX
819 2296 1197 2357 Christianus
1227 2304 1509 2369 proficere
1534 2296 1756 2366 volens,
1789 2302 1869 2357 ad
1898 2317 2060 2356 omne
2090 2302 2171 2365 id,
2200 2304 2359 2373 quod
2391 2302 2606 2358 bonum
2632 2310 2736 2369 est,
2767 2318 2827 2358 se
2862 2304 2920 2357 vi
2950 2302 3302 2368 compellere
3332 2301 3520 2357 debet.
3819 2296 3906 2373 2Ῑῖ

518 2375 620 2428 ΧΧ
822 2374 989 2428 Solus
1019 2374 1293 2428 Christus
1322 2368 1557 2429 sanavit
1588 2374 1870 2433 animam.
1908 2389 2085 2442 quam
2116 2368 2466 2429 ornamento
2495 2368 2733 2442 gratiae
2764 2388 2907 2430 suae
2937 2374 3179 2430 vestivit.
3820 2368 3909 2442 288

517 2445 638 2500 XXI
820 2444 1060 2499 Homini
1086 2446 1425 2500 Christiano
1455 2445 1683 2509 duplex
1714 2440 2000 2499 incumbit
2033 2446 2270 2509 bellum,
2307 2440 2619 2501 externum
2650 2451 2704 2501 et
2736 2445 3062 2501 internum.
3820 2440 3907 2492 296

521 2516 672 2571 XXII
818 2515 898 2570 De
923 2516 1153 2583 duplici
1182 2523 1343 2571 statu
1379 2512 1805 2572 deretlentium.
3820 2512 3909 2583 30?

520 2587 693 2642 XXIII
824 2588 906 2641 Hi
929 2578 1048 2658 soli
1066 2587 1337 2643 diadema
1370 2587 1596 2656 regium
1627 2593 1857 2658 gestare
1886 2592 2146 2654 possunt,
2176 2586 2279 2658 qui
2304 2590 2441 2642 sunt
2468 2602 2498 2642 e
2524 2586 2743 2644 semine
2768 2586 2957 2657 regio.
3818 2578 3909 2658 ἓρὲ

518 2658 687 2713 XXIV
826 2657 1307 2713 Christianorum
1341 2652 1529 2714 status
1555 2652 1930 2715 mercaturae
1958 2665 2007 2713 et
2038 2652 2489 2726 ferm'entationi
2515 2658 2721 2714 similis
2752 2652 2858 2715 est'.
3816 2652 3902 2707 307

516 2729 654 2784 XXV
824 2729 943 2785 Per
970 2729 1423 2802 inobedientiam
1451 2730 1674 2785 redacti
1704 2744 1905 2785 sumus
1941 2729 2399 2802 inservitutem,
2434 2744 2470 2785 a
2502 2746 2621 2802 qua
2660 2745 2768 2800 per
2799 2730 3151 2801 mysterium
3183 2728 3376 2784 crucis
3408 2727 3742 2783 liberamur
3768 2744 3787 2793 ,-

874 2802 1007 2855 item
1037 2800 1109 2856 de
1140 2802 1528 2857 lacrimarum
1562 2807 1615 2859 et
1645 2802 1798 2871 ignis
1829 2800 2021 2857 divini
2049 2801 2345 2869 efﬁcacia.
2387 2793 2390 2794 ⁷
2512 2793 2527 2802 ’
2660 2793 2672 2800 ’
2865 2793 2886 2801 ⁷
3294 2869 3327 2871 77
3378 2868 3391 2871 7
3455 2870 3464 2871 7
3674 2868 3687 2871 _
3820 2793 3909 2849 314

518 2871 693 2927 XXVI
828 2871 1250 2998 Delcéignitate,
1272 2873 1555 2943 facultate
1583 2879 1636 2929 et
1664 2868 2103 2943 operationibus
2128 2872 2388 2936 animae,
2420 2879 2473 2928 et
2507 2887 2625 2944 qua
2655 2871 2888 2929 ratione
2920 2877 3233 2928 tentetura
3265 2868 3503 2926 diabolo
3534 2876 3592 2925 et
3625 2868 3698 2924 ab
3726 2881 3786 2923 eo
3821 2936 3909 2990 326

936 2959 954 2997 ι
997 2958 1092 2998 ere
1122 2960 1210 2997 ur.

936 2945 1210 2999 iberetur.

521 3013 716 3069 XXVII
831 3015 1187 3082 Dignitatem
1214 3022 1269 3071 et
1298 3022 1515 3071 statum
1536 3016 1781 3071 hominis
1809 3015 2140 3070 Christiani
2159 3015 2559 3086 prosequitur,
2580 3015 2818 3086 eiusque
2836 3014 3083 3072 liberum
3109 3014 3453 3077 arbitrium,
3475 3008 3789 3081 permixtis

917 3078 1153 3159 interim
1195 3086 1437 3141 utilibus
1471 3087 1930 3159 quaestionibus.
2159 3078 2169 3084 ’
2246 3157 2254 3159 _
2343 3078 2359 3086 ’
2547 3078 2551 3079 ί
2715 3078 2730 3086 ’
3248 3155 3262 3159 _
3331 3154 3379 3159 _-
3475 3078 3571 3159 ’μ
3638 3154 3695 3159 _,
3820 3078 3911 3159 ἓξξ

519 3156 735 3211 XXVIII
830 3157 1123 3213 Describit
1152 3173 1223 3212 ac
1252 3150 1525 3226 deplorat
1558 3160 1954 3214 calamitatem
1982 3159 2220 3211 animae
2234 3157 2295 3212 in
2327 3173 2445 3228 qua
2478 3164 2723 3225 propter
2746 3164 3056 3221 peccatum
3087 3171 3206 3211 non
3239 3154 3467 3228 habitat
3495 3154 3791 3228 Christus.
3822 3150 3911 3228 §§9

522 3228 689 3283 XXIX
835 3228 1071 3295 Duplici
1097 3218 1611 3298 ratione-gratiam
1632 3246 1799 3284 suam
1821 3229 2080 3297 largitur
2104 3229 2267 3291 Deus,
2327 3218 2352 3296 |'
2392 3218 2841 3296 cuiusfi'uctum
2870 3229 3109 3284 tandem
3135 3228 3289 3282 iusto
3320 3226 3536 3282 iudicio
3568 3224 3794 3294 repetit.

522 3300 686 3370 XXX
831 3299 1189 3370 ExSpiritu
1219 3294 1424 3355 sancto
1452 3301 1683 3355 renasci
1715 3301 1879 3354 debet
1910 3294 2111 3353 anima
2148 3298 2250 3353 Dei
2279 3294 2526 3368 regnum
2561 3294 2926 3366 ingressura,
2961 3307 3011 3355 et
3043 3299 3145 3370 qui
3176 3299 3285 3354 hoc
3313 3299 3439 3366 ﬁat.
3535 3368 3548 3370 7
3728 3366 3740 3370 7
3822 3294 3915 3347 396

522 3369 691 3423 XXXI
837 3369 1058 3424 Fidelis
1076 3371 1273 3425 animo
1294 3370 1514 3425 mutari
1533 3371 1697 3426 debet
1716 3378 1767 3427 et
1796 3370 1854 3424 in
1892 3372 2071 3425 Deum
2092 3366 2374 3439 colligere
2390 3371 2773 3438 cogitationes
2796 3386 3013 3437 omnes,
3046 3366 3079 3425 ἐι
3107 3370 3317 3441 quibus
3345 3383 3476 3425 vere
3506 3366 3790 3437 dependet

915 3441 1251 3495 obsequium
1286 3442 1574 3495 divinum.
3827 3432 3915 3487 407

915 3455 1251 3496 ooseauzum
1286 3455 1574 3496 dwmum.

915 3457 1045 3495 oose
1090 3457 1251 3495 uzum
1286 3457 1493 3495 awmu
1563 3482 1574 3495 .

521 3510 726 3565 XXXII
839 3457 1560 3584 Gloi'ianhristianoruZ
1593 3512 1760 3567 modo
1782 3513 1922 3567 latet
1941 3513 1998 3565 in
2029 3512 2243 3567 animis
2264 3527 2488 3577 eorum.
2515 3528 2668 3584 quae
2692 3513 3142 3569 resurrectionis
3170 3519 3431 3582 tempore
3454 3515 3712 3582 emerget
3742 3511 3793 3564 et

716 3618 735 3654 ‘7
917 3582 1245 3637 illustrabit
1275 3598 1532 3654 corpora
1570 3600 1677 3649 pro
1707 3599 1812 3638 suo
1840 3598 2107 3654 quaeque
2138 3584 2329 3638 modo.
2478 3574 2485 3577 ν
2524 3574 2540 3584 ’
3288 3574 3299 3582 ’
3619 3574 3643 3582 ⁷
3825 3574 3917 3654 ᾖ

524 3652 749 3725 XXXIII
837 3654 1020 3725 Quam
1050 3660 1273 3725 attente
1303 3649 1735 3725 diligenterque
1765 3649 2129 3720 precandum
2165 3655 2257 3710 sit.
3826 3649 3916 3725 ’ἑξέξ

528 3724 750 3796 XXXIV
836 3724 917 3796 De
944 3724 1141 3793 gloria
1172 3721 1648 3781 Christianorum
1676 3726 1793 3781 illis
1816 3743 1933 3780 non
1963 3726 2189 3796 ignota.
3829 3721 3917 3796 1513(7)

529 3795 736 3867 XXXV
848 3795 930 3851 De
945 3788 1202 3853 'sabbato
1234 3798 1473 3867 antiquo
1504 3805 1555 3853 et
1591 3813 1759 3853 novo.
1986 3788 2009 3796 ”

526 3866 733 3923 XXXVI
760 3938 767 3939 7
844 3867 1094 3939 7Diversa
1126 3871 1209 3923 est
1238 3864 1673 3937 resurgentium
1700 3869 1920 3939 gloria.
3825 3864 3914 3939 Ιςζξῖ

525 3938 771 3994 XXXVII
832 3938 913 3995 De
940 3940 1235 4010 paradiso
1264 3946 1317 3995 et
1349 3931 1475 4010 tege
1505 3931 1789 4010 spiritali.
3160 4008 3166 4010 Α
3299 4009 3304 4010 ί
3352 4008 3358 4010 λ
3829 3931 3917 4010 (βξ)

526 4010 797 4066 XXXVIII
837 4003 1071 4066 Exacto
1102 4026 1249 4073 opus
1272 4020 1354 4067 est
1386 4003 1607 4066 iudicio
1636 4015 1698 4066 in
1732 4010 2137 4067 discernendis
2168 4012 2318 4066 veris
2354 4010 2733 4074 Christianis,
2767 4017 2820 4066 et
2847 4010 3088 4082 quinam
3115 4008 3237 4065 sint
3264 4008 3378 4063 illi.

530 4082 726 4138 XXXIX
839 4082 924 4136 Ad
955 4083 1100 4152 quid
1126 4082 1444 4152 Scriptura
1475 4084 1681 4137 divina
1714 4084 1880 4137 nobis
1908 4084 2132 4138 donata
2158 4086 2241 4137 est
2266 4098 2301 4136 a
2340 4085 2473 4137 Deo.
2857 4076 2871 4082 ’

533 4152 617 4207 XL
862 4143 1153 4207 Virtutum
1186 4143 1344 4208 inter
1372 4170 1433 4209 se
1461 4155 1791 4221 colligatio,
1823 4153 2023 4209 itidem
2053 4152 2354 4207 vitiorum.
3829 4143 3923 4197 458

528 4222 638 4279 XLI
841 4223 1051 4303 Quam
1067 4224 1378 4342 p7il'ofunda
1415 4224 1536 4279 sint
1567 4224 1803 4280 animae
1830 4225 2187 4293 penetralia,
2219 4238 2373 4292 quae
2398 4224 2697 4292 paulatim
2730 4224 3097 4280 incrementa
3125 4222 3363 4294 gratiae
3382 4228 3489 4279 aut
3519 4223 3794 4279 vitiorum
3826 4284 3919 4342 466

920 4308 1113 4342 αεριιη
1150 4335 1161 4342 .

920 4294 1161 4359 accipit.

531 4364 664 4419 XLII
833 4364 1387 4484 Nonfzterna,7s_ed
1402 4367 1638 4421 interna
1656 4371 2119 4435 promoventaut
2151 4364 2395 4420 laedunt
2418 4364 2749 4434 hominem;
2778 4367 2962 4421 veluti
2990 4366 3235 4435 spiritus
3265 4364 3500 4435 gratiae
3531 4372 3640 4421 aut
3684 4361 3796 4433 spi-
3830 4429 3923 4484 ‘69

928 4452 981 4484 νῑ
1010 4450 1075 4484 US
1106 4451 1282 4484 neum
1311 4452 1420 4484 ιηρ-

928 4435 1075 4489 ritus
1106 4435 1421 4504 nequitiae.

534 4505 691 4561 XLIII
826 4506 912 4561 De
939 4500 1257 4575 progressu
1291 4506 1405 4562 viri
1436 4506 1783 4567 Christiani,
1818 4506 1986 4561 cuius
2013 4511 2133 4562 tota
2172 4508 2254 4561 vis
2284 4506 2569 4574 dependet
2600 4523 2635 4561 a
2667 4508 2863 4572 corde,
2897 4516 2959 4563 ut
2992 4508 3086 4563 hic
3118 4507 3285 4563 varie
3308 4505 3687 4562 describitur.
3830 4500 3922 4556 472

536 4576 690 4632 XLIV
832 4577 1126 4643 Quantam
1150 4577 1212 4632 in
1246 4577 1479 4635 homine
1500 4577 1844 4635 Christiano
1870 4579 2121 4633 mutatio
2156 4581 2163 4647 Ι
2197 4593 2329 4635 nem
2351 4593 2421 4633 ac
2438 4579 2873 4636 renovationem
2890 4580 3088 4649 faciat
3117 4578 3410 4643 Christus,
3434 4577 3543 4649 qui
3566 4575 3795 4634 morbos

927 4648 1163 4705 animae
1191 4650 1449 4705 sanavit.
2156 4643 2162 4647 ’
2890 4643 2900 4649 ”
3445 4643 3459 4649 “
3831 4643 3924 4697 482

528 4718 660 4776 XLV
830 4720 1033 4797 Nullis
1060 4720 1289 4776 artibus
1320 4728 1425 4777 aut
1445 4721 1715 4797 operibus
1730 4720 1904 4775 huius
1926 4721 2158 4797 mundi,
2190 4720 2293 4797 sed
2313 4722 2437 4797 solo
2467 4720 2688 4797 Christi
2707 4721 2976 4797 adventu
3006 4727 3282 4777 sanatum
3315 4735 3435 4777 esse
3464 4719 3756 4775 hominem
3777 4730 3798 4785 ,'
3841 4782 3905 4797 ,Ν

925 4792 1092 4847 cuius
1120 4808 1401 4860 magnam
1433 4782 1563 4847 cum
1598 4794 1715 4847 Deo
1746 4782 2154 4861 coqnationem'
2176 4794 2357 4857 refert
2392 4793 2535 4848 haec
2558 4793 2813 4849 homilia.
3779 4782 3785 4785 ⁷
3832 4782 3924 4861 492}

535 4863 689 4917 XLVI
838 4864 922 4919 De
946 4854 1280 4932 differentia
1302 4866 1456 4919 inter
1477 4865 1715 4919 verbum
1753 4854 1855 4918 Dei
1871 4868 1921 4919 et
1950 4864 2187 4920 verbum
2209 4854 2439 4928 mundi,
2464 4872 2517 4919 et
2544 4868 2702 4920 inter
2719 4866 2875 4931 ﬁlios
2896 4864 3000 4920 Dei
3028 4870 3081 4920 et
3102 4864 3261 4931 ﬁlios
3292 4862 3469 4919 huius
3492 4861 3722 4917 mundi.
3833 4854 3923 4932 539%

530 4934 737 5007 XLVII
833 4926 1178 4996 Explicatio
1206 4936 1532 5007 allegorica
1558 4936 1935 5004 quorundam
1967 4935 2074 4990 sub
2106 4936 2230 5005 lege
2258 4926 2443 5007 [bene]
2474 4926 2801 5005 factorum.
3102 4926 3111 4931 ’

537 5006 745 5061 XLVIII
832 5008 915 5061 De
935 4995 1201 5077 perfecta
1235 4995 1354 5073 ﬁde
1378 5006 1437 5061 in
1463 4995 1673 5061 Deum.
2160 4995 2185 5005 “’
2258 4995 2274 5006 ⁵
2424 4995 2443 5007 ⁴
2474 4995 2485 5005 ’
3308 5076 3313 5077 7
3418 5075 3450 5077 77
3834 4995 3929 5051 525

533 5078 697 5133 XLIX
824 5075 961 5133 Non
989 5077 1129 5194 saltis
1150 5084 1233 5133 est
1263 5078 1437 5134 huius
1464 5079 1689 5133 saeculi
1718 5077 1962 5133 delicias
1984 5078 2306 5151 reliquisse,
2340 5078 2455 5135 nisi
2476 5078 2604 5149 quis
2635 5078 2883 5133 alterius
2912 5077 3137 5133 saeculi
3160 5075 3582 5134 beatitudinem
3608 5086 3800 5131 conse-
3838 5138 3923 5194 5'“

923 5164 1040 5194 mm
1075 5165 1165 5194 ην-
3869 5173 3881 5189 ι

923 5152 1165 5219 quatur.
1228 5218 1231 5219 7
3835 5152 3881 5219 ξε

532 5219 573 5273 L
812 5208 967 5275 Deu's
997 5224 1099 5285 est,
1132 5218 1235 5290 qui
1260 5235 1370 5287 per
1398 5227 1633 5276 sanctos
1662 5236 1796 5275 suos
1827 5226 1882 5276 et
1908 5229 2214 5277 creaturas
2243 5220 2360 5277 edit
2393 5221 2717 5278 miracula.
3833 5208 3922 5265 537

532 5359 791 5433 Homiliae
812 5364 1020 5433 exstant
1042 5374 1230 5433 graece
1256 5361 1497 5433 etIaIine
1525 5378 1683 5426 pagg.
1705 5364 1851 5433 I354}
1864 5362 2090 5433 __Q_qi_bus
2108 5363 2334 5433 singulis
2356 5363 2664 5433 praemissa
2691 5364 3015 5433 argumenta
3042 5372 3249 5433 graeca.
3265 5359 3435 5433 multo
3454 5359 3746 5433 prolisiora
3770 5348 3931 5433 73.71)?!-

593 5422 795 5481 thenio,
829 5427 887 5471 ut
907 5424 1018 5485 ipse
1041 5413 1093 5472 i’n
1128 5424 1456 5474 Praefatione
1480 5413 1770 5485 sdprBUcoI.
1798 5413 2002 5474 3057306
2027 5413 2270 5481 testatiir,
2292 5413 2615 5485 cohscripta,
2653 5413 2815 5473 babEs
2842 5423 2981 5473 infra
3004 5413 3073 5472 in“
3093 5422 3426 5472 Praefatione
3457 5413 3523 5471 'ad
3556 5419 3841 5485 editionem

596 5490 762 5552 t_er_a_m
793 5483 1139 5552 Parisiensem
1166 5487 1519 5536 Homiliarum
1546 5483 1596 5536 S.
1617 5488 1826 5537 Macarii
1853 5489 2097 5552 Aegyptii
2123 5489 2221 5538 coI.
2256 5490 2344 5537 317
2370 5502 2486 5551 sqq.
2507 5483 2764 5536 Homilies
2795 5487 3005 5552 excipit.
3025 5486 3162 5552 Inde
3180 5500 3351 5534 rerum
3374 5499 3430 5533 ae
3455 5483 3821 5552 sententiarum
3869 5488 3918 5552 Ψ

596 5500 762 5533 teram
793 5500 1139 5536 I'arismnsem
1166 5500 1519 5536 nomnuarum
1546 5500 1596 5536 δ.
1617 5500 1826 5537 slacarn
1853 5500 1923 5536 Ae
1966 5500 2097 5552 yptu
2123 5500 2221 5538 σοι.
2256 5500 2341 5537 3n
2370 5502 2486 5551 sqq.
2507 5500 2764 5536 nominas
2795 5500 2905 5536 exc:
2950 5500 3005 5534 ιι.
3035 5500 3162 5534 uiae
3180 5500 3351 5534 rerum
3374 5500 3430 5533 ac
3455 5500 3821 5533 sententiarum
3870 5500 3905 5522 u

592 5547 643 5596 S.
658 5547 882 5597 Macarii
900 5548 943 5597 Η
949 5550 1140 5599 omiliis
1155 5554 1510 5600 contentamm
1524 5551 1841 5612 alphabetico
1855 5503 2036 5599 origine
2053 5552 2461 5613 digestus,quem
2478 5554 2779 5613 sequuntur
2793 5500 3226 5612 Paltﬁeniiatque
3245 5546 3557 5610 typographi
3572 5545 3673 5594 hae
3690 5544 3905 5592 litterae:

1568 5632 2091 5689 PALTHENIUS
2128 5630 2467 5687 LECTORI
2502 5632 2587 5686 SA
2607 5630 2893 5688 LUTEM.

606 5716 647 5772 Ε
676 5717 859 5777 Suida
889 5723 942 5776 et
967 5718 1311 5785 Trithemio,
1346 5719 1538 5785 amice
1570 5721 1771 5787 lector,
1799 5722 1857 5777 in
1890 5720 2188 5792 prioribus
2216 5718 2398 5777 libelli
2434 5719 2668 5793 paginis
2694 5720 2768 5775 de
2796 5719 2917 5777 vita
2942 5718 3179 5775 Macarii
3212 5717 3517 5791 quaedam
3573 5711 3918 5770 adiecimus,
