4078 6194
191 275 275 333 sis
1179 267 1631 358 communium
1673 271 1736 328 s.
1779 267 2090 329 MACABll
2131 266 2488 330 AEGYPTII.
3418 275 3524 334 ait

177 416 259 456 nec
276 399 529 456 tumalios
545 397 864 470 scriptores
887 397 1120 456 Macarii
1147 398 1509 454 mentionem
1532 397 1812 453 facientes
1826 396 1903 452 ad
1919 412 2164 452 manum
2187 396 2533 453 habuimus.
2559 396 2783 454 Verum
2805 414 2942 455 cum
2967 399 3212 458 iamiam
3234 402 3312 458 ad
3332 402 3515 460 ﬁnem

174 489 414 560 paulatim
442 504 587 559 opus
621 487 905 558 tenderet,
941 487 1306 543 revolvimus
1338 486 1734 558 Nicephorum
1784 490 1841 541 et
1871 485 2230 541 Palladium.
2267 487 2420 542 Sane
2454 492 2720 558 uterque,
2758 495 2817 543 ut
2845 505 3028 560 supra
3085 490 3332 558 dictum,
3365 493 3520 550 duos

173 577 314 633 fuisse
346 576 611 633 Macarios
668 582 978 644 testantur,
1011 576 1267 632 alterum
1297 575 1763 632 Alexandrinum
1795 589 2030 644 genere,
2063 575 2187 646 qui,
2221 575 2352 630 licet
2397 575 2615 642 iunior,
2666 577 2722 631 in
2759 577 2830 632 iis
2879 593 3036 651 quae
3084 581 3522 639 monachorum

172 673 277 720 sunt
303 666 612 738 praecipua,
638 666 866 735 primas
893 665 1222 729 obtinebat,
1247 664 1499 720 alterum
1530 662 1912 735 Aegyptium,
1936 668 2122 718 aelate
2149 662 2550 732 grandiorem,
2573 665 2676 736 qui
2698 665 2808 720 has
2838 668 3003 738 ipsas
3022 683 3232 736 graece
3260 673 3524 728 conscri-

173 755 257 825 psit
283 753 554 820 Homilies,
593 769 752 826 quas
783 754 843 808 in
875 753 1127 810 latinum
1157 769 1494 809 sermonem
1524 751 1954 808 transtulimus.
1992 752 2090 806 Hic
2115 754 2198 808 XC
2227 754 2370 808 vixit
2398 768 2588 808 annos
2616 755 2898 824 integros.
2931 773 3188 827 quorum
3213 759 3300 815 LX
3332 767 3520 818 trans-

175 844 264 911 egit
286 842 336 897 in
370 841 694 898 solitudine.
729 843 930 914 Itaque
961 848 1137 898 natus
1164 857 1357 898 annos
1393 840 1530 896 XXX
1561 845 1616 896 et
1642 841 1698 895 in
1733 841 1974 895 iuvenili
2000 846 2192 897 aetate
2218 843 2590 905 constitutus,
2624 850 2743 898 tam
2781 843 3095 901 toleranter
3127 847 3255 904 tulit
3282 848 3519 907 labores

175 930 546 987 exercitationis
569 937 757 987 totum
782 930 1164 997 decennium,
1186 935 1246 985 ut
1268 944 1492 999 magna
1513 929 1776 1000 quadam
1799 935 1854 984 et
1871 928 2087 999 insigni
2108 929 3071 999 dignushabereturdistinctione,
3097 935 3249 992 adeo
3267 943 3330 994 ut
3351 955 3524 997 voca-

172 1025 293 1075 retur
318 1016 745 1094 παιδαριογὶρωυ,
779 1020 836 1074 id
849 1026 937 1076 est
974 1021 1034 1074 in
1062 1020 1269 1092 puerili
1301 1026 1488 1074 aetate
1520 1033 1720 1081 senex,
1752 1018 2043 1090 quoniam
2066 1020 2235 1074 citius
2259 1035 2445 1092 quam
2479 1036 2583 1090 pro
2608 1026 2796 1076 aetate
2817 1021 3150 1093 profecerat
3179 1024 3517 1083 virtutibus.

177 1107 250 1162 XL
273 1123 437 1164 annos
467 1114 644 1164 natus
674 1113 1026 1180 potestatem
1047 1106 1280 1180 accepit
1309 1106 1598 1162 adversus
1621 1106 1969 1175 daemones,
1985 1107 2240 1176 gratiam
2256 1109 2393 1163 item
2417 1109 2692 1174 sanandi,
2719 1109 3116 1181 spiritumque
3139 1113 3521 1182 praedicendi

177 1196 343 1252 futura.
382 1200 598 1267 Dignus
625 1213 871 1269 quoque
901 1204 992 1252 est
1031 1197 1271 1254 habitus
1307 1195 1662 1252 honorando
1703 1195 2060 1252 sacerdotio.
2100 1197 2454 1252 Habitarunt
2483 1213 2621 1252 cum
2662 1213 2734 1252 eo
2764 1197 2887 1253 duo
2917 1199 3193 1271 discipuli
3221 1203 3279 1257 in
3307 1202 3520 1260 intima

176 1286 432 1342 solitudine
449 1303 608 1358 quae
636 1292 880 1342 vocatur
915 1287 1101 1342 Scete.
1137 1287 1401 1351 Quorum
1435 1301 1590 1340 unus
1615 1285 1858 1356 quidem
1892 1285 2050 1339 velut
2091 1287 2358 1340 minister
2384 1287 2464 1340 illi
2501 1301 2737 1357 semper
2762 1287 3066 1344 assidebat
3095 1305 3301 1346 eorum
3330 1293 3525 1362 gratia

171 1375 246 1446 qui
272 1376 561 1431 veniebant
590 1375 842 1432 curandi
868 1392 882 1442 ;
916 1377 1062 1431 alter
1085 1382 1285 1431 autem
1312 1389 1582 1430 seorsum
1605 1373 1983 1432 secedebatin
2006 1373 2239 1429 cellam.
2262 1375 2652 1430 Praecedente
2680 1391 2812 1431 vero
2839 1383 3106 1448 tempore
3127 1394 3262 1434 cum
3287 1385 3528 1438 sanctus

169 1465 440 1536 perspicaci
470 1464 652 1520 oculo
686 1464 1095 1536 praevidisset,
1122 1463 1266 1520 dixit
1299 1464 1572 1518 ministro
1599 1463 2217 1529 suonomineJoanni,
2237 1463 2564 1535 quipostea
2579 1463 2770 1519 factus
2797 1466 3110 1538 presbyter
3127 1468 3410 1526 suﬂ‘ectus
3438 1478 3528 1528 est

165 1555 208 1608 in
240 1553 410 1608 locum
449 1555 685 1610 Macarii
720 1571 733 1608 :
777 1553 958 1620 Audi,
994 1553 1074 1609 mi
1107 1553 1312 1622 frater
1348 1554 1622 1617 Joannes,
1655 1567 1958 1622 meamque
1991 1553 2090 1621 fer
2120 1567 2306 1622 aequo
2331 1553 2532 1608 animo
2563 1554 3013 1611 admonitionem
3047 1557 3155 1611 tibi
3193 1559 3367 1615 valde
3389 1576 3529 1630 pro-

165 1643 682 1710 faturam.Tentaris
699 1644 1153 1715 enim,inquit.et
1169 1649 1222 1699 te
1237 1649 1418 1699 tentat
1433 1641 1679 1709 spiritus
1694 1642 2112 1711 avaritiae;sic
2128 1645 2281 1698 enim
2298 1649 2670 1712 perspectum
2685 1643 2870 1700 habeo
2883 1643 3025 1700 .Scio
3051 1648 3328 1716 tamen,si
3337 1664 3526 1706 meam

167 1732 367 1802 benigne
383 1733 587 1789 tuleris
608 1732 1174 1797 adhortationem,te
1190 1732 1518 1801 perfectum
1536 1729 1672 1799 fore
1689 1732 1756 1785 in
1775 1731 1882 1786 Dei
1897 1731 2104 1786 timore
2123 1735 2300 1802 atque
2319 1733 2442 1787 eius
2461 1733 3204 1804 opere,laudaberisque,et
3217 1737 3526 1808 ﬂagellum

167 1834 256 1874 non
275 1820 762 1894 appropinquabit
785 1823 1172 1878 tabernaculo
1196 1829 1318 1876 tuo.
1350 1820 1516 1888 Quod
1545 1821 1596 1874 si
1625 1835 1746 1875 non
1771 1819 2054 1882 audieris,
2087 1824 2148 1875 in
2169 1828 2222 1876 te
2244 1823 2475 1876 venient
2497 1837 2651 1892 quae
2671 1821 2829 1877 Giezi
2872 1824 3110 1879 tandem
3156 1826 3527 1890 acciderunt,

164 1912 296 1965 cuius
318 1911 448 1967 vitio
478 1911 741 1968 laboras.
777 1912 1031 1982 Contigit
1050 1927 1249 1984 porro,
1293 1919 1352 1966 ut
1373 1909 1656 1966 defuncto
1698 1910 1948 1964 Macario
1989 1925 2108 1964 non
2132 1909 2414 1981 paruerit,
2441 1909 2541 1964 sed
2563 1909 2616 1966 ei
2640 1910 2740 1980 qui
2767 1919 3010 1982 propter
3041 1913 3376 1970 avaratiam
3405 1915 3532 1972 alli-

164 2000 286 2066 gavit
307 2001 476 2055 Iudae
507 2001 820 2073 laqueum.
857 2001 1088 2072 Elapsis
1113 2001 1313 2072 itaque
1347 2001 1434 2054 XV
1465 2006 1567 2055 aut
1596 2000 1682 2055 XX
1702 1999 1898 2062 annis,
1927 2014 2062 2053 cum
2091 1998 2251 2054 bona
2285 2013 2616 2068 pauperum
2666 2007 3041 2070 usurpasset,
3092 2007 3211 2057 tam
3245 2005 3411 2072 gravi
3437 2004 3526 2060 la-

162 2086 345 2143 boravit
369 2091 735 2161 elephantia,
764 2096 826 2144 ut
865 2092 921 2144 in
953 2096 1073 2145 toto
1097 2089 1224 2144 eius
1241 2104 1487 2160 corpore
1505 2089 1996 2143 noninveniretur
2020 2087 2249 2155 integer
2273 2086 2512 2142 locusin
2535 2103 2658 2160 quo
2683 2089 2818 2159 quis
2841 2089 3093 2159 digitum
3120 2092 3299 2161 ﬁgere
3324 2101 3529 2163 posset

166 2177 283 2231 Haec
306 2177 404 2232 fuit
426 2179 669 2234 Macarii
702 2180 1031 2250 prophetia.
1063 2179 1384 2235 Ferebatur
1411 2178 1505 2232 hic
1531 2183 1774 2232 sanctus
1799 2179 1918 2247 pati
1933 2176 2337 2233 continentem
2362 2179 2636 2242 ecstasin,
2657 2179 3019 2251 saepiusque
3041 2181 3284 2238 velcum
3305 2183 3424 2238 Deo
3439 2182 3531 2239 vel

161 2265 205 2319 iu
229 2265 383 2322 rebus
414 2269 640 2324 versari
671 2267 1048 2324 caelestibus.
1106 2267 1293 2324 Fama
1341 2267 1519 2322 etiam
1559 2271 1840 2321 constans
1886 2271 2012 2320 erat
2043 2265 2102 2320 in
2155 2265 2492 2330 solitudine,
2529 2269 2851 2322 suscitasse
2889 2284 3027 2324 eum
3079 2278 3408 2340 mortuum,
3461 2277 3529 2328 ut

165 2356 490 2422 persuaderet
514 2357 765 2413 cuidam
789 2356 1088 2412 haeretico
1122 2357 1358 2428 neganti
1373 2355 1885 2411 resurrectionem.
1915 2354 2179 2426 Reliqua,
2203 2369 2362 2426 quae
2382 2354 2587 2410 divino
2605 2355 2895 2411 beneﬁcio
2908 2364 3078 2426 gesta
3090 2367 3245 2427 sunt,
3270 2362 3531 2433 petenda

164 2449 266 2498 sunt
290 2460 317 2500 e
347 2445 609 2502 Palladio
638 2445 696 2501 in
735 2446 984 2502 Historia
1017 2445 1254 2502 Patrum
1289 2460 1421 2516 cap.
1462 2447 1524 2499 19
1555 2450 1611 2498 et
1637 2444 1727 2508 20,
1753 2443 2082 2512 Nicephoro
2115 2445 2260 2498 Hist.
2295 2442 2444 2498 Eccl.
2474 2442 2579 2500 lib.
2608 2460 2667 2500 ix
2696 2460 2828 2517 cap.
2862 2449 2949 2503 14.
2974 2446 3137 2502 Vale.
3169 2447 3190 2520 ]

1373 2577 1870 2668 Typograp/tus
1900 2575 2167 2644 Lectori
2212 2577 2284 2643 S.

220 2713 560 2783 Diligentiam
599 2730 788 2786 quam
820 2717 879 2769 in
906 2713 1143 2769 Macarii
1177 2712 1439 2768 Homiliis
1469 2712 1884 2776 adhibuimus,
1919 2711 2204 2768 benevole
2251 2711 2453 2777 lector,
2485 2711 2830 2782 praedicare
2869 2713 3190 2783 nolumus;
3228 2717 3354 2788 ipse
3386 2719 3531 2776 satis

162 2803 434 2873 perspicies
460 2803 520 2859 in
553 2807 907 2859 transcursu
935 2801 1225 2858 lectionis.
1259 2805 1371 2858 Nec
1417 2809 1616 2857 tamen
1666 2817 2007 2857 asseverare
2043 2801 2340 2866 volumus,
2396 2800 2539 2854 nihil
2571 2817 2815 2872 prorsus
2849 2818 2958 2857 nos
2989 2803 3085 2859 hic
3110 2803 3353 2874 fugisse,
3399 2808 3527 2875 sed,

159 2904 280 2958 quae
299 2893 496 2948 oculos
519 2896 766 2948 nostros
791 2890 1142 2958 fefellerunt,
1170 2891 1454 2963 pleraque
1476 2891 1681 2946 omnia
1708 2890 1876 2946 facile
1899 2905 2002 2961 per
2028 2894 2079 2944 te
2103 2890 2383 2958 cognosci
2414 2906 2608 2961 posse.
2638 2891 2693 2944 in
2715 2907 2832 2946 uno
2850 2897 3051 2948 tamen
3080 2897 3420 2952 monendus
3442 2914 3529 2952 es.

163 2975 642 3037 Demandaramus
673 2996 894 3037 munus
920 2980 1213 3037 versionis
1243 2979 1670 3036 describendae
1695 2994 1767 3034 ex
1796 2979 2054 3034 auctoris
2083 2978 2460 3050 autographo
2482 2977 2755 3034 studioso
2777 2981 3016 3036 cuidam
3049 2998 3061 3046 ;
3094 2999 3296 3041 verum
3328 2984 3378 3040 is
3404 3001 3529 3056 qua

159 3072 303 3125 scatet
323 3068 552 3128 levitate
589 3069 810 3126 alicubi
844 3072 1059 3127 misere
1091 3069 1364 3141 pervertit
1395 3070 1654 3124 auctoris
1685 3067 1888 3122 verba.
1924 3065 2206 3122 Volumus
2228 3066 2427 3138 itaque
2461 3071 2524 3122 ut
2553 3083 2623 3124 ea
2653 3067 2735 3122 sic
2766 3070 3062 3125 restituas.

1055 3159 1395 3230 Sequuntur
1419 3157 1780 3227 Corrigenda
1809 3162 1942 3213 octo
1967 3155 2236 3212 locorum
2270 3155 2584 3212 versionis.

1500 3514 2156 3610 PRAEFATIO

834 3747 938 3808 AD
983 3749 1402 3810 EDITlONEM
1448 3749 1938 3810 HOMILIARUM
1983 3748 2044 3809 S.
2092 3748 2411 3808 MACARII
2453 3745 2814 3809 AEGYPTII

1379 3915 1525 3962 QUAE
1561 3916 1875 3956 COMPARUIT
1915 3915 2017 3955 SUB
2055 3913 2290 3954 TITULOZ

165 4042 248 4100 ss.
283 4046 390 4104 ρρ.
433 4046 824 4107 caecam!
872 4044 1129 4102 NEOCA
1143 4044 1599 4100 ESARIENSIS
1637 4041 1989 4099 EPISCOPI
2019 4040 2548 4098 GOGNOMENTO
2585 4041 2735 4096 THA
2755 4039 2898 4098 UMA
2916 4042 3164 4112 TURGI,
3193 4044 3310 4104 MA
3326 4047 3540 4105 CARII

223 4119 348 4175 AEG
362 4122 583 4177 YPTII
609 4120 718 4176 ET
747 4117 1035 4174 BASILII
1073 4116 1524 4172 SELEUCIAE
1544 4114 1658 4170 [SA
1677 4115 1916 4171 URIAE
1956 4112 2309 4168 EPISCOPI
2338 4113 2589 4169 UPERA
2633 4112 2887 4169 OMNIA
2925 4115 3134 4182 QUAE
3160 4118 3544 4178 REPERIRI

224 4187 631 4250 POTUERUN
643 4192 707 4246 Τ.
740 4190 918 4245 Nunc
944 4190 1203 4257 primum
1238 4188 1461 4243 Graece
1489 4193 1540 4242 et
1571 4185 1772 4241 Latine
1801 4185 2157 4240 coniunctim
2181 4185 2356 4257 edita,
2392 4201 2524 4240 cum
2545 4184 2859 4257 indicibus
2898 4189 3257 4244 necessariis.
3289 4192 3540 4248 Accessit

221 4261 744 4320 JoannisZonar-ae
773 4256 1082 4322 Expositio
1115 4258 1560 4318 Canonicarum
1595 4257 2017 4324 Epistolarum.
2055 4256 2300 4312 Parisiis
2327 4256 2660 4326 sumptibus
2691 4257 3004 4314 Michaelis
3027 4259 3260 4326 Sonnii,
3293 4264 3544 4320 Claudii

221 4331 440 4392 Ποτειιί
470 4343 526 4392 et
558 4332 904 4392 Sebastiani
929 4331 1264 4400 Cramoisy,
1298 4329 1394 4386 via
1423 4327 1697 4384 Jacobea.
1730 4327 2094 4382 MDCXXII.
2137 4328 2280 4384 Cum
2307 4327 2623 4400 privilegio
2648 4329 2828 4401 Regio
2857 4330 2970 4399 fol.

669 4669 1084 4728 Illustrissimo
1117 4667 1244 4725 viro
1268 4665 1475 4723 Merica
1521 4665 1594 4722 de
1635 4664 1763 4736 Viq,
1789 4679 2017 4720 summo
2045 4664 2385 4722 Galliarum
2422 4667 2924 4734 procancellario.

219 4875 469 4935 Alienum
496 4878 672 4935 nimis
693 4893 730 4933 a
757 4891 1003 4931 munere
1034 4879 1239 4930 nostro
1265 4873 1685 4937 credebamus,
1719 4870 1807 4927 vir
1836 4870 2247 4936 illustrissime,
2277 4869 2321 4925 si
2355 4871 2505 4925 inter
2537 4874 2617 4926 tot
2651 4886 2720 4926 ac
2753 4876 2915 4928 tanta
2931 4873 3205 4944 publicae
3223 4884 3542 4948 congratu-

164 4961 368 5022 talionis
383 4964 870 5039 indicia,quibus
891 4965 1166 5020 universa
1183 4963 1366 5020 Gallia
1381 4961 1808 5018 communibus
1821 4963 1974 5016 votis
1995 4965 2050 5016 et
2068 4959 2312 5015 vocibus
2344 4962 2569 5015 Nomen
2588 4966 2847 5016 vestrum
2864 4964 3266 5032 commendat,
3295 4967 3403 5039 ipsi
3433 4969 3543 5025 soli

164 5057 484 5122 taceremus,
517 5061 576 5112 et
615 5053 782 5111 nulla
815 5053 997 5109 nostri
1027 5053 1204 5109 etiam
1230 5052 1503 5125 obsequii
1525 5050 1723 5107 ofﬁcia
1755 5055 2124 5106 testaremur.
2158 5051 2238 5104 Ex
2265 5064 2387 5120 quo
2413 5049 2572 5104 enim
2601 5050 3260 5127 iustissimusidemque
3281 5056 3544 5113 invictis-

167 5140 328 5199 simus
356 5147 475 5202 Rex
497 5151 705 5201 noster
736 5141 1185 5198 Ludoviculell
1211 5146 1448 5198 matura
1480 5139 1903 5196 deliberatione
1927 5137 2002 5193 ad
2029 5137 2330 5193 sanctiora
2356 5137 2586 5192 consilii
2611 5140 2701 5194 sui
2733 5141 2806 5196 Te
2838 5141 3078 5197 admisit
3104 5145 3444 5214 penetralia,
3487 5154 3543 5205 et

165 5230 224 5284 ad
240 5235 528 5304 regiorum
547 5230 890 5301 Sigillorum
913 5229 1250 5286 custodiam
1276 5230 1633 5302 deputatum
1658 5229 1732 5282 Te
1755 5226 2146 5292 voluit,nemo
2168 5225 2396 5290 fuit,cui
2420 5228 2657 5296 cognita
2671 5235 2779 5297 ,tua
2801 5230 2986 5285 virtus
3014 5238 3124 5298 est,
3147 5235 3249 5305 qui
3274 5251 3394 5292 non
3416 5237 3546 5293 lau-

166 5317 310 5390 darit,
328 5339 444 5379 non
466 5319 919 5395 approbaverit,
944 5320 1243 5390 etregium
1255 5324 1312 5375 et
1326 5319 1634 5390 egregium
1657 5316 1880 5372 factum
1899 5331 2018 5372 non
2038 5314 2701 5387 praedicaverit.Virum
2715 5318 2935 5374 scilicet
2951 5327 3254 5380 maturum
3271 5325 3543 5395 consilio,

165 5405 273 5465 iusti
285 5419 336 5468 et
350 5414 527 5486 aequi
546 5403 1896 5480 amantissimum,prudentem,sapientem.de
1914 5403 2219 5475 republica
2236 5419 2461 5458 summe
2475 5404 2764 5472 meritum;
2780 5407 2992 5474 virum,
3007 5409 3254 5483 inquam
3267 5412 3364 5478 .ad
3381 5431 3544 5474 sum-

171 5511 253 5554 nia
274 5508 494 5562 natum.
525 5501 710 5572 longo
732 5513 930 5555 rerum
947 5499 1131 5553 usuet
1155 5497 1309 5552 seria
1322 5495 1626 5551 variorum
1657 5492 2037 5564 negotiorum
2085 5493 2499 5548 exercitatione
2528 5495 2605 5549 ad
2652 5499 2838 5551 status
2889 5497 3112 5569 politici
3150 5502 3415 5572 regimen
3443 5521 3548 5578 ap-

170 5585 334 5655 prime
354 5595 680 5657 versatum,
713 5586 816 5644 tali
846 5585 1162 5644 vocatione
1191 5585 1471 5655 dignum.
1508 5583 1672 5658 Unde
1699 5583 1920 5640 factum
1943 5587 2049 5648 est,
2091 5587 2152 5637 ut
2189 5581 2356 5654 ipsae
2378 5583 2558 5638 etiam
2599 5582 2802 5641 Musae
2828 5587 3195 5646 castissimae
3221 5591 3282 5647 in
3313 5601 3568 5666 partem.

172 5677 522 5739 exultationis
538 5679 743 5738 venire
765 5677 1104 5750 gestientes,
1131 5674 1257 5733 Tibi
1277 5679 1536 5748 patrono
1560 5689 1670 5735 suo
1689 5672 1768 5732 ad
1792 5671 2021 5750 patrios
2034 5671 2188 5731 lares
2204 5671 2477 5732 redeunti
2492 5673 3265 5755 ettriumphatoremregem
3279 5687 3554 5744 nostrum
