4078 6194
480 250 590 306 315
1447 239 1843 295 PRAEFATIO
1879 237 1976 294 AD
2020 237 2409 296 EDITIONEM
2452 236 2564 294 AN.
2609 236 2914 297 MDCXXII
3783 233 3900 294 316

479 398 784 457 comitanti
803 394 1016 451 obviae
1037 393 1501 449 forentovantes.
1531 394 1593 445 Et
1607 390 1892 462 quoniam
1914 390 2105 445 virum
2124 390 2200 445 ad
2216 394 2446 446 tantum
2464 390 2772 459 dignitatis
2789 391 3021 461 apicem
3034 393 3302 446 evectum
3325 388 3577 444 maxime
3594 385 3889 443 condecet

477 491 668 562 pietas
689 493 744 541 et
775 485 1020 555 antiqua
1051 487 1314 538 veterum
1344 482 1579 536 Patrum
1604 479 1750 535 ﬁdes
1780 487 1836 534 et
1863 479 2089 549 religio,
2113 495 2247 534 ecce
2277 495 2307 533 e
2333 481 2485 551 typis
2512 479 2730 534 nostris
2754 479 3053 550 prodeunt
3073 480 3131 534 in
3166 493 3382 534 manus
3405 483 3629 533 vestras
3649 482 3769 531 tres
3797 475 3888 530 in-

475 577 616 634 victi
639 575 777 631 ﬁdei
806 573 1062 629 athletae
1089 570 1402 640 Gregorius
1421 569 1924 637 Thaumaturgus,
1951 568 2196 623 Basilius
2226 568 2362 624 Isau
2398 584 2406 636 ι
2439 569 2691 633 ricus,et
2718 569 3042 639 Aegyptius
3070 567 3162 622 ille
3191 568 3433 623 nomine
3461 581 3643 637 reque
3673 563 3892 620 beatus

476 666 783 730 Macarius,
803 663 905 735 qui
939 677 1011 717 ex
1038 661 1287 717 Orientis
1319 658 1580 713 fontibus
1605 661 1669 710 ut
1695 662 1813 711 tres
1836 657 1976 712 olim
2005 658 2275 720 generosi
2304 657 2542 712 Davidis
2587 657 2799 712 milites
2821 673 3042 729 aquam
3075 657 3146 712 de
3184 657 3442 712 cisterna
3467 653 3782 719 Bethleem,
3824 652 3890 707 id

476 761 582 822 est,
613 756 801 811 avitae
826 752 965 806 ﬁdei
992 757 1046 805 et
1073 748 1428 819 limpidioris
1451 746 1759 802 doctrinae
1781 746 1983 802 latices
2009 746 2132 800 Tibi
2164 752 2506 817 porrectum
2532 747 2800 801 veniunt.
2828 747 2966 802 Tres
2993 745 3236 817 quidem
3263 760 3386 801 non
3409 745 3632 800 Atticae
3655 748 3892 798 tantum

474 843 789 900 facundiae
821 838 1303 910 gloriacelebres,
1333 835 1459 903 sed,
1492 834 1658 906 quod
1691 835 1970 906 amplius,
2003 841 2061 890 et
2091 850 2328 890 morum
2356 835 2651 906 probitate
2677 841 2734 891 et
2767 836 2917 890 vitae
2951 833 3356 890 sanctimonia
3381 839 3438 889 et
3461 830 3894 888 miraculorum

482 932 816 1005 frequentia
833 927 1162 998 conspicui.

549 1021 862 1089 Gregorius
892 1015 1194 1088 equidem,
1228 1013 1332 1084 qui
1371 1012 1859 1068 Neocaesariensi
1901 1012 2184 1068 ecclesiae
2214 1012 2550 1083 praefectus
2581 1013 2662 1068 ita
2696 1012 3009 1084 pastoralis
3047 1011 3221 1069 ofﬁcii
3257 1027 3476 1067 munus
3503 1009 3791 1082 implevit,
3825 1011 3894 1064 ut

476 1110 773 1167 adiunctis
805 1106 918 1160 sibi
951 1103 1379 1176 septemdecim
1407 1117 1528 1158 non
1571 1101 1832 1173 amplius
1864 1101 2039 1157 sociis
2074 1102 2384 1157 universos
2418 1101 2583 1157 urbis
2616 1109 2668 1156 et
2695 1102 2848 1156 ruris
2882 1101 3112 1157 incolas
3146 1101 3224 1158 ad
3253 1100 3459 1157 Christi
3483 1099 3666 1155 ﬁdem
3699 1097 3893 1154 addu-

474 1200 622 1254 xerit
653 1214 666 1262 ;
695 1195 796 1267 qui
840 1195 1116 1265 precibus
1172 1197 1435 1246 montem
1477 1190 1776 1246 excelsum
1835 1191 2178 1257 transtulit;
2205 1192 2305 1262 qui
2334 1191 2530 1246 lacum
2565 1191 2925 1245 altissimum
2977 1191 3035 1245 in
3079 1190 3272 1246 solum
3307 1190 3466 1246 ferax
3499 1188 3787 1273 convertit
3836 1193 3892 1240 et

473 1285 832 1342 exundantis
862 1282 1130 1338 fluminis
1157 1297 1403 1336 cursum
1432 1280 1631 1349 virgae
1659 1285 1875 1334 attactu
1913 1281 1968 1333 in
1998 1280 2307 1350 proprium
2340 1281 2579 1335 alveum
2610 1279 2864 1343 reduxit,
2897 1279 3054 1334 unde
3081 1287 3137 1335 et
3163 1280 3308 1335 alter
3324 1281 3512 1335 Moses
3536 1277 3733 1332 dictus
3757 1280 3844 1330 est
3872 1291 3885 1339 ;

472 1376 573 1446 qui
611 1374 944 1427 futurorum
980 1370 1384 1439 praedictione
1417 1368 1560 1422 nulli
1601 1369 2032 1438 Prophetarum
2068 1367 2326 1432 inferior,
2363 1369 2468 1423 sed
2501 1369 2665 1423 varia
2699 1369 3121 1423 miraculorum
3181 1368 3525 1440 operatione
3559 1365 3761 1422 multis
3792 1381 3892 1420 su-

471 1465 669 1534 perior
701 1461 965 1523 effectus,
993 1460 1475 1526 Thaumaturgus
1505 1457 1642 1511 inde
1683 1463 1770 1511 est
1801 1456 2152 1528 appellatus.

544 1555 690 1606 Tum
726 1549 991 1612 Basilius,
1019 1548 1121 1619 qui
1149 1561 1331 1616 supra
1368 1552 1622 1601 aetatem
1653 1546 1895 1616 sapiens
1921 1545 2333 1615 duodeviginti
2363 1551 2588 1601 tantum
2619 1561 2812 1600 annos
2838 1551 3013 1602 natus
3041 1544 3338 1601 Seleuciae
3362 1543 3623 1600 Isauriae
3649 1543 3707 1598 in
3754 1543 3885 1615 Epi-

471 1642 636 1711 scopi
674 1639 928 1710 gradum
959 1641 1199 1692 evectus
1227 1635 1562 1690 haereticae
1604 1634 1879 1705 pravitati
1922 1635 2204 1703 singulari
2232 1650 2354 1707 qua
2388 1634 2646 1706 pollebat
2676 1651 2812 1689 cum
2845 1635 3117 1691 doctrina
3155 1641 3280 1690 tum
3318 1634 3504 1689 animi
3535 1631 3888 1689 fortitudine

470 1746 712 1785 murum
773 1743 832 1782 se
872 1742 980 1796 pro
1012 1726 1196 1780 domo
1255 1725 1348 1778 Dei
1389 1724 1712 1794 Opposuit;
1746 1726 1848 1794 qui
1883 1730 2089 1779 coacto
2132 1724 2605 1780 Chalcedonensi
2665 1731 2901 1780 centum
2957 1723 3402 1795 quinquaginta
3453 1723 3882 1794 episcoporum

469 1819 719 1874 concilio
751 1817 810 1870 in
835 1815 1043 1884 primis
1077 1813 1264 1878 affuit,
1291 1813 1546 1868 Nicenae
1573 1812 1785 1884 synodi
1820 1812 2056 1869 decreta
2089 1811 2416 1868 sententiae
2440 1829 2582 1868 suae
2612 1815 2957 1869 auctoritate
2982 1813 3261 1877 ﬁrmavit,
3287 1818 3342 1868 et
3375 1813 3720 1869 Dioscorum
3735 1809 3882 1865 ﬁdei

470 1908 769 1963 vomicam
797 1905 1102 1974 confregit.

542 1997 838 2050 Macarius
889 1994 1147 2063 denique
1174 1990 1630 2047 eremicolarum
1679 1993 1881 2058 decus,
1916 1991 2211 2046 solitariae
2237 1992 2450 2064 quietis
2479 1993 2952 2052 amantissimus,
2980 1993 3080 2062 qui
3116 1996 3418 2047 transacto
3444 1991 3500 2045 in
3558 1989 3880 2045 solitudine

471 2085 783 2154 sexaginta
811 2099 1108 2138 annorum
1143 2080 1338 2135 stadio
1386 2079 1550 2135 nulla
1583 2095 1700 2136 non
1736 2081 1844 2134 fuit
1873 2087 2150 2152 expertus
2181 2082 2490 2150 religiosae
2518 2083 2750 2153 pietatis
2782 2081 3078 2136 exercitia.
3123 2081 3226 2136 Cui
3267 2080 3600 2135 daemonas
3652 2094 3879 2145 arcere,

468 2174 667 2231 varios
701 2175 941 2228 morbOs
964 2187 1195 2235 curare,
1238 2176 1294 2224 et
1331 2170 1535 2241 spiritu
1565 2169 1912 2241 prophetico
1954 2169 2152 2225 futura
2185 2170 2525 2241 praedicere
2579 2170 2866 2226 familiare
2899 2169 3021 2223 fuit.
3059 2169 3167 2234 Qui
3215 2170 3270 2224 in
3305 2169 3537 2225 futurae
3575 2183 3883 2224 resurrec—

465 2263 642 2320 tionis
674 2261 854 2316 ﬁdem
886 2259 963 2316 ad
1008 2257 1435 2314 revincendum
1476 2257 1795 2312 cuiusdam
1835 2257 2166 2314 dubitantis
2195 2274 2456 2314 errorem
2498 2260 2762 2315 suscitati
2795 2260 2970 2314 etiam
3030 2258 3246 2313 mortui
3294 2257 3556 2313 hominis
3608 2257 3882 2314 testimo-

465 2352 631 2406 nium
671 2349 1004 2405 advocavit.
1052 2347 1151 2400 Cui
1194 2353 1539 2418 perspectae
1571 2351 1739 2402 erant
1766 2346 2038 2402 cordiuin
2072 2347 2672 2419 cogitationes,etqui
2692 2348 2975 2404 continua
2992 2363 3182 2420 paene
3207 2347 3421 2403 mentis
3446 2346 3656 2402 ecstasi
3678 2346 3883 2402 adhuc

465 2441 524 2495 in
568 2442 735 2495 terris
775 2440 1006 2509 positus
1041 2437 1156 2491 Deo
1190 2437 1543 2490 coniunctus
1575 2434 1836 2490 vivebat.

539 2529 690 2596 Quid
723 2543 863 2596 ergo
886 2533 970 2581 est
1001 2525 1162 2598 quod
1190 2525 1246 2578 in
1281 2523 1402 2578 istis
1431 2523 1706 2577 Patribus
1739 2539 1858 2577 non
1889 2523 2064 2595 aequi
2087 2523 2342 2596 bonique
2371 2524 2645 2580 consulat
2669 2527 2758 2580 vir
2795 2526 3036 2596 sapiens
3056 2525 3082 2578 ?
3105 2524 3264 2594 Elige
3305 2525 3526 2597 itaque,
3560 2525 3646 2579 vir
3674 2523 3881 2578 claris-

469 2619 640 2682 sime,
670 2623 771 2672 aut
802 2616 979 2670 huius
1007 2613 1373 2677 facundiam,
1407 2619 1508 2667 aut
1531 2611 1686 2666 illius
1713 2612 2091 2682 probitatem,
2127 2619 2228 2668 aut
2255 2613 2420 2667 istius
2451 2615 2828 2684 sapientiam,
2873 2613 2962 2669 vel
2983 2614 3195 2670 melius
3226 2619 3540 2685 utrumque
3559 2612 3882 2684 amplecte-

461 2723 544 2764 re.
591 2707 780 2761 llabes
805 2705 966 2759 enim
999 2704 1055 2757 in
1091 2701 1302 2772 triplici
1335 2708 1632 2755 tantorum
1661 2702 1919 2755 virorum
1950 2701 2177 2755 delectu
2211 2701 2588 2772 complexam
2621 2705 2889 2759 omnium
2907 2705 3206 2768 virtutum,
3238 2719 3394 2775 quae
3419 2702 3610 2757 virum
3631 2717 3876 2770 gravem

466 2795 888 2858 condecorant,
920 2791 1478 2864 encyclopaediam.
1529 2789 1716 2844 Habes
1741 2791 1796 2844 in
1821 2789 2285 2859 sacrisipsorum
2319 2793 2742 2856 monumentis,
2765 2808 2920 2863 quae
2941 2793 3060 2846 suis
3087 2793 3317 2862 scriptis
3337 2791 3656 2863 posteritati
3682 2793 3882 2846 consi-

467 2889 750 2956 gnarunt,
785 2897 1124 2952 expressam
1157 2879 1234 2936 ad
1261 2880 1462 2933 vivum
1495 2894 1632 2933 cum
1662 2879 1928 2934 sincerae
1951 2878 2274 2944 doctrinae,
2311 2882 2320 2949 |
2354 2885 2480 2935 tum
2506 2881 2640 2935 ﬁdei
2669 2881 3014 2945 catholicae,
3047 2883 3168 2936 imo
3197 2881 3384 2952 ipsius
3411 2879 3643 2952 pietatis
3668 2880 3882 2950 imagi-

465 2988 626 3028 nem.
666 2970 828 3028 Unde
861 2987 968 3024 nec
1002 2984 1222 3024 munus
1257 2973 1545 3031 nostrum,
1581 2968 1997 3040 qualecunque
2020 2974 2127 3032 est,
2160 2973 2320 3024 tanto
2352 2969 2478 3024 viro
2508 2970 2581 3024 de
2618 2987 2677 3025 re
2717 2971 2973 3026 literaria
2999 2987 3184 3042 quam
3238 2970 3391 3025 bene
3431 2969 3640 3024 merito
3672 2969 3878 3024 minus

465 3062 718 3132 dignum
746 3059 1167 3114 indicavimus.
1197 3058 1316 3112 lmo
1347 3072 1527 3128 quem
1561 3072 1821 3128 aequum
1849 3073 2044 3113 rerum
2077 3058 2515 3114 aestimatorem
2549 3061 2970 3132 comperimus,
3004 3060 3196 3115 eidem
3229 3075 3408 3132 quem
3461 3060 3539 3113 rei
3578 3057 3880 3115 literariae

467 3159 771 3207 auctorem
805 3155 860 3204 et
886 3148 1175 3204 fautorem
1235 3152 1458 3217 sperat,
1493 3161 1602 3200 sua
1630 3147 1920 3216 quantula
1953 3152 2094 3201 sunt
2127 3163 2374 3202 munera
2401 3147 2560 3203 dicat
2591 3150 2843 3205 societas
2873 3156 3075 3204 nostra
3130 3147 3584 3221 typographica.
3635 3148 3876 3204 Interim

467 3239 613 3295 dum
648 3244 818 3308 grata
850 3238 1144 3305 benignus
1176 3235 1400 3306 accipis
1431 3234 1616 3288 nostri
1644 3236 1699 3289 in
1729 3238 1802 3290 Te
1822 3237 2007 3289 animi
2031 3242 2445 3302 monumenta,
2478 3238 3083 3308 excipiatAltissimus
3111 3245 3247 3294 vota
3264 3242 3486 3302 nostra,
3512 3239 3661 3293 etTe
3687 3251 3877 3308 quam

467 3334 748 3398 Optamus
775 3326 897 3388 diu,
932 3341 1068 3379 cum
1101 3324 1394 3378 Ecclesiae
1427 3337 1569 3376 suae
1598 3329 1838 3378 sanctae
1873 3329 1998 3378 tum
2024 3325 2199 3378 totius
2242 3322 2462 3380 Galliae
2488 3325 2650 3382 bono
2677 3332 2868 3383 servet
2905 3326 3265 3383 incolumen.
3311 3325 3464 3382 Vale.

468 3415 706 3470 Vestrae
735 3413 1078 3469 Celsitudini
1107 3411 1463 3466 addictisimi

2455 3512 2719 3569 Michael
2746 3513 3016 3570 Sonnius.

2459 3586 2748 3640 Claudius
2777 3587 3088 3643 Morellus.

2453 3657 2840 3713 Sebastianus
2873 3658 3207 3728 Cramoisy.

1131 3767 1441 3833 Sequuntur
1467 3767 1520 3818 S.
1559 3769 1793 3832 Gregorii
1822 3767 2209 3835 Thaumaturgi
2235 3771 2402 3835 Opera
2428 3785 2591 3836 pagg.
2619 3774 2779 3829 1-116,
2811 3772 2933 3822 dein
2961 3773 3146 3823 titulus
3185 3788 3196 3821 :

1292 3919 1343 3962 S.
1400 3918 1609 3963 PATRIS
1659 3918 1908 3964 MACARII
1957 3919 2232 3964 AEGYPTH
2261 3919 2552 3964 HOMILIAE
2583 3920 3030 3977 QUINQUAGINTA

1528 4025 1754 4070 GRAECE
1794 4027 1866 4071 ET
1917 4027 2132 4072 LATINE
2185 4027 2545 4072 CONIUNCTIM
2596 4028 2812 4073 EDITAE

1400 4133 1766 4177 INTERPRETE
1813 4134 2040 4178 JUANNE
2091 4134 2219 4178 PICO
2271 4134 2326 4178 IN
2376 4135 2604 4180 SENATU
2646 4135 2970 4181 PARISIENSI

1550 4238 1838 4285 CLASSIUM
1890 4239 2424 4295 lNQUlSlTORlARUM
2475 4241 2779 4288 PRAESIDE.

1377 4375 1627 4432 Joannis
1655 4379 1840 4432 Daval
1880 4378 2328 4445 Treportuensis
2363 4379 2628 4434 Doctoris
2667 4379 2944 4450 Theologi

1703 4466 1767 4520 in
1801 4467 2035 4522 laudem
2079 4469 2140 4521 D.
2182 4467 2314 4523 Pici
2334 4467 2627 4538 praesidis

1947 4557 2377 4614 Hexasticlzon.

1408 4674 1535 4737 Quo
1568 4670 1860 4726 celebrem
1894 4674 2102 4728 Macari
2130 4672 2388 4729 donabis
2419 4691 2662 4731 munere
2698 4674 2921 4743 Picum,

1408 4762 1514 4826 Qui
1547 4760 1863 4833 splendore
1895 4778 2003 4816 suo
2030 4761 2311 4819 candidat
2333 4764 2682 4837 AethiOpem
2705 4767 2732 4821 ‘I

2418 4886 2562 4946 cet.,
2596 4889 2659 4936 ut
2689 4882 2750 4936 in
2780 4883 2870 4937 J0.
2906 4882 3034 4938 Pici
3067 4881 3448 4952 Praefationc
3468 4881 3549 4939 ad

2414 4955 2735 5008 versionem
2770 4953 3020 5010 latinam
3051 4955 3453 5011 Homiliarum
3492 4953 3550 5009 S.

2415 5025 2675 5080 Macarii
2711 5027 2993 5096 Aegyptii
3030 5041 3215 5095 supra
3245 5027 3354 5082 col.
3377 5024 3641 5080 297-298.

530 5143 790 5200 Joannes
807 5138 978 5193 Picus
998 5138 1055 5192 in
1080 5143 1291 5192 senatu
1310 5135 1628 5192 Parisiensi
1651 5136 1931 5193 classium
1952 5138 2467 5209 inquisitoriarum
2493 5140 2732 5197 Praeses
2755 5145 2807 5196 et
2821 5142 2937 5210 piis
2963 5142 3232 5197 omnibus
3257 5141 3482 5198 Christi
3499 5146 3553 5197 et
3566 5139 3888 5198 Ecclesiae

458 5239 707 5290 sanctae
731 5226 1057 5284 cultoribus
1093 5227 1366 5282 salutem.

532 5323 722 5386 Quam
763 5317 1010 5387 antiqua
1043 5317 1114 5370 sit
1142 5321 1199 5370 et
1235 5315 1478 5369 illustris
1509 5316 2010 5372 anachoretarum
2043 5320 2097 5372 et
2120 5317 2555 5373 monachorum
2588 5318 2900 5388 origocet.,
2930 5326 2992 5374 ut
3015 5320 3225 5377 ibidem
3251 5336 3438 5389 supra
3460 5320 3574 5376 col.
3603 5319 3874 5381 283-284.

1126 5448 1223 5505 Ea:
1247 5448 1454 5505 Suida.

2767 5451 2876 5505 Ἐκ
2904 5460 3022 5506 τῶν
3049 5451 3309 5507 Σουῖδα.

531 5540 660 5596 Duo
692 5538 932 5594 fuerunt
969 5538 1204 5594 Macarii
1234 5542 1367 5604 cet.,
1408 5542 1474 5593 ut
1513 5539 1574 5594 in
1606 5539 1942 5597 Zachariae
1971 5538 2104 5597 Pal-

2289 5541 2386 5592 Δύο
2439 5540 2663 5610 ὶγένοντο
2711 5543 2975 5617 Μακάριοι
3017 5560 3069 5596 κ.
3107 5561 3163 5600 τ.
3211 5543 3279 5609 λη
3323 5545 3386 5597 ut
3429 5543 3494 5598 in
3532 5540 3891 5603 Zachariae

457 5631 651 5708 thenii
679 5627 1065 5700 Praefatione
1084 5642 1271 5701 supra
1308 5628 1416 5684 col.
1447 5630 1572 5684 310.
2217 5627 2529 5689 Palthenii
2558 5628 2938 5704 Praefatione
2975 5645 3162 5703 supra
3189 5632 3298 5690 col.
3329 5629 3451 5690 309.
