4078 6194
222 251 320 309 317

1241 240 1705 301 HOMILIARUM
1766 243 1820 299 S.
1874 238 2177 297 MACARll
2218 240 2572 301 AEGYPTII.

3464 246 3569 305 318

1130 487 1385 542 Joannes
1415 482 1772 540 Trithemius
1797 483 1869 540 de
1894 483 2282 551 scriptoribus
2308 484 2633 545 Ecclesiae.

266 602 551 659 Macarius
582 602 927 660 monachus
958 601 1282 675 Aegyptius
1314 606 1450 667 cet.,
1482 605 1544 655 ut
1570 599 1714 655 ibid.
1748 614 1806 654 su

1964 600 2074 655 col.
2110 598 2373 657 309-310.

1328 856 1511 918 Index
1538 856 1799 936 capitum
1827 854 2231 917 Homiliaram
2258 860 2443 920 sancti

1545 963 1805 1023 Macarii
1836 962 2128 1043 Aegyptii.

266 1111 617 1184 ’Δλληγορική
691 1111 1031 1184 παράφρασις
1081 1117 1173 1169 τῆς
1234 1110 1381 1184 παρὰ
1432 1116 1505 1179 τῷ
1558 1106 1804 1168 ’Ῑεζεκιήλ
1836 1108 1880 1159 Α

200 1208 263 1272 τῷ
286 1207 530 1273 προφήτῃ
560 1204 932 1272 γεγραμμένης
956 1197 1232 1261 ὀπτασίας.
1260 1196 1473 1269 Ὀμιλία
1498 1196 1566 1251 α’.
1602 1212 1742 1267 pag.
1776 1203 1797 1251 1

267 1295 394 1364 Περὶ
440 1298 537 1351 τῆς
587 1288 868 1362 βασιλείας
915 1295 1006 1340 τοῦ
1050 1293 1286 1352 σκότους,
1337 1285 1476 1339 τοῦτ’
1522 1288 1656 1352 ἔστι,
1710 1293 1804 1347 τῆς

197 1379 455 1452 ἁμαρτίας
498 1397 511 1410 ·
550 1384 642 1431 καὶ
699 1380 780 1431 ὅτι
823 1382 976 1450 μόνος
1027 1378 1053 1429 ὁ
1085 1380 1212 1438 Θεὸς
1252 1372 1475 1429 δύναται
1513 1378 1673 1447 αἴρειν
1719 1373 1803 1444 ἀφ’

194 1470 342 1539 ὑμῶν
393 1474 490 1527 τὴν
566 1467 850 1542 ἁμαρτίαν,
907 1472 994 1519 καὶ
1067 1467 1336 1540 ῥύσασθαι
1392 1467 1533 1538 ἡμᾶς
1582 1468 1637 1517 ἑκ
1715 1471 1806 1523 τῆς

196 1553 441 1619 δουλείας
473 1564 565 1610 τοῦ
594 1563 845 1631 πονηροῦ.
1738 1554 1807 1608 10

263 1647 388 1700 Ὀτι
428 1650 479 1700 οἱ
524 1643 738 1718 ἀδελφοὶ
786 1644 837 1697 ἕν
886 1645 1199 1717 εὶλικρινείᾳ,
1255 1648 1305 1697 ἰν
1351 1643 1705 1717 ἀκεραιότητι,
1756 1645 1805 1695 ἓν

196 1736 381 1809 ἀγάπῃ
433 1742 525 1789 καὶ
576 1736 753 1811 εἰρήνῃ
799 1734 910 1807 μετ’
960 1733 1188 1793 ἀλλήλων
1239 1729 1561 1803 συνδιοίγειν,
1617 1737 1706 1784 καὶ
1756 1730 1804 1783 ἐν

196 1834 302 1887 τοῖς
361 1828 470 1878 ἔσω
516 1820 797 1896 λογισμοῖς
852 1822 1031 1895 ἀγῶνα
1078 1828 1168 1876 καὶ
1206 1822 1428 1896 πόλεμον
1472 1828 1634 1875 ποιεῖν
1674 1820 1805 1893 ὀφεί-

194 1916 401 1967 λουσιν.
428 1914 505 1985 γ’.
1741 1910 1805 1966 13

264 2007 369 2057 Τὸν
420 1999 619 2077 δρόμον
666 2009 759 2055 τοῦ
785 1998 1007 2055 σταδίου
1037 2008 1129 2054 τοῦ
1174 2005 1377 2072 κόσμου
1420 2003 1605 2053 τούτου
1644 2018 1801 2073 προσ-

196 2100 431 2167 εχόντως
478 2098 569 2146 καὶ
612 2091 840 2164 ἀκριϐῶς
898 2088 1212 2166 διέρχεσθαι
1257 2089 1341 2144 δεῖ
1388 2095 1503 2153 τοῦς
1545 2098 1801 2165 Χριστια-

191 2190 311 2244 νοὺς
343 2227 358 2248 ,
393 2184 479 2235 ἵνα
528 2184 747 2235 ἄπαίνων
790 2181 1041 2255 οὐρανίων
1093 2183 1239 2255 παρά
1271 2188 1402 2235 Θεοῦ
1451 2186 1541 2233 καὶ
1575 2178 1800 2252 ἀγγέλων

192 2276 432 2344 τύχωσι.
469 2267 545 2327 δ’.
1739 2274 1799 2325 16

266 2360 442 2418 Πολλὴ
518 2362 841 2434 μετάστασις
893 2359 1083 2431 μεταξὺ
1143 2368 1242 2412 τῶν
1317 2367 1647 2432 Χριστιανῶν
1710 2364 1799 2411 καὶ

1990 1108 2397 1178 lnterpretatio
2420 1108 2736 1180 allegorica
2757 1110 3001 1167 visionis
3019 1113 3185 1185 apud
3208 1116 3569 1173 Ezechielem

1915 1197 2273 1266 prophetam
2302 1200 2653 1269 descriptae.
2690 1200 2939 1257 Homilia
2972 1207 3021 1257 1.
3367 1221 3506 1276 pag.
3543 1212 3561 1260 1

1989 1286 2065 1339 De
2091 1300 2275 1353 regno
2310 1288 2710 1349 tenebrarum,
2740 1289 2853 1345 hoc
2882 1298 2969 1345 est
3003 1297 3266 1362 peccato,
3299 1298 3355 1349 et
3386 1296 3570 1350 Deum

1917 1372 2108 1427 solum
2136 1389 2310 1444 posse
2329 1393 2363 1430 a
2387 1376 2560 1431 nobis
2586 1385 2897 1447 peccatum
2921 1379 3176 1445 auferre,
3199 1399 3269 1437 ac
3296 1398 3407 1439 nos
3430 1382 3576 1439 libe-

1916 1476 2047 1517 rare
2075 1477 2105 1516 e
2126 1462 2273 1533 jugo
2307 1466 2605 1521 servitutis
2636 1467 2920 1539 principis
2950 1472 3322 1541 nequissimi.
3354 1476 3408 1526 2.
3509 1475 3573 1529 10

1990 1637 2157 1701 Quod
2215 1638 2425 1694 fratres
2472 1639 2531 1694 in
2587 1639 2939 1707 sinceritate,
2988 1643 3386 1715 simplicitate,
3426 1647 3570 1705 dile-

1916 1724 2107 1780 ctione
2140 1742 2210 1781 ac
2240 1743 2386 1798 pace
2427 1728 2575 1783 inter
2601 1744 2662 1784 se
2700 1733 3066 1795 conversari,
3099 1749 3169 1789 ac
3199 1734 3575 1806 cogitationi-

1913 1812 2028 1869 bus
2054 1814 2301 1871 internis
2328 1815 2549 1872 bellum
2586 1817 2798 1874 inferre
2824 1818 3105 1877 debeant.
3134 1822 3189 1876 3.
3508 1828 3571 1882 l3

1987 1994 2239 2048 Cursum
2278 1994 2453 2049 stadii
2495 1994 2674 2066 hujus
2706 1997 2912 2053 mundi
2954 2004 3171 2055 attente
3202 2006 3253 2055 et
3295 2007 3572 2058 accurate

1912 2080 2221 2137 absolvere
2252 2090 2484 2154 oportet
2514 2084 2897 2157 Christianos,
2935 2095 2997 2142 ut
3025 2088 3281 2145 caeleste
3319 2105 3573 2161 praeco-

1912 2170 2079 2226 nium
2114 2188 2150 2227 a
2183 2174 2299 2227 Deo
2325 2180 2379 2227 et
2408 2173 2641 2243 angelis
2672 2182 3141 2248 consequantur.
3172 2180 3227 2234 4.
3502 2176 3567 2234 16

1981 2349 2190 2417 Magna
2232 2345 2566 2404 differentia
2604 2346 2754 2404 inter
2791 2348 3162 2407 Christianos
3200 2356 3257 2408 et
3293 2352 3573 2410 homines

196 2450 483 2523 ἆαθρώπων
526 2457 618 2502 τοῦ
671 2455 873 2521 κόσμου
920 2451 1107 2502 τούτου
1148 2466 1161 2479 ο
1198 2450 1245 2500 οἱ
1301 2452 1391 2520 μεν
1454 2452 1555 2520 γὰρ
1599 2456 1799 2520 πνεῦμα

1935 2437 2087 2491 iuius
2126 2435 2367 2491 saeculi.
2403 2437 2463 2491 Hi
2496 2437 2653 2493 enim
2686 2438 2893 2510 spiritu
2927 2441 3134 2496 mundi
3166 2441 3417 2512 praediti
3445 2443 3572 2499 ani-

194 2546 287 2590 τοῦ
344 2544 551 2609 κόσμου
580 2540 806 2609 ἔχοντες,
839 2545 901 2609 τῇ
968 2534 1169 2611 καρδίᾳ
1219 2543 1307 2590 καὶ
1363 2546 1437 2609 τῷ
1483 2546 1552 2607 νῷ
1602 2537 1651 2589 ίν
1696 2544 1799 2598 τοῖς

192 2631 398 2698 γηίνοις
422 2629 636 2698 θεσμοῖς
662 2623 901 2679 δέδενται
934 2646 948 2659 ·
981 2628 1031 2678 οἱ
1077 2623 1135 2679 δε
1166 2631 1259 2685 τὴν
1292 2625 1499 2697 ἀγάπην
1530 2634 1621 2679 τοῦ
1652 2626 1801 2679 ἄπου-

192 2721 376 2790 ρανίου
421 2720 616 2789 πατρὸς
665 2714 1023 2781 ἐπιποθοῦσιν,
1078 2715 1233 2768 αὐτὸν
1276 2735 1428 2788 μόνον
1478 2719 1575 2791 πρὸ
1615 2715 1799 2788 ὀφθαλ-

196 2813 309 2875 μῶν
336 2805 390 2856 ἕν
422 2804 582 2877 πολλῇ
616 2807 870 2877 ἐπιθυμίᾳ
893 2807 1133 2877 ἔχοντες.
1176 2804 1230 2859 ε’.
1731 2807 1791 2861 31

274 2896 342 2945 Oi
394 2891 705 2966 βουλόμενοι
759 2901 873 2965 Θεῷ
947 2893 1317 2968 εὐαρεστῆσαι,
1383 2897 1472 2955 τὰς
1528 2894 1692 2965 εὐχὰς
1751 2893 1799 2947 ἐν

199 2982 374 3055 εἰρήνῃ
421 2986 514 3033 καὶ
561 2983 775 3055 ἠσυχίᾳ
829 2987 918 3035 καὶ
966 2985 1252 3055 ἠμερότητι
1310 2988 1399 3035 καὶ
1448 2988 1606 3055 σοφίᾳ
1642 2990 1800 3036 ποιεῖ-

201 3073 323 3124 σθαι
378 3070 697 3143 ὀφείλουσιν,
754 3072 837 3124 ἵνα
904 3076 976 3144 μὴ
1031 3079 1289 3145 κραυγαῖς
1363 3076 1685 3147 κεχρημένοι
1734 3072 1801 3133 εἰς

200 3161 395 3220 πάντας
442 3157 807 3222 σκανδαλίζων
866 3162 877 3230 |
945 3180 1034 3213 ται
1056 3178 1067 3190 ⁸
1101 3165 1313 3233 συνέχει
1344 3158 1401 3213 δὲ
1428 3163 1457 3219 ἠ
1501 3160 1678 3233 ὁμιλία
1708 3160 1801 3221 ζη-

203 3252 374 3309 τήσεις
427 3245 551 3315 δύτ,
593 3248 638 3302 εἰ
683 3251 733 3302 οἱ
782 3251 956 3323 θρόνοι
998 3255 1089 3303 καὶ
1144 3251 1193 3302 οἱ
1244 3254 1483 3322 στέφανοι
1534 3252 1802 3323 κτίσματά

205 3337 352 3404 εἰσιν,
431 3343 522 3392 καὶ
611 3343 729 3411 περὶ
815 3346 911 3392 τῶν
989 3334 1207 3393 δώδεκα
1281 3342 1470 3413 θρόνων
1558 3347 1649 3393 τοῦ
1736 3340 1799 3392 Ἰ·

208 3427 392 3501 σραήλ.
430 3426 504 3491 ς’.
1733 3428 1801 3483 38

272 3512 400 3580 Περὶ
443 3515 541 3568 τῆς
590 3511 960 3582 χρηστότητος
1014 3516 1103 3561 τοῦ
1158 3516 1394 3583 Χριστοῦ
1423 3512 1554 3584 πρὸς
1597 3512 1683 3562 τὸν
1713 3510 1801 3561 οἶν-

208 3597 410 3671 θρωπον
437 3613 450 3625 ·
488 3596 701 3667 συνέψει
729 3602 819 3649 καὶ
866 3598 897 3655 ἡ
940 3597 1119 3669 ὁμιλία
1173 3601 1416 3662 ζητήσεις
1460 3604 1548 3651 καὶ
1590 3598 1803 3673 ἀποκρί-

213 3702 315 3747 σεις
344 3688 491 3748 τινὰς
526 3681 725 3759 σχεδὸν
757 3684 979 3748 ἀτόπους
1008 3687 1039 3746 ἡ
1063 3692 1311 3760 ματαίας.
1354 3687 1428 3749 ζ’.
1735 3688 1805 3742 42

278 3779 407 3848 Περὶ
476 3783 577 3828 τῶν
625 3774 1011 3848 συμϐαινόντων
1069 3784 1173 3839 τοῖς
1224 3784 1565 3851 Χριστιανοῖς
1610 3777 1804 3849 μεταξὺ

210 3872 298 3916 τοῦ
342 3864 514 3936 εὐχὰς
563 3867 849 3931 ποιεῖσθαι,
883 3872 973 3919 καὶ
1008 3872 1125 3941 περὶ
1157 3875 1256 3918 τῶν
1282 3872 1478 3939 μέτρων
1507 3874 1602 3928 τῆς
1626 3867 1806 3919 τελειό-

209 3972 379 4019 τητος,
432 3950 642 4012 δηλαδή
700 3954 744 4007 εἰ
796 3956 867 4015 ιὶς
918 3960 976 4009 τό
1019 3961 1204 4030 μέτρον
1244 3960 1301 4009 τό
1339 3956 1523 4009 τελειον
1554 3959 1808 4031 ἔρχεσθαι

210 4038 461 4095 δυνανται
490 4046 538 4094 οἱ
568 4048 900 4118 Χριστιανοί.
936 4045 1007 4103 η’.
1740 4049 1806 4101 46

272 4135 380 4194 Τὰς
406 4130 721 4203 ἐπαγγελίας
756 4138 847 4186 καὶ
874 4138 1190 4207 προφητείας
1228 4142 1319 4187 τοῦ
1368 4141 1501 4188 Θεοῦ
1532 4130 1625 4187 διὰ
1671 4153 1809 4206 παμ-

206 4220 446 4281 ποικίλης
496 4218 817 4292 δοκιμασίας
865 4227 954 4275 καὶ
1010 4226 1296 4297 πειράσεως
1337 4220 1761 4296 διαπληροῦσθαι
1792 4244 1804 4257 ·

206 4314 294 4361 καὶ
320 4313 465 4382 μόνῳ
504 4318 577 4380 τῷ
625 4317 739 4381 Θεῷ
769 4320 1283 4387 προσκαρτεροῦντας
1321 4311 1641 4387 λυτροῦσθαι
1672 4314 1809 4385 ἡμᾶς

208 4397 305 4452 ειπό
330 4408 433 4451 τῶν
461 4406 554 4451 τοῦ
577 4408 805 4474 πονηροῦ
824 4404 1129 4475 πειράσεων.
1157 4402 1220 4459 θ’.
1738 4403 1807 4459 49

272 4491 734 4563 Ταπεινοφροσύνῃ
784 4495 871 4542 καὶ
926 4493 1195 4566 προθυμία
1225 4488 1548 4553 διασώζεται
1590 4497 1678 4545 καὶ
1714 4494 1810 4543 αῦ·

214 4576 354 4638 ξεται
400 4581 470 4629 τὰ
516 4573 665 4651 δῶρα
714 4585 808 4641 τῆς
849 4580 989 4642 θείας
1015 4582 1238 4657 χάριτος
1276 4596 1290 4610 ’
1348 4579 1563 4655 ἕπάρσιι
1617 4577 1679 4634 δε
1719 4586 1809 4633 καὶ

207 4665 447 4738 ῥᾳθυμίᾳ
479 4664 786 4721 ἀπόλλυται.
820 4665 853 4720 ι’
864 4710 877 4724 .
1744 4673 1810 4725 54

272 4760 381 4813 Τὴν
437 4752 663 4827 δύναμιν
714 4764 804 4810 τοῦ
848 4756 1001 4830 ἁγίου
1048 4762 1331 4831 πνεύματος
1396 4758 1443 4810 ίν
1494 4766 1557 4831 τῇ
1612 4755 1810 4831 καρδίᾳ

206 4851 297 4895 τοῦ
350 4842 630 4916 ἀνθρώπου
687 4842 816 4897 εἶναι
864 4848 929 4907 ὡς
984 4854 1086 4921 πῦρ
1121 4867 1133 4881 ⁸
1194 4852 1283 4899 καὶ
1340 4851 1489 4899 τίνων
1536 4847 1810 4921 χρῄζομεν

206 4938 330 5004 πρὸς
361 4938 419 4984 τὸ
477 4928 843 5007 διακρίνεσθαι
894 4939 1013 4996 τοῦς
1061 4935 1349 5009 λογισμοὺς
1390 4939 1439 4989 ἓν
1491 4944 1552 5008 τῇ
1613 4933 1811 5010 καρδίᾳ

208 5018 471 5093 βρύοντας
505 5038 517 5049 ⁸
542 5025 632 5074 καὶ
662 5027 779 5094 περὶ
822 5031 915 5075 τοῦ
974 5032 1155 5099 νεκροῦ
1187 5028 1345 5098 ὄφεως
1390 5025 1457 5085 εὶς
1493 5029 1550 5077 τὸ
1592 5024 1813 5098 ἀκρότα-

205 5127 288 5161 τον
338 5117 434 5163 τοῦ
512 5109 668 5172 ξύλου
720 5114 864 5186 παρὰ
923 5116 1147 5175 Μωσέως
1214 5116 1701 5187 προσπεπηγμίνου,
1757 5114 1812 5175 ὃς

1913 2540 2013 2579 mo
2055 2531 2225 2580 tenus
2265 2540 2334 2580 ac
2378 2527 2557 2581 corde
2598 2528 2978 2585 terrestribus
3020 2529 3273 2586 vinculis
3310 2530 3573 2589 devincti

1912 2620 2072 2681 sunt,
2115 2614 2193 2669 illi
2246 2630 2385 2670 vero
2423 2614 2734 2671 dilectione
2772 2617 3041 2674 caelestis
3100 2623 3285 2691 patris
3324 2620 3569 2686 detenti,

1910 2719 2048 2759 eum
2091 2703 2283 2759 solum
2319 2703 2398 2760 ob
2444 2704 2649 2761 oculos
2682 2705 2935 2762 inomni
2984 2707 3281 2766 desiderio
3321 2709 3571 2766 habent.

1912 2797 1964 2851 5.
3502 2800 3565 2855 31

1986 2882 2093 2946 Qui
2139 2884 2253 2937 Deo
2295 2882 2527 2953 placere
2569 2882 2842 2954 cupiunt,
2886 2900 3090 2956 preces
3130 2902 3271 2941 suas
3301 2887 3359 2942 in
3398 2902 3571 2959 pace,

1912 2970 2354 3042 tranquillitate,
2403 2972 2871 3027 mansuetudine
2910 2988 2979 3029 ac
3038 2974 3331 3046 sapientia
3379 2975 3571 3032 facere

1910 3058 2149 3124 debent,
2186 3074 2258 3114 ne
2300 3061 2498 3114 minus
2523 3059 2875 3116 decentibus
2906 3061 3270 3118 clamoribus
3301 3064 3409 3129 usi,
3445 3079 3572 3120 om-

1910 3148 2089 3203 nibus
2122 3148 2473 3204 scandalum
2510 3153 2520 3215 1
2554 3150 2811 3221 pariant.
2846 3149 3115 3206 Continet
3154 3166 3295 3208 vero
3322 3151 3571 3210 homilia

1910 3237 2063 3294 duas
2102 3238 2505 3311 quaestiones,
2550 3243 2747 3294 utrum
2792 3237 2985 3295 throni
3016 3246 3073 3295 et
3110 3256 3369 3297 coronae
3406 3257 3571 3298 crea-

1912 3330 2077 3382 turae
2110 3328 2247 3393 sint,
2277 3331 2331 3381 et
2360 3325 2433 3381 de
2458 3326 2779 3382 duodecim
2811 3326 3038 3384 thronis
3068 3327 3266 3384 Israel.
3299 3328 3352 3384 6.
3504 3332 3570 3387 38

1989 3505 2063 3559 De
2118 3502 2434 3560 clementia
2486 3503 2692 3561 Christi
2751 3519 2893 3575 erga
2946 3504 3261 3574 homines;
3310 3506 3573 3567 continet

1914 3594 2096 3649 etiam
2163 3592 2411 3649 homilia
2474 3594 2968 3666 interrogationes
3028 3601 3084 3651 et
3150 3598 3571 3669 responsiones

1915 3681 2213 3755 quasdam
2248 3681 2429 3737 ferme
2462 3683 2693 3754 ineptas
2733 3689 2833 3738 aut
2861 3682 3126 3739 frivolas.
3159 3690 3212 3741 7.
3504 3689 3571 3744 42

1992 3773 2069 3825 De
2080 3769 2172 3825 his
2189 3786 2343 3841 quae
2359 3772 2714 3840 contingunt
2730 3770 3071 3828 Christianis
3086 3773 3236 3829 inter
3247 3774 3569 3841 orandum,

1925 3863 1979 3914 et
2032 3858 2105 3913 de
2146 3858 2430 3929 gradibus
2483 3859 2882 3930 perfectionis,
2939 3866 3135 3916 utrum
3185 3862 3455 3919 videlicet
3493 3863 3571 3920 ad

1915 3949 2245 4020 perfectum
2295 3947 2547 4017 gradum
2598 3948 2907 4020 pervenire
2960 3950 3195 4021 possint
3237 3950 3571 4009 Christiani.

1917 4038 1971 4091 8.
3502 4042 3571 4097 46

1988 4125 2414 4181 Promissiones
2444 4142 2514 4182 ac
2562 4125 2915 4198 prophetias
2954 4126 3190 4185 divinas
3220 4142 3327 4203 per
3374 4129 3573 4188 varias

1914 4214 2301 4287 probationes
2358 4221 2413 4271 et
2463 4216 2817 4272 tentationes
2867 4215 3121 4289 impleri,
3179 4223 3235 4275 et
3288 4218 3394 4277 soli
3456 4222 3573 4278 Deo

1918 4304 2302 4361 adhaerendo
2344 4304 2581 4361 liberari
2620 4320 2734 4362 nos
2784 4305 2865 4361 ab
2910 4305 3386 4366 infestationibus
3430 4309 3575 4367 dae-

1922 4395 2138 4451 monis.
2172 4398 2225 4450 9.
3505 4402 3573 4455 49

1990 4482 2327 4539 Humilitate
2373 4488 2425 4539 et
2480 4482 2784 4541 alacritate
2814 4486 3141 4541 retinentur
3183 4491 3240 4541 et
3278 4493 3574 4557 augentur

1917 4572 2081 4628 dona
2114 4572 2338 4642 gratiae
2373 4573 2633 4639 divinae,
2674 4575 2961 4646 superbia
2996 4580 3195 4630 autem
3238 4580 3293 4630 et
3330 4576 3574 4645 ignavia

1916 4662 2268 4733 perduntur.
2304 4662 2391 4717 10.
3504 4668 3574 4721 54

1988 4752 2275 4806 Virtutem
2306 4752 2496 4807 sancti
2522 4750 2774 4822 Spiritus
2806 4752 2864 4807 in
2887 4751 3067 4807 corde
3096 4751 3358 4807 hominis
3382 4768 3444 4808 se
3468 4753 3573 4810 ha-

1918 4840 2057 4895 bere
2096 4841 2285 4895 instar
2315 4840 2485 4909 ignis,
2522 4847 2575 4895 et
2615 4840 2837 4908 quibus
2869 4839 3048 4895 rebus
3080 4840 3458 4912 indigeamus
3492 4842 3570 4899 ad

1918 4930 2379 4985 discernendum
2397 4928 2788 5000 cogitationes
2812 4928 2868 4983 in
2888 4928 3067 4983 corde
3088 4929 3492 4995 scaturientes,
3518 4935 3573 4987 et

1920 5017 1993 5073 de
2025 5023 2299 5089 serpente
2332 5023 2571 5073 mortuo
2602 5016 2679 5072 ad
2719 5016 3150 5073 sublimitatem
3180 5016 3325 5088 ligni
3354 5034 3390 5074 a
3416 5020 3573 5075 Mosa

1922 5106 2103 5162 afﬁxo
2123 5107 2224 5179 qui
2240 5112 2417 5177 typus
2440 5105 2544 5161 fuit
2565 5105 2800 5161 Christi.
2830 5106 3100 5163 Continet
3117 5122 3360 5179 quoque
3376 5107 3575 5164 homi-

205 5202 358 5259 τύπος
398 5198 599 5270 ἇγίνετο
650 5207 744 5253 τοῦ
794 5173 1050 5274 δίριστοῦ.
1102 5173 1310 5275 crustis:
1368 5208 1460 5255 καὶ
1634 5173 1806 5275 ὁμιλία

1935 5198 1998 5251 io
2024 5173 2458 5267 disputationes
2487 5194 2661 5259 duas,
2696 5211 2878 5250 unam
2909 5197 3153 5267 quidem
3188 5197 3396 5253 Christi
3434 5212 3573 5253 cum

212 5282 594 5360 διαλογισμοὺς
648 5284 745 5341 δύο
780 5307 791 5319 ·
841 5291 1006 5364 ἕτερον
1158 5299 1391 5367 Χριστοῦ
1422 5296 1553 5365 μετὰ
1587 5299 1680 5344 τοῦ
1719 5311 1808 5343 πο-

208 5384 360 5448 νηροῦ
413 5382 637 5448 σατανᾶ,
671 5379 885 5451 θάτερον
933 5376 992 5433 δί
1035 5388 1135 5433 τῶν
1166 5380 1481 5458 ἁμαρτωλῶν
1540 5384 1670 5453 μετὰ
1720 5388 1811 5433 τοῦ

214 5464 389 5520 αὐτοῦ.
425 5464 517 5519 si.
1745 5470 1810 5523 57

277 5550 397 5618 Περὶ
440 5554 536 5609 τῆς
575 5547 811 5609 στάσεως
856 5554 949 5601 τοῦ
993 5546 1171 5624 Ἀδὰμ
1226 5555 1326 5625 πρὸ
1369 5558 1460 5605 τοῦ
1514 5548 1815 5625 παραϐῆναι

215 5631 356 5687 αὐτὸν
382 5640 475 5695 τήν
506 5634 717 5695 ἐντολὴν
748 5643 844 5690 τοῦ
892 5644 1026 5692 Θεοῦ
1057 5656 1070 5670 ⁸
1104 5644 1194 5695 καὶ
1238 5642 1370 5715 μετὰ
1410 5644 1469 5694 τὸ
1506 5640 1662 5695 αὐτόν
1689 5639 1816 5694 ἀπο-

1922 5284 2291 5357 nequissimo
2322 5290 2553 5350 satana,
2582 5284 2830 5341 alteram
2858 5300 2998 5341 vero
3026 5293 3401 5358 peccatorum
3436 5302 3575 5344 cum

1922 5374 2156 5431 eodem.
2195 5378 2274 5430 11.
3503 5377 3572 5432 5³7
3626 5422 3633 5427 .

1996 5551 2076 5607 De
2089 5554 2244 5606 statu
2258 5551 2442 5618 Adae,
2459 5556 2783 5625 antequam
2801 5551 3314 5622 transgrederetur
3326 5554 3580 5614 manda-

1928 5646 2055 5697 tum
2074 5638 2195 5706 Dei,
2212 5646 2270 5697 et
2283 5645 2607 5718 postquam
2626 5640 2827 5700 amisit
2847 5641 3155 5717 propriam
3169 5657 3240 5702 ac
3263 5642 3579 5705 caelestem
