4088 6192
513 250 618 304 319

1424 237 1827 297 PRAEFATIO
1883 237 1977 292 AD
2030 232 2419 292 EDITIONEM
2483 236 2596 292 AN.
2645 234 2957 294 MDCXXII

3743 242 3853 297 320

497 370 842 441 imaginem.
861 370 1382 439 Continetquoque
1394 365 1640 421 homilia
1652 362 1953 435 quasdam
1966 376 2148 433 quae-

2258 359 2404 413 λέσαι
2434 365 2523 414 καὶ
2551 366 2637 420 τὴν
2690 358 2831 413 ἰδίαν
2869 361 3043 414 εἰκόνα
3079 367 3167 415 καὶ
3209 367 3304 421 τὴν
3334 362 3635 436 ἐπουράνιον
3675 386 3689 399 ι
3724 384 3852 417 συν-

498 460 720 517 stiones
746 459 995 515 omnino
1026 456 1222 511 utiles.
1252 457 1339 510 12.
2080 454 2147 504 65

569 658 757 721 Quem
784 654 1041 709 fructum
1069 668 1103 706 a
1127 649 1472 706 Christianis
1497 651 1646 703 Deus
1672 646 1889 715 exigat.
1917 650 2000 701 13.
2077 645 2146 699 74

568 853 675 919 Qui
716 850 1108 919 cogitationes
1140 862 1207 901 ac
1236 848 1497 900 mentem
1538 843 1657 898 Deo
1687 842 1989 908 dedicant,
2030 842 2147 898 hoc

496 942 610 999 sub
636 957 741 1012 spe
772 936 1305 994 illuminandorum
1333 933 1644 989 oculorum
1677 932 1873 987 cordis
1902 931 2143 995 faciunt,

494 1047 564 1088 ac
606 1033 757 1085 Deus
808 1025 1154 1082 huiusmodi
1191 1025 1250 1079 in
1294 1038 1533 1078 summa
1571 1037 1679 1077 san
1714 1023 1723 1091 |
1757 1021 2039 1077 ctimonia
2078 1036 2147 1075 ac

493 1120 749 1192 puritate
799 1114 1098 1189 mysteriis
1146 1113 1363 1181 dignos
1413 1115 1664 1182 reputat,
1714 1126 1783 1164 ac
1828 1110 2146 1181 participes

493 1209 633 1263 facit
658 1208 789 1262 illos
815 1205 1037 1276 gratiae
1056 1219 1220 1257 suae.
1237 1200 1508 1273 Quidque
1530 1200 1689 1254 bona
1713 1197 1988 1254 caelestia
2010 1214 2147 1253 con-

494 1298 749 1352 secuturi
778 1310 950 1367 agere
981 1292 1332 1347 debeamus.
1356 1289 1617 1345 Tandem
1644 1286 1905 1358 Apostoli
1938 1292 1994 1341 et
2016 1302 2148 1358 pro-

494 1386 705 1458 phetae
733 1384 1137 1440 assimilantur
1164 1380 1341 1435 radiis
1369 1378 1665 1434 solaribus
1692 1393 1797 1448 per
1822 1376 2143 1431 fenestram

492 1476 792 1545 ingressis.
821 1477 993 1528 Docet
1023 1485 1261 1543 quoque
1289 1468 1554 1530 homilia,
1583 1483 1739 1538 quae
1772 1468 1844 1521 sit
1875 1474 2023 1520 terra
2058 1482 2148 1520 sa-

493 1569 667 1619 tanac
690 1569 741 1618 et
758 1578 914 1634 quae
936 1561 1307 1631 angelorum.
1334 1565 1387 1613 et
1414 1558 1577 1628 quod
1601 1563 1850 1629 utraque
1875 1571 1984 1611 nec
2009 1570 2146 1610 con-

493 1653 724 1709 trectari
758 1668 864 1706 nec
896 1650 1076 1704 videri
1107 1648 1312 1719 possit.
1352 1650 1431 1701 14.
2077 1649 2145 1698 75

569 1744 741 1796 Docet
768 1739 1015 1795 homilia
1042 1738 1189 1793 haec
1224 1736 1470 1808 prolixe,
1501 1750 1622 1807 quo
1650 1739 1828 1806 pacto
1854 1734 2057 1790 anima
2085 1734 2141 1787 in

492 1829 824 1892 sanctitate,
840 1829 1105 1883 castitate
1129 1843 1197 1881 ac
1221 1826 1472 1898 puritate
1490 1839 1632 1892 erga
1653 1838 1945 1894 sponsum
1967 1838 2141 1877 suum

493 1920 785 1975 Christum
811 1919 1039 1980 .lesum.
1070 1918 1439 1971 Servatorem
1465 1912 1695 1976 mundi,
1725 1928 1785 1967 se
1817 1927 2019 1983 gerere
2046 1911 2146 1965 de-

495 2009 651 2063 beat.
686 2008 949 2063 Continet
989 2021 1127 2060 vero
1159 2002 1459 2075 quasdam
1491 2001 1874 2073 quaestiones
1906 2016 2143 2054 summa

489 2097 761 2153 doctrina
788 2095 1049 2160 refertas,
1079 2093 1363 2156 videlicet,
1397 2097 1591 2145 utrum
1622 2090 1681 2144 in
1720 2090 2142 2145 resurrectione

489 2187 693 2241 omnia
718 2185 987 2239 membra
1005 2188 1336 2249 resurgant,
1360 2186 1417 2234 et
1434 2179 1583 2235 alias
1607 2179 1867 2233 inﬁnitas
1889 2178 1962 2232 de
1983 2179 2138 2244 vitio,

489 2275 562 2330 do
590 2275 799 2344 gratia,
831 2274 905 2328 de
939 2273 1207 2327 libertate
1239 2269 1468 2325 arbitrii
1507 2272 1566 2323 et
1591 2268 1878 2337 dignitate
1911 2268 2142 2336 generis

488 2363 759 2419 humani.
804 2368 881 2419 15.
2072 2360 2141 2411 78

561 2451 906 2523 Spirituales
933 2448 1207 2505 homines
1238 2446 1529 2503 obnoxios
1560 2462 1686 2501 esse
1717 2444 2141 2501 tentationibus

489 2546 667 2611 atque
700 2538 1120 2594 afﬂictionibus
1162 2552 1229 2591 ex
1264 2536 1458 2607 primo
1490 2539 1735 2606 peccato
1766 2534 2139 2588 scaturienti-

486 2627 620 2683 bus.
660 2630 741 2684 16.
2044 2625 2138 2677 103

562 2730 637 2782 De
660 2725 949 2798 spirituali
978 2724 1447 2779 Christianorum
1473 2721 1750 2777 unctione
1776 2724 1829 2775 et
1854 2720 2062 2790 gloria,
2086 2725 2141 2777 et

486 2816 649 2888 quod
685 2816 917 2888 absque
962 2814 1187 2870 Christo
1228 2811 1441 2868 salvari
1481 2816 1584 2867 aut
1614 2812 1792 2866 vitam
1832 2817 2135 2866 aeternam

484 2906 768 2977 consequi
792 2902 1161 2976 impossibile
1197 2903 1289 2957 sit.
1326 2907 1405 2958 17.
2041 2903 2137 2954 110

558 2997 633 3049 De
675 2993 951 3049 thesauro
992 2991 1482 3060 Christianorum,
1515 2988 1784 3045 videlicet
1816 2988 2040 3045 Christo
2078 2992 2137 3043 et

483 3082 702 3154 Spiritu
730 3090 957 3150 sancto,
990 3084 1168 3139 variis
1200 3080 1395 3137 modis
1426 3084 1734 3136 exercente
1764 3094 1865 3134 eos
1891 3078 1966 3135 ad
2002 3093 2135 3149 per-

476 3170 795 3227 fectionem
827 3171 1292 3244 assequendam.
1335 3174 1415 3226 18.
2033 3171 2129 3221 117

547 3268 857 3325 Christiani
892 3268 1174 3341 proﬁcere
1210 3274 1265 3323 et
1294 3282 1556 3322 crescere
1588 3264 1868 3329 volentes,
1910 3264 2131 3319 debent

477 3374 541 3414 se
582 3359 632 3413 vi
660 3358 1016 3428 compellere
1056 3357 1133 3412 ad
1158 3372 1338 3412 omne
1370 3355 1429 3410 id
1467 3354 1631 3428 quod
1658 3353 1885 3409 bonum
1918 3358 2024 3417 est,
2070 3357 2129 3408 ut

473 3445 799 3501 liberentur
820 3447 897 3501 ab
920 3445 1288 3501 inhabitante
1307 3450 1571 3516 peccato,
1596 3448 1651 3499 et
1676 3443 1894 3514 Spiritu
1918 3446 2129 3499 sancto

474 3534 833 3607 repleantur.
864 3536 949 3590 19.
2030 3536 2127 3587 122

546 3623 716 3680 Solus
732 3624 1018 3689 Christus,
1045 3640 1218 3679 verus
1238 3622 1503 3678 medicus
1528 3620 1820 3678 interioris
1840 3620 2126 3687 hominis,

473 3727 686 3770 sanare
710 3719 901 3786 potest
926 3714 1214 3780 animam,
1246 3728 1502 3785 eamque
1533 3709 1881 3768 vestimento
1907 3711 2130 3781 gratiae

472 3820 616 3859 suae
642 3820 953 3861 exornare.
981 3808 1071 3861 20.
2033 3806 2125 3857 127

543 3904 873 3960 Christiano
913 3903 1142 3960 homini
1172 3901 1393 3973 duplex
1428 3900 1720 3957 incumbit
1760 3900 2004 3968 bellum,
2038 3902 2129 3956 in-

471 3997 703 4049 ternum
762 3993 1028 4048 videlicet
1081 3998 1136 4048 et
1188 3997 1536 4055 externum;
1595 3991 1706 4046 hoc
1763 3990 2007 4061 quidem
2066 3990 2127 4044 in

467 4097 599 4138 rece
633 4084 641 4150 |
675 4082 875 4136 dendo
902 4099 1038 4137 eum
1080 4098 1115 4136 a
1145 4079 1629 4135 distractionibus
1677 4080 1939 4146 terrenis,
1983 4079 2124 4134 illud

470 4185 612 4224 vero
634 4171 691 4223 in
716 4171 891 4225 corde
914 4172 1198 4225 adversus
1223 4168 1609 4238 cogitationes
1632 4166 1953 4238 spirituum
1981 4168 2126 4238 [ma-

468 4256 713 4331 lorum].
743 4263 830 4313 21.
2028 4259 2126 4311 130

542 4348 619 4401 De
661 4345 883 4417 duplici
928 4349 1083 4403 statu
1121 4360 1351 4410 eorum,
1395 4344 1497 4417 qui
1531 4361 1601 4399 ex
1642 4343 1754 4399 hac
1794 4343 1919 4400 vita
1949 4344 2127 4400 dece-

467 4433 637 4489 dunt.
673 4438 761 4489 22.
2030 4433 2123 4489 133

543 4532 1067 4596 Quemadmodum
1079 4530 1307 4601 regiam
1324 4548 1394 4588 ac
1408 4531 1723 4603 pretiosam
1740 4532 2124 4602 margaritam

471 4625 701 4693 gestare
741 4622 937 4679 solum
981 4626 1252 4691 possunt,
1290 4621 1392 4694 qui
1423 4637 1495 4676 ex
1534 4621 1696 4691 regio
1727 4624 1954 4677 semine
1989 4628 2128 4676 sunt

473 4712 731 4783 pronati,
750 4711 963 4766 eodem
988 4711 1171 4766 modo
1192 4711 1504 4767 caelestem
1523 4712 1912 4783 margaritam
1930 4710 2125 4767 solum

474 4798 613 4855 ﬁliis
645 4802 741 4856 Dei
774 4806 1003 4871 gestare
1034 4798 1187 4855 licet.
1219 4804 1306 4857 23.
2031 4799 2126 4855 134

538 4979 737 5035 Status
781 4977 1245 5033 Christianorum
1288 4976 1503 5034 similis
1544 4983 1629 5033 est
1670 4983 2037 5036 mercaturae
2068 4986 2128 5038 et

465 5066 930 5122 fermentationi.
959 5065 1202 5121 Perinde
1224 5068 1383 5121 enim
1412 5082 1481 5121 ac
1509 5074 1871 5123 mercatores
1895 5072 2127 5125 terrena

466 5154 850 5213 accumulant
864 5155 1048 5219 lucra,
1066 5156 1147 5209 sic
1165 5154 1243 5209 illi
1257 5155 1559 5225 dispersas
1576 5172 1673 5226 per
1686 5156 1797 5210 hoc
1815 5158 2121 5213 saeculum

463 5245 881 5315 cogitationes.
910 5246 971 5297 Et
998 5242 1517 5314 quemadmodum
1551 5244 1907 5301 fermentum
1940 5252 2121 5303 totam

467 5350 741 5388 massam
762 5332 953 5387 reddit
975 5331 1411 5395 fermentatam,
1429 5333 1510 5386 sic
1526 5332 1881 5389 fermentum
1900 5338 2125 5405 peccati

468 5422 817 5477 universum
859 5436 1050 5490 genus
1088 5420 1249 5476 Adae
1276 5423 1581 5491 percurrit.
1622 5423 1833 5478 Verum
1866 5424 2125 5480 Christus

467 5509 721 5567 caeleste
758 5510 1047 5569 bonitatis
1079 5507 1441 5565 fermentum
1480 5509 1758 5567 ﬁdelibus
1790 5514 2008 5570 animis
2034 5516 2127 5570 in-

468 5598 683 5657 fundit.
716 5602 802 5659 24.
2025 5607 2124 5660 136

2256 452 2371 519 ἔχει
2415 455 2504 502 καὶ
2554 453 2583 508 ἠ
2644 450 2828 522 ὁμιλία
2867 454 3114 514 ζητήσεις
3162 454 3306 514 τινάς
3362 455 3496 505 πάνυ
3546 453 3851 527 ὠφελίμους.

2259 534 2354 609 ιβ’.
3785 543 3855 598 65

2324 642 2419 696 ’ον
2476 648 2674 719 καρπὸν
2724 644 2917 720 ἀπαιτῇ
2948 649 2973 699 6
3016 649 3143 708 Θεὸς
3169 649 3314 722 παρά
3338 656 3434 701 τῶν
3472 656 3802 723 Χριστιανῶν
3838 671 3851 684 ο

2258 730 2347 801 ιγ’.
3785 740 3857 794 74

2329 843 2394 893 Οἱ
2424 844 2545 903 τοὺς
2574 841 2858 915 λογισμούς
2884 848 2974 895 καὶ
3005 847 3093 895 τόν
3122 850 3239 896 νοῦν
3265 852 3335 915 τῷ
3376 852 3489 915 Θεῷ
3507 842 3853 912 ἕπιδίδοντες,

2255 930 2394 981 τοῦτ’
2446 928 2524 982 ἄπ’
2577 928 2751 984 ἐλπίδι
2779 939 2868 984 τοῦ
2922 933 3249 1005 φωτισθῆναι
3282 936 3398 995 τοὺς
3432 933 3729 1006 ὀφθαλμούς
3765 944 3860 998 τῆς

2256 1015 2477 1092 καρδίας
2505 1028 2738 1087 ποιοῦσι,
2772 1026 2860 1073 καὶ
2888 1023 2914 1073 6
2946 1025 3073 1082 Θεὸς
3102 1025 3368 1085 τοιούτους
3401 1022 3450 1075 ἐν
3482 1022 3723 1095 ἁγιότητι
3765 1030 3860 1078 καὶ

2256 1111 2576 1182 καθαρότητι
2625 1113 2635 1178 |
2686 1116 2908 1182 μεγίστη
2937 1117 3242 1184 μυστηρίων
3260 1109 3415 1177 ἀξιοῖ,
3445 1116 3534 1164 καὶ
3557 1110 3859 1185 μεταδίδωο

2260 1216 2342 1249 σιν
2372 1200 2545 1259 αὐτοῖς
2566 1199 2623 1251 ἐκ
2650 1206 2744 1261 τῆς
2774 1202 2992 1271 χάριτός
3023 1200 3183 1251 αὐτοῦ
3216 1220 3229 1233 ο
3265 1204 3355 1253 καὶ
3384 1205 3437 1253 τί
3470 1200 3676 1273 ἀγαθῶν
3709 1202 3862 1255 ἔπου-

2255 1291 2443 1359 ρανίων
2492 1295 2674 1359 τυχεῖν
2724 1287 3030 1360 βουλόμενοι
3060 1286 3225 1340 ποιεῖν
3263 1288 3527 1361 ὀφείλομεν
3564 1305 3577 1318 ⁸
3609 1290 3790 1343 λοιπὸν
3811 1294 3862 1343 οί

2256 1375 2535 1429 ἀπόστολοι
2568 1383 2658 1429 καὶ
2685 1380 2733 1429 οἱ
2775 1386 3041 1449 προφῆται
3072 1376 3442 1449 ἀφομοιοῦνται
3486 1387 3601 1441 ταῖς
3647 1379 3861 1433 ἀκτῖσιν

2255 1464 2404 1523 ἡλίου
2438 1464 2530 1519 διὰ
2562 1463 2773 1539 θυρίδος
2802 1468 3191 1541 εἰσερχομίναις
3222 1484 3234 1496 ·
3270 1464 3521 1521 διδάσκει
3550 1474 3638 1522 καὶ
3670 1472 3699 1527 η
3742 1472 3862 1543 όμι-

2255 1553 2360 1619 λία,
2391 1560 2469 1617 τίς
2498 1558 2528 1613 ἡ
2597 1565 2664 1627 γῆ
2714 1564 2805 1608 τοῦ
2846 1561 3067 1622 σατανᾶ,
3099 1560 3188 1608 καὶ
3229 1560 3309 1619 τίς
3360 1565 3459 1609 τῶν
3487 1556 3733 1629 ἀγγέλων,
3772 1565 3862 1611 καὶ

2256 1645 2336 1695 ὅτι
2367 1643 2630 1718 ἀμφοτέρα
2660 1645 3001 1717 ἀψηλάφητος
3031 1650 3118 1697 καὶ
3153 1644 3373 1719 ἀόρατος
3404 1665 3417 1678 ·
3452 1642 3544 1698 ιδ’.
3788 1654 3857 1703 75

2326 1730 2575 1787 Διδάσκει
2602 1734 2734 1791 αὕτη
2768 1736 2797 1793 η
2830 1734 3011 1807 ὁμιλία
3063 1730 3157 1786 διά
3202 1734 3421 1802 πολλῶν,
3472 1744 3583 1796 πῶς
3627 1741 3721 1795 την
3747 1736 3857 1807 ψυ-

2253 1828 2361 1895 χὴν
2411 1823 2458 1875 ἐν
2490 1824 2733 1895 ἁγιότητι
2779 1829 2866 1876 καὶ
2920 1824 3165 1895 ἁγνότητι
3216 1829 3306 1876 καί
3353 1827 3672 1897 καθαρότητι
3723 1831 3859 1900 πρὸς

2254 1915 2339 1963 τὸν
2368 1918 2584 1985 νυμφίον
2642 1914 2801 1973 αὐτῆς
2858 1916 3086 1985 Χριστὸν
3123 1913 3328 1971 Ἰησοῦν
3368 1916 3455 1965 τὸν
3511 1922 3726 1988 σωτῆρα
3760 1923 3855 1967 τοῦ

2253 2005 2454 2072 κόσμου
2508 2007 2618 2076 χρή
2676 1998 2980 2053 διακεῖσθαι
3016 2019 3028 2031 ⁸
3060 2005 3273 2072 συνέχει
3313 1998 3375 2053 δέ
3422 2022 3559 2062 τινας
3591 2003 3851 2065 ζητησεις

2253 2090 2439 2151 πολλῆς
2467 2087 2819 2151 διδασκαλίας
2846 2094 3131 2162 γεμούσας,
3176 2087 3385 2147 δηλαδὴ
3426 2091 3469 2143 εἰ
3498 2090 3546 2143 ἓν
3576 2100 3637 2164 τῇ
3687 2091 3856 2145 ἀνασ-

2252 2180 2403 2231 τάσει
2440 2179 2530 2231 ὅλα
2560 2183 2623 2231 τὰ
2653 2179 2779 2252 με’λη
2814 2178 3119 2231 ἀνίστανται
3154 2200 3165 2245 ς
3201 2184 3291 2231 καὶ
3319 2178 3475 2241 ἄλλας
3516 2185 3703 2254 μυρίας
3731 2187 3855 2255 περὶ

2252 2274 2342 2319 τοῦ
2399 2276 2563 2319 κακοῦ
2610 2268 2701 2319 καί
2746 2276 2835 2328 τῆς
2867 2269 3095 2341 χάριτος
3125 2272 3216 2320 καὶ
3259 2276 3350 2320 τοῦ
3393 2268 3728 2331 αὐτεξουσίου
3761 2276 3855 2323 καὶ

2252 2365 2347 2417 τῆς
2373 2356 2640 2419 ἁξιότητος
2664 2365 2755 2409 τοῦ
2779 2362 2954 2428 γένους
2979 2365 3077 2409 τῶν
3108 2355 3386 2430 ἀνθρώπων
3412 2377 3425 2390 ·
3461 2356 3537 2412 ιε’.
3757 2359 3849 2415 78.

2320 2449 2453 2507 Τοὺς
2534 2450 2913 2518 πνευματικοὺς
2980 2444 3277 2518 ἀνθρωπους
3352 2447 3665 2500 ὑποκεῖσθαι
3743 2456 3854 2509 τοῖς

2250 2533 2561 2609 πειρασμοῖς
2624 2540 2715 2588 καὶ
2768 2534 2977 2605 θλίψεσι
3032 2532 3143 2595 ταῖς
3195 2533 3250 2585 ἐκ
3316 2540 3523 2607 πρώτης
3589 2536 3855 2611 ἁμαρτίας

3752 2626 3856 2682 103

2321 2726 2446 2795 Περὶ
2493 2728 2589 2783 τῆς
2649 2728 3003 2793 πνευματικῆς
3071 2729 3171 2773 τῶν
3229 2728 3558 2794 Χριστιανῶν
3615 2726 3853 2797 χρίσεως

2248 2814 2333 2862 καὶ
2386 2807 2559 2875 δόξης,
2608 2815 2697 2861 καὶ
2740 2811 2821 2861 ὃτι
2877 2811 2994 2861 ἄνευ
3045 2818 3283 2883 Χριστοῦ
3317 2812 3549 2870 σωθῆναι
3604 2812 3634 2870 ἦ
3705 2812 3854 2875 ζωῆς

2248 2899 2453 2952 αἰωνίου
2483 2903 2711 2971 μέτοχον
2735 2900 2975 2970 γίνεσθαι
3015 2896 3272 2952 ἀδύνατόν
3303 2898 3415 2951 ἔστι
3448 2898 3560 2960 ἰζ’
3744 2906 3853 2958 110

2320 2994 2443 3063 Περὶ
2493 2996 2585 3041 τοῦ
2637 2990 2907 3061 θησαυροῦ
2942 2996 3040 3039 τῶν
3086 2995 3441 3060 Χριστιανῶν,
3493 2985 3701 3048 δηλαδὴ
3753 2998 3853 3043 τοῦ

2246 3084 2479 3152 Χριστοῦ
2519 3081 2609 3129 καὶ
2665 3095 2951 3148 πνευματος
3005 3075 3180 3147 ἁγίου,
3236 3073 3501 3149 διαφόρως
3558 3076 3849 3140 ἀσκουντος

2244 3167 2433 3228 αὐτοὺς
2458 3170 2587 3237 πρὸς
2608 3168 2667 3217 τὸ
2698 3167 2897 3237 φθάσαι
2929 3164 3002 3227 εἰς
3031 3170 3123 3224 τὴν
3152 3165 3463 3223 τελειότητα.
3501 3165 3591 3224 ιη’.
3748 3172 3851 3223 117

2313 3267 2378 3317 Οἱ
2406 3268 2720 3338 Χριστιανοὶ
2754 3267 3061 3337 προκόπτειν
3095 3268 3184 3316 καὶ
3233 3264 3548 3327 αὐξάνεσθαι
3592 3262 3852 3337 βουλόμε-

2239 3374 2317 3407 νοι
2348 3353 2637 3425 ὀφείλουσιν
2669 3352 2882 3413 ἑαυτούς
2922 3351 3208 3425 βιάζεσθαι
3238 3356 3366 3427 πρὸς
3400 3360 3500 3406 πᾶν
3530 3357 3588 3406 τὸ
3622 3352 3847 3427 ἀγαθόν,

2239 3444 2373 3495 ὥστε
2400 3442 2721 3518 λυτροῦσθαι
2778 3441 2964 3504 αὐτούς
3021 3440 3123 3495 ἀπὸ
3170 3451 3263 3503 τῆς
3327 3444 3628 3505 ἐνοικούσης
3672 3442 3856 3519 ἁμαρ-

3741 3535 3854 3590 122

2251 2621 2541 2696 βρυούσαις
2574 2641 2586 2653 ⁸
2619 2644 2677 2688 ις-
2705 2640 2717 2653 ⁸

2238 3536 2373 3597 τίας,
2401 3536 2493 3583 καὶ
2525 3534 2816 3604 πνεύματός
2847 3531 3000 3603 ἁγίου
3031 3530 3382 3605 πληροῦσθαι.
3412 3532 3505 3589 ιϐ’.

2310 3627 2473 3681 Μόνος
2512 3622 2537 3673 ό
2592 3626 2843 3694 Χριστός,
2886 3622 2913 3673 6
2963 3619 3206 3683 ἀληθινός
3256 3628 3347 3674 τοῦ
3405 3623 3506 3674 ἴσω
3564 3620 3851 3695 ἀνθρώπου

2242 3711 2437 3785 ἰατρὸς,
2489 3712 2817 3785 θεραπεῦσαι
2860 3704 3080 3762 δύναται
3115 3714 3208 3769 τὴν
3233 3709 3441 3782 ψυχὴν,
3468 3714 3557 3763 καὶ
3586 3710 3751 3769 αὐτὴν
3771 3719 3853 3781 τῷ

3747 3802 3852 3855 127

2308 3905 2391 3970 Τῷ
2434 3905 2737 3971 Χριστιανῶ
2785 3898 3038 3973 ἀνθρώπῳ
3081 3894 3267 3960 διπλός
3296 3903 3566 3971 πρόκειται
3595 3897 3845 3970 πόλεμος,

2238 3988 2484 4060 ἕσὼτερος
2508 3982 2717 4046 δηλαδή
2747 3992 2835 4039 καὶ
2862 3986 3099 4060 ἐξώτερος
3133 4006 3145 4019 '
3181 3988 3207 4039 6
3231 3990 3321 4060 μὲν
3344 3986 3391 4039 ἕν
3447 3988 3456 4058 |
3514 3994 3584 4059 τῷ
3616 3988 3847 4059 ἀφίσταο

2240 4080 2363 4130 σθαι
2418 4076 2572 4128 αὐτὸν
2623 4084 3004 4148 περισπασμῶν
3052 4078 3263 4147 γηίνων,
3300 4078 3326 4128 ό
3356 4072 3413 4129 δε
3442 4075 3490 4128 ἒν
3526 4084 3587 4148 τῇ
3641 4073 3851 4150 καρδίᾳ

2238 4169 2365 4238 πρὸς
2424 4165 2705 4238 λογισμοὺς
2753 4174 2852 4217 τῶν
2904 4168 3209 4238 πνευμάτων
3256 4173 3352 4229 τῆς
3406 4169 3677 4241 πονηρίας.
3734 4166 3845 4225 καί,

2238 3806 2334 3862 τῆς
2367 3801 2582 3873 χάριτος
2616 3795 2871 3871 ἐνδύματι
2897 3794 3284 3871 διακοσμῆσαι.
3314 3798 3380 3855 κ’.

2310 4348 2434 4415 Περὶ
2490 4339 2678 4403 διπλῆς
2711 4344 2944 4406 στάσεως
2982 4351 3082 4395 τῶν
3123 4345 3180 4395 ἐκ
3210 4350 3301 4396 τοῦ
3332 4341 3455 4417 βίου
3483 4344 3667 4396 τούτου

2236 4436 2439 4505 χὸντων
2473 4449 2485 4462 ·
2522 4430 2611 4504 κβ’
2639 4451 2653 4464 θ
3736 4432 3845 4488 133

2305 4516 2387 4577 Ὡς
2422 4520 2508 4569 τὸν
2566 4515 2847 4589 βασιλικὸν
2893 4521 2981 4569 καὶ
3046 4516 3328 4589 πολύτιμον
3376 4522 3707 4591 μαργαρίτην
3748 4536 3848 4589 φο-

2235 4610 2386 4680 ρέσαι
2415 4610 2568 4678 μόνον
2626 4602 2876 4659 δυνανται
2926 4608 2975 4659 οἱ
3026 4605 3082 4658 ἐκ
3131 4614 3223 4660 τοῦ
3274 4610 3565 4679 σπέρματος
3594 4613 3687 4658 τοῦ
3730 4604 3837 4678 βα-

2238 4694 2417 4756 σιλέως
2471 4696 2796 4767 γεννηθέντες
2836 4715 2849 4728 θ
2884 4699 2969 4748 τόν
3014 4694 3169 4748 αὐτὸν
3226 4700 3417 4768 τρόπον
3465 4698 3551 4747 τόν
3596 4694 3843 4767 ούρανιον

2235 4789 2564 4857 μαργαρίτην
2617 4790 2769 4858 μόνον
2845 4791 2955 4847 τοῖς
3020 4792 3111 4839 τοῦ
3175 4792 3309 4838 Θεοῦ
3356 4788 3553 4846 τέκνοις
3610 4786 3834 4857 φορέσαι

2236 4872 2398 4936 ἔξεστι
2437 4889 2449 4902 ·
2492 4873 2593 4944 κγ’.
3739 4876 3847 4930 134

2303 4980 2362 5033 Ἡ
2398 4983 2583 5043 στάσις
2611 4989 2709 5033 τῶν
2742 4988 3066 5055 Χριστιανῶν
3093 4983 3223 5033 ἔοικε
3254 4988 3314 5049 τῇ
3361 4983 3585 5055 ἑμπορίᾳ
3640 4986 3731 5032 και
3774 4987 3845 5052 τῇ

2238 5073 2468 5142 ζυμωσει
2502 5088 2514 5099 ’
2540 5072 2714 5145 ὥσπερ
2759 5073 2858 5145 γὰρ
2891 5073 2940 5122 οἱ
2969 5070 3182 5143 ἔμποροι
3228 5072 3294 5122 τά
3330 5074 3489 5141 γηίνα
3532 5064 3694 5143 κέρδη
3726 5066 3850 5121 ἔπι-

2236 5162 2547 5230 συνάγουσι,
2578 5161 2740 5222 οὕτως
2770 5164 2859 5213 καὶ
2904 5159 3085 5212 ἐκεῖνοι
3135 5156 3169 5211 δ
3175 5162 3648 5233 ιασκορπισμένους
3687 5156 3735 5210 iv
3761 5166 3842 5229 τῷ

2236 5249 2383 5300 αἰῶνι
2434 5248 2751 5321 λογισμούς·
2808 5254 2898 5302 καὶ
2951 5251 3122 5323 ὥσπερ
3173 5250 3202 5307 ἠ
3259 5249 3399 5321 ζύμη
3448 5251 3663 5321 φύραμα
3722 5246 3842 5299 ὅλον

2236 5337 2583 5413 ἀπεργάζεται
2615 5339 2805 5411 ζύμην,
2854 5339 3015 5400 οὕτως
3045 5340 3073 5396 ἡ
3109 5338 3249 5410 ζύμη
3296 5346 3392 5399 τῆς
3444 5335 3704 5408 ἁμαρτίας
3736 5342 3844 5388 πᾶν

2233 5432 2374 5499 γένος
2397 5435 2486 5480 τοῦ
2532 5424 2706 5499 Ἀδὰμ
2751 5425 3027 5501 διατρέχει
3060 5444 3072 5457 '
3102 5427 3233 5485 πλὴν
3264 5428 3289 5478 ὁ
3330 5430 3559 5501 Χριστός
3598 5426 3843 5499 οὐράνιον

2236 5516 2563 5587 ἀγαθὸτητος
2616 5517 2786 5589 ζύμην
2840 5524 2955 5580 ταῖς
3005 5522 3214 5578 πισταῖς
3267 5515 3476 5589 ψυχαῖς
3519 5517 3785 5573 ἐντίθησιν
3824 5531 3840 5546 ·

2238 5601 2339 5660 κόν.
3734 5601 3842 5661 136
