4078 6194
159 317 251 373 321

1198 313 1659 371 HOMILIARUM
1699 314 1759 370 S.
1803 315 2109 373 MACARII
2149 315 2510 375 AEGYPTII.

3414 325 3519 382 322

223 440 481 496 Διδάσκει
511 442 641 500 αῦτη
682 443 712 500 ἡ
770 441 967 514 ὁμιλία,
1027 442 1109 494 ὅτι
1156 436 1334 502 οὐδεὶς
1372 439 1672 513 ἀνθρώπων,
1706 439 1751 492 εἰ

1937 441 2114 499 Docet
2158 442 2309 498 haec
2356 443 2626 511 bomilia,
2680 445 2914 503 nullum
2955 447 3287 517 nominem,
3328 450 3446 505 nisi
3486 466 3523 508 a

155 538 221 604 μὴ
278 528 613 605 δυναμωθεὶς
664 532 765 583 ῦπό
805 538 899 583 τοῦ
948 536 1202 605 Χριστοῦ,
1246 537 1344 581 τῶν
1394 537 1486 581 τοῦ
1525 535 1753 599 πονηροῦ

157 618 466 674 σκανδάλων
505 622 870 696 περιγίνεσθαι
902 619 1078 691 ἰσχύει
1115 636 1127 649 ·
1174 623 1263 672 καὶ
1294 623 1344 671 τί
1386 615 1469 671 δεῖ
1506 622 1625 680 τοὺς
1664 627 1755 678 τῆς

157 713 293 771 θείας
347 706 508 773 δόξης
554 709 889 783 ὀρεγομένους
926 710 1168 782 πράττειν
1200 727 1212 739 ·
1255 704 1505 761 διδάσκει
1556 712 1646 760 καὶ
1676 708 1757 759 ὅτι

157 795 243 851 διὰ
294 807 574 873 παρακοῆς
625 805 715 850 τοῦ
770 795 950 870 Ἀδὰμ
1009 796 1075 858 εἰς
1124 792 1361 849 δουλείαν
1426 803 1517 857 τῆς
1567 799 1757 869 σαρκός

155 890 329 940 παθῶν
387 886 731 959 κατήλθομεν,
789 886 874 959 ἀφ’
929 887 991 949 ἧς
1050 881 1144 938 διὰ
1188 892 1281 938 τοῦ
1331 885 1378 937 ἄν
1430 894 1503 957 τῷ
1547 894 1757 959 σταυρῷ

152 981 452 1051 μυστηρίου
497 977 730 1051 ῥυόμεθα
760 993 773 1005 ·
835 972 1075 1029 παιδεύει
1115 974 1293 1027 λοιπόν
1328 977 1489 1046 ἡμᾶς,
1545 976 1624 1027 ὅτι
1667 993 1756 1047 με·

152 1066 279 1137 γάλη
309 1070 427 1119 ἐστὶ
458 1073 560 1118 τῶν
591 1062 834 1139 δακρύων
862 1069 954 1117 καὶ
1000 1071 1093 1117 τοῦ
1123 1066 1261 1117 θείου
1293 1067 1453 1137 πυρός
1486 1059 1712 1137 δύναμις
1741 1081 1753 1093 '

156 1154 244 1212 κε’.
1659 1151 1758 1208 139

221 1248 350 1315 Περὶ
398 1250 493 1304 τῆς
547 1241 837 1311 ἆξιότητος,
874 1246 962 1295 καὶ
1017 1251 1109 1303 τῆς
1156 1247 1479 1315 τιμιότητος,
1528 1246 1617 1294 καὶ¹
1664 1250 1759 1303 τῆς

154 1329 447 1403 δυνάμεως,
506 1335 595 1383 καὶ
643 1339 733 1391 τῆς
780 1329 1025 1403 ἕργασίας
1079 1339 1171 1392 τῆς
1219 1330 1483 1383 ἀθανάτου
1546 1330 1754 1401 ψυχῆς,

150 1428 234 1474 καὶ
286 1430 398 1482 πῶς
451 1421 585 1479 αὕτη
629 1421 731 1472 ὑπὸ
771 1429 864 1472 τοῦ
906 1427 1105 1473 σατανᾶ
1160 1421 1482 1496 πειράζεται,
1526 1426 1616 1472 καὶ
1669 1427 1760 1479 τῆς

151 1511 539 1585 ἔλευθερωσεως
585 1508 687 1561 ἀπὸ
720 1518 819 1562 τῶν
851 1517 1150 1584 πειρασμῶν
1201 1512 1458 1582 τυγχάνει
1500 1526 1512 1538 ⁸
1550 1512 1760 1580 συνέχει

150 1596 206 1652 δε
264 1604 522 1662 ζητήσεις
566 1600 711 1660 τινὰς
754 1600 889 1651 πάνυ
932 1597 1119 1660 πολλῆς
1168 1595 1519 1661 διδασκαλίας
1575 1600 1762 1670 γεμού-

152 1708 248 1751 σας
274 1706 289 1717 ·
324 1688 416 1753 κς-’
453 1704 467 1719 ⁸
1659 1686 1763 1741 144

1863 529 2092 586 Christo
2123 531 2598 600 corroboratum,
2632 535 2918 591 scandala
2954 537 3306 609 nequissimi
3336 554 3518 611 supe-

1862 634 1993 675 rare
2012 635 2205 690 posse,
2235 625 2290 676 et
2312 620 2457 692 quid
2486 619 2580 686 iis,
2614 623 2717 693 qui
2747 622 3017 680 divinam
3048 624 3299 696 gloriam
3330 643 3522 699 appe-

1866 712 2011 773 tunt,
2044 708 2368 777 agendum.
2404 709 2581 765 Docet
2609 726 2871 784 quoque,
2903 728 3012 768 nos
3036 729 3139 785 per
3169 715 3520 773 inobedien-

1865 796 2006 853 tiam
2030 798 2107 852 ad
2133 797 2475 854 servitutem
2506 799 2701 855 carnis
2730 801 3004 856 redactos
3035 817 3181 868 esse,
3210 810 3393 877 atqua
3414 820 3521 877 per

1865 886 2216 958 mysterium
2239 887 2429 943 crucis
2457 885 2797 944 liberamur.
2833 891 3069 947 instruit
3096 892 3354 965 denique
3384 910 3517 960 nos,

1866 990 2152 1042 magnam
2206 991 2338 1032 esse
2384 975 2769 1033 lacrimarum
2820 982 2878 1033 et
2914 978 3068 1047 ignis
3097 979 3279 1036 divini
3316 981 3519 1039 efﬁca-

1865 1063 2043 1119 ciam.
2074 1067 2141 1119 25
2155 1107 2169 1120 .
3423 1072 3522 1127 139

1939 1242 2018 1297 De
2038 1241 2344 1313 dignitate,
2370 1243 2759 1314 praestantia,
2790 1243 3070 1300 facultate
3090 1250 3145 1301 et
3165 1246 3525 1316 operationi-

1866 1330 1979 1385 bus
2006 1332 2357 1387 immortalis
2383 1333 2643 1398 animae,
2672 1338 2727 1388 et
2755 1349 2875 1404 qua
2901 1334 3127 1389 ratione
3152 1350 3275 1390 eaa
3302 1337 3524 1393 Satana

1868 1422 2117 1475 tentetur
2149 1425 2203 1475 et
2230 1419 2640 1476 liberationem
2672 1436 2703 1475 e
2734 1422 3165 1478 tentationibus
3196 1439 3526 1496 consequa-

1868 1509 1981 1562 tur.
2026 1508 2294 1563 Continet
2342 1522 2475 1563 vero
2513 1509 2897 1580 quaestiones
2945 1509 3240 1581 quasdam
3284 1528 3524 1568 summa

1868 1594 2139 1652 doctrina
2163 1595 2424 1654 refertas.
2454 1600 2543 1653 26.
3424 1603 3524 1657 144

218 1788 352 1856 Περὶ
394 1792 493 1846 τῆς
545 1782 811 1846 ἆξιότητος
858 1788 949 1837 καὶ
1002 1786 1234 1847 στάσεως
1287 1791 1378 1836 τοῦ
1440 1789 1759 1859 Χριστιανοῦ

1937 1782 2293 1853 Dignitatem
2316 1788 2371 1839 et
2400 1787 2624 1840 statum
2652 1782 2964 1839 Christiani
2989 1784 3247 1840 hominis
3273 1786 3524 1857 copiosa

150 1874 432 1943 ανθρώπου
493 1868 588 1924 διὰ
651 1871 849 1925 πολλῶν
904 1869 1221 1945 διηγουμένη
1278 1868 1501 1926 διατελεῖ
1552 1872 1679 1929 αὕτη
1724 1873 1755 1929 ἡ

149 1959 355 2029 ὁμιλία,
408 1963 474 2021 ὡς
528 1966 618 2014 καὶ
676 1962 707 2019 ἡ
774 1965 1136 2033 προηγουμένη
1173 1978 1186 1991 ⁶
1235 1964 1411 2014 ἔπειτα
1483 1965 1602 2034 περὶ
1666 1968 1758 2013 τοῦ

152 2049 502 2111 αὑτεξουσίου
541 2049 882 2122 πανωφέλιμα
932 2050 1097 2103 πολλὰ
1127 2047 1397 2117 διδάσκει,
1432 2049 1761 2123 ἀναμιγνῦσα

152 2138 415 2199 ζητήσεις
443 2142 588 2201 τινας
620 2141 758 2200 θείας
792 2144 977 2211 σοφίας
1006 2139 1214 2212 πλήρεις
1252 2160 1263 2173 ·
1288 2139 1371 2201 κζ’
1403 2158 1415 2172 ·
1479 2141 1488 2210 |
1661 2140 1758 2195 156

225 2239 517 2309 Διαγράφει
543 2242 633 2290 καὶ
666 2234 988 2312 ἰιποδύρεται
1034 2238 1166 2296 αὕτη
1216 2240 1246 2296 ἡ
1281 2238 1459 2310 ὁμιλία
1487 2242 1580 2297 τὴν
1629 2238 1761 2309 ξυμ-

153 2328 318 2397 φορὰν
360 2333 457 2387 τῆς
504 2325 711 2398 ψυχῆς,
766 2329 846 2378 ὅτι
891 2323 985 2379 διὰ
1040 2332 1136 2386 τὴν
1176 2326 1440 2402 ἁμαρτίαν
1495 2328 1521 2378 ὁ
1572 2330 1761 2400 Κύριος

152 2416 246 2467 οὐκ
300 2414 437 2467 οἰκεῖ
464 2413 512 2466 ἒν
564 2415 697 2486 αὐτῇ
734 2434 747 2446 ·
780 2419 869 2468 καὶ
901 2420 1019 2490 περὶ
1056 2423 1150 2469 τοῦ
1184 2416 1420 2469 Ἰωάννου
1451 2422 1541 2468 τοῦ
1574 2414 1763 2488 βαπτι-

155 2511 309 2573 στοῦ,
345 2505 427 2555 ότι
458 2500 639 2565 οὐδεὶς
668 2502 716 2555 ἐν
763 2511 1022 2575 γεννητοῖς
1059 2514 1321 2577 γυναικῶν
1372 2505 1532 2558 αὐτοῦ
1571 2508 1762 2577 μείζων

156 2596 273 2645 isti
317 2607 331 2620 '
370 2592 458 2649 κη’
495 2612 507 2625 ·
1662 2594 1761 2649 167

224 2692 378 2744 Κατὰ
403 2686 592 2741 διπλόν
623 2693 813 2763 τρόπον
853 2690 946 2752 τὰς
992 2690 1283 2763 οἰκονομίας
1320 2700 1415 2752 τῆς
1447 2695 1666 2766 χάριτος
1696 2692 1765 2753 εἰς

152 2784 211 2831 τό
240 2783 395 2850 γένος
445 2786 541 2839 τῆς
594 2776 995 2853 ἀνθρωπότητος
1035 2778 1366 2853 ἐξεργάζεται
1397 2781 1423 2832 ὀ
1454 2784 1602 2845 Θεὸς,
1650 2780 1766 2852 με’λο

152 2868 255 2919 λων
310 2874 401 2928 τῆς
464 2867 631 2929 αὐτῆς
703 2870 937 2939 καρποὺς
992 2867 1041 2920 ἐν
1099 2865 1291 2941 δικαίῳ
1341 2873 1556 2944 κρίματι
1613 2868 1767 2922 πάλιν

157 2954 459 3013 ἂπαετῆσαι
486 2975 499 2987 ·
536 2954 623 3006 κθ’
648 2975 661 2988 ο
1670 2958 1769 3012 170

226 3052 322 3105 Ἐκ
373 3059 468 3103 τοῦ
520 3051 675 3123 ἁγίου
730 3054 1016 3124 πνεύματος
1054 3048 1138 3105 δεῖ
1180 3054 1487 3125 γεννηθῆναι
1515 3058 1609 3113 τὴν
1654 3053 1771 3126 μελ-

1869 1872 2134 1928 oratione
2154 1873 2534 1946 prosequitur
2549 1872 2697 1929 haec
2721 1872 2987 1938 homilia,
3012 1877 3077 1928 ut
3101 1879 3156 1930 et
3175 1890 3332 1946 quae
3355 1890 3523 1946 prae-

1868 1960 2040 2017 cedit.
2071 1960 2292 2016 Deinde
2320 1962 2394 2016 de
2423 1960 2609 2017 libero
2646 1960 2888 2017 arbitrio
2916 1960 3102 2018 multa
3132 1976 3254 2018 non
3280 1976 3523 2034 prorsus

1830 2118 1841 2128 .
1868 2050 2099 2105 inutilia
2118 2048 2311 2115 docet,
2336 2049 2641 2121 permixtis
2667 2049 3122 2121 quaestionibus
3150 2051 3523 2123 quibusdam

1868 2138 2108 2194 divinae
2137 2138 2464 2210 sapientiae
2496 2137 2706 2210 plenis.
2741 2143 2831 2196 27.
3426 2145 3523 2197 156

1942 2237 2228 2292 Describit
2266 2253 2337 2293 ac
2366 2235 2639 2309 deplorat
2669 2238 2817 2293 haec
2845 2237 3093 2295 bomilia
3124 2238 3524 2296 calamitatem

1871 2327 2130 2389 animae,
2154 2326 2213 2380 in
2236 2342 2356 2398 qua
2374 2331 2615 2397 propter
2634 2331 2945 2398 peccatum
2969 2342 3091 2382 non
3114 2327 3345 2384 habitat
3365 2329 3524 2385 Chri-

1872 2420 2021 2471 stus.
2056 2417 2121 2470 Et
2145 2413 2220 2469 de
2239 2416 2469 2470 Joanne
2494 2415 2775 2487 Baptista,
2804 2414 2969 2486 quod
2999 2415 3152 2472 inter
3182 2421 3355 2474 natos
3388 2433 3522 2473 mu-

1870 2503 2079 2560 lierum
2114 2503 2311 2559 nullus
2340 2518 2411 2559 eo
2443 2504 2515 2560 sit
2547 2502 2757 2559 maior.
2796 2506 2884 2559 28.
3428 2510 3525 2562 167

1948 2688 2176 2760 Duplici
2202 2689 2434 2745 ratione
2460 2689 2974 2761 dispensationem
3006 2691 3309 2760 gratiaein
3341 2706 3533 2762 genus

1874 2777 2212 2833 humanum
2243 2785 2468 2834 exercet
2510 2781 2685 2845 Deus,
2714 2780 2840 2834 eius
2868 2779 3095 2836 fructus
3121 2780 3277 2836 iusto
3314 2780 3534 2837 iudicio

1876 2865 2076 2921 denuo
2100 2866 2477 2939 repetiturus.
2510 2870 2597 2923 29.
3435 2873 3536 2926 170

1952 3052 2031 3108 Ex
2065 3052 2281 3124 Spiritu
2296 3053 3036 3124 sanctorenasciopportet
3062 3052 3352 3117 animam,
3379 3068 3536 3124 quae

156 3140 354 3193 λουσαν
397 3140 643 3193 εἰσελθεῖν
696 3140 761 3201 εἰς
818 3139 1091 3212 βασιλείαν
1141 3148 1275 3194 Θεοῦ
1311 3142 1499 3214 ψυχήν
1527 3158 1540 3171 ·
1594 3147 1685 3195 καὶ
1717 3141 1770 3194 ὃν

1908 3156 2134 3211 egnum
2168 3140 2269 3196 Dei
2298 3140 2646 3212 ingressura
2675 3146 2782 3206 est,
2816 3147 2871 3197 et
2899 3155 3022 3212 quo
3054 3146 3229 3212 pacto
3259 3141 3374 3197 hoc
3398 3140 3529 3197 ﬁat.

1673 3233 1774 3287 174

233 3335 321 3381 Δεῖ
375 3330 466 3379 τόν
514 3330 829 3380 πιστεύοντα
869 3327 1259 3400 μεταλλαγῆναι
1313 3338 1405 3381 τοῦ
1452 3336 1543 3382 νοῦ
1589 3329 1770 3394 αὐτοῦ,

161 3422 253 3469 καὶ
284 3418 486 3477 πάντας
540 3420 656 3476 τοὺς
698 3415 984 3488 λογισμοὺς
1028 3417 1101 3479 εἰς
1133 3421 1260 3472 Θεόν
1296 3417 1579 3490 συλλέγειν,
1622 3418 1669 3470 ἐν
1700 3420 1776 3479 οἷς

166 3504 369 3566 ἀληθῶς
398 3510 552 3556 πᾶσα
591 3501 833 3557 διακονία
861 3512 952 3557 τοῦ
984 3510 1110 3559 Θεοῦ
1142 3504 1255 3559 ἐστι
1279 3523 1294 3537 ’
1326 3505 1406 3559 λα’
1438 3522 1452 3537 ⁸
1683 3508 1779 3562 1⁸79

160 3234 354 3306 τρόπον
387 3238 545 3282 τοῦτο
582 3234 800 3301 γίνηται
833 3247 846 3259 ·
878 3229 921 3282 λ’
953 3250 968 3264 ο

238 3602 295 3654 Ἠ
343 3598 481 3663 δόξα
510 3609 608 3653 τῶν
639 3608 966 3674 Χριστιανῶν
997 3601 1101 3655 ἀπὸ
1127 3610 1218 3655 τοῦ
1249 3610 1337 3656 νῦν
1379 3602 1429 3655 ἕν
1457 3608 1569 3664 ταῖς
1613 3602 1780 3655 αὐτῶν

169 3691 375 3762 ψυχαῖς
406 3689 632 3762 ἐμμένει,
674 3690 937 3762 μέλλουσα
985 3690 1034 3743 ἓν
1081 3692 1153 3763 τῷ
1193 3701 1359 3768 καιρῷ
1409 3700 1505 3754 τῆς
1552 3691 1784 3745 ἀναστά-

175 3798 302 3841 σεως
332 3780 697 3852 φανερωθῆναι
737 3784 825 3831 καὶ
879 3776 1106 3844 δοξάσαι
1157 3784 1224 3834 τὰ
1256 3786 1475 3854 σώματα
1501 3782 1616 3834 κατ’
1659 3779 1783 3834 ἀνα-

171 3869 354 3941 λογίαν
377 3876 476 3929 τῆς
499 3867 666 3919 αὐτῶν
694 3867 956 3930 εὐσεϐείας
990 3888 1004 3901 ⁸
1030 3868 1117 3942 λβ’
1149 3889 1163 3903 ·
1685 3874 1784 3926 182

243 3964 629 4026 Ἀδιαλείπτως
679 3970 770 4019 καὶ
820 3975 1099 4041 προσεχῶς
1145 3964 1228 4022 δεῖ
1278 3976 1350 4040 τῷ
1401 3976 1515 4041 θεῷ
1560 3970 1788 4043 προσεύ-

173 4058 376 4127 χεσθαι
406 4072 418 4084 ·
446 4052 531 4125 λγ¹
561 4070 574 4083 ⁸
1685 4057 1784 4111 18⁸7

247 4158 376 4225 Περὶ
432 4160 529 4212 τῆς
581 4159 683 4203 τῶν
738 4159 1065 4226 Χριστιανῶν
1105 4150 1286 4220 δόξης,
1338 4156 1402 4217 ἧς
1452 4157 1521 4208 τὰ
1570 4154 1789 4227 σώματὰ

175 4242 354 4295 αὖτῶν
414 4244 465 4293 ἓν
519 4247 581 4311 τῇ
641 4239 929 4295 ἀναστάσει
987 4243 1440 4307 καταξιωθήσεται
1518 4248 1609 4296 καὶ
1661 4245 1791 4316 μετὰ

180 4338 273 4391 τῆς
310 4330 509 4401 ψυχῆς
532 4331 930 4400 φωτισθήσεται
966 4351 975 4361 '
1006 4328 1090 4385 λδ¹
1126 4350 1137 4363 ’
1689 4332 1790 4388 189

254 4432 385 4502 Περὶ
431 4434 527 4479 τοῦ
572 4426 796 4481 παλαιοῦ
842 4434 932 4483 καὶ
979 4437 1072 4483 τοῦ
1114 4438 1294 4485 καινοῦ
1336 4429 1634 4484 σαϐϐάτου*
1683 4428 1787 4482 λε”

1691 4518 1784 4574 191
1827 4499 1872 4554 D

258 4610 388 4679 Περὶ
419 4600 616 4667 διπλῆς
649 4602 987 4669 ἀναστάσεως
1011 4616 1110 4661 τῶν
1147 4607 1341 4681 ψυχῶν
1384 4613 1474 4661 καὶ
1517 4609 1791 4681 σωμάτων,

185 4699 277 4747 καὶ
309 4692 573 4769 διαφόρου
608 4688 770 4757 δόξης
797 4703 895 4747 τῶν
922 4694 1271 4770 ἀνισταμένων
1298 4713 1311 4728 ·
1338 4694 1422 4761 λῌ
1692 4694 1795 4751 193

263 4788 393 4856 Περὶ
420 4789 517 4835 τοῦ
544 4779 878 4857 παραδείσου
908 4790 998 4839 καὶ
1045 4791 1203 4858 νόμου
1233 4793 1585 4859 πνευματικοῦ
1618 4803 1630 4815 ο
1662 4783 1743 4845 λζ’
1779 4799 1792 4814 ·

1700 4873 1799 4929 194

261 4960 461 5021 Πολλῆς
518 4958 787 5033 ἀκριϐείας
840 4968 930 5016 καὶ
973 4967 1229 5026 συνέσεως
1274 4968 1433 5037 χρεία
1470 4965 1615 5016 ἑστὶν
1647 4964 1695 5014 ἐν
1728 4969 1798 5032 τῷ

195 5048 497 5121 δοκιμάσαι
552 5053 675 5112 τοὺς
734 5049 1013 5115 ἀληθινοὺς
1089 5054 1462 5126 Χριστιανούς,
1525 5056 1615 5103 καὶ
1670 5054 1803 5112 τίνες

196 5137 378 5193 ἐκεῖνοι
409 5136 539 5192 ὦσιν
566 5159 582 5174 ο
626 5138 710 5197 λη’
748 5155 762 5170 ⁸
1699 5141 1802 5195 200

265 5232 412 5289 Τίνος
471 5227 635 5280 ἕνεκεν
696 5223 854 5287 ἐδόθη
913 5229 1038 5302 ἡμῖν
1095 5231 1195 5284 ὑπὸ
1268 5237 1359 5283 τοῦ
1413 5235 1545 5283 Θεοῦ
1592 5229 1622 5287 ἡ
1694 5230 1807 5281 θεία

199 5321 369 5390 γραφή
406 5333 419 5347 ·
454 5315 531 5369 λθ¹
562 5334 578 5349 ο
1700 5319 1803 5372 203

265 5402 386 5457 Ὀτι
445 5410 618 5457 πᾶσαι
671 5406 726 5457 αί
780 5403 961 5480 ἁρεταὶ
1016 5412 1105 5461 καὶ
1163 5409 1334 5461 πάντα
1381 5408 1521 5460 κακὰ
1576 5404 1805 5464 ἀλλήλων

209 5489 526 5565 ίιδίδενται,
579 5498 671 5547 καὶ
726 5496 949 5570 ὡσπερεὶ
1013 5496 1195 5558 ἄλυσίς
1251 5516 1326 5558 τις
1377 5500 1475 5569 μία
1534 5503 1625 5556 τῆς
1684 5500 1809 5567 μιᾶς

212 5584 461 5655 ἤρτηνται
491 5600 506 5615 ⁸
537 5582 594 5656 μ’
625 5603 640 5618 ·
1706 5583 1811 5640 204

284 5684 446 5736 Βαθία
489 5682 606 5736 λίαν
653 5682 723 5735 τὰ
766 5690 857 5744 τῆς
902 5682 1091 5757 ψυχῆς
1120 5690 1329 5759 ταμεῖα,
1359 5689 1453 5745 τῆς
1500 5681 1603 5736 ἀπό
1624 5686 1812 5756 μέρους

498 5780 747 5838 Panos.
786 5780 892 5839 Gn.
935 5782 1182 5840 XXXIV.

1844 5206 1849 5209 _
1912 5143 2002 5197 38.

1882 3230 1971 3287 30.
3437 3229 3541 3284 174

1956 3327 2212 3385 Fidelem
2251 3330 2485 3398 oportet
2526 3328 2745 3384 mutari
2782 3327 3007 3394 animo,
3052 3331 3232 3400 atque
3260 3326 3322 3383 in
3354 3329 3540 3384 Deum

1885 3432 2097 3476 omnes
2127 3416 2517 3487 cogitationes
2549 3416 2841 3489 colligere,
2870 3417 2927 3471 in
2955 3416 3177 3488 quibus
3200 3431 3333 3471 vere
3363 3430 3545 3471 omne

1886 3506 2249 3577 obsequium
2280 3505 2550 3560 divinum
2583 3504 2877 3561 consistit.
2912 3505 3001 3561 31.
3440 3504 3544 3561 179

1961 3603 2161 3659 Gloria
2190 3603 2660 3660 Christianorum
2692 3603 2913 3659 amodo
2952 3603 3012 3657 in
3053 3602 3289 3658 illorum
3326 3602 3547 3658 animis

1890 3693 2049 3759 latet,
2074 3708 2233 3763 quae
2256 3698 2524 3763 tempore
2550 3691 2998 3747 resurrectionis
3025 3696 3303 3760 emerget,
3331 3696 3388 3747 et
3407 3690 3548 3746 illu-

1893 3781 2103 3838 strabit
2130 3795 2385 3853 corpora
2414 3795 2523 3852 pro
2554 3779 2737 3836 modo
2762 3794 2970 3835 eorum
2992 3778 3241 3849 pietatis.
3275 3778 3365 3835 32.
3444 3778 3548 3833 182

1966 3975 2375 4032 lndesinenter
2404 3979 2459 4031 et
2487 3977 2705 4031 attente
2720 3976 2954 4046 oportet
2977 3972 3099 4030 Deo
3118 3977 3259 4030 vota
3289 3971 3483 4030 facere
3495 3976 3552 4028 et

1896 4064 2148 4138 precari.
2179 4064 2269 4120 33.
3453 4059 3549 4117 187

1972 4155 2050 4209 De
2080 4152 2273 4224 gloria
2318 4151 2813 4217 Christianorum,
2854 4166 2975 4223 qua
3015 4166 3271 4223 corpora
3314 4150 3553 4207 illorum

1897 4243 1958 4300 in
1997 4242 2426 4298 resurrectione
2467 4240 2878 4311 dignabuntur
2916 4245 2974 4297 et
3012 4256 3149 4296 cum
3182 4240 3389 4297 anima
3423 4238 3557 4295 illu-

1901 4331 2269 4388 strabuntur.
2303 4333 2390 4389 34.
3457 4330 3557 4386 189

1971 4431 2051 4487 De
2079 4429 2333 4487 sabbato
2361 4430 2608 4502 antiquo
2638 4434 2693 4484 et
2722 4442 2904 4484 novo.
2930 4426 3020 4483 35.
3460 4430 3553 4484 191

1974 4609 2052 4663 De
2078 4606 2301 4679 duplici
2315 4604 2747 4662 resurrectione
2764 4605 3106 4660 animarum
3128 4607 3185 4660 et
3214 4618 3558 4676 corporum,

1904 4700 1957 4753 et
1990 4695 2231 4751 diversa
2255 4694 2692 4764 resurgentium
2725 4691 2934 4762 gloria.
2965 4694 3053 4749 36.
3462 4691 3563 4747 193

1978 4786 2056 4841 De
2078 4783 2360 4856 paradiso
2390 4788 2447 4839 et
2475 4782 2605 4851 lege
2627 4780 2941 4853 spirituali.
2973 4780 3063 4836 37.
3461 4780 3564 4834 194

1980 4965 2269 5018 Accurato
2326 4960 2549 5016 iudicio
2612 4966 2790 5032 atque
2846 4958 3146 5014 intellectu
3175 4973 3332 5029 opus
3385 4958 3565 5013 estin

1910 5050 2320 5108 discernendis
2347 5049 2496 5105 veris
2527 5047 2893 5115 Christianis,
2928 5053 2984 5103 et
3014 5046 3265 5121 quinam
3298 5045 3412 5101 sint
3442 5044 3570 5103 illi?

3466 5137 3573 5191 200

1986 5228 2075 5283 Ad
2105 5226 2250 5301 quid
2266 5226 2576 5298 Scriptura
2595 5224 2802 5281 divina
2821 5223 2996 5282 nobis
3026 5240 3062 5281 a
3094 5226 3208 5281 Deo
3234 5223 3461 5280 donata
3479 5224 3573 5279 sit.

1915 5318 2006 5374 39.
3472 5312 3577 5369 203

1990 5407 2248 5462 Cunctas
2279 5404 2518 5460 virtutes
2549 5407 2606 5459 et
2638 5404 2852 5458 cuncta
2893 5402 3034 5458 vitia
3064 5400 3215 5457 inter
3246 5416 3311 5457 se
3344 5400 3581 5473 colliga-

1920 5497 1980 5550 ta
2018 5508 2151 5548 esse
2188 5500 2243 5548 et
2288 5491 2451 5549 velut
2483 5495 2760 5548 catenam
2799 5505 2986 5547 unam
3021 5490 3098 5546 ab
3138 5490 3325 5547 altera
3362 5489 3583 5562 depen-

1923 5583 2087 5640 dere.
2119 5582 2209 5638 40.
3480 5578 3585 5634 204

2004 5678 2312 5744 Profunda
2356 5677 2529 5740 valde
2584 5682 2726 5737 sunt
2769 5676 3100 5752 penetralia
3135 5678 3425 5745 eanimae,
3465 5691 3588 5748 qua

3234 5774 3296 5829 11
