4088 6192
630 267 734 324 323
1728 255 1938 318 PETRI
1981 258 2256 317 POSSINI
2304 257 2841 320 PROLEGOMENA
3835 278 3920 338 324

630 401 920 473 paulatim
959 402 1286 458 incremata
1325 398 1551 470 gratiae
1588 398 1693 453 aut
1722 395 2000 451 vitiorum
2040 409 2144 450 acc

630 493 719 537 si-

2396 401 2457 465 τῇ
2490 395 2674 469 χάριτι
2704 403 2794 450 καὶ
2835 405 2946 459 ταῖς
2985 403 3196 463 κακίαις
3249 401 3688 474 συναυξανομένης.
3725 410 3800 480 μα’
3827 429 3838 441 θ
3888 416 3896 483 |

3838 503 3895 537 θη

629 493 719 546 41.

3838 503 3921 557 207

697 580 822 635 Non
846 583 1108 644 externa,
1144 576 1246 633 sed
1274 578 1507 633 interna
1524 577 1876 647 promovent
1906 577 2010 628 aut
2039 571 2144 628 laet

2463 576 2548 630 Μὴ
2582 575 2645 624 τὰ
2677 574 2876 640 ἔξωθεν,
2921 575 3048 628 ἀλλὰ
3079 579 3145 629 τὰ
3193 575 3396 631 ἔνδοθεν
3443 583 3648 654 προάγει
3683 585 3707 643 ἦ
3740 585 3923 658 βλάπτει

626 669 956 737 hominem,
976 668 1152 724 veluti
1171 666 1410 740 spiritus
1433 665 1654 738 gratiae
1677 669 1778 720 aut
1812 663 2054 734 spiritus
2079 677 2144 716 ne

2391 663 2476 712 τὸν
2507 662 2797 735 ἄνθρωπον,
2833 661 3042 724 δηλαδὴ
3095 670 3151 718 τὸ
3195 677 3288 729 τῆς
3336 671 3552 742 χάριτος
3603 681 3800 745 πνεῦμα,
3825 678 3849 735 ἢ
3879 683 3924 730 τὸ

627 758 763 813 tiae.
797 761 886 812 42.

2391 758 2590 823 πνεῦμα
2615 760 2708 814 τῆς
2738 759 3011 828 πονηρίας.
3039 755 3163 828 μβ’·
3842 767 3925 822 209

699 848 778 901 De
825 861 1137 918 progressu
1202 844 1308 900 viri
1375 841 1702 904 christiani,
1768 839 1938 895 cuius
2007 843 2130 894 tota

2462 845 2587 912 Περὶ
2639 850 2735 902 τῆς
2809 852 3078 916 προκοπῆς
3143 852 3234 897 τοῦ
3284 846 3607 917 Χριστιανοῡ
3653 847 3839 925 ἀνδρὸς,
3881 857 3927 916 ἧς

624 952 693 991 ex
708 936 886 992 corde
907 934 1224 1005 dependet,
1245 937 1310 987 ut
1331 932 1426 986 hic
1444 931 1605 986 varie
1619 928 1993 984 describitur.
2010 931 2098 982 43.

2389 934 2538 981 πᾶσα
2567 932 2595 986 ἡ
2646 927 2864 1004 δύναμις
2893 935 2946 984 ἐκ
2981 941 3076 994 τῆς
3122 931 3342 1007 καρδίας
3374 924 3751 1010 ἀποκρεμαμένή
3791 941 3924 1012 ἐστὶν,

694 1026 987 1089 Quantam
1009 1024 1066 1076 in
1090 1022 1330 1077 homine
1354 1019 1676 1074 christiano
1704 1017 2095 1072 mutationem
2116 1029 2144 1070 e

2390 1019 2561 1092 ὥσπερ
2596 1020 2845 1082 ποικίλως
2873 1021 3096 1074 ἐνταῦθα
3128 1019 3499 1097 ὃιαγράφεται.
3533 1026 3619 1098 is)"
3656 1043 3668 1056 '
3843 1035 3926 1088 210

622 1113 1008 1169 novationem
1027 1111 1201 1166 faciat
1229 1109 1512 1173 Christus,
1541 1107 1645 1178 qui
1674 1107 1912 1162 animae
1935 1103 2144 1160 aﬁectit

2462 1112 2620 1159 Ποίαν
2683 1109 2730 1160 ἐν
2800 1109 3052 1183 ἀνθρώπῳ
3140 1119 3443 1186 Χριστιανῷ
3516 1115 3782 1185 μεταϐολὴν
3859 1127 3930 1172 καὶ

625 1218 694 1258 ac
726 1201 972 1257 morbos
1005 1200 1254 1256 sanavit.
1287 1198 1378 1255 44.

2390 1194 2714 1249 ἁνακαίνισιν
2764 1197 3127 1273 ἀπεργάζηται
3165 1202 3191 1252 ὁ
3234 1206 3480 1275 Χριστὸς,
3513 1205 3537 1254 ὁ
3583 1207 3645 1256 τὰ
3669 1213 3754 1265 τῆς
3777 1205 3928 1278 ψυχῆς

2387 1287 2528 1343 πάθη
2556 1292 2644 1338 καὶ
2673 1292 2854 1348 νόσους
2881 1289 3226 1361 Θιραπεύσας.
3267 1286 3358 1361 μδ¹
3389 1307 3402 1319 ⁸
3848 1299 3929 1350 215

695 1381 863 1437 Nulla
902 1397 998 1436 ars
1043 1386 1144 1437 aut
1183 1378 1424 1435 divitiae
1463 1377 1645 1433 huius
1703 1376 1931 1440 mundi,
1971 1374 2073 1430 sed
2116 1392 2142 1428 s

2460 1372 2700 1447 Οὐδεμία
2728 1381 2909 1448 τέχνη,
2945 1377 3003 1429 οὐ
3047 1377 3267 1440 πλοῦτος
3306 1381 3494 1432 τούτου
3532 1387 3622 1432 τοῦ
3663 1385 3861 1454 κόσμου,
3897 1384 3930 1435 εὶ

621 1471 1139 1532 Christiadventus
1165 1484 1379 1524 sanare
1401 1467 1706 1523 hominem
1723 1472 1938 1538 potest,
1963 1465 2132 1519 cuius

2387 1467 2459 1534 μὴ
2515 1469 2643 1534 μόνη
2703 1467 2729 1523 ὴ
2778 1473 2870 1517 τοῦ
2915 1473 3148 1538 Χριστοῦ
3216 1467 3484 1539 ἐπιφάνεια
3529 1471 3823 1544 θεραπεῦσαι
3866 1475 3934 1523 τὸν

617 1565 846 1619 ximam
874 1575 1007 1615 cum
1046 1559 1163 1613 Deo
1190 1555 1612 1626 cognationem
1641 1555 1794 1610 haec
1821 1552 2073 1610 homilia
2096 1568 2144 1608 ei

2387 1553 2656 1625 ἄνθρωπον
2704 1551 2945 1620 δύναται,
2989 1555 3049 1606 οὗ
3097 1561 3354 1627 μεγίστην
3403 1561 3534 1630 πρὸς
3581 1563 3664 1611 τὸν
3693 1563 3801 1613 Θιὸν
3830 1581 3935 1631 συγ-

619 1657 733 1707 cat,
767 1653 856 1705 45,
2174 1642 2276 1694 219
2385 1647 2578 1713 γένειαν
2607 1643 2736 1701 αὕτη
2765 1645 2793 1702 ἡ
2829 1644 3005 1716 ὁμιλία
3029 1644 3383 1717 ἀποφαίνεται.
3417 1646 3496 1718 με’
3525 1665 3540 1680 ο
3852 1651 3934 1705 219

687 1741 771 1795 De
801 1736 1136 1793 diﬂ‘erentia
1166 1735 1316 1790 inter
1345 1732 1598 1789 verbum
1628 1731 1728 1786 Dei
1760 1735 1816 1787 et
1843 1731 1994 1786 inter
2024 1729 2144 1785 veri

2461 1736 2584 1806 Περὶ
2621 1741 2711 1792 τῆς
2751 1728 3008 1805 διαφορᾶς
3049 1742 3140 1786 τοῦ
3177 1754 3230 1786 τε
3259 1734 3415 1805 λόγου
3467 1743 3556 1788 τοῦ
3588 1744 3715 1790 Θεοῦ
3749 1743 3829 1790 καὶ
3865 1747 3936 1790 τοῦ

615 1827 848 1891 mundi,
908 1832 963 1881 et
1010 1825 1162 1880 inter
1218 1822 1374 1878 ﬁlios
1428 1821 1529 1877 Dei
1588 1825 1644 1877 et
1695 1822 1843 1875 inter
1889 1819 2046 1875 ﬁlios
2095 1818 2144 1874 hi

2387 1819 2538 1892 λόγου
2577 1829 2668 1873 τοῦ
2700 1826 2922 1894 κόσμου,
2955 1827 3045 1874 καὶ
3076 1832 3176 1874 τῶν
3217 1828 3402 1876 τέκνων
3444 1833 3536 1877 τοῦ
3575 1833 3725 1892 Θεοῦ,
3751 1831 3936 1879 καὶτῶν

616 1917 854 1974 mundi.
889 1917 979 1972 46.

2387 1913 2568 1961 τέκνων
2595 1913 2779 1962 τούτου
2811 1919 2902 1962 τοῦ
2932 1916 3153 1983 κόσμου.
3182 1911 3275 1984 μς¹
3308 1932 3321 1945 ⁸
3855 1915 3938 1968 223

687 2005 1010 2078 Explicatio
1042 2002 1364 2073 allegorica
1384 1998 1772 2073 quorundam
1800 1997 1915 2054 sub
1936 1997 2064 2069 lege
2092 1997 2144 2052 fa

2458 1998 2801 2072 ’Δλληγορικὴ
2856 2002 3186 2075 παράφρασις
3247 2010 3347 2054 τῶν
3405 2004 3509 2056 ὑπὸ
3559 2008 3707 2076 νόμον
3761 2024 3940 2076 γενειῆ-

614 2113 770 2154 rum.
804 2098 894 2150 47.

2387 2089 2562 2159 μένων.
2591 2088 2679 2159 μζ
2709 2103 2724 2118 ⁸
3854 2097 3937 2146 227

681 2185 762 2240 De
795 2182 1050 2255 perfecta
1080 2181 1197 2236 ﬁde
1225 2180 1285 2234 in
1323 2182 1530 2234 Deum.
1568 2179 1655 2232 48.

2456 2181 2578 2248 Περὶ
2608 2185 2696 2236 τῆς
2732 2176 2924 2238 τελείας
2954 2182 3175 2238 πίστεως
3205 2177 3272 2238 εἰς
3312 2184 3464 2234 Θεὸν.
3499 2179 3589 2251 μη¹
3619 2198 3630 2210 ’
3856 2180 3940 2232 234

686 2277 811 2330 Non
846 2273 986 2328 satis
1022 2276 1128 2335 est,
1172 2268 1352 2324 huius
1394 2266 1613 2323 saeculi
1645 2265 1888 2321 delicias
1918 2265 2144 2337 reliquis

2455 2264 2564 2316 Οὐκ
2596 2265 2828 2336 ἐπαρκεῖ,
2870 2274 2964 2328 τῆς
2989 2275 3186 2339 τρυφῆς
3232 2270 3416 2320 τούτου
3451 2276 3544 2320 τοῦ
3581 2273 3771 2340 κόσμον
3809 2267 3943 2319 ἁπαλ-

611 2363 724 2420 nisi
737 2362 870 2435 quis
898 2361 1139 2417 alterius
1155 2357 1374 2414 saeculi
1390 2355 1819 2412 beatitudinem
1831 2369 2139 2426 consequa

2387 2353 2621 2424 λαγῆναι,
2656 2356 2739 2406 ἐὰν
2765 2358 2836 2425 μὴ
2878 2373 2958 2416 τις
3002 2359 3094 2413 τὴν
3125 2361 3384 2430 μακαρίαν
3444 2357 3600 2409 ἄλλον
3644 2365 3730 2409 τοῦ
3770 2362 3939 2426 κόσμον

611 2454 702 2508 49.
2164 2444 2267 2498 237
2379 2441 2508 2514 λάϐῃ
2527 2486 2538 2497 .
2582 2441 2668 2513 μθ’
2695 2462 2708 2475 ·
3860 2449 3940 2500 237

684 2541 838 2595 Deus
878 2543 983 2603 est,
1017 2537 1120 2610 qui
1153 2552 1258 2610 per
1289 2538 1528 2591 sanctos
1566 2548 1707 2590 suos
1737 2537 1794 2589 et
1824 2537 2124 2590 creaturas

2453 2536 2582 2591 Θεὸς
2613 2529 2753 2583 ἐστιν
2785 2533 2810 2582 ὁ
2856 2527 2951 2584 διὰ
2997 2540 3095 2585 τῶν
3136 2532 3295 2605 ἁγίων
3334 2534 3498 2588 αὐτοῦ
3545 2537 3940 2607 θαυματουργῶν.

611 2627 921 2686 miracula.
956 2631 1041 2683 50.

2387 2619 2419 2671 ν’
2449 2639 2461 2653 ⁸
3858 2621 3942 2678 240

612 2853 943 2920 [Sequuntur
979 2850 1229 2900 Locorum
1267 2847 1573 2910 Scripturae
1602 2845 1689 2909 qui
1718 2846 1776 2894 in
1804 2843 2035 2896 homiliis
2073 2844 2491 2971 cétaanturiagtgzut];
2528 2844 2721 2893 Rerum
2751 2843 3163 2893 memorabitium
3185 2844 3386 2895 indices
3414 2845 3543 2906 duo,
3577 2846 3699 2896 dein
3721 2844 3947 2895 Homiliae

2165 2922 2260 2972 88-
2328 2933 2348 2944 ’
2449 2942 2459 2953 ·

611 3091 3942 3132 Μ

831 3244 1264 3365 PETRI
1328 3239 1888 3362 POSSlNl
1954 3237 2242 3361 SOC.
2307 3238 2576 3363 JES.
2639 3237 3764 3367 PROLEGOMENA.

887 3460 988 3518 AD
1034 3453 1442 3518 OPUSCULA
1491 3454 1550 3514 S.
1597 3452 1920 3513 MACARII
1963 3454 2325 3514 AEGYPTII
2367 3456 2467 3512 AB
2513 3453 2682 3515 IPSO
2729 3455 3035 3515 PRIMUM
3077 3456 3308 3518 EDITA
3351 3456 3436 3517 IN
3483 3457 3718 3518 LlBRO

2011 3552 2136 3612 CUI
2180 3551 2517 3612 TlTULUS
2553 3571 2565 3610 :

612 3691 951 3750 Thesaurus
965 3688 1251 3747 asceticus
1265 3687 1383 3744 sive
1405 3687 1738 3756 Syntagma
1771 3685 2207 3756 Opuseutorum
2226 3685 2537 3742 octodecim
2557 3701 2592 3741 a
2610 3688 2839 3754 graecis
2853 3688 2993 3743 olim
3025 3687 3306 3743 Patribus
3333 3689 3412 3745 de
3425 3705 3495 3747 re
3525 3690 3778 3746 aseetica
3790 3686 3955 3756 scrip-

680 3782 993 3839 torum.Ea
1008 3793 1169 3834 nunc
1188 3778 1446 3846 primum
1461 3775 1796 3845 prodeunte
1819 3775 2227 3830 vetustissimis
2243 3790 2380 3830 mss.
2405 3775 2694 3830 codicibus
2717 3782 2908 3831 eruta.
2928 3777 3254 3833 Cotlectore
3267 3785 3448 3848 atque
3473 3780 3796 3848 interprete
3808 3776 3956 3831 Petro

675 3872 919 3927 Possino
933 3867 1227 3925 societatis
1241 3866 1395 3922 Jesu.
1408 3863 1428 3937 [
1439 3865 1678 3920 Tolosae
1691 3869 1743 3920 et
1759 3872 2044 3920 vaeneunt
2055 3865 2091 3934 .]
2108 3864 2354 3920 Parisiis
2375 3865 2540 3934 apud
2555 3867 2596 3918 Α
2609 3865 2877 3919 ntonium
2895 3866 3204 3934 Dezaltier,
3220 3866 3283 3922 in
3298 3867 3432 3923 vico
3445 3867 3879 3925 San-Jacobaeo
3889 3863 3956 3918 ad

678 3963 971 4018 Coronam
1001 3971 1268 4014 auream.
1301 3953 1710 4012 MDCLXXXI
1729 3954 1786 4008 V.
1822 3953 1965 4009 Cum
1997 3953 2426 4024 approbatione
2452 3957 2505 4009 et
2525 3952 2846 4024 privilegio
2875 3954 2958 4009 4ο.

704 4195 713 4262 |
769 4188 1114 4247 Venerando
1127 4188 1188 4241 in
1204 4185 1441 4242 Christo
1455 4184 1624 4240 Patri
1636 4184 1849 4240 domno
1861 4183 2079 4239 Joanni
2091 4183 2164 4240 Le
2174 4185 2356 4242 Bona:
2369 4186 2678 4242 Cartusiae
2700 4186 3020 4243 Tolosanae
3039 4185 3237 4242 Priori
3250 4186 3616 4258 dignissimo
3629 4189 3832 4246 Petrus
3842 4186 3957 4242 Pos-

607 4281 772 4336 sinus
801 4278 1094 4334 societatis
1125 4276 1264 4330 Jesu
1291 4275 1544 4329 salutem
1575 4275 1634 4326 in
1657 4272 1891 4327 Christo
1923 4288 2144 4328 veram.

677 4372 820 4424 Cum
835 4367 930 4437 qui
947 4363 1365 4420 thesaurumin
1384 4363 1508 4417 solo
1524 4361 1713 4417 alieno
1740 4361 1976 4432 reperit,
1997 4362 2628 4418 communicareillum
2651 4362 2899 4419 domino
2914 4364 3041 4435 agri
3060 4364 3293 4434 legibus
3320 4368 3749 4436 Augustorum
3781 4365 3957 4421 iubea-

603 4455 979 4528 tur(l),hunc
995 4451 1470 4509 asceticumame
1493 4451 1798 4505 inventum
1828 4449 1887 4504 in
1918 4453 2323 4506 monumentis
2346 4454 2845 4507 anachoretarum
2873 4459 2926 4508 et
2959 4454 3425 4510 coenobitarum
3455 4455 3748 4513 Graeciae
3769 4452 3955 4509 veteris

595 4548 648 4602 ei
681 4562 774 4601 me
796 4547 1240 4615 repraesentare
1267 4540 1483 4595 debere
1511 4537 1771 4594 familiae
1795 4540 2002 4604 sentio,
2032 4555 2188 4611 quae
2213 4541 2366 4595 vitae
2395 4540 2692 4597 solitariae
2722 4557 2792 4596 ac
2825 4541 3062 4597 socialis
3087 4543 3305 4598 decora
3331 4543 3397 4599 in
3423 4561 3493 4602 se
3518 4561 3645 4601 una
3671 4543 3955 4613 colligens.

595 4637 757 4692 bona
774 4638 991 4690 cuncta
1012 4631 1347 4703 priscarum
1384 4628 1474 4683 vel
1496 4628 1938 4684 anachoreseon
1967 4629 2058 4684 vel
2081 4629 2433 4684 societatum
2470 4628 2826 4686 hereditaria
2851 4633 3226 4687 successione
3251 4633 3621 4689 transmissa
3633 4632 3769 4706 jure
3793 4629 3958 4704 possi-

596 4725 736 4781 dere
760 4738 947 4795 quam
977 4722 1206 4792 optimo
1228 4718 1505 4773 creditur.

664 4813 818 4867 Haec
844 4814 969 4865 sine
1001 4809 1186 4864 dubio
1212 4823 1382 4862 sacra
1411 4805 1762 4861 Cartusiaua
1797 4805 2014 4875 Religio
2046 4811 2154 4871 est,
2185 4805 2329 4862 orbe
2361 4810 2481 4862 toto
2511 4807 2840 4864 clarissima
2867 4824 3221 4881 summeque
3249 4811 3646 4867 venerabilis.
3684 4811 3800 4866 Nec
3837 4822 3956 4863 vero

590 4899 972 4973 quaerendus
1015 4896 1221 4968 procul
1253 4903 1359 4961 est,
1391 4896 1482 4950 cui
1511 4894 1778 4948 debitum
1814 4895 1926 4948 hoc
1953 4893 2293 4964 depositum
2323 4896 2671 4964 consignem
2707 4914 2720 4951 :
2750 4897 2827 4951 Te
2856 4897 3089 4952 habens
3135 4914 3276 4969 prae
3322 4900 3550 4966 oculis,
3613 4902 3624 4970 ι
3677 4894 3958 4957 venerabi-

596 4991 813 5045 lissime
833 4995 1028 5059 pater,
1053 4988 1359 5056 Tuamque
1373 4983 1546 5037 istam
1565 5000 1598 5037 a
1613 4983 1686 5036 Te
1702 4983 2140 5053 sapientissime
2157 4984 2408 5052 religiosi
2421 4986 2718 5057 ssimeque
2733 4985 3128 5055 gubernatam
3145 4988 3522 5045 Tolosanam
3540 4989 3895 5047 Cartusiam.

667 5075 1191 5142 Quemadmodum
1221 5073 1306 5127 Tu
1338 5073 1609 5127 omnium
1642 5071 1983 5142 praesidum
2015 5071 2180 5126 istius
2213 5074 2575 5129 sanctissimi
2607 5075 2852 5142 ordinis,
2880 5075 2982 5146 qui
3011 5091 3281 5146 unquam
3313 5075 3568 5133 fuerunt
3602 5083 3709 5134 aut
3742 5075 3956 5147 uspiam

591 5175 746 5232 sunt,
769 5165 960 5221 itailla
982 5163 1485 5218 communitatum
1500 5160 1864 5231 reliquarum
1893 5161 2004 5214 sub
2029 5162 2084 5216 S.
2110 5163 2400 5218 Bruuonis
2420 5163 2739 5234 disciplina
2769 5164 2955 5218 Deum
2988 5163 3307 5220 colentium
3334 5165 3494 5222 locis
3528 5171 3765 5239 passim
3797 5163 3958 5220 variis

588 5273 693 5329 per
727 5260 1024 5325 Europam
1058 5254 1420 5315 universam,
1444 5250 1688 5319 plenum
1714 5250 1897 5304 instar
1929 5249 2237 5314 exhibetis,
2265 5258 2325 5306 ut
2355 5251 2650 5324 quidquid
2685 5253 2997 5324 utriusque
3031 5254 3266 5322 generis
3290 5263 3623 5324 praestans
3650 5250 3958 5312 admirabi-

590 5346 765 5417 leque
795 5343 936 5399 alibi
968 5341 1352 5412 conspicitur,
1386 5339 1444 5392 in
1477 5338 1642 5392 vobis
1672 5337 1880 5392 illustri
1917 5339 2231 5396 collectum
2264 5341 2646 5412 compendio,
2679 5349 2734 5397 et
2765 5343 2940 5414 quasi
2972 5342 3239 5400 refractis
3269 5342 3333 5398 in
3377 5352 3674 5402 centrum
3707 5344 3956 5413 undique

593 5434 775 5490 radiis
804 5431 1133 5488 luculenter
1166 5443 1284 5484 uno
1316 5441 1668 5498 expressum
1693 5442 1827 5482 aere
1851 5442 2114 5483 concavo
2139 5445 2479 5485 cernamus.

2154 5544 2412 5600 NOTAE.

669 5655 750 5730 (-I)
781 5652 924 5712 Cod.
951 5649 1250 5710 Theodos.
1280 5648 1386 5707 lib.
1425 5649 1466 5704 Χ
1500 5647 1585 5706 tit.
1615 5650 1799 5706 XVIII.
