4088 6192
125 335 212 393 325
1100 333 1191 387 AI)
1232 330 1608 389 OPUSCULA
1648 332 1707 387 S.
1755 333 2058 389 MACARII
2099 334 2452 390 AEGYPTII.
3376 340 3481 395 326

177 460 285 515 Non
314 471 525 527 evagor
553 459 720 513 extra
746 458 842 519 Te,
871 455 1018 511 dum
1051 456 1494 512 communitatis
1525 456 1648 512 Tibi
1675 458 2034 514 commissae
2057 458 2309 528 gloriam
2342 476 2655 533 exsequor.
2678 462 2954 533 Corporis
2984 463 3076 519 vis
3099 464 3280 521 etflos
3314 465 3492 521 totius

123 551 170 605 in
184 547 355 619 capite
377 546 610 615 residet;
645 544 785 601 inde
811 544 1009 615 vigent
1039 560 1275 615 sensus,
1300 545 1494 601 valent
1523 551 1718 610 artus;
1747 552 1964 611 motus,
1996 546 2265 613 facultas,
2302 550 2502 604 omnis
2536 550 2693 606 actio
2727 566 2797 607 eo
2828 550 3073 608 laudem
3113 554 3205 609 sui
3236 554 3493 610 referant

123 638 191 692 fas
212 642 305 700 est,
333 635 481 691 unde
506 635 801 704 originem
833 640 889 690 et
919 634 1183 704 vigorem
1214 636 1415 707 utique
1442 634 1703 690 trahunt.
1727 636 1845 690 Nec
1866 636 2135 705 gratuitis
2161 637 2257 692 hic
2286 638 2409 692 Tibi
2437 638 2663 695 otiosae
2687 638 2976 697 felicitatis
3003 641 3227 699 fructus
3254 648 3361 710 est,
3383 640 3492 698 sed

122 725 367 781 sollicitae
393 731 446 779 et
474 724 635 780 enixe
663 724 939 780 certantis
963 728 1286 795 proventus
1303 724 1631 779 industriae
1661 740 1675 789 ;
1707 739 1906 790 curas,
1929 726 2178 794 satagis,
2203 726 2539 793 contendis,
2558 727 2963 786 indesinenter
2981 736 3237 787 attentus
3258 731 3494 802 vigiliae

124 816 498 885 custodiaeque
530 814 727 884 gregis
756 813 879 869 Tui.
922 813 1112 869 Verbo
1143 812 1434 869 admones
1472 812 1746 884 exemplo
1783 819 2148 879 monstrans,
2182 814 2493 870 nocturnis
2536 831 2725 888 aeque
2757 817 3110 891 diurnisque
3140 820 3493 892 psalmodiis

122 902 524 959 assiduissimus
553 903 1295 973 perseverantissimusque
1329 907 1676 972 praecentor
1706 906 1763 955 et
1792 902 2112 974 choragus.
2144 904 2516 960 Novitiorum
2544 905 2922 961 institutione
2954 908 3079 978 ipse
3106 908 3452 979 defungeris
3480 938 3493 988 ;

122 993 227 1062 ipse
253 990 564 1046 iunioribus
592 990 878 1062 professis
901 996 1369 1046 consentaneam
1398 990 1478 1045 illi
1507 989 1681 1045 statui
1705 990 1998 1046 culturam
2029 992 2297 1064 impertis
2326 1010 2339 1058 ;
2365 993 2489 1065 ipse
2507 994 2793 1049 curandis
2814 995 3268 1069 dirigendisque
3290 1013 3498 1069 prove—

124 1079 362 1135 ctioribus
386 1095 501 1135 non
532 1078 731 1135 ofﬁcia
757 1079 945 1135 solum
974 1084 1190 1136 cuncta
1215 1079 1460 1135 exhibes
1490 1078 1715 1133 ordinis
1742 1079 2269 1136 constitutionibus
2289 1084 2679 1154 praescripta,
2711 1082 2824 1139 sed
2846 1088 2901 1140 et
2928 1100 3323 1156 supererogas
3340 1102 3496 1158 quae

126 1170 279 1225 multa
302 1170 575 1241 variaque
605 1169 665 1224 in
692 1184 819 1224 rem
847 1172 1221 1240 praesentem
1247 1173 1583 1240 opportune
1616 1169 1881 1239 suggerit
1907 1168 2137 1224 solertis
2165 1171 2469 1241 ingenium
2503 1173 2785 1228 caritatis.

183 1258 309 1312 Haec
345 1263 479 1312 sunt
508 1272 732 1313 arcana
764 1263 963 1312 vestra
994 1273 1006 1322 ;
1042 1256 1115 1311 de
1132 1257 1354 1329 quibus
1394 1271 1463 1310 eo
1496 1257 1733 1327 parcius
1750 1257 1945 1312 dicere
1976 1259 2270 1329 cogimur,
2302 1261 2466 1331 quod
2486 1260 2693 1317 talium
2720 1262 2925 1317 notitia
2950 1276 3073 1317 non
3099 1262 3210 1317 nisi
3226 1263 3386 1318 tenui
3419 1263 3499 1319 ad

122 1362 211 1401 nos
236 1353 487 1401 externos
514 1345 700 1401 odore
728 1346 1103 1417 transspirat.
1141 1344 1241 1401 Illa
1272 1345 1392 1400 iam
1426 1347 1764 1416 percutiunt
1795 1362 2007 1401 sensus
2039 1348 2329 1418 apertius.
2360 1352 2463 1404 Per
2505 1365 2610 1404 vos
2640 1349 2799 1405 illata
2828 1350 3005 1406 hodie
3040 1350 3288 1406 urbibus
3318 1353 3502 1407 eremi

123 1434 378 1499 sanctitas,
414 1441 494 1501 ut,
526 1451 665 1490 cum
698 1435 908 1507 primis
931 1435 1299 1492 Christianae
1326 1434 1651 1488 memoriae
1678 1435 1929 1489 saeculis
1956 1436 2239 1491 ecclesiae
2267 1454 2335 1491 ac
2363 1438 2498 1493 cleri
2534 1438 2864 1509 angelicam
2894 1440 3395 1495 anachoretarum
3421 1441 3502 1497 vi-

121 1530 217 1579 tam
240 1540 346 1580 non
376 1524 546 1580 aliter
573 1540 762 1595 quam
802 1524 1001 1580 famae
1028 1523 1360 1595 longinqua
1406 1523 1708 1577 narrantis
1747 1523 1969 1579 indicio
2018 1531 2462 1596 cognoscerent,
2506 1527 2823 1599 mariaque
2853 1543 2924 1583 ac
2957 1527 3080 1584 lata
3114 1533 3405 1585 terrarum
3437 1544 3499 1585 se

122 1612 396 1668 obiicerent
423 1613 623 1684 spatia
654 1618 918 1684 spectare
948 1613 1111 1669 illam
1136 1612 1507 1685 optantibus,
1542 1611 1771 1667 meliori
1800 1612 1921 1668 iam
1953 1618 2107 1669 sorte
2135 1615 2356 1669 nostris
2387 1614 2748 1671 felicioribus
2793 1622 3094 1673 reservata
3124 1618 3498 1691 temporibus

120 1702 291 1757 Nitrias
310 1706 363 1758 et
380 1702 713 1758 Thebaides
735 1717 855 1758 non
879 1703 1062 1759 modo
1084 1702 1238 1758 intra
1261 1700 1693 1764 Continentem,
1718 1702 1863 1757 citra
1890 1717 2075 1769 mare,
2102 1702 2208 1756 sed
2235 1701 2295 1756 in
2320 1702 2705 1769 suburbanis,
2734 1704 2835 1759 sed
2860 1704 3015 1761 intra
3036 1705 3167 1776 ipsa
3190 1706 3497 1763 civitatum

125 1788 470 1861 frequentium
494 1792 742 1848 moenia
765 1792 1081 1848 videamus
1109 1791 1208 1863 (2),
1236 1789 1680 1862 opportunitate
1704 1805 1825 1845 non
1856 1790 1933 1846 ad
1958 1789 2278 1862 spectaculi
2310 1791 2505 1861 magis
2532 1792 2854 1848 novitatem
2905 1794 2915 1863 |
2970 1793 3270 1866 expetibili
3291 1799 3397 1851 aut
3420 1795 3500 1852 ad

122 1878 532 1946 iucunditatem,
576 1896 763 1953 quam
801 1881 896 1936 vel
935 1880 1232 1953 imprimis
1272 1878 1351 1936 ad
1389 1880 1575 1953 animi
1615 1879 1872 1935 fructum
1912 1885 1968 1935 et
2007 1894 2244 1935 morum
2285 1880 2344 1934 in
2384 1880 2752 1935 intuentibus
2789 1882 3275 1939 emendationem
3315 1898 3502 1956 quae-

126 1973 309 2024 stuosa.

181 2057 368 2122 Quidni
390 2057 505 2115 hoc
535 2063 817 2131 putemus
848 2062 1011 2114 tanto
1032 2063 1167 2114 ante
1193 2058 1567 2131 praedictum
1592 2057 1670 2113 ab
1703 2058 1855 2114 Isaia
1879 2056 2071 2112 verbis
2099 2056 2212 2111 illis
2239 2074 2253 2113 :
2280 2058 2625 2114 Laetabitur
2645 2058 2877 2116 deserta
2900 2064 2955 2117 et
2980 2060 3165 2126 invia,
3195 2066 3250 2118 et
3270 2062 3501 2119 exulta-

129 2146 189 2199 bit
204 2148 528 2217 solitudo,et
541 2148 778 2218 ﬂorebit
792 2148 965 2221 quasi
992 2148 1185 2203 lilium
1201 2149 1321 2219 (3)?
1351 2148 1774 2218 Attemperavit
1789 2162 1850 2201 se
1874 2145 2153 2201 videlicet
2186 2146 2481 2205 industria
2516 2148 2773 2204 caritatis
2794 2148 3098 2205 humanae
3120 2150 3500 2219 debilitati,et

129 2234 330 2293 velutue
342 2254 483 2293 suus
500 2236 796 2309 squallor,
818 2236 1043 2293 larvam
1070 2237 1264 2292 virtuti
1282 2236 1629 2292 horribilem
1649 2236 1923 2301 induens,
1944 2235 2099 2291 odiis
2119 2251 2254 2292 eam
2284 2236 2757 2307 imprudentium
2792 2238 3094 2306 obiiceret,
3112 2240 3301 2308 spinis
3318 2254 3501 2311 quae-

128 2327 236 2380 dam
262 2328 373 2382 suis
398 2327 607 2382 insivit
630 2327 759 2382 tilia
785 2349 803 2396 ,-
828 2326 1096 2382 ﬂoridior
1122 2341 1413 2397 apparere
1437 2325 1715 2381 sustinuit
1741 2342 1754 2391 ;
1781 2328 1839 2380 et
1864 2325 2269 2380 austeritatem
2298 2324 2459 2380 intus
2487 2326 2819 2383 recondens
2846 2342 3020 2383 suam
3048 2328 3358 2383 tectorium
3384 2327 3499 2384 sibi

132 2412 469 2472 circumdedit
493 2416 815 2471 amoenius
840 2432 852 2481 ;
878 2414 1021 2471 nihil
1052 2415 1163 2470 sibi
1186 2414 1429 2486 quidem
1462 2414 1780 2483 indulgens
1805 2420 1905 2470 aut
1926 2413 2200 2469 relaxans
2223 2414 2468 2470 intimae
2485 2415 2842 2488 asperitatis,
2868 2422 2928 2472 at
2949 2415 3009 2472 in
3027 2417 3283 2487 gratiam
3308 2421 3363 2473 et
3391 2416 3500 2473 uti-

132 2500 307 2559 litatem
332 2505 694 2561 intuentium
721 2504 1085 2560 eminentem
1105 2504 1362 2559 exterius
1392 2504 1701 2559 horrorem
1725 2503 1857 2574 piae
1884 2501 2201 2558 cuiusdam
2231 2504 2577 2574 aspersione
2606 2505 2916 2561 suavitatis
2943 2505 3275 2572 emolliens,
3306 2520 3380 2561 ne
3406 2506 3497 2562 in—

134 2590 253 2647 firmi
278 2599 509 2665 aspectu
550 2594 747 2665 primo
774 2593 954 2649 territi
982 2598 1405 2660 averterentur,
1438 2608 1590 2664 quos
1621 2592 1774 2647 allici
1807 2591 1884 2647 ad
1913 2592 2140 2646 bonum
2172 2592 2433 2663 expedit.

182 2680 611 2751 Egrediebatur,
634 2684 720 2739 ait
746 2682 1119 2752 Evangelista
1140 2684 1387 2747 Marcus,
1408 2682 1488 2737 ad
1505 2683 1787 2737 Ioannem
1810 2678 2189 2753 [Baptistam]
2215 2683 2403 2736 omnis
2424 2680 2685 2739 Iudaeae
2710 2684 2871 2753 regio
2906 2688 2959 2739 et
3000 2683 3501 2754 Hierosolymitae

133 2770 1806 2843 universi(4).Tolosanispervoslucriﬁtegrediendilabor,
1842 2775 1902 2824 ut
1928 2769 2262 2841 proficiant.
2284 2770 2682 2827 Habentintra
2708 2775 2937 2843 portas,
2970 2773 3129 2829 unde
3161 2774 3238 2828 ad
3280 2774 3503 2830 sancti-

136 2858 349 2915 moniam
374 2861 702 2917 initientur.
737 2862 935 2916 Vestra
960 2859 1074 2915 illis
1108 2875 1168 2915 se
1199 2860 1487 2915 obiiciens
1520 2859 1794 2915 Cartusia
1822 2874 2065 2913 scenam
2095 2866 2287 2929 aperit
2316 2858 2631 2915 coelestem
2661 2877 2675 2915 :
2701 2860 3084 2931 vestibulum,
3117 2862 3287 2927 atria,
3322 2863 3503 2933 porti-

136 2959 227 3011 cus,
259 2951 414 3019 muri,
457 2954 689 3021 postes,
741 2964 841 3005 aer
879 2951 1003 3021 ipse
1052 2948 1401 3021 paradisum
1442 2949 1695 3020 spirans,
1738 2946 2136 3002 claustrorum
2184 2953 2554 3020 prospectus,
2596 2952 2653 3004 et
2693 2949 2751 3003 in
2789 2949 3091 3021 quadrum
3132 2949 3344 3019 digesti
3385 2950 3500 3007 late

135 3034 637 3095 circumiacentium
693 3037 932 3093 ordines
962 3037 1268 3098 cellarum,
1315 3053 1467 3109 quas
1501 3036 1707 3091 videns
1756 3035 1969 3091 merito
2004 3035 2296 3091 exclamet
2344 3052 2483 3092 cum
2516 3037 2696 3092 Iacob
2727 3038 3067 3094 Patriarcha
3095 3054 3109 3093 :
3145 3038 3363 3095 Castra
3393 3038 3502 3096 Dei

134 3125 372 3184 sunthaec
383 3129 477 3199 (5),
494 3133 706 3183 castra
731 3128 932 3199 utique
949 3128 1268 3192 Cartusiae,
1286 3141 1476 3182 novae
1492 3125 1856 3182 Sulamitidis
1871 3129 1925 3181 et
1948 3124 2160 3180 Christi
2176 3140 2456 3196 sponsae,
2474 3129 2539 3181 ut
2553 3132 2885 3183 castrorum
2900 3127 3055 3183 acies
3069 3126 3381 3184 ordinatae
3395 3128 3496 3200 (6).

136 3212 365 3286 Equibus
412 3234 551 3274 cum
591 3217 757 3272 statis
810 3216 972 3272 horis
1004 3216 1325 3288 procedere
1355 3219 1680 3271 cernuntur
1718 3220 1954 3270 ascetae
2012 3214 2184 3269 vestri
2217 3213 2315 3270 illa
2367 3213 2561 3270 fronte
2612 3214 2814 3271 adhuc
2863 3232 2900 3271 a
2930 3216 3146 3271 recenti
3201 3231 3342 3271 cum
3376 3219 3494 3272 Deo

133 3316 396 3372 congressu
450 3306 743 3377 fulgente,
801 3304 916 3360 illis
970 3304 1158 3360 oculis
1210 3304 1407 3361 adhuc
1461 3304 1656 3359 uvidis
1713 3320 1745 3359 e
1796 3302 2319 3373 contemplationis
2373 3319 2632 3359 arcanae
2686 3304 2850 3371 ﬂetu,
2908 3303 3007 3361 illa
3056 3305 3494 3376 compositione

135 3403 251 3458 quae
276 3394 504 3464 angelos
526 3394 768 3458 referat,
796 3398 980 3450 totam
1011 3395 1425 3457 Antoniorum,
1455 3392 1817 3448 Hilarionum
1835 3396 1895 3447 et
1925 3392 2249 3448 Paulorum
2272 3407 2304 3447 e
2329 3392 2627 3464 speluncis
2649 3393 2710 3449 in
2732 3398 3007 3466 apertum
3033 3394 3111 3450 ad
3139 3394 3239 3448 Dei
3254 3394 3497 3450 laudem

135 3480 495 3545 prodeuntium
522 3482 816 3539 exhibent
840 3484 1120 3554 speciem,
1164 3483 1273 3537 nisi
1306 3482 1469 3553 quod
1502 3481 1745 3537 admota
1774 3481 2011 3553 penitus
2039 3482 2156 3537 cuti
2206 3481 2417 3548 cilicia,
2446 3498 2603 3553 quae
2630 3482 2710 3538 illi
2743 3483 3177 3550 monstrabant,
3202 3483 3500 3540 candidae

139 3566 331 3625 obtentu
359 3574 529 3628 vestis
559 3571 968 3628 abscondunt.
995 3571 1201 3628 Merito
1231 3571 1372 3627 tales
1393 3571 1688 3627 Tolosana
1720 3570 1928 3625 civitas
1956 3571 2185 3625 censuit
2214 3586 2343 3626 esse
2374 3571 2505 3627 illos
2538 3572 2745 3643 vigiles
2768 3573 3037 3629 custodes
3067 3588 3375 3629 murorum
3399 3572 3502 3645 qui

143 3660 729 3719 custodiuntcivitatem
745 3661 803 3715 in
820 3660 1137 3731 Scripturis
1159 3666 1521 3716 memoratos
1536 3661 1632 3730 (‘7),
1660 3661 1805 3715 dum
1823 3661 2279 3729 magistratuum
2296 3676 2366 3715 ac
2381 3660 2585 3731 pOpuli
2613 3660 2961 3731 plenissimo
2992 3666 3050 3717 et
3077 3660 3499 3718 liberalissimo

144 3758 402 3815 consensu,
424 3768 607 3823 quem
625 3753 876 3807 Senatus
898 3749 1114 3805 deinde
1136 3750 1456 3805 auctoritas
1478 3748 1912 3820 comprobavit,
1938 3748 2175 3803 extendi
2196 3748 2361 3804 iussit
2383 3755 2617 3819 septum
2636 3749 2965 3805 Tolosanae
2986 3749 3287 3806 Cartusiae
3312 3764 3501 3820 usque

140 3832 195 3886 ad
218 3851 391 3893 muros
422 3840 607 3903 urbis,
643 3844 699 3895 et
727 3838 1228 3910 comprehensam
1254 3854 1324 3893 eo
1357 3838 1547 3909 spatio
1578 3838 1883 3893 moenium
1913 3842 2143 3907 partem
2177 3852 2246 3891 ac
2279 3842 2468 3891 turres
2498 3844 2725 3893 vestrae
2752 3836 2888 3893 ﬁdei
2919 3838 3233 3906 commisit,
3269 3838 3503 3909 sapien-

164 3924 171 3989 Ι
197 3928 261 3977 ter
273 3932 556 3999 reputans,
575 3927 809 3984 nullum
826 3943 954 3983 esse
980 3928 1057 3983 ad
1073 3927 1325 3983 tuendas
1339 3926 1517 3982 urbes
1534 3927 1821 3981 munitius
1834 3925 2135 3995 Religione
2152 3924 2697 3997 propugnaculum.
2714 3926 3097 3981 Meminerant
3119 3926 3265 3997 quid
3282 3928 3504 3980 Romae

147 4014 426 4083 contigisset
440 4033 475 4073 a
494 4017 679 4086 Vitige
693 4030 829 4085 rege
847 4015 1172 4071 Gothorum
1191 4016 1500 4083 obsessae,
1523 4030 1710 4084 quam
1738 4030 1925 4087 quum
1960 4028 2354 4085 propugnans
2372 4012 2713 4079 Belisarius,
2747 4020 2981 4086 partem
3017 4014 3169 4069 muri
3193 4018 3433 4085 ruptam
3451 4018 3509 4068 et

147 4100 408 4160 insultibus
438 4122 631 4177 paene
668 4109 971 4177 patentem
1012 4106 1346 4160 instaurare
1377 4121 1447 4161 ac
1482 4105 1713 4159 munire
1755 4104 2132 4165 decrevisset,
2170 4118 2471 4158 consensu
2503 4102 2883 4158 reclamantis
2921 4102 3128 4175 populi
3171 4100 3508 4175 prohibitus

147 4186 339 4259 abstitit,
360 4196 586 4251 civibus
619 4194 848 4267 passim
868 4193 1163 4249 universis
1177 4192 1641 4257 affirmantibus,
1665 4191 1885 4247 S.Petri
1913 4208 1976 4247 se
2006 4190 2223 4247 tutelae
2249 4190 2447 4247 locum
2474 4191 2637 4245 illum
2664 4192 3006 4256 credidisse,
3028 4196 3306 4263 certoque
3326 4190 3510 4246 conﬁ-

144 4276 275 4334 deres
288 4298 611 4355 numquam
626 4286 878 4339 Romam
895 4299 966 4339 ea
983 4288 1147 4354 parte
1162 4282 1542 4353 capiendam.
1565 4284 1673 4337 Nec
1688 4296 1825 4352 spes
1842 4279 1971 4335 illos
1998 4278 2201 4335 fefellit
2220 4296 2347 4335 sua.
2368 4281 2539 4335 Nam.
2558 4280 2773 4350 Vitiges
2792 4281 3011 4336 frustra
3032 4281 3240 4336 omnia
3261 4283 3513 4341 conatus

146 4365 323 4425 solvere
350 4372 726 4429 obsidionem
759 4377 1119 4437 estooactus,
1141 4371 1561 4443 prouthaecex
1583 4369 1820 4425 oculato
1838 4369 2179 4425 testimonio
2214 4368 2391 4424 refert
2423 4370 2525 4441 qui
2552 4384 2836 4438 praesens
2851 4369 3040 4425 adfuit
3065 4368 3505 4440 Procopius(8).

204 4455 235 4509 E
258 4458 378 4515 Tuis
406 4462 482 4517 ad
514 4464 590 4517 Te
612 4476 773 4517 nunc
798 4466 1073 4531 revertor,
1108 4458 2032 4529 venerabilissimepater.Spissa
2056 4464 2112 4513 et
2130 4456 2441 4529 multiplex
2462 4473 2720 4529 persona
2741 4457 2906 4512 vobis
2919 4458 3325 4513 Cartusiarum
3349 4472 3516 4528 prae-

154 4547 317 4611 positis
344 4550 684 4622 imponitur,
719 4567 790 4606 ex
820 4550 1043 4606 intimis
1069 4549 1570 4621 profundissimae
1588 4548 1783 4619 adytis
1810 4563 2082 4602 asceseos
2096 4546 2252 4602 exire
2273 4547 2380 4601 isto
2398 4546 2652 4602 subinde
2683 4546 2879 4602 ofﬁcio
2907 4547 3128 4602 coactis
3156 4546 3213 4600 in
3233 4550 3518 4601 tractatus

153 4646 255 4688 cum
276 4639 604 4707 proceribus
625 4643 683 4694 et
702 4637 927 4711 populo
946 4638 1342 4711 promiscuos,
1368 4638 1428 4693 in
1451 4636 1915 4708 hospitalitatem
1944 4651 2177 4691 comem
2202 4640 2257 4690 et
2277 4635 2590 4702 mundam,
2616 4639 2673 4689 in
2700 4650 3007 4691 sermones
3028 4633 3518 4690 accommodatas

156 4721 759 4783 audientibusstatusac
790 4726 1324 4798 generiscuiusvis.
1347 4725 1611 4782 Pauciad
1629 4724 1883 4780 fundum
1904 4729 2235 4795 penetrant,
2264 4729 2497 4795 quanta
2514 4724 2603 4779 vis
2637 4726 2708 4779 sit
2734 4723 2893 4778 illius
2925 4723 3083 4778 Pauli
3112 4722 3363 4794 apostoli
3385 4736 3515 4776 sen-

156 4811 326 4869 tentiae
340 4832 352 4868 :
368 4814 641 4872 Omnibus
660 4816 860 4872 omnia
875 4816 1078 4884 factus
1101 4832 1253 4882 sum,
1276 4822 1337 4870 ut
1354 4830 1551 4870 omnes
1571 4814 1830 4873 facerem
1848 4814 2046 4869 salvos
2062 4813 2163 4884 (9).
2189 4814 2376 4878 Quam
2394 4812 2617 4878 vivida,
2640 4812 2913 4884 inquam,
2944 4816 2998 4866 et
3016 4810 3403 4866 scintillanter
3417 4810 3523 4863 mi-

159 4900 278 4953 canti
305 4906 505 4960 mentis
518 4920 590 4960 ex
601 4909 899 4975 perrectae
913 4903 1278 4975 praestantia
1296 4919 1449 4975 opus
1464 4902 1753 4975 Apostolo
1768 4901 2039 4972 gentium
2056 4901 2253 4967 fuerit,
2272 4908 2331 4957 ut
2354 4902 2432 4957 ab
2460 4900 2693 4966 ecstasi,
2709 4916 2832 4973 qua
2849 4905 3054 4972 raptus
3072 4899 3148 4955 ad
3172 4897 3523 4971 paradisum

160 4997 336 5046 arcana
360 4992 681 5050 ineﬂabilia
704 4992 996 5057 audierat,
1026 4992 1105 5048 ad
1129 4991 1386 5048 facunde
1415 4992 1824 5063 perorandum
1848 4989 1907 5045 in
1932 4991 2131 5045 medio
2154 4992 2485 5061 AreOpago,
2518 4989 2597 5045 ad
2630 4988 2862 5060 prolixe
2886 4987 3301 5043 disserendum
3321 4999 3524 5041 coram

158 5071 287 5132 Festo
307 5082 583 5150 praeside,
612 5097 750 5153 rege
774 5082 1035 5154 Agrippa
1068 5087 1123 5137 et
1144 5082 1350 5151 regina
1378 5082 1669 5149 Berenice,
1703 5080 1781 5137 ad
1807 5079 2035 5136 urbane
2065 5078 2555 5135 conversandum
2582 5094 2723 5134 cum
2748 5077 2954 5148 Sergio
2976 5076 3159 5133 Paulo
3188 5074 3364 5148 Cypri
3388 5087 3527 5145 pro-

1694 5255 1953 5315 NOTAE.

223 5422 287 5489 (2)
314 5427 483 5492 Corr.,
510 5428 736 5485 Possin.
769 5426 1051 5485 videmus.
1084 5428 1310 5483 EDITOR.
1951 5428 2000 5494 (‘7
2058 5426 2221 5481 Cant.
2258 5426 2320 5492 V,
2352 5429 2405 5480 7.
3443 5492 3453 5501 _

227 5496 292 5567 (3)
318 5499 443 5552 Isai.
476 5500 671 5567 XXXV,
706 5505 758 5555 1.
1950 5426 2026 5567 (εξ
2059 5496 2284 5551 Gothic.
2322 5496 2424 5551 lib.
2458 5493 2479 5548 I
2510 5510 2644 5567 cap.
2676 5497 2764 5559 33,
2798 5492 2893 5549 ed.
2927 5494 3067 5565 Reg.
3118 5508 3178 5565 p.
3224 5494 3325 5549 368
3360 5507 3374 5557 ;
3418 5490 3453 5547 ll

227 5496 292 5633 (δὲ
318 5499 443 5552 Isai.
465 5490 671 5570 'xxxv,
706 5505 758 5555 l.

228 5562 283 5639 (si,
318 5569 468 5625 Marc.
498 5573 536 5635 l,
569 5574 621 5625 5.

1950 5490 2026 5567 (8)
2059 5496 2284 5551 Gothic.
2308 5490 2424 5551 lib.
2458 5493 2479 5548 I
2510 5510 2644 5567 cap.
2676 5497 2764 5559 33,
2798 5492 2893 5549 ed.
2927 5494 3067 5565 Reg.
3118 5508 3178 5565 p.
3224 5494 3325 5549 368
3360 5507 3374 5557 ;
3418 5490 3526 5552 lib.

1912 5571 2088 5639 lcap.
2127 5572 2159 5621 2
2188 5583 2244 5638 p.
2276 5569 2399 5639 410.
2538 5636 2584 5639 η
2628 5637 2649 5639 ῃ
2926 5638 2933 5639 ί

246 5562 289 5633 4)
318 5569 468 5625 Marc.
498 5573 536 5635 ι,
569 5574 621 5625 5.
657 5562 669 5570 '
1876 5568 1916 5622 Il
1948 5562 2088 5639 éa'p.
2127 5572 2159 5621 2
2188 5583 2244 5638 p.
2276 5569 2399 5622 Ino.
2584 5562 2601 5567 “

322 5639 676 5779 (ἐξ.ἒὶ
705 5645 757 5698 2.
1950 5639 2027 5711 (9)
2061 5638 2082 5694 Ι
2114 5638 2249 5695 Cor.
2294 5638 2383 5715 IX,
2413 5640 2501 5694 22.
2537 5636 2585 5695 ΙΙ
2614 5637 2741 5696 Cor.
2774 5636 2884 5706 XII,
2912 5638 2964 5693 4.

463 5752 477 5768 I
521 5750 595 5781 VI,
623 5750 675 5769 υ.
