4078 6194
604 297 713 353 327
1750 290 1957 350 PETRI
1999 290 2285 349 POSSINI
2327 288 2870 351 PROLEGOMENA
3857 301 3940 356 328

600 422 869 487 consule,
895 421 1157 494 denique
1188 420 1264 476 ad
1287 420 1653 476 familiariter
1673 419 1970 490 simulque
1996 418 2212 474 utiliter
2239 418 2541 488 agendum
2558 417 2842 489 Philippis
2875 433 3010 472 cum
3047 417 3234 489 Lydia
3266 419 3636 490 purpuraria,
3658 421 3816 478 lconii
3835 439 3947 479 cum

598 511 815 566 Thecla
846 511 1094 580 virgine,
1129 509 1382 581 aliisque
1405 509 1551 564 alias
1575 509 1900 564 innumeris
1923 508 2058 579 (10).
2087 508 2176 563 Sic
2207 523 2506 578 nusquam
2532 507 2889 562 Iuculentius
2909 507 3173 578 quamin
3203 508 3278 561 Te
3297 513 3564 578 apparet,
3584 509 3728 580 quod
3743 512 3948 581 quidam

599 604 862 655 veterum
885 599 1105 664 aiebat,
1134 598 1536 670 eloquentiam
1563 597 1777 652 silentii
1804 597 2030 668 prolem
2054 611 2206 661 esse,
2230 601 2285 650 et
2307 595 2612 651 neminem
2637 595 2801 666 loqui
2831 595 3069 650 uberius
3095 599 3153 650 et
3173 595 3431 661 dulcius,
3455 613 3632 668 quam
3657 600 3747 670 qui
3771 599 3856 653 diu
3879 617 3946 654 re-

593 687 972 756 ligiosissime
996 688 1275 752 tacuerit;
1304 686 1471 751 dum,
1498 693 1559 740 ut
1581 687 1913 740 Bernardus
1941 701 2008 740 ex
2039 685 2252 740 umbra
2272 688 2329 740 et
2351 699 2591 739 secessu
2613 683 2916 747 silvarum,
2943 685 3026 739 ita
3046 685 3129 738 Tu
3156 700 3186 739 e
3210 686 3582 741 severissima
3603 687 3811 741 claustri
3834 691 3939 744 taci-

595 777 891 840 turnitate,
925 776 1095 848 quasi
1129 792 1158 830 e
1190 775 1395 831 schola
1416 776 1721 832 rhetorum
1747 774 2032 846 prodiens
2061 773 2307 838 audiris,
2336 774 2832 845 quotiescumque
2862 773 3233 845 loquendum
3261 781 3366 838 est,
3400 774 3707 830 melliﬂuus
3729 782 3910 832 orator.

668 894 730 945 In
770 891 969 946 locum
1012 907 1106 946 me
1173 892 1494 963 ancipitem
1536 890 1894 962 propulsum
1939 891 2150 956 sentio,
2194 889 2293 943 ubi
2333 889 2701 960 praedicare,
2743 888 2906 960 quod
2965 888 3112 943 haec
3153 889 3362 944 civitas
3417 890 3682 945 universa
3718 892 3867 945 sentit
3898 898 3939 945 et

591 980 872 1052 loquitur,
905 980 1226 1050 prohibeor
1256 980 1588 1035 modestiae
1617 981 1774 1034 Tuae
1805 984 2099 1051 respectu,
2130 993 2317 1050 quam
2345 993 2591 1032 suarum
2623 977 2968 1032 obtrusione
2999 976 3253 1032 laudum
3280 977 3401 1033 scio
3423 984 3707 1049 quantum
3733 979 3946 1035 offende-

591 1086 736 1124 rem.
766 1071 901 1124 Utar
931 1085 1072 1137 ergo
1097 1069 1316 1124 astutia
1340 1070 1500 1124 Pauli
1533 1067 1803 1140 apostoli,
1833 1067 2153 1123 artiﬁcium
2181 1083 2356 1121 suum
2384 1066 2696 1138 quoddam
2748 1066 2756 1136 |
2812 1065 2923 1120 tale
2956 1065 3107 1120 adeo
3137 1081 3256 1121 non
3279 1066 3724 1132 dissimulantis,
3752 1074 3806 1122 ut
3827 1069 3947 1123 ultro

593 1157 936 1228 prodiderit,
952 1157 1198 1228 quando
1214 1156 1649 1213 aitCorinthiis:
1672 1157 1819 1213 Cum
1834 1172 2012 1213 essem
2028 1162 2281 1220 astutus,
2301 1156 2435 1211 dolo
2451 1171 2548 1210 vos
2571 1156 2698 1223 cepi
2715 1155 2755 1224 (t
2775 1156 2844 1225 1).
2868 1158 3089 1225 Nempe
3117 1155 3272 1209 idem
3293 1156 3604 1210 Corinthiis
3635 1157 3823 1211 iisdem
3836 1157 3948 1211 alibi

591 1246 916 1317 proﬁtetur,
934 1262 996 1299 se
1015 1246 1338 1317 quaedam,
1358 1261 1513 1317 quae
1540 1247 1612 1300 de
1631 1246 1795 1317 ipsis,
1816 1245 2210 1300 olfensionem
2227 1259 2433 1300 eorum
2458 1249 2748 1306 metuens,
2774 1243 3078 1298 declarare
3103 1244 3439 1309 verebatur,
3469 1246 3890 1316 transﬁgurasse
3907 1247 3952 1300 in

588 1351 647 1390 se
670 1342 724 1390 et
744 1352 921 1390 suum
948 1335 1005 1389 in
1036 1335 1475 1404 praedicatione
1499 1335 1576 1389 ad
1600 1335 1765 1404 ipsos
1789 1336 2016 1389 socium
2043 1334 2132 1389 vel
2161 1335 2581 1389 atlministrum
2603 1333 2836 1402 Apollo,
2859 1341 3104 1402 propter
3128 1335 3282 1401 ipsos
3313 1337 3448 1403 (1'2),
3476 1340 3537 1388 ut
3555 1336 3754 1404 pudori
3779 1335 3953 1388 scilicet

591 1423 863 1492 ipsorum
899 1427 1185 1492 parceret.
1221 1424 1314 1478 Sic
1344 1429 1397 1477 et
1430 1438 1541 1490 ego
1574 1423 1631 1477 in
1665 1423 1792 1477 aliis
1827 1424 2097 1491 personis
2123 1424 2246 1476 Tua
2276 1422 2493 1477 decora
2526 1422 2915 1487 constituens,
2950 1423 3128 1476 simul
3159 1422 3634 1478 erubescentiam
3663 1423 3776 1478 Tibi
3802 1423 3953 1477 Tuam

589 1510 977 1580 lucrifaciam,
1010 1511 1187 1566 simul
1213 1517 1413 1566 tamen
1445 1511 1644 1566 ofﬁcio
1676 1527 1811 1566 meo
1847 1527 1968 1566 non
1999 1510 2177 1565 deero
2212 1510 2616 1580 signiﬁcandi,
2649 1526 2805 1582 quae
2835 1526 3013 1564 nosse
3049 1510 3373 1566 multorum
3406 1512 3663 1566 interest.

661 1629 738 1682 De
774 1628 982 1695 Magno
1011 1627 1262 1681 Antonio
1295 1628 1349 1682 S.
1383 1627 1742 1682 Athanasius
1765 1626 1988 1690 scribit,
2020 1626 2202 1680 fuisse
2228 1625 2392 1680 illum
2416 1627 2496 1681 ita
2524 1625 2584 1680 in
2611 1640 2937 1695 congressu
2969 1631 3023 1680 et
3045 1641 3321 1680 sermone
3337 1642 3475 1681 cum
3509 1628 3672 1682 omni
3692 1626 3956 1682 hominum

591 1731 806 1785 genere
830 1714 1163 1770 humanum
1193 1722 1247 1770 et
1273 1731 1543 1780 suavem,
1576 1720 1635 1770 ut
1667 1731 1787 1770 non
1820 1731 1849 1769 e
1875 1715 2122 1770 desertis
2153 1715 2476 1778 montibus,
2507 1714 2606 1768 ubi
2629 1730 2872 1768 omnem
2901 1719 3157 1769 aetatem
3191 1714 3490 1770 solitarius
3523 1720 3804 1784 exegerat,
3827 1714 3911 1768 sed
3933 1729 3954 1766 e

591 1805 728 1858 sinu
760 1804 1059 1858 cultarum
1089 1803 1324 1858 urbium
1356 1805 1592 1875 prodire
1623 1804 1942 1858 videretur.
1971 1803 2166 1858 Verba
2196 1804 2325 1875 ipsa
2355 1819 2578 1874 ponam
2612 1803 2941 1866 Athanasii,
2976 1819 3048 1858 ne
3075 1807 3210 1874 quis
3250 1820 3284 1858 a
3317 1819 3412 1859 me
3442 1803 3586 1874 ﬁngi
3618 1805 3946 1874 suspicetur:

596 1893 702 1964 οὐχ
755 1896 817 1952 ὡς
866 1893 915 1943 ἐν
961 1897 1065 1964 ὄρει
1099 1897 1327 1965 τραφεὶς,
1384 1891 1534 1944 κάκεῖ
1577 1897 1735 1964 γέρων
1792 1898 2079 1965 γενόμενος,
2125 1894 2308 1964 ἄγριον
2364 1893 2476 1962 εἶχε
2538 1895 2594 1943 τὸ
2653 1888 2773 1951 ἦθος
2806 1912 2817 1925 ·
2853 1892 2980 1943 ἀλλὰ
3027 1897 3116 1944 καὶ
3167 1897 3376 1966 χαρίεις
3438 1889 3498 1950 ἦν
3551 1899 3639 1945 καὶ
3695 1893 3956 1950 πολετικὸς¹

589 1987 676 2035 τὸν
710 1981 768 2035 δὲ
796 1983 945 2053 λόγον
987 1982 1125 2054 εἶχεν
1157 1984 1439 2055 ἠρτυμένον
1464 1993 1536 2054 τῷ
1571 1986 1688 2054 Θείῳ
1719 1983 1890 2047 ἅλατι,
1923 1984 2036 2038 hoc
2063 1990 2154 2038 est
2185 2000 2196 2036 :

2379 1987 2443 2037 ut
2471 1982 2533 2037 in
2561 1986 2753 2036 monte
2779 1982 3042 2036 nutritus
3070 1986 3123 2037 et
3150 1982 3231 2036 ibi
3256 1997 3437 2038 senex
3461 1983 3684 2050 factus,
3717 1985 3958 2050 agrestem

591 2074 797 2129 habuit
817 2088 923 2128 con
932 2075 1338 2135 versationem,
1356 2073 1457 2128 sed
1469 2075 1666 2128 suavis
1683 2077 1809 2129 erat
1825 2079 1876 2128 et
1894 2073 2110 2135 civilis,
2127 2087 2449 2128 sermonem
2470 2077 2665 2126 autem
2686 2070 2935 2126 habebat
2952 2071 3153 2125 divino
3167 2072 3290 2126 sale
3313 2071 3634 2127 conditum.
3657 2071 3800 2126 Haec
3813 2070 3962 2126 Allia-

588 2163 817 2226 nasius,
841 2163 942 2232 qui
967 2161 1235 2216 eiusdem
1260 2161 1402 2215 alibi
1425 2161 1664 2215 Antonii
1688 2161 2064 2233 eloquentiae
2085 2160 2416 2230 specimina
2438 2160 2657 2231 profert
2675 2159 2955 2229 insignia,
2981 2159 3194 2229 longas
3221 2160 3427 2231 ipsius,
3452 2161 3634 2215 etiam
3659 2160 3728 2214 ad
3757 2157 3961 2228 gentiles

588 2251 1002 2322 philosOphos,
1033 2249 1333 2304 orationes
1365 2250 1640 2314 recitans,
1673 2250 1893 2320 quibus
1920 2251 1977 2303 in
2001 2249 2460 2304 admirationem
2496 2248 2576 2303 illi
2605 2255 2973 2320 raperentur.
3003 2249 3240 2303 Antonii
3268 2265 3504 2321 quoque
3535 2248 3849 2319 discipulus
3870 2246 3960 2300 Ma.

587 2341 781 2396 carius
811 2346 1211 2407 cognomento
1241 2338 1699 2403 Alexandrinus,
1726 2339 1830 2393 etsi
1863 2340 2043 2394 vitam
2066 2345 2122 2393 et
2143 2339 2270 2409 ipse
2298 2339 2354 2392 in
2377 2337 2610 2392 deserto
2632 2338 2872 2406 longam
2900 2340 3175 2403 duxerat,
3208 2343 3427 2404 tamen,
3457 2345 3516 2393 ut
3540 2341 3881 2395 Sozomenus
3904 2341 3962 2388 te-

591 2435 778 2483 statur
805 2429 942 2497 (13),
977 2443 1110 2481 eam
1136 2426 1403 2480 exhibuit
1433 2427 1492 2480 in
1527 2428 1869 2496 promiscuo
1901 2443 2037 2482 cum
2069 2428 2232 2482 illum
2266 2427 2628 2482 adeuntibus
2665 2443 2776 2480 usu
2809 2442 3043 2482 morum
3076 2433 3130 2482 et
3159 2444 3508 2482 sermonum
3539 2426 3957 2498 elegantiam,ut

587 2517 766 2586 vulgo
792 2517 1317 2585 cognominaretur
1348 2512 1526 2579 ἀστός,
1562 2515 1674 2569 hoc
1705 2521 1791 2570 est
1819 2516 2084 2571 urbanus
2117 2523 2172 2570 et
2199 2516 2409 2571 civilis.
2435 2515 2634 2571 Talem
2657 2514 2733 2568 Te
2759 2515 2981 2584 passim
3012 2515 3385 2583 gratulantur
3409 2515 3792 2579 admirantes,
3821 2513 3906 2583 qui
3928 2527 3950 2564 e

585 2619 910 2672 congressu
935 2607 1056 2658 Tuo
1071 2603 1338 2667 redeunt,
1366 2602 1589 2657 simule
1612 2604 1928 2674 prudentia
1943 2605 2350 2672 consiliorum,
2375 2605 2706 2674 egravitate
2730 2603 3235 2666 admonitionum,
3261 2606 3736 2660 esententiarum
3759 2601 3950 2672 sapien-

587 2693 670 2748 tia
695 2693 952 2747 fructum
985 2692 1171 2746 animi
1205 2708 1564 2747 mansurum
1605 2692 1663 2746 in
1696 2693 1833 2748 sinu
1863 2699 2253 2764 reportantes.

654 2801 768 2854 Nec
795 2803 993 2853 tenent
1021 2814 1100 2863 se,
1126 2798 1272 2869 quin
1301 2799 1358 2852 in
1385 2797 1597 2853 laudes
1625 2803 1832 2869 postea
1852 2805 2194 2870 erumpant.
2220 2798 2404 2863 Unde,
2435 2799 2600 2863 utﬁt,
2631 2798 2885 2866 gliscens
2909 2797 3088 2863 fama,
3113 2798 3357 2868 impleta
3379 2799 3640 2866 civitate,
3675 2800 3726 2854 in
3754 2795 3955 2870 provin-

585 2888 739 2943 ciam
767 2886 1064 2941 redundat
1092 2902 1162 2941 eo
1200 2888 1466 2958 strepitu,
1500 2887 1670 2941 cuius
1700 2889 1926 2942 sonitus
1959 2904 2030 2942 ne
2061 2889 2136 2942 ad
2169 2891 2244 2942 Te
2277 2889 2601 2958 perveniat,
2638 2888 2757 2945 ulla
2786 2888 3023 2943 claustri
3057 2904 3126 2942 ac
3160 2888 3497 2943 solitudinis
3519 2891 3754 2945 obstare
3786 2887 3954 2941 muni-

579 2983 783 3031 menta
807 2983 1047 3047 queant.
1081 2975 1208 3030 Non
1236 2974 1416 3045 igitur
1446 2978 1517 3030 Te
1548 2975 1688 3032 latet
1721 2992 1735 3040 ;
1769 2976 1876 3031 sed
1903 2993 2010 3032 nec
2044 2976 2120 3031 Te
2152 2977 2348 3042 laedit,
2380 2977 2487 3032 hoc
2517 2984 2625 3041 est,
2658 2978 2945 3033 humilem
2976 2976 3081 3031 Tui
3113 2991 3380 3042 sensum,
3435 2978 3543 3049 qui
3581 2992 3748 3033 verae
3777 2972 3956 3031 sancti-

578 3067 712 3122 tatis
741 3066 1283 3121 indubitatissimus
1304 3065 1615 3121 character
1639 3073 1744 3132 est,
1775 3067 1830 3120 in
1860 3069 1934 3121 Te
1968 3065 2086 3120 ulla
2110 3082 2180 3121 ex
2212 3072 2378 3137 parte
2406 3067 2617 3122 minuit
2645 3066 2953 3137 publicum
2980 3065 3140 3119 istud
3169 3065 3294 3120 Tibi
3324 3066 3721 3122 honoriﬁcum
3751 3078 3959 3136 praeco-

576 3155 767 3210 nium.
792 3154 918 3221 Quo
947 3154 1078 3225 plus
1101 3155 1385 3216 eveheris,
1408 3169 1478 3209 eo
1503 3156 1575 3209 Te
1595 3154 1769 3208 altius
1799 3156 1962 3225 apud
1988 3157 2061 3209 Te
2087 3170 2155 3208 co
2189 3156 2197 3224 |
2233 3170 2361 3210 ram
2388 3158 2502 3209 Deo
2524 3154 2835 3226 deprimis,
2855 3157 3064 3209 sancta
3082 3153 3201 3221 illa,
3233 3153 3613 3225 phiIOSOphis
3641 3156 3830 3226 ignota
3849 3165 3962 3222 gen-

581 3242 806 3308 tilibus,
837 3243 1011 3296 unius
1045 3243 1290 3313 propria
1317 3243 1740 3297 christianismi
1773 3242 2122 3304 humilitate,
2153 3259 2307 3313 quae
2336 3259 2636 3314 nusquam
2665 3244 2882 3298 eminet
2906 3242 3233 3313 probatior,
3266 3259 3452 3313 quam
3486 3245 3592 3299 ubi
3625 3245 3767 3299 inter
3793 3241 3965 3296 faven-

573 3331 838 3385 tissimos
874 3330 1032 3400 vulgi
1064 3330 1310 3399 plausus
1341 3337 1397 3385 et
1425 3330 1621 3385 famae
1652 3331 2029 3384 buccinantis
2060 3330 2254 3401 elogia
2284 3347 2502 3386 sonora
2530 3331 2732 3386 locum
2766 3331 3156 3385 nihilominus
3188 3347 3387 3396 suum,
3434 3332 3554 3387 hoc
3584 3337 3670 3388 est
3698 3331 3960 3388 inﬁmum,

570 3419 876 3473 mordicus
907 3418 1135 3474 retinet.
1166 3418 1389 3486 Magna
1417 3425 1470 3472 et
1498 3433 1643 3473 rara
1670 3418 1876 3481 virtus,
1905 3424 1964 3474 ut
1983 3419 2232 3474 idoneus
2255 3419 2458 3475 talium
2475 3419 2682 3489 judex,
2711 3419 2976 3474 Tuorum
3005 3419 3312 3491 exemplar
3336 3420 3724 3486 decorum,S.
3755 3421 3966 3474 Bernar-

571 3517 686 3572 dus
719 3507 1089 3577 pronunciat,
1125 3507 1434 3562 humilitas
1465 3506 1762 3563 honorata
1792 3508 1922 3578 (14).

659 3612 843 3668 Huius
874 3613 999 3668 Tibi
1031 3612 1380 3669 carissimae
1406 3614 1593 3685 pretio
1625 3613 1782 3669 dotis
1813 3613 2365 3670 commendandum
2400 3615 2561 3686 apud
2592 3617 2666 3670 Te
2693 3629 2874 3686 quem
2903 3614 3089 3670 offero
3119 3614 3338 3671 librum
3372 3621 3647 3684 autumo,
3677 3616 3737 3671 in
3768 3611 3965 3669 cunctis

577 3702 696 3757 fere
725 3703 959 3773 paginis
990 3703 1521 3759 christianissimae
1545 3718 1615 3758 ac
1647 3703 2128 3774 religiosissimae
2164 3705 2388 3759 virtutis
2414 3705 2593 3760 huius
2624 3704 2900 3759 eucomia
2929 3705 3266 3770 ambitiose,
3303 3720 3491 3776 paene
3521 3707 3786 3769 dixerim,
3820 3715 3962 3773 pero-

571 3799 830 3847 rantem.

636 3902 749 3954 Nec
785 3899 996 3959 minus,
1037 3915 1232 3970 spero,
1267 3898 1523 3969 placebit
1553 3901 1769 3955 ascetis
1803 3899 1928 3954 istis
1959 3899 2316 3955 venerandis
2347 3904 2404 3954 et
2432 3899 2646 3954 domus
2679 3899 2772 3954 hic
2804 3899 2980 3955 huius
3007 3901 3162 3954 Tuae
3195 3905 3251 3953 et
3282 3900 3548 3956 universi
3583 3901 3721 3957 alibi
3753 3896 3960 3969 uspiam

564 3989 714 4042 sacri
739 3989 911 4042 vestri
939 3988 1183 4043 ordinis.
1214 3988 1444 4042 Iuvabit
1469 3989 1630 4058 ipsos
1660 3989 1774 4042 illic
1798 3989 2244 4053 abstinentiam,
2269 4004 2453 4060 quam
2473 3989 2616 4043 orbe
2643 3990 3108 4059 obstupescente
3127 4004 3275 4042 mire
3303 3990 3656 4046 continuam
3678 3986 3958 4050 exercent;

565 4075 866 4129 silentium
881 4083 1209 4140 aeternum,
1225 4075 1548 4130 coelituum
1564 4076 1842 4146 alloquiis
1857 4077 2366 4132 confabulationes
2381 4077 2691 4132 hominum
2711 4077 3140 4148 permutatione
3153 4083 3530 4148 quaestuosa
3544 4087 3960 4150 compensaus;

563 4164 1027 4230 abnegationem
1053 4163 1462 4231 evangelicam
1481 4165 1590 4226 sui,
1615 4165 2055 4218 abdicationem
2075 4171 2460 4228 terrenorum,
2483 4165 2906 4220 adhaesiouem
2927 4165 3045 4220 Deo
3059 4167 3457 4236 superomnia
3477 4166 3841 4221 indivulsam
3858 4160 3963 4231 glu-

561 4250 682 4303 tino
699 4266 1010 4320 nunquam
1027 4249 1401 4304 intermissae
1418 4252 1580 4305 iuxta
1594 4252 2005 4319 suggestiones
2025 4253 2440 4322 apostolicas(t
2457 4255 2509 4323 5)
2529 4255 2832 4316 orationis,
2860 4261 3243 4326 caeterasque
3275 4254 3762 4326 religiosissimas
3783 4253 3958 4308 obser-

563 4339 832 4392 vationes
856 4336 1071 4407 ubique
1093 4339 1512 4408 praescriptas,
1531 4338 1920 4408 praedicatas,
1941 4340 2272 4411 praeceptis
2288 4341 2506 4411 pariter
2518 4348 2753 4396 etexem
2765 4341 2874 4412 plis
2890 4342 3730 4406 commendatas,informatas
3750 4335 3962 4396 intueri.

559 4427 706 4481 Suas
735 4442 978 4497 prorsus
1011 4427 1275 4494 ipsorum
1313 4428 1371 4480 in
1401 4427 1511 4481 hoc
1545 4426 1722 4496 quasi
1746 4427 1990 4496 speculo
2019 4427 2241 4482 formas
2268 4429 2578 4499 aspicient,
2613 4435 2667 4483 et
2692 4444 2848 4500 quae
2878 4430 3145 4486 instituto
3172 4429 3409 4486 dudum
3433 4436 3637 4488 vestro
3660 4429 3964 4487 domestico

561 4521 872 4585 usurpant,
895 4514 1086 4582 dictis,
1113 4516 1279 4580 actis,
1301 4514 1531 4583 legibus
1552 4515 2111 4583 antiquissimorum
2128 4516 2422 4572 Ecclesiae
2441 4519 2670 4573 Patrum
2686 4517 2812 4587 jam
2836 4518 2977 4574 olim
3001 4521 3256 4575 exercita
3272 4521 3796 4592 comprobataque
3820 4529 3960 4570 reco-

555 4609 843 4675 gnoscent
875 4604 1170 4675 voluptas,
1196 4610 1490 4675 quantum
1510 4618 1792 4673 auguror,
1822 4619 1941 4659 non
1969 4621 2173 4676 parva.
2207 4607 2383 4661 Cuius
2402 4608 2459 4662 in
2493 4606 2870 4676 suggerenda
2894 4623 2997 4678 per
3029 4608 3183 4663 hanc
3215 4608 3540 4664 editionem
3568 4609 3882 4665 occasione
3903 4617 3961 4657 ac

555 4693 851 4761 facultate,
885 4695 928 4747 si
963 4709 1147 4765 quam
1180 4693 1318 4747 mihi
1350 4694 1718 4762 contingeret
1745 4711 1780 4747 a
1805 4693 1880 4747 Te
1911 4702 1963 4748 et
1995 4694 2106 4748 illis
2137 4694 2281 4750 inire
2311 4697 2586 4764 gratiam,
2621 4695 2862 4750 abunde
2892 4697 3098 4767 ampla
3129 4697 3207 4751 illi
3241 4712 3470 4752 merces
3519 4697 3954 4770 rependeretur,

557 4783 656 4837 ubi
688 4798 789 4853 per
847 4785 1078 4837 Vestrae
1109 4781 1539 4846 indulgentium
1591 4780 1850 4839 caritatis
1879 4784 2332 4854 participatione
2379 4786 2648 4855 quadam
2681 4784 3021 4840 meritorum
3057 4784 3606 4858 suﬂ‘ragiorumque
3642 4789 3962 4841 Vestrorum

551 4887 916 4942 aspergerer.
942 4872 1131 4936 Quod,
1161 4870 1499 4925 multumiis
1525 4869 1819 4939 indigens,
1842 4871 1974 4926 licet
1994 4886 2111 4926 non
2129 4873 2325 4927 minus
2346 4873 2701 4940 immeritus,
2726 4879 2868 4944 opto
2895 4879 2951 4928 et
2978 4889 3189 4939 voveo,
3209 4874 3542 4931 fautissima
3578 4874 3755 4929 Vobis
3777 4869 3963 4927 omnia

550 4975 799 5031 precaris
831 4965 886 5014 et
916 4975 1235 5029 augurans.
1274 4959 1426 5023 Vale,
1466 4958 1823 5014 venerabilis
1867 4966 2058 5027 pater,
2103 4966 2158 5015 et
2189 4961 2300 5016 hoc
2351 4961 2792 5033 qualecumque
2823 4961 3180 5034 obsequium
3236 4978 3308 5017 ne
3360 4964 3629 5032 graveris
3664 4960 3960 5018 admittere

545 5049 1178 5186 addictissiilnilTiqixq:
1210 5048 1492 5103 universo
1529 5053 1723 5103 vestro
1758 5049 2138 5105 sanctissimo
2155 5049 2348 5105 ordini
2377 5050 2753 5107 devotissimi
2780 5051 3026 5107 clientis.
3060 5051 3402 5108 Scribebam
3429 5050 3687 5109 Tolosae
3716 5051 3820 5106 XVI
3845 5044 3957 5102 Kal.

554 5135 714 5186 Sent.
740 5138 784 5186 A
827 5134 865 5186 C
894 5135 930 5186 Ο
962 5134 1045 5186 DC
1098 5171 1111 5185 .
1183 5133 1292 5186 XII.

554 5135 714 5203 Sept.
740 5138 784 5187 A
827 5134 1292 5189 CIDIDCLXXXII.

2118 5328 2368 5384 NOTAE.

623 5531 739 5604 (10)
776 5532 900 5604 Act.
946 5528 1231 5604 XVIIL22.
1277 5531 1438 5591 XXV.
1489 5531 1660 5586 XXVI.
1702 5528 1840 5597 XIII,
1884 5535 1936 5585 7.
1980 5531 2112 5586 XVI.
2382 5530 2494 5604 (13)
2541 5532 2775 5588 Sozom.
2824 5532 2973 5604 Hist.
3022 5532 3179 5590 Eccl.
3226 5533 3334 5591 lib.
3383 5533 3452 5589 III
3491 5546 3638 5604 cap.
3695 5535 3784 5588 I3.

623 5531 739 5600 (10)
777 5532 900 5586 Act.
946 5530 1102 5594 XVII,
1144 5533 1231 5584 22.
1277 5531 1438 5591 XXV.
1489 5531 1660 5586 XXVI.
1702 5530 1840 5597 XIII,
1884 5535 1936 5585 7.
1980 5531 2112 5586 XVI.
2411 5531 2494 5604 13)
2541 5532 2775 5588 Sozom.
2824 5532 2973 5588 Hist.
3022 5532 3179 5590 Eccl.
3226 5533 3334 5591 lib.
3383 5533 3452 5589 III
3491 5546 3564 5588 ca
3624 5576 3638 5589 .
3695 5535 3784 5588 I3.

618 5603 732 5672 (11)
774 5603 819 5656 ll
860 5605 991 5657 Cor.
1037 5601 1144 5666 XII,
1170 5605 1283 5692 .16.
2381 5530 2588 5746 31438.
2639 5603 2920 5660 Bernardi
2966 5607 3141 5662 Hom.
3190 5605 3262 5660 IV
3301 5620 3479 5678 super
3521 5547 3754 5661 ﬁssus
3793 5603 3893 5659 est.

626 5673 738 5746 (12)
782 5674 803 5729 I
843 5671 974 5732 Cor.
1017 5674 1109 5742 IV,
1152 5679 1211 5732 b.
2409 5678 2469 5730 15
2534 5675 2555 5729 I
2593 5675 2802 5734 Thess.
2848 5674 2914 5746 V,
2970 5680 3061 5735 17.

626 5671 738 5753 (12)
782 5674 803 5729 Ι
843 5671 974 5732 Cor.
1017 5674 1109 5742 IV,
1152 5679 1211 5732 6.

2381 5671 2494 5746 (15)
2534 5675 2555 5729 I
2593 5675 2802 5734 Thess.
2848 5674 2914 5747 V,
2970 5680 3060 5735 17.
