4078 6194
133 261 236 317 329

1174 259 1270 315 ΑΙ)
1309 257 1686 317 OPUSCULA
1724 258 1788 317 S.
1829 258 2133 315 MACARII
2173 259 2526 321 AEGYPTII.

3448 270 3556 326 330

638 445 1202 588 PETRI
1264 444 2025 592 POSSINI
2092 446 2454 592 SOC
2556 451 3042 597 JESU

988 707 1065 766 IN
1115 705 1603 769 THESAURUM
1646 658 2096 767 ATCETICUM
2139 705 2714 769 PROLEGOMENA

155 1029 165 1096 |
210 1025 252 1080 Ι.
284 1023 621 1080 Duodecim
636 1024 1784 1094 graecorumPatrumveterumoctode-
1824 1023 1871 1079 A
1902 1024 2072 1079 cuius
2106 1024 2315 1081 intima
2330 1025 2643 1081 notiocum
2679 1025 2828 1082 tituli
2853 1025 2993 1081 huic
3028 1027 3359 1085 collectioni
3380 1046 3555 1101 prae-

130 1113 588 1186 cimOpuscula,
620 1129 962 1186 numquam
982 1114 1271 1170 hactenus
1296 1112 1386 1168 vel
1407 1111 1615 1185 graece
1631 1115 1789 1171 edita

128 1204 219 1261 vel
232 1204 411 1259 latine
424 1202 685 1268 reddita,
704 1209 958 1275 utraque
974 1203 1149 1259 simul
1164 1202 1440 1274 exposita
1457 1202 1663 1272 lingua
1677 1204 1788 1261 hoc

128 1293 371 1349 collecta
385 1297 778 1362 syntagmate
792 1290 917 1357 tibi,
945 1291 1406 1357 tector,offerens
1424 1307 1552 1358 oro,
1569 1298 1629 1347 ut
1641 1293 1789 1350 dum

128 1383 198 1437 de
220 1383 292 1436 iis
324 1387 384 1437 et
413 1396 630 1437 eorum
662 1379 1008 1437 auctoribus
1036 1397 1291 1454 meaque
1325 1382 1384 1436 in
1423 1382 1537 1438 illis
1575 1383 1788 1438 exscri-

124 1470 338 1527 bendis
370 1476 431 1525 et
463 1469 929 1541 interpretandis
954 1485 1139 1541 opera
1177 1470 1506 1543 quaedam,
1541 1487 1692 1543 quae
1735 1477 1789 1528 te

124 1576 297 1617 nosse
321 1560 571 1631 juverit,
610 1573 870 1630 expono,
900 1574 973 1615 ne
1000 1559 1247 1615 brevem
1279 1560 1667 1617 commodare
1690 1577 1790 1617 au-

123 1649 413 1705 dientiam
450 1662 723 1717 gravere.

191 1737 443 1794 llultum
472 1742 529 1792 et
553 1735 728 1792 dulce
751 1751 787 1792 a
815 1736 1011 1808 prima
1038 1736 1181 1791 mihi
1204 1737 1508 1793 inventute
1522 1738 1791 1794 studium

125 1827 231 1883 fuit
259 1826 668 1882 bibliothecas
690 1824 1248 1891 vetereslustrandi,
1264 1827 1611 1898 quaequein
1626 1828 1793 1883 iisin-

124 1915 671 1987 edita,praesertim
687 1929 924 1984 graeca,
938 1919 1316 1969 servarentur
1329 1915 1406 1971 ab
1422 1915 1793 1985 elegantibus

122 2005 260 2062 olim
288 2004 555 2075 ingeniis
584 2002 937 2073 composita,
970 2017 1087 2057 non
1136 2004 1542 2073 cognoscendi
1574 2006 1789 2071 solum,

124 2094 280 2168 quod
317 2091 647 2149 insatiabili
677 2091 982 2162 voluptate
1012 2089 1330 2157 faciebam,
1366 2094 1465 2147 sed
1502 2093 1701 2160 etiam,
1733 2096 1791 2149 in

127 2199 244 2256 quo
260 2180 583 2238 vicendum
603 2196 781 2251 saepe
794 2180 1048 2235 taedium
1063 2182 1402 2236 aerumnosi
1427 2181 1646 2237 laboris
1660 2182 1787 2247 fuit,

128 2268 703 2342 longadescribendi
718 2268 1003 2339 patientia
1022 2268 1079 2323 in
1098 2268 1298 2324 literas
1319 2269 1475 2325 lectu
1499 2269 1790 2327 faciliores

1897 1112 2000 1169 ﬁxi
2021 1113 2408 1184 intelligentia
2433 1119 2489 1170 et
2530 1115 2809 1171 universo
2856 1121 3209 1186 argumento
3260 1117 3551 1174 librorum

1896 1202 2011 1257 hoc
2033 1208 2297 1274 systema
2326 1202 2717 1259 conﬂantium
2749 1204 3057 1275 implicata
3087 1212 3194 1271 est,
3239 1206 3453 1276 lucide,
3497 1206 3552 1262 si

1896 1306 2168 1363 possum,
2187 1292 2585 1365 distincteque
2599 1291 2954 1348 declarandi.
2972 1296 3259 1350 Graecum
3280 1296 3553 1359 verbum,

1896 1381 1989 1437 cui
2016 1380 2198 1437 latina
2223 1396 2497 1438 exercere
2526 1397 2597 1437 ac
2627 1382 2907 1438 meditari
2926 1383 3311 1455 respondent,
3331 1384 3449 1439 iam
3478 1384 3557 1439 ab

1901 1486 2050 1526 aevo
2064 1471 2395 1541 priscorum
2415 1470 2739 1526 Atticorum
2756 1486 2875 1527 non
2906 1471 2980 1528 ad
3010 1472 3273 1528 cuiusvis
3300 1472 3560 1528 exercitii

1900 1559 1944 1613 si
1953 1559 2396 1628 gnificationem
2412 1558 2779 1631 applicatum
2795 1565 2900 1628 est,
2930 1560 3039 1616 sed
3060 1565 3401 1616 constanter
3417 1565 3473 1616 et
3486 1576 3560 1617 ex

1898 1647 2168 1719 professo
2207 1647 2396 1703 iterati
2424 1647 2503 1702 ad
2553 1652 2779 1703 certum
2832 1648 3013 1703 finem
3070 1648 3416 1719 perficiendi
3469 1648 3562 1704 vel

1902 1738 2168 1807 corporis
2198 1735 2289 1791 vel
2321 1736 2523 1792 animi.
2569 1739 2715 1791 Nam
2760 1741 2813 1792 et
2868 1736 3075 1792 militia
3122 1744 3177 1791 et
3225 1737 3557 1809 pugilatus,

1902 1840 2135 1890 cursus,
2152 1824 2310 1880 lucta
2331 1825 2624 1896 ceterique
2639 1839 2886 1894 agones,
2904 1831 2960 1880 et
2985 1824 3555 1890 venatio,etcantus,

1902 1919 1958 1969 et
1973 1914 2250 1969 tibiarum
2264 1929 2334 1969 ac
2346 1912 2557 1968 ﬁdium
2576 1914 2851 1978 melodia,
2872 1913 3217 1985 similesque
3233 1919 3337 1968 aut
3354 1913 3560 1968 iucun-

1902 2003 2013 2058 dae
2035 2008 2137 2058 aut
2164 2002 2336 2058 utiles
2366 2002 2619 2074 ideoque
2650 2002 2709 2057 in
2733 2002 2920 2074 pretio
2949 2002 3195 2057 habitae
3216 2008 3396 2070 artes,
3419 2018 3559 2057 suas

1903 2091 2125 2148 habent
2138 2093 2352 2162 cuique
2365 2091 2854 2146 accommodatas
2868 2106 3111 2156 asceses,
3137 2090 3562 2147 meditamenta

1901 2186 1958 2237 et
1984 2180 2604 2250 praeexercitationes,
2628 2180 2852 2251 quibus
2877 2180 2955 2235 ad
2986 2196 3089 2235 eas
3119 2179 3421 2236 initientur
3453 2177 3562 2249 qui

1902 2270 2224 2325 clarescere
2260 2276 2363 2324 aut
2393 2268 2556 2324 beari
2588 2284 2694 2340 per
2739 2268 2868 2324 illas
2903 2272 3167 2340 sperant.
3205 2268 3558 2339 Plerumque

128 2357 1787 2431 exarchetypisaevoiamevanescentibustransferendi,
1829 2363 2103 2420 Btamen
2162 2356 2502 2428 philosophi
2561 2361 2782 2412 veteres
2839 2357 2918 2412 ad
2986 2357 3200 2412 mentis
3256 2355 3558 2411 culturam

132 2450 177 2504 si
201 2464 413 2521 quaex
434 2448 525 2502 his
539 2446 795 2502 aliorum
828 2452 931 2502 aut
949 2462 1082 2502 meo
1100 2448 1233 2503 usui
1258 2447 1569 2520 quondam
1596 2449 1791 2520 profu-

130 2542 256 2594 tura
270 2541 682 2609 sperarentur.
699 2536 761 2590 In
776 2551 899 2607 quo
911 2535 1191 2606 equidem
1207 2552 1242 2592 a
1255 2536 1417 2593 nullo
1432 2537 1788 2609 scriptorum

130 2626 530 2683 laudabilium
562 2624 852 2680 abhorrui
874 2638 1109 2692 genere,
1141 2624 1345 2696 utique
1362 2626 1463 2697 qui
1483 2626 1789 2684 rhetorum

129 2717 300 2771 etiam
331 2719 393 2770 et
408 2719 726 2785 poetarum
744 2711 1100 2768 nonnullam
1123 2713 1205 2768 sic
1240 2716 1642 2782 congesserim
1676 2715 1787 2772 far-

129 2805 424 2874 raginem,
441 2802 762 2858 historicos
782 2816 922 2857 vero
937 2801 1235 2874 quosdam
1262 2802 1553 2859 ediderim
1572 2826 1582 2867 ;
1601 2803 1789 2860 fateor

134 2901 345 2959 tamen,
382 2891 660 2965 proniori
687 2905 781 2945 me
821 2889 1038 2945 affectu
1071 2890 1418 2946 incubuisse
1456 2892 1532 2947 ad
1566 2893 1788 2964 scripta

134 2986 361 3039 Patrum
393 2997 466 3037 ac
484 2980 904 3049 Magistrorum
922 2979 1213 3035 Ecclesiae
1228 2980 1562 3051 priscorum
1588 2980 1786 3037 adhuc

130 3071 409 3128 latentiae
436 3069 689 3141 pulvere
719 3068 1057 3139 pluteorum
1080 3068 1365 3134 eruenda,
1399 3085 1502 3124 seu
1523 3085 1679 3141 quae
1708 3069 1787 3126 ad

128 3161 413 3217 librorum
439 3158 877 3215 canonicorum
910 3156 1343 3228 expositionem
1366 3164 1653 3228 spectant,
1680 3175 1785 3214 seu

127 3249 416 3307 culturam
436 3262 680 3303 morum
714 3245 1139 3318 religionisque
1174 3245 1553 3317 disciplinam
1568 3262 1637 3302 ex
1654 3262 1781 3318 pro-

120 3339 270 3394 fesso
306 3335 655 3395 tractantia.
696 3335 911 3390 Prioris
953 3335 1291 3403 argumenti
1335 3335 1637 3406 quaedam
1669 3335 1784 3391 luci

122 3428 273 3493 dedi,
305 3426 494 3498 plura
531 3424 593 3479 in
618 3423 849 3479 scriniis
876 3423 1094 3479 habeo.
1114 3424 1432 3480 Suntenim
1457 3440 1636 3495 penes
1667 3441 1781 3489 me,

123 3514 529 3572 nltradudum
544 3514 718 3568 datas
734 3514 966 3568 Patrum
1000 3511 1309 3584 symbolas
1337 3512 1396 3566 in
1425 3513 1784 3569 Matthaeum

122 3610 175 3659 et
204 3600 940 3672 Marcum,supplementa
964 3606 1021 3656 et
1049 3600 1593 3670 auctariainsignia
1626 3603 1784 3657 Cate-

1904 2449 2306 2519 virtutumque
2339 2445 2592 2518 praxim,
2619 2461 2723 2516 per
2744 2462 2897 2517 quas
2910 2445 3095 2500 homo
3124 2445 3200 2500 ad
3215 2444 3552 2501 felicitatem

1901 2535 2258 2607 disponitur,
2275 2549 2533 2591 asceseos
2546 2533 2986 2606 appellationem
3003 2535 3382 2604 adaptarunt.
3400 2534 3561 2598 Quos

1902 2624 2111 2680 imitati
2144 2624 2411 2679 unanimi
2441 2638 2739 2678 consensu
2759 2623 2876 2678 iam
2911 2622 3167 2694 aprimis
3188 2622 3338 2692 legis
3369 2636 3556 2676 novae

1900 2712 2154 2769 saeculis
2193 2711 2571 2768 ecclesiastici
2612 2712 2929 2782 scriptores
2968 2712 3197 2768 ascesin
3255 2726 3376 2766 non
3436 2710 3557 2765 fere

1898 2800 2077 2857 aliam
2101 2805 2436 2872 agnoscunt
2456 2804 2513 2855 et
2530 2800 2897 2872 praedicant,
2923 2815 3109 2872 quam
3133 2815 3289 2871 quae
3312 2798 3389 2853 ab
3411 2797 3557 2869 ipsis

1898 2889 2283 2958 distinguitur
2322 2888 2604 2944 adiuncto
2646 2887 2881 2960 pietatis
2930 2904 2999 2943 ac
3039 2887 3363 2957 religionis,
3405 2901 3558 2958 quae

1897 2979 2161 3035 animam
2195 2977 2385 3048 pascit
2414 2977 2631 3033 divinis
2660 2977 2964 3032 sensibus:
2993 2977 3174 3032 verba
3196 2981 3333 3030 sunt
3359 2975 3553 3030 Basilii

1898 3068 2112 3137 Magni,
2129 3067 2486 3137 scriptorum
2502 3066 2889 3121 asceticorum
2905 3064 3076 3120 facile
3092 3064 3394 3135 principis,
3418 3064 3475 3116 in
3489 3062 3557 3117 li-

1896 3158 2006 3212 bro
2051 3158 2127 3210 De
2157 3155 2274 3210 vita
2300 3152 2587 3209 solitaria.
2620 3152 2873 3209 Addicta
2898 3152 3077 3221 igitur
3112 3167 3223 3207 usu
3254 3150 3372 3206 iam
3407 3149 3552 3207 olim

1896 3243 2299 3300 ecclesiastico
2318 3248 2402 3298 est
2416 3242 2627 3298 ascesis
2642 3257 2856 3312 graeca
2874 3257 2989 3297 vox
3004 3239 3362 3297 iudicandae
3379 3238 3554 3311 praxi

1895 3340 2137 3390 actuum
2170 3334 2535 3388 internorum
2569 3331 2873 3386 humanae
2905 3330 3116 3385 mentis
3142 3334 3198 3383 et
3236 3327 3555 3385 voluntatis

1901 3426 2015 3478 Deo
2029 3421 2281 3478 colendo
2307 3426 2365 3477 et
2395 3420 2505 3476 sibi
2538 3419 2933 3491 perficiendis,
2977 3418 3466 3490 semperquidem
3497 3422 3555 3473 et

1898 3512 2256 3585 ubique,sed
2273 3513 2329 3566 iu
2345 3527 2583 3567 secessu
2608 3512 2956 3581 praesertim
2987 3526 3057 3565 ac
3080 3507 3423 3573 solitudine,
3448 3514 3549 3564 aut

1897 3601 1958 3657 in
1989 3601 2262 3657 convictu
2291 3606 2347 3656 et
2375 3598 2766 3655 contubernio
2799 3598 2959 3654 idem
2982 3614 3049 3654 ex
3072 3599 3337 3653 instituto
3363 3596 3556 3652 medi-

124 3691 733 3749 narumeditarumin
752 3691 967 3745 Lucam
1002 3705 1072 3744 ac
1101 3690 1391 3745 Joannem
1424 3697 1478 3744 et
1508 3689 1569 3745 in
1600 3691 1786 3745 Gene-
1821 3706 1863 3763 ς,
1898 3690 2076 3746 tantis
2108 3688 2439 3745 sodalitatis
2486 3688 2941 3744 attendentium.

123 3783 225 3837 sim
253 3783 553 3845 ;Catenae
572 3778 711 3834 item
732 3779 995 3846 integrae
1010 3778 1535 3849 copiosissimaein
1550 3780 1781 3844 lsaiain,

124 3869 516 3933 Ezechielem,
562 3867 866 3923 Danielem
900 3885 914 3936 ;
959 3867 1184 3923 scholia
1216 3868 1431 3938 pariter
1469 3883 1685 3937 graeca
1724 3869 1784 3923 in

122 3960 447 4030 prophetas
484 3956 747 4010 minores
777 3955 1097 4012 duodecim
1134 3971 1147 4021 ;
1177 3963 1500 4027 perpetuus
1541 3958 1785 4028 insuper

121 4046 604 4103 Commentarius
632 4044 799 4100 libris
818 4044 1141 4100 duodecim
1200 4060 1504 4116 expansus
1548 4047 1601 4102 S.
1645 4047 1781 4101 Gre-

120 4138 262 4203 gorii
301 4134 586 4206 episcopi
627 4132 995 4203 Agrigentini
1032 4133 1089 4188 in
1149 4133 1559 4201 Ecclesiasten,
1601 4150 1783 4206 quem

120 4225 352 4279 erudito
378 4223 584 4279 iuveni
618 4221 1145 4278 loanniFrancisco
1178 4222 1250 4278 de
1278 4223 1499 4279 Rubeis
1516 4225 1784 4279 Romano

122 4314 412 4369 latinitate
445 4310 1030 4366 aclucedonandum
1083 4313 1097 4382 |
1156 4311 1573 4383 reliquiRoma
1604 4313 1785 4368 disce-

125 4400 271 4456 dens
301 4414 474 4456 anno
500 4398 933 4468 superiorit68l
965 4415 979 4465 ;
1004 4398 1262 4470 denique
1276 4401 1784 4471 complementum

124 4490 322 4559 operis
352 4486 701 4559 imperfecte
720 4487 859 4543 editi
895 4489 950 4543 S.
980 4489 1239 4559 Gregorii
1271 4489 1521 4561 Nysseni
1553 4490 1610 4543 in
1643 4505 1783 4546 eun-

125 4576 259 4631 dem
277 4576 1191 4647 Ecclesiasten,postocto,quae
1220 4581 1476 4642 exstant,
1506 4577 1784 4634 homilias

123 4664 562 4733 expositionem
593 4663 985 4736 perducentes
1004 4664 1080 4719 ad
1097 4666 1330 4719 tertium
1354 4664 1662 4731 duntaxat,
1680 4682 1786 4722 nec

125 4752 326 4824 ipsum
358 4757 553 4808 totum
580 4753 730 4807 sacri
762 4752 891 4807 eius
924 4752 1057 4808 libri
1090 4760 1289 4824 caput,
1328 4752 1623 4826 reliquum
1656 4754 1784 4809 uni-

128 4856 370 4896 versum
402 4839 588 4895 Patris
612 4839 878 4896 eiusdem
911 4841 1282 4897 disertissimi
1319 4858 1506 4914 usque
1548 4842 1622 4897 ad
1648 4859 1783 4898 ver-

129 4947 259 4985 sum
277 4929 561 4985 ultimum
582 4929 864 5001 postremi
885 4930 1230 4987 duodecimi
1252 4932 1461 5003 capitis
1484 4947 1789 4987 commen-

129 5019 346 5073 tarium
375 5017 686 5073 exhibens.

200 5109 266 5163 lt.
301 5107 582 5163 Confiteri
608 5114 809 5163 tamen
822 5106 1035 5175 debeo,
1058 5108 1414 5165 delectatum
1439 5126 1532 5165 me
1562 5110 1792 5181 potissi-

134 5212 299 5251 mum
330 5211 589 5251 occursu
630 5211 884 5268 operum
910 5198 986 5256 ab
1016 5199 1275 5271 antiquis
1308 5198 1507 5267 magni
1532 5199 1791 5255 nominis

133 5286 402 5341 Patribus
418 5284 778 5356 scriptorum
793 5285 868 5343 de
884 5288 1141 5343 interiori
1156 5287 1459 5357 religionis
1478 5288 1622 5343 disci
1633 5287 1790 5359 plina

133 5388 316 5444 quam
338 5377 573 5429 ascesin
601 5380 837 5440 vocant,
861 5390 1076 5445 graeco
1109 5376 1402 5431 vocabulo
1423 5376 1793 5432 exercitatio-

138 5476 264 5517 nem
294 5461 476 5519 latine
490 5469 763 5527 sonante,
794 5464 898 5518 sed
917 5463 1049 5535 plus
1078 5464 1391 5536 quippiam
1424 5465 1795 5535 signiﬁcante

138 5565 319 5620 quam
350 5554 547 5624 primo
565 5553 698 5610 eius
715 5553 879 5608 vocis
896 5552 1101 5608 auditu
1120 5552 1302 5609 menti
1319 5552 1648 5609 subiicitur.
1666 5554 1794 5619 Quo

148 5638 377 5711 injungi
392 5641 539 5699 mihi
555 5641 827 5699 ofﬁcium
838 5641 1181 5709 sentio,rem
1200 5643 1396 5715 ipsam
1416 5640 1572 5699 hanc
1588 5646 1794 5705 totam,

1970 3782 2007 3833 ll
2020 3779 2381 3834 LCharacter
2400 3775 2689 3831 Ecclesiae
2704 3776 2912 3831 Christi
2928 3775 3336 3839 est,honorare
3350 3788 3554 3827 numen

1896 3884 2013 3924 non
2034 3867 2210 3922 labiis
2239 3864 2432 3919 solum
2465 3869 2567 3919 aut
2600 3864 2984 3934 usurpatione
3012 3862 3282 3916 sensibili
3306 3864 3554 3926 rituum,

1894 3954 2059 4029 quod
2075 3954 2325 4011 faciebat
2342 3955 2685 4024 Synagoga,
2704 3950 2809 4006 sed
2824 3950 3127 4021 conceptis
3146 3949 3350 4004 intime
3371 3950 3557 4004 sensi-

1892 4044 2009 4100 bus
2033 4042 2465 4112 afi‘ectibusque
2492 4040 2694 4095 devoti
2724 4041 2963 4111 penitus
2992 4037 3325 4093 animi.Hoc
3349 4037 3556 4092 discri-

1896 4149 2033 4189 men
2048 4131 2313 4188 Christus
2326 4129 2600 4200 exprimit
2620 4128 2713 4183 his
2744 4127 2935 4183 verbis
2959 4126 3395 4183 Samaritanam
3413 4125 3556 4182 allo-

1893 4220 2357 4294 queusloanJV:
2370 4216 2772 4280 Muliermenit
2789 4217 3016 4277 hora.et
3032 4232 3192 4271 nunc
3205 4214 3556 4286 est,quando

1897 4310 2019 4368 veri
2047 4309 2392 4365 adoratores
2405 4307 2746 4363 adorabunt
2759 4306 2996 4362 Patrem
3012 4304 3075 4360 in
3087 4305 3310 4375 spiritu
3330 4311 3382 4361 et
3410 4304 3556 4360 veri-

1896 4406 2034 4456 tate.
2061 4401 2375 4453 Summam
2394 4394 2507 4451 sibi
2523 4394 2819 4466 religionis
2836 4401 3004 4449 vetus
3020 4394 3381 4449 Iudaeorum
3394 4393 3554 4448 natio

1896 4486 2161 4559 ponebat
2191 4487 2249 4541 in
2266 4484 2553 4553 speciosis
2575 4484 2915 4540 cerimoniis
2929 4489 2984 4538 et
3002 4485 3265 4555 pompis,
3282 4481 3555 4553 qualium

1896 4573 2406 4632 ostendendarum
2442 4572 2778 4644 professam
2808 4576 2864 4627 et
2902 4576 3333 4644 quaestuosam
3367 4576 3554 4625 artem

1899 4665 2136 4723 Scribae
2188 4663 2538 4734 praesertim
2599 4659 3022 4731 Pharisaeique
3072 4659 3446 4714 factitabant.
3479 4659 3554 4711 lis

1895 4752 2447 4829 quomodocunque
2470 4748 2656 4805 functi
2687 4748 2980 4821 perfectos
3003 4764 3065 4802 se
3090 4746 3554 4811 arbitrabantur,

1898 4845 2086 4899 securi
2145 4840 2473 4896 celatorum
2519 4839 2678 4894 intus
2731 4837 2998 4893 ulcerum
3048 4852 3183 4892 reae
3233 4835 3446 4890 mentis
3502 4840 3559 4890 et

1898 4931 2357 4988 criminosorum
2371 4926 2693 4984 affectuum
2705 4924 3177 4991 consciae.Quod
3190 4922 3560 4995 exprobrans

1898 5021 2009 5077 illis
2066 5019 2328 5075 Christus
2381 5017 2462 5072 ait
2522 5017 2716 5072 Matth.
2784 5015 2969 5081 XXIII,
3028 5019 3093 5070 23
3144 5029 3155 5067 :
3208 5014 3321 5069 Vae
3375 5012 3553 5077 vobis,

1899 5107 2140 5164 Scribae
2162 5112 2214 5162 et
2235 5104 2562 5166 Pharisaei.
2577 5103 2719 5173 quia
2737 5101 3041 5159 mundatis
3061 5099 3218 5173 quod
3234 5098 3457 5169 deforis
3473 5104 3557 5154 est

1901 5195 2105 5253 caticis
2118 5200 2172 5251 et
2183 5193 2543 5264 paropsidis,
2579 5193 2587 5263 Ι
2622 5191 2783 5246 intus
2807 5197 3003 5247 autem
3014 5189 3180 5259 pleni
3196 5190 3327 5246 estis
3341 5187 3560 5255 rapina

1902 5290 1955 5343 et
1985 5282 2437 5341 immunditia...
2466 5281 2687 5337 similes
2713 5280 3051 5349 sepulchris
3078 5277 3385 5341 deatbatis,
3407 5290 3563 5348 quae

1903 5374 2092 5445 aforis
2120 5378 2334 5441 parent
2365 5369 2702 5425 hominibus
2728 5368 3016 5439 speciosa,
3044 5367 3200 5422 intus
3222 5382 3355 5422 vero
3379 5367 3560 5433 plena

1904 5469 2040 5518 sunt
2071 5460 2293 5517 ossibus
2316 5465 2689 5515 mortuorum
2727 5463 2780 5513 et
2804 5456 2965 5513 omni
3003 5455 3319 5526 spurcitia.
3349 5455 3563 5520 Quem-

1909 5550 2225 5606 admodum
2238 5562 2376 5617 ergo
2392 5552 2603 5603 certam
2620 5545 2952 5602 methodum
2968 5561 3038 5601 ac
3053 5542 3356 5600 formulam
3368 5542 3565 5598 obser-

1911 5640 2161 5696 vationu
2175 5636 2487 5692 mistarum
2502 5635 2891 5692 Mosaicarum
2905 5632 3103 5691 Iudaei
3120 5632 3267 5705 legis
3288 5632 3563 5689 doctores
