4078 6194
535 255 635 310 331

1681 257 1891 314 PETRI
1936 259 2216 315 POSSINI
2260 260 2788 319 PROLEGOMENA

3837 277 3930 332 332

535 380 830 449 digestam
862 379 923 435 in
948 380 1185 450 regulas
1223 386 1281 437 et
1310 383 1706 454 compositam
1735 383 2043 439 habebant
2072 387 2186 438 tra-
2218 389 2263 441 Α
2294 384 2554 441 tariisita
2575 402 2605 440 e
2637 403 2851 456 graeca
2875 388 3126 447 latinam
3149 392 3363 460 facere,
3391 399 3453 450 ut
3477 395 3605 466 ipsa
3635 402 3831 454 tamen
3853 417 3936 456 ar-

536 469 879 541 debantque
905 470 981 525 ad
1016 485 1189 524 usum
1214 470 1565 544 plerumque
1580 489 1811 528 merum
1827 472 2185 528 ambitiosae

535 558 970 622 ostentationis,
1005 558 1084 612 ita
1099 575 1206 630 par
1234 559 1358 626 fuit,
1394 566 1632 616 sanctos
1665 562 1806 632 legis
1836 577 2029 617 novae
2059 578 2186 633 my-

537 651 657 700 stas
677 646 965 701 interioris
980 646 1160 702 huius
1179 649 1273 702 Dei
1293 648 1485 703 cultus
1507 651 1694 704 tacitis
1718 649 1994 706 sensibus
2024 666 2186 704 men-

539 733 1286 790 tisetvoluntatismotibus
1303 738 1538 792 exerciti
1575 741 1776 804 totam,
1815 739 2185 809 exploratam

537 822 1058 879 animadversione
1076 823 1280 894 longa,
1307 831 1364 881 et
1390 826 1570 883 literis
1591 828 1978 884 commissam
2000 828 2189 900 expli-

540 924 675 966 care
698 912 1010 967 rationem.

608 1054 760 1109 Talis
790 1054 945 1124 hyle,
977 1053 1107 1109 talis
1138 1070 1355 1125 scopus
1394 1061 1480 1112 est
1518 1057 1736 1113 horum
1775 1075 1923 1130 quos
1954 1059 2188 1114 edimus

536 1141 847 1207 librorum,
867 1158 985 1197 non
1014 1143 1325 1200 monachis
1355 1145 1645 1202 duntaxat
1675 1153 1775 1204 aut
1793 1148 2187 1213 anachoretis,

538 1230 704 1303 quod
725 1231 1181 1303 videricuiplam
1205 1240 1425 1304 posset,
1448 1236 1700 1304 utilium,
1721 1237 1824 1292 sed
1853 1238 2191 1308 promiscue

537 1321 764 1375 cunctis
792 1320 1081 1376 Ecclesiae
1116 1322 1368 1377 statibus
1392 1323 1826 1398 ordinibusque
1849 1327 2190 1398 profuturo-

536 1423 670 1462 rum
701 1410 1664 1480 ;quoniam,etsiChristiEcclesia
1688 1432 1790 1486 per
1842 1417 2192 1472 Bethaniam

537 1496 792 1566 ﬁgurata
819 1499 1058 1553 Mariam
1074 1499 1295 1554 habeat
1327 1502 1384 1556 in
1401 1501 1659 1558 solidum
1706 1505 2193 1577 contemplationi

538 1585 803 1641 deditam
833 1595 885 1641 et
916 1588 1198 1643 Martham
1226 1590 1378 1645 vitae
1402 1592 1630 1647 activae
1648 1595 1985 1650 ministeriis
2002 1600 2195 1650 atten-

538 1673 800 1738 dentem,
831 1678 1030 1730 tamen
1057 1692 1126 1730 ex
1176 1678 1294 1732 suis
1347 1679 1661 1736 alterutrae
1693 1682 1899 1738 ofﬁciis
1939 1684 2192 1738 invicem

543 1761 842 1817 interdum
865 1765 1243 1836 participant.
1271 1769 1416 1822 Nam
1446 1776 1499 1823 et
1525 1771 1706 1826 Maria
1740 1772 2046 1827 ministerii
2069 1789 2194 1828 cor-

539 1851 702 1922 porei
760 1852 1029 1907 nonnihil
1091 1855 1303 1927 attigit,
1358 1857 1505 1912 dum
1569 1859 1772 1915 Christi
1824 1861 2194 1932 hospitaliter

537 1939 828 2010 epulantis
859 1946 1040 2012 caput
1080 1943 1304 2013 spicato
1334 1947 1583 2002 nardino
1615 1949 1952 2005 suavissimi
1991 1951 2194 2006 odoris

539 2028 849 2100 dapsiliter
879 2029 1107 2086 inunxit
1135 2050 1148 2100 ;
1172 2037 1228 2087 et
1259 2035 1392 2104 ipsa
1437 2037 1662 2092 Martha
1709 2040 2050 2095 orationum
2077 2057 2197 2094 mo-

538 2124 742 2173 menta
764 2119 884 2173 suis
914 2122 1406 2192 occupationibus
1437 2125 1692 2191 inﬁndit,
1724 2133 1898 2198 prout
1924 2129 2012 2183 vel
2036 2146 2107 2184 ex
2126 2145 2195 2186 eo

536 2212 720 2276 patet,
751 2208 912 2278 quod
947 2209 1103 2265 stetit
1132 2211 1426 2268 Christum
1459 2214 1770 2287 alloquens
1797 2223 1852 2272 et
1901 2233 2096 2283 orans,
2136 2222 2196 2275 ut

541 2294 733 2350 iuvari
759 2311 822 2350 se
850 2303 1082 2354 curaret
1101 2315 1135 2353 a
1159 2316 1381 2356 sorore.
1413 2303 1740 2360 Commune
1772 2306 2036 2376 profecto
2054 2323 2194 2363 cun-

545 2384 654 2438 ctis
708 2385 973 2441 cuiusvis
1036 2403 1233 2453 sexus,
1288 2391 1522 2458 aetatis,
1575 2394 1798 2448 ordinis
1844 2396 2192 2452 Christianis

542 2473 755 2529 orandi
811 2479 867 2529 et
921 2481 1088 2531 actus
1143 2477 1451 2534 interiores
1507 2481 1665 2546 ﬁdei,
1731 2483 1876 2554 spei,
1913 2488 2190 2553 caritatis,

540 2561 843 2632 religionis
869 2565 1174 2620 exercendi
1191 2575 1576 2639 praeceptum
1591 2577 1696 2636 est,
1713 2572 1825 2626 hoc
1846 2574 1972 2629 solo
1995 2575 2195 2630 discri-

546 2650 706 2704 mine
737 2651 1183 2708 coenobitarum
1232 2660 1286 2709 et
1336 2657 1889 2717 anachoretaruma
1922 2667 2188 2731 caeteris,

541 2738 707 2808 quod
735 2739 814 2794 illi
841 2757 1077 2812 semper
1106 2749 1161 2798 et
1196 2746 1363 2800 unice
1395 2746 1660 2816 religioni
1691 2766 1752 2804 se
1781 2755 1933 2806 totos
1958 2753 2192 2824 impen-

541 2825 710 2890 dunt,
739 2828 801 2883 hi
829 2831 1350 2904 cogitantquidem
1377 2851 1533 2907 quae
1559 2843 1697 2893 sunt
1729 2841 1939 2896 mundi
1969 2859 2077 2912 pro
2099 2846 2191 2901 sui

539 2916 880 2972 conditione
911 2924 1116 2986 status,
1158 2922 1240 2977 sic
1270 2927 1491 2990 tamen,
1525 2931 1587 2981 ut
1635 2927 1936 2997 religionis
1994 2933 2190 2991 ofﬁcia

542 3019 665 3060 non
698 3006 1018 3077 negligant,
1052 3013 1167 3066 Deo
1197 3012 1511 3069 reddentes
1535 3031 1690 3085 quae
1719 3019 1818 3073 Dei
1853 3026 2011 3088 sunt,
2037 3024 2188 3079 inte-

538 3093 650 3149 rim
682 3094 826 3150 dum
861 3102 917 3152 et
970 3099 1192 3169 patriae
1245 3102 1582 3160 etfamiliae
1636 3114 1812 3177 prout
1860 3125 1953 3166 res
2010 3113 2190 3182 exigit
2229 3091 2267 3146 Ο

539 3183 849 3240 consulere
874 3202 996 3241 non
1024 3188 1334 3245 desistunt.
1372 3192 1536 3248 Unde
1567 3194 1636 3248 iis
1661 3212 1904 3269 quoque
1930 3216 2036 3256 sua
2051 3217 2189 3272 pars

537 3273 819 3328 ascetices
848 3277 1150 3346 competit.

606 3414 704 3466 Est
754 3413 931 3482 igitur
979 3430 1083 3468 cur
1123 3433 1378 3487 sperem,
1429 3435 1550 3474 non
1592 3422 1888 3490 ingratam
1947 3427 2185 3484 Publico

531 3498 792 3554 futuram
819 3516 853 3555 a
879 3517 972 3555 me
986 3510 1253 3560 curatam
1281 3507 1728 3576 productionem
1754 3513 1811 3566 in
1846 3513 2039 3572 lucem
2067 3534 2183 3574 uno

531 3587 914 3644 collectorum
959 3606 1206 3662 corpore
1257 3595 1663 3665 duodeviginti
1717 3601 1846 3656 talis
1900 3608 2181 3661 materiae

530 3676 677 3732 tanti
738 3694 880 3732 usus
940 3681 1374 3750 Opusculorum
1408 3701 1442 3740 a
1483 3686 1812 3744 celebribus
1866 3693 2179 3752 duodecim

527 3764 1010 3825 elucubratorum
1044 3774 1401 3839 auctoribus,
1436 3792 1574 3833 cum
1601 3779 1761 3849 paris
1793 3781 1852 3838 in
1883 3789 2045 3841 tanto
2078 3788 2178 3841 mi-

527 3870 639 3910 nus
663 3856 858 3928 dignis
898 3861 1209 3933 rariusque
1263 3864 1504 3921 utilibus
1555 3867 1769 3925 libellis
1814 3874 2176 3931 coniunctim

525 3944 774 4002 edendis
794 3947 1135 4018 diligentiae
1162 3953 1432 4025 exempla
1463 3954 1730 4012 faventer
1752 3967 1997 4032 excepta
2012 3981 2181 4036 prae-

522 4033 748 4089 iverint.
780 4038 1066 4108 Equidem
1101 4043 1312 4096 sentire
1368 4059 1460 4097 me
1494 4061 1686 4109 secus,
1721 4065 1906 4120 quam
1948 4033 2059 4124 par
2085 4057 2176 4121 sit,

522 4122 596 4178 de
639 4124 974 4192 politissimi
1005 4127 1178 4181 huius
1214 4131 1486 4187 acumine
1536 4140 1590 4188 et
1629 4141 1928 4206 aequitate
1950 4122 2177 4198 saeculi

519 4211 845 4275 crederem,
881 4214 1104 4277 si,cum
1137 4217 1215 4270 ab
1242 4234 1310 4272 eo
1355 4219 1600 4277 laudata
1635 4229 1689 4277 et
1725 4228 1926 4295 magni
1971 4230 2176 4286 habita

517 4297 754 4352 videam
800 4307 1184 4369 syntagmata
1238 4309 1742 4376 cynegeticorum,
1775 4315 2169 4385 accipitrario-

519 4399 675 4446 rum,
700 4387 1138 4455 georgicorum,
1161 4393 1658 4462 agrimensorum,
1679 4399 2171 4471 hippiatricorum
2207 4439 2249 4492 Β

517 4479 573 4528 et
589 4475 893 4544 similium,
911 4477 1136 4548 despici
1155 4490 1449 4538 verereret
1462 4501 1495 4539 a
1509 4487 1899 4546 delicatorum
1918 4492 2170 4550 fastidiis

514 4561 745 4632 frigere,
788 4565 932 4619 dum
974 4570 1368 4626 asceticorum
1425 4589 1544 4627 non
1605 4579 1857 4634 antehac
1913 4583 2168 4639 visorum

515 4666 764 4723 operum
792 4669 1122 4713 connexam
1152 4673 1271 4714 uno
1303 4667 1458 4716 serto
1497 4664 1709 4719 seriem
1738 4667 1923 4724 offero
1951 4688 1963 4737 ;
1991 4677 2168 4743 quasi

516 4756 796 4811 agrorum
812 4743 903 4798 vel
919 4745 1183 4801 culturae
1197 4748 1282 4802 vel
1299 4749 1715 4818 dimensionis,
1740 4758 2166 4834 mulorumque

517 4831 845 4887 medicinae
872 4835 1190 4902 gratiosius
1221 4836 1294 4890 sit
1325 4847 1642 4912 praecepta
1669 4845 1910 4914 vulgare
1935 4849 2011 4904 ab
2035 4831 2168 4906 ista-

510 4934 643 4974 rum
671 4921 956 4977 consultis
974 4925 1186 4979 artium
1209 4927 1629 5000 tradita,quam
1651 4933 2001 5006 disciplinae
2017 4941 2162 4995 scitu

511 5007 895 5077 dignissimae
930 5028 998 5067 ac
1030 5016 1259 5068 cunctis
1295 5019 1667 5076 necessariae
1709 5023 1825 5079 Deo
1864 5027 2162 5100 placendi,

508 5094 897 5149 mundandae
911 5097 1169 5164 animae,
1194 5099 1394 5164 ﬁdem,
1413 5118 1602 5172 spem,
1621 5094 1946 5175 caritatem,
1963 5094 2160 5168 humi;

516 5179 554 5236 li
571 5186 770 5246 tatem,
789 5184 1130 5253 patientiam
1147 5190 1698 5256 exercendi,orandi
1719 5212 1832 5251 non
1853 5200 2046 5255 solum
2065 5202 2161 5258 illa

508 5269 710 5326 initiali
744 5273 973 5327 cunctis
993 5273 1148 5328 facili
1173 5278 1457 5342 oratione,
1489 5282 1591 5336 sed
1625 5285 1955 5344 sublimiori
1983 5291 2160 5346 altera

507 5371 691 5428 quam
720 5361 1282 5430 contemplationem
1310 5375 1543 5434 vocant,
1574 5372 1760 5430 multa
1783 5379 2057 5433 cautione
2082 5383 2159 5435 ob

508 5446 836 5516 periculum
881 5448 1229 5507 illusionum
1271 5464 1500 5523 egente.
1530 5469 1747 5516 certam
1806 5467 2154 5524 methodum

509 5533 999 5609 exploratamque
1013 5541 1302 5597 rationem
1322 5561 1355 5599 a
1370 5547 1504 5600 viris
1519 5552 2158 5620 sanctissimis,doctis-

507 5623 691 5689 simis,
707 5627 1157 5700 antiquissimis,
1177 5634 1471 5691 accuratis
1488 5638 1840 5710 explicatam
1857 5660 2151 5702 commen~

2296 473 2552 544 chetypa
2583 491 2705 530 non
2732 479 3190 548 supprimerem,
3226 485 3235 550 Ι
3268 498 3404 537 cum
3434 485 3509 539 ad
3543 484 3753 555 pignus
3778 505 3932 544 meae

2296 561 2436 616 ﬁdei
2469 564 2904 632 praebendum,
2947 575 3074 623 tum
3104 570 3179 624 ad
3222 571 3481 626 fructum
3515 589 3632 628 non
3675 574 3932 632 inviden-

2298 650 2444 705 dum
2476 652 2742 722 eruditis,
2775 671 2846 710 ex
2873 656 3023 728 ipsa,
3059 660 3222 730 quod
3251 661 3478 732 passim
3508 663 3754 730 malunt,
3784 665 3933 722 fonte

2298 739 2636 796 hauﬂendi

2372 869 2456 922 IV.
2491 869 2814 926 Reddenda
2852 872 3135 944 deinceps
3172 876 3322 931 ratio
3361 881 3452 932 est
3489 877 3932 949 Opusculorum.

2302 957 2699 1030 lnprimisque
2721 960 3101 1030 prodendum
3128 964 3284 1019 unde
3307 965 3594 1038 quodque
3630 968 3932 1023 hauserim.

2301 1047 2453 1100 Inter
2484 1046 2790 1103 volumina
2815 1065 3030 1105 manus
3081 1054 3361 1124 antiquae
3421 1070 3635 1124 graeca
3673 1055 3934 1128 plurima,

2300 1149 2454 1204 quae
2493 1137 2840 1192 Franciscus
2898 1140 3217 1196 Turrianus
3269 1143 3617 1200 Societatem
3689 1151 3935 1200 nostram

2304 1226 2525 1280 Romae
2558 1225 2746 1280 iniens
2764 1243 2924 1283 anno
2945 1233 3077 1286 1566
3105 1231 3162 1285 in
3179 1231 3360 1288 domo
3380 1235 3652 1305 professa
3667 1238 3935 1307 Romana,

2305 1313 2404 1367 ubi
2419 1313 2704 1369 hactenus
2720 1323 3123 1385 asservantur,
3145 1321 3441 1391 deposuit,
3460 1340 3647 1382 unum
3661 1336 3750 1382 est
3765 1338 3937 1386 aucto-

2304 1419 2434 1456 rum
2461 1402 2629 1457 facile
2684 1404 2925 1474 triginta
2981 1407 3425 1466 lucubrationes
3479 1413 3552 1468 de
3603 1431 3664 1470 re
3710 1420 3938 1475 ascetica

2305 1490 2609 1560 colligens,
2645 1494 2825 1548 veteri
2857 1498 3258 1553 transmarina
3285 1508 3593 1557 exaratum
3625 1521 3822 1571 manu,
3852 1524 3938 1562 an-

2305 1581 2398 1634 nis
2431 1581 2648 1636 abhinc
2679 1589 2831 1638 retro
2855 1584 3363 1657 plusquingentis,
3403 1599 3700 1662 quantum
3732 1595 3940 1653 fumida

2306 1669 2542 1737 ferrugo
2574 1672 2811 1727 chartae
2834 1673 2974 1728 olim
3007 1676 3299 1732 candidae
3331 1683 3755 1749 augurandum
3788 1702 3939 1755 prae-

2239 1740 2273 1792 Β
2305 1757 2421 1813 bet.
2460 1761 2536 1812 Ex
2569 1775 2638 1814 eo
2679 1761 2977 1817 sexdecim
3011 1765 3307 1834 Opuscula
3354 1740 3668 1840 devscripsi,
3701 1740 3810 1827 hoc
3846 1782 3938 1840 est,

2304 1847 2508 1902 omnia
2538 1850 2796 1919 exceptis
2853 1851 3145 1908 duntaxat
3196 1853 3435 1910 duobus
3483 1858 3599 1914 XIII
3652 1866 3708 1916 et
3752 1863 3937 1926 XVIII;

2305 1950 2448 1990 nam
2480 1937 2686 2006 priuse
2718 1939 2996 1994 Vaticano
3011 1944 3606 2015 perantiquocodice,
3638 1951 3730 2004 cui
3760 1967 3942 2006 nume-

2305 2039 2405 2078 rus
2462 2025 2805 2081 inscribitur
2856 2032 2978 2093 730,
3021 2030 3391 2103 descriptum
3441 2041 3549 2101 est.
3588 2039 3860 2096 ultimum
3913 2056 3938 2095 e

2307 2114 2836 2185 Cryptoferratensi
2870 2115 3232 2176 bibliotheca
3265 2122 3640 2196 deprompsi.

2378 2237 2658 2291 Omnium
2701 2237 2758 2292 in
2801 2238 2987 2295 fronte
3032 2243 3203 2312 posui
3249 2245 3564 2316 epistolam
3619 2252 3679 2306 S.
3723 2253 3944 2308 Joannis

2305 2325 2711 2396 Chrysostomi
2763 2328 2839 2382 ad
2888 2336 3239 2398 monachos,
3276 2333 3360 2390 ita
3407 2335 3562 2392 clare
3619 2340 3684 2395 in
3741 2343 3943 2397 Turria-

2303 2416 2471 2468 nensi
2557 2415 2762 2470 codice
2846 2417 3217 2489 inscriptam.
3304 2425 3442 2479 Esse
3527 2427 3700 2484 illam
3786 2431 3942 2502 Chry-

2304 2504 2554 2558 sostomi
2596 2504 2642 2558 si
2672 2505 2806 2576 quis
2838 2515 3102 2576 negaret,
3145 2511 3224 2564 ab
3261 2511 3376 2567 hoc
3417 2512 3542 2570 iure
3585 2533 3727 2574 meo
3765 2522 3941 2588 exige-

2302 2607 2448 2656 rem,
2487 2599 2548 2647 ut
2577 2594 2978 2650 testimonium
3033 2613 3139 2667 pro
3171 2616 3231 2654 se
3276 2605 3613 2660 auctoritati
3666 2608 3941 2664 Turrianei

2302 2681 2525 2736 codicis
2539 2683 2866 2753 aequilibre
2877 2691 2978 2740 aut
2993 2688 3190 2757 potius
3205 2693 3696 2763 praeponderans
3709 2697 3939 2753 afferret.

2304 2772 2449 2825 Cum
2482 2778 2705 2826 certum
2749 2775 2820 2827 sit
2861 2776 3085 2830 Patrem
3127 2777 3291 2833 illum
3333 2783 3938 2858 sanctissimum,ipso

2301 2859 2636 2915 affirmante
2669 2859 2770 2916 lib.
2813 2865 2833 2917 Ι
2877 2865 2952 2917 De
2980 2867 3335 2933 sacerdotio,
3371 2875 3462 2926 sat
3485 2871 3674 2942 longo
3697 2881 3937 2946 tempore

2299 2953 2622 3020 antequam
2645 2951 2952 3021 presbyter
2982 2959 3037 3007 et
3064 2955 3432 3013 ecclesiastes
3468 2961 3813 3018 Antiochiae
3848 2965 3938 3019 ﬁe-

2300 3042 2402 3101 ret,
2462 3038 2617 3092 unde
2657 3043 2743 3093 est
2799 3039 2876 3094 ad
2922 3040 3199 3098 thronum
3237 3047 3935 3122 ConstantinOpolitanum

2301 3133 2604 3191 evocatus,
2637 3127 2788 3182 inter
2827 3129 3156 3186 monachos
3189 3135 3424 3200 vixisse,
3452 3139 3934 3197 verisimillimum

2299 3221 2404 3280 est,
2436 3221 2556 3270 tam
2585 3215 2949 3273 foecundum
2985 3218 3292 3291 ingenium
3324 3240 3446 3280 non
3505 3227 3858 3286 abstinuisse
3905 3246 3935 3284 a

2301 3303 2618 3359 scribendo
2640 3305 2713 3359 de
2734 3307 2913 3362 rebus
2941 3324 3092 3379 quas
3128 3316 3266 3367 tunc
3302 3315 3728 3385 meditabatur,
3771 3325 3929 3391 atque

2297 3393 2449 3446 adeo
2480 3393 2635 3448 hanc
2650 3395 2851 3449 eoiam
2877 3401 3001 3451 tum
3027 3403 3292 3470 tempore
3325 3404 3669 3473 epistolam,
3702 3413 3756 3464 et
3781 3408 3934 3478 plura

2297 3480 2442 3535 forte
2469 3480 2584 3535 alia
2618 3483 2775 3551 paris
2803 3489 3142 3552 argumenti
3181 3488 3362 3545 literis
3393 3493 3738 3561 mandasse,
3773 3511 3931 3567 quae,

2295 3569 2458 3638 quod
2473 3586 2590 3624 non
2605 3579 2994 3641 compareant
3021 3575 3079 3629 in
3095 3577 3544 3636 collectionibus
3577 3585 3760 3654 vulgo
3779 3585 3933 3640 editis

2293 3657 2550 3728 Operum
2592 3658 2771 3723 illius,
2797 3677 2984 3718 causa
3013 3679 3140 3719 esse
3179 3667 3393 3737 potuit,
3427 3673 3720 3740 quoniam
3753 3690 3816 3729 ea
3842 3689 3931 3743 po-

2290 3746 2588 3802 tissimum
2627 3764 2696 3802 ex
2725 3749 2838 3803 illis
2864 3751 2920 3804 in
2970 3752 3204 3809 codices
3245 3757 3516 3826 publicos
3548 3761 3933 3818 referebantur

2291 3850 2444 3906 quae
2475 3836 2552 3890 ad
2571 3838 2892 3907 promiscui
2925 3842 3151 3908 generis
3180 3843 3452 3901 homines
3473 3847 3782 3906 docendos
3813 3864 3927 3921 per-

2291 3924 2474 3979 tinere
2527 3926 2885 3993 viderentur,
2921 3927 3036 3985 alia
3089 3946 3360 3990 seorsum
3409 3936 3468 3991 in
3511 3940 3929 3996 monachorum

2292 4014 2521 4068 scriniis
2562 4020 2617 4070 et
2668 4016 3097 4074 coenobiorum
3145 4020 3364 4076 archiis
3419 4025 3498 4080 uti
3557 4029 3929 4097 professionis

2290 4109 2622 4158 ascetarum
2675 4105 2915 4175 propria
2972 4107 3324 4165 sinebantur
3378 4114 3692 4172 custodiri.
3767 4118 3926 4172 Istam

2291 4206 2466 4258 porro
2501 4193 2810 4261 epistolam
2845 4198 3162 4268 praeposui
3192 4203 3423 4256 cunctis
3457 4203 3588 4258 aliis
3633 4205 3925 4277 Opusculis

2288 4291 2407 4332 non
2428 4279 2795 4351 antiquitatis
2820 4286 3253 4353 praerogativa,
3297 4305 3419 4360 qua
3447 4291 3925 4363 Chrysostomum

2287 4375 2570 4434 superant
2607 4371 2888 4424 Macarius
2938 4377 2994 4426 et
3035 4375 3511 4445 Amphilochius,
3555 4380 3656 4437 ille
3711 4389 3921 4454 septem

2285 4454 2722 4523 Opusculorum
2749 4475 2783 4513 a
2806 4461 2851 4513 II
2882 4461 2954 4515 ad
2988 4463 3120 4528 Vlll,
3145 4463 3240 4519 hic
3262 4466 3477 4522 decimi
3509 4476 3804 4531 auctores.
3831 4470 3923 4524 sed

2281 4543 2359 4597 ob
2390 4544 2716 4600 claritatem
2753 4553 2873 4603 tam
2899 4552 3019 4605 noti
3050 4557 3106 4607 et
3136 4553 3381 4609 celebris
3408 4557 3707 4615 Ecclesiae
3739 4560 3924 4615 docto-

2279 4632 2382 4696 ris,
2423 4635 2731 4704 quomodo
2771 4638 2916 4692 inter
2958 4641 3232 4697 Paulinas
3271 4645 3552 4714 epistolas
3613 4649 3922 4718 primatum

2280 4729 2529 4792 occupat
2562 4727 2839 4780 Romanis
2869 4729 3088 4799 scripta
3118 4739 3359 4804 propter
3391 4737 3696 4792 Romanae
3723 4737 3809 4792 vel
3841 4753 3923 4790 ur-

2279 4809 2370 4864 bis
2421 4810 2506 4865 vel
2550 4813 2844 4869 Ecclesiae
2885 4818 3343 4887 praecellentem
3383 4822 3762 4892 dignitatem,
3803 4826 3923 4880 licet

2277 4897 2584 4970 aliquanto
2600 4903 2890 4972 posterius
2904 4921 3086 4976 quam
3101 4910 3405 4978 quaedam
3420 4919 3753 4969 ceterarum
3771 4915 3918 4970 data.

2275 4987 2334 5040 ln
2367 4987 2732 5060 reliquorum
2751 5008 2892 5047 sane
2907 4994 3297 5065 dispositione
3312 5000 3750 5070 Opusculorum
3777 5009 3922 5058 aeta-

2275 5075 2345 5128 tis
2369 5078 2657 5149 cuiusque
2697 5081 3011 5151 rationem,
3043 5091 3338 5154 quantum
3369 5088 3551 5154 licuit,
3585 5090 3793 5147 habui.

2345 5209 2577 5278 Septem
2605 5212 2904 5280 Opuscula
2949 5216 3257 5285 sequentia
3293 5220 3468 5273 unius
3500 5229 3634 5276 sunt
3665 5222 3915 5278 auctoris

2271 5296 2500 5350 Macarii
2551 5299 2764 5366 Magni,
2817 5307 2989 5368 prout
3041 5302 3252 5358 diserte
3297 5307 3669 5375 singulorum
3729 5309 3916 5366 titulus

2271 5384 2546 5450 signabat
2575 5386 2631 5439 in
2664 5388 2866 5442 codice
2899 5391 3234 5446 'I‘urrianeo.
3280 5395 3454 5450 Erant
3481 5404 3680 5453 autem
3735 5415 3804 5454 ea
3842 5397 3912 5453 ibi

2271 5488 2388 5526 non
2424 5489 2543 5527 uno
2575 5478 2852 5531 continue
2867 5478 3047 5532 ductu
3075 5497 3363 5550 expansa,
3388 5486 3490 5539 sed
3519 5487 3577 5540 in
3604 5489 3726 5541 duo
3755 5503 3912 5558 sepa-

2267 5564 2464 5627 ratim,
2509 5563 2706 5619 multis
2739 5564 3117 5636 interpositis,
3151 5570 3350 5626 divisa
3384 5580 3706 5644 systemata
3735 5575 3911 5630 nomi-

2266 5650 2359 5704 nis
2393 5650 2681 5708 eiusdem.
2718 5653 2898 5711 Priori
2930 5657 3224 5727 siquidem
3246 5659 3342 5716 hic
3363 5662 3806 5733 praeﬁgebatur
3833 5665 3910 5718 in-
