4088 6192
182 283 272 340 333
1162 278 1257 332 AD
1295 274 1675 333 OPUSCULA
1720 274 1781 329 S.
1823 274 2126 330 MACAHII
2166 274 2528 335 AEGYPTII.
3447 279 3553 335 334

182 406 277 461 dex
305 420 317 458 :
356 402 600 460 Macarii
622 402 834 473 Magni
861 402 931 460 de
957 402 1222 459 custodia
1253 401 1441 459 cordis
1473 418 1490 467 ;
1517 397 1726 470 incipit
1757 414 1789 454 a
1822 399 1869 454 A
1903 413 2041 454 mox
2063 399 2696 472 ostendam,ubiprius
2715 401 3031 459 absolvero
3056 403 3221 477 quod
3239 404 3429 477 coepi,
3451 403 3555 460 de-

178 494 295 551 folio
322 494 416 548 {50
453 492 746 549 Turrianei
774 492 1021 561 codicis,
1053 497 1109 549 et
1138 491 1196 547 in
1238 492 1341 549 158
1371 490 1605 546 desinit.
1639 488 1789 544 Alte-
1898 486 2163 543 ﬁniendo
2212 490 2346 560 quis
2376 490 2449 544 sit
2476 490 2583 545 iste
2614 492 2899 547 Macarius
2940 493 3091 549 inter
3120 493 3319 564 plures
3365 494 3549 550 etiam

176 600 287 639 rum
315 599 347 637 a
375 582 511 637 folio
530 582 631 636 245
661 581 741 637 ad
779 586 875 638 291
921 586 1236 638 extensum
1275 580 1515 636 rubrica
1543 583 1787 634 exarato
1898 576 2088 647 Magni
2112 577 3025 651 Antoniidiscipulosquosidem
3041 582 3548 653 signavitnomen.

175 671 456 762 insignitur
497 670 658 762 titulo
709 671 792 762 sic
840 671 1022 762 latine
1063 674 1311 762 Sqnanie
1348 687 1367 762 ξ
1408 669 1664 762 Ε-άίσξίε
1717 682 1787 762 αρ’
1968 685 2094 739 Duo
2132 683 2395 739 celebres
2428 686 2663 741 Macarii
2702 686 2987 752 feruntur,
3034 690 3358 760 Aegyptius
3390 690 3550 762 prior

172 761 305 816 scitis
326 759 508 815 divini
525 758 786 814 Macarii
808 774 941 815 vere
965 759 1119 817 beati
1138 759 1210 816 de
1216 756 1656 830 perfectionein
1671 755 1786 827 spi-

1931 773 2107 839 .ictus,
2164 772 2311 829 alter
2348 772 2462 829 hoc
2500 774 2695 830 iunior
2724 755 3178 833 Alexandrinus.
3205 755 3362 832 Pasti
3390 755 3545 831 sacri

172 850 271 905 ritu
285 848 593 905 summaria
608 849 878 918 epitome.
899 848 1126 918 Legens
1147 854 1575 920 etcomparans
1597 845 1785 901 anim-

1931 860 2193 916 icclesiae
2212 862 2429 917 latinae
2444 862 2701 933 priorem
2724 862 2818 919 die
2845 865 3114 920 secunda
3136 865 3422 933 Januarii,
3456 864 3545 920 a1-

171 937 383 1001 adverﬁ’
409 952 561 1008 oPus
590 942 912 1007 αιτυωαιιθ
941 937 1119 992 unius
1147 937 1420 992 “bibere
1447 934 1785 990 doctrinam
1896 956 2086 1005 terum
2108 950 2567 1021 quintadecima
2597 958 2967 1017 memorant;
3000 954 3201 1010 Graeci
3226 958 3546 1025 utrumque

170 1025 411 1089 auctoris,
433 1025 537 1080 88d
570 1040 607 1080 ἃ
630 1025 871 1081 duom“
893 1032 1221 1098 θΧοθρίᾶων
1267 1027 1276 1095 Ι
1319 1029 1376 1080 Et
1393 1028 1569 1097 Pmut
1592 1039 1665 1078 ει
1686 1038 1785 1078 οτθ
1894 1038 1992 1093 die
2017 1038 2238 1094 mensis
2258 1038 2528 1095 eiusdem
2556 1040 3005 1112 undevigesima
3027 1048 3401 1097 venerantur.
3420 1044 3545 1097 Non

170 1114 378 1169 dicentis
419 1112 753 1179 audierant,
795 1129 905 1169 suo
936 1115 1226 1186 cuiusque
1267 1112 1504 1183 ingenio
1538 1113 1784 1167 missam

1931 1126 2044 1183 also
2092 1126 2274 1184 ambo
2329 1127 2606 1199 discipuli
2632 1128 2875 1185 Antonii
2913 1133 3220 1185 vocantur.
3261 1129 3545 1185 Viderunt

170 1203 218 1255 in
253 1202 447 1257 literas.
499 1201 647 1257 Hinc
678 1202 961 1259 notabilis
1000 1203 1259 1258 cernitur
1299 1201 1434 1275 styli
1475 1200 1785 1256 diversitas
1894 1216 2054 1272 enim
2107 1216 2545 1289 mulierumque
2585 1216 2772 1284 illum,
2802 1217 2907 1273 sed
2944 1216 3240 1273 seniorem
3275 1218 3541 1283 iuvenes,

167 1291 292 1345 inter
309 1290 558 1362 priorem
582 1290 1097 1364 posterioremque
1120 1290 1549 1354 collectionem,
1573 1304 1781 1360 quam-

1928 1320 2027 1360 ero
2069 1304 2306 1361 tandem
2361 1310 2417 1361 et
2455 1304 2645 1361 obiter
2683 1305 2759 1362 ad
2800 1305 3024 1377 ipsum,
3067 1310 3131 1362 ut
3171 1305 3339 1361 multi
3379 1312 3542 1371 tunc,

164 1394 320 1451 quam
357 1377 565 1434 eadem
621 1379 937 1451 υίτοδίίῖυθ
968 1381 1401 1436 Sententiarum
1432 1378 1608 1451 qua-Si
1649 1378 1785 1432 SUP'
1893 1392 2139 1464 profecti
2172 1393 2248 1449 ad
2281 1394 2523 1449 brevem
2546 1393 3015 1459 venerationem,
3050 1394 3270 1450 reversi
3295 1409 3432 1449 mox
3465 1393 3545 1450 ad

163 1468 348 1523 είδηῖίδ
370 1472 474 1531 δεῖν
504 1474 847 1525 υηυείθηον
871 1468 1141 1541 ordoque
1166 1476 1645 1540 βνᾶθοθβῐοτυωο
1677 1481 1783 1521 οθο
1894 1486 2075 1537 statas
2102 1480 2497 1538 habitationes
2528 1498 2669 1538 suas
2717 1498 2754 1538 a
2783 1483 3038 1539 statione
3059 1482 3261 1554 magni
3284 1483 3545 1539 anacho-

162 1555 454 1611 diﬁ'erentia
490 1554 852 1628 plerumque
905 1558 1106 1613 verba.
1150 1560 1403 1613 Tantum
1438 1556 1693 1626 pressior
1727 1560 1776 1610 et

1932 1576 2151 1625 etarum
2170 1570 2352 1626 Patris
2368 1571 2610 1627 dissitas
2628 1570 3313 1644 plurimum.Aegyptius
3332 1573 3546 1644 quippe

162 1644 683 1717 pauloincomptior
706 1646 932 1716 primus
952 1653 1231 1717 exceptor
1251 1652 1357 1714 est,
1376 1645 1518 1701 nihil
1536 1661 1776 1717 prorsus

1928 1658 2179 1715 lacarius
2207 1660 2264 1714 in
2305 1658 2485 1715 Scithi
2517 1658 2713 1713 sedem
2746 1659 2978 1725 habuit,
3014 1659 3453 1715 Alexandrinus
3484 1661 3542 1715 in

162 1733 402 1799 referens,
432 1733 604 1805 quod
626 1734 825 1789 nonin
858 1735 1123 1791 secundo
1156 1739 1537 1807 syntagmate
1563 1734 1782 1790 alicubi
1814 1735 1858 1791 Β
1893 1746 2102 1813 genus,
2183 1749 2191 1818 ι
2251 1764 2406 1819 quae
2453 1748 2587 1803 loca
2617 1748 2676 1803 in
2712 1748 2893 1819 Libya
2934 1753 3091 1813 sunt,
3124 1748 3301 1817 longe
3332 1764 3367 1804 θ,
3398 1748 3547 1805 The-

161 1821 375 1893 legatur.
434 1823 497 1878 ld
561 1822 731 1878 illum
759 1824 864 1895 qui
896 1823 1159 1894 digessit,
1197 1839 1317 1879 non
1348 1824 1555 1879 efferre
1594 1823 1654 1878 in
1710 1840 1775 1879 eo

1928 1836 2067 1892 laide
2116 1836 2417 1902 distantia,
2460 1837 2517 1891 in
2551 1852 2673 1908 qua
2712 1842 2768 1892 et
2800 1852 2975 1892 mons
3014 1836 3279 1902 interior,
3314 1836 3415 1893 ubi
3450 1852 3542 1892 so-

162 1910 403 1982 Propriae
433 1913 660 1967 mentis
688 1928 886 1978 sensa.
920 1912 1023 1967 sed
1052 1912 1268 1978 aliena.
1312 1913 1601 1967 nominati
1624 1912 1782 1967 vide-
1892 1924 1984 1979 lus
2018 1924 2371 1997 plerumque
2400 1924 2698 1981 residebat
2728 1925 3037 1991 Antonius,
3069 1930 3215 1991 erat,
3244 1929 3302 1980 et
3330 1925 3408 1981 ab
3426 1926 3544 1981 hoc

162 1998 269 2055 ίίθθί
312 2000 367 2055 in
397 2000 595 2057 ῗτοηίθ
625 2002 821 2073 0Peris
851 2001 1080 2059 Macarii
1122 2001 1311 2071 Magni
1343 2002 1608 2068 "mitam:
1642 2017 1780 2056 οιιιῐι
1892 2030 2011 2069 non
2028 2014 2279 2070 multum
2297 2014 2524 2069 distans
2544 2029 2718 2070 mons
2734 2013 3073 2080 exterior,in
3090 2030 3273 2085 quem
3289 2013 3544 2069 subinde

163 2090 256 2144 alia
281 2088 553 2145 (1⁸0181⁸811
566 2095 607 2155 ί,
644 2095 769 2145 tum
794 2090 1017 2146 inset‘la
1045 2090 1299 2146 Sllbinde
1322 2107 1435 2145 νοῐ
1456 2090 1661 2145 valens
1675 2090 1778 2155 απ»
1892 2102 2330 2169 excurrebat,ut
2345 2102 2398 2158 in
2412 2119 2482 2158 eo
2497 2101 2816 2159 habitantes
2830 2118 2969 2158 suos
2984 2102 3297 2159 monachos
3309 2104 3539 2159 viseret.

162 2176 241 2230 ubi
262 2178 445 2281 min?!"
466 2182 783 2249 exspemes
814 2194 1039 2281 ἷίῖξλδω
1063 2178 1501 2278 inletpr9‘a9d0
1526 2177 1782 2281 pleer'
1962 2210 2051 2265 Ab
2071 2210 2183 2265 hoc
2217 2214 2466 2281 utroque
2498 2209 2749 2265 Macario
2780 2208 2964 2264 alium
2996 2209 3303 2264 diversum
3334 2213 3391 2263 et
3416 2224 3543 2264 am-

162 2266 561 2354 qugnegligere
590 2282 724 2321 sum
751 2272 1013 2354 “tam”:
1043 2276 1224 2335 metut
1250 2284 1342 2331 ne’
1368 2268 1413 2321 Si
1438 2266 1782 2338 scrupulose
1891 2298 2090 2354 bobus
2118 2266 2410 2353 seniorem
2432 2296 2615 2354 fuisse
2640 2297 2857 2353 docent
2884 2313 2995 2352 nos
3020 2297 3376 2352 Athanasius
3398 2297 3455 2352 in
3480 2299 3537 2353 S.

166 2352 1779 2458 Ted9°fem’s°‘¥§“‘i§e“Vidi”???e'93‘3"“???1uxffm
1891 2352 2569 2458 Antonii,Hieronymus
2592 2352 2659 2441 in
2683 2386 2850 2441 Pauli
2878 2386 3051 2457 primi
3075 2384 3358 2441 eremitae
3385 2384 3537 2451 Vita,

162 2442 1779 2516 molestanecutilisadquidquaminterpellaretiteratio.
1892 2476 2038 2531 dum
2061 2442 2247 2540 amnt,
2271 2442 2546 2546 Magnum
2565 2442 3541 2545 Antonium‘duossecumdiscum;

215 2548 402 2604 Τοίυω
420 2555 631 2605 amem
654 2550 1155 2606 commentarium
1180 2549 1437 2621 Pl‘iorem
1459 2548 1783 2620 Ορυεουλο·
1891 2565 2259 2629 losintimos,
2274 2564 2519 2619 comites
2542 2562 2910 2631 individuos,
2925 2561 3203 2619 habuisse
3220 2562 3541 2619 Macarium

162 2651 267 2692 rum
294 2639 764 2695 Macarianorum
804 2639 1018 2709 primo,
1063 2640 1461 2710 syntagmatis
1487 2638 1664 2693 huius
1694 2654 1776 2693 se-

1930 2660 1950 2709 t
1996 2654 2338 2721 Amatham,
2376 2654 2728 2725 praesertim
2767 2651 2986 2708 ultimis
3012 2651 3362 2724 quindecim
3390 2650 3544 2707 vitae

164 2726 343 2814 οιωγάον
373 2726 750 2799 complexus,
777 2727 1031 2783 alterum
1058 2727 1223 2783 hand
1250 2726 1429 2799 Ρδουίο
1459 2726 1699 2782 Uberius
1730 2731 1787 2782 θί
1896 2758 2039 2798 suae
2090 2744 2284 2809 annis,
2316 2758 2472 2814 quos
2503 2748 2558 2798 et
2589 2739 2749 2797 solos
2795 2740 2996 2797 obitus
3040 2740 3129 2795 sui
3160 2746 3336 2796 testes
3364 2744 3420 2796 et
3459 2754 3549 2796 sec

163 2813 402 2903 prolixius
439 2816 500 2871 in
559 2832 665 2871 sex
695 2815 814 2872 alia
842 2816 1016 2872 molis
1062 2816 1250 2872 ferme
1294 2816 1450 2888 paris
1486 2816 1777 2887 Opuscula

1932 2831 2190 2898 iulturae,
2218 2831 2292 2886 de
2312 2813 2436 2902 qua
2461 2830 2574 2885 illis
2594 2829 2886 2887 mandata
2904 2844 3187 2900 suprema
3208 2828 3392 2895 dedit,
3418 2844 3546 2884 esse

166 2902 394 2970 discrevi,
448 2919 582 2961 non
614 2904 861 2961 arbitrio
890 2920 1049 2961 mere
1089 2920 1245 2969 meo,
1277 2905 1380 2959 sed
1418 2905 1641 2961 indicia
1699 2920 1780 2959 se-

1931 2920 2168 2976 onscios
2215 2918 2421 2976 voluit.
2477 2919 2727 2988 Contigit
2777 2920 2832 2975 S.
2885 2918 3122 2989 Antonii
3148 2917 3347 2973 obitus
3388 2933 3545 2975 anno

166 2996 302 3049 cutus
340 2992 752 3066 inspersorum
809 2994 983 3049 certis
1033 2993 1358 3049 intervallis
1389 2993 1786 3065 peculiarium
1900 3008 2225 3065 Constantii
2263 3013 2342 3074 ιθ,
2364 3008 2569 3064 Christi
2596 3010 2719 3063 355,
2743 2992 3010 3078 Αιφιίάθ
3041 3005 3288 3062 Macario
3310 3007 3546 3078 Aegyp-

165 3078 444 3148 titulorum,
481 3098 649 3155 quos
697 3082 758 3137 in
798 3082 989 3138 fronte
1030 3084 1317 3154 cuiusque
1360 3082 1643 3154 Opusculi
1695 3099 1779 3139 ex-

1931 3100 1997 3164 io,
2016 3113 2196 3171 quem
2222 3098 2443 3169 passim
2469 3094 3118 3168 ponuntAlexandrino
3139 3094 3321 3150 fuisse
3347 3093 3545 3150 senio-

167 3169 342 3239 pressi.
381 3170 600 3244 Capita
630 3186 874 3244 quoque
924 3172 1007 3227 sic
1038 3177 1100 3227 ut
1139 3171 1380 3228 exhibui
1424 3172 1701 3227 distincta
1726 3172 1781 3227 in

1930 3169 2053 3252 em,
2076 3202 2148 3242 ex
2178 3186 2305 3241 eius
2333 3184 2489 3241 Actis
2526 3189 2782 3249 constat,
2827 3199 2965 3240 eum
2996 3188 3245 3239 naturae
3274 3182 3544 3239 debitum

168 3257 404 3327 originali
450 3259 669 3316 codice
722 3262 1012 3328 visuntur,
1046 3260 1288 3316 rubrica
1325 3267 1381 3316 et
1411 3276 1523 3316 suo
1571 3261 1782 3333 cuique

1930 3276 2147 3332 olvisse
2178 3290 2339 3330 anno
2362 3273 2570 3331 Christi
2614 3274 2713 3330 391
2744 3272 3244 3343 nonagenarium,
3272 3277 3412 3344 post
3441 3288 3544 3329 an-

170 3344 322 3402 Ῐυάίίο
356 3364 607 3406 σαωθτο
654 3348 951 3420 dirempta
998 3349 1396 3423 ordinataque
1436 3349 1711 3405 ίηνίθθω·
1897 3381 2006 3421 nos
2058 3364 2369 3433 sexaginta
2415 3364 2476 3418 in
2526 3362 2781 3420 Scithica
2835 3361 3156 3418 solitudine
3186 3366 3542 3418 transactos.

223 3455 274 3506 V.
303 3456 419 3512 Non
440 3456 789 3520 dissimulo,
823 3459 1052 3529 septem
1074 3456 1787 3528 haecMacariiOpuscula
1900 3453 2062 3511 Unde
2088 3454 2374 3523 sequitur,
2406 3450 2795 3521 capessivisse
2823 3449 2991 3505 illum
3024 3449 3349 3505 solitariam
3380 3448 3546 3521 apud

171 3543 517 3616 praecipuam
559 3544 709 3601 mihi
750 3543 931 3601 fuisse
975 3561 1224 3601 causam
1282 3546 1459 3600 huius
1506 3545 1783 3601 editionis
1896 3542 2116 3599 Scithin
2150 3543 2333 3597 vitam
2360 3555 2522 3595 anno
2553 3539 2764 3595 Christi
2789 3540 2915 3606 331,
2949 3538 3051 3594 ubi
3082 3553 3221 3593 cum
3251 3536 3330 3594 ad
3359 3538 3542 3594 tinem

170 3629 538 3703 adornandae,
567 3638 925 3706 ceterosque
951 3639 1223 3690 auctores
1248 3634 1523 3690 undecim
1540 3636 1785 3691 totidem
1894 3630 2376 3701 perseveraverit,
2403 3629 2514 3684 nisi
2530 3629 2694 3700 quod
2710 3626 3440 3700 peregrinatusinterdum
3466 3626 3545 3683 ad

168 3714 1494 3779 hisadiunctorumlibellorumnonalioferme
1512 3724 1781 3791 consilio,
1894 3719 2216 3774 Antonium
2275 3725 2361 3773 est
2392 3717 2625 3772 visendi
2668 3722 2723 3771 et
2769 3715 3118 3771 consulendi
3150 3716 3275 3770 eius
3331 3714 3542 3783 gratia,

167 3820 318 3875 quam
337 3817 396 3865 ut
412 3810 678 3868 Macario
692 3802 975 3883 pompam
1000 3811 1278 3875 facerem,
1308 3827 1451 3867 neve
1474 3812 1785 3867 incomita-
1895 3823 2033 3863 mox
2063 3807 2141 3862 ad
2173 3807 2487 3863 stationem
2511 3804 2853 3874 regrediens
2884 3819 3083 3867 suam,
3116 3806 3545 3873 consequenter

167 3895 239 3947 ius
279 3912 480 3967 parum
517 3900 771 3956 honeste
812 3900 1093 3971 prodiret,
1134 3916 1170 3955 a
1216 3916 1309 3955 me
1339 3899 1620 3956 adscitos.
1678 3901 1783 3957 Cui
1893 3896 2054 3951 haud
2089 3911 2232 3951 sane
2256 3895 2373 3950 dici
2404 3909 2607 3965 posse,
2637 3893 2822 3948 fuisse
2855 3892 3013 3947 hunc
3044 3891 3400 3961 Aegyptium
3432 3892 3545 3945 Ma-

167 3992 529 4044 wnsentanee
560 3987 870 4059 proposito
902 4003 1078 4058 agere
1103 3987 1198 4047 hic
1232 3988 1412 4060 paulo
1443 3988 1783 4057 diligentius
1892 3985 2145 4051 carium,
2167 3984 2334 4039 illum
2360 3984 2653 4039 Amathae
2669 3981 2982 4051 collegam,
3004 3979 3340 4034 ministrum
3369 3984 3423 4033 et
3451 3992 3545 4033 so-

168 4068 219 4125 de
246 4073 481 4131 Macario
511 4077 731 4146 Magno
760 4076 977 4143 debeo,
1009 4092 1128 4133 non
1170 4078 1502 4132 omissurus
1541 4077 1615 4133 de
1654 4078 1783 4134 aliis
1893 4074 2051 4139 cium
2074 4072 2452 4127 individuum
2474 4070 2667 4141 Magni
2716 4069 2971 4134 Antonii,
3004 4084 3184 4140 quem
3210 4066 3305 4121 ille
3325 4066 3445 4121 iam
3464 4065 3543 4121 ab

167 4156 278 4216 item
299 4163 663 4236 reliquorum
696 4165 1043 4221 auctoribus
1074 4166 1509 4237 Opusculorum
1537 4183 1648 4223 suo
1679 4183 1785 4223 cu-
1892 4178 2053 4219 anno
2097 4162 2304 4217 Christi
2337 4160 2609 4218 Birt—hic
2649 4159 2806 4215 enim
2856 4158 3103 4231 quintus
3132 4156 3405 4212 decimus
3453 4159 3545 4210 est

166 4245 341 4321 iusque
359 4252 490 4310 loco
505 4254 785 4310 etordine
798 4270 955 4327 quae
972 4254 1087 4310 dici
1102 4261 1376 4326 oportere
1396 4255 1778 4313 videbuntur.
1894 4258 2031 4307 ante
2055 4257 2304 4305 mortem
2325 4248 2779 4305 Antonii—dum
2803 4248 2862 4303 in
2890 4252 3154 4302 montem
3179 4244 3539 4313 interiorem,

220 4355 376 4413 unua
411 4375 508 4415 me
558 4360 637 4415 ad
699 4359 1172 4432 ίωρθηάεηάεω
1214 4362 1564 4417 Macarianis
1618 4362 1782 4419 hisce
1894 4340 2008 4396 illic
2046 4340 2310 4432 reliquae
2343 4340 2491 4394 vitae
2520 4338 2779 4394 stadium
2810 4336 3192 4432 decursurus,
3220 4333 3540 4432 secederet,

166 4442 444 4512 Opusculis
492 4465 525 4504 e
556 4448 676 4503 situ
706 4422 987 4505 eruendis
1014 4448 1388 4519 diligentiam
1432 4457 1772 4509 moverunt.

1928 4446 1952 4484 1
1981 4429 2114 4485 loco
2161 4428 2300 4483 huic
2338 4428 2550 4493 vicino,
2592 4428 2706 4483 hoc
2756 4431 2845 4482 est
2902 4426 2965 4480 in
3021 4428 3225 4480 monte
3255 4422 3542 4478 exteriore

166 4529 381 4591 Verbum
403 4541 569 4592 vetus
590 4543 683 4592 est
707 4538 761 4593 S.
780 4537 1075 4593 Ambrosii
1104 4515 1381 4594 (Primus
1398 4538 1666 4596 discendi
1686 4555 1779 4596 ar-
1892 4524 2132 4590 91⁵⁸⁸³ίο
2165 4533 2401 4590 semper
2436 4517 2550 4573 “ibi
2579 4516 2657 4573 ad
2688 4521 3021 4572 θιίτθωυω
3051 4530 3181 4569 ⁸⁸⁸⁸
3210 4515 3469 4569 iusseru-

165 4618 254 4672 dor
277 4624 551 4681 nobilitas
591 4630 675 4681 est
698 4625 976 4696 magistri
1002 4626 1101 4697 (l).
1130 4628 1184 4683 S.
1222 4627 1403 4681 Patris
1433 4629 1777 4695 auctoritas,
1963 4626 2056 4684 VI.
2097 4626 2265 4682 Hunc
2294 4625 2574 4699 equidem
2606 4624 2925 4680 Macarium
2979 4622 3212 4678 socium
3248 4618 3539 4675 Amathae

167 4706 343 4778 Magno
360 4712 686 4769 Athanasio
705 4713 994 4786 aequalis,
1028 4714 1245 4785 Magno
1267 4731 1511 4789 quoque
1525 4717 1780 4773 Antonio
1889 4715 2169 4771 existimo
2210 4721 2328 4771 tam
2368 4713 2827 4786 quinquaginta,
2861 4726 3018 4784 quae
3048 4709 3280 4765 dudum
3304 4711 3540 4763 exstant

165 4791 457 4867 familiaris,
489 4802 550 4857 in
574 4818 754 4873 Opere
779 4802 879 4858 illa
907 4803 1040 4875 ipsa
1071 4804 1423 4874 proferente,
1447 4820 1604 4876 quae
1629 4805 1781 4861 divi-
1888 4805 2209 4877 inscriptae
2234 4819 2493 4859 nomnae
2514 4802 2771 4867 Macarii,
2800 4799 3188 4857 Homiliarum
3211 4801 3538 4860 auctorem,

164 4882 297 4937 nitus
310 4886 632 4944 illustratus
646 4890 931 4945 Antonius
945 4891 1345 4962 antiquissimo
1360 4891 1779 4963 discipulorum
1887 4909 2073 4965 quam
2105 4894 2318 4949 horum
2346 4898 2572 4963 septem
2600 4889 3035 4962 Opusculorum
3062 4902 3219 4959 quae
3240 4899 3400 4940 nunc
3419 4882 3539 4938 edi-

166 4983 222 5024 ac
245 4972 354 5031 ﬁlio
374 4978 792 5047 primogenita,
833 4978 1021 5034 intimi
1059 4979 1240 5049 longo
1268 4997 1376 5034 usu
1404 4980 1776 5037 contubernii
1890 5000 2045 5040 mus.
2080 4986 2225 5038 Nam
2243 4982 2408 5055 quod
2426 4980 2903 5037 virdoctissimus
2927 4978 3189 5033 Joannes
3211 4975 3406 5039 Picus,
3432 4971 3539 5044 qui

168 5060 399 5119 ministro
423 5064 795 5135 ﬁdelissimo,
827 5083 1045 5123 arcane
1075 5069 1558 5133 communicavit,
1592 5070 1776 5140 digna
1888 5071 2171 5130 Homilias
2200 5072 2330 5127 illas
2350 5087 2386 5126 a
2416 5087 2478 5125 se
2508 5069 2687 5125 latine
2712 5068 2973 5124 redditas
3003 5065 3292 5133 vulgavit,
3320 5062 3535 5133 Opina-

167 5147 271 5233 Yisa
296 5158 375 5208 est
394 5169 583 5225 quam
610 5171 941 5222 venerarer,
970 5163 1024 5212 et
1046 5173 1115 5213 ea
1141 5157 1631 5214 commendatum
1655 5175 1774 5216 non
1888 5167 1999 5226 tur,
2015 5162 2384 5233 scriptaseas
2403 5159 2586 5215 fuisse
2603 5156 2901 5215 aMacario
2914 5155 3225 5228 Aegyptio,
3249 5151 3540 5209 Scithicae

167 5232 697 5308 despiceremlatere
723 5245 781 5299 in
809 5250 1162 5317 perpetuum
1188 5246 1439 5302 sinendo
1471 5246 1772 5312 volumen,
1886 5249 2082 5306 incola
2112 5232 2468 5317 solitudinis,
2503 5247 2702 5304 valide
2748 5245 3031 5302 refellitur
3056 5240 3354 5299 contrario
3388 5240 3539 5296 testi-

168 5330 476 5393 praesertim
504 5332 826 5405 spectabile
850 5335 1113 5407 utileque
1148 5335 1210 5391 in
1258 5334 1425 5408 [non]
1454 5337 1682 5407 paucis,
1714 5344 1777 5393 ut
1886 5340 2093 5398 monio
2114 5338 2407 5394 Gennadii
2436 5336 2833 5401 Massiliensis,
2866 5335 3036 5392 cuius
3067 5348 3199 5405 cap.
3230 5333 3268 5387 Χ
3293 5329 3426 5387 libri
3459 5329 3540 5385 De

1706 5495 1954 5554 NOTAE.

236 5641 303 5712 (t)
326 5644 445 5705 Lib.
492 5650 575 5705 De
604 5648 749 5722 virg.
