4088 6192
492 199 603 252 335

1669 193 1881 249 PETRI
1918 192 2196 250 POSSINI
2239 191 2781 248 PROLEGOMENA
3781 201 3869 257 336

493 319 636 373 viris
658 318 990 373 illustribus
1007 317 1453 386 haecleguntur
1474 318 1689 372 verba:
1719 317 2022 373 Macarius
2046 317 2149 371 ille
2186 317 2230 368 A
2261 313 2422 383 ginta
2453 314 2822 380 milliarium,
2858 316 2934 370 ad
2956 314 3156 371 locum
3196 316 3500 372 exterioris
3533 320 3756 386 montis,
3803 323 3873 377 in-

495 407 822 463 monachus
841 408 1188 477 Aegyptius,
1221 406 1405 475 signis
1454 412 1507 461 et
1560 406 1881 460 virtutibus
1927 407 2149 474 clarus,

499 512 679 553 unam
708 501 939 551 tantum
971 496 1049 550 ad
1060 495 1332 565 juniores
1345 495 1730 564 professionis
1755 510 1897 551 suae
1917 495 2152 562 scripsit

498 585 828 653 epistolam.
869 587 948 638 Ita
981 584 1077 638 ille
1110 599 1119 636 :
1151 584 1321 638 cuius
1357 589 1476 638 tam
1511 583 1710 637 idonei
1742 587 1867 637 tam
1898 583 2152 637 disertae

498 672 828 729 auctoritati
848 672 1009 726 testis
1021 672 1162 742 quid
1183 672 1327 726 satis
1344 671 1608 727 validum
1632 671 2151 727 obtendieluctan-

498 762 612 817 dae
668 765 867 832 queat,
928 760 1091 815 haud
1133 759 1306 815 video
1341 779 1355 827 ;
1389 764 1567 831 atque
1623 760 1774 815 adeo
1823 776 1933 832 pro
1994 766 2152 815 certo

497 853 693 915 teneo,
720 848 1133 920 quaerendum
1158 847 1342 903 alium
1369 865 1404 903 a
1435 850 1689 906 Macario
1722 849 2012 921 Aegyptio
2043 851 2153 905 Ma-

501 939 884 994 carianarum
909 935 1302 992 Homiliarum
1337 943 1666 992 auctorem.

573 1030 860 1098 Suggeret
898 1025 1045 1080 forte
1077 1025 1381 1096 quispiam
1422 1025 1671 1082 alterum
1705 1026 1822 1082 hoc
1853 1026 2147 1082 iuniorem

499 1114 1028 1183 Macarium,vulgo
1050 1113 1275 1168 dictum
1294 1114 1761 1170 Alexandrinum
1785 1132 1819 1170 a
1841 1116 2074 1171 civitate
2092 1117 2150 1170 in

501 1219 622 1276 qua
665 1209 840 1258 natus
889 1207 992 1256 est.
1043 1204 1113 1256 At
1160 1219 1296 1257 cum
1330 1203 1481 1258 inter
1514 1203 1720 1269 multa,
1755 1219 1910 1275 quae
1941 1204 2014 1259 de
2042 1205 2153 1260 isto

503 1291 755 1348 Macario
789 1292 1152 1347 Sozomenus
1190 1290 1296 1346 lib.
1344 1292 1413 1346 IlI
1446 1308 1577 1363 cap.
1618 1292 1704 1358 l3,
1748 1294 2020 1348 Socrates
2047 1291 2149 1347 lib.

505 1381 575 1435 IV
620 1396 753 1450 cap.
793 1384 874 1443 18,
910 1385 965 1435 et
1000 1395 1071 1434 ex
1102 1379 1193 1434 his
1235 1379 1309 1435 de
1353 1397 1520 1437 more
1553 1381 1919 1452 Nicephorus
1950 1380 2054 1436 lib.
2086 1382 2156 1435 IX

507 1484 643 1541 cap.
718 1470 781 1522 14
821 1468 1126 1537 colligunt,
1179 1469 1324 1524 nihil
1384 1486 1626 1540 prorsus
1680 1470 1953 1535 referant,
1997 1469 2155 1524 unde

505 1558 811 1628 scripsisse
832 1557 1166 1629 quidquam
1190 1574 1345 1623 eum,
1372 1558 1536 1630 quod
1560 1560 1617 1613 in
1637 1559 1830 1614 lucem
1849 1575 1917 1615 ac
1934 1559 2156 1614 famam

506 1627 729 1712 exierit,
751 1627 940 1718 possit
969 1627 1237 1716 intelligi,
1267 1627 1452 1702 nec—ei
1477 1649 1801 1720 quisquam
1831 1649 1981 1704 alius
2004 1652 2157 1703 vete-
2192 1627 2234 1681 Β

509 1752 666 1800 rum,
705 1735 869 1806 quod
911 1736 1117 1800 sciam,
1152 1742 1253 1790 aut
1284 1737 1680 1792 recentiorum
1721 1737 1836 1792 hoc
1876 1754 2028 1808 opus
2058 1736 2160 1792 tri-

505 1825 653 1880 buat
684 1841 696 1878 :
739 1823 875 1895 quis
906 1839 1027 1879 non
1065 1823 1239 1888 videt,
1277 1841 1497 1897 magna
1535 1841 1644 1881 nos
1676 1827 1908 1881 invitari
1957 1825 2158 1880 verisi-

506 1912 843 1969 militudine
871 1912 946 1967 ad
980 1913 1260 1968 Homilias
1293 1913 1433 1970 istas
1457 1915 1878 1985 antiquissimo
1905 1915 2159 1970 Macario

509 2001 702 2071 Magni
719 2001 954 2056 Antonii
980 2001 1188 2057 intimo
1211 2007 1387 2074 atque
1403 2003 1716 2058 individuo
1740 2004 2014 2058 ministro
2036 2002 2162 2057 vin-

511 2089 806 2146 dicandas
831 2089 860 2144 i’
888 2089 1004 2144 Nec
1054 2106 1176 2162 qua
1207 2106 1310 2146 eas
1360 2091 1676 2146 occasione
1715 2107 1912 2162 quove
1964 2090 2161 2147 ofﬁcio

513 2195 724 2250 graece
757 2195 792 2235 a
823 2195 884 2233 se
939 2178 1205 2234 redditas
1247 2196 1316 2234 ex
1357 2181 1591 2235 Antonii
1626 2180 1896 2251 magistri
1934 2179 2160 2235 dictatis

509 2266 841 2340 protulerit,
872 2266 1053 2323 latere
1075 2269 1289 2338 poterit
1318 2274 1716 2339 reputantem,
1751 2268 2160 2340 praepositum

513 2373 651 2413 eum
679 2357 757 2414 ab
779 2356 1035 2410 Antonio
1090 2358 1099 2426 |
1151 2356 1332 2411 fuisse
1353 2357 1767 2428 gubernandis
1781 2359 1906 2413 eius
1921 2357 2164 2413 nomine

512 2445 784 2518 quinque
816 2443 1082 2499 millibus
1113 2446 1572 2512 monachorum,
1606 2447 1707 2518 qui
1743 2447 1962 2501 ultimis
1993 2447 2162 2517 quin-

519 2535 708 2590 decim
739 2533 896 2589 vitae
927 2532 1167 2588 Antonii
1194 2535 1370 2589 annis
1405 2535 1840 2590 monasterium
1866 2536 2163 2607 Pispirita-

517 2639 662 2679 num
687 2621 1170 2693 frequentabant.
1198 2624 1312 2677 Hos
1341 2623 1728 2678 disertissime
1754 2629 1996 2679 testatur
2022 2623 2168 2678 anti-

517 2712 851 2783 quissimus
878 2710 1029 2766 vitae
1057 2710 1292 2766 abbatis
1321 2712 1646 2768 Posthumii
1673 2712 1923 2784 scriptor
1949 2729 2170 2783 anony-

519 2817 675 2866 mus,
705 2816 883 2872 quem
909 2799 1171 2855 referunt
1188 2806 1241 2856 et
1265 2819 1299 2855 a
1319 2799 1439 2856 ﬁde
1460 2803 1720 2857 maxime
1743 2801 2171 2857 commendant

518 2890 703 2946 nostri
741 2889 1061 2944 Bollandus
1112 2894 1165 2944 et
1222 2890 1626 2945 Henschenius
1657 2894 1822 2947 Tom.
1858 2894 1874 2945 Ι
1915 2890 2171 2946 Ianuarii

2262 403 2460 458 teriori
2480 403 2911 475 propinquum,
2939 404 3180 460 cuiloco
3198 421 3418 460 nomen
3443 411 3564 462 erat
3578 408 3869 481 Pisper(2),

2263 491 2365 546 ubi
2418 493 2697 547 Amathas
2741 498 2796 548 et
2827 494 3118 548 Macarius
3156 494 3518 562 residebant,
3565 497 3707 552 soliti
3729 505 3874 554 erant

2262 581 2578 635 convenire
2601 580 2936 636 audiendae
2960 583 3151 650 gratia
3180 598 3387 638 sacrae
3408 583 3702 640 doctrinae
3731 601 3760 640 a
3781 589 3874 642 Ma-

2263 669 2424 723 cario
2453 669 2690 724 Antonii
2720 671 3058 742 interprete,
3090 670 3231 742 quin
3266 677 3322 726 et
3353 670 3540 742 ipsius
3571 673 3786 728 Antonii
3806 674 3875 728 vi-

2263 755 2454 825 sendi,
2502 757 2605 828 qui
2662 773 2733 812 eo
2787 763 3178 814 consueverat
3218 759 3388 814 certis
3445 758 3670 814 dierum
3721 760 3873 816 inter-

2263 845 2430 901 vallis
2458 862 2518 900 se
2546 845 2836 902 conferre.
2867 846 3020 903 Nihil
3051 848 3269 903 horum
3300 847 3457 902 credi
3481 848 3621 903 mihi
3649 848 3874 920 postulo.
3940 915 3946 922 ἱ

2264 936 2346 989 En
2364 934 2985 998 oculatum,referente
3015 935 3283 992 Palladio
3303 935 3520 991 inVitis
3547 936 3785 1003 Patrum,
3815 937 3876 993 de

2262 1022 2355 1077 his
2387 1023 2616 1078 cunctis
2657 1024 3069 1080 testimonium
3109 1024 3302 1081 Cronii
3343 1024 3615 1080 cuisdam
3655 1025 3876 1097 presby-

2265 1113 2366 1166 teri
2399 1110 2728 1178 Nitriensis,
2767 1129 2828 1167 se
2868 1115 3106 1168 venisse
3137 1113 3352 1168 aientis
3382 1113 3462 1169 ad
3491 1115 3875 1170 monasterium

2261 1200 2586 1256 S.Antonii
2614 1201 2676 1256 in
2693 1202 2818 1256 loco
2839 1202 2942 1272 qui
2966 1201 3430 1272 Pisperdicitur.
3449 1203 3520 1257 In
3535 1218 3663 1274 quo,
3694 1202 3874 1273 inquit,

2261 1289 2541 1345 sedebant
2570 1291 2691 1345 eius
2727 1290 3010 1359 discipuli
3038 1290 3339 1346 Macarius
3370 1297 3425 1346 et
3469 1290 3761 1354 Amat/tas,
3792 1293 3879 1361 qui

2263 1380 2440 1435 etiam
2499 1394 2649 1446 eum,
2705 1395 2838 1435 cum
2883 1380 3234 1445 dormiisset,
3287 1380 3667 1447 sepelierunt.
3710 1379 3877 1444 Addit,

2263 1473 2632 1536 exspectasse
2655 1483 2713 1523 se
2733 1469 2857 1523 dies
2883 1469 3165 1539 quinque,
3196 1475 3258 1524 ut
3284 1470 3621 1525 conveniret
3640 1474 3877 1525 sanctum

2264 1556 2611 1611 Antonium.
2669 1557 2985 1612 Dicebatur
3011 1559 3188 1623 enim,
3222 1559 3323 1623 ait,
3365 1558 3641 1614 accedere
3675 1557 3747 1612 ad
3791 1557 3881 1612 hoc

2269 1646 2689 1700 monasterium
2721 1646 3049 1717 aliquando
3080 1647 3316 1718 quidem
3348 1654 3480 1715 post
3520 1648 3709 1703 decem
3759 1647 3879 1711 dies,

2267 1734 2595 1806 aliquando
2633 1749 2769 1790 vero
2796 1741 2927 1803 post
2961 1736 3191 1804 viginti,
3226 1736 3557 1807 aliquando
3620 1751 3744 1792 vero
3771 1742 3880 1804 post

2267 1823 2546 1894 quinque,
2577 1829 2752 1891 prout
2774 1824 3123 1893 expediebat
3143 1840 3253 1893 pro
3282 1825 3561 1893 beneﬁcio
3586 1840 3771 1881 eorum
3797 1823 3884 1895 qui

2268 1912 2580 1968 veniebant
2595 1912 2676 1968 ad
2695 1913 3137 1969 monasterium.
3162 1916 3338 1969 Porro
3357 1913 3559 1985 iis,qui
3578 1914 3633 1968 in
3654 1929 3718 1968 eo
3740 1917 3881 1968 erant

2269 1999 2995 2072 monasterio,praefuisse
3013 2001 3303 2056 vicarium
3334 2002 3570 2057 Antonii
3601 2001 3883 2058 Macarium

2271 2090 2426 2146 clare
2458 2089 2638 2144 tradit
2677 2089 2835 2145 idem
2875 2089 2980 2161 qui
3020 2089 3250 2145 viderat
3290 2090 3542 2145 Cronius
3591 2090 3881 2162 presbyter,

2271 2179 2386 2235 hoc
2409 2177 2591 2233 modo
2615 2194 2797 2249 supra
2824 2178 3134 2250 descriptis
3157 2177 3498 2249 adiungens
3522 2195 3533 2232 :
3560 2179 3773 2234 Accidit
3799 2193 3884 2234 au-

2274 2272 2404 2333 tem,
2449 2273 2512 2321 ut
2538 2268 2658 2321 alio
2701 2267 2794 2323 die
2843 2269 3064 2323 veniret
3103 2267 3364 2336 Magnus
3406 2267 3733 2341 [Antonius]
3778 2281 3881 2322 sero

2274 2355 2770 2424 vespere,amictus
2785 2355 3083 2427 chlamyde
3096 2357 3667 2429 pelliceaJngressus
3680 2363 3757 2413 est
3769 2370 3881 2425 ergo

2275 2461 2445 2501 suum
2461 2445 2907 2500 monasterium.
2938 2446 3090 2500 Erat
3106 2452 3303 2501 autem
3327 2446 3475 2503 haec
3487 2448 3606 2503 eius
3618 2449 3882 2502 consuetu-

2275 2533 2862 2604 do,utalloqueretur
2885 2533 3302 2598 Macarium,et
3327 2550 3461 2590 cum
3487 2534 3882 2604 interrogaret:

2276 2623 2492 2678 Frater
2519 2621 2772 2686 Macari,
2801 2626 3161 2678 veneruntne
3183 2623 3297 2678 huc
3321 2623 3511 2696 aliqui
3547 2623 3574 2677 εἰ
3603 2621 3888 2690 Responde-

2281 2711 2698 2766 batMacarius
2727 2725 2749 2765 ,ο
2789 2711 3105 2766 Venerunt.
3151 2711 3394 2767 Dicebat
3419 2720 3610 2768 autem
3636 2712 3887 2780 Magnus:

2278 2799 2562 2855 SuntneA
2573 2799 2797 2869 egyptii
2809 2814 2887 2854 an
2900 2800 3453 2869 Hierosolymitani?
3471 2801 3712 2856 Dederat
3728 2805 3889 2855 autem

2280 2889 2538 2959 Magnus
2561 2888 2612 2944 ei
2633 2888 2871 2957 signum
2898 2888 3098 2943 dicens
3127 2907 3146 2943 :
3177 2888 3320 2944 Cum
3339 2890 3558 2946 videris
3583 2891 3784 2945 venisse
3806 2887 3893 2942 ali-

517 2993 656 3051 pag.
693 2977 850 3032 1006.
884 2978 936 3031 Is
964 2979 1124 3033 enim
1159 2994 1386 3043 narras,
1424 2980 1742 3036 Macarium
1777 2987 1912 3050 post
1944 2985 2171 3035 rectum
2209 2975 2249 3032 C
2282 2977 2645 3049 quosquibus
2664 2979 2957 3032 estminus
2975 2978 3316 3047 negotii,dic
3338 2975 3895 3048 :AdsuntAegyptii;

521 3084 557 3125 8.
589 3082 651 3121 se
683 3066 810 3122 solo
854 3066 1082 3138 aliquot
1114 3083 1149 3123 a
1188 3075 1375 3123 morte
1401 3066 1636 3123 Antonii
1669 3068 1843 3125 annis
1872 3068 2173 3139 Pispirita-

521 3173 670 3213 num
733 3156 1109 3220 coenobium,
1166 3156 1332 3212 senio
1378 3174 1438 3212 se
1480 3157 1748 3213 fatiscere
1801 3158 2170 3222 sentientem,

522 3245 582 3300 in
641 3244 729 3297 sui
782 3243 982 3299 locum
1023 3243 1271 3312 elegisse
1313 3261 1739 3300 successurum
1781 3245 1891 3300 sibi
1931 3245 2176 3300 Posthu-

525 3332 739 3398 mium,
767 3331 1208 3399 clarissimeait,
1239 3332 1420 3387 fuisse
1449 3333 1771 3388 Posthumii
1796 3333 2173 3388 decessorem

522 3421 860 3475 Macarium
892 3420 962 3473 B.
1002 3420 1250 3474 Antonii
1275 3420 1656 3490 discipulum,
1700 3437 1769 3476 ac
1809 3438 1944 3476 mox
2007 3422 2175 3476 tertio

527 3513 660 3580 post
692 3521 862 3560 versu
903 3522 914 3560 ;
958 3522 1095 3562 nam
1124 3507 1275 3563 idem
1313 3509 1615 3564 Macarius
1645 3509 1719 3564 ab
1768 3510 2000 3564 illustri
2050 3510 2175 3564 viro

526 3597 784 3652 Antonio
814 3597 1242 3653 monachorum
1270 3599 1400 3666 fere
1429 3601 1691 3670 quinque
1721 3600 1914 3655 millia
1944 3614 2177 3667 accepe-

527 3693 623 3742 rat
655 3685 1070 3755 gubernanda.
1105 3685 1395 3742 Nimirum
1429 3689 1483 3744 S.
1515 3689 1822 3754 Antonius,
1855 3689 1957 3760 qui
1983 3687 2178 3744 literas

526 3791 562 3831 a
587 3789 771 3846 puero
793 3789 913 3829 non
940 3774 1265 3839 didicisset,
1295 3782 1352 3831 et
1372 3778 1564 3848 patria
1591 3793 1708 3832 una
1726 3776 1930 3848 lingua
1945 3777 2180 3848 coptica

528 3879 766 3934 semper
803 3863 1080 3935 loquens,
1132 3878 1345 3932 graeca
1393 3881 1512 3920 non
1571 3866 1840 3937 expedite
1900 3871 2176 3931 uteretur,

2283 3067 2523 3139 quando
2537 3070 2729 3122 autem
2746 3066 2960 3122 videris
2978 3069 3199 3122 venisse
3211 3067 3447 3138 aliquos
3467 3067 3832 3138 religiosiores
3852 3067 3894 3120 et

2279 3156 2464 3226 paulo
2483 3154 3126 3221 consideratiores,dic:
3171 3156 3180 3225 |
3220 3151 3894 3227 SuntHierosolymitani.

2289 3249 2438 3300 Haec
2452 3245 2719 3309 Cronius,
2736 3259 2892 3315 quae
2907 3245 3135 3300 viderat
3147 3246 3263 3299 fide
3291 3247 3623 3319 presbyteri
3647 3245 3888 3301 referens.

2287 3337 2368 3389 Ex
2419 3333 2641 3403 quibus
2696 3333 3003 3389 manifeste
3039 3339 3216 3404 patet,
3251 3334 3494 3391 assidue
3527 3334 3794 3390 mansisse
3846 3331 3891 3384 in

2285 3421 2634 3493 Pispiritano
2656 3421 3305 3490 coenobioMacarium,
3331 3424 3489 3478 vices
3515 3421 3755 3487 Antonii,
3772 3434 3893 3491 quo-

2287 3510 2362 3566 ad
2398 3509 2445 3563 is
2481 3509 2643 3574 vixit,
2677 3516 2982 3578 gerentem
3013 3515 3071 3564 et
3113 3510 3383 3566 videlicet
3424 3511 3785 3584 quotidianas
3815 3509 3895 3561 aut

2287 3599 2625 3671 frequentes
2657 3598 3004 3654 erudiendis
3061 3605 3234 3671 aptas
3287 3600 3600 3656 monachis
3649 3595 3895 3654 Homilies

2287 3688 2902 3760 habentem,quarum
2921 3689 3048 3758 ipse
3065 3694 3321 3744 nontam
3343 3695 3550 3745 auctor
3569 3704 3741 3761 quam
3758 3687 3896 3740 inter-

2289 3792 2425 3850 pres
2471 3782 2643 3832 esset.
2687 3777 2902 3832 Audita
2952 3778 3112 3832 enim
3169 3777 3247 3832 ab
3297 3779 3554 3834 Antonio
3597 3773 3900 3847 capticelo-

2289 3869 2510 3939 quente
2536 3866 2661 3936 ipse
2694 3881 2904 3934 graece
2936 3865 3273 3937 perorabat.
3307 3866 3463 3922 Audi
3493 3867 3648 3922 enim
3676 3863 3894 3918 Athana-

528 3957 847 4026 propterea
877 3952 1090 4008 solitus
1125 3969 1262 4008 cum
1293 3955 1522 4010 Graecis
1556 3970 1730 4024 agere
1762 3971 1868 4026 per
1893 3955 2183 4027 interpre-

530 4048 668 4104 tem,
725 4047 786 4095 ut
825 4041 970 4096 haec
1011 4042 1218 4097 omnia
1256 4044 1473 4098 diserte
1513 4044 1873 4099 Athanasius
1909 4049 2178 4108 testatur,
2292 4060 2426 4099 rum
2452 4043 2591 4098 edit.
2623 4043 2799 4098 Paris.
2831 4043 3129 4099 annil627
3152 4058 3290 4114 pag.
3324 4045 3451 4110 479,
3475 4044 3594 4107 ubi,
3619 4047 3894 4114 postquam

531 4128 1067 4191 addensetiam,ad
1089 4129 1291 4184 hocad
1312 4147 1560 4185 manum
1576 4130 2182 4187 habuissehominem
2293 4133 2455 4196 dixit,
2496 4131 2821 4187 Antonium
2858 4131 3250 4188 Alexandriae
3278 4137 3648 4204 praesentem
3672 4136 3897 4197 tempore

530 4216 813 4270 idoneum
832 4216 1248 4280 maxime,non
1268 4218 1473 4283 alium,
1499 4218 2074 4289 opinor,aMacario,
2099 4221 2182 4274 in-
2294 4222 2726 4291 persecutionis
2756 4219 3057 4275 Maximini
3084 4221 3373 4276 obtulisse
3402 4237 3464 4275 se
3491 4219 3560 4276 ad
3589 4215 3894 4287 martyrium

533 4319 830 4373 superque
849 4303 926 4357 ab
950 4304 1209 4358 instituto
1243 4321 1353 4360 suo
1384 4308 1560 4361 veteri
1592 4307 2043 4371 anachoreseos,
2069 4308 2184 4363 hoc
2218 4331 2261 4384 ι)
2295 4309 2554 4379 praesidi
2583 4309 2805 4381 alioqui
2846 4309 2973 4364 fero
3028 4315 3084 4364 et
3127 4309 3537 4379 sanguinaria,
3572 4323 3674 4362 nec
3710 4310 3895 4360 tamen.

534 4396 622 4447 est
651 4390 806 4445 vitae
849 4391 1169 4462 solitariae,
1214 4395 1488 4449 recedere
1517 4411 1636 4449 non
1685 4396 1916 4460 volens,
1961 4413 2096 4451 cum
2123 4398 2182 4452 in
2295 4398 2452 4468 quod
2507 4399 2775 4468 impense
2824 4398 3119 4468 cupiebat,
3184 4397 3368 4452 fuisse
3420 4395 3897 4467 comprehensum,

536 4484 736 4535 monte
765 4479 1044 4545 interiori,
1074 4479 1205 4536 loco
1242 4481 1352 4536 sibi
1393 4482 1673 4538 divinitus
1704 4490 2053 4550 monstrato,
2089 4501 2186 4540 so—
2294 4488 2598 4560 adiungit:
2630 4490 2780 4544 Erat
2804 4498 3000 4544 autem
3033 4489 3310 4544 Dominus
3340 4489 3514 4544 illum
3549 4496 3828 4542 reservans
3849 4478 3897 4531 in

532 4568 626 4623 lus
658 4583 1037 4638 perseverare
1066 4585 1256 4641 usque
1278 4570 1352 4625 ad
1381 4577 1652 4637 mortem,
1677 4579 1853 4642 prout
1877 4588 2079 4629 revera
2105 4573 2183 4629 fe-
2296 4585 2561 4633 nostram
2587 4584 2639 4633 et
2680 4577 2936 4632 aliorum
2970 4577 3304 4642 utilitatem,
3340 4585 3406 4632 ut
3438 4579 3497 4632 in
3526 4573 3716 4636 ascesi,
3748 4582 3895 4642 quam

534 4656 629 4723 cit,
663 4657 1040 4722 decrevisset,
1070 4673 1178 4714 nec
1210 4664 1409 4714 tamen
1439 4660 1649 4716 deesse
1689 4660 1860 4716 vellet
1894 4667 1975 4717 tot
2017 4662 2184 4717 milli-
2296 4681 2326 4721 e
2348 4665 2671 4735 Scripturis
2701 4665 2821 4733 ipse
2848 4665 3164 4729 didicerat,
3195 4666 3401 4721 multis
3433 4664 3703 4734 magister
3738 4659 3894 4728 ﬁeret.

2296 4754 2699 4822 Magisterium
2730 4759 2927 4809 autem
2962 4753 3117 4808 istud
3145 4755 3439 4809 Antonius
3477 4750 3726 4808 exercuit
3747 4743 3898 4815 copti-

2298 4859 2386 4907 ca,
2420 4858 2604 4914 quam
2639 4842 2852 4908 solam,
2881 4847 2940 4896 ut
2972 4843 3114 4907 dixi,
3147 4842 3420 4907 callebat,
3456 4842 3667 4909 lingua,
3701 4839 3772 4891 Ex
3799 4844 3897 4903 qua

2299 4932 2357 4986 S.
2387 4930 2747 4987 Athanasius
2774 4946 2985 4999 graece
3014 4931 3210 4987 reddit
3241 4933 3392 4986 bene
3418 4931 3625 4997 longas
3653 4927 3766 4981 eius
3791 4933 3897 4976 ora-

2298 5018 2487 5074 tiones
2518 5018 2690 5084 duas,
2726 5018 2985 5088 priorem
3018 5035 3052 5073 a
3078 5034 3217 5090 pag.
3255 5023 3348 5075 461
3385 5017 3461 5073 ad
3485 5018 3602 5078 477,
3633 5013 3849 5069 alteram
3869 5018 3897 5058 a

2299 5121 2435 5177 pag.
2460 5109 2564 5162 492
2587 5107 2659 5163 ad
2695 5109 2820 5171 497,
2853 5123 3033 5178 saepe
3060 5108 3234 5163 etiam
3261 5107 3408 5162 alias
3435 5104 3682 5161 eruditas
3709 5098 3819 5154 eius
3839 5105 3896 5147 eo

2296 5197 2370 5253 de
2393 5211 2608 5265 genere
2631 5202 2974 5256 sententias.
2999 5212 3292 5268 responsa
3311 5201 3366 5252 et
3389 5195 3693 5266 praecepta
3710 5195 3894 5242 memo-

2302 5301 2462 5351 rans,
2500 5300 2761 5357 quorum
2785 5284 3070 5357 pleraque
3100 5285 3313 5341 eadem
3339 5285 3399 5339 in
3420 5280 3643 5340 Macarii
3669 5269 3895 5333 Homiliis

2293 3955 2522 4010 siumin
2548 3955 2681 4008 Vita
2701 3954 2938 4009 Antonii
2964 3957 3129 4010 Tom.
3151 3957 3192 4008 ll
3221 3955 3749 4011 Athanasianorum
3778 3951 3896 4019 Ope-

534 4747 647 4802 bus
677 4745 1012 4811 hominum,
1048 4747 1150 4817 qui
1186 4749 1449 4820 undique
1481 4749 1557 4804 ad
1587 4764 1722 4804 eum
1758 4751 1955 4806 studio
1987 4753 2064 4804 ad
2096 4767 2185 4807 sa-

533 4834 717 4889 lutem
757 4841 1062 4891 aeternam
1114 4852 1184 4891 ex
1236 4852 1365 4908 ipso
1395 4837 1744 4909 proﬁciendi
1777 4838 2183 4903 conﬂuebant,

534 4937 743 4978 eorum
767 4925 1222 4980 commorationi
1250 4926 1580 4995 assignavit
1604 4931 1870 4982 montem
1890 4927 2073 4982 alium
2107 4928 2187 4982 illi

536 5028 644 5066 suo
697 5012 982 5077 vicinum,
1025 5019 1079 5067 et
1120 5014 1197 5069 ad
1229 5015 1355 5068 eius
1394 5015 1790 5071 differentiam
1836 5017 2186 5073 exteriorem

536 5106 838 5167 vocatum,
885 5102 942 5155 in
999 5117 1120 5173 quo
1170 5103 1587 5174 Pispiritanum
1622 5106 2050 5160 monasterium
2092 5123 2186 5161 ex-

538 5193 831 5246 structum
857 5195 962 5253 est,
989 5206 1024 5245 a
1047 5191 1355 5247 monachis
1377 5194 1956 5265 frequentatum,qui
1974 5195 2188 5250 discre-

539 5278 609 5333 tis
635 5277 854 5333 cellulis
886 5280 1111 5334 circum
1134 5280 1436 5348 degentes,
1462 5281 1654 5351 sparsi
1680 5297 1783 5354 per
1808 5286 2061 5354 spatium
2091 5285 2186 5340 tri-

2113 5428 2364 5484 NOTAE.

627 5579 704 5650 (2)
733 5579 824 5635 Sic
857 5580 868 5634 !
898 5579 1050 5636 Emr.
