4078 6194
191 281 292 339 337

1231 283 1326 339 ΑΙ)
1366 280 1734 338 OPUSCULA
1773 280 1833 335 S.
1876 281 2176 338 MACARII
2218 280 2575 338 AEGYPTII.

3504 280 3609 336 338

176 405 465 480 librisque
491 408 672 465 hodie
711 415 1028 482 apparent,
1050 410 1214 466 haud
1244 409 1430 464 dubio
1468 407 1684 463 indicio
1722 406 1842 463 ori-
1873 407 1914 462 A
1952 409 2112 480 prior
2141 413 2372 480 praeter
2410 410 2640 462 caetera
2666 419 2895 461 errores
2918 404 3416 460 damnatissimos
3445 406 3608 460 Mon-

176 496 327 564 ginis
361 496 506 552 inde
553 498 824 554 haustae.
865 502 931 555 Et
972 500 1104 556 illae
1133 499 1310 568 igitur
1341 496 1626 554 Homiliae
1658 498 1839 552 Anto-

175 585 391 640 nianae
409 587 634 657 potius,
667 603 850 658 quam
874 591 1242 645 Macarianae
1265 592 1422 656 sunt,
1450 587 1676 658 quippe
1696 602 1841 659 qua-

174 689 303 728 rum
338 689 520 729 verus
555 680 764 732 auctor
822 678 1134 740 Antonius,
1179 693 1379 732 merus
1439 676 1622 731 ferme
1660 676 1842 731 inter-

174 778 306 833 pres
339 764 633 820 Macarius
659 765 856 833 fuerit,
887 783 1135 840 prorsus
1157 767 1317 823 idem
1348 781 1641 838 unusque,
1671 765 1840 820 cuius

173 865 392 906 nomen
430 857 559 909 tum
610 854 900 922 Homiliis,
935 861 1058 912 tum
1089 863 1319 928 septem
1350 855 1533 911 modo
1586 869 1692 926 per
1730 869 1840 909 nos

174 939 341 995 editis
373 942 694 1012 Opusculis
745 945 1116 1015 praeﬁgitur.
1170 944 1400 1000 Etenim
1455 943 1502 998 si
1533 958 1655 998 non
1688 942 1840 998 alius

175 1042 211 1084 a
247 1029 447 1099 prisco
503 1030 781 1098 Macario,
818 1041 992 1105 prout
1020 1033 1410 1098 ostendimus,
1455 1031 1838 1104 quaerendus

178 1125 381 1173 auctor
411 1125 501 1174 est
530 1119 930 1178 Homiliarum
955 1123 1397 1195 quinquaginta
1422 1138 1458 1176 a
1487 1121 1624 1176 Pico
1654 1120 1843 1176 edita-

176 1221 329 1271 rum,
360 1213 634 1279 repertus
675 1210 849 1266 nobis
873 1226 1057 1282 opera
1085 1211 1298 1267 eadem
1331 1211 1502 1268 fuerit
1528 1226 1702 1265 verus
1733 1225 1838 1265 au-

175 1298 299 1349 ctor
312 1302 549 1367 septem
576 1313 731 1370 quae
751 1314 912 1355 nunc
928 1299 1145 1356 damus
1164 1299 1629 1372 Opusculorum.
1656 1301 1842 1355 Tanta

172 1383 400 1454 quippe
427 1387 799 1453 germanitas
845 1389 1256 1460 comparando
1304 1388 1648 1458 agnoscitur
1691 1387 1840 1442 scri-

169 1472 450 1541 ptionum
473 1473 819 1540 ambarum,
852 1481 913 1531 ut
941 1476 1203 1532 dubitari
1232 1476 1351 1531 fere
1383 1481 1659 1548 nequeat,
1695 1474 1840 1546 quin

167 1559 362 1614 Patris
420 1561 600 1616 unius
631 1562 754 1618 duo
784 1563 980 1619 foetus
1018 1566 1153 1620 sint.
1183 1567 1372 1622 Sensa
1410 1565 1665 1620 invicem
1697 1579 1842 1618 con-

165 1649 470 1717 gruentia,
496 1653 899 1722 expressionis
927 1669 1082 1709 unus
1111 1655 1340 1724 genius,
1398 1653 1753 1709 elocutionis
1786 1656 1842 1706 et

165 1736 306 1808 styli
361 1738 575 1805 saliva,
626 1745 958 1798 structurae
987 1751 1165 1816 atque
1215 1742 1438 1798 ordinis
1479 1742 1672 1798 forma
1711 1757 1836 1814 par,
1871 1748 1912 1802 B

165 1833 490 1882 contextus
531 1829 1106 1904 compositionisque
1137 1833 1314 1888 totius
1340 1833 1505 1888 color
1537 1839 1592 1885 et
1623 1845 1839 1885 succus

164 1913 352 1981 idem,
383 1923 449 1972 ut
501 1917 644 1974 mihi
675 1919 922 1990 quidem
985 1936 1106 1976 non
1161 1921 1260 1976 nix
1289 1920 1452 1992 quod
1484 1920 1672 1984 aiunt,
1725 1919 1840 1973 nivi

165 2004 246 2058 ad
297 2010 642 2076 aspectum,
691 2023 814 2064 non
845 2008 938 2064 lac
973 2009 1106 2065 lacti
1136 2015 1238 2065 aut
1261 2010 1378 2064 mel
1430 2008 1587 2064 melli
1619 2007 1697 2064 ad
1739 2023 1843 2078 gu-

165 2098 326 2149 stum
357 2094 630 2160 similior,
663 2111 851 2169 quam
903 2098 1014 2153 ista
1037 2097 1160 2154 duo
1193 2099 1272 2153 ad
1315 2097 1566 2168 legentis
1596 2113 1841 2152 sensum

165 2182 393 2254 scripta
457 2184 790 2240 videantur.
825 2186 1066 2242 Accedit
1105 2186 1458 2258 suffragium
1505 2186 1844 2242 communis

167 2273 446 2344 utrisque
465 2273 664 2339 naevi,
686 2274 848 2347 quali
869 2276 1128 2332 maxime
1146 2278 1273 2348 rapi
1295 2276 1370 2331 ad
1390 2276 1842 2348 persuasionem

169 2361 389 2427 solent,
415 2362 544 2433 qui,
577 2365 912 2434 expositum
939 2381 1146 2420 recens
1173 2380 1208 2420 a
1228 2371 1401 2438 partu
1434 2370 1536 2421 aut
1561 2364 1678 2421 alio
1700 2381 1842 2420 casu

168 2450 382 2522 aliquo
414 2451 736 2523 abreptum
765 2469 802 2508 a
831 2453 1072 2509 nutricis
1102 2455 1329 2525 gremio
1358 2454 1646 2509 infantem
1687 2459 1842 2525 post-

169 2555 361 2612 quam
392 2539 500 2595 diu
565 2541 898 2612 quaesiere,
944 2542 1223 2598 dubitant
1246 2558 1322 2598 an
1352 2558 1497 2614 puer
1523 2543 1641 2598 iam
1670 2542 1836 2597 adul-

169 2631 283 2685 tior
319 2644 435 2700 pro
485 2629 588 2686 tali
640 2636 923 2698 oggestus
974 2630 1132 2686 idem
1165 2647 1300 2686 vere
1325 2633 1422 2687 sit.
1461 2632 1624 2686 Tunc
1657 2632 1838 2698 enim,

171 2717 276 2772 ubi
317 2717 629 2773 maculam
671 2725 775 2773 aut
832 2734 1138 2775 verrucam
1187 2719 1246 2774 in
1298 2719 1502 2784 filiolo,
1563 2736 1701 2776 cum
1755 2727 1842 2776 est

170 2811 372 2869 natus,
404 2807 794 2862 observatam
827 2811 1017 2862 mater
1044 2813 1146 2864 aut
1193 2808 1477 2864 obstetrix
1523 2808 1581 2863 in
1637 2809 1840 2865 oblato

169 2909 421 2966 quoque
434 2910 688 2966 corpore
703 2901 1004 2960 notarunt,
1019 2896 1355 2954 exclamare
1372 2903 1836 2956 consueverunt:

169 2983 322 3040 Nihil
347 2983 619 3056 amplius
647 2985 1085 3057 quaerendum,
1115 2986 1211 3042 hic
1241 3003 1504 3058 prorsus,
1537 2987 1632 3042 hic
1675 2988 1842 3058 ipsus

169 3078 281 3127 est.
315 3072 488 3128 Idem
525 3089 638 3128 usu
663 3074 861 3129 veniat
892 3090 998 3147 par
1036 3081 1123 3129 est
1155 3075 1330 3131 nobis
1359 3075 1680 3132 Macarium
1716 3075 1843 3131 Ho-

169 3161 480 3216 miliarum
509 3161 862 3234 scriptorem
897 3164 954 3218 in
978 3169 1205 3234 septem
1235 3165 1631 3220 asceticorum
1661 3163 1842 3220 libro-

169 3266 306 3306 rum
355 3257 611 3306 auctore
662 3252 1109 3322 quaerentibus.
1145 3253 1508 3309 Deformitas
1539 3255 1842 3327 quaedam

170 3339 436 3395 cernitur
453 3339 517 3394 in
540 3341 874 3396 Macariana
893 3341 1145 3397 Homilia
1165 3343 1333 3397 tertia
1352 3341 1659 3398 doctrinae
1686 3358 1845 3397 nunc

167 3427 296 3482 falsi
330 3435 670 3496 convnctae,
707 3428 847 3484 olim
882 3430 1116 3498 magnis
1140 3430 1410 3486 Patribus
1442 3431 1603 3486 visae
1624 3430 1844 3503 proba-

173 3517 327 3581 bilis,
347 3515 427 3572 de
458 3517 854 3588 corporeitate
879 3517 1230 3588 angelorum
1265 3525 1319 3574 et
1351 3519 1716 3576 animarum.
1748 3521 1849 3574 Ea-

172 3608 310 3662 dem
354 3621 541 3677 porro
567 3621 709 3661 cum
749 3606 1047 3678 Opusculo
1087 3607 1262 3663 huius
1309 3608 1588 3663 Thesauri
1617 3609 1686 3663 Vl
1714 3623 1846 3679 cap.

174 3694 316 3750 item
346 3694 414 3749 Vl
457 3709 598 3766 pag.
644 3696 740 3750 121
789 3696 1040 3765 legatur,
1092 3704 1148 3751 et
1199 3697 1444 3769 quidem
1478 3697 1692 3753 iisdem
1732 3697 1850 3752 fere

179 3785 400 3849 verbis,
426 3783 639 3855 qutdni
672 3798 783 3839 nos
813 3800 1058 3857 quoque
1084 3784 1205 3841 iam
1239 3785 1488 3841 convicti
1523 3787 1846 3842 fateamur:

176 3875 384 3930 Ianus
414 3872 568 3928 haec
604 3874 854 3928 omnino
909 3889 1145 3939 manus,
1197 3876 1320 3930 imo
1350 3880 1406 3930 et
1457 3890 1570 3930 vox
1610 3891 1853 3948 quoque

186 3961 589 4017 Bomiliarum
616 3961 875 4016 auctoris
900 3962 1136 4018 Macarii
1166 3968 1278 4019 est.

248 4129 378 4186 VII.
414 4129 605 4186 Nolim
625 4135 825 4187 tamen
850 4131 962 4187 hac
983 4130 1284 4188 offensum
1306 4131 1680 4188 confessione
1701 4132 1854 4188 labis

171 4219 463 4276 lectorem
494 4222 776 4276 continuo
830 4221 1239 4291 praeiudicare
1270 4222 1398 4276 luce
1448 4222 1760 4291 indignum
1799 4229 1855 4278 et

175 4325 368 4380 opera
378 4308 626 4364 editoris
651 4323 719 4364 ea
735 4309 910 4364 sorde
931 4310 1245 4381 inquinata
1257 4327 1313 4366 m
1327 4313 1850 4367 commentarium.

179 4399 376 4455 Nimis
410 4396 631 4453 multos
661 4403 782 4453 tam
811 4413 1100 4470 praeceps
1127 4400 1419 4454 sententia
1441 4400 1850 4470 proscriberet.

186 4490 338 4543 Nam
370 4502 401 4541 e
432 4485 663 4554 graecis
695 4487 750 4542 S.
783 4486 1114 4543 Methodius
1177 4493 1425 4559 martyr,
1493 4490 1546 4543 S.
1607 4489 1855 4544 Basilius

179 4577 457 4646 lagnus,
518 4576 597 4630 uti
649 4581 706 4630 et
760 4575 938 4631 huius
987 4575 1255 4648 aequalis
1319 4583 1373 4631 et
1431 4576 1736 4632 familiaris
1795 4578 1850 4633 S-

181 4663 443 4732 Ephrem
477 4663 684 4735 Syrus,
717 4664 1069 4719 Severianus
1101 4663 1468 4729 Gabalensis,
1517 4667 1569 4718 S.
1609 4664 1854 4735 Cyrillus

184 4751 653 4810 Alexandrinus.
675 4752 1009 4818 Caesarius,
1039 4753 1386 4808 Anastasius
1412 4753 1631 4810 Sinaita
1656 4757 1709 4807 et
1731 4752 1850 4819 alii,

183 4856 215 4896 e
242 4841 450 4897 latinis
487 4855 630 4896 vero
658 4839 1069 4907 Tertullianus,
1103 4843 1159 4898 S.
1213 4842 1600 4911 Augustinus,
1636 4843 1690 4898 S.
1725 4840 1854 4896 Ful-

180 4930 523 4999 gentius,S.
567 4930 770 4986 Petrus
796 4929 1222 5000 Chrysologus,
1265 4931 1584 4994 Arnobius,
1622 4930 1855 4985 Cassia-

181 5036 314 5080 nus.
349 5020 644 5075 Maximus
696 5019 1099 5084 Taurinensis,
1135 5020 1501 5084 Gennadius,
1539 5023 1849 5090 Rupertus,

187 5109 243 5164 S.
279 5107 640 5169 Bernardus.
668 5107 828 5163 hunc
859 5123 1118 5180 errorem
1133 5107 1435 5180 hodieque
1467 5109 1592 5164 suis
1624 5113 1855 5164 exstan-

189 5197 344 5252 tibus
374 5196 798 5267 consignatum
826 5177 996 5251 libris
1025 5177 1388 5267 praeferunit,
1431 5202 1606 5268 prout
1637 5196 1855 5266 allega-

189 5287 348 5343 tione
361 5286 636 5342 locorum
651 5284 1026 5341 demonstrat
1043 5285 1363 5357 Dionysius
1386 5285 1658 5342 Petavius
1686 5288 1851 5342 Tom.

191 5377 255 5432 Ill
276 5374 775 5445 Theologicorum
792 5372 1150 5444 dogmatum
1177 5374 1279 5430 lib.
1311 5374 1330 5428 Ι
1362 5375 1436 5430 de
1463 5374 1692 5444 angelis
1719 5391 1852 5446 cap.

194 5464 262 5520 ll.
302 5463 452 5531 Quid
481 5463 671 5537 quod,
703 5478 842 5519 cum
872 5477 945 5517 ex
1021 5463 1202 5519 modo
1229 5464 1552 5520 nominatis
1582 5464 1853 5537 quidam,

195 5556 274 5609 nti
297 5553 693 5611 Tertullianus
753 5557 812 5608 et
845 5551 1182 5617 Cassianus,
1226 5551 1346 5608 alia
1375 5552 1714 5625 perniciosa
1744 5568 1855 5608 suo

200 5644 675 5716 superseminata
747 5642 942 5700 tritico
1016 5641 1242 5700 zizania
1292 5641 1576 5708 habeant,
1636 5657 1857 5714 nempe

1951 498 2321 562 tanistarum,
2355 496 2500 551 alter
2556 494 3097 566 Semipelagianum
3145 493 3604 550 odiosissimum

1949 585 2194 655 dogma,
2223 586 2365 658 quia
2394 585 2498 639 illa
2545 589 2791 655 uterque
2841 583 2986 638 vitia
3018 583 3252 652 magnis
3283 582 3605 639 virtutibus

1949 674 2264 738 redimunt,
2317 673 2470 729 adeo
2501 687 2622 727 non
2651 671 3078 726 interdicuntur
3115 687 3221 725 usu
3255 687 3325 728 ac
3352 670 3506 737 luce,
3545 675 3611 726 ut

1949 778 2155 820 eorum
2210 764 2388 819 etiam
2434 760 2757 817 suadeatur
2785 760 2954 815 lectio
2999 766 3056 815 et
3093 760 3551 816 commendetur
3592 778 3604 818 :

1949 854 2083 926 quis
2107 859 2229 907 tam
2275 852 2516 923 iniquus
2544 864 2745 905 arcere
2771 853 3016 904 cunctos
3050 847 3184 902 visu
3219 857 3276 904 et
3329 852 3608 904 contactu

1949 941 2438 997 lucubrationum
2467 937 2664 1008 Magni
2700 937 2929 993 Macarii
2957 941 3197 992 conetur
3224 942 3467 1008 propter
3488 941 3606 992 tres

1949 1036 2328 1104 quatuorque
2360 1045 2564 1084 versus
2594 1025 2868 1082 labecula
2900 1024 3042 1080 nulli
3075 1024 3256 1080 hodie
3313 1025 3490 1080 noxia
3519 1040 3608 1080 re-

1951 1135 2160 1192 persos
2188 1121 2248 1174 in
2278 1118 2444 1173 libris
2465 1122 2692 1188 septem
2721 1130 2890 1178 sana,
2918 1112 3418 1186 inculpatissima,
3449 1113 3610 1168 salu-

1951 1210 2214 1264 berrima
2243 1205 2573 1263 eruditione
2602 1202 3079 1258 redundantibus
3112 1203 3140 1259 ἳ

2021 1333 2241 1389 Licebit
2269 1332 2444 1402 igitur
2495 1346 2600 1403 per
2654 1344 2865 1384 omnes
2897 1343 3125 1399 aequos
3167 1331 3222 1382 et
3279 1325 3613 1398 prudentes

1951 1423 2124 1478 nobis
2163 1422 2222 1476 in
2261 1421 2373 1475 hoc
2399 1435 2640 1491 quoque
2692 1418 2864 1472 horto
2917 1431 3194 1473 rosarum
3253 1415 3438 1470 odore
3472 1413 3610 1479 frui,

1953 1513 2155 1575 vitato,
2182 1508 2342 1581 quod
2368 1507 2643 1563 facillime
2667 1523 3013 1577 possumus,
3042 1505 3250 1576 spinae
3273 1503 3448 1559 unius
3473 1518 3617 1559 acu-

1949 1601 2042 1657 leo
2075 1621 2087 1665 ;
2117 1601 2177 1655 in
2225 1600 2337 1654 hoc
2375 1612 2592 1668 campo
2624 1601 2841 1650 metere
2900 1610 3119 1666 purum
3150 1593 3516 1648 frumentum
3549 1591 3612 1646 in

1951 1705 2279 1754 annonam,
2317 1686 2581 1757 neglecto
2597 1685 2933 1754 reiectoque
2966 1682 3141 1737 unius
3169 1680 3284 1736 illic
3324 1680 3472 1736 forte
3503 1679 3612 1736 ad-

1955 1779 2078 1834 nati
2106 1777 2344 1832 surculo
2370 1775 2509 1831 lolii.
2539 1777 2665 1830 Non
2683 1771 2944 1843 vulgaris
2970 1787 3107 1841 spes
3136 1769 3208 1824 ad
3239 1770 3352 1825 hoc
3389 1783 3611 1839 operae

1952 1865 2126 1939 pretii
2160 1870 2351 1922 vocat.
2411 1864 2620 1934 Utique
2653 1861 2749 1915 vix
2813 1859 3048 1929 uspiam
3090 1857 3232 1913 alibi
3272 1861 3607 1927 reperturas

1951 1955 2333 2017 enucleatius,
2362 1952 2654 2016 disertius,
2686 1948 3099 2019 intelligentiae
3118 1945 3488 2001 declaratam
3517 1959 3612 1999 ra-

1954 2046 2174 2102 tionem
2205 2057 2449 2099 omnem
2480 2057 2549 2095 ac
2583 2038 2928 2094 methodum
2963 2037 3102 2091 artis
3129 2035 3354 2106 alioqui
3403 2047 3611 2089 recon-

1953 2133 2111 2190 ditae
2137 2149 2206 2188 ac
2233 2130 2569 2203 perplexae,
2603 2125 2895 2182 serviendi
2927 2128 3039 2181 Deo
3084 2124 3142 2179 in
3185 2123 3415 2195 spiritu,
3447 2136 3613 2177 men-

1955 2225 2148 2295 tisque
2179 2237 2250 2276 ac
2278 2217 2600 2274 voluntatis
2627 2216 2909 2286 cuiusque
2947 2219 3287 2268 nostrarum
3320 2211 3413 2267 via
3452 2215 3616 2266 recta

1953 2318 2224 2382 certaque
2243 2306 2768 2381 promovendarum
2796 2304 2872 2359 ad
2895 2306 3122 2372 gratum
3143 2301 3346 2356 divino
3377 2298 3611 2354 Numini

1953 2400 2309 2470 obsequium
2345 2395 2792 2469 praestandum,
2828 2407 3054 2462 nosque
3084 2405 3192 2462 per
3231 2389 3609 2445 he‘roicarum

1952 2488 2230 2546 exercitia
2289 2486 2573 2541 virtutum
2630 2481 2967 2538 elimandos
3025 2479 3101 2533 ad
3161 2477 3609 2549 perfectionem,

1953 2581 2184 2652 quanta
2212 2574 2436 2631 homini
2468 2577 2658 2644 potest
2687 2572 2747 2626 in
2798 2569 2914 2625 hac
2963 2569 3080 2623 vita
3111 2567 3472 2637 contingere,
3501 2565 3610 2620 sic-

1950 2683 2067 2741 que
2106 2662 2516 2738 disponendos
2563 2661 2640 2717 ad
2703 2657 3032 2714 ineundam
3077 2656 3275 2712 statim
3324 2653 3400 2710 ab
3447 2654 3618 2710 obitu

1952 2757 2395 2827 possessionem
2435 2749 2600 2821 regni
2638 2747 3018 2820 diligentibus
3078 2748 3263 2801 Deum
3300 2742 3610 2816 promissi.

1950 2845 2177 2900 Iuvabit
2207 2842 2388 2898 etiam
2415 2840 2476 2894 in
2527 2839 2777 2910 puritate
2808 2833 3082 2892 catholici
3102 2832 3402 2904 dogmatis
3430 2836 3485 2887 et
3511 2846 3616 2887 ca-

1951 2933 2178 3006 pitibus
2206 2929 2542 3004 praecipuis
2565 2925 3035 2983 orthodoxarum
3063 2924 3399 2986 veritatum,
3431 2919 3613 2975 hodie

1953 3039 2090 3078 cum
2106 3021 2354 3077 maxime
2367 3017 2654 3074 adversus
2673 3015 2949 3070 haereses
2971 3009 3390 3083 propugnatis,
3411 3009 3617 3063 miram

1874 3093 1914 3150 C
1953 3110 2244 3167 Ecclesiae
2273 3122 2429 3180 quae
2453 3119 2613 3160 nunc
2645 3102 2806 3167 vivit,
2829 3116 2967 3155 cum
2989 3115 3060 3154 ea
3089 3113 3245 3170 quae
3266 3099 3616 3165 Magnorum

1952 3199 2267 3256 Antoniiet
2291 3193 2594 3252 Athanasii
2622 3207 2771 3248 aevo
2788 3189 3006 3258 ﬂoruit,
3041 3184 3504 3243 consensionem
3553 3182 3616 3239 in

1953 3290 2046 3346 his
2076 3287 2242 3344 libris
2273 3297 2620 3354 agnoscere.
2641 3279 2930 3336 Absoluta
2960 3277 3019 3332 in
3047 3275 3330 3332 omnibus
3359 3271 3609 3328 necessi-

1957 3385 2048 3436 tas
2076 3378 2301 3448 gratiae
2327 3369 2804 3443 supernaturaIis
2845 3367 2925 3423 ad
2970 3366 3122 3422 bene
3151 3362 3526 3435 Operandum
3553 3361 3613 3416 in

1957 3468 2163 3525 ordine
2216 3464 2287 3520 ad
2338 3463 2589 3518 salutem
2619 3462 2946 3522 aeternam,
2977 3471 3115 3510 cum
3144 3452 3364 3524 ubique
3393 3450 3617 3522 passim

1960 3557 2317 3619 insinuatur,
2364 3557 2491 3607 tum
2542 3548 2928 3605 disertissime
2991 3542 3270 3600 asseritur
3316 3556 3451 3611 cap.
3513 3537 3619 3594 XV

1961 3649 2176 3718 Opusc.
2206 3643 2281 3696 VI
2309 3657 2444 3712 pag.
2475 3639 2599 3702 134,
2627 3638 2725 3692 ubi
2758 3651 2878 3691 non
2911 3634 3108 3703 magis
3139 3647 3316 3703 posse
3346 3630 3498 3684 bene
3525 3643 3626 3683 co-

1961 3735 2132 3805 gitari
2164 3738 2268 3788 aut
2298 3746 2393 3799 agt
2426 3729 2552 3782 sine
2584 3725 2826 3797 speciali
2854 3728 3099 3778 naturae
3135 3719 3409 3774 meritum
3453 3731 3624 3771 exce-

1962 3803 2140 3879 dente
2171 3820 2271 3875 Dei
2287 3815 2583 3873 adiutorio
2596 3814 2831 3879 dicitur,
2863 3826 3049 3882 quam
3073 3809 3253 3863 videri
3269 3808 3393 3860 sine
3417 3803 3618 3869 oculo,

1962 3912 2077 3968 dici
2108 3911 2234 3964 sine
2265 3907 2491 3974 lingua,
2533 3905 2654 3956 sive
2714 3899 2972 3972 pedibus
3013 3894 3332 3952 ambulari.
3424 3892 3623 3963 Capite

1966 4015 2105 4055 vero
2141 3997 2250 4051 XIX
2278 3994 2494 4065 Opusc.
2536 3990 2629 4045 Vll
2701 4003 2839 4060 pag.
2879 3985 2977 4041 I65
3007 3983 3403 4056 pulcherrime
3456 3980 3618 4035 idem

1964 4086 2296 4145 adstruitur
2329 4081 2671 4138 inductione
2703 4074 2960 4147 generali
3017 4078 3348 4128 creatorum
3393 4084 3616 4133 rerum,

1965 4174 2266 4233 naturales
2293 4172 2469 4226 etiam
2499 4184 2642 4223 suas
2699 4165 3074 4238 operationes
3105 4160 3348 4232 exsequi
3377 4173 3499 4214 non
3522 4173 3622 4211 va-

1963 4265 2229 4327 lentium,
2255 4260 2433 4316 nisus
2453 4256 2766 4313 subveniat
2796 4252 3026 4309 alienae
3040 4255 3292 4306 naturae
3307 4246 3620 4304 auxilium.

1963 4356 2102 4410 dem
2134 4357 2311 4408 antea
2367 4349 2849 4404 demonstratum
2893 4342 3086 4396 fuerat
3113 4355 3248 4411 cap.
3293 4336 3364 4392 1V
3405 4339 3624 4408 Opusc.

1887 4447 1928 4501 D
1968 4445 2031 4499 VI
2078 4458 2215 4513 pag.
2249 4441 2370 4503 118,
2404 4453 2474 4493 eo
2507 4441 2713 4504 argute
2744 4431 3042 4505 applicata
3074 4426 3429 4496 Evangelica
3457 4441 3629 4498 para-

1964 4533 2106 4589 bola
2121 4532 2327 4586 decem
2361 4527 2682 4599 virginum,
2701 4537 2960 4596 quarum
2987 4536 3143 4593 quae
3172 4517 3495 4589 prudentes
3510 4530 3633 4571 me-

1965 4623 2075 4677 rito
2106 4620 2386 4674 dicuntur
2415 4617 2684 4688 quinque
2719 4629 2730 4668 :
2765 4611 3180 4679 Peregrinum,
3216 4607 3297 4660 ait
3324 4609 3549 4668 auctor,
3593 4617 3630 4658 α

1964 4726 2075 4766 sua
2101 4709 2370 4776 ipsarum
2402 4709 2625 4760 natura
2651 4703 2865 4765 oleum,
2899 4697 3056 4769 quod
3091 4699 3176 4752 est
3208 4695 3460 4763 spiritus
3484 4706 3627 4762 gra-

1965 4802 2099 4865 tiae,
2129 4799 2190 4852 in
2251 4795 2407 4851 vasis
2440 4792 2634 4849 cordis
2679 4789 3330 4861 praesumpserant.....
3367 4780 3630 4852 quinque

1967 4904 2101 4944 vero
2124 4886 2336 4955 fatuae
2354 4899 2422 4938 ea
2449 4882 2562 4937 sibi
2591 4880 2876 4951 sufﬁcere
2895 4876 3193 4941 ducentes,
3220 4886 3374 4943 quae
3404 4873 3630 4925 natura

1963 4976 2106 5047 ipsis
2165 4976 2173 5044 |
2233 4970 2652 5043 suppeditabat
2674 4982 2804 5031 sua,
2833 4963 3076 5022 excludi
3104 4978 3140 5018 a
3193 4961 3462 5017 thalamo
3508 4971 3630 5012 me-

1965 5066 2242 5128 ruerunt,
2268 5063 2332 5116 in
2364 5074 2537 5131 quem
2561 5057 2791 5129 priores
2822 5057 2957 5110 sunt
2991 5051 3306 5110 admissae.

2036 5195 2171 5250 VIII.
2203 5191 2300 5248 His
2326 5188 2553 5261 Opponi
2583 5187 2728 5243 forte
2754 5189 2953 5257 posset
2985 5183 3148 5238 locus
3174 5197 3246 5236 ex
3295 5179 3413 5234 line
3467 5176 3634 5247 capi-

1968 5285 2040 5340 tis
2075 5283 2229 5339 XXIX
2265 5281 2488 5352 Opusc.
2533 5277 2644 5330 VIIl
2673 5289 2816 5346 pag.
2865 5272 2990 5337 221,
3036 5271 3133 5325 ubi
3189 5266 3486 5324 Macarius
3525 5265 3628 5330 ait,

1967 5385 2216 5431 renuere
2236 5369 2530 5426 hominem
2548 5372 2600 5422 et
2621 5380 2741 5421 non
2763 5359 3160 5419 condelectari
3177 5355 3633 5429 cogitationibus

1965 5463 2172 5532 pravis
2186 5462 2312 5516 sine
2331 5460 2447 5515 Deo
2460 5455 2784 5513 adiuvante
2812 5467 2932 5510 esse
2954 5449 3252 5520 possibile.
3273 5448 3353 5502 Ac
3377 5445 3521 5501 nihil
3537 5446 3632 5502 hic

1971 5549 2282 5607 doctrinae
2303 5545 2674 5604 orthodoxae
2704 5543 2778 5599 de
2805 5542 3156 5598 necessitate
3179 5537 3374 5594 auxilii
3408 5536 3633 5609 gratiae

1968 5637 2220 5698 actualis
2249 5637 2327 5696 ad
2357 5649 2604 5693 omnem
2630 5638 2832 5692 actum
2871 5631 3099 5688 bonum
3143 5627 3469 5701 positivum
3496 5639 3634 5683 con-
