4088 6192
495 281 602 338 339

1657 280 1863 337 PETRI
1905 280 2179 337 POSSINI
2224 275 2761 336 PROLEGOMENA

3758 290 3859 346 340

489 404 653 461 trarii
684 405 798 461 est.
836 403 967 477 Agit
994 404 1152 460 enim
1184 408 1390 461 auctor
1419 405 1494 461 de
1535 407 1814 463 dissensu
1847 422 2006 462 mere
2034 422 2137 463 ne-
2172 407 2220 461 A
2255 404 2428 476 Atqui
2461 406 2738 473 Magnum
2784 405 3106 460 Antonium
3138 404 3367 462 viderat
3406 406 3504 479 qui
3543 406 3645 465 hoc
3673 410 3863 469 scribit,

492 494 709 564 gativo,
743 495 857 549 hoc
882 498 974 548 est
997 494 1392 565 suspensione
1442 510 1752 559 assensus,
1794 512 1971 567 quae,
2005 511 2142 551 cum

492 598 655 638 mera
682 583 920 651 negatio
943 587 997 637 et
1024 598 1240 652 purum
1272 583 1413 638 nihil
1447 584 1541 648 sit,
1603 584 1825 640 auxilio
1854 600 1977 640 non
2013 589 2144 655 eget

490 671 608 727 nisi
641 672 856 742 pariter
882 671 1185 739 negativo.
1225 671 1425 727 Talem
1457 689 1584 727 esse
1617 674 1848 730 Macarii
1882 680 2141 729 mentem

490 774 676 830 prope
733 759 1044 815 manifeste
1110 765 1268 831 patet
1317 777 1386 815 ex
1440 761 1530 816 his
1558 761 1683 817 eius
1714 763 1908 818 verbis
1940 764 2144 817 imme-

488 846 648 903 diate
678 848 1174 919 praecedentibus
1197 864 1210 903 :
1233 850 1360 905 sine
1398 850 1504 905 Deo
1522 851 1847 907 adiuvante
1873 857 1927 907 et
1952 868 2057 922 per
2084 865 2145 906 se

486 936 679 1003 ipsum
711 937 966 993 liberare
981 952 1041 991 se
1053 952 1426 1008 quemquam,
1443 941 1642 1009 quoad
1661 940 1839 1004 lucta,
1866 956 2019 1011 quae
2034 941 2144 1008 ipsi

486 1029 570 1081 est
582 1040 713 1081 cum
728 1025 1203 1095 cogitationibus,
1223 1028 1532 1095 expeditus
1544 1029 1754 1097 fuerit,
1784 1035 1868 1086 est
1880 1031 2143 1099 impossi-

488 1114 619 1170 bile.
657 1115 963 1187 Siquidem
999 1115 1255 1172 liberare
1308 1132 1388 1185 se,
1439 1124 1492 1174 et
1524 1119 1687 1175 lucta
1718 1121 2142 1189 cogitationum

480 1203 758 1272 expedire
786 1219 863 1270 se,
898 1209 1066 1260 actus
1086 1204 1351 1261 hominis
1394 1209 1683 1278 positivos
1737 1209 2021 1279 indicant,
2065 1209 2141 1265 ad

480 1291 690 1363 quales
720 1308 929 1348 omnes
972 1309 1212 1364 prorsus
1266 1295 1815 1367 indispensabiliter
1868 1314 2142 1355 necessa-

482 1380 639 1436 rium
690 1382 783 1437 Dei
841 1398 945 1452 per
994 1383 1247 1451 gratiam
1312 1385 1543 1441 actuale
1599 1386 1965 1443 adiutorium
2015 1404 2143 1445 esse

484 1474 690 1525 auctor
720 1473 1078 1541 pronunclat
1109 1488 1122 1539 ;
1156 1472 1230 1527 de
1253 1476 1648 1545 suspensione
1687 1491 1827 1531 vero
1854 1493 2141 1533 assensus

487 1573 673 1625 mera,
723 1574 879 1630 quae
945 1576 1079 1615 vere
1140 1562 1393 1618 nihilum
1448 1564 1540 1629 sit,
1602 1565 1877 1621 concedit
1924 1567 2143 1622 actuali

485 1660 620 1701 eam
650 1647 869 1703 auxilio
903 1665 1018 1704 non
1044 1664 1241 1719 egere.
1285 1652 1438 1718 Scio,
1486 1669 1522 1708 a
1565 1653 1933 1725 quibusdam
1967 1654 2143 1711 hodie

2253 494 2465 548 intimo
2496 494 2545 546 ei
2576 493 2847 548 convictu
2877 492 2982 547 diu
3012 493 3339 550 familiaris.

2325 600 2667 656 Contrarius
2684 605 2771 654 est
2798 600 3081 671 scopulus
3103 617 3314 658 sanam
3328 602 3550 671 gratiae
3574 603 3867 663 doctrinam

2254 689 2626 745 tradentibus
2649 690 2947 755 vitandus,
2972 691 3285 762 oppressio
3307 691 3553 747 humani
3583 692 3784 748 arbitrii
3813 712 3871 751 ac

2253 778 2535 833 vertibilis
2581 779 2639 832 in
2700 779 3002 834 contraria
3037 784 3091 834 et
3122 779 3575 836 contradictoria
3624 782 3872 839 inﬁciatio

2253 866 2560 923 libertatis.
2590 869 2752 921 Hunc
2780 883 3018 937 semper
3047 868 3480 923 studiosissime
3512 869 3753 926 declinat
3775 871 3874 928 Ma-

2254 956 2447 1012 carius
2478 956 2572 1011 hic
2593 961 2810 1023 noster,
2846 955 2988 1010 velis
3018 971 3351 1028 numquam
3379 972 3497 1011 non
3525 957 3800 1029 remisque
3826 960 3875 1015 in

2253 1046 2595 1117 oppositam
2644 1043 2999 1100 incumbens
3051 1044 3485 1116 professionem
3518 1046 3873 1103 vertibilitatis

2254 1132 2656 1189 indifferenter
2704 1133 2925 1188 liberae
2953 1134 3043 1188 sui
3089 1135 3386 1205 compotis
3438 1134 3764 1201 voluntatis,
3811 1137 3879 1191 ita

2254 1237 2492 1293 semper
2544 1229 2645 1277 aut
2678 1224 2904 1292 gratiae
2958 1223 3256 1294 praesenti
3288 1223 3363 1278 ad
3405 1222 3556 1278 bene
3588 1226 3876 1293 agendum,

2254 1317 2356 1366 aut
2400 1312 2704 1366 tentationi
2756 1327 2860 1367 seu
2907 1312 3426 1382 concupiscentiae
3478 1312 3766 1383 instiganti
3813 1312 3879 1368 ad

2257 1399 2410 1454 male
2440 1399 2816 1471 operaudum
2835 1399 3281 1466 consentientis,
3313 1406 3373 1455 ut
3403 1402 3711 1472 possitpro
3744 1401 3878 1458 arbi-

2255 1488 2364 1543 trio
2405 1489 2720 1543 resistere:
2778 1490 2837 1543 in
2897 1505 3019 1560 quo
3072 1489 3299 1544 fontem
3332 1490 3590 1545 residere
3636 1491 3809 1545 meriti
3837 1496 3883 1547 et

2253 1577 2528 1648 vituperii
2603 1593 2925 1649 verumque
2992 1578 3302 1634 cardinem
3351 1580 3568 1648 negotii
3615 1578 3881 1635 humanae

2254 1666 2688 1722 iustiﬁcationis
2717 1672 2818 1723 aut
2849 1666 3632 1739 depravationis,quatenus
3662 1667 3765 1723 hae
3792 1666 3879 1722 im-

484 1735 856 1792 scholasticis
885 1739 1110 1809 negari,
1164 1755 1299 1795 esse
1356 1742 1671 1812 possibiles
1728 1759 1908 1814 puras
1949 1744 2143 1799 istius-
2174 1753 2217 1808 Β
2254 1755 2546 1827 parabiles
2572 1755 2800 1810 homini
2834 1735 2968 1811 sunt
2990 1754 3082 1811 vel
3112 1756 3188 1812 ad
3213 1735 3462 1827 praemii
3499 1757 3777 1821 meritum,
3806 1756 3882 1810 vel

482 1824 647 1880 modi
686 1826 1073 1882 omissiones.
1111 1828 1200 1883 Ab
1231 1829 1363 1885 aliis
1396 1838 1595 1887 tamen
1629 1847 1733 1887 eae
1773 1848 1894 1888 non
1935 1834 2141 1904 paucis

480 1927 590 1968 nec
620 1929 832 1984 parum
867 1915 1195 1972 illustribus
1254 1918 1666 1979 admittuntur.
1718 1922 1984 1987 Quorum
2016 1938 2142 1977 sen-

482 2001 698 2057 tentiae
717 2004 1006 2059 Macarius
1028 2006 1141 2061 hoc
1165 2006 1295 2062 loco
1323 2009 1685 2080 suffragatur
1723 2029 1740 2081 ;
1776 2026 1951 2081 agere
1980 2012 2139 2068 enim

480 2105 541 2144 se
571 2090 646 2145 de
689 2108 876 2157 mera,
912 2098 972 2148 ut
1021 2093 1166 2161 dixi,
1214 2098 1549 2154 cessatione
1599 2100 1911 2156 voluntatis
1945 2102 2141 2172 pravis

480 2178 947 2247 cogitationibus
968 2188 1223 2240 tentatae
1241 2200 1312 2239 eo
1348 2186 1664 2255 signiﬁcat,
1687 2190 1850 2259 quod
1866 2206 2003 2245 cum
2019 2207 2142 2245 sus-

481 2268 835 2337 pensionem
851 2286 1143 2326 assensus
1159 2276 1548 2345 expressisset
1573 2277 1756 2332 verbo
1776 2293 2026 2335 renuere
2040 2284 2140 2334 aut

479 2357 907 2424 contradicere,
936 2360 995 2414 in
1022 2376 1143 2432 quo
1157 2367 1283 2417 erat
1304 2365 1607 2436 emphasis
1622 2368 1922 2437 quaedam
1942 2368 2142 2438 positi-

478 2449 537 2500 vi
588 2452 774 2511 actus,
830 2449 999 2519 quasi
1072 2452 1374 2520 corrigens
1422 2461 1525 2510 aut
1579 2455 1883 2527 explicans
1943 2458 2141 2512 statim

481 2532 757 2603 adiungit
785 2553 797 2587 :
830 2543 1012 2591 etnon
1047 2539 1458 2607 condelectari,
1478 2542 1661 2608 ubiet,
1694 2550 1947 2615 utsaepe
1971 2544 2137 2615 alias,

479 2623 880 2693 expositivnm
914 2631 1020 2691 est,
1045 2629 1221 2698 quasi
1251 2629 1545 2685 diceretur
1574 2632 1638 2687 id
1668 2639 1773 2689 est.
1819 2634 1912 2687 His
1930 2634 2139 2689 adiun-

481 2716 605 2780 gat,
637 2711 685 2766 si
724 2714 858 2784 quis
887 2713 1059 2780 volet,
1097 2716 1415 2790 plerosque
1456 2720 1760 2793 theologes
1800 2723 2032 2789 docere,
2063 2725 2141 2781 ad

478 2804 647 2856 actus
696 2802 938 2873 quidem
988 2820 1198 2860 omnes
1223 2822 1355 2863 vere
1383 2808 1674 2866 salutares
1713 2816 1770 2867 et
1810 2812 2139 2869 ineritorios

477 2888 634 2944 vitae
664 2896 941 2948 aeternae
971 2895 1190 2965 requiri
1229 2897 1523 2953 actualem
1564 2900 1821 2969 gratiam
1853 2918 2138 2972 superna-

477 2976 731 3034 turalem
771 2979 830 3035 in
853 2980 1201 3049 substantia,
1233 2986 1376 3051 sive,
1412 2993 1473 3043 ut
1503 2987 1842 3061 loquuntur,
1905 2991 1969 3046 in
2000 2992 2141 3048 enti-

2252 1845 2330 1899 ad
2358 1860 2588 1916 poenae
2606 1844 2969 1899 iustissimae
2991 1851 3244 1909 reatum,
3273 1846 3579 1900 verissime
3595 1846 3683 1901 hic
3702 1850 3881 1901 auctor

2250 1938 2470 1998 censet,
2525 1933 2680 1989 Haec
2715 1948 2849 1987 cum
2884 1933 3121 2004 paginis
3151 1933 3270 1989 fere
3310 1935 3594 1990 omnibus
3626 1939 3880 2005 perpetuo

2250 2028 2349 2077 aut
2376 2022 2632 2077 inculcat
2687 2029 2788 2077 aut
2817 2022 3008 2077 innuit
3063 2028 3187 2077 tum
3220 2025 3569 2095 praesertim
3609 2023 3810 2095 Opusc.
3842 2022 3878 2077 II

2250 2127 2385 2183 cap.
2445 2111 2537 2166 XII
2578 2116 2633 2166 et
2661 2110 2877 2181 Opusc.
2925 2111 3052 2166 VIII
3084 2127 3215 2182 cap.
3279 2112 3346 2166 lIl
3384 2128 3558 2183 pagg.
3590 2112 3655 2166 37
3704 2116 3751 2166 et
3796 2111 3879 2166 185

2252 2216 2322 2254 ex
2344 2199 2616 2271 professo
2651 2207 2770 2254 tam
2799 2198 3128 2254 luculenter
3158 2201 3463 2265 enunciat,
3495 2206 3557 2255 ut
3585 2199 3681 2272 qui
3713 2199 3787 2253 sic
3813 2199 3880 2254 lo-

2251 2289 2451 2360 quitur
2466 2287 2701 2343 saeculo
2728 2287 3021 2342 Ecclesiae
3048 2287 3269 2343 ﬂuente
3300 2294 3539 2360 quarto,
3565 2289 3740 2343 videri
3769 2303 3883 2357 pos-

2252 2378 2324 2431 sit
2353 2376 2751 2431 orthodoxam
2811 2375 2886 2430 de
2942 2374 3126 2431 libero
3168 2377 3415 2432 arbitrio
3455 2377 3645 2448 deque
3686 2376 3881 2447 gratiae

2252 2466 2532 2536 cumipso
2550 2480 2619 2520 ac
2632 2463 3158 2535 concupiscentiae
3185 2472 3553 2536 cooperante
3580 2465 3880 2521 doctrinam

2252 2570 2372 2609 non
2406 2553 2673 2625 potuisse
2696 2553 2993 2620 disertius,
3028 2554 3271 2609 uberius
3305 2554 3883 2625 circumspectiusque

2251 2658 2607 2713 proponere,
2664 2642 2712 2696 si
2779 2641 3015 2696 decreta
3047 2647 3102 2697 et
3128 2658 3395 2697 canones
3442 2659 3646 2699 sacrae
3691 2640 3881 2713 synodi

2250 2731 2626 2787 Tridentinae
2656 2730 2954 2786 Sessionis
2978 2732 3047 2785 VI
3073 2730 3209 2803 plus
3237 2731 3398 2787 mille
3426 2732 3600 2787 annis
3618 2730 3880 2801 posterius

2250 2820 2587 2876 celebratae
2611 2820 2730 2875 iam
2748 2825 2870 2874 tum
2894 2819 3165 2890 legisset;
3194 2820 3347 2876 adeo
3376 2821 3491 2876 illis
3514 2826 3881 2877 consentanea

2249 2908 2607 2965 catholicam
2622 2908 2695 2964 de
2716 2907 3035 2964 hominum
3052 2908 3485 2979 justiﬁcatione
3502 2909 3676 2965 ﬁdem
3692 2907 3883 2964 edisse-

2250 2998 2343 3053 rit.

477 3068 591 3166 ίίξίθ
618 3067 734 3176 ifd
765 3083 885 3125 non
906 3073 1432 3176 3“?°“mbend““_1
1472 3083 1673 3176 “item
1705 3081 2009 3176 laetatio}?
2035 3096 2140 3151 Per
2179 3104 2219 3159 C
2323 3104 2409 3159 IX.
2430 3103 2754 3159 Dicendum
2770 3102 3104 3176 hicaliquid
3121 3110 3396 3174 superest
3420 3104 3495 3160 de
3510 3105 3880 3174 cognomento

483 3156 815 3227 simplicem
831 3166 1110 3217 renutum
1130 3178 1287 3218 mere
1313 3166 1603 3221 naturalis
1617 3166 1843 3222 ordinis
1861 3168 2139 3224 sufﬁcere

479 3244 777 3301 actualem
808 3249 1062 3315 gratiam
1096 3255 1615 3321 supernaturalem
1670 3262 1899 3312 tantum
1947 3258 2140 3329 quoad

476 3333 738 3398 modum,
772 3350 890 3389 non
922 3352 1057 3393 vero
1102 3340 1163 3395 in
1192 3341 1545 3399 substantia.
1603 3344 1774 3408 Quod
1827 3346 1874 3400 si
1905 3352 2141 3417 putetur

477 3421 574 3475 hic
632 3423 917 3478 Macarius
984 3425 1248 3483 indicare
1302 3430 1577 3497 voluisse,
1604 3433 1783 3489 etiam
1820 3435 1902 3489 sic
1928 3450 2139 3506 expers

478 3510 692 3563 erroris
721 3510 855 3566 erit.
894 3517 1153 3583 Apparet
1185 3522 1505 3585 praeterea.
1548 3526 1775 3590 septem
1808 3522 1919 3579 hos
1954 3525 2139 3580 libros

478 3597 733 3667 scriptos
766 3606 903 3655 ante
953 3607 1156 3658 natam
1216 3607 1449 3677 Evagrii
1483 3608 1701 3664 Pontici
1750 3611 2134 3683 Origenistae,

479 3691 535 3741 et
563 3685 792 3742 alumni
822 3688 1021 3757 huius,
1066 3692 1298 3763 Pelagii.
1333 3696 1690 3765 doctrinam,
1723 3715 1881 3772 quae
1913 3703 2139 3773 impec-

479 3774 841 3832 cabilitatem
882 3785 937 3834 et
980 3780 1188 3836 salutis
1222 3786 1599 3843 securitatem
1631 3805 1768 3845 cum
1820 3791 1996 3862 plena
2037 3809 2137 3849 ex-

479 3864 789 3921 stinctione
817 3869 1168 3937 passionum
1191 3870 1537 3931 hominibus
1563 3877 1625 3932 in
1654 3879 1764 3935 hac
1793 3881 1908 3936 vita
1939 3884 2138 3952 possi-

474 3951 656 4009 bilem
672 3954 868 4012 ﬁnxit.
909 3958 1123 4015 Contra
1149 3962 1309 4019 enim
1341 3964 1554 4020 horum
1569 3973 1776 4022 auctor
1791 3951 2133 4027 absolutam

478 4044 854 4100 securitatem
896 4046 1106 4102 salutis
1137 4049 1196 4104 in
1248 4051 1359 4106 hac
1386 4052 1503 4107 vita
1535 4062 1777 4126 pr0pter
1806 4059 2134 4124 vertibilem

475 4129 535 4183 in
565 4130 791 4187 malum
815 4135 993 4190 etiam
1010 4142 1417 4207 postecstases
1442 4146 1501 4196 et
1541 4144 1668 4199 visa
1692 4144 1898 4200 divina
1929 4147 2137 4203 volun-

476 4222 658 4306 tatem
700 4234 772 4273 ne
800 4222 1005 4290 primis
1035 4224 1280 4294 quidem
1334 4229 1630 4299 Apostolis
1662 4239 1795 4301 post
1827 4241 2134 4306 acceptum

473 4305 569 4358 die
597 4305 971 4395 Pentecostes
1020 4311 1303 4379 Spiritum
1356 4322 1633 4374 sanctum
1683 4305 2123 4395 conceditcap.

476 4392 590 4447 XVI
619 4391 837 4463 Opusc.
893 4397 963 4452 Vl
1014 4414 1151 4468 pag.
1188 4402 1306 4465 135,
1343 4410 1404 4458 ut
1437 4405 1640 4461 timere
1688 4408 1958 4466 videlicet
1992 4391 2128 4469 cum

2250 3192 2964 3263 Magni,Macariinomini
2979 3192 3286 3250 adiuncto.
3305 3195 3663 3266 Expressum
3681 3191 3735 3247 id
3747 3189 3883 3247 clare

2250 3282 2504 3354 praefert
2529 3282 2979 3354 antiquissimus
3018 3297 3197 3353 quem
3239 3283 3535 3354 exscripsi
3582 3282 3759 3337 codex
3783 3292 3885 3333 non

2249 3370 2445 3425 solum
2475 3370 2533 3425 in
2563 3371 3033 3426 Macarianorum
3081 3370 3520 3441 Opusculorum
3566 3370 3743 3434 titulo,
3797 3363 3886 3421 sed

2249 3464 2556 3530 praeterea
2605 3458 2665 3513 in
2698 3458 2998 3529 Opusculo
3048 3459 3113 3515 IX
3144 3459 3306 3529 quod
3364 3460 3704 3515 inscribitur
3754 3459 3887 3524 Apo-

2243 3547 2637 3618 phthegmala
2684 3554 2942 3607 Patrum.
2997 3553 3059 3601 ut
3088 3548 3288 3603 videre
3318 3553 3407 3603 est
3434 3564 3575 3620 pag.
3616 3547 3733 3612 243,
3760 3543 3886 3616 quin

2249 3637 2385 3691 etin
2414 3638 2628 3708 Opusc.
2658 3635 2790 3690 XVII
2836 3636 3169 3706 Nicephori,
3215 3644 3597 3705 argumento,
3633 3636 3686 3691 ni
3716 3632 3884 3695 fallor,

2247 3727 2391 3782 satis
2453 3731 2633 3792 certo,
2691 3730 2997 3795 receptum
3050 3724 3189 3780 olim
3258 3725 3375 3781 hoc
3442 3726 3623 3781 fuisse
3688 3728 3743 3779 et
3792 3736 3886 3775 usu

2250 3814 2472 3884 vulgari
2554 3814 2773 3869 tritum.
2834 3813 3013 3869 Cuius
3089 3812 3299 3885 triplex
3364 3814 3686 3885 excogitari
3754 3810 3884 3866 ratio

2248 3908 2469 3974 potest.

2317 4027 2771 4096 Prima,ingens
2794 4025 2903 4081 viri
2931 4027 3207 4082 meritum
3243 4048 3254 4089 ;
3284 4025 3617 4091 doctrinae,
3641 4027 3884 4097 inquam.

2248 4117 2371 4173 eius
2412 4122 2467 4171 et
2519 4115 2951 4171 sanctimoniae
2977 4116 3370 4187 praestantia,
3415 4132 3572 4189 quas
3624 4111 3889 4187 quotidia-

2245 4221 2324 4261 no
2362 4205 2596 4276 pr0prie
2639 4205 2899 4277 quisque
2925 4204 3107 4272 longo
3158 4220 3275 4260 usu
3327 4206 3726 4276 experientiae
3768 4214 3888 4256 cum

2245 4294 2665 4366 perspicerent,
2683 4298 2738 4347 et
2761 4293 3061 4363 praesenti
3089 4291 3281 4348 fructu
3295 4293 3585 4349 sentirent
3616 4296 3694 4347 tot
3720 4287 3885 4345 millia

2244 4381 2845 4452 monachorum,quos
2859 4397 2933 4436 an
2944 4386 2995 4436 te
3009 4385 3064 4436 et
3078 4386 3210 4452 post
3228 4388 3468 4437 mortem
3482 4374 3889 4448 Antoniiannis

476 4479 657 4535 Paulo
681 4486 999 4551 potuerint,
1016 4453 1105 4542 .ne
1136 4504 1265 4546 cum
1299 4493 1437 4548 aliis
1463 4496 1992 4566 praedicavissent,
2017 4503 2133 4570 ipsi
2166 4453 2209 4507 Π
2242 4469 2375 4570 1331‘":
2380 4469 2514 4570 imis
2537 4469 2705 4570 ,ίδοίιθ
2759 4469 2942 4570 (ii-Vill“
2989 4468 3180 4568 verb}.
3194 4468 3343 4570 11Ιυί1
3409 4476 3465 4525 et
3499 4469 3889 4570 efficacissima

475 4569 715 4637 reprobi
742 4573 1145 4641 efﬁcerentur.
1189 4580 1352 4635 Unde
1366 4583 1556 4652 capite
1586 4584 1717 4640 libri
1751 4587 2019 4645 eiusdem
2045 4594 2129 4649 ΧΧ

474 4672 613 4728 pag.
642 4662 739 4716 139
767 4664 1111 4736 exemplum
1150 4666 1319 4724 affert
1360 4672 1639 4728 monachi
1681 4679 1815 4745 post
1845 4677 2041 4734 visum
2068 4679 2127 4735 in

476 4754 650 4835 raptu
691 4752 1042 4820 paradisum
1078 4754 1427 4831 foedelapsi.
1454 4762 1645 4826 Quare
1676 4766 1974 4835 capitibus
2010 4769 2127 4823 VIII

474 4839 531 4889 et
579 4834 649 4891 IX
696 4839 922 4910 Opusc.
992 4843 1081 4898 VII
1136 4860 1279 4915 pag.
1334 4848 1430 4902 152
1483 4855 1539 4906 et
1574 4852 1671 4905 153
1704 4834 2125 4924 perfectionem

472 4926 754 4982 omnibus
785 4929 1123 4987 absolutam
1156 4937 1422 4993 numeris
1439 4945 1494 4994 et
1513 4939 1753 5010 plenam
1786 4944 2127 5014 impeccan-

475 5013 620 5069 tiam
649 5014 879 5073 homini
913 5021 1129 5077 viventi
1194 5026 1537 5096 contingere
1598 5031 1681 5085 ait
1712 5013 1886 5100 posse
1931 5035 2124 5090 solum

471 5112 957 5163 momentaneam
999 5110 1057 5164 in
1098 5119 1319 5182 puncto
1359 5122 1562 5187 raptus
1608 5123 1665 5173 et
1704 5122 1938 5186 ecstasi,
1992 5130 2124 5193 post

472 5206 629 5262 quae
658 5193 870 5251 iterum
893 5200 1260 5268 peccabilem
1293 5204 1376 5258 sic
1404 5220 1644 5273 passum
1679 5208 1885 5265 divina
1918 5212 2122 5268 nihilo-

470 5279 668 5335 minus
724 5298 851 5338 esse
896 5291 1273 5357 pronunciat.
1328 5292 1529 5364 Capite
1582 5302 1781 5352 autem
1841 5300 2122 5369 Opusculi

472 5369 525 5422 ei
558 5369 769 5425 usdem
800 5372 891 5428 VII
923 5374 1284 5434 duodecimo
1312 5397 1450 5451 pag.
1480 5385 1580 5438 157
1606 5385 1752 5440 haec
1781 5402 1856 5442 no
1896 5389 2123 5445 itabilia

472 5457 836 5526 ponitverba
870 5478 881 5517 :
915 5464 1196 5523 Nondum
1228 5474 1421 5526 autem
1442 5488 1793 5543 quemquam
1823 5476 1944 5532 vidi
1958 5478 2124 5534 Chri-

468 5547 730 5603 stianum
761 5552 1113 5620 perfectum,
1155 5561 1260 5612 aut
1285 5561 1447 5614 omni
1490 5576 1565 5617 ex
1589 5568 1765 5633 parte
1805 5568 1867 5621 in
1898 5570 2123 5635 tempus

468 5650 639 5692 omne
691 5636 964 5705 liberum,
1043 5658 1078 5698 a
1141 5645 1403 5717 periculo
1474 5650 1745 5709 videlicet
1812 5657 2119 5725 peccandi.

2241 4559 2587 4615 dexteritate
2607 4558 2683 4613 ad
2694 4557 3029 4629 profectum
3043 4558 3282 4629 spiritus
3300 4558 3626 4630 promovit,
3641 4551 3886 4624 exemplo

2240 4663 2476 4718 semper
2505 4647 2781 4720 praeiens
2810 4649 2867 4701 in
2896 4648 3060 4702 omni
3083 4648 3389 4703 functione
3414 4644 3674 4719 religiosi
3709 4638 3887 4701 ofﬁcii,

2239 4735 2753 4791 tamexcellentem
2778 4735 3156 4804 magistrum,
3185 4735 3295 4791 sibi
3329 4736 3439 4789 visi
3458 4736 3578 4790 sint
3600 4732 3695 4789 tali
3725 4730 3889 4786 hono-

2237 4839 2367 4879 rare
2398 4824 2798 4894 appellatione
2847 4823 3150 4888 debuisse,
3199 4823 3523 4893 Evangelio
3564 4825 3737 4878 etiam
3765 4832 3892 4874 auc-

2238 4921 2361 4967 tore
2379 4911 2478 4968 ubi
2510 4912 3014 4981 legebantMatth.
3033 4913 3094 4977 V,
3131 4913 3194 4968 19
3221 4912 3367 4980 :Qui
3392 4911 3603 4981 fecerit
3628 4914 3679 4967 et
3703 4908 3890 4965 docue-

2235 5002 2333 5065 rit,
2370 5002 2466 5057 hic
2490 5017 2744 5071 magnus
2777 5002 3084 5058 vocabitur
3111 5000 3174 5057 in
3228 5016 3415 5070 regno
3446 5002 3753 5057 caelorum.

2307 5126 2539 5190 Altera,
2571 5124 2739 5197 quod
2790 5140 2928 5179 cum
2961 5124 3284 5180 Antonium
3336 5124 3598 5181 solerent
3627 5123 3887 5192 Magnum

2234 5212 2361 5268 sine
2384 5213 2593 5269 addito
2625 5228 2854 5277 vocare,
2890 5213 3042 5269 adeo
3074 5213 3301 5268 utistud
3328 5214 3680 5268 adiunctum
3718 5212 3770 5265 in
3786 5222 3874 5261 no-

2236 5317 2373 5356 men
2404 5301 2524 5357 iam
2560 5302 2865 5373 prOprium
2901 5302 3233 5371 migrasset,
3259 5308 3435 5372 prout
3470 5299 3799 5372 intelligitur
3824 5308 3883 5350 ex

2236 5406 2421 5461 supra
2458 5391 2717 5446 recitatis
2751 5389 2945 5445 Cranii
2997 5390 3324 5461 presbyteri
3371 5390 3537 5461 apud
3577 5387 3878 5445 Palladium

2234 5480 2451 5545 verbis,
2481 5485 2536 5533 et
2574 5478 2899 5534 Macarium
2943 5478 3209 5533 viderent
3238 5494 3267 5533 e
3310 5476 3449 5531 sinu
3495 5474 3730 5532 Antonii
3760 5486 3881 5545 pro-

2233 5566 2502 5634 ductum,
2534 5567 2833 5623 viceseius
2867 5567 3210 5637 inipsorum
3240 5565 3534 5637 regimine
3578 5569 3877 5635 gerentem.

2238 5660 2297 5713 et
2341 5656 2403 5713 in
2452 5657 2617 5714 omni
2642 5656 2823 5714 laude
2862 5654 3254 5721 simillimum,
3298 5669 3568 5727 aequum
3599 5649 3876 5714 duxerint,
