4078 6194
192 293 292 348 341

1242 293 1337 348 AD
1376 292 1747 350 OPUSCULA
1788 292 1849 348 S.
1891 291 2192 348 MACARII
2235 290 2587 348 AEGYPTII.

3515 291 3619 348 342

193 415 963 490 postAntoniipraesertim
993 420 1266 484 mortem,
1290 417 1500 474 eodem
1526 418 1849 473 Macarium
1888 421 1932 475 A
1961 420 2435 474 octavanumero
2450 419 2692 489 ponitur
2722 420 2851 475 eius
2865 419 3354 490 oratioinscripta
3383 418 3457 474 de
3481 431 3617 486 poe-

191 506 501 578 impertire
532 507 724 571 titulo,
753 521 880 578 quo
934 506 1166 562 Patrem
1193 512 1250 562 et
1276 523 1452 562 suum
1499 512 1849 562 cunctorum

193 601 786 667 commnnem,etpe
843 596 852 666 |
909 595 1194 651 culiarem
1218 596 1404 667 ipsius
1426 596 1852 667 exemplarque

193 685 598 755 archetypum
620 685 906 754 Magnum
929 685 1270 755 Antonium,
1299 685 1446 741 dum
1481 684 1722 749 viveret,
1757 683 1853 739 ho-

195 779 589 831 noraverant.

261 919 571 974 Postrema
583 916 762 973 huius
774 919 857 973 rei
871 922 961 974 sat
995 917 1330 974 verisimilis
1343 923 1648 985 causaest,
1665 919 1850 991 quod,

197 1023 336 1064 cum
370 1009 496 1063 iam
531 1011 657 1061 tum
688 1005 854 1062 fama
896 1004 1176 1063 ﬂorerent
1231 1006 1352 1062 duo
1378 1006 1496 1072 alii,
1529 1008 1605 1063 de
1636 1007 1854 1080 quibus

198 1097 477 1170 superius
510 1099 602 1149 est
629 1095 883 1160 dictum,
933 1095 1194 1150 iuniores
1225 1095 1461 1152 Macarii
1492 1101 1547 1151 et
1597 1096 1852 1152 diversis

200 1186 256 1241 in
277 1185 559 1256 partibus
575 1184 865 1252 degentes
886 1186 1212 1256 Aegyptius
1230 1188 1287 1239 et
1310 1185 1768 1249 Alexandrinus,
1797 1188 1855 1240 ut

197 1290 372 1331 suum
386 1273 793 1345 antiquiorem
809 1272 1010 1328 abillis
1023 1273 1478 1343 distinguerent,
1494 1275 1706 1345 Magni
1716 1290 1855 1330 eum

191 1362 647 1435 insigniendum
663 1361 925 1432 epitheto
940 1363 1271 1432 putaverint
1283 1363 1386 1434 qui
1402 1368 1541 1420 tunc
1554 1363 1853 1419 vivebant.

184 1454 363 1521 Quod
400 1453 633 1508 utinam
666 1453 1038 1507 constantius
1069 1451 1276 1508 fuisset
1306 1468 1342 1508 a
1373 1453 1622 1523 posteris
1656 1453 1856 1508 obser-

187 1550 403 1599 vatum
434 1559 448 1608 ;
484 1542 570 1596 sic
585 1541 744 1596 enim
767 1539 1227 1597 foretdamnosa
1241 1547 1296 1596 et
1313 1543 1629 1614 periniqua
1651 1541 1854 1598 confu-

187 1633 280 1688 sio
301 1635 512 1702 vitata,
536 1645 693 1702 quae
720 1629 1099 1684 veneratione
1117 1633 1360 1702 propria
1391 1631 1449 1685 in
1483 1629 1647 1686 fastis
1673 1631 1854 1686 eccle-

186 1723 456 1778 siasticis
481 1720 667 1776 Patris
692 1718 836 1774 olim
867 1719 1232 1775 sanctissimi
1262 1725 1317 1775 et
1343 1720 1684 1776 coelestium
1729 1736 1853 1776 me-

185 1810 527 1868 rentissimi
557 1809 858 1864 honorum
891 1807 1166 1863 obrutam
1198 1809 1590 1879 ambiguitate
1624 1825 1855 1865 memo-

184 1902 346 1958 riam
363 1897 687 1968 fraudavit;
707 1903 766 1952 ut
779 1912 917 1952 cum
935 1896 1064 1951 dies
1077 1898 1420 1967 assignatus
1442 1898 1854 1955 anniversario

186 1988 386 2046 cultui
401 1987 684 2060 proprius
703 1985 763 2040 in
791 1985 1222 2057 Martyrologiis
1235 1987 1643 2056 etMenologiis
1661 1988 1856 2056 signe-

191 2086 291 2134 tur
323 2075 624 2148 Aegyptio
653 2081 709 2130 et
737 2073 1147 2131 Alexandrino
1203 2075 1490 2138 Macariis,
1527 2091 1856 2146 eorumque

189 2172 339 2223 Acta
363 2163 689 2236 separatim
715 2162 1013 2232 descripta
1030 2161 1322 2231 legantur,
1367 2166 1527 2217 solus
1559 2162 1858 2233 antiquior

189 2255 507 2312 ambobus
521 2259 576 2308 et
607 2257 819 2307 neutro
836 2251 1286 2306 minusillustris
1305 2250 1590 2307 Macarius
1612 2253 1857 2319 Magnus

189 2342 618 2401 innominatus
650 2345 1034 2412 praeteratur.
1070 2339 1192 2406 Cui,
1227 2355 1426 2410 spero,
1462 2339 1860 2395 medebuntur

190 2431 596 2490 incommodo
647 2430 1109 2500 Antuerpienses
1164 2429 1375 2493 nostri,
1433 2443 1693 2499 quorum
1727 2428 1860 2484 laus

192 2526 363 2578 tanta
391 2525 484 2575 est
513 2519 574 2574 in
603 2517 760 2573 Actis
815 2518 1170 2573 Sanctorum
1230 2516 1616 2583 illustrandis,
1651 2517 1702 2571 si
1730 2533 1862 2589 pro-

196 2613 402 2686 priam
431 2609 744 2663 historiam
770 2606 923 2662 vitae
961 2605 1197 2662 abbatis
1243 2605 1577 2678 Pispiritani
1606 2607 1860 2675 Macarii,

197 2701 280 2758 ab
310 2711 634 2768 anonymo
663 2695 868 2762 veteri,
900 2695 1004 2767 qui
1037 2695 1372 2751 Posthnmii
1404 2694 1454 2750 ei
1489 2696 1862 2750 succedentis

198 2794 348 2846 Acta
379 2785 566 2842 literis
616 2784 880 2853 tradidit,
907 2788 969 2840 ut
1011 2784 1137 2856 ipse
1167 2783 1413 2852 indicat,
1441 2785 1863 2854 compositam,

198 2877 469 2950 reperire
498 2873 720 2930 alicubi
744 2872 1066 2944 potuerint,
1099 2888 1236 2928 cum
1283 2871 1457 2928 tineis
1487 2871 1636 2928 forte
1665 2873 1866 2929 adhuc

199 2966 535 3037 blattisque
564 2962 910 3018 luctantem.

1961 505 2214 561 nitentia
2241 510 2294 562 et
2324 508 2481 577 quod
2519 524 2636 563 non
2662 510 2736 563 sit
2767 508 3222 577 desperandum.
3287 507 3439 562 duas
3499 506 3615 561 hoc

1963 594 2126 665 quod
2157 595 2375 649 damus
2405 611 2695 667 expensas
2713 599 2930 667 scripto
2964 597 3337 653 narrationes
3371 593 3615 650 totidem

1962 681 2139 753 plane
2163 684 2366 738 recitat
2395 684 2589 738 verbis
2617 684 2901 740 continua
2926 686 3075 739 serie
3110 685 3187 740 ab
3209 691 3479 740 extrema
3509 697 3612 753 pa-

1964 770 2106 839 gina
2134 772 2478 837 centesima,
2503 788 2657 843 quae
2689 772 2842 828 illius
2864 774 3148 828 orationis
3189 772 3272 828 ibi
3311 787 3474 827 nona
3504 774 3615 836 est,

1966 874 2158 929 usque
2177 859 2252 914 ad
2273 861 2660 916 centesimam
2687 859 3133 916 duodecimam.
3157 861 3223 916 Et
3241 865 3380 916 sunt
3399 859 3616 916 ambae

1964 945 2098 1002 illae
2120 947 2402 1002 historiae
2428 948 2578 1004 adeo
2603 950 2945 1020 inopinatae
2963 965 3032 1005 ac
3067 950 3269 1012 mirae,
3305 955 3367 1004 ut
3387 948 3612 1004 descri-

1965 1034 2127 1090 benti
2161 1036 2301 1092 mihi
2351 1035 2806 1092 sollicitudinem
2866 1043 3192 1104 moverent,
3226 1053 3298 1091 ne
3331 1053 3440 1107 pro
3473 1052 3618 1107 apo-

1964 1138 2068 1196 cry
2144 1128 2152 1194 |
2240 1125 2371 1196 phis
2417 1130 2471 1180 et
2529 1132 2747 1181 temere
2774 1126 3043 1181 conﬁctis
3076 1125 3450 1180 reicerentur.
3487 1125 3615 1189 Quo

1965 1213 2162 1269 carius
2196 1213 2390 1270 habeo
2421 1215 2639 1270 muniri
2668 1231 2770 1270 eas
2804 1221 2925 1270 tam
2959 1212 3388 1282 irrefragabilis
3419 1218 3618 1268 aucto-

1966 1303 2044 1356 ris
2077 1303 2323 1359 minime
2345 1304 2529 1359 dubio
2546 1319 2655 1359 nec
2678 1304 2962 1375 cuiquam
2978 1301 3292 1358 recusabili
3309 1300 3616 1370 suffragio.

1966 1395 2110 1447 Puto
2144 1399 2341 1448 autem
2373 1393 2534 1448 hunc
2554 1394 3058 1449 commentarium
3093 1393 3170 1448 ab
3197 1388 3620 1463 Amphilochio

1966 1481 2163 1536 adhuc
2180 1481 2476 1538 monacho
2490 1489 2546 1537 et
2567 1483 3003 1538 monachorum
3020 1483 3354 1537 institutore
3371 1494 3614 1551 compo'

1967 1570 2166 1635 situm,
2195 1587 2265 1625 ex
2289 1587 2409 1641 quo
2440 1572 2600 1627 idem
2655 1576 2866 1643 postea
2893 1571 3210 1625 Iconiensis
3243 1569 3514 1636 antistes,
3559 1567 3619 1623 in

1965 1659 2283 1714 occasione
2312 1659 2766 1731 praemuniendi
2796 1677 2974 1714 suum
3010 1658 3304 1731 populum
3325 1657 3620 1713 adversus

1890 1771 1932 1826 Β
1967 1750 2350 1804 tentationem
2373 1750 2828 1821 desperationis,
2849 1749 2970 1803 duo
2995 1750 3108 1803 ista
3124 1745 3402 1818 exempla
3427 1745 3620 1800 verbis

1967 1841 2144 1912 plane
2168 1839 2376 1894 iisdem
2410 1837 2693 1904 retulerit,
2750 1838 2869 1893 alia
2901 1837 3076 1909 plura
3132 1837 3413 1891 omittens
3462 1849 3621 1905 quae

1967 1929 2279 1985 monachis
2309 1928 2455 1984 alias
2486 1928 2743 1997 allegata
2803 1927 3042 1995 utiliter,
3075 1923 3486 1981 saecularibus
3517 1922 3621 1978 do-

1967 2019 2168 2074 cendis
2198 2018 2394 2072 minus
2425 2023 2769 2088 opportuna
2801 2015 3165 2071 viderentur.

2044 2165 2129 2219 XI.
2159 2163 2532 2236 Opusculum
2553 2162 2944 2218 undecimum
2969 2160 3249 2232 equidem
3275 2156 3513 2230 plurimi
3541 2154 3625 2211 fa-

1968 2254 2059 2309 cio
2082 2258 2322 2324 prOpter
2343 2250 2881 2306 efﬂorescentemin
2897 2248 2993 2304 illo
3014 2265 3124 2318 gen
3136 2243 3620 2302 uinamindolem

1969 2358 2104 2398 vere
2127 2342 2518 2396 asceticorum
2535 2346 2907 2404 sensuum,et
2931 2337 3238 2410 quendam
3266 2335 3620 2391 suavissime

1972 2432 2330 2500 fragrantem
2348 2446 2420 2485 ex
2435 2429 2752 2500 uberi,qua
2766 2430 2996 2498 penitus
3011 2426 3320 2489 imbuitur,
3343 2423 3621 2478 unctione

1973 2519 2216 2591 spiritus
2245 2520 2518 2575 heroicae
2549 2517 2980 2574 sanctimoniae
3003 2517 3270 2570 odorem.
3293 2512 3527 2568 Nullum
3552 2511 3622 2566 li-

1974 2609 2210 2664 bentius
2230 2609 2531 2679 exscripsi,
2559 2607 2618 2662 in
2636 2606 2796 2662 nullo
2819 2603 3265 2676 interpretando
3289 2607 3516 2657 tantum
3541 2601 3627 2654 in-

1976 2699 2156 2754 timae
2185 2697 2518 2754 dulcedinis
2550 2713 2684 2751 sum
2715 2700 3012 2767 expertus.
3050 2695 3179 2760 Quo
3217 2691 3362 2746 mihi
3390 2695 3627 2746 conten-

1975 2787 2242 2844 dendum
2270 2787 2500 2842 enixius
2527 2785 2701 2840 statui
2737 2785 2813 2840 ad
2845 2785 2975 2854 ejus
3027 2789 3265 2853 tempus
3298 2783 3630 2835 auctorem-

1975 2891 2114 2949 que,
2146 2875 2587 2945 ignotissimum
2603 2879 2940 2945 utrumque,
2961 2870 3224 2943 vestigiis
3245 2867 3624 2925 omnibusin-

1977 2965 2216 3037 dagand
2227 2981 2350 3020 um.

279 3093 341 3147 X.
376 3091 490 3147 Diu
522 3105 636 3145 nos
668 3089 852 3143 tenuit
883 3087 1190 3144 Macarius.
1247 3087 1487 3144 Utinam
1539 3089 1866 3158 transigere
1907 3116 1948 3173 ο
2049 3092 2323 3148 Continet
2350 3090 2411 3146 id
2441 3089 2702 3162 alloquia
2723 3086 3180 3160 quatuordccim
3213 3083 3412 3139 studio
3455 3082 3624 3138 audi-

206 3181 481 3237 velocius
523 3193 822 3250 queamus
853 3193 1010 3248 quae
1031 3177 1105 3232 de
1137 3175 1268 3232 aliis
1299 3177 1676 3249 sequentium
1708 3179 1864 3248 Opu-

203 3271 519 3326 sculorum
548 3266 895 3322 auctoribus
949 3265 1288 3321 necessario
1342 3265 1674 3336 praefanda
1704 3267 1868 3322 vide-

198 3359 702 3415 buntur.;\'onum
721 3353 1406 3426 Opusciilumianonynli
1435 3361 1521 3409 est
1537 3354 1864 3411 collectoris

196 3447 638 3503 sententiarum
665 3447 923 3499 Patrum.
955 3442 1136 3498 Huius
1160 3449 1414 3499 aetatem
1447 3443 1664 3514 prodit,
1697 3444 1860 3516 quod

199 3553 320 3594 non
359 3535 479 3590 nisi
534 3532 1094 3604 antiquissimorum
1120 3532 1368 3588 nomina
1399 3532 1606 3588 recitat
1637 3549 1650 3588 :
1683 3549 1866 3603 argu-

199 3632 427 3687 mento,
477 3638 620 3679 eum
673 3625 809 3676 ante
869 3621 1161 3692 posterius
1208 3620 1532 3676 celebrium
1595 3628 1865 3695 tempora

198 3716 439 3770 vixisse.
467 3710 840 3783 Opusculum
867 3712 908 3766 X
926 3709 1260 3780 simplicem
1285 3709 1342 3764 in
1370 3725 1504 3766 meo
1537 3711 1864 3784 archetypo

196 3803 531 3858 Turrianeo
562 3799 767 3856 codice
791 3798 1162 3870 praeferebat
1179 3799 1411 3854 titulum
1433 3800 1675 3871 qualem
1699 3801 1865 3856 exhi-

199 3893 316 3948 beo
341 3908 356 3946 :
385 3891 450 3947 S.
473 3887 884 3956 Amphilochii
903 3887 976 3944 de
995 3902 1113 3943 non
1135 3887 1524 3958 desperando.
1544 3888 1716 3957 Quod
1739 3903 1862 3944 non

201 3980 266 4036 fit
289 3981 391 4035 hic
421 3978 651 4035 mentio
679 3976 1004 4032 lconiensis
1053 3977 1457 4048 episcopatus,
1527 3977 1606 4031 uti
1667 3993 1862 4050 neque

198 4085 389 4142 supra
419 4067 482 4122 in
516 4067 685 4122 titulo
726 4067 745 4120 Ι
773 4064 1058 4137 Opusculi
1093 4067 1149 4121 S.
1182 4065 1400 4121 Joanni
1435 4066 1864 4137 Chrysostomo

198 4157 572 4213 tributicitra
605 4154 786 4211 ullam
825 4155 986 4210 sedis
1029 4155 1865 4224 Coustantinopolitanaeme-

204 4247 490 4309 moriam,
517 4244 740 4300 indicio
797 4247 906 4310 est,
937 4258 1092 4314 opus
1124 4249 1445 4314 utrumque
1477 4243 1554 4298 ab
1578 4244 1648 4298 iis
1679 4244 1866 4300 Patri-

201 4336 319 4392 hus
339 4335 523 4390 fuisse
545 4335 852 4406 scriptum,
875 4333 1020 4388 dum
1040 4333 1236 4388 adhuc
1255 4334 1463 4404 privati
1484 4335 1634 4388 inter
1652 4351 1867 4390 mona-

201 4426 354 4482 chos
368 4426 653 4488 viverent,
674 4429 998 4495 antequam
1012 4422 1071 4476 in
1086 4422 1330 4477 thronos
1349 4431 1862 4493 promoverentur;

201 4529 365 4586 quae
405 4512 730 4568 amborum
762 4511 889 4567 talis
921 4511 1204 4582 temporis
1235 4517 1288 4565 et
1320 4513 1655 4580 argumenti
1701 4512 1866 4567 lucu-

200 4602 512 4658 brationes
527 4600 587 4655 in
605 4599 1038 4656 monachorum
1055 4599 1360 4655 tabulariis
1377 4599 1611 4656 relictae
1624 4599 1860 4666 fuerint,

204 4700 490 4764 tanquam
507 4691 574 4745 iis
589 4689 727 4744 solis
740 4688 1232 4744 accommodatae.
1244 4688 1714 4754 Scio,nonunum
1733 4704 1862 4745 esse

202 4783 260 4837 in
277 4781 520 4852 antiqua
538 4779 946 4834 Ecclesiastica
962 4778 1241 4832 memoria
1253 4778 1546 4832 celebrem
1565 4778 1863 4850 Amphilo-

198 4872 400 4927 chium
434 4875 672 4935 ;tamen
695 4867 892 4930 huius,
926 4882 1106 4938 quem
1134 4865 1230 4921 hic
1264 4865 1521 4930 edimus,
1545 4866 1724 4922 libelli
1766 4883 1858 4922 ve-

197 4958 532 5016 rumfuisse
545 4963 778 5030 patrem
817 4956 1299 5028 antiquissimum
1324 4953 1487 5010 illum
1521 4955 1794 5010 doctrina
1805 4962 1861 5012 et

198 5045 1048 5116 sanctimonialateinclytum,
1087 5059 1158 5099 ex
1181 5043 1478 5100 monacho
1494 5045 1859 5100 lconiensem

199 5137 554 5209 episcopum
576 5133 1080 5205 Amphilochium,
1111 5150 1146 5190 a
1175 5134 1266 5189 SS.
1293 5133 1524 5198 Basilio,
1577 5134 1858 5202 Gregorio

201 5227 587 5289 Nazianzeno,
651 5223 1010 5294 Hieronymo
1062 5223 1382 5294 multisque
1427 5223 1557 5278 aliis
1590 5227 1854 5278 veterum

203 5314 524 5384 magniﬁce
547 5312 879 5369 laudatum.
895 5313 1064 5367 cuius
1079 5312 1136 5366 in
1153 5311 1572 5382 Martyrologio
1587 5315 1856 5368 Romano

204 5402 278 5457 ad
306 5403 550 5458 diele
579 5400 704 5456 Kal.
740 5403 900 5463 Dec.,
930 5402 986 5455 in
1007 5400 1243 5457 Graecis
1265 5401 1477 5456 Meneis
1508 5400 1721 5457 eodem
1760 5401 1854 5457 die

208 5490 522 5560 splendida
543 5490 736 5562 elogia
754 5489 1052 5560 leguntur,
1083 5489 1401 5545 manifeste
1422 5496 1656 5546 constat
1673 5507 1742 5546 ex
1761 5507 1850 5558 eo,

205 5581 362 5650 quod
384 5596 440 5635 in
460 5579 749 5650 operibus
769 5577 1037 5633 eiusdem
1063 5580 1118 5635 S.
1155 5579 1343 5634 Patris
1369 5585 1505 5635 ante
1531 5579 1641 5635 hos
1663 5595 1854 5636 annos

211 5668 292 5722 XL
329 5683 540 5740 graece
571 5666 756 5724 simul
805 5665 1106 5740 latiusque
1156 5667 1393 5724 Parisiis
1450 5668 1642 5735 editis,
1697 5685 1855 5742 quae

1977 3183 2190 3242 torlsin
2222 3180 2422 3237 literas
2452 3180 2658 3243 missa,
2681 3182 2860 3250 prout
2887 3179 3136 3246 excepta
3164 3174 3396 3229 fuerant
3417 3188 3489 3227 ex
3520 3185 3622 3226 ore

1977 3269 2484 3339 seniscuiuspiam
2511 3265 3056 3338 grandaevi,longo
3072 3280 3183 3318 usu
3214 3263 3366 3318 vitae
3395 3260 3628 3330 religio-

1975 3377 2076 3418 sae
2104 3376 2210 3432 per
2235 3374 2446 3414 omnes
2473 3356 2850 3430 perfectionis
2882 3352 3271 3423 Evangelicae
3293 3350 3518 3420 gradus
3545 3349 3625 3405 ad

1974 3451 2206 3522 apicem
2250 3448 2434 3503 evecti
2483 3445 2832 3509 sanctitatis,
2890 3449 3182 3516 quantam
3219 3442 3376 3512 capit
3403 3439 3628 3494 divinis

1974 3541 2181 3599 adiuta
2213 3537 2514 3593 beneficiis
2535 3535 2802 3590 humana
2823 3533 3169 3589 mortalitas.
3203 3529 3617 3601 Alloquiorum

1975 3634 2182 3686 auctor
2213 3628 2558 3683 nominatur
2600 3625 2815 3679 beatus
2871 3622 3062 3679 abbas
3087 3621 3376 3676 Zosimas.
3409 3621 3484 3674 De
3515 3633 3619 3672 ex-

1975 3723 2213 3789 ceptorc
2237 3721 2466 3770 tantum
2485 3713 2770 3778 innuitur,
2804 3711 2984 3766 fuisse
3018 3709 3185 3764 illum
3217 3725 3286 3762 ex
3311 3708 3441 3762 eius
3473 3709 3590 3761 assi
3613 3735 3627 3746 -

1975 3808 2110 3863 duis
2135 3802 2516 3862 auditoribus
2533 3817 2742 3865 unum,
2769 3797 3156 3854 verisimiliter
3178 3795 3447 3850 sodalem
3474 3797 3627 3849 eius-

1976 3895 2114 3951 dem
2139 3894 2196 3948 in
2227 3907 2349 3964 quo
2379 3888 2633 3960 degebat
2661 3887 2924 3942 Zosimas
2955 3884 3252 3940 coenobii.
3287 3883 3393 3936 Diu
3423 3882 3497 3936 de
3527 3881 3624 3936 his

1975 3989 2032 4040 et
2057 3981 2300 4038 sollicite
2330 3977 2679 4050 disquirenti
2711 3973 2858 4030 mihi
2904 3989 2975 4028 ea
3006 3971 3250 4028 tandem
3297 3969 3448 4024 sedit
3481 3984 3619 4024 sen-

1975 4072 2178 4136 tentia,
2210 4067 2470 4124 eundem
2497 4066 2676 4121 istum
2698 4079 2826 4119 esse
2855 4062 3151 4118 Zosimam
3175 4075 3312 4114 cum
3346 4057 3446 4113 illo
3477 4057 3624 4114 cele-

1973 4159 2320 4219 bratissimo
2351 4155 2634 4211 divinitus
2664 4153 2871 4220 electo,
2893 4157 2958 4206 ut
2987 4155 3230 4205 sanctae
3260 4148 3623 4219 poenitentis

1975 4251 2188 4308 Mariae
2217 4246 2562 4319 Aegyptiae,
2596 4260 2720 4308 seu,
2757 4247 2818 4296 ut
2845 4241 3024 4311 vulgo
3055 4239 3402 4310 loquuntur,
3437 4242 3625 4308 Aegy-

1976 4341 2228 4412 ptiacae,
2287 4342 2344 4390 et
2393 4338 2779 4403 cognosceret
2836 4333 3018 4386 vitam
3050 4335 3104 4384 et
3132 4329 3313 4384 funus
3365 4330 3620 4382 curaret.

1974 4429 2174 4484 Exstat
2216 4425 2291 4482 de
2337 4424 2428 4479 his
2484 4420 2952 4478 commentarius
2983 4418 3147 4474 omni
3184 4416 3304 4472 fide
3330 4416 3621 4479 ﬁrmatus,

1974 4533 2097 4572 non
2153 4513 2494 4586 Sophronii,
2554 4517 2614 4566 ut
2653 4525 2972 4582 perperam
3030 4506 3372 4562 inscribitur
3402 4520 3438 4560 a
3468 4503 3624 4558 mul-

1974 4607 2066 4671 tis,
2123 4602 2289 4675 quod
2338 4601 2570 4658 invictis
2623 4597 2992 4668 argumentis
3050 4594 3393 4651 confutatur
3413 4593 3490 4648 ab
3542 4590 3627 4646 ul-

1972 4694 2117 4751 timo
2149 4692 2276 4748 eius
2307 4691 2508 4760 scripti
2535 4689 2782 4752 editore,
2817 4693 3018 4741 nostro
3053 4682 3292 4739 Daniele
3322 4679 3623 4750 Papebro-

1971 4783 2106 4838 chio
2157 4783 2321 4837 Tom.
2378 4777 2640 4850 [Aprilis
2676 4792 2811 4848 pag.
2839 4775 2929 4839 69,
2964 4773 3065 4828 sed
3099 4770 3388 4842 anonymi
3416 4784 3624 4823 mona-

1971 4871 2063 4928 chi
2091 4869 2361 4926 coenobii
2396 4883 2580 4938 prOpe
2606 4865 2932 4921 Jordanem
2975 4861 3087 4925 siti,
3117 4861 3176 4915 in
3204 4873 3326 4931 quo
3357 4857 3621 4913 Zosimas

1971 4960 2210 5016 ultimos
2263 4973 2407 5012 suae
2462 4957 2617 5011 vitae
2667 4969 2862 5010 annos
2918 4952 3122 5022 exegit,
3174 4953 3347 5020 prout
3379 4947 3505 5018 ipse
3538 4945 3623 4998 in-

1970 5050 2098 5104 nuit
2148 5053 2354 5102 auctor
2409 5044 2493 5099 sic
2546 5043 2812 5098 scribens
2870 5040 2983 5096 sub
3038 5039 3215 5094 ﬁnem
3256 5033 3619 5091 narrationis

1969 5153 2132 5203 suae,
2168 5140 2490 5208 postquam
2517 5132 2836 5193 docuisset.
2869 5145 3174 5186 reversum
3223 5143 3258 5181 a
3302 5126 3361 5180 S.
3401 5123 3617 5178 Mariae

1966 5226 2362 5296 Aegyptiacae
2386 5223 2589 5277 funere
2608 5221 2902 5276 Zosimam
2927 5233 3082 5289 quae
3112 5215 3340 5270 viderat
3371 5218 3423 5267 et
3449 5209 3624 5266 audi-

1967 5319 2128 5370 verat
2142 5328 2321 5383 saepe
2335 5312 2620 5366 retulisse:
2652 5311 3117 5366 Perseverarunt
3135 5310 3326 5361 autem
3344 5300 3626 5357 monachi

1968 5403 2123 5474 [post
2151 5402 2417 5458 Zosimae
2447 5399 2716 5455 videlicet
2763 5396 3017 5470 obitum]
3045 5395 3188 5452 haec
3214 5397 3343 5461 ipsa
3372 5407 3478 5460 per
3503 5398 3622 5446 tra-

1964 5491 2244 5547 ditionem
2257 5491 2538 5546 discentes
2555 5498 2734 5560 atque
2745 5487 2825 5543 ad
2836 5485 3141 5543 communis
3159 5483 3432 5538 utilitatis
3446 5496 3628 5550 argu-

1965 5583 2225 5636 mentum
2243 5586 2634 5650 proponentes
2652 5577 2866 5634 audire
2887 5574 3232 5637 volentibus,
3263 5573 3364 5628 sed
3377 5587 3495 5627 non
3514 5586 3627 5626 au-

1969 5669 2093 5726 divi
2115 5684 2469 5742 quemquam
2499 5668 2718 5738 scripto
2748 5666 3012 5738 signasse
3041 5664 3476 5721 narrationem.
3504 5661 3624 5731 Ego
