4078 6194
444 253 551 310 343

1582 256 1793 313 PETRI
1833 257 2111 313 POSSINI
2148 256 2684 313 PROLEGOMENA

3736 260 3848 318 3M

446 392 583 434 vero
610 392 763 449 quae
782 376 935 435 citra
950 380 1317 448 scripturam
1347 381 1624 451 comperi,
1643 397 1748 451 per
1775 383 1975 439 literas
1993 398 2088 439 cu-
2121 383 2167 437 A
2199 397 2304 437 cur
2324 381 2351 435 ?
2376 381 2489 437 nisi
2522 384 2683 456 quod
2709 384 3045 443 Palaestina
3069 403 3139 445 eo
3172 404 3364 463 usque
3383 386 3655 461 protendi
3683 386 3857 442 vide-

446 469 581 524 ravi
593 474 735 523 nota
746 468 969 537 facere.
989 468 1213 524 Indicia
1227 469 1363 525 hinc
1390 486 1702 542 exsequar,
1720 471 1941 543 quibus
1961 488 2087 527 mo-

442 572 591 612 veor
608 557 683 612 ad
705 556 1100 627 opinandum,
1121 558 1333 613 horum
1351 564 1650 615 auctorem
1675 559 2087 631 Alloquiorum

444 646 742 701 Zosimam
772 660 893 701 non
917 645 1100 701 alium
1124 662 1254 702 esse
1272 648 1344 702 ab
1374 663 1465 711 eo,
1485 648 1577 703 cui
1608 649 1740 703 testi
1773 649 1949 704 unico
1976 651 2089 704 Ma-

442 735 566 789 riae
588 736 987 807 Aegyptiacae
1003 735 1273 791 notitiam
1296 735 1474 792 debet
1496 736 1772 802 Ecclesia,
1795 737 1947 792 sicut
1975 738 2087 792 An-

444 824 607 880 tonio
636 823 794 880 Pauli
828 824 1002 895 primi
1039 823 1339 879 eremitae.

511 948 819 1003 Primum:
851 948 1113 1003 detector
1140 947 1507 1005 latebrarum
1546 951 1945 1023 Aegyptiacae
1977 953 2089 1007 Ma-

440 1038 563 1093 riae
593 1036 874 1102 Zosimas,
907 1052 944 1092 a
972 1052 1156 1107 puero
1218 1037 1465 1092 traditus
1505 1041 1869 1095 monasticae
1917 1040 2089 1095 disci-

442 1126 640 1197 plinae
656 1127 712 1180 in
730 1125 998 1197 quodam
1012 1126 1304 1182 coenobio
1321 1126 1774 1195 Palaestinae,in
1790 1145 1859 1185 eo
1873 1127 2088 1186 lauda-

440 1214 667 1270 tissime
696 1215 875 1269 vitam
908 1214 1234 1270 asceticam
1266 1218 1528 1272 exercuit
1552 1233 1657 1287 per
1681 1233 1875 1273 annos
1906 1234 2088 1289 supra

439 1302 897 1375 quinquaginta,
955 1307 1204 1359 testante
1235 1303 1294 1359 id
1334 1304 1489 1377 ipso,
1523 1306 1694 1376 cujus
1726 1308 1875 1362 haec
1910 1307 2086 1363 verba

441 1406 775 1462 anonymus
791 1392 1114 1447 monachus
1128 1393 1407 1448 exscribit
1424 1396 1630 1449 num.3
1644 1411 1787 1451 suae
1804 1397 2089 1451 narratio-

441 1480 559 1536 nis:
598 1480 833 1536 Dicebat
864 1484 1059 1537 autem
1121 1482 1247 1551 ipse
1275 1484 1347 1539 de
1375 1498 1437 1539 se
1490 1484 1780 1550 Zosimas,
1826 1484 1985 1556 quod
2012 1484 2088 1541 ab

442 1571 623 1633 ulnis,
652 1575 717 1625 ut
738 1569 821 1625 sic
850 1571 1082 1639 loquar,
1097 1572 1361 1639 palemis
1392 1574 1453 1627 in
1485 1574 1904 1630 monasterium
1927 1574 2090 1629 istud

441 1659 638 1723 datus,
660 1674 771 1727 per
794 1674 983 1714 annos
1007 1660 1448 1732 quinquaginta
1478 1668 1595 1718 tres
1646 1662 1708 1717 in
1761 1664 2087 1719 monastico

2201 477 2376 527 retur.
2404 472 2628 528 Ututde
2647 475 2717 528 iis
2740 477 2830 540 sit,
2858 483 3086 534 certum
3113 479 3363 545 videtur,
3392 483 3527 551 post
3554 476 3854 533 Judaeam

2199 559 2453 617 deletam
2516 564 2723 633 primis
2776 565 3071 622 Ecclesiae
3122 569 3399 634 saeculis,
3432 576 3490 623 et
3520 569 3585 621 IV
3614 564 3853 638 potissi-

2200 654 2801 723 mum,qquosimas
2813 654 3072 722 vivebat,
3093 661 3155 711 ut
3179 658 3600 722 ostendemus,
3626 656 3850 727 Tyrum

2199 738 2536 797 Palaestina
2549 742 2729 798 fuisse
2743 745 3468 816 comprehensam.Herodi
3487 760 3629 801 sane
3643 743 3856 815 Agrip-

2197 844 2328 899 pae,
2393 832 2591 901 nepoti
2652 833 2895 889 Herodis
2959 836 3169 905 Magni,
3239 851 3378 891 cum
3412 834 3525 891 sub
3596 836 3851 890 Caesare

2198 915 2444 973 Claudio
2474 926 2709 989 pareret
2736 921 3271 979 maximaJudaeae
3294 939 3457 994 pars,
3479 927 3541 978 ut
3562 921 3853 977 docetJo-

2201 1005 2424 1076 sephus
2476 1006 2576 1062 lib.
2632 1010 2743 1064 XIX
2796 1010 3014 1082 Antiq.,
3078 1011 3388 1083 subjectos
3413 1010 3594 1067 fuisse
3642 1010 3854 1080 Tyrios

2198 1100 2253 1150 et
2305 1094 2599 1166 Sydonios
2655 1097 2878 1155 indicat
2938 1101 2992 1155 S.
3051 1102 3237 1155 Lucas
3293 1104 3575 1155 Actorum
3612 1098 3724 1163 XII,
3758 1098 3852 1151 20.

2198 1185 2358 1249 Quae
2385 1199 2520 1239 cum
2554 1185 2634 1240 ita
2662 1186 3137 1247 sintomnia.cur
3153 1188 3456 1243 affirmare
3472 1186 3849 1250 dubitemus,

2199 1274 2650 1337 monasterium,
2684 1275 2849 1345 quod
2867 1276 3260 1348 apndTyrum
3291 1276 3480 1339 fuerit,
3504 1290 3637 1331 vere
3665 1274 3854 1329 situm

2198 1362 2258 1415 in
2288 1360 2622 1416 Palaestina
2653 1361 2767 1417 dici
2792 1365 3058 1434 potuisse
3078 1364 3107 1419 7
3125 1364 3385 1421 Meminit
3414 1371 3721 1433 praeterea
3742 1365 3855 1418 Zo-

2200 1450 2388 1505 simas
2406 1449 2466 1505 in
2488 1450 2755 1521 quodam
2783 1453 3060 1525 Alloquio
3083 1454 3528 1525 campestrium,
3554 1453 3653 1508 ubi
3682 1455 3765 1507 ait
3783 1467 3854 1508 se

2200 1539 2404 1595 fuisse.
2423 1542 2748 1606 Quaehaec
2774 1544 3149 1610 campestria,
3169 1544 3280 1598 nisi
3305 1558 3560 1614 campus
3592 1557 3856 1611 magnus

2199 1629 2491 1685 Galilaeae
2538 1635 2596 1686 et
2649 1630 2939 1686 latissima
2969 1631 3067 1687 illa
3100 1631 3376 1703 planities
3425 1638 3545 1687 tam
3579 1645 3761 1701 saepe
3790 1629 3857 1684 in

440 1718 1057 1816 cursu'perseveravit.
1114 1753 1122 1816 Ι
1165 1718 1589 1806 ᾘοᾶεειθτὶυω
1616 1753 2000 1824 porroistud,
2028 1718 2089 1807 ut
2125 1736 2165 1789 Β
2201 1720 2515 1824 δθνίρξυνίδ
2540 1724 2871 1824 ωξῗωοτδίδ
2891 1720 2919 1775 Ῡ
2937 1719 3085 1824 Atlibi
3108 1720 3207 1786 ail’
3237 1719 3740 1824 Saﬁierﬁmymis
3765 1718 3859 1773 di-

438 1835 605 1893 initio
622 1838 978 1893 narrationis
991 1837 1147 1893 clare
1164 1838 1397 1904 dicitur,
1418 1840 1537 1909 fuit
1556 1857 1738 1897 unum
1754 1842 1915 1898 exiis
1937 1858 2090 1913 quae

436 1928 965 1995 perPalaestinam
980 1935 1119 1983 sunt
1142 1929 1536 1986 monasteriis.
1562 1931 1734 2002 Atqui
1759 1932 1907 1987 haec
1935 1932 2086 1988 Allo-

439 2016 584 2088 quia
612 2017 742 2071 eius
773 2023 930 2080 sunt,
959 2019 1060 2089 qui
1100 2017 1159 2072 in
1194 2017 1524 2074 Palaestina
1556 2020 1766 2076 vixerit
1796 2027 1852 2077 et
1880 2038 2089 2078 conse-

440 2107 652 2175 nuerit,
682 2122 790 2161 nec
805 2106 985 2161 aliam
1003 2106 1076 2161 ad
1088 2107 1335 2161 modum
1349 2107 1512 2162 orbis
1526 2115 1776 2178 partem,
1790 2116 2086 2181 quantum

436 2214 508 2253 ex
536 2197 662 2252 eius
682 2194 878 2249 verbis
900 2194 1261 2262 intelligitur,
1284 2195 1613 2251 incoluerit.
1642 2201 1788 2253 Nam
1814 2199 2086 2271 Alloquio

434 2289 500 2342 VI
530 2286 680 2342 haec
706 2284 968 2356 loquitur
992 2301 1004 2340 :
1028 2285 1153 2339 [ter
1166 2284 1485 2354 agebamus
1506 2302 1609 2356 ego
1640 2295 1693 2343 et
1716 2288 1914 2357 frater
1934 2304 2087 2345 unus

436 2376 532 2433 via
559 2374 964 2443 Neapolitana
977 2388 1105 2428 cum
1121 2373 1909 2444 quibusdamsaecularibus.
1928 2378 2089 2434 veni-

435 2479 679 2535 musque
699 2463 778 2519 ad
806 2464 999 2517 locum
1034 2462 1132 2517 ubi
1161 2468 1289 2518 erat
1333 2464 1616 2520 telonium
1651 2472 1759 2520 cet.
1793 2466 1915 2521 Fuit
1944 2466 2085 2521 olim

432 2552 712 2625 Neapolis
734 2550 1119 2607 celeberrima
1140 2550 1500 2607 Palaestinae
1519 2553 1748 2620 civitas,
1776 2559 1916 2609 teste
1939 2555 2087 2609 inter

432 2642 783 2697 innumeros
817 2639 965 2694 alios
995 2639 1202 2703 Plinio,
1236 2640 1406 2695 cuius
1462 2641 1611 2696 haec
1642 2641 1745 2698 lib.
1778 2645 1822 2697 V
1851 2658 1984 2712 cap.
2026 2648 2083 2699 13

433 2730 617 2785 verba
647 2735 779 2784 sunt
803 2744 816 2783 :
850 2727 1163 2784 Samariae
1192 2728 1413 2797 oppida
1438 2730 1741 2800 Neapolis,
1772 2731 1931 2802 quod
1954 2732 2086 2787 Μα-

431 2825 625 2874 morta
655 2817 972 2873 dicebatur
1003 2822 1113 2872 cet.
1148 2817 1365 2872 Iterum
1391 2816 1662 2890 Alloquio
1692 2821 1731 2873 X
1762 2820 1905 2875 dicit
1934 2821 2084 2876 Zosi-

431 2923 561 2963 mas
591 2924 604 2961 :
644 2907 791 2962 Cum
811 2921 987 2962 essem
1014 2905 1077 2961 in
1104 2907 1463 2962 monasterio
1484 2908 1643 2977 quod
1670 2914 1752 2964 est
1779 2910 1944 2977 apud
1978 2912 2086 2979 Ty-

426 3011 581 3051 rum.
619 2998 716 3051 Est
744 2994 991 3067 quidem
1017 2996 1203 3066 Tyrus
1229 2995 1580 3069 Phoeniciae
1612 2996 1881 3059 urbs.sed
1904 3015 2080 3071 quae,

430 3085 509 3140 uti
535 3090 589 3140 et
624 3084 829 3150 Sidon,
865 3087 1108 3154 propter
1154 3083 1669 3154 propinquitatem
1718 3085 2083 3143 Palaestinae
2120 3095 2161 3152 C

427 3172 847 3228 contribuitur.
873 3171 1147 3226 Hodierni
1170 3171 1499 3243 geographi
1524 3173 1917 3229 Palaestinam
1941 3176 2083 3231 duo-

426 3260 619 3317 decim
636 3261 1091 3315 lsraeliticarum
1112 3259 1373 3315 tribuum
1390 3260 1753 3317 habitatione
1767 3263 2075 3329 deﬁniunt,

426 3365 537 3405 nec
591 3365 731 3404 cum
788 3349 1004 3403 Veteris
1058 3364 1194 3402 cum
1254 3350 1396 3403 Novi
1425 3351 1782 3405 Testamenti
1816 3351 2079 3407 historiis

422 3438 881 3493 consentientes.
947 3438 1093 3489 Nam
1120 3451 1221 3490 rex
1265 3436 1582 3491 duodecim
1622 3437 1879 3493 tribuum
1915 3439 2073 3503 Saul,

425 3530 487 3579 ut
514 3525 632 3579 ex]
664 3526 889 3591 Regum
925 3528 1104 3593 patet,
1133 3528 1190 3578 et
1237 3524 1339 3595 qui
1383 3524 1434 3577 ei
1462 3526 1744 3581 successit
1777 3528 1982 3592 David,
2020 3533 2079 3582 ut

423 3629 494 3668 ex
524 3613 591 3678 II,
624 3612 887 3683 itemque
922 3626 991 3666 ex
1020 3615 1035 3665 ι
1090 3611 1346 3683 Paralip.
1395 3613 1775 3669 manifestum
1808 3623 1917 3681 est,
1954 3617 2079 3672 uni-

422 3717 654 3757 versam
707 3700 789 3755 Xll
854 3700 1120 3755 tribuum
1173 3700 1460 3757 ditionem
1491 3702 1847 3770 obtinentes,
1894 3704 2078 3762 multa

422 3790 581 3847 bella
595 3805 732 3845 cum
749 3789 1225 3857 Philistaeis,hoc
1243 3790 1586 3846 estPalaesti
1599 3792 2075 3862 nis,habueruut,

420 3880 523 3953 qui
552 3880 753 3952 utique
770 3878 951 3935 aliam
970 3879 1047 3935 ab
1065 3879 1391 3936 lsraelitide
1416 3887 1569 3938 terra
1590 3885 1895 3955 regionem
1917 3886 2079 3941 habi-

423 3970 647 4025 tabant.
684 3969 953 4025 Christus
1006 3985 1145 4024 vero
1194 3970 1338 4039 ipse,
1368 3972 1467 4041 qui
1503 3988 1563 4026 se
1612 3972 1809 4028 aiebat
1834 3990 1954 4030 non
1984 3992 2077 4033 ve-

422 4062 577 4115 nisse
590 4059 705 4113 nisi
721 4058 800 4113 ad
813 4073 945 4114 oves
958 4058 1423 4129 quaeperierant
1440 4059 1647 4115 domus
1662 4062 2075 4129 Israet,Matth.

422 4149 529 4209 XV,
566 4149 651 4210 24,
686 4152 901 4210 tamen,
957 4152 1016 4199 ut
1048 4147 1267 4201 ibidem
1298 4149 1424 4210 V,2l
1470 4148 1704 4211 dicitur.
1755 4154 1982 4207 secessit
2014 4154 2076 4208 in

420 4240 621 4302 partes
661 4232 805 4299 Tyri
819 4240 873 4287 et
902 4233 1163 4299 Sidonis,
1184 4234 1345 4304 quod
1363 4241 1417 4289 et
1438 4238 1661 4291 Marcus
1678 4254 1811 4309 cap.
1828 4241 1917 4293 VII
1940 4257 2078 4295 con-

422 4322 639 4386 ﬁrmat,
673 4327 729 4376 et
757 4320 835 4375 ibi
859 4320 1091 4375 curavit
1122 4321 1309 4376 tiliam
1341 4324 1944 4396 Chananaeae,prout
1974 4329 2079 4384 ibi-

422 4408 561 4464 dem
594 4407 1000 4475 Evangelistae
1046 4416 1328 4475 narrant;
1362 4411 1536 4481 quasi
1601 4419 1659 4466 ut
1715 4416 2072 4481 ostenderet,
2110 4453 2151 4506 Β

424 4496 917 4565 Phoenicemjam
948 4501 1071 4551 tum
1095 4498 1167 4551 ad
1192 4498 1607 4566 Palaestinam,
1639 4508 1813 4571 prout
1838 4503 1983 4559 haec
2004 4506 2077 4559 ls-

419 4585 747 4642 raeliticam
776 4585 1085 4655 regionem
1113 4586 1379 4651 denotat,
1414 4590 1793 4659 pertinuisse.
1828 4594 1989 4649 Certe
2016 4594 2076 4650 in

421 4675 679 4732 historiis
699 4691 1009 4731 sacrarum
1041 4676 1483 4747 expeditionem
1505 4680 1746 4751 Tyrum,
1770 4682 2071 4753 Sidonem,

419 4770 476 4820 et
505 4764 886 4820 Phoeniciam
915 4764 1252 4819 universam
1272 4766 1636 4822 Palaestinae
1655 4776 1881 4839 partem
1913 4772 2077 4829 vide-

424 4871 560 4909 mus
593 4853 885 4909 habitam.
913 4854 1289 4925 Antiquiores
1324 4870 1462 4910 vero
1511 4856 1685 4927 longe
1718 4858 1893 4914 latius
1927 4862 2074 4917 ﬁnes

423 4942 793 4999 Palaestinae
806 4944 1654 5018 porrexerunt,utOvidiusqui
1669 4949 1859 5018 ripam
1880 4952 2064 5020 Tigris

423 5032 619 5088 amnis
671 5034 1005 5102 marginem
1079 5032 1449 5090 Palaestinae
1510 5043 1685 5091 vocat
1748 5037 1844 5093 illo
1898 5055 2069 5097 versu

427 5123 651 5178 Fast.ll.

599 5227 786 5298 Inque
812 5227 1193 5286 Palaestinae
1216 5229 1488 5300 margine
1511 5231 1657 5287 sedit
1680 5248 1888 5303 aquae,

425 5346 825 5417 adstipulante
879 5347 1080 5413 Plinio,
1138 5349 1243 5420 qui
1272 5348 1375 5405 lib.
1438 5352 1501 5404 VI
1557 5369 1689 5425 cap.
1726 5356 1792 5410 28
1824 5356 2069 5414 Sittace-

424 5451 563 5490 nem
586 5437 886 5505 regionem
914 5436 1065 5505 Tigri
1088 5440 1432 5496 continuam
1466 5442 1832 5500 Palaestinae
1864 5463 2068 5503 accen-

424 5529 511 5577 set
540 5540 552 5589 ;
585 5529 647 5578 ut
665 5525 935 5580 omittam
955 5526 1118 5597 quod
1148 5533 1393 5584 testatur
1414 5530 1786 5599 Plutarchus,
1808 5536 2069 5607 Strymo-

426 5627 565 5675 nem
581 5612 956 5675 Macedoniae
967 5614 1213 5673 ﬂuvium
1227 5616 1632 5678 Palaestinum
1644 5621 1787 5678 olim
1810 5623 2062 5681 dictum:

2201 1812 2523 1871 versatum,
2556 1808 2727 1871 alias,
2760 1810 3087 1880 quemdam
3120 1825 3183 1864 se
3213 1809 3431 1864 vidisse
3487 1810 3810 1863 Caesareae
3838 1824 3853 1874 ;

2198 1895 2488 1951 locahaec
2505 1897 2709 1952 omnia
2722 1898 3352 1971 Palestinae.Denique
3394 1897 3565 1954 initio
3591 1896 3851 1968 Alloquii

2197 1986 2310 2039 Xlll
2341 1984 2573 2040 lauram
2609 1986 2847 2040 abbatis
2902 1988 3192 2042 Gerasimi
3236 1993 3530 2042 memorat
3559 1992 3856 2056 tanquam

2199 2074 2455 2129 vicinam
2476 2074 2605 2129 loco
2628 2077 2825 2145 inquo
2845 2080 2985 2130 tunc
3006 2077 3271 2132 Zosimas
3311 2075 3605 2145 degebat;
3637 2089 3860 2130 coeno-

2199 2162 2298 2217 bio
2327 2178 2543 2233 nempe
2558 2178 2743 2234 prope
2759 2164 3240 2236 Jordanem,quo
3264 2181 3332 2219 ex
3358 2164 3531 2235 Tyrio
3562 2163 3860 2234 migrave-

2196 2258 2306 2307 rat:
2324 2251 2948 2307 fuisseautemlauram
2963 2270 3206 2325 quoque
3221 2254 3338 2308 sive
3356 2259 3628 2308 mouaste
3660 2254 3669 2322 |
3702 2252 3856 2307 rium

2199 2341 2481 2395 Gerasimi
2541 2340 2949 2413 propinquum
3008 2342 3273 2407 Jordani,
3327 2342 3484 2397 clare
3524 2341 3698 2397 docet
3737 2342 3858 2395 Mo-

2198 2429 2377 2483 schus
2400 2445 2528 2500 cap.
2549 2431 2675 2484 CVII
2698 2431 2847 2485 Prati
2870 2431 2951 2484 sic
2970 2432 3243 2486 scribens
3279 2448 3292 2486 :
3330 2447 3445 2486 uno
3465 2431 3597 2500 fere
3622 2430 3857 2485 millia-

2198 2518 2287 2573 rio
2316 2517 2496 2573 distat
2525 2533 2561 2573 a
2579 2519 2846 2575 Jordane
2867 2520 3289 2575 monasterium
3320 2520 3479 2591 quod
3499 2519 3730 2575 abbatis
3749 2519 3859 2574 Ge-

2197 2608 2405 2663 rasimi
2418 2607 2656 2662 dicitur.
2686 2610 2766 2662 Ex
2798 2608 2890 2663 his
2922 2608 3250 2674 coniicitur,
3286 2614 3407 2663 tam
3432 2610 3729 2664 Zosimam
3753 2607 3852 2663 Al-

2194 2695 2533 2769 loquiorum
2588 2703 2915 2763 auctorem,
2968 2714 3155 2770 quam
3212 2704 3575 2769 repertorem
3630 2697 3851 2753 Mariae

2194 2787 2594 2857 Aegyptiacae
2623 2787 2679 2841 in
2710 2786 3038 2844 Palaestina
3067 2786 3310 2843 vixisse.

2266 2874 2377 2931 XII.
2411 2875 2714 2931 Secundus
2739 2881 2827 2931 est
2852 2877 3159 2932 character
3190 2875 3508 2931 identitatis
3537 2875 3851 2948 utriusque

2194 2965 2482 3029 Zosimae,
2506 2966 2716 3034 genius
2734 2965 3055 3021 amborum
3080 2982 3234 3021 unus
3258 2981 3327 3021 ac
3357 2982 3575 3021 mores.
3611 2965 3855 3021 Relator

2194 3059 2473 3109 Actorum
2499 3054 2913 3125 Mariae,quod
2948 3069 2979 3109 e
3006 3054 3229 3126 scripto
3258 3054 3547 3126 anonymi
3565 3054 3855 3110 monachi

2197 3148 2374 3213 patet,
2430 3142 2641 3197 doctus
2670 3143 2916 3213 quidem
2948 3148 3007 3198 et
3062 3143 3321 3199 disertus
3352 3144 3439 3199 vir
3470 3142 3601 3207 fuit,
3631 3142 3855 3199 docere

2193 3235 2394 3285 tamen
2424 3230 2562 3284 viva
2587 3237 2930 3301 praesentes
2957 3246 3100 3287 voce
3123 3237 3439 3287 contentus
3460 3248 3496 3287 a
3526 3232 3852 3288 scribendo

2191 3318 2493 3374 abstinuit.
2530 3319 2857 3374 Audiamus
2907 3320 3021 3375 hoc
3079 3326 3393 3376 testantem
3426 3336 3847 3392 anonymum;

2196 3407 2278 3460 sic
2305 3423 2471 3463 num.
2506 3411 2537 3460 '2
2570 3407 2772 3462 scribit
2802 3426 2814 3463 :
2858 3408 2972 3463 Iste
2999 3409 3267 3465 Zosimas
3304 3409 3671 3466 orthodoxus
3698 3410 3846 3477 fuit,

2188 3497 2288 3566 qui
2315 3495 2377 3551 in
2411 3498 3033 3553 unomonasteriorum
3057 3498 3297 3569 [nempe
3327 3499 3524 3570 Tyrio,
3557 3515 3627 3553 ex
3657 3514 3849 3570 supra

2188 3583 2378 3653 dictis]
2412 3583 2485 3638 ab
2516 3584 2684 3638 initio
2700 3592 3108 3649 conversatus,
3141 3601 3250 3653 per
3271 3601 3440 3642 omne
3465 3586 3848 3642 exercitatio-

2188 3674 2281 3726 nis
2298 3671 2529 3744 [graece
2546 3672 2779 3743 ascesis]
2804 3689 2991 3742 genus
3011 3676 3302 3744 probatus
3317 3679 3420 3739 est,
3436 3679 3489 3731 et
3514 3675 3595 3731 ad
3609 3690 3845 3733 omnem

2190 3760 2461 3818 virtutem
2477 3762 3209 3831 congruenterinstitutus,
3237 3771 3419 3820 totum
3434 3765 3668 3835 quidem
3684 3765 3850 3820 ordi-

2187 3866 2320 3907 nem
2332 3851 2391 3906 in
2406 3850 2687 3907 eiusmodi
2695 3852 2999 3919 palaestra
3013 3853 3239 3908 solitum
3254 3853 3489 3910 servari
3500 3852 3731 3909 custodi
3738 3856 3845 3921 vit,

2188 3941 2380 3996 multa
2397 3956 2530 3996 vero
2542 3948 2595 3996 et
2609 3947 2817 4009 sponte
2838 3941 3075 4007 adiecit,
3112 3944 3312 3999 volens
3344 3957 3583 3999 carnem
3599 3942 3853 4013 spiritui

2188 4030 2474 4085 subiicere
2496 4043 2516 4099 ,'
2545 4030 2702 4101 quod
2721 4029 2807 4085 ita
2834 4030 2886 4085 ei
2905 4031 3197 4095 successit,
3223 4038 3286 4086 ut
3312 4038 3561 4099 propter
3589 4032 3849 4088 multam

2192 4132 2391 4173 rerum
2405 4118 2810 4187 spiritualium
2831 4118 3257 4187 experientiam
3286 4121 3519 4187 saepius
3544 4134 3619 4176 ea:
3634 4120 3850 4176 vicinis

2188 4206 2481 4261 autetiam
2509 4206 2921 4262 remotioribus
2938 4209 3309 4264 monasteriis
3330 4209 3409 4264 ad
3429 4223 3559 4265 eum
3591 4212 3856 4274 conﬂue-

2190 4300 2322 4349 rent
2345 4296 2579 4363 plures,
2597 4295 2782 4362 ipsius
2804 4297 3079 4353 doctrina
3108 4298 3188 4353 ad
3204 4298 3625 4367 perfectionem
3655 4298 3855 4367 infor-

2187 4383 2415 4437 mandi.
2452 4386 2533 4437 lla
2565 4382 2675 4439 ille.
2709 4390 2795 4439 An
2830 4401 2948 4440 non
2980 4386 3128 4441 haec
3154 4392 3208 4441 et
3246 4388 3628 4442 occasionem
3663 4392 3720 4441 et
3746 4404 3842 4443 ar-

2188 4478 2539 4538 gumentum
2553 4472 2765 4527 horum
2791 4472 3200 4546 Alloquiorum
3219 4475 3527 4531 manifeste
3541 4475 3848 4531 indicant?

2188 4559 2399 4615 Subdit
2432 4576 2571 4615 mox
2599 4560 2757 4616 idem
2786 4574 2797 4614 :
2834 4562 2981 4618 Cum
3013 4569 3208 4619 autem
3239 4570 3471 4620 tantam
3498 4564 3853 4621 animarum

2186 4649 2648 4705 tractandorum
2664 4652 2941 4720 peritiam
2961 4657 3262 4708 assecutus
3289 4660 3431 4709 esset
3456 4668 3657 4719 senex,
3690 4668 3852 4709 nun-

2186 4752 2364 4808 quam
2381 4738 2679 4794 remissius
2696 4739 2810 4809 egit
2828 4740 2889 4796 in
2909 4740 3290 4797 meditatione
3307 4742 3676 4812 eloquiorum
3689 4742 3855 4798 divi-

2182 4841 2417 4891 norum,
2435 4827 2536 4883 sed
2545 4828 2852 4884 insistebat
2870 4828 3102 4894 iisdem,
3120 4844 3221 4885 seu
3239 4830 3610 4887 decumbere!
3625 4837 3847 4895 strato,

2181 4929 2281 4969 seu
2292 4923 2650 4985 assurgeret,
2660 4918 2752 4973 vel
2763 4918 3065 4987 quidpiam
3078 4920 3335 4975 manibus
3355 4934 3535 4987 opera
3543 4926 3708 4975 retur
3722 4924 3815 4975 cet
3825 4960 3841 4976 .

2180 5006 2488 5076 Nusquam
2521 5005 2617 5060 hic
2640 5007 2977 5074 scriptionis
3006 5007 3225 5064 mentio
3251 5024 3408 5079 ;qua
3430 5014 3589 5065 certo
3614 5012 3673 5063 et
3700 5007 3849 5063 irre-

2182 5092 2430 5149 vocabili
2456 5094 2684 5165 judicio
2723 5095 3085 5150 abstinuisse
3138 5097 3434 5152 Zosimam
3466 5096 3614 5151 nihil
3647 5098 3854 5167 magis

2179 5181 2462 5249 declarat,
2490 5198 2676 5253 quam
2704 5183 2870 5255 quod
2916 5187 3057 5239 Acta
3089 5190 3212 5240 tam
3272 5184 3426 5241 mira
3457 5186 3670 5242 Mariae
3704 5202 3854 5256 poe-

2182 5271 2438 5334 nitentis,
2489 5286 2748 5342 quorum
2805 5288 2960 5327 unus
3018 5280 3171 5328 esset
3201 5273 3326 5346 ipse
3364 5276 3665 5342 conscius,
3699 5277 3856 5332 seri-

2182 5361 2295 5427 ptis
2317 5358 2478 5414 haud
2507 5359 2894 5424 commiserit,
2926 5377 3165 5417 narrare
3187 5361 3369 5418 verbo
3413 5364 3559 5419 satis
3588 5363 3848 5420 habens.

2180 5449 2270 5503 Sic
2304 5449 2461 5503 enim
2494 5448 2747 5503 habetur
2804 5466 2969 5506 num.
3017 5451 3083 5506 40
3112 5451 3384 5508 eiusdem
3434 5453 3845 5511 narrationis:

2180 5537 2440 5592 Zosimas
2466 5539 2809 5594 reversusin
2836 5540 3176 5598 coenobium
3215 5540 3498 5614 [acuralo
3530 5543 3586 5597 S.
3619 5543 3844 5598 Mariae

2181 5626 2581 5698 Aegyptiacae
2593 5625 2817 5699 funere]
2833 5630 3110 5687 narravit
3124 5631 3324 5687 omnia
3337 5629 3841 5694 monachis,nihit
