4078 6194
257 295 355 356 345

1297 293 1392 352 AD
1431 286 1807 353 OPUSCULA
1839 294 1896 353 S.
1929 290 2221 354 MACARII
2256 293 2612 356 AEGYPTII.

3549 309 3657 364 346

242 438 435 480 eorum
449 423 980 495 quaeaudieratac
998 421 1229 479 viderat
1243 423 1516 478 reticens.
1540 421 1722 478 Paulo
1740 426 1892 494 post:
1928 426 1977 480 Α
2008 422 2166 478 malo
2196 428 2286 480 est
2312 423 2633 481 abscedere
2664 425 3038 498 compulsus.
3073 428 3240 485 Unde
3263 430 3333 487 ob
3359 446 3485 489 eam
3514 448 3652 490 cau-

249 514 788 570 Pcrseveraverunt
809 518 1008 568 autem
1036 511 1317 567 monachi
1336 512 1482 568 haec
1502 513 1633 580 ipsa
1652 526 1761 580 per
1777 517 1898 567 tra-

239 601 516 658 ditionem
569 601 932 657 discentes...
989 601 1090 657 sed
1136 615 1257 655 non
1286 599 1497 656 audivi
1540 612 1895 671 quemquam

239 693 460 760 scripto
491 689 779 761 signasse.
808 690 975 744 Adeo
1000 705 1036 744 a
1065 689 1384 744 scribendo
1404 688 1582 744 alieni
1613 692 1780 744 erant
1811 687 1896 743 illi

241 787 464 836 veteres
495 784 732 835 ascetae
773 778 986 843 sancti,
1039 778 1146 833 sibi
1195 778 1468 833 videlicet
1509 795 1580 834 ex
1627 777 1894 834 instituto

243 870 367 924 unis
402 875 713 932 vacantes,
742 868 1018 939 exemplo
1047 868 1282 923 Antonii
1312 868 1528 936 Magni,
1560 867 1662 939 qui
1693 867 1894 937 cogni-

240 963 355 1013 tam
390 975 427 1013 a
460 974 524 1013 se
558 958 686 1014 solo
710 956 1046 1014 mirabilem
1081 956 1264 1012 vitam
1285 956 1447 1012 Pauli
1479 957 1655 1028 primi
1677 956 1894 1011 eremi-

239 1054 345 1109 tae,
374 1047 586 1102 multis
628 1045 764 1102 licet
794 1045 968 1101 annis
1011 1045 1062 1100 ei
1107 1052 1425 1117 superstes,
1469 1060 1580 1100 nec
1630 1044 1888 1115 scripsit,

243 1151 341 1190 nec
366 1135 640 1199 dictavit,
681 1149 828 1190 voce
861 1139 1093 1189 tantum
1125 1149 1367 1189 narrare
1406 1139 1741 1197 contentus,
1772 1149 1888 1205 po-

239 1227 496 1279 steritate
529 1223 591 1279 id
617 1224 986 1293 ignoratura,
1010 1222 1125 1278 nisi
1158 1223 1552 1294 Hieronymus
1583 1222 1749 1278 Pauli
1775 1237 1892 1278 me-

238 1316 492 1368 moriam
520 1329 552 1368 e
576 1311 889 1380 discipulis
910 1312 1144 1367 Antonii
1160 1317 1532 1382 compertam
1553 1311 1732 1367 literis
1755 1327 1893 1366 con-

236 1403 558 1472 signasset.
577 1403 662 1457 Ad
688 1417 869 1474 quem
893 1400 1138 1456 modum
1157 1401 1442 1465 Zosimas,
1463 1417 1619 1474 quae
1635 1401 1891 1457 admira-

229 1490 372 1547 bilia
403 1492 480 1547 de
503 1491 685 1548 Maria
698 1491 1039 1562 poenitente
1067 1489 1342 1546 sensibus
1372 1505 1656 1562 praesens
1677 1490 1892 1546 hause-

226 1586 339 1643 rat,
381 1581 518 1646 etsi,
556 1597 695 1635 cum
721 1579 1126 1635 centenariam
1158 1580 1416 1651 attigerit
1437 1584 1714 1645 aetatem,
1745 1585 1806 1634 ut
1829 1581 1890 1635 in

228 1669 378 1724 Vitis
409 1669 655 1724 Patrum
702 1668 858 1724 lib.l
908 1683 1047 1740 pag.
1098 1671 1200 1723 299
1245 1668 1463 1724 diserte
1494 1668 1764 1732 traditur,
1791 1667 1892 1724 tri-

224 1759 397 1829 ginta
429 1759 569 1813 totis
596 1756 922 1813 minimum
944 1756 1117 1812 annis
1149 1758 1360 1812 Mariae
1374 1758 1768 1829 Aegyptiacae
1795 1774 1889 1813 su-
1921 1793 1964 1848 Β

223 1846 576 1920 pervixerit.
609 1853 810 1902 tamen
864 1861 972 1900 nec
1017 1847 1165 1917 ipse,
1219 1861 1328 1902 nec
1379 1847 1506 1901 eius
1553 1862 1735 1902 suasu
1785 1852 1890 1904 aut

223 1942 444 2008 sponte
481 1951 596 1991 sua
620 1936 946 2008 quisquam
978 1934 1318 1990 auditorum
1359 1935 1512 1990 illius
1553 1952 1622 1990 ea
1661 1937 1888 1992 curavit

223 2028 283 2080 in
326 2025 604 2080 chartam
639 2025 889 2092 mittere,
917 2024 1106 2079 donec
1137 2038 1271 2078 sero
1299 2025 1516 2079 exstitit
1546 2040 1888 2096 anonymus

223 2113 592 2178 monachus,
615 2115 720 2185 qui
745 2115 862 2168 Deo
885 2119 1158 2168 movente
1174 2112 1348 2167 talem
1364 2127 1610 2184 operam
1633 2113 1886 2184 posteris

219 2209 563 2276 praestaret
591 2219 605 2258 :
641 2218 821 2274 quem
855 2201 1135 2274 equidem
1167 2201 1388 2272 ipsum,
1423 2207 1525 2256 aut
1562 2203 1780 2258 divino
1814 2205 1888 2258 si-

217 2293 346 2348 mili
382 2297 622 2347 motum
662 2290 930 2363 impulsu
959 2290 1143 2346 alium
1175 2306 1206 2344 e
1238 2289 1568 2346 coenobitis
1615 2291 1703 2347 vel
1731 2293 1885 2364 Tyrii

219 2381 463 2452 prioris,
507 2379 609 2436 ubi
640 2381 906 2434 Zosimas
937 2378 1032 2433 diu
1061 2379 1221 2443 vixit,
1263 2377 1352 2433 vel
1381 2377 1618 2434 alterius
1641 2381 1883 2436 Jordani

218 2469 574 2542 propinqui,
624 2485 746 2541 quo
790 2470 912 2523 iam
963 2483 1144 2523 senex
1194 2468 1488 2538 migravit,
1541 2469 1885 2525 monasterii

217 2559 582 2630 quempiam
615 2557 972 2613 crediderim
1003 2556 1151 2612 haec
1177 2555 1372 2621 nobis,
1396 2572 1550 2628 quae
1573 2565 1675 2612 aut
1695 2557 1819 2630 ipse
1849 2575 1886 2615 a

219 2649 463 2703 Zosima
489 2647 786 2712 audierat,
809 2651 914 2702 aut
933 2660 964 2700 e
990 2645 1382 2700 referentibus
1403 2653 1710 2715 cognorat,
1733 2647 1883 2704 Allo-

221 2736 372 2808 quia
404 2751 708 2801 servasse,
739 2734 812 2790 iis
843 2735 1059 2806 scripto
1083 2733 1572 2805 complectendis.

326 2879 338 2949 |
401 2877 667 2934 Tertium
689 2881 881 2932 exstat
897 2875 1179 2930 indicium
1201 2879 1514 2946 atempore
1535 2875 1800 2942 ductum,
1824 2877 1885 2932 ni

225 2967 422 3033 fallor,
456 2965 787 3022 vehemens
813 2966 890 3020 ad
912 2963 1316 3033 suadendum,
1348 2967 1404 3019 Β.
1436 2965 1757 3029 Zosimam,
1787 2982 1886 3022 cu-

226 3059 320 3112 ius
346 3056 502 3112 haec
525 3053 801 3125 Alloquia
830 3068 1051 3109 nomen
1079 3053 1437 3124 praeferunt,
1467 3053 1724 3108 eundem
1753 3069 1884 3111 esse

226 3145 457 3218 ipsum,
490 3145 596 3216 qui
620 3145 677 3200 S.
707 3144 950 3200 Mariam
982 3143 1409 3215 Aegyptiacam
1439 3142 1720 3214 sepelivit.
1752 3144 1883 3200 Non
1919 3149 1961 3206 C

228 3235 451 3290 multos
483 3249 592 3302 per
623 3248 692 3290 ea
725 3242 996 3304 tempora
1019 3231 1184 3288 fama
1209 3231 1470 3287 celebres
1509 3231 1690 3287 fuisse
1716 3233 1882 3289 Zosi-

223 3341 354 3380 mas
379 3323 611 3379 indicat
635 3337 978 3393 anonymus
1009 3321 1203 3377 editor
1222 3323 1504 3376 Actorum
1523 3321 1754 3387 Mariae,
1779 3324 1881 3392 qui

220 3429 401 3469 suum
442 3428 583 3469 cum
628 3417 838 3468 nostro
869 3411 1287 3482 cognominem
1320 3415 1396 3476 et,
1449 3417 1510 3464 ut
1557 3411 1879 3483 credimus,

220 3519 412 3558 unum
459 3501 844 3574 eundemque
881 3517 918 3556 a
965 3501 1195 3556 cunctis
1225 3499 1585 3572 synonymis
1631 3516 1692 3554 se
1740 3502 1882 3558 satis

220 3592 568 3648 distinxisse
598 3590 870 3653 credidit,
907 3589 1008 3644 ubi
1050 3605 1190 3644 eum
1221 3588 1299 3644 ab
1331 3604 1450 3644 uno
1475 3589 1877 3656 discrevisset,

221 3683 347 3737 solo
381 3679 656 3736 videlicet
688 3689 827 3735 tunc
869 3685 1011 3734 noto
1065 3677 1182 3733 alio
1221 3675 1477 3732 Zosima.
1514 3680 1594 3732 En
1642 3677 1701 3732 id
1750 3680 1878 3734 eius

221 3773 504 3826 testantia
538 3768 720 3825 verba
750 3784 762 3824 :
795 3769 978 3824 Nemo
1003 3774 1202 3823 autem
1232 3767 1630 3836 appellationi
1656 3769 1769 3823 soli
1791 3768 1878 3824 in-

219 3859 474 3916 haerens
495 3873 820 3914 sermonem
836 3857 988 3912 mihi
1003 3857 1295 3914 existimet
1313 3871 1438 3912 esse
1455 3856 1528 3912 de
1543 3871 1607 3912 eo
1623 3857 1874 3923 Zosima,

215 3949 317 4020 qui
357 3949 526 4004 circa
585 3947 920 4003 doctrinam
969 3947 1173 4014 lapsus
1217 3945 1410 4000 minus
1457 3952 1613 4001 recte
1651 3949 1871 4016 sapuit.

215 4038 391 4093 Atius
423 4037 578 4093 enim
608 4036 724 4101 hic,
768 4042 822 4091 et
858 4035 962 4090 ille
985 4035 1166 4100 alius,
1196 4035 1559 4104 multumque
1587 4034 1874 4102 cli/ferunt

215 4129 367 4182 inter
387 4141 464 4187 se.
491 4125 761 4197 quamvis
774 4124 1288 4180 nomenclaturam
1306 4139 1401 4180 am
1411 4123 1479 4178 bo
1500 4124 1736 4180 eandem
1753 4140 1874 4180 sor-

216 4215 327 4270 titi.
375 4215 470 4271 Sic
504 4213 622 4270 ille.
673 4214 733 4267 ln
782 4213 953 4267 cuius
1001 4211 1192 4266 verbis
1233 4213 1280 4268 si
1333 4213 1683 4284 quaerimus
1734 4215 1870 4285 quis

217 4305 293 4358 sit
333 4303 431 4358 ille
469 4301 624 4358 alius
653 4302 941 4370 Zosimas,
984 4299 1088 4372 qui
1114 4304 1276 4358 circa
1305 4303 1641 4358 doctrinam
1673 4301 1871 4371 lapsus

211 4392 414 4446 minus
447 4399 607 4446 recte
633 4389 852 4458 sapuit,
898 4389 1137 4445 docebit
1166 4389 1227 4444 id
1258 4405 1368 4445 nos
1399 4389 1766 4445 Marcellinus
1809 4391 1869 4446 in

212 4480 319 4536 lib.
356 4480 438 4534 De
459 4477 781 4533 schismate
808 4477 1054 4533 Ursicini
1081 4482 1137 4533 et
1163 4477 1426 4541 Damasi,
1447 4493 1628 4549 quem
1651 4477 1868 4534 librum
1902 4509 1946 4564 Β
1979 4509 2037 4564 di

210 4584 354 4623 cum
405 4583 479 4622 ex
528 4567 746 4622 recenti
778 4567 1073 4622 memoria
1117 4566 1436 4637 scripserit,
1485 4565 1868 4637 intelligimus

209 4657 340 4713 eius
369 4661 679 4712 auctorem
693 4655 808 4712 sub
823 4656 1102 4723 Damaso,
1117 4654 1412 4726 autpaulo
1442 4659 1595 4726 post,
1619 4655 1733 4711 hoc
1755 4660 1866 4722 est,

211 4742 448 4798 circiter
501 4756 731 4796 annum
783 4739 991 4797 Christi
1045 4742 1146 4795 390
1192 4739 1486 4796 ﬂoruisse.
1536 4741 1620 4795 lbi
1668 4747 1866 4796 autem

212 4831 821 4887 meminitcuiusdam
839 4829 1054 4886 Zosimi
1070 4829 1190 4884 sive
1204 4828 1470 4885 Zosimae
1485 4845 1654 4902 quem
1667 4831 1866 4886 Ariani

210 4920 334 4975 suis
375 4920 628 4974 tinctum
655 4919 959 4975 erroribus
999 4917 1059 4973 in
1097 4917 1513 4989 episcopatum
1564 4917 1724 4973 urbis
1763 4933 1869 4990 per

208 5008 440 5064 ltaliam
480 5005 678 5062 clarae
717 5007 1012 5078 Neapolis,
1045 5005 1232 5062 eiecto
1264 5006 1402 5062 inde
1447 5005 1783 5062 orthodoxo
1813 5011 1868 5062 et

209 5102 421 5154 sancto
471 5096 761 5168 episcopo
802 5095 1080 5160 Maximo,
1121 5093 1508 5151 intruserunt.
1559 5094 1726 5150 Hunc
1757 5111 1867 5151 sua

207 5200 409 5257 poena
421 5183 719 5240 celebrem
743 5183 892 5240 fecit.
902 5185 1198 5256 Aggresso
1211 5185 1370 5240 enim
1383 5182 1720 5254 episcopale
1733 5182 1867 5238 ofﬁ-

209 5277 368 5332 cium
396 5275 457 5331 in
485 5272 738 5331 ecclesia
762 5273 1150 5346 Neapolitana
1173 5272 1360 5339 obire,
1389 5274 1790 5328 intumescens
1813 5271 1864 5328 ei

209 5362 416 5435 lingua
442 5369 696 5418 extraos
727 5361 1000 5428 excessit,
1015 5377 1124 5419 nec
1137 5361 1250 5418 nisi
1269 5360 1506 5417 Zosima
1529 5366 1698 5416 extra
1725 5366 1866 5416 tem-

210 5453 372 5523 plam
396 5467 647 5524 egresso
661 5449 881 5508 retrahi
904 5451 1116 5523 potuit.
1145 5452 1272 5516 Quo
1292 5449 1472 5514 facto,
1497 5450 1864 5505 cumiterum

212 5557 280 5599 ac
310 5545 481 5600 tertio
521 5543 796 5600 Zosimas
825 5546 1110 5598 tentasset
1147 5540 1450 5610 ingressus
1497 5538 1713 5594 aedem
1762 5554 1857 5594 sa-

214 5647 370 5710 cram
398 5631 734 5709 episcopali
766 5628 936 5701 fungi
965 5645 1235 5696 munere,
1273 5629 1442 5686 toties
1464 5626 1594 5700 pari
1623 5632 1865 5684 coactus

2004 526 2128 568 sam
2160 513 2398 569 tandem
2416 514 2582 569 cessit
2601 515 2960 583 episcopatu,
2989 521 3053 572 ut
3065 519 3390 587 pristinum
3409 521 3519 577 sibi
3539 523 3654 579 lin-

2003 601 2429 670 quaee/ficium
2445 601 2797 658 redderetur
2813 619 2832 657 :
2849 605 3034 660 verba
3051 613 3190 663 sunt
3206 609 3652 683 Marcellini,qui

2007 701 2146 742 mox
2159 688 2325 743 addit
2344 704 2357 742 :
2373 703 2492 744 non
2506 703 2597 744 res
2617 693 2896 761 antiquas
2917 691 3292 761 referimus...
3312 712 3455 752 nam
3467 704 3520 754 et
3545 699 3648 755 ho-

2003 775 2098 831 die
2111 776 2380 833 Zosimas
2394 777 2457 832 in
2479 793 2726 848 corpore
2745 783 2848 848 est,
2865 795 3032 836 usum
3059 782 3301 853 linguae
3325 801 3444 841 non
3478 789 3650 844 amit-

2003 866 2143 928 tens,
2155 872 2468 936 postquam
2488 867 2699 923 maluit
2717 883 2848 923 cum
2862 869 3172 926 amissione
3184 874 3552 944 episcopatus
3566 878 3652 933 vi-

2005 967 2154 1009 vere.
2169 953 2363 1009 Videri
2379 959 2565 1025 potest
2586 955 2680 1010 hic
2694 957 2952 1013 Zosimas
2971 963 3082 1013 tam
3096 960 3352 1017 evidenti
3369 963 3649 1021 miraculo

1999 1042 2339 1113 resipuisse,
2368 1059 2522 1114 quae
2549 1059 2737 1100 causa
2768 1045 3022 1101 fortasse
3052 1045 3224 1103 fuerit
3244 1064 3552 1123 anonymo
3573 1053 3650 1110 de

2000 1131 2127 1186 eius
2165 1147 2362 1187 errore
2393 1138 2453 1186 ut
2482 1134 2796 1204 praeterito
2837 1134 3144 1206 loquendi.
3172 1138 3474 1210 Quidquid
3502 1141 3562 1197 in
3589 1157 3652 1199 re

1999 1220 2091 1284 sit,
2122 1235 2193 1276 ex
2222 1221 2312 1275 his
2348 1221 2664 1287 habemus,
2695 1229 2750 1278 et
2782 1225 2842 1279 S.
2879 1225 3176 1280 Zosimam
3200 1234 3254 1281 et
3278 1226 3463 1284 alium
3493 1231 3650 1286 eius-

1999 1308 2138 1363 dem
2161 1309 2421 1364 nominis
2438 1325 2557 1365 non
2576 1316 2854 1366 sanctum
2873 1312 3088 1368 eodem
3113 1322 3398 1387 tempore,
3415 1317 3528 1373 hoc
3541 1324 3649 1384 est,

2001 1397 2112 1451 sub
2143 1397 2324 1452 finem
2351 1400 2545 1469 quarti
2574 1400 2795 1455 saeculi
2827 1401 3067 1458 vixisse.
3105 1405 3222 1458 Hoc
3255 1406 3502 1476 quidem
3530 1408 3650 1463 hie-

1999 1487 2370 1542 romonacho
2404 1490 2459 1542 B.
2491 1487 2692 1543 abbati
2715 1490 2982 1545 Zosimae
3005 1494 3306 1563 competit.
3330 1497 3477 1550 Nam
3508 1512 3647 1552 cum

2002 1574 2206 1630 Daniel
2234 1575 2678 1647 Papebrochius
2707 1583 2908 1634 noster
2933 1581 3098 1635 Tom.
3135 1581 3153 1634 l
3191 1583 3369 1654 April.
3404 1599 3541 1655 pag.
3581 1587 3650 1642 68

1999 1670 2206 1733 argute
2233 1665 2600 1722 demonstret
2637 1681 2710 1722 ex
2747 1668 3090 1724 charactere
3122 1670 3406 1738 Paschae,
3437 1674 3494 1730 S.
3531 1678 3652 1731 Ma-

1997 1752 2148 1807 riam
2181 1754 2609 1826 Aegyptiacam
2655 1755 2871 1810 obiisse
2909 1757 3005 1812 die
3049 1758 3068 1812 Ι
3106 1759 3290 1830 April.
3323 1776 3649 1832 parasceve

1999 1840 2260 1897 Paschae
2291 1858 2452 1898 anno
2495 1844 2702 1899 Christi
2742 1845 2867 1911 432,
2901 1851 3225 1920 postquam
3252 1849 3443 1920 pridie
3481 1867 3517 1906 a
3541 1854 3649 1907 Zo-

1998 1931 2152 1986 sima
2181 1932 2408 1986 circiter
2434 1935 2896 2003 septuagenario
2929 1951 3167 1990 sacrum
3201 1937 3407 1994 Christi
3435 1955 3650 2011 corpo-

1996 2019 2077 2074 ris
2103 2027 2158 2075 et
2195 2021 2502 2090 sanguinis
2535 2023 2814 2077 viaticum
2848 2023 3235 2096 percepisset,
3259 2027 3646 2084 manifestum

1997 2114 2104 2170 est,
2131 2124 2266 2164 eum
2299 2108 2499 2164 multis
2528 2110 2704 2165 annis
2732 2117 2868 2166 ante
2891 2113 3440 2182 quingentesimum
3470 2132 3645 2174 aerae

1997 2196 2205 2252 Christi
2233 2212 2350 2252 non
2380 2197 2572 2253 solum
2607 2198 2854 2264 vixisse,
2890 2200 2997 2256 sed
3024 2202 3206 2258 vitam
3230 2205 3408 2260 etiam
3436 2207 3646 2262 asceti-

1997 2302 2130 2340 cam
2181 2288 2556 2342 sanctissime
2593 2287 2854 2344 coluisse
2892 2289 2950 2344 in
2997 2291 3180 2362 priori
3218 2293 3382 2365 apud
3427 2297 3644 2366 Tyrum

1997 2376 2378 2442 monasterio,
2409 2392 2479 2431 ex
2510 2392 2653 2448 quo,
2685 2382 3012 2451 antequam
3033 2381 3091 2434 in
3118 2380 3280 2436 aliud
3303 2383 3535 2439 lordani
3567 2384 3646 2439 ci-

1997 2463 2206 2518 timum
2260 2465 2560 2532 migraret,
2607 2465 2789 2521 vitam
2840 2466 3184 2536 religiosam
3237 2486 3300 2525 se
3344 2471 3404 2526 in
3449 2473 3644 2544 primo

1995 2554 2329 2608 exercuisse
2359 2569 2465 2624 per
2517 2569 2711 2610 annos
2755 2562 2867 2610 tres
2915 2561 2971 2611 et
3011 2557 3457 2632 quinquaginta
3486 2561 3640 2634 ipse,

1996 2647 2058 2696 ut
2106 2642 2270 2713 prius
2303 2642 2585 2708 vidimus,
2623 2649 2888 2700 testatur.
2919 2646 3246 2704 Conﬁrmat
3276 2649 3432 2705 hanc
3470 2651 3642 2707 chro-

1994 2729 2296 2799 nologiam
2329 2735 2487 2786 totus
2532 2732 2948 2804 Alloquiorum
2994 2734 3266 2792 Zosimae
3305 2745 3640 2796 contextus.

1994 2821 2140 2874 Nam
2195 2819 2274 2875 ibi
2322 2826 2378 2875 et
2426 2821 2736 2891 Evagrius,
2789 2838 2909 2877 non
2971 2824 3065 2880 ille
3128 2825 3480 2897 Origenista,
3535 2830 3642 2884 sed

1993 2906 2148 2963 alius
2177 2907 2477 2980 antiquior
2505 2909 2917 2966 sanctissimus
2944 2915 3174 2970 Macarii
3197 2913 3551 2987 discipulus,
3584 2920 3644 2972 et

1995 2995 2368 3059 Pachomius,
2390 2996 2609 3069 aliique
2632 2999 2790 3069 paris
2821 3000 3190 3072 antiquitatis
3215 3007 3506 3075 tanquam
3537 3005 3642 3062 ho-

1997 3084 2190 3140 mines
2217 3086 2468 3140 recentis
2488 3087 2815 3143 memoriae
2837 3091 3224 3146 nominantur
3249 3107 3264 3156 ;
3297 3092 3399 3147 sed
3415 3097 3470 3148 et
3497 3108 3637 3149 cum

1993 3172 2110 3230 alia
2135 3172 2466 3230 referantur
2491 3189 2563 3230 ex
2588 3174 2737 3230 Vitis
2763 3181 2818 3232 et
2847 3177 3000 3232 Actis
3031 3181 3291 3243 Patrum,
3323 3179 3469 3235 nihil
3498 3197 3642 3237 om-

1992 3264 2136 3318 nino
2169 3263 2439 3335 proditur
2472 3279 2594 3320 non
2632 3280 2793 3321 anno
2824 3266 3034 3322 Christi
3075 3270 3633 3342 sesquiquingente-

1993 3351 2147 3408 simo
2189 3353 2470 3408 anterius.
2519 3353 2594 3409 Ex
2643 3353 2736 3410 his
2794 3357 3022 3426 corrige
3087 3373 3245 3430 quae
3289 3359 3638 3415 Rosweidus

1993 3447 2210 3508 noster,
2237 3441 2423 3514 decep
2478 3444 2489 3514 |
2546 3446 2637 3498 tus
2666 3451 2947 3516 corrupto
2973 3448 3324 3519 apographo
3355 3453 3638 3506 Actorum

1991 3531 2390 3602 Aegyptiacae
2432 3533 2641 3588 Mariae
2681 3532 2795 3588 sub
2833 3533 2985 3591 falso
3032 3537 3272 3592 nomine
3317 3537 3635 3610 Sophronii

1991 3618 2252 3688 vulgato,
2284 3623 2594 3676 annotavit
2623 3623 2698 3677 ad
2746 3623 2900 3679 Vitas
2933 3627 3167 3680 Patrum
3199 3642 3340 3698 pag.
3396 3629 3501 3683 299
3538 3627 3634 3684 his

1989 3710 2185 3764 verbis
2215 3726 2228 3763 :
2262 3708 2494 3766 Claruit
2523 3711 2726 3767 Maria
2751 3713 3120 3782 Aegyptiaca
3145 3717 3505 3784 temporibus
3531 3719 3634 3773 Ju-

1987 3798 2129 3852 stini
2156 3799 2403 3854 senioris
2441 3798 2604 3855 circa
2647 3813 2874 3856 annum
2920 3802 3159 3857 Domini
3207 3807 3328 3859 520.
3364 3807 3444 3859 Ea
3474 3806 3634 3861 enim

1988 3886 2496 3941 metacbronismo
2526 3885 2799 3942 laborare
2830 3889 3042 3958 integri
3086 3891 3203 3946 tere
3248 3892 3466 3948 saeculi
3497 3908 3631 3948 eru-

1985 3975 2104 4030 dite
2116 3974 2970 4047 demonstratsupralaudatus
2985 3977 3634 4054 Papebrochius,quem

1985 4063 2120 4118 vide
2169 4064 2336 4118 Tom.
2370 4063 2388 4117 l
2431 4063 2645 4135 Aprilis
2693 4081 2727 4118 a
2777 4079 2918 4136 pag.
2957 4067 3023 4121 67
3057 4067 3134 4122 ad
3170 4072 3261 4125 70.
3296 4069 3424 4126 lure
3456 4069 3634 4140 igitur

1983 4159 2186 4208 nostro
2212 4151 2324 4209 hoc
2353 4151 2743 4223 Opusculum,
2779 4156 2836 4208 Β.
2868 4155 3139 4212 Zosimae
3163 4157 3438 4230 Alloquia
3467 4175 3635 4216 com-

1982 4241 2266 4312 plectens,
2300 4241 2612 4313 superiori,
2661 4243 2823 4314 quod
2869 4245 2926 4300 S.
2976 4245 3461 4317 Amphilochium
3513 4249 3635 4305 leo-

1982 4332 2250 4386 niensem
2290 4329 2644 4402 episcopum
2696 4331 2875 4388 habet
2907 4340 3234 4401 auctorem,
3275 4339 3402 4392 sine
3433 4338 3633 4394 medio

1981 4419 2425 4489 coniungimus.
2442 4419 2715 4474 ordinem
2738 4424 3080 4492 temporum
3105 4427 3291 4480 secuti
3341 4443 3464 4499 quo
3481 4429 3632 4484 vitae

2045 4515 2332 4580 geruntur
2347 4508 2667 4564 amborum
2691 4509 2770 4564 ita
2782 4517 3188 4584 comparatae,
3206 4518 3632 4572 utcommunes

1979 4613 2170 4653 annos
2218 4596 2445 4668 aliquot
2495 4596 2833 4663 habuerint,
2882 4600 3280 4672 Amphilochii
3329 4611 3628 4662 senectute

1979 4691 2366 4742 concurrente
2402 4700 2538 4740 cum
2570 4686 2835 4742 Zosimae
2866 4687 3293 4748 adolescentia.

2049 4827 2174 4884 Non
2223 4827 2332 4882 erit
2373 4826 2483 4882 abs
2523 4842 2604 4891 re,
2646 4827 2741 4882 hic
2779 4827 2857 4884 ad
2897 4835 3228 4886 extremum
3274 4832 3626 4898 admonere,

1979 4917 2266 4972 Ioannem
2308 4915 2632 4981 Moschum,
2667 4916 2801 4973 libri
2849 4916 3096 4973 celebris
3119 4919 3251 4990 jam
3294 4921 3436 4976 olim
3484 4928 3540 4977 et
3591 4938 3628 4979 a

1977 5011 2143 5062 sexta
2173 5003 2435 5074 generali
2477 5003 2720 5075 Synodo
2749 5004 2994 5071 laudati,
3030 5009 3122 5061 cui
3169 5006 3418 5064 Pratum
3451 5009 3626 5080 spiri-

1977 5092 2136 5150 tuale
2166 5091 2366 5148 titulus
2403 5096 2511 5158 est,
2545 5098 2874 5159 auctorem,
2901 5094 3051 5150 haec
3083 5095 3212 5151 sine
3241 5097 3429 5154 dubio
3454 5099 3626 5155 Zosi-

1978 5198 2110 5238 mae
2135 5180 2407 5254 Alloquia
2439 5181 2674 5237 vidisse.
2707 5184 2854 5238 Nam
2885 5198 3018 5254 cap.
3058 5185 3208 5240 CCXI
3246 5201 3316 5242 ex
3348 5187 3419 5242 iis
3459 5187 3624 5243 deci-

1976 5287 2146 5327 mum
2191 5270 2491 5336 describit,
2525 5270 2718 5326 verbis
2764 5271 2901 5328 inde
2933 5272 3051 5328 fere
3084 5274 3328 5331 totidem
3361 5275 3621 5333 referens

1973 5359 2281 5415 historiam
2309 5358 2610 5422 monachi,
2641 5360 2744 5431 qui
2770 5360 3017 5433 expilari
3044 5362 3254 5419 cellam
3277 5380 3451 5420 suam
3479 5381 3516 5422 a
3542 5366 3625 5422 vi-

1975 5449 2108 5504 cino
2132 5449 2429 5505 monacho
2450 5464 2588 5505 cum
2621 5449 2776 5506 clare
2798 5450 3061 5518 vidisset,
3085 5453 3518 5524 patientissime
3539 5458 3625 5512 to-

1973 5536 2192 5602 lerans,
2229 5537 2408 5594 etiam
2453 5545 2776 5610 postquam
2821 5540 3051 5598 audivit
3099 5542 3622 5614 improbissimum

1975 5626 2143 5683 illum
2191 5625 2381 5682 furem
2433 5626 2513 5683 ob
2559 5626 2622 5682 id
2680 5627 2910 5686 facinus
2940 5629 3204 5688 delatum
3237 5632 3315 5701 ad
3360 5633 3621 5697 iudicem
