4078 6194
447 284 548 340 347

1616 269 1825 327 PETRI
1864 272 2141 330 POSSINI
2182 272 2717 332 PROLEGOMENA

3753 279 3865 336 368

446 411 717 468 clausum
749 419 984 463 carcere
1016 400 1220 465 teneri,
1254 398 1512 472 primum
1551 400 1895 466 corrogatos
1930 396 2096 453 cibos
2126 400 2175 453 Α
2201 397 2303 452 XV
2324 398 2585 454 conficit.
2612 400 2782 465 Quod
2812 416 2933 457 non
2962 415 3249 473 ponerem
3279 402 3396 459 hoc
3425 403 3557 459 loco
3587 406 3724 459 ante
3746 402 3868 458 tria

449 500 525 556 ad
550 515 682 553 eum
706 496 762 552 in
800 491 1139 551 custodiam
1169 488 1399 553 detulit,
1430 487 1645 542 deinde
1666 502 1701 541 a
1731 485 1923 541 iudice
1952 485 2095 541 libe-

446 590 737 645 rationem
770 584 895 639 eius
924 579 1280 652 impetravit.
1316 577 1379 631 Id
1412 575 1604 630 solum
1637 574 1955 629 discrimen
1986 580 2090 639 est,

444 676 625 749 quod,
648 690 783 730 cum
810 672 1073 728 Zosimas
1090 668 1266 731 dicat,
1288 680 1491 720 senem
1520 677 1873 732 corrogasse
1896 678 2008 718 ova
2040 667 2093 718 et

446 765 710 829 cathara,
735 778 891 834 quae
918 759 995 815 ad
1016 757 1207 813 furem
1239 756 1499 809 vinctum
1526 752 1799 817 deterret,
1824 753 2095 808 Moschus

446 870 555 925 pro
585 854 655 907 iis
683 851 869 923 ponit,
899 848 1103 918 aliqua
1135 844 1455 907 esculenta,
1492 842 1690 896 vitans
1720 841 1867 896 forte
1897 855 2097 895 neces-

448 945 683 999 sitatem
714 936 1052 1011 exponendi
1084 933 1225 1003 quid
1260 939 1455 997 essent
1477 930 1744 987 cathara.
1772 929 1965 997 Quam
2000 945 2093 985 vo-

446 1048 575 1087 cem
602 1044 792 1100 neque
818 1028 877 1081 in
910 1022 1043 1079 ullis
1070 1021 1377 1091 glossariis
1409 1018 1777 1074 declaratam
1811 1019 2020 1090 reperi,
2043 1023 2099 1073 et

447 1137 581 1176 cum
600 1119 673 1173 de
687 1133 756 1171 ea
772 1114 1031 1169 Graecos
1049 1112 1108 1166 in
1122 1110 1285 1166 Italia
1300 1109 1631 1164 monachos
1647 1110 2095 1175 interrogarem,

449 1208 702 1264 fatentes
734 1200 1180 1259 audivinescire
1200 1214 1260 1253 se
1275 1213 1521 1269 prorsus
1549 1196 1695 1268 quid
1714 1210 1787 1251 ea
1814 1195 2094 1266 signaret,

449 1294 606 1350 unde
633 1295 829 1365 ipsum
861 1288 1221 1345 vocabulum
1247 1286 1444 1342 latinis
1464 1300 1814 1357 expressum
1835 1283 2013 1339 literis
2036 1285 2096 1338 in

446 1400 581 1440 mea
624 1379 1105 1451 interpretatione
1138 1393 1269 1431 sum
1304 1381 1548 1430 coactus
1590 1373 1942 1445 relinquere.
1977 1375 2095 1455 Μοέ

446 1473 624 1527 schus
671 1471 826 1525 idem
867 1484 1001 1539 cap.
1037 1465 1215 1521 CCXII
1249 1463 1521 1519 exscribit
1566 1479 1637 1517 ex
1678 1463 1948 1535 Alloquio
1982 1462 2096 1517 XIII

444 1562 567 1617 duo
607 1557 883 1628 exempla
915 1572 1127 1611 senum
1167 1561 1513 1609 sanctorum
1560 1552 1710 1607 ultro
1759 1551 2094 1607 latronibus

444 1649 820 1705 offerentium
853 1662 961 1701 sua
1000 1644 1221 1708 omnia,
1270 1658 1340 1698 ea
1383 1641 1509 1697 sola
1537 1640 1889 1709 diﬂ‘erentia,
1931 1640 2095 1712 quod

2207 489 2541 558 sequentia,
2566 488 2618 544 si
2644 490 2974 557 crederem,
2996 491 3124 547 eius
3142 498 3471 557 auctorem,
3490 492 3651 565 quod
3674 492 3867 564 aliqui

2205 582 2544 645 autumant,
2594 593 2722 635 esse
2754 578 2944 645 illum,
2994 581 3169 635 cuius
3204 582 3473 637 meminit
3502 581 3873 653 Spondanus

2203 666 2369 719 Tom.
2402 666 2420 720 Ι
2454 665 2686 723 Contin.
2720 668 2797 725 ad
2839 685 3032 725 annos
3062 671 3221 737 1350,
3257 671 3416 737 1354,
3449 671 3589 726 1355
3617 677 3673 727 et
3700 670 3867 726 I362.

2206 754 2304 807 His
2331 769 2401 810 ne
2425 756 2739 823 assentiar,
2762 758 2876 814 tria
2901 759 3242 815 retrahunt:
3270 761 3312 815 I.
3343 760 3507 832 quod
3539 760 3707 815 titulo
3730 774 3871 816 san-

2206 842 2422 898 ctitatis
2459 844 2598 901 huic
2636 846 2697 902 in
2730 854 2936 904 nostro
2968 849 3172 904 codice
3204 848 3424 904 tributo
3462 865 3677 921 parum
3719 864 3869 905 con-

2208 938 2423 1001 gruant
2457 932 2719 989 hominis
2757 952 2970 1001 mores,
3001 938 3106 1009 qui
3137 953 3200 993 se
3238 938 3683 995 schismaticum
3715 939 3871 994 actis

2209 1021 2504 1092 etscriptis
2526 1038 2724 1079 acrem
2743 1025 3101 1096 praebuerit,
3120 1027 3342 1099 quique
3364 1026 3870 1098 Constantinopo-

2206 1108 2461 1167 litanum
2485 1112 2981 1185 patriarchatum,
2998 1116 3217 1171 scelere
3231 1118 3653 1188 partum,justa
3665 1130 3873 1187 poena

2206 1199 2552 1269 perdiderit;
2572 1202 2784 1275 II.quia
2799 1204 2939 1259 nihil
2957 1204 3191 1260 videtur
3205 1220 3554 1275 causae,cur
3566 1220 3687 1261 non
3701 1219 3868 1260 com-

2206 1293 2443 1357 pareret
2466 1289 2523 1344 in
2548 1290 2713 1346 titulo
2731 1293 3112 1365 episcopatus
3134 1293 3533 1350 Heracleensis
3547 1293 3870 1365 etpatriar-

2208 1375 2417 1431 chatus
2451 1380 3161 1453 Constantinopolitanus,
3196 1385 3416 1455 quibus
3454 1383 3695 1439 duabus
3724 1397 3865 1437 suc-

2206 1465 2436 1521 cessive
2469 1468 2784 1538 insignitus
2806 1470 3003 1526 infulis
3021 1471 3117 1527 ille
3139 1472 3472 1528 Philotheus
3490 1472 3706 1527 dicitur
3730 1490 3741 1539 ;
3762 1472 3861 1525 III.

2205 1555 2496 1623 quoniam
2528 1559 2781 1629 scriptor
2802 1561 3021 1616 saeculi
3054 1562 3169 1617 XIV
3194 1577 3315 1617 non
3343 1568 3540 1633 potest
3567 1560 3726 1617 credi
3755 1576 3863 1615 au-

2207 1647 2333 1697 ctor
2384 1646 2583 1716 operis
2621 1647 2682 1702 in
2731 1649 2936 1705 codice
2985 1650 3286 1722 descripti,
3327 1651 3497 1708 cuius
3546 1666 3761 1706 manus
3804 1653 3865 1704 et

440 1754 652 1795 vocem
674 1736 964 1792 scalidion
988 1734 1402 1803 interpretatur
1420 1733 1788 1801 marsupium
1808 1731 2091 1800 pendens,
2129 1748 2171 1803 Β
2205 1729 2410 1789 charta
2440 1741 2694 1791 aetatem
2714 1738 3057 1809 praeferunt
3077 1755 3399 1806 annorum,
3425 1746 3487 1795 ut
3504 1754 3692 1811 supra
3707 1738 3857 1804 dixi,

441 1834 863 1899 praeterquam
915 1823 1114 1877 minus
1163 1821 1366 1891 perite,
1395 1836 1530 1875 cum
1588 1824 1755 1874 vetus
1806 1818 2091 1875 Theocriti

445 1915 790 1971 scholiastes
804 1913 880 1968 ad
895 1910 1165 1982 Idyllium
1192 1913 1231 1965 X
1255 1908 1616 1964 vocabulum
1640 1909 1817 1964 scalis
1838 1908 2092 1979 explicet

441 2007 901 2061 instrumentum
917 2000 1343 2070 agriculturae,
1363 1997 1520 2053 unde
1534 1998 1835 2053 sarculum
1857 2014 1992 2053 sum
2006 1998 2092 2053 in-

444 2097 816 2164 terpretatus,
833 2089 936 2144 sed
970 2090 1144 2143 etiam
1178 2086 1649 2157 improbabiliter
1662 2103 1986 2142 numerans
2008 2088 2091 2141 in-

442 2188 529 2239 ter
558 2181 803 2237 mobilia
823 2178 1004 2234 cellae
1037 2177 1401 2231 monasticae
1430 2177 1797 2244 marsipium,
1825 2191 2090 2246 praeser-

445 2272 549 2326 tim
579 2270 742 2342 quod
771 2267 939 2323 addit
968 2265 1252 2336 pendens,
1285 2265 1447 2336 quod
1489 2266 1685 2320 statim
1717 2266 1976 2322 latrones
2007 2266 2091 2319 vi-

444 2360 690 2423 dissent,
710 2373 816 2413 nec
829 2372 983 2427 opus
997 2354 1343 2409 habuissent
1364 2354 1652 2409 abeuntes
1674 2371 1707 2410 a
1722 2360 1929 2410 sancto
1948 2370 2090 2411 sene

445 2448 778 2511 admoneri,
815 2451 876 2499 ut
912 2444 1075 2514 quod
1118 2459 1236 2498 non
1268 2443 1640 2498 advertentes
1671 2443 2092 2516 relinquebant.

444 2537 736 2593 tollerent.
760 2535 857 2589 Est
886 2537 1193 2604 praeterea
1215 2536 1395 2603 caput
1424 2531 1632 2587 CCXVI
1666 2532 1812 2587 Prati
1834 2549 1907 2589 ex
1937 2534 2089 2588 Allo-

442 2625 583 2696 quio
605 2623 873 2678 Zosimae
887 2625 1053 2675 sexto
1067 2620 1367 2691 descriptu
1380 2637 1458 2673 m.
1477 2623 1664 2689 Caput
1678 2636 1818 2675 vero
1838 2622 2091 2677 CCXVIII

442 2729 515 2769 ex
551 2711 890 2767 undecimo.
939 2709 1202 2780 Denique
1247 2714 1429 2780 caput
1460 2711 1663 2765 CCXIX
1697 2727 1768 2765 ex
1818 2711 2093 2766 tertiode-

443 2801 620 2857 cimo.
654 2800 769 2855 Sed
798 2799 872 2853 de
902 2797 994 2852 his
1033 2799 1153 2853 iam
1186 2798 1346 2852 satis.

515 2926 650 2981 XIII.
669 2923 936 2979 Zosimae
950 2921 1118 2976 Isaac
1135 2923 1347 2992 Syrum
1375 2920 1660 2991 Opusculi
1675 2923 1764 2977 XII
1786 2929 2091 2980 auctorem

443 3014 716 3087 proxime
732 3012 1034 3067 admotum
1050 3009 1770 3083 subiungimus,quoniam
1785 3012 1947 3068 hunc
1959 3014 2092 3069 Pos-

2204 1823 2691 1894 quingentorum,
2725 1828 3075 1898 praesertim
3106 1844 3241 1884 cum
3284 1829 3365 1884 ibi
3395 1836 3530 1900 post
3554 1828 3697 1884 illud
3735 1828 3860 1884 alia

2203 1919 2505 1980 ponantur
2523 1916 2729 1971 aetatis
2753 1916 3066 1973 manifeste
3088 1918 3357 1973 senioris.
3379 1918 3690 1989 Scripserit
3708 1933 3857 1991 ergo

2200 1997 2363 2056 hunc
2412 2019 2756 2060 sermonem
2788 2006 2974 2062 multo
3006 2006 3309 2078 antiquior
3348 2006 3601 2077 quidam
3631 2014 3689 2063 et
3716 2023 3832 2063 san

2202 2091 2347 2146 ctior
2372 2108 2402 2147 e
2433 2092 2705 2163 plurimis
2735 2096 2897 2150 omni
2926 2111 3071 2152 aevo
3102 2097 3398 2167 insignitis
3430 2096 3713 2153 Philothei
3744 2113 3857 2154 vo-

2201 2180 2418 2236 cabulo
2451 2184 2790 2239 monachis.

2275 2290 2350 2343 De
2390 2288 2699 2346 Theodoro
2730 2292 3184 2365 archiepiscopo
3224 2293 3526 2351 Edesseno
3567 2295 3854 2366 Opusculi

2204 2377 2320 2431 XVI
2335 2384 2574 2434 auctore
2597 2395 2717 2435 non
2740 2387 2977 2436 constat
2993 2382 3336 2453 quisfuerit,
3356 2384 3514 2438 unde
3530 2383 3853 2449 oriundus,

2202 2467 2303 2521 ubi
2334 2467 2535 2533 vitam,
2567 2469 2730 2541 quod
2762 2475 3035 2541 apparet,
3065 2471 3458 2527 monasticam
3489 2476 3625 2528 ante
3654 2472 3857 2529 archi-

2202 2557 2620 2630 episcopatum
2638 2561 2982 2625 exercuerit,
2999 2561 3247 2632 quando
3270 2566 3325 2618 et
3345 2578 3468 2634 qua
3480 2564 3801 2619 occasione
3817 2580 3852 2620 a

2202 2648 2496 2703 coenobio
2510 2648 2585 2703 ad
2602 2648 2966 2705 Edessenam
2982 2649 3330 2706 cathedram
3348 2650 3522 2706 fuerit
3534 2660 3851 2724 promotus

2200 2738 2367 2793 Tom.
2408 2736 2541 2792 XXII
2582 2736 2983 2794 Bibliothecae
3024 2742 3261 2795 Patrum
3292 2740 3569 2797 editionis
3598 2742 3858 2799 novissi-

2203 2842 2335 2881 mae
2370 2826 2781 2897 Lugdunensis
2812 2829 3252 2901 quinquaginta
3290 2847 3361 2886 ex
3392 2832 3518 2887 eius
3547 2833 3853 2904 capitulis,

2202 2915 2317 2971 hoc
2342 2920 2427 2971 est
2468 2932 2586 2970 non
2620 2922 2806 2972 totum
2840 2918 3153 2973 dimidium
3183 2919 3315 2975 libri
3335 2920 3460 2975 eius
3484 2920 3859 2994 [queminte-

2204 3020 2379 3074 grum
2397 3004 2667 3078 damus],
2682 3006 2861 3077 idque
2884 3024 3044 3063 mere
3064 3007 3243 3064 latine
3262 3008 3634 3078 exhibentur,
3655 3011 3857 3084 deque

444 3103 712 3169 sevinus,
745 3117 816 3156 ex
838 3099 1147 3156 Gennadio
1170 3098 1449 3167 referens,
1476 3102 2089 3172 ponitimperatorum
2130 3114 2169 3168 C
2204 3109 2273 3149 60
2334 3094 2393 3149 in
2443 3095 2703 3165 generali
2753 3095 2945 3151 indice
3012 3098 3176 3153 Τοω-
3232 3098 3255 3151 Ῑ
3308 3099 3522 3155 dieitur
3574 3100 3859 3156 ﬂOI‘UiSSG

441 3192 709 3250 Martiani
741 3206 811 3245 ac
836 3189 1049 3244 Leonis
1090 3194 1429 3260 temporum
1456 3190 1791 3260 aequalem.
1819 3193 2005 3256 Quem
2037 3196 2094 3246 et

431 3280 534 3343 ait,
569 3284 807 3350 praeter
855 3277 1044 3332 multa
1090 3282 1297 3331 contra
1326 3276 1674 3343 haereticos,
1710 3279 1887 3333 etiam
1922 3294 2092 3334 asce-

430 3369 547 3423 tica
572 3366 901 3437 scripsisse.
928 3367 1120 3435 Supra
1153 3367 1371 3434 Opusc.
1394 3366 1459 3419 IX
1488 3380 1621 3435 pag.
1654 3368 1757 3421 247
1785 3368 1847 3421 tit
1867 3369 2086 3422 mentio

430 3455 751 3510 cuiusdam
780 3453 967 3521 Isaac,
993 3454 1095 3524 qui
1134 3452 1304 3506 fuerit
1335 3452 1664 3523 discipulus
1703 3456 1890 3525 Magni
1920 3458 2088 3510 Arse-

429 3544 535 3599 nii.
582 3544 745 3596 Idem
800 3542 849 3595 is
900 3557 1044 3595 sane
1086 3556 1223 3594 cum
1278 3540 1390 3595 hoc
1438 3548 1642 3597 nostro
1698 3558 1833 3598 esse
1875 3546 2082 3615 potuit.

428 3631 687 3686 Dubium
727 3629 973 3701 quidem
1021 3629 1164 3683 mihi
1215 3644 1337 3684 non
1379 3635 1485 3693 est,
1519 3632 1688 3701 quin,
1728 3649 1883 3705 quae
1932 3632 2088 3689 infra

429 3722 647 3791 Opusc.
679 3719 815 3775 XVII
851 3717 1163 3788 Nicephori
1193 3718 1475 3773 monachi
1508 3736 1579 3775 ex
1614 3724 1773 3778 Isaac
1814 3724 1962 3794 Syro
1986 3722 2086 3777 de-

431 3809 793 3873 scribuntur,
853 3808 1122 3863 eiusdem
1184 3807 1359 3863 huius
1413 3810 1598 3864 nostri
1656 3812 1791 3867 sint.
1851 3813 2084 3867 Memini

429 3898 577 3955 alias
604 3899 663 3953 in
707 3896 1067 3953 Bibliotheca
1114 3896 1398 3953 Vaticana
1429 3900 1646 3954 vidisse
1687 3916 1781 3955 me
1812 3902 2002 3957 multa
2031 3907 2088 3957 et

428 3986 738 4059 praeclara
759 3987 926 4041 Isaac
981 3989 989 4055 |
1044 3986 1167 4056 Syri
1197 4002 1401 4058 opera,
1424 4003 1581 4059 quae
1600 3990 1856 4045 multum
1886 3991 2087 4063 profu-

432 4083 582 4141 tura,
629 4077 674 4130 si
720 4074 1044 4146 prodirent,
1082 4074 1414 4143 interpretis
1446 4083 1501 4131 et
1551 4079 1793 4133 editoris
1837 4096 2084 4150 operam

431 4164 781 4235 implorant.
812 4163 1189 4217 Theodorum
1220 4164 1515 4219 Studitam
1550 4166 1719 4221 Isaac
1752 4169 1899 4238 Syro
1938 4185 2085 4222 con-

430 4254 617 4315 tinuo,
652 4251 816 4321 quod
852 4250 1018 4305 illum
1048 4251 1198 4304 inter
1229 4252 1545 4323 plerosque
1573 4256 1950 4325 sequentium
1977 4272 2083 4311 au-

427 4345 617 4394 ctores
647 4337 1090 4408 Opusculorum
1131 4344 1324 4394 certae
1355 4346 1410 4395 et
1455 4346 1629 4396 notae
1666 4343 1875 4397 aetatis
1909 4343 2082 4398 video

429 4442 581 4483 esse.
611 4426 766 4480 Vixit
813 4430 1028 4481 octavo
1064 4425 1322 4481 saeculo.
1357 4428 1557 4493 Multa,
1586 4445 1740 4500 quae
1780 4430 1853 4485 de
1892 4447 1962 4486 eo
1992 4432 2080 4486 di-

430 4516 623 4572 cenda
671 4518 829 4576 sunt,
884 4514 1182 4569 cumulate
1231 4522 1509 4585 congeret
1560 4519 1645 4571 vir
1700 4519 2083 4575 doctissimus

2203 3181 2368 3237 illum
2403 3183 2490 3236 XII
2522 3183 2781 3239 saeculo.
2816 3186 2968 3240 Sane
2998 3186 3185 3241 serius
3218 3202 3337 3243 non
3361 3189 3550 3260 potuit
3588 3190 3860 3247 Theodo-

2201 3287 2302 3326 rus
2328 3279 2545 3335 noster,
2576 3288 2758 3344 quam
2782 3274 2952 3329 istius
2983 3276 3203 3331 saeculi
3228 3276 3393 3332 initio
3420 3279 3636 3336 vivere.
3661 3279 3864 3337 Testa-

2202 3364 2295 3415 tur
2325 3361 2486 3416 enim
2518 3363 2814 3431 Eugenius
2851 3364 2920 3418 Ill
2955 3381 3230 3421 summus
3262 3366 3519 3423 Pontifex
3549 3367 3731 3424 literis
3777 3370 3863 3426 ad

2200 3448 2570 3505 Ludovicum
2600 3467 2801 3523 regem
2818 3455 3179 3510 Francorum
3199 3456 3457 3528 scriptis,
3483 3473 3635 3528 quas
3648 3459 3867 3516 recitat

2198 3539 2485 3594 Baronius
2518 3539 2684 3594 Tom.
2723 3541 2811 3597 XII
2849 3558 3013 3597 num.
3054 3544 3205 3599 XXXI
3236 3546 3377 3600 anni
3418 3547 3574 3614 1145,
3609 3555 3861 3619 captam

2198 3643 2234 3683 a
2259 3628 2569 3683 Saracenis
2598 3645 2668 3684 eo
2702 3645 2861 3685 anno
2890 3631 3195 3694 Edessam.
3224 3635 3419 3689 occiso
3446 3635 3524 3691 ab
3564 3635 3634 3690 iis
3667 3636 3861 3693 archi-

2197 3716 2484 3789 episcopo
2500 3717 2888 3791 pluribusque
2903 3718 3050 3774 aliis.
3073 3723 3152 3776 Ex
3173 3739 3294 3794 quo
3320 3728 3583 3795 tempore
3605 3741 3860 3781 vacasse

2198 3805 2360 3861 illam
2394 3805 2599 3861 sedem
2634 3815 2901 3879 apparet.
2930 3810 3133 3879 quoad
3175 3818 3378 3883 erepta
3410 3814 3721 3869 Saracenis
3749 3832 3860 3885 per

2199 3897 2454 3951 Francos
2489 3895 2712 3951 Edessa
2743 3901 2847 3962 est,
2881 3900 2981 3968 qui
3006 3899 3309 3972 deinceps,
3333 3902 3624 3973 quamdiu
3660 3905 3861 3960 Hiero-

2197 3984 2442 4056 solymis
2476 3993 2823 4054 regnarunt,
2848 3986 3335 4061 archiepiscopos
3359 3989 3409 4045 ei
3432 3990 3653 4047 latinos
3674 3993 3859 4049 dede-

2196 4081 2354 4127 runt.
2390 4074 2502 4129 Nec
2532 4074 2763 4129 videtur
2785 4075 3121 4142 verisimile,
3146 4079 3664 4151 archiepiscopum
3685 4098 3720 4136 a
3753 4083 3862 4138 Sa-

2196 4164 2427 4216 racenis
2446 4162 2821 4219 interfectum
2844 4164 3003 4219 hunc
3027 4166 3225 4237 ipsum
3249 4166 3428 4223 fuisse
3450 4169 3837 4226 Theodorum

2196 4248 2411 4319 Martyr
2454 4250 2615 4305 enim
2647 4252 2853 4308 fuisset
2895 4253 3107 4320 dictus,
3141 4256 3245 4328 qui
3277 4257 3336 4311 in
3377 4258 3697 4314 Turriaueo
3746 4276 3856 4316 co-

2194 4335 2324 4391 dice
2363 4338 2657 4393 duntaxat
2707 4339 2956 4397 Sanctus
3006 4350 3181 4412 pater
3228 4352 3428 4401 noster
3473 4346 3845 4405 inscribitur.

2195 4424 2422 4479 Obiisse
2446 4440 2588 4495 ergo
2620 4426 2785 4483 illum
2811 4432 3067 4487 naturali
3089 4439 3277 4488 morte
3302 4440 3438 4489 ante
3456 4451 3683 4491 annum
3707 4436 3857 4492 1145

2193 4512 2473 4568 credibile
2491 4520 2601 4581 est,
2625 4515 2747 4572 imo
2772 4516 2920 4573 forte
2949 4520 3261 4592 aliquanto
3292 4522 3657 4579 submotiore
3690 4540 3775 4579 re-
3808 4527 3819 4597 Ι

428 4604 703 4662 omnium
726 4604 852 4658 eius
877 4618 1127 4675 operum
1152 4604 1389 4675 plenam
1420 4605 1853 4663 etluculentam
1877 4609 2084 4665 editio-
2115 4589 2161 4644 D
2195 4605 2281 4657 tro
2299 4607 2511 4663 aetate.
2538 4612 2819 4677 ut,quem
2835 4610 3113 4665 Saraceni
3130 4610 3389 4667 Edessae
3403 4619 3857 4685 expugnatores

429 4710 571 4750 nem
602 4693 927 4751 adornans.

500 4818 749 4875 Abbatis
769 4819 955 4875 Isaiae
968 4826 1251 4890 quartum
1267 4820 1569 4877 decimum
1585 4828 1669 4877 est
1688 4824 2079 4895 Opusculum.

430 4910 596 4963 Hunc
624 4906 721 4962 alii
756 4907 990 4963 Esaiam
1025 4908 1349 4979 appellant,
1393 4925 1504 4978 ego
1542 4911 1834 4967 Ecclesiae
1863 4914 2080 4969 latinae

431 5013 608 5052 usum
624 5003 923 5067 receptum
942 4996 999 5050 in
1017 4997 1202 5052 Isaiae
1218 4999 1548 5054 vocaebulo
1570 4999 1871 5059 efferendo
1896 5010 1987 5061 ten
2000 5005 2076 5077 ui,

433 5101 682 5142 securus
716 5084 1047 5155 scripturae
1077 5085 1441 5141 Graecorum
1469 5089 1526 5142 in
1553 5092 1735 5145 verbo
1760 5093 2080 5151 Hebraicae

433 5172 699 5243 originis.
727 5172 1115 5228 Bellarminus
1134 5174 1190 5228 in
1220 5174 1370 5230 libro
1392 5178 1466 5230 De
1489 5179 1875 5249 scriptoribus
1902 5183 2083 5239 eccle-

432 5261 685 5317 siasticis
706 5260 785 5315 do
798 5276 869 5316 eo
891 5261 992 5327 ait,
1017 5277 1098 5325 se,
1132 5277 1254 5331 quo
1279 5267 1544 5334 tempore
1575 5267 1797 5336 vixerit,
1822 5271 2080 5328 invenire

430 5349 791 5421 nequivisse.
828 5348 969 5404 Vide
999 5350 1179 5405 etiam
1215 5351 1289 5406 de
1319 5353 1418 5408 illo
1448 5356 1857 5416 Possevinum.
1892 5360 2081 5416 Huius

430 5453 674 5511 quoque
696 5438 1023 5493 honorifice
1050 5439 1863 5517 meminitinfraNicephorus
1878 5466 2083 5507 mona-

430 5528 578 5584 chus
606 5528 823 5597 Opusc.
858 5527 1015 5582 XVII.

506 5644 715 5705 Sermo
730 5642 1087 5701 S.Philotlrei
1099 5644 1173 5702 de
1185 5647 1481 5705 mandatis
1495 5649 1703 5709 Christi
1715 5654 2083 5725 Opusculum

2192 4692 2560 4760 occiderunt,
2606 4711 2915 4752 successor
2955 4698 3107 4753 illius
3137 4716 3260 4755 non
3302 4701 3707 4767 immediatus,
3739 4704 3855 4761 sed

2192 4782 2513 4849 secundus,
2547 4784 2772 4849 tertius,
2813 4793 3137 4858 quartusve
3177 4788 3369 4845 fuerit.

2265 4908 2427 4965 Paris
2462 4925 2598 4965 cum
2630 4909 2938 4966 Theodoro
2971 4913 3269 4969 Edesseno
3310 4915 3518 4972 aetatis
3553 4915 3858 4987 Nicepho-

2189 5011 2323 5052 rum
2363 4999 2729 5055 monachum
2763 5000 2997 5071 opinari
3036 5002 3169 5059 licet
3200 5004 3484 5074 Opusculi
3516 5005 3675 5071 XVII,
3707 5004 3855 5062 libri

2189 5087 2365 5142 valde
2395 5087 2573 5154 utilis,
2608 5095 2937 5156 auctorem,
2962 5107 3097 5147 cum
3123 5091 3357 5149 certiori
3387 5110 3584 5150 rerum
3602 5104 3661 5150 et
3688 5102 3859 5152 acto-

2190 5192 2323 5232 rum
2359 5177 2487 5231 eius
2528 5178 2868 5235 testimonio
2908 5195 3250 5237 careamus.

2262 5305 2380 5357 Hoc
2428 5302 2577 5357 forte
2633 5303 2935 5375 antiquior
2980 5306 3153 5362 fuerit
3206 5313 3411 5365 auctor
3441 5309 3604 5366 XVIII
3653 5310 3855 5370 ultimi

2192 5391 2498 5462 Opusculi,
2524 5407 2789 5464 auonym
2803 5410 2868 5449 us
2894 5398 3227 5453 monachus
3243 5398 3514 5455 coenobii
3540 5401 3740 5470 graeci
3757 5417 3855 5458 or-

2192 5480 2347 5535 dinis
2371 5482 2425 5536 S.
2456 5480 2653 5536 Basilii
2679 5483 2735 5537 in
2764 5498 2909 5552 agro
2938 5486 3293 5557 Tusculano,
3321 5490 3425 5545 aS.
3452 5488 3579 5545 Nilo
3600 5490 3853 5561 juniore

2192 5569 2350 5624 circa
2376 5568 2558 5625 ﬁnem
2594 5571 2813 5627 saeculi
2854 5574 2901 5628 X
2934 5573 3186 5642 fundati,
3218 5578 3386 5633 cuius
3440 5579 3853 5650 ampliﬁcator

2192 5657 2449 5729 insignis
2495 5661 2713 5718 exstitit
2745 5676 2901 5718 unus
2947 5678 2978 5719 e
3016 5664 3128 5720 Nili
3172 5665 3502 5739 discipulis,
3543 5667 3854 5728 eiusdem-
