4058 6194
533 252 637 310 355
1658 234 1758 292 J0.
1802 233 2099 294 GEORGII
2140 232 2360 292 PRITII
2406 229 2807 292 PRAEFA'I‘IO
3810 238 3905 297 356

532 374 745 437 nentis,
773 372 1192 439 auctoremque
1220 365 1435 434 ipsum,
1468 376 1589 417 non
1621 375 1764 417 raro
1794 374 1831 417 a
1859 375 1919 417 se
1974 375 2049 417 ne
2071 360 2442 417 intellectum
2471 360 2728 432 quidem,
2760 360 3173 429 intempestiva
3197 362 3465 417 natantis
3494 375 3752 421 censura.
3783 365 3903 421 Non

535 459 1136 533 difﬁtemurinterim,
1167 452 1567 509 Homiliarum
1582 466 1873 506 summam
1887 452 2248 506 succinctius
2264 450 2449 504 multo
2469 450 2930 520 accuratiusque
2942 449 3161 519 referri
3166 452 3451 520 potuisse.
3467 451 3655 507 Index
3678 452 3905 524 denique

510 552 736 607 multis
768 551 831 603 in
860 548 996 603 locis
1028 543 1262 601 auctior
1290 541 1557 597 redditus
1588 547 1641 594 et
1672 538 2008 593 ordinatior
2034 538 2230 608 factus
2260 544 2363 593 est.
2404 539 2474 593 Ut
2507 552 2668 593 nunc
2696 537 2929 608 quidem
2963 552 3208 606 sperare
3264 537 3274 609 |
3337 538 3530 603 liceat,
3577 540 3908 597 sanctissimi

540 640 737 696 Patris
756 639 986 694 labores
1000 633 1222 702 insigni
1250 646 1383 686 cum
1408 630 1619 699 fructu
1632 643 1667 683 a
1680 627 2080 683 studiosorum
2095 627 2372 683 manibus
2388 629 2500 681 teri
2508 641 2693 695 posse.
2717 625 2877 691 Quae
2898 641 3032 682 vero
3058 627 3139 682 ad
3164 627 3348 694 ipsius
3365 627 3622 683 Macarii
3642 632 3905 698 patriam,

537 743 741 801 genus,
777 727 932 782 vitae
953 723 1268 783 rationem,
1300 716 1603 774 scribendi
1629 717 1891 781 modum,
1910 730 2334 786 summamque,
2358 721 2587 785 quanta
2611 714 2867 783 cogitari
2880 720 3087 783 potest,
3117 730 3318 771 rerum
3341 716 3683 772 divinarum
3710 717 3908 774 intelli-

536 818 819 889 gentiam,
852 813 1092 884 aliaque
1122 809 1312 864 multa
1331 806 1652 875 pertinent,
1683 804 1756 859 de
1784 804 1857 859 iis
1880 804 2181 874 prolixius
2229 809 2354 859 tum
2385 819 2585 859 sumus
2611 804 3014 867 dissertaturi,
3043 820 3225 876 quum
3267 805 3525 861 Macarii
3551 804 3857 874 Opuscula,
3880 823 3909 863 a

536 909 717 964 Petro
749 902 1011 966 Possino,
1044 916 1075 956 e
1103 900 1377 954 societate
1396 896 1536 951 Jesu
1570 894 1717 960 viro,
1745 898 1883 951 ante
1904 909 2095 951 annos
2126 894 2356 965 aliquot
2390 893 2630 950 Tolosae
2659 907 2687 948 e
2718 894 3143 964 manuscriptis
3166 894 3435 964 primum
3461 894 3626 951 nobis
3648 897 3908 966 exhibita,

539 994 831 1052 Homilias
862 992 965 1046 has
994 988 1268 1059 consequi
1284 984 1644 1055 jubebimus.
1674 983 1921 1039 Interim
1954 984 2150 1039 valeat
2208 983 2411 1048 lector,
2469 987 2522 1037 et
2552 996 2705 1053 quae
2729 982 3109 1051 promisimus
3138 982 3403 1049 iamiam,
3434 984 3773 1053 propediem
3820 1001 3912 1041 nos

537 1084 911 1143 exsoluturos
932 1091 1053 1135 esse
1074 1075 1393 1132 certissime
1407 1072 1519 1128 sibi
1532 1072 1913 1143 persuadeat.
1946 1071 2350 1143 Properabam
2366 1070 2601 1141 Lipsiae
2618 1070 2959 1128 ineuntibus
2979 1071 3266 1128 nundinis
3279 1072 3760 1129 auctumnalibus
3780 1077 3910 1131 anni

540 1176 859 1241 reparatae
887 1165 1103 1224 salutis
1134 1164 1231 1220 cla
1259 1163 1354 1219 Iac
1381 1160 1488 1217 XC
1503 1159 1661 1218 VIII.

1418 1349 1427 1417 |
1486 1347 1880 1403 Homiliarum
1914 1348 1983 1402 Β.
2017 1347 2278 1404 Macarii
2305 1347 2677 1418 singularum
2708 1347 3101 1417 Argumenta.

540 1459 559 1512 Ι
832 1448 1254 1521 Interpretatio
1284 1446 1611 1521 allegorica
1643 1444 1879 1521 visionis
1909 1446 2074 1513 apud
2106 1445 2469 1521 Ezechielem
2500 1445 2867 1521 descriptae.7
2907 1517 2919 1521 7
3062 1518 3079 1521 _
3132 1516 3142 1521 7
3445 1516 3456 1521 _
3534 1518 3547 1521 _
3626 1447 3760 1517 Pag.
3893 1453 3910 1502 I

540 1530 583 1583 11
819 1528 904 1598 De
930 1516 1112 1598 regno
1153 1518 1550 1598 tenebrarum,
1585 1517 1693 1572 hoc
1720 1520 1803 1572 est
1824 1524 2088 1598 peccato,
2122 1525 2173 1573 et
2206 1518 2501 1598 hominem
2530 1516 2731 1598 solius
2755 1516 2867 1598 Dei
2898 1516 3176 1587 beneﬁcio
3206 1516 3456 1573 liberari
3482 1518 3559 1574 ab
3600 1533 3685 1575 eo.
3717 1516 3731 1517 ⁷
3860 1523 3917 1598 2g

539 1600 614 1655 III
841 1596 915 1650 De
944 1588 1141 1664 quieta
1170 1594 1437 1657 fratrum
1467 1588 1626 1664 inter
1651 1602 1708 1643 se
1732 1588 2193 1664 conversatione,
2212 1592 2279 1664 et
2306 1590 2534 1655 proelio
2553 1588 2842 1644 interiori.
3860 1592 3916 1644 29

538 1672 607 1725 1V
840 1659 966 1734 Qua
993 1663 1225 1734 ratione
1260 1660 1726 1734 promovendum
1760 1661 1974 1734 invita
1996 1659 2344 1734 Christiana
2619 1729 2631 1734 _
2757 1730 2767 1734 _
2992 1730 3002 1734 _
3862 1666 3915 1734 37

539 1743 588 1793 V
836 1729 1131 1805 Quantum
1161 1729 1449 1805 discrepet
1482 1731 1605 1787 vita
1638 1730 2104 1786 Christianorum
2137 1746 2174 1786 a
2205 1730 2574 1802 reliquorum
2608 1729 2911 1786 hominum
2945 1730 3090 1787 vita.
3503 1765 3510 1772 -
3860 1733 3916 1785 7'2

537 1814 608 1867 VI
843 1802 922 1864 De
948 1808 1121 1861 mado
1151 1802 1505 1874 precandi.7
1697 1872 1707 1874 7
1835 1872 1844 1874 _
2352 1872 2359 1874 7
2740 1872 2748 1874 7
2972 1872 2983 1874 7
3178 1872 3187 1874 7
3322 1872 3331 1874 7
3661 1873 3666 1874 7
3862 1806 3917 1858 90

541 1885 636 1939 VII
839 1880 930 2019 De
945 1872 1255 2003 cltementia
1281 1873 1508 1930 Christi
1522 1887 1667 1943 erga
1685 1872 1946 1929 homines
1966 1874 2263 1943 ;continet
2284 1872 2457 1930 etiam
2482 1872 2887 1942 responsiones
2903 1872 2984 1928 ad
2995 1872 3286 1944 quasdam
3310 1872 3798 1944 interrogationes

926 1967 994 2005 or
1024 1965 1053 2004 e
1083 1962 1367 2003 curiosas.

926 1952 1053 2005 'orte
1083 1948 1367 2003 curiosas.
3863 1947 3917 1999 99

543 2025 668 2079 VIII
838 2013 919 2077 De
951 2020 1039 2075 his
1066 2034 1218 2091 quae
1246 2016 1600 2091 contingunt
1637 2013 1987 2091 Christianis
2019 2014 2175 2070 inter
2204 2014 2519 2091 orandum.
2970 2086 2999 2091 77
3181 2086 3192 2091 _
3306 2087 3319 2091 _
3399 2086 3410 2091 _
3625 2087 3665 2091 _7
3700 2088 3727 2091 _
3841 2019 3916 2071 106

540 2098 605 2152 IX
839 2086 1365 2169 Promissionesac
1380 2086 1733 2169 prophetias
1764 2086 1999 2169 divinas
2020 2101 2134 2169 per
2159 2087 2355 2169 varios
2385 2101 2682 2169 successus
2709 2093 2759 2143 et
2788 2086 3136 2143 tentationes
3168 2086 3427 2156 impleri,
3460 2095 3512 2143 et
3545 2087 3665 2142 soli
3686 2088 3798 2143 Deo

930 2161 1312 2220 adhaerendo
1346 2157 1589 2214 liberari
1616 2173 1723 2212 nos
1754 2157 1828 2212 ab
1858 2157 2345 2226 infestationibus
2376 2159 2751 2213 daemonum.
3834 2158 3917 2212 113

542 2241 596 2294 Χ
857 2235 1208 2315 Humilitate
1250 2235 1302 2287 et
1326 2230 1671 2356 dalacritate
1722 2229 1971 2284 retineri
2007 2232 2061 2284 et
2113 2230 2325 2299 augeri
2364 2230 2526 2285 dona
2565 2230 2799 2299 gratiae
2844 2229 3104 2293 divinae,
3156 2228 3436 2299 superbia
3483 2236 3677 2286 autem
3741 2234 3791 2286 et

920 2320 1165 2356 mnama
1218 2318 1324 2356 υεν
1371 2319 1409 2355 l.

920 2305 1165 2375 ignavia
1217 2302 1422 2375 perdi._
1492 2370 1557 2375 Α,
1694 2370 1704 2375 _
1916 2370 1929 2375 _
2003 2369 2016 2375 _
2140 2370 2151 2375 _
2206 2370 2218 2375 7
2382 2371 2394 2375 _
2463 2371 2477 2375 _
2626 2371 2636 2375 _
2848 2371 2856 2375 _
2954 2372 2965 2375 _
3840 2301 3920 2375 126

540 2382 612 2436 XI
861 2369 1145 2433 Virtutem
1175 2369 1367 2430 sancti
1391 2370 1653 2437 Spiritus
1682 2370 1745 2425 in
1786 2370 1960 2425 corde
1992 2369 2244 2425 hominis
2273 2386 2333 2427 se
2371 2371 2588 2427 habere
2615 2371 2808 2427 instar
2835 2371 3012 2441 ignis.
3840 2370 3919 2424 I32

544 2453 643 2506 XII
865 2452 946 2504 De
973 2451 1132 2503 statu
1164 2446 1342 2502 Adae
1368 2448 1497 2511 post
1529 2442 1844 2511 imaginem
1888 2443 1990 2497 Dei
2015 2442 2333 2508 perditam.
2371 2445 2378 2511 |
3842 2446 3917 2495 151

543 2524 663 2578 XIII
848 2520 1023 2587 Quem
1054 2519 1315 2589 fructum
1348 2513 1762 2589 a_Christiano
1787 2514 1941 2568 Deus
1970 2512 2191 2582 exigat.
2349 2585 2358 2589 _
2451 2585 2459 2589 _
2526 2584 2537 2589 _
2567 2584 2579 2589 _
2622 2585 2640 2589 _
3841 2512 3915 2589 171

541 2595 666 2649 XIV
852 2584 963 2659 Qui
991 2584 1063 2645 se'
1079 2588 1357 2643 dedicant
1392 2587 1528 2649 Deo,
1556 2599 1675 2639 non
1705 2586 1833 2639 sine
1858 2599 1960 2659 spe
1987 2585 2485 2659 remunerationis
2515 2584 2579 2659 id
2600 2585 2831 2659 facere.
2952 2655 2973 2659 Α
2993 2655 3007 2659 _
3071 2654 3081 2659 _
3842 2586 3919 2659 173

540 2666 637 2719 XV
854 2654 1041 2729 Quam
1087 2666 1290 2715 sancte
1334 2664 1384 2729 et
1414 2660 1648 2729 castese
1692 2670 1897 2724 gerere
1919 2655 2125 2710 debeat
2148 2655 2349 2729 anima
2414 2655 2738 2729 Christiani
2761 2670 2906 2729 erga
2935 2654 3238 2711 Christum
3264 2669 3547 2729 sponsum
3576 2671 3763 2729 suum.
3838 2654 3915 2709 181

542 2737 669 2792 XVI
843 2726 1199 2802 Spirituales
1226 2728 1481 2784 homines
1521 2726 1802 2782 obnoxios
1828 2741 1948 2781 esse
1985 2726 2411 2782 tentationibus
2439 2734 2492 2783 et
2525 2726 2949 2795 afﬂictionibus
2970 2742 3230 2798 quarum
3247 2726 3413 2797 origo
3430 2733 3513 2783 est
3535 2727 3791 2796 primum

906 2809 1231 2872 peccatum.
1620 2869 1629 2872 7
1851 2867 1920 2872 __
2043 2870 2076 2872 _7
2235 2870 2246 2872 _
2335 2870 2342 2872 _
3836 2798 3922 2872 2&0

544 2880 683 2935 XVII
844 2867 927 2931 De
954 2872 1423 2930 Christianorum
1462 2869 1740 2925 unctione
1768 2867 2078 2937 spirituali
2101 2877 2155 2924 et
2182 2870 2401 2938 gloria.
3837 2871 3922 2921 257

540 2950 719 3006 XVIII
838 2949 921 3002 De
945 2946 1226 3001 thesauro
1260 2940 1755 3009 Christianorum,
1786 2943 1889 3010 qui
1911 2947 1995 2996 est
2026 2941 2298 2997 Christus
2323 2947 2376 2997 et
2407 2940 2667 3009 Spiritus
2696 2944 2959 3005 sanctus,
2990 2939 3176 2997 variis
3199 2939 3387 2996 modis
3409 2954 3690 2998 exercens
3718 2954 3803 2997 eos

900 3017 980 3072 ad
1003 3014 1427 3086 perfectionem
1467 3012 1916 3086 assequendam.
2107 3082 2157 3086 __
2344 3084 2351 3086 7
2393 3083 2404 3086 _
2912 3083 2921 3086 _
3165 3083 3205 3086 __
3373 3082 3383 3086 _
3429 3082 3441 3086 _
3838 3010 3925 3086 2Ῑὲ

537 3092 655 3148 XIX
839 3079 1221 3144 Christianus
1250 3086 1534 3152 proﬁcere
1560 3079 1760 3138 volens
1792 3082 1874 3137 ad
1902 3097 2065 3137 omne
2094 3082 2157 3136 id
2193 3084 2353 3153 quod
2384 3083 2604 3138 bonum
2632 3090 2738 3150 est,
2770 3098 2830 3139 se
2862 3083 2921 3137 vi
2951 3083 3303 3150 compellere
3343 3082 3530 3139 debet.
3836 3079 3923 3153 287

540 3165 642 3218 XX
844 3160 1011 3215 Solus
1040 3151 1316 3213 Christus
1344 3154 1579 3210 sanavit
1610 3154 1893 3217 animam,
1930 3168 2108 3224 quam
2140 3151 2490 3209 ornamento
2520 3154 2758 3223 gratiae
2788 3168 2932 3209 suae
2961 3153 3203 3209 vestivit.
3838 3151 3925 3224 298

539 3235 659 3290 XXI
842 3230 1082 3285 Homini
1108 3228 1446 3284 Christiano
1477 3226 1705 3295 duplex
1736 3221 2022 3280 incumbit
2056 3224 2294 3288 bellum,
2331 3221 2642 3281 externum
2674 3230 2728 3281 et
2759 3224 3083 3281 internum.
3839 3221 3922 3277 3οῑ

540 3306 692 3359 XXII
839 3303 918 3357 De
943 3300 1173 3369 duplici
1202 3304 1362 3353 statu
1399 3295 1825 3369 decedentium.
2291 3364 2301 3369 _
2680 3365 2690 3369 7
2904 3366 2913 3369 _
3840 3295 3924 3369 31:73

543 3376 716 3430 XXIII
848 3374 929 3426 Hi
954 3364 1065 3425 soli
1091 3370 1361 3423 diadema
1396 3366 1622 3436 regium
1662 3372 1892 3435 gestare
1922 3371 2161 3432 possunt
2198 3364 2301 3435 qui
2325 3369 2463 3420 sunt
2490 3381 2519 3421 e
2547 3365 2764 3422 semine
2785 3366 2973 3435 regio.
3839 3366 3925 3419 314

538 3446 705 3500 XXIV
846 3442 1326 3497 Christianorum
1360 3447 1548 3493 status
1573 3446 1950 3491 mercaturae
1979 3443 2029 3491 et
2058 3437 2512 3503 fermentationi
2539 3436 2744 3492 similis
2775 3440 2877 3492 est.
3841 3436 3927 3491 318

540 3516 677 3571 XXV
846 3514 966 3569 Per
992 3509 1445 3566 inobedientiam
1473 3506 1696 3580 redacti
1725 3522 1928 3580 sumus
1963 3506 2038 3580 in
2058 3506 2425 3580 servitutem,
2460 3522 2495 3563 a
2527 3524 2647 3580 qua
2685 3524 2794 3578 per
2822 3508 3179 3578 mysterium
3210 3508 3405 3564 crucis
3436 3507 3809 3578 liberamur,-

896 3585 1030 3638 item
1058 3582 1130 3637 de
1162 3581 1549 3637 lacrimarum
1581 3584 1635 3635 et
1664 3579 1818 3647 ignis
1848 3578 2039 3633 divini
2067 3579 2364 3645 efﬁcacia.
2538 3576 2552 3580 ⁷
2687 3576 2697 3578 ⁷
2890 3576 2906 3578 ⁷
3788 3576 3793 3578 ⁷
3840 3576 3929 3632 325

541 3658 713 3712 XXVI
851 3653 1273 3793 Detolldgnitate,|
1292 3651 1592 3721 facultate,
1616 3656 1669 3705 et
1697 3649 2136 3718 operationibus
2154 3649 2415 3719 animae,-
2447 3657 2499 3706 et
2521 3665 2640 3722 qua
2670 3649 2903 3707 ratione
2935 3656 3247 3707 tentetura
3279 3650 3541 3715 diabolo,
3577 3658 3627 3708 et
3658 3650 3806 3707 abeo
3839 3717 3929 3774 338

952 3742 971 3780 ι
1014 3741 1108 3780 ere
1138 3740 1226 3778 ur.

952 3722 1226 3780 iberetur.
1264 3723 1273 3780 Ι
3839 3722 3865 3774 3

543 3800 737 3857 XXVII
848 3799 1208 3866 Dignitatem
1234 3791 1289 3850 et
1318 3800 1536 3866 statum
1557 3792 1802 3866 hominis
1827 3791 2163 3866 Christiani
2182 3792 2583 3863 prosequitur,
2605 3792 2843 3863 eiusque
2862 3792 3109 3849 liberum
3135 3794 3478 3858 arbitrium,
3496 3791 3805 3862 permixtis

936 3860 1172 3925 interim
1212 3865 1455 3921 utilibus
1485 3864 1943 3936 quaestionibus.
2186 3860 2191 3861 ⁷
2289 3934 2295 3936 7
2366 3860 2383 3863 ⁷
2739 3860 2756 3863 ⁷
3389 3935 3394 3936 7
3498 3860 3507 3862 ⁷
3840 3860 3926 3936 367

540 3943 755 4000 XXVIII
851 3941 1141 3997 Describit
1172 3954 1242 3993 ac
1271 3934 1543 4006 deplorat
1575 3935 1973 3991 calamitatem
2001 3938 2257 4007 animae,
2275 3934 2337 3990 in
2362 3951 2481 4007 qua
2510 3941 2757 4003 propter
2778 3941 3088 4000 peccatum
3104 3950 3223 3990 non
3257 3935 3484 4007 habitat
3512 3936 3801 3993 Christus.
3841 3934 3928 4007 394

545 4015 710 4072 XXIX
857 4012 1095 4079 Duplici
1139 4010 1368 4065 ratione
1391 4008 1653 4078 gratiam
1686 4022 1855 4079 suam
1894 4007 2153 4076 largitur
2175 4006 2556 4079 _De7us,’cuius
2585 4008 2856 4075 fructum
2894 4007 3133 4062 tandem
3153 4006 3312 4079 iusto
3344 4006 3562 4079 iudicio
3589 4008 3813 4076 repetit.
3842 4006 3923 4079 401

544 4087 697 4141 ΧΧΧ
850 4076 961 4139 Εεσ⁷
980 4082 1210 4149 Spiritu
1239 4076 1443 4135 sancto
1472 4078 1703 4133 renasci
1734 4078 1900 4149 debet
1930 4079 2131 4132 anima
2165 4076 2271 4131 Dei
2297 4094 2545 4147 regnum
2578 4078 2943 4146 ingressura,
2977 4085 3027 4133 et
3059 4078 3162 4148 qui
3191 4077 3300 4133 hoc
3326 4078 3455 4145 ﬁat.
3739 4147 3752 4149 _
3840 4077 3921 4130 411

544 4157 714 4212 XXXI
859 4147 1081 4210 Fidelis
1100 4153 1297 4208 animo
1316 4149 1538 4205 mutari
1556 4149 1743 4213 debet,
1764 4155 1815 4203 et
1842 4148 1903 4202 in
1922 4150 2103 4204 Deum
2123 4149 2405 4217 colligere
2420 4149 2804 4218 cogitationes
2826 4164 3041 4216 omnes,
3071 4147 3109 4205 α
3134 4149 3346 4221 quibus
3369 4164 3503 4205 vere
3522 4147 3803 4218 dependet

933 4224 1270 4278 obseauium
1302 4221 1591 4276 divinum.
3839 4214 3929 4270 522

933 4224 1270 4279 obsequium
1302 4221 1591 4276 divinum.
3144 4218 3157 4221 ‘
3839 4218 3868 4270 4

972 4240 1028 4278 08
1106 4240 1270 4277 uzum
1302 4240 1591 4276 awmum.

545 4298 749 4352 XXXII
862 4240 1583 4352 Glgrifquhristianorum
1614 4289 1783 4343 modo
1804 4290 1945 4344 latet
1962 4290 2021 4341 in
2051 4288 2265 4343 animis
2278 4303 2509 4362 eorum,
2535 4291 3148 4360 quaeresurrectionis
3176 4296 3437 4360 tempore
3460 4296 3736 4362 emerget,
3753 4292 3804 4346 et

937 4364 1265 4419 illustrabit
1295 4376 1549 4431 corpora
1585 4376 1694 4428 pro
1723 4374 1828 4414 suo
1857 4374 2122 4431 quaeque
2152 4360 2343 4431 modo.
3626 4360 3638 4362 ⁷
3835 4360 3924 4431 430

542 4438 755 4495 XXXIII
855 4437 1037 4503 Quam
1068 4440 1290 4489 attente
1320 4428 1753 4503 diligenterque
1778 4428 2145 4503 precandum
2178 4429 2271 4485 sit.
3837 4428 3924 4503 413

544 4509 767 4565 XXXIV
853 4500 933 4563 De
960 4506 1157 4577 gloria
1186 4500 1662 4577 Christianorum
1688 4500 1807 4556 illis
1828 4516 1946 4555 non
1975 4500 2203 4571 ignota.
3836 4501 3922 4577 es?

542 4584 637 4637 XX
651 4581 749 4635 XV
860 4579 943 4635 De
962 4573 1214 4634 sabbato
1245 4574 1485 4643 antiquo
1516 4580 1568 4629 et
1602 4587 1771 4628 novo.
1864 4642 1867 4643 7
3832 4573 3924 4625 4,52

544 4653 749 4710 XXXVI
863 4652 1109 4706 Diversa
1139 4652 1220 4704 est
1249 4642 1683 4715 resurgentium
1710 4642 1931 4713 gloria.
2210 4686 2219 4695 .
3830 4645 3921 4715 4755

541 4724 787 4780 XXXVII
846 4722 926 4778 De
952 4720 1243 4792 paradiso
1273 4724 1325 4773 et
1357 4714 1830 4792 legespirituali.
2078 4784 2113 4792 __
2282 4787 2293 4792 _
2367 4785 2427 4792 Α·
2674 4786 2684 4792 _
2941 4787 2952 4792 _
3161 4786 3171 4792 Δ
3832 4714 3921 4792 ei")?

540 4795 810 4852 XXXVIII
850 4784 1082 4849 Exacto
1114 4807 1258 4856 Opus
1280 4796 1361 4845 est
1393 4784 1614 4860 iudicio
1640 4790 1702 4841 in
1734 4784 2141 4860 discernendis
2170 4787 2320 4841 veris
2354 4785 2731 4860 Christianis,
2768 4793 2821 4843 et
2848 4787 3091 4860 quinam
3117 4786 3240 4844 sint
3268 4788 3383 4844 illi.
3831 4784 3922 4860 1919

545 4868 740 4923 XXXIX
853 4866 937 4920 Ad
966 4864 1111 4935 quid
1135 4855 1450 4935 Scriptura
1482 4859 1686 4935 divina
1717 4858 1893 4935 nobis
1910 4857 2135 4935 donata
2150 4860 2245 4935 est
2270 4872 2307 4912 a
2343 4859 2477 4913 Deo.
2856 4855 2874 4860 ⁷

544 4940 629 4995 XL
868 4925 1160 4991 Virtutum
1191 4925 1350 4989 inter
1378 4947 1438 4986 se
1466 4931 1792 4999 colligatio,
1823 4928 2025 4984 itidem
2053 4928 2352 4984 vitiorum.
3828 4925 3921 4978 477

541 5011 651 5067 XLI
850 5004 1385 5123 Quampgt'ofunda
1421 5002 1539 5057 sint
1570 5001 1805 5057 animae
1831 5001 2187 5069 penetralia,
2219 5015 2371 5070 quae
2403 5003 2411 5070 |
2444 5001 2740 5069 paulatim
2772 5002 3139 5058 incrementa
3167 5001 3407 5072 gratiae
3426 5008 3535 5058 aut
3562 5001 3893 5123 vitioruml!8

930 5094 1118 5123 nrmm
1156 5118 1167 5123 -

930 5070 1196 5144 accipitf
2183 5142 2193 5144 7
2299 5142 2308 5144 7
2462 5142 2473 5144 7
3690 5143 3697 5144 7
3765 5141 3773 5144 7
3829 5070 3922 5123 485

542 5153 675 5208 XLII
840 5152 973 5206 Non
1001 5141 1270 5209 externa,
1294 5144 1394 5201 sed
1418 5145 1655 5200 interna
1671 5149 2016 5212 promovent
2041 5147 2144 5197 aut
2175 5142 2418 5198 laedunt
2450 5142 2741 5200 hominem
2786 5144 2971 5201 veluti
2998 5142 3244 5214 spiritus
3273 5144 3509 5216 gratiae
3537 5149 3644 5201 aut
3666 5141 3796 5213 Spi-

540 5295 697 5349 XLIII
829 5293 915 5348 De
930 5224 1783 5360 grgggizgzge'i.Christiani.
1819 5285 1987 5340 cuius
2013 5288 2134 5360 tota
2173 5286 2255 5340 vis
2284 5284 2568 5351 dependet
2600 5300 2635 5360 a
2667 5285 2863 5360 corde,
2895 5293 2960 5360 ut
2991 5285 3286 5360 hicvarie
3308 5284 3686 5360 describitur.

541 5365 696 5420 XLIV
837 5355 1131 5444 Quantam
1152 5360 1215 5415 in
1240 5358 1472 5444 homine
1493 5355 1837 5414 Christiano
1862 5358 2250 5413 mutationem
2273 5372 2344 5413 ac
2361 5356 2796 5413 renovationem
2811 5357 3007 5427 faciat
3038 5356 3331 5423 Christus,
3354 5358 3460 5430 qui
3494 5356 3727 5414 morbos

535 5507 667 5563 XLV
834 5436 1429 5561 Ναιῗῧῖᾏῗιῗὶἕῗιξῖῗὲ
1439 5469 1716 5567 operibus
1730 5498 1905 5554 huius
1926 5498 2159 5563 mundi,
2192 5497 2295 5553 sed
2313 5499 2437 5553 solo
2468 5497 2688 5553 Christi
2716 5498 2977 5555 adventu
3006 5505 3285 5557 sanatum
3316 5515 3435 5558 esse
3463 5498 3794 5566 hominem;

925 5576 1093 5629 cuius
1119 5588 1401 5643 magnam
1432 5562 1563 5628 cum
1594 5573 1715 5626 Deo
1745 5562 2151 5643 cognationem
2174 5571 2358 5637 refert
2385 5571 2533 5643 haec
2555 5571 2817 5627 homilia.
2906 5642 2917 5643 7
3308 5642 3311 5643 7
3664 5639 3699 5643 _7
3771 5562 3780 5566 ’
3823 5562 3915 5643 ζ)ξὲ

534 5649 691 5715 XLVI
839 5649 923 5705 De
945 5635 1281 5719 di/ferentia
1298 5646 1455 5702 inter
1473 5643 1716 5701 verbum
1746 5635 1853 5698 Dei
1868 5644 1921 5699 et
1946 5640 2186 5699 verbum
2206 5635 2437 5706 mundi,
2461 5647 2517 5698 et
2541 5643 2700 5699 inter
2717 5644 2874 5712 ﬁlios
2890 5642 3000 5700 Dei
3027 5648 3083 5700 et
3098 5643 3262 5715 filios
3288 5642 3469 5702 huius
3487 5639 3717 5700 mundi.
3821 5635 3913 5691 523
