4058 6194
164 205 264 261 357
1059 201 1152 258 AD
1190 201 1582 259 EDI'I‘IONEM
1611 199 1863 260 OPUSC.
1904 200 1965 259 S.
2010 201 2314 259 MACARII
2356 201 2721 262 AEGYPTII.
3470 209 3576 268 368

163 327 344 384 XLVII
508 325 853 396 Explicatio
879 326 1209 397 allegorica
1237 326 1616 398 quorundam
1642 327 1750 382 sub
1778 328 1903 398 lege
1939 325 2121 398 [bene]
2146 328 2472 397 factorum.
3470 334 3575 391 530

163 399 361 454 XLVIII
500 399 586 454 De
611 398 879 467 perfecta
903 398 1022 466 fide
1054 398 1118 453 in
1152 400 1356 454 Deum.
3468 406 3576 460 547

160 472 305 527 XLIII
496 470 631 526 Non
660 470 800 525 satis
841 477 924 525 est
953 469 1129 526 huius
1160 470 1387 527 saeculi
1410 468 1655 526 delicias
1687 469 2015 541 reliquisse,
2030 468 2148 525 nisi
2166 469 2298 541 quis
2323 470 2574 527 alterius
2600 471 2824 528 saeculi
2847 472 3269 532 beatitudinem
3297 490 3430 533 cono

160 613 194 668 L
489 547 929 684 Deiiqé‘s‘ifuqrdi
945 627 1057 682 per
1084 617 1319 668 sanctos
1342 627 1475 667 suos
1505 615 1560 667 et
1590 617 1762 668 creat:

1973 611 2051 666 dit
2080 612 2400 669 miracula.
3471 548 3575 675 55:?

212 736 551 802 [Sequuntur
576 736 1023 793 Homiliae1-566,
1061 735 1184 786 dein
1216 735 1376 786 Index
1399 751 1576 786 rerum
1596 750 1653 785 ac
1682 736 2055 847 slentenéiartim
2088 736 2151 862 ]in
2182 737 2245 786 Β.
2275 736 2500 787 Macarii
2525 737 2775 788 Homiliis
2808 743 3161 791 contentarum
3193 741 3515 805 alphabetico

1629 813 1690 849 or
1726 813 1813 848 me
1880 814 1982 862 tges
2008 813 2081 849 us.

1629 813 1813 849 orainc
1846 813 2081 863 digestus.

1224 1169 1713 1260 EIUSDEM
1826 1171 2453 1259 PRAEFATIO

843 1377 952 1438 AD
997 1377 1416 1439 EDITIONEM
1459 1378 2028 1440 OPUSCULORUM
2072 1378 2134 1439 S.
2181 1377 2501 1438 MACARII
2543 1377 2907 1439 AEGYPTII

1679 1525 1998 1565 INSCBIPTAM
2041 1526 2054 1566 Ξ

153 1637 363 1694 Sancti
376 1636 581 1693 Patris
598 1635 847 1693 Macarii
866 1637 905 1689 Α
920 1635 1146 1705 egyptii
1162 1635 1465 1707 Opuscula
1478 1636 1778 1691 nonnulla
1793 1642 1845 1690 et
1861 1636 1907 1690 A
1918 1634 2408 1707 popltthegmata.
2425 1634 2451 1689 1
2459 1650 2519 1707 οἶ
2529 1634 2812 1704 Georgius
2824 1634 3049 1691 Pritius
3071 1636 3322 1707 collegit,
3337 1639 3573 1704 recidit,

223 1710 481 1765 latinam
512 1708 835 1779 versionem
864 1707 1119 1779 studiose
1142 1706 1496 1779 emendavit,
1532 1707 1939 1779 iudicibusque
1967 1706 2212 1779 adiectis
2238 1706 2446 1779 edidit.
2484 1705 2633 1779 cum
2654 1707 2991 1779 iPrivilegio
3015 1708 3080 1763 S.
3104 1705 3322 1778 Regiae
3350 1710 3573 1779 Maiest.

230 1780 433 1837 Paton.
477 1786 532 1836 et
558 1780 747 1837 Elect.
775 1778 923 1836 Sam.
950 1778 1205 1849 Lipsiae,
1236 1779 1295 1835 in
1326 1778 1666 1848 bibliopolio
1700 1777 2043 1836 Grossiano.
2063 1778 2273 1834 Literis
2296 1777 2599 1847 Chistoph.
2633 1777 2977 1834 Fleischeﬁ.
3012 1777 3203 1836 Anno
3223 1780 3319 1837 cIo
3342 1777 3444 1838 Iac
3473 1781 3507 1836 Ι
3511 1782 3570 1838 0.

238 2022 377 2076 Viro
394 2019 718 2089 magniﬁco
742 2018 1014 2074 Adriano
1040 2019 1282 2087 Stegero
1306 2018 1445 2083 Icto,
1480 2017 1822 2074 scabinatus
1845 2018 2181 2073 electoralis
2202 2016 2500 2073 adsessori
2520 2022 2574 2074 et
2601 2017 2855 2074 civitatis
2875 2018 3189 2088 Lipsiensis
3215 2021 3446 2077 consuli
3468 2022 3579 2078 hoc

156 2101 421 2164 tempore
446 2091 680 2161 regenti
701 2089 1054 2164 gravissimo
1083 2104 1211 2145 viro
1237 2090 1310 2164 de
1340 2091 1546 2164 patria
1578 2089 2052 2164 splendidissime
2071 2090 2497 2164 meritoLHaec
2535 2090 2793 2164 Macarii
2820 2096 3203 2149 monumenta
3224 2108 3261 2150 a
3286 2107 3348 2149 se
3376 2094 3572 2150 recisa

156 2172 207 2221 et
241 2160 562 2222 einendata
587 2177 763 2219 sacra
794 2177 914 2218 esse
940 2161 1099 2218 iubet
1128 2161 1285 2218 tanti
1304 2160 1553 2217 nominis
1579 2169 1897 2230 perpetuus
1935 2161 2133 2217 cultor
2163 2160 2248 2217 Io.
2283 2160 2570 2232 Georgius
2600 2161 2846 2218 Pritius.

1624 2408 1725 2464 Vir
1756 2407 2075 2479 magniﬁce
2111 2409 2133 2465 t

223 2579 377 2632 Cum
401 2589 599 2646 nuper
627 2572 964 2630 admodum
994 2571 1229 2628 Macarii
1256 2570 1540 2627 Homilies
1570 2568 1766 2624 studio
1816 2569 2223 2641 qualicunque
2253 2572 2459 2625 nostro
2482 2569 2726 2641 politius
2753 2569 2992 2641 prodire
3022 2570 3574 2639 faceremus,ﬁdem

157 2664 385 2736 pariter
418 2662 975 2731 obstringebamus,
1004 2660 1148 2725 fore,
1165 2665 1227 2715 ut
1255 2660 1419 2715 brevi
1451 2674 1693 2731 quoque
1717 2665 2004 2730 tempore,
2032 2674 2188 2732 quae
2212 2658 2440 2731 reliqua
2462 2664 2660 2715 essent
2680 2660 2930 2725 Macarii,
2947 2661 3075 2733 pari
3102 2663 3329 2719 ratione
3352 2664 3578 2720 anobis

153 2752 481 2809 emendata
510 2757 1036 2822 consequerentur.
1079 2748 1270 2816 Quam
1297 2747 1624 2802 dissolvere
1659 2762 1837 2811 nunc,
1879 2748 2044 2818 quod
2078 2747 2219 2803 boni
2251 2754 2338 2802 est
2360 2748 2671 2814 debitoris,
2700 2764 2839 2804 cum
2872 2751 3034 2822 apud
3066 2753 3337 2807 animum
3360 2754 3568 2809 consti-

162 2842 477 2907 tuerimus,
511 2841 597 2895 Tu
619 2838 938 2910 imprimis,
972 2836 1059 2894 vir
1088 2836 1461 2908 amplissima
1494 2835 1733 2891 illustris
1753 2836 2127 2901 auctoritate,
2156 2835 2527 2893 obveniebas
2558 2837 2783 2904 animo,
2809 2840 2904 2893 cui
2937 2839 3224 2912 quicquid
3258 2840 3318 2896 id
3344 2847 3432 2898 est
3456 2846 3576 2898 tra-

162 2931 398 2987 deretur
429 2932 493 2986 in
528 2927 890 2985 clientelam.
916 2926 1229 2983 Summam
1244 2924 1546 2997 Opuscula
1566 2924 1712 2980 haec
1744 2931 1801 2979 et
1828 2923 1990 2979 dicta
2017 2924 2248 2981 Macarii
2280 2925 2509 2997 spirant
2530 2925 2752 2997 ubique
2778 2926 3080 2996 pietatem,
3099 2944 3256 2999 quae
3278 2931 3577 2987 coelestis-

162 3023 311 3077 sima
342 3020 535 3076 virtus
589 3022 894 3088 tantopere
941 3016 1065 3071 Tibi
1102 3014 1268 3070 cordi
1298 3019 1390 3071 est
1434 3020 1492 3069 et
1538 3028 1738 3079 curae,
1771 3017 1835 3067 ut
1864 3012 2336 3085 haudquaquam
2369 3012 2495 3069 Tibi
2543 3014 2684 3069 satis
2733 3013 2907 3070 fuerit
2959 3015 3184 3085 ingenti
3225 3017 3577 3087 prudentiae

163 3111 350 3167 civilis
380 3108 597 3165 ﬂorere
625 3105 826 3171 laude,
861 3111 915 3161 et
939 3103 1384 3177 ecpiosissimas
1412 3101 1741 3175 sapientiae
1780 3101 1976 3157 omnis
2014 3102 2321 3174 possidere
2348 3117 2516 3173 opes,
2557 3102 2674 3158 nisi
2709 3107 2766 3159 et
2807 3102 3062 3159 eandem
3091 3104 3578 3177 exquisitissimis

162 3201 307 3267 istis,
339 3196 573 3270 quibus
601 3193 903 3259 abundas,
932 3194 1107 3250 bonis
1143 3192 1519 3261 adiungeres,
1550 3206 1706 3264 quae
1735 3189 1899 3245 bona
1924 3190 2047 3246 iam
2070 3206 2201 3246 esse
2227 3190 2529 3256 desinunt,
2562 3190 2611 3247 si
2636 3193 2934 3258 comitem,
2971 3191 3063 3248 vel
3093 3192 3310 3249 ducem
3337 3197 3575 3265 rectius,

165 3303 278 3345 non
310 3286 588 3343 habeant
618 3283 922 3355 pietatem.
947 3281 1203 3348 Memini,
1233 3296 1343 3336 nec
1372 3280 1499 3336 sine
1554 3281 1563 3351 |
1625 3278 1928 3351 voluptate
1960 3278 2204 3335 memini
2230 3279 2680 3351 prudentissimi
2710 3279 2866 3337 illius
2888 3281 3204 3350 sermonis,
3224 3299 3407 3355 quem
3430 3284 3579 3342 hau-

163 3377 271 3433 rire
298 3372 659 3445 aliquando,
692 3387 828 3427 cum
856 3370 1035 3427 ofﬁcii
1068 3385 1250 3427 causa
1275 3371 1349 3425 Te
1389 3372 1724 3423 reverenter
1754 3366 2097 3433 salutarem,
2139 3384 2211 3424 ex
2233 3384 2334 3425 ore
2359 3371 2480 3425 Tuo
2511 3370 2956 3441 sapientissimo
2984 3370 3127 3426 mihi
3153 3370 3396 3429 feliciter
3442 3390 3585 3431 con-

164 3467 303 3537 tigit,
331 3478 481 3520 cum
505 3461 581 3517 de
601 3460 836 3534 pietatis
860 3459 1059 3516 studio
1083 3463 1238 3514 recte
1264 3463 1322 3513 et
1351 3473 1471 3513 non
1498 3457 1814 3513 ambitiose
1841 3456 2169 3514 excolendo
2206 3473 2353 3515 sane
2384 3474 2572 3530 quam
2598 3458 3037 3529 elegantissime
3067 3460 3408 3530 dissereres,
3433 3468 3496 3521 ut
3523 3470 3579 3521 et

164 3554 295 3611 ﬁdei
328 3552 656 3625 puritatem
685 3564 822 3605 cum
855 3564 999 3606 cura
1027 3546 1504 3608 custodiendam.
1533 3551 1589 3601 et
1621 3551 1775 3615 vitae
1794 3550 1992 3602 tamen
2021 3546 2261 3602 insimul
2290 3549 2665 3603 sanctitatem
2691 3548 3001 3613 fervidius,
3020 3565 3205 3621 quam
3241 3551 3419 3623 vulgo
3448 3552 3575 3609 ﬁeri

165 3643 411 3708 adsolet,
447 3638 765 3696 colendam
795 3653 947 3703 esse,
973 3637 1316 3710 tempestive
1347 3635 1679 3693 admodum
1708 3635 2085 3706 graviterque
2117 3651 2416 3693 moueres.
2442 3638 2647 3692 Fateor
2680 3638 2839 3693 enim
2868 3652 3028 3704 vero,
3052 3637 3144 3693 his
3160 3638 3332 3694 dictis
3354 3640 3491 3696 Tuis
3520 3643 3581 3698 in

166 3730 349 3787 animi
382 3728 697 3802 proposito
732 3728 806 3783 de
828 3726 1051 3782 virtutis
1078 3726 1277 3781 studio
1309 3723 1748 3797 amplectende,
1777 3729 1834 3779 et
1862 3726 2023 3779 recto
2061 3723 2135 3778 de
2166 3723 2571 3780 incidentibus
2602 3724 3021 3780 controversiis
3043 3740 3242 3791 sensu,
3276 3744 3367 3782 me
3416 3743 3582 3799 prae-

167 3820 318 3876 clare
353 3816 546 3873 fuisse
576 3815 1008 3872 conﬁrmatum.
1040 3814 1297 3871 Mirabar
1339 3829 1477 3870 vero
1507 3811 1768 3879 insimul,
1798 3812 2015 3877 virum,
2044 3813 2298 3882 negotiis
2343 3812 2621 3871 civilibus
2663 3813 3018 3879 districtum,
3076 3820 3134 3871 et
3184 3816 3243 3871 in
3273 3817 3582 3889 republica

171 3906 438 3983 quotidie
474 3910 827 3972 versantem,
859 3904 934 3959 de
964 3904 1142 3959 rebus
1168 3904 1389 3976 pariter
1418 3902 1633 3958 divinis
1663 3906 1785 3957 tam
1816 3906 2108 3974 prompte,
2140 3907 2263 3957 tam
2294 3902 2604 3974 exquisite,
2638 3908 2884 3974 tamque
2922 3903 3109 3958 solide
3149 3919 3328 3975 posse
3357 3922 3584 3963 sermo-

170 3996 375 4055 cinari.
428 3993 540 4051 Sed
576 4008 648 4050 ea
676 4008 1037 4064 magnorum
1063 3992 1344 4057 virorum,
1378 4008 1535 4064 quos
1566 4006 1710 4048 cura
1738 3990 2031 4047 felicitatis
2072 4006 2212 4047 suae
2246 3996 2422 4051 tenet.
2454 3992 2601 4049 ratio
2632 4000 2739 4060 est,
2779 3998 2840 4048 ut
2876 3991 3030 4047 levia
3065 3994 3272 4051 omnia
3310 4010 3441 4051 esse
3471 3997 3590 4051 exi-

168 4087 430 4149 stiment,
460 4083 714 4138 summis
740 4080 967 4154 fulgere
983 4081 1336 4149 honoribus,
1362 4079 1795 4149 circumﬂuere,
1830 4095 1987 4153 quae
2009 4080 2066 4134 in
2088 4079 2264 4135 bonis
2283 4084 2442 4144 sunt.
2472 4081 2776 4143 omnibus.
2807 4080 3064 4136 scientiis
3081 4081 3436 4139 instructum
3460 4099 3590 4140 esse

179 4171 712 4238 excellentissimis,
745 4170 857 4226 nisi
889 4175 943 4225 et
981 4169 1213 4226 colendi
1238 4169 1508 4226 Numinis
1540 4169 1790 4225 modum
1824 4169 2134 4226 sollicitius
2165 4168 2543 4239 investigent,
2567 4170 3111 4242 investigatumque
3139 4170 3304 4228 haud
3346 4174 3590 4245 segnius

180 4266 499 4322 retineant.
524 4260 694 4317 Haud
711 4274 853 4330 ergo
872 4260 1173 4329 ingratum
1196 4258 1453 4315 arbitror
1480 4258 1607 4314 Tibi
1637 4258 1759 4313 fore
1774 4258 1888 4313 hoc
1906 4257 2705 4323 munusculum,Macariana
2723 4257 3045 4331 Opuscula,
3098 4260 3108 4328 |
3153 4275 3313 4327 cum,
3340 4261 3596 4317 sicuius-

184 4370 368 4428 quam
388 4351 545 4409 alius
574 4348 794 4419 ingenii
827 4354 1237 4415 monumenta,
1268 4363 1367 4403 res
1390 4347 1802 4404 divinissimas
1824 4347 2142 4418 bonaeque
2159 4347 2366 4417 frugis,
2393 4346 2453 4401 in
2473 4352 2776 4403 aeternam
2794 4363 3036 4421 quoque
3048 4348 3232 4405 vitam
3253 4350 3597 4417 duraturae,

181 4440 582 4501 fertilissimas
606 4438 970 4495 contineant.
986 4436 1334 4493 Cuiusmodi
1356 4436 1764 4493 voluminibus
1782 4436 1947 4492 haud
1971 4436 2114 4492 mihi
2140 4436 2414 4506 ignotum
2440 4442 2861 4508 est,quantum
2890 4454 3050 4492 nunc
3072 4437 3400 4504 delecteris,
3419 4439 3595 4496 decli-

184 4532 329 4589 viori
362 4529 718 4603 praesertim
758 4532 951 4583 aetate
978 4525 1055 4582 ad
1088 4526 1297 4582 beatae
1337 4525 1474 4581 hinc
1505 4525 1957 4594 demigrationis
1990 4526 2436 4581 meditationem
2467 4526 2542 4581 Te
2572 4527 2877 4592 invitante,
2911 4533 2977 4581 ut
3008 4526 3496 4600 quandocunque
3525 4531 3600 4584 Te

188 4633 441 4678 evocare
475 4615 763 4689 placuerit
781 4617 855 4672 ad
890 4614 1080 4671 felicia
1106 4614 1207 4670 illa
1236 4629 1423 4685 regna
1454 4630 1566 4670 sua
1595 4617 1732 4679 Deo,
1765 4615 1839 4669 Te
1868 4613 2219 4669 inventurus
2251 4613 2329 4667 sit
2373 4613 2656 4669 omnibus
2684 4614 3005 4670 momentis
3051 4614 3129 4670 ad
3182 4614 3451 4670 ultimum
3494 4616 3603 4671 iter

186 4705 649 4779 ingrediendum
681 4704 1154 4777 paratissimum.
1193 4705 1313 4773 Ego
1342 4719 1480 4759 vero
1507 4719 1573 4759 ex
1604 4704 1807 4759 animo
1838 4708 2000 4774 opto,
2037 4709 2097 4757 ut
2127 4702 2636 4772 benignissimum
2666 4703 2899 4759 Numen
2932 4705 3027 4767 Te,
3085 4704 3175 4758 vir
3207 4703 3602 4769 nobilissime,

190 4797 340 4855 inter
364 4801 489 4852 tota
507 4794 773 4864 egregia,
805 4792 1029 4865 quibus
1057 4792 1255 4865 Lipsia
1282 4808 1415 4849 mea
1432 4791 1509 4848 ad
1539 4791 1827 4848 invidiam
1860 4790 2434 4856 efﬂorescit,decora
2448 4791 2551 4846 diu
2576 4791 2777 4847 adhuc
2807 4798 2862 4847 et
2885 4807 3135 4862 corpore
3166 4795 3223 4846 et
3241 4792 3446 4847 animo
3464 4794 3606 4848 vali-

194 4886 334 4942 dum
361 4889 681 4940 conservet
708 4899 722 4937 :
761 4881 844 4938 ita
867 4882 1028 4938 enim
1059 4886 1114 4937 et
1138 4881 1368 4954 patriae
1384 4896 1569 4940 meae.
1590 4880 1681 4936 vel
1713 4879 1943 4935 absenti
1970 4880 2334 4945 carissimae,
2362 4880 2755 4950 prospicietur
2769 4896 2945 4952 porro
2973 4880 3603 4953 utilitatibus,Tuaque

200 4976 397 5031 merita
421 4972 620 5044 magis
648 4970 963 5044 magisque
990 4971 1264 5043 impense
1303 4971 1703 5039 augebuntur.
1741 4969 1818 5023 De
1845 4968 2046 5025 favore
2072 4969 2215 5034 Tuo,
2252 4968 2422 5024 toties
2454 4985 2488 5024 a
2517 4971 2590 5024 Te
2617 4975 2673 5024 et
2702 4970 2971 5024 universa
3015 4967 3393 5025 nobilissima
3431 4976 3605 5039 gente

196 5062 312 5118 Tua
331 5062 476 5118 mihi
502 5060 941 5125 demonstrato,
956 5058 1074 5115 iam
1088 5073 1210 5115 non
1224 5056 1482 5128 amplius
1497 5056 1773 5115 dubitare
1793 5074 1885 5113 me
1899 5060 2116 5131 patitur
2134 5056 2323 5113 animi
2343 5057 2444 5112 Tui
2466 5058 3396 5125 constantissimebevenolentia,
3420 5074 3607 5131 quam

202 5157 343 5208 certe
368 5156 424 5208 et
449 5147 757 5219 religiosis
786 5146 1065 5220 precibus
1091 5160 1503 5218 compensare,
1529 5148 1607 5209 et,
1629 5146 1677 5201 si
1706 5162 1829 5216 qua
1861 5162 2127 5218 possum,
2153 5146 2509 5202 inserviendi
2542 5146 3012 5218 promptitudine
3048 5146 3269 5203 nutrire
3297 5146 3606 5204 studiosis-

202 5242 338 5298 sime
362 5254 610 5314 semper
637 5236 931 5295 connitar.
959 5235 1127 5293 Vale.
1171 5234 1400 5308 Lipsiae
1429 5233 1525 5292 die
1564 5234 1633 5291 VI
1679 5236 1895 5293 [duum
1926 5236 2109 5292 Martii
2140 5236 2313 5294 Anno
2339 5237 2405 5291 Β.
2439 5234 2509 5296 Ο.
2550 5235 2639 5295 clo
2672 5236 2759 5292 loc
2792 5235 2879 5294 IC.
2951 5238 2961 5307 |
