4058 6194
514 250 619 310 359

1655 244 1759 305 J0.
1790 242 2084 305 GEORGII
2124 243 2346 304 PRITII
2384 242 2783 304 PRAEFATIO
3786 250 3873 308 360

1607 580 1758 696 Io.
1845 577 2319 668 GEORGII
2429 577 2790 665 PRITII

1139 765 1241 826 SS.
1289 763 1774 825 THEOLOGIAE
1818 761 2251 823 LICENTIATI
2292 762 2389 821 ET
2447 759 2972 821 PROFESSORIS
3016 758 3322 821 PUBLICI

1448 949 1566 1011 AD
1607 948 2115 1013 MACARIANA
2165 946 2435 1009 OPERA
2484 944 2965 1008 PRAEFATIO.

572 1297 614 1354 l.
635 1300 778 1355 Cum
799 1297 982 1354 Patris
1009 1295 1375 1353 sanctissimi
1403 1293 1861 1367 nominisquein
1888 1291 2149 1349 Ecclesia
2179 1294 2225 1348 Α
2257 1291 2401 1347 tonii
2439 1291 2736 1363 discipulo
2786 1308 3027 1348 sacrum
3072 1307 3201 1348 esse
3235 1296 3292 1349 et
3312 1297 3589 1349 sanctum
3628 1293 3874 1347 testatur.

496 1388 765 1451 maximi,
790 1386 993 1456 magni
1020 1386 1174 1441 illius
1196 1385 1450 1449 Macarii,
1476 1387 1867 1438 monumenta
1886 1398 2042 1465 quae
2062 1397 2147 1437 re-

493 1477 667 1549 periri
683 1481 1001 1548 potuerunt
1015 1474 1240 1538 omnia,
1260 1473 1667 1528 divinissimae
1687 1472 2011 1543 sapientiae
2029 1470 2148 1543 ple-

494 1567 758 1629 nissima,
802 1570 865 1619 ut
897 1564 1144 1619 collecta
1182 1580 1218 1618 a
1259 1562 1434 1618 nobis
1474 1567 1531 1617 et
1569 1561 1768 1616 studio
1810 1576 1931 1616 non
1970 1559 2147 1632 plane

493 1655 657 1711 nullo
696 1655 888 1709 revisa
926 1657 1083 1717 sunt,
1139 1651 1435 1723 prodeant
1474 1666 1631 1706 nunc
1672 1650 1730 1705 in
1771 1648 2079 1721 publicum
2128 1665 2142 1702 :

488 1743 725 1799 lectoris
748 1743 1033 1797 interesse
1055 1746 1365 1811 putamus,
1398 1747 1461 1793 ut
1487 1754 1606 1794 non
1632 1742 1863 1793 tantum
1889 1753 2047 1810 quae
2068 1736 2147 1793 ad

486 1832 686 1902 ipsum
718 1830 1057 1895 Macarium,
1090 1829 1195 1884 sed
1224 1834 1281 1884 et
1309 1842 1465 1900 quae
1503 1827 1582 1883 ad
1609 1826 1761 1882 illius
1793 1828 1985 1898 Opera
2011 1826 2149 1881 insi-

489 1936 789 1991 gnemque
803 1919 987 1983 illam,
1012 1934 1170 1990 quae
1185 1916 1740 1974 admirabilisinillo
1771 1924 1878 1979 est,
1893 1916 2150 1972 docendi

485 2010 802 2074 rationem,
840 2014 896 2063 et
936 2013 1202 2063 nostram
1246 2007 1525 2077 denique,
1568 2021 1754 2077 quam
1782 2006 1931 2061 Patri
1973 2020 2148 2059 vene-

484 2097 678 2153 rando
711 2104 774 2152 ut
798 2097 927 2152 orbi
958 2096 1187 2152 literato
1229 2095 1457 2166 integer
1490 2094 1816 2159 sisteretur,
1850 2093 2147 2166 praestiti-

490 2203 623 2241 mus
671 2202 942 2257 operam,
992 2186 1285 2257 pertinere
1338 2185 1634 2248 videntur,
1690 2184 1751 2239 in
1808 2183 1922 2239 hoc
1975 2182 2147 2237 veluti

485 2274 780 2330 vestibulo
813 2274 1243 2338 exhibeantur;
1279 2273 1337 2327 id
1370 2272 1535 2344 quod
1568 2287 1758 2343 nuper
1788 2272 2141 2336 admodum,

484 2379 623 2418 cum
655 2362 935 2417 Homilias
962 2361 1315 2433 praecedere
1344 2367 1572 2431 partem
1597 2361 1753 2415 hanc
1781 2360 2026 2417 alteram
2056 2361 2147 2414 in-

488 2452 791 2514 beremus,
826 2450 1049 2505 fuimus
1082 2449 1344 2522 polliciti.

557 2543 622 2595 ll.
656 2543 812 2595 Duos
835 2545 1038 2594 autem
1062 2540 1175 2594 hoc
1202 2539 1466 2607 insignes
1493 2537 1791 2609 imprimis
1819 2539 2058 2593 nomine
2081 2537 2143 2593 in

2257 1382 2616 1453 Quanquam
2639 1381 2969 1438 Galesinius
2991 1387 3046 1437 et
3074 1382 3360 1438 Baronius
3388 1380 3515 1437 suis
3542 1382 3601 1436 in
3632 1382 3880 1451 Martyro-

2254 1469 2427 1539 logiis
2458 1470 2641 1543 priori
2677 1470 2756 1526 illi
2788 1469 3173 1527 Alexandrini
3203 1469 3566 1527 vocabulum
3597 1469 3878 1532 adiiciunt,

2258 1564 2319 1614 ut
2336 1560 2473 1615 inde
2490 1561 2879 1632 posteriorem
2892 1560 3251 1632 Aegyptium
3269 1576 3401 1616 esse
3418 1558 3694 1615 hariolari
3710 1557 3879 1623 liceat,

2256 1648 2529 1705 Vicissim
2542 1653 2744 1705 tamen
2760 1648 3081 1715 Palladius,
3097 1665 3235 1704 cum
3253 1649 3327 1705 de
3345 1648 3600 1705 Macario
3617 1647 3881 1719 Aegyptio

2256 1737 2396 1807 agit,
2429 1737 2581 1793 adeo
2609 1753 2729 1793 non
2752 1742 3067 1804 memorat,
3100 1739 3359 1794 eundem
3381 1737 3623 1793 Antonii
3644 1735 3883 1807 discipu-

2255 1825 2383 1881 lum
2423 1826 2625 1891 fuisse,
2672 1833 2732 1881 ut
2772 1826 2832 1882 id
2872 1829 3067 1898 potius
3106 1827 3180 1882 de
3226 1826 3477 1883 Macario
3502 1823 3882 1880 Alexandrino

2256 1918 2472 1971 referat
2509 1915 2606 1987 (4).
2655 1919 2763 1972 Res
2802 1931 2945 1985 ergo
2977 1916 3125 1972 haec
3167 1933 3296 1971 esse
3330 1916 3565 1971 videtur
3592 1915 3651 1969 in
3683 1916 3691 1983 Ι
3723 1919 3884 1976 certa,

2257 2004 2371 2059 nisi
2400 2004 2617 2077 aliquis
2646 2021 2783 2059 cum
2805 2005 2974 2059 Petro
3006 2005 3254 2060 Possino
3285 2004 3359 2060 de
3390 2012 3643 2075 utroque
3672 2015 3887 2072 persua-

2258 2093 2382 2148 deri
2410 2094 2519 2149 sibi
2542 2095 2718 2158 sinat,
2742 2110 2863 2150 non
2875 2096 3038 2164 falso
3060 2094 3288 2150 eosdem
3315 2097 3358 2149 A
3373 2092 3569 2149 ntonii
3592 2089 3888 2158 discipulos

2258 2183 2478 2249 vocari,
2511 2185 2730 2253 quippe
2768 2184 2872 2255 qui
2913 2183 3170 2240 viderint
3216 2184 3395 2239 illum
3426 2181 3887 2250 audiverintque,

2254 2272 2524 2343 quamvis
2544 2275 2832 2328 seniorem
2848 2275 3103 2335 iuvenes,
3125 2288 3197 2328 ac
3214 2287 3344 2327 sero
3367 2270 3608 2327 tandem
3635 2276 3683 2325 et
3702 2267 3889 2329 obiter,

2254 2376 2387 2415 cum
2417 2361 2499 2416 ad
2526 2362 2718 2429 ipsum
2747 2362 2829 2417 ad
2854 2361 3080 2417 brevem
3105 2360 3544 2417 venerationem
3565 2361 3750 2416 essent
3772 2370 3890 2425 pro-

2248 2449 2414 2518 fecti,
2442 2465 2582 2506 mox
2601 2450 2814 2506 iterum
2845 2450 2926 2505 ad
2950 2450 3339 2506 habitationes
3369 2465 3536 2511 suas,
3569 2462 3718 2520 quae
3737 2452 3893 2501 asta-

2252 2541 2407 2595 tione
2425 2539 2670 2595 Antonii
2680 2539 3008 2610 plurimum
3023 2539 3397 2609 dissitae/‘uer
3406 2538 3514 2602 int,
3526 2537 3809 2595 reversuri
3822 2531 3889 2604 (5)

480 2629 728 2685 historia
758 2645 851 2683 res
898 2643 1307 2699 personasque
1346 2626 1781 2683 ecclesiasticas
1811 2634 2141 2698 exponente
2179 2635 2221 2691 Β
2253 2631 2367 2683 Nec
2403 2636 2557 2684 certe
2601 2628 2873 2683 videmus
2911 2627 3057 2700 quid
3098 2627 3313 2693 obstet,
3358 2643 3483 2693 cur,
3514 2643 3658 2682 cum
3695 2623 3891 2680 eodem

480 2733 792 2774 occurrere
822 2716 1050 2780 videas,
1075 2733 1335 2789 quorum
1370 2732 1556 2770 unum
1591 2718 1909 2772 Macarium
1936 2718 2141 2771 dicunt

477 2806 859 2879 Aegyptium,
879 2806 1131 2861 alterum
1149 2820 1287 2860 vero
1304 2804 1773 2860 Alexandrinum
1792 2822 1806 2870 ;
1825 2805 1929 2859 sed
1945 2805 2137 2869 ambo,

477 2901 541 2951 ut
575 2896 755 2951 habet
784 2893 1179 2964 Menologium
1204 2893 1545 2965 antiquum,
1568 2893 1992 2951 exercitatione
2022 2911 2138 2950 mo-

474 2986 729 3050 nastica,
771 2984 912 3047 vita,
958 2983 1240 3049 moribus,
1272 2982 1620 3038 admirabili
1651 2990 1660 3052 |
1693 2983 2053 3040 abstinentia
2082 2991 2136 3040 et

474 3072 788 3130 miraculis
803 3072 976 3140 fuere
990 3071 1258 3127 illustres
1286 3070 1382 3139 (t).
1412 3073 1524 3126 Nec
1545 3072 1742 3126 minus
1763 3078 1819 3127 et
1842 3074 2130 3143 Socrates,

472 3162 911 3218 ecclesiasticae
932 3160 1214 3215 historiae
1239 3159 1530 3225 conditor,
1552 3159 1746 3225 refert,
1772 3160 1957 3216 fuisse
1984 3162 2132 3217 duos

467 3251 622 3306 inter
644 3250 963 3306 monachos
985 3249 1183 3305 eodem
1206 3253 1463 3317 tempore
1481 3249 1658 3311 viros,
1687 3250 1802 3305 Deo
1824 3249 2125 3316 amabiles,

471 3346 792 3409 utrumque
820 3338 1078 3393 Macarii
1099 3338 1353 3401 nomine,
1376 3352 1559 3391 unum
1581 3351 1655 3392 ex
1673 3338 1944 3406 Aegypto
1960 3353 2128 3405 supe-

470 3426 647 3492 r‘iore,
702 3427 956 3481 alterum
1014 3424 1521 3487 Alexandrinum,
1574 3428 1883 3496 utrumque
1920 3427 2122 3482 multis

469 3514 643 3570 rebus
669 3514 981 3583 insignem,
1010 3520 1060 3567 et
1086 3511 1382 3581 imprimis
1408 3518 1657 3582 propter
1676 3513 2117 3581 abstinentiam,

468 3604 992 3666 conversationem,
1026 3615 1236 3666 mores,
1270 3600 1705 3673 miraculoque,
1736 3617 1889 3674 quae
1917 3618 2119 3660 eorum

466 3692 741 3749 manibus
765 3691 842 3764 (2)
873 3690 1385 3760 perpetrabantur
1410 3690 1511 3763 (3).

539 3785 623 3838 ΙΙΙ.
664 3784 859 3839 Unum
884 3796 957 3836 ex
988 3780 1200 3835 iisdem
1234 3781 1434 3850 magni
1467 3779 1620 3835 illius
1647 3782 1904 3846 Antonii,
1936 3781 2120 3838 disci-

464 3871 663 3944 plinae
688 3870 1056 3927 monasticae
1070 3870 1329 3925 auctoris
1352 3870 1643 3941 primarii,
1665 3870 1843 3927 fuisse
1863 3871 2121 3945 discipu-

2253 2722 2517 2788 tempore
2543 2733 2681 2772 cum
2711 2718 2969 2772 Antonio
2996 2716 3249 2772 vixerint
3275 2717 3534 2781 Macarii,
3564 2731 3703 2771 cum
3726 2712 3890 2766 vitam

2250 2804 2308 2860 in
2341 2805 2656 2861 solitudine
2690 2805 3082 2861 sanctissimis
3115 2804 3607 2860 meditationibus
3641 2801 3889 2857 deditam

2248 2895 2571 2951 consectati
2604 2895 2815 2950 fuerint
2846 2894 2943 2967 (6),
2977 2895 3145 2949 cuius
3185 2894 3434 2950 instituti
3466 2895 3751 2966 princeps
3779 2892 3892 2943 erat

2247 2985 2566 3051 Antonius,
2587 2984 2745 3039 credi
2761 3000 2879 3039 non
2896 2983 3105 3055 possit.
3125 2983 3203 3038 ad
3229 2984 3491 3038 eundem
3518 2999 3583 3038 se
3612 2978 3888 3050 recepisse

2246 3075 2402 3130 viros
2430 3074 2572 3129 istos
2592 3073 2943 3144 disciplinae
2956 3073 3251 3143 rigidioris
3269 3071 3764 3133 studiosissimos,
3789 3072 3890 3122 uta

2243 3163 2366 3217 viro
2406 3162 2731 3218 sanctitatis
2773 3161 3053 3233 opinione
3092 3161 3255 3216 claro
3285 3161 3347 3215 in
3378 3175 3469 3225 eo,
3505 3160 3676 3234 quod
3704 3170 3884 3213 susce-

2240 3257 2468 3322 perant,
2505 3251 2659 3306 vitae
2690 3252 2999 3322 proposito
3026 3248 3551 3306 conﬁrmarentur.

2309 3341 2396 3392 IV.
2437 3339 2544 3395 Sed
2572 3344 2829 3410 praestat
2859 3338 3126 3409 singulos
3157 3339 3368 3395 intueri
3399 3337 3765 3394 distinctius.
3787 3336 3887 3390 Ma-

2233 3428 2428 3482 carius
2454 3427 2651 3496 igitur,
2678 3443 2859 3499 quem
2880 3428 3238 3500 Aegyptium
3259 3432 3316 3483 et
3340 3428 3643 3484 seniorem
3670 3426 3885 3486 dicunt,

2230 3531 2261 3570 e
2292 3516 2533 3585 regione
2569 3516 2870 3572 Thebaide
2900 3533 3074 3572 suam
3108 3516 3287 3573 traxit
3312 3517 3612 3586 originem
3645 3516 3747 3586 (7).
3776 3512 3887 3568 Flo-

2230 3610 2392 3661 rente
2430 3605 2549 3661 iam
2579 3611 2769 3661 aetate
2815 3610 2868 3661 et
2899 3621 3036 3661 cum
3068 3605 3268 3661 adhuc
3302 3611 3459 3661 esset
3493 3604 3749 3672 iuvenis,
3778 3602 3885 3656 vir-

2234 3694 2369 3749 tutis
2388 3696 2652 3750 studium
2681 3695 3177 3767 amplectebatur,
3206 3699 3447 3766 tamque
3480 3700 3725 3751 austero
3747 3692 3887 3745 vitae

2230 3784 2429 3852 generi
2460 3783 2645 3840 dabat
2674 3799 2946 3855 operam,
2982 3788 3040 3838 ut
3064 3779 3485 3858 παιδαριογέρων
3519 3800 3558 3840 a
3585 3778 3885 3838 monachis

2229 3872 2690 3944 appellitaretur.
2734 3874 2878 3928 Cum
2921 3874 3004 3928 XL
3030 3873 3149 3928 iam
3180 3888 3375 3928 annos
3418 3879 3603 3928 natus
3634 3874 3804 3934 esset,
3832 3868 3884 3922 in

460 3961 609 4027 lum,
649 3962 1031 4033 antiquorum
1076 3960 1411 4014 testimonia
1451 3959 1800 4029 perhibent:
1846 3961 1950 4016 sed
1995 3969 2120 4018 uter
2154 3984 2194 4041 ρ
2230 3962 2643 4034 presbyterum
2666 3968 3053 4017 consecratus
3074 3966 3180 4017 est.
3210 3964 3290 4017 LX
3314 3976 3449 4017 vero
3472 3977 3678 4017 annos
3705 3955 3886 4026 exegit

463 4051 700 4107 illorum
725 4052 772 4104 is
795 4049 987 4115 fuerit,
1010 4048 1411 4117 Aegyptiusne
1429 4062 1505 4102 an
1529 4048 1983 4115 Alexandrinus,
2002 4068 2112 4122 res,

464 4144 528 4194 ut
556 4139 805 4201 videtur,
836 4136 999 4207 apud
1022 4141 1298 4190 auctores
1321 4135 1594 4190 nondum
1616 4137 1886 4192 confecta
1912 4145 2030 4205 est;
2056 4139 2116 4193 id

460 4224 625 4297 quod
656 4231 712 4280 et
744 4226 804 4279 in
840 4239 1023 4279 causa
1068 4223 1258 4288 fuerit,
1305 4230 1365 4277 ut
1403 4222 1476 4277 de
1520 4224 1698 4279 natali
1727 4225 1845 4292 die,
1880 4226 2114 4298 utrique

459 4314 730 4368 distincte
766 4310 1164 4381 adsignando,
1215 4318 1443 4365 certum
1481 4310 1705 4382 aliquid
1740 4315 2112 4382 pronuntiari

456 4406 735 4473 nequeat.
770 4403 916 4455 Nam
949 4397 1363 4468 Martyrologia
1392 4400 1642 4470 antiqua
1681 4399 1834 4454 duos
1863 4400 2109 4470 quidem

454 4489 621 4545 fastis
669 4489 795 4543 suis
839 4488 1217 4541 inseruerunt
1263 4487 1567 4549 Macarios,
1614 4502 1873 4559 quorum
1921 4504 2108 4544 unum

456 4578 614 4635 beati
649 4576 885 4633 Antonii
929 4575 1107 4630 fuisse
1141 4573 1505 4646 discipulum
1544 4590 1687 4631 sane
1722 4583 2060 4632 memorant
2090 4594 2104 4643 ;

455 4669 558 4723 sed
585 4668 836 4739 quinam
864 4665 955 4719 ille
983 4680 1055 4719 ex
1081 4662 1319 4718 duobus
1345 4680 1380 4719 a
1410 4664 1581 4718 nobis
1607 4666 1951 4719 memoratis
1985 4665 2107 4722 fue-

453 4758 545 4823 rit,
590 4772 709 4812 non
751 4753 999 4826 perinde
1033 4752 1386 4821 adiungunt.
1435 4754 1526 4810 Sic
1566 4754 1723 4808 enim
1767 4755 2106 4825 Martyrolo-

452 4847 618 4916 gium
661 4848 993 4900 Romanum
1030 4856 1150 4897 non
1192 4845 1421 4896 tantum
1452 4849 1641 4904 vetus,
1685 4841 1789 4897 sed
1820 4850 1874 4897 et
1903 4843 2103 4899 Bellini

449 4935 610 4990 diem
629 4936 670 4988 ll
696 4930 949 4988 Ianuarii
973 4930 1147 4986 beato
1170 4930 1421 4986 Macario
1448 4930 1794 5001 simpliciter
1820 4931 1898 4986 ita
1921 4931 2100 4999 dicto,

447 5023 608 5079 diem
631 5038 770 5078 vero
799 5023 887 5077 XV
916 5019 1185 5077 eiusdem
1212 5021 1437 5075 mensis
1466 5020 1717 5076 Macario
1748 5019 1953 5077 abbati
1980 5026 2101 5077 An-

2229 4051 2287 4105 in
2319 4050 2638 4106 solitudine
2674 4069 2687 4119 ;
2720 4051 3087 4123 demumque
3124 4066 3263 4105 cum
3292 4052 3376 4107 XC
3405 4066 3608 4107 annos
3643 4045 3886 4104 vivendo

2227 4138 2345 4192 fere
2366 4140 2744 4210 explevisset,
2774 4141 3042 4195 animam
3070 4155 3268 4204 suam,
3300 4140 3616 4210 corporeis
3639 4135 3883 4193 vinculis

2222 4224 2494 4287 liberam,
2531 4229 2647 4281 Deo
2669 4226 2927 4281 reddidit
2947 4226 3107 4282 circa
3131 4242 3363 4282 annum
3393 4228 3665 4284 CCCXCI.
3702 4223 3886 4281 Multis

2224 4313 2522 4368 miraculis
2554 4314 2854 4383 insignem
2885 4315 3067 4371 fuisse
3107 4315 3371 4385 produnt
3401 4330 3647 4381 omnes,
3681 4314 3784 4386 qui
3813 4311 3895 4365 de.

2220 4415 2292 4456 eo
2321 4400 2548 4457 faciunt
2574 4403 2951 4467 memoriam,
2979 4405 3375 4476 Hieronymus
3407 4404 3740 4476 imprimis,
3768 4398 3883 4457 Pal-

2219 4489 2414 4545 ladius
2446 4506 2516 4546 ac
2550 4492 2913 4547 Sozomenus
2940 4492 3039 4564 (8).

2290 4580 2349 4632 V.
2394 4580 2551 4636 Solet
2598 4586 2903 4651 praeterea
2953 4580 3431 4653 frequentissime
3483 4582 3731 4639 nomini
3760 4580 3881 4636 eius

2216 4668 2424 4737 Magni
2443 4684 2777 4738 cognomen
2799 4669 2960 4734 addi,
2992 4671 3170 4726 credo
3192 4686 3313 4726 non
3340 4670 3681 4729 imitatione
3713 4671 3728 4743 |
3760 4676 3880 4725 tan-

2216 4762 2340 4813 tum
2360 4760 2563 4827 magni
2577 4758 2731 4813 illius
2745 4759 2998 4824 Antonii,
3019 4775 3203 4831 quem
3222 4760 3348 4815 sine
3361 4759 3574 4816 addito
3589 4761 3879 4830 Magnum

2215 4861 2430 4901 vocare
2472 4847 2765 4914 solebant,
2822 4853 2904 4916 ut,
2937 4863 3074 4904 cum
3124 4849 3409 4904 Macarius
3461 4849 3582 4920 ipsi
3616 4850 3678 4904 in
3717 4847 3882 4903 omni

2214 4932 2392 4990 laude
2418 4943 2573 4991 esset
2611 4935 2967 5002 simillimus,
3000 4937 3212 4993 eodem
3248 4953 3492 5010 quoque
3522 4953 3674 4994 cum
3720 4941 3881 4992 tanto

2214 5030 2379 5095 patre
2429 5023 2593 5081 titulo
2642 5024 3029 5094 insigniretur
3070 5042 3084 5093 ;
3138 5027 3246 5082 sed
3292 5026 3600 5099 imprimis
3654 5026 3719 5082 id
3758 5024 3884 5101 ﬁeri

2030 5166 2282 5223 NOTAE.

519 5273 598 5344 (l)
630 5273 728 5328 Die
759 5286 856 5329 x1x
875 5273 1010 5344 (Jan.

517 5341 595 5415 (2)
629 5343 723 5399 Sic
755 5343 999 5410 Pritius;
1029 5341 1145 5412 leg.
1173 5356 1328 5413 quae
1348 5356 1461 5412 per
1485 5355 1686 5397 eorum
1717 5356 1950 5399 manus.
1986 5343 2105 5398 Em-

444 5429 593 5556 Τοῗέ)
625 5486 848 5541 Socrat.
878 5484 1027 5539 Hist.
1062 5485 1294 5541 Eccles.
1324 5482 1427 5540 lib.
1459 5483 1555 5539 IV
1573 5499 1707 5554 cap.
1735 5487 1829 5542 23.

516 5558 595 5625 (4)
622 5556 844 5612 Pallad.
877 5571 1009 5626 cap.
1038 5560 1133 5612 20.

513 5626 592 5706 (5)
615 5629 818 5684 Petrus
842 5628 1124 5689 Possinus
1144 5627 1481 5702 Prolegom.
1500 5626 1565 5682 in
1609 5627 1896 5685 Thesaur.
1931 5629 2047 5683 Asc
2069 5629 2145 5685 et.

2285 5271 2367 5343 (6)
2386 5272 2533 5328 Vide
2554 5273 2704 5329 infra
2734 5289 2793 5345 p.
2827 5274 2956 5331 156.
2989 5279 3117 5333 243.

2284 5344 2363 5415 (7)
2391 5343 2847 5418 'l'heodoretlib.
2889 5348 2964 5402 IV
3022 5362 3148 5418 cap.
3191 5347 3255 5402 2t
3290 5364 3305 5413 ;
3342 5348 3579 5404 Sozom.
3619 5347 3734 5405 lib.
3788 5343 3885 5402 ΙΙΙ

2213 5429 2350 5485 cap.
2390 5415 2458 5489 μ
2487 5417 2755 5489 ;Socrat.
2796 5417 2899 5475 lib.
2933 5418 3029 5473 IV
3056 5415 3189 5489 cap.
3240 5422 3334 5474 23.

2278 5488 2359 5555 (8)
2382 5486 2470 5542 De
2510 5487 2645 5542 Vitis
2676 5489 2927 5546 Patrum
2949 5505 3092 5561 cap.
3121 5486 3454 5557 28;Pallad.
3474 5487 3879 5547 Histor.Lau-

2207 5560 2356 5613 siac.
2396 5573 2533 5627 cap.
2580 5563 2661 5625 t9;
2703 5561 2935 5617 Sozom.
2967 5560 3074 5618 lib.
3106 5563 3203 5618 Ill
3230 5576 3368 5632 cap.
3412 5564 3503 5620 13.
