4058 6194
488 345 591 400 363

1619 345 1719 400 J0.
1766 345 2058 402 GEORGII
2098 343 2314 400 PRITII
2353 345 2758 402 PRAEFATIO
3772 346 3861 403 364

490 487 628 526 eum
661 471 721 526 in
755 485 999 526 sensum
1029 470 1260 542 possint
1285 471 1489 542 accipi,
1521 471 1685 542 quod
1709 476 1942 526 tantum
1972 470 2046 525 de
2075 470 2138 525 li-
2167 473 2213 525 Α
2251 471 2590 542 spirituales
2636 472 2773 529 illae
2813 487 3024 542 graece
3078 470 3322 526 seorsim
3357 469 3693 542 prodierunt
3718 470 3858 525 Pari-

489 561 629 614 teris
653 577 686 614 a
728 559 964 614 Macarii
1000 560 1351 630 conscriptis
1382 565 1584 628 agant.
1620 561 1770 625 Quid
1812 561 1857 613 si
1899 566 1954 614 et
1993 561 2140 614 scri-

493 648 674 720 pserit
701 647 904 719 aliqua
936 649 1246 715 Macarius,
1277 665 1310 702 a
1336 648 1666 714 Gennadio,
1696 653 1756 704 ut
1784 648 1971 703 multa
1997 649 2134 712 alia,

494 737 680 792 oculis
697 752 816 791 non
842 743 1128 807 usurpata
1150 734 1178 790 ?
1195 736 1359 793 Unde
1379 751 1499 791 non
1522 752 1674 807 opus
1691 739 1935 806 eurit,ut
1954 737 2142 793 multa

493 825 1138 889 comminiscamur,vel
1151 825 1228 880 uti
1243 825 1380 880 facit
1395 827 1819 896 Possinus,qua
1833 828 2142 881 occasione

494 930 690 985 quove
721 913 913 969 ofﬁcio
941 913 1222 968 Homilias
1253 915 1394 969 istas
1427 915 1715 970 Macarius
1745 916 2030 971 Amathae
2054 930 2144 971 so-

496 1006 623 1059 cius
679 1019 889 1072 graece
947 1019 982 1058 a
1023 1019 1083 1057 se
1135 1003 1398 1058 redditas
1452 1020 1524 1059 ex
1579 1006 1816 1060 Antonii
1870 1005 2141 1075 magistri

498 1093 731 1147 dictatis
773 1091 1106 1163 protulerit.

571 1191 626 1244 X.
664 1189 814 1254 Quid
856 1205 994 1244 vero
1034 1191 1106 1244 de
1139 1189 1454 1260 Opusculis
1486 1191 1608 1245 istis
1641 1190 1937 1255 dicemus,
1986 1207 2142 1264 quae

497 1294 658 1333 nunc
689 1283 822 1348 post
853 1277 1169 1332 Possinum
1194 1279 1252 1333 in
1275 1277 1593 1334 Germania
1623 1281 1884 1351 primum
1913 1297 1947 1336 a
1973 1281 2142 1336 nobis

498 1367 874 1436 evulgantur,
908 1373 963 1422 et
993 1368 1084 1422 cui
1117 1368 1266 1439 patri
1295 1367 1514 1423 liberos
1567 1370 1707 1424 istos
1740 1371 2087 1425 adseremus
2116 1372 2143 1425 ?

498 1457 777 1512 Possinus
821 1472 962 1513 vero
1002 1456 1095 1511 hic
1135 1457 1346 1512 iterum
1403 1474 1574 1513 suum
1625 1458 1799 1513 nobis
1859 1460 2145 1531 supponit

497 1545 842 1603 Macarium.
873 1562 1054 1618 quem
1073 1551 1268 1601 tamen
1290 1547 1345 1601 in
1372 1546 1600 1602 mundo
1622 1563 1740 1602 non
1770 1547 1977 1616 fuisse,
1997 1550 2141 1617 iam,

503 1638 562 1690 ut
580 1634 958 1698 arbitramur,
976 1636 1466 1691 monstravimus.
1493 1635 1921 1692 Celeberrimus
1937 1639 2145 1693 Gavius

498 1724 576 1796 (1)
632 1723 947 1779 tribuenda
980 1722 1222 1795 quidem
1257 1725 1645 1780 Macariorum
1682 1741 1758 1781 no
1814 1729 1822 1792 Ι
1886 1731 2139 1781 strorum

2253 561 2356 616 siis
2377 577 2537 616 anno
2570 562 2890 632 superioris
2917 560 3132 616 saeculi
3167 561 3280 615 LIX
3309 559 3746 629 elegantissimis
3784 567 3862 630 ty-

2258 650 2348 720 pis
2367 666 2624 705 excusae
2657 651 3006 722 :separatim
3031 665 3167 705 vero
3198 654 3255 704 et
3283 649 3466 704 latina
3487 650 3669 703 versio
3691 648 3862 702 lucem

2252 739 2546 810 adspexit,
2581 743 2851 794 aloanne
2877 741 3034 804 Pico,
3065 738 3174 793 nisi
3203 737 3482 801 fallimur,
3517 738 3862 792 concinnata.

2252 828 2556 882 Successit
2585 828 2971 899 postmodum
3004 827 3322 883 Zachariae
3344 825 3625 882 Palthenii
3645 825 3866 894 diligen-

2256 917 2352 983 tia,
2386 916 2486 988 qui
2519 933 2679 972 anno
2731 919 2882 973 XCIV
2937 916 3206 971 eiusdem
3259 915 3479 970 saeculi
3531 920 3587 969 et
3613 929 3868 984 graecum

2254 1021 2612 1070 sermonem,
2633 1012 2687 1060 et
2715 1007 2960 1062 latinam
2993 1005 3352 1073 versionem,
3376 1020 3412 1060 a
3441 1019 3502 1059 se
3524 1019 3642 1058 non
3663 1002 3868 1074 exiguis

2254 1094 2562 1151 laboribus
2575 1095 3318 1164 exornatam,coniunctim
3336 1093 3538 1159 edidit,
3557 1093 3729 1164 typis,
3749 1107 3875 1163 qua-

2252 1183 2337 1238 les
2369 1189 2424 1239 et
2455 1185 2636 1239 nostri
2689 1190 2846 1249 sunt,
2895 1183 3078 1255 paulo
3125 1181 3564 1239 minutioribus.
3599 1180 3872 1252 Opuscula

2252 1288 2394 1328 vero
2416 1273 2643 1345 reliqua
2673 1273 2899 1329 diutius
2922 1272 3270 1328 obscuritati
3298 1287 3441 1327 suae
3459 1271 3734 1326 immersa
3753 1269 3876 1324 deli-

2254 1367 2511 1428 tuerunt,
2546 1364 2884 1434 usquedum
2920 1362 3069 1418 felici
3096 1363 3246 1416 Petri
3271 1361 3518 1424 Possint,
3542 1366 3597 1415 et
3614 1361 3874 1415 Societate

2252 1454 2385 1506 Jesu
2427 1451 2838 1522 viri,opcrain
2878 1453 3392 1520 Thesam-o,quem
3413 1449 3873 1512 vocat,Ascetico,

2255 1541 2424 1596 cuius
2443 1545 2671 1610 partem
2691 1541 2908 1596 faciunt
2925 1541 3289 1610 primariam,
3311 1539 3369 1594 in
3385 1539 3579 1594 lucem
3598 1536 3876 1609 publicam

2256 1635 2393 1685 sunt
2418 1630 2708 1701 exposita.
2736 1631 2898 1686 Unde
2929 1634 3160 1684 tantum
3195 1629 3322 1698 ipse
3369 1628 3644 1682 habuerit
3673 1626 3880 1680 thesau-

2255 1735 2408 1783 rum,
2453 1734 2572 1773 non
2602 1719 2880 1790 equidem
2911 1717 3261 1772 dissimulat.
3309 1715 3690 1772 Franciscum
3738 1713 3878 1769 enim

499 1811 760 1869 alterutri
785 1812 1084 1884 Opuscula
1105 1813 1252 1868 haec
1277 1829 1392 1869 non
1410 1815 1707 1870 immerito
1734 1831 1862 1870 esse
1885 1816 2141 1884 iudicat;

2260 1808 2631 1874 Turrianum,
2661 1807 2955 1862 notissimi
2979 1808 3238 1862 nominis
3265 1807 3568 1873 lesuitam,
3588 1819 3720 1858 cum
3742 1817 3880 1858 anno

499 1902 605 1956 sed
636 1902 693 1955 in
735 1917 869 1956 eam
905 1907 1102 1956 tamen
1155 1902 1347 1972 magis
1389 1904 1721 1974 propendet
1753 1905 2141 1970 sententiam,

498 1989 663 2061 quod
695 1989 1098 2045 Alexandrino
1131 1990 1210 2046 illi
1234 1992 1346 2046 sint
1376 1991 1780 2062 adsignanda.

567 2087 656 2143 XI.
690 2087 868 2143 Nobis
891 2091 1091 2143 autem
1124 2088 1181 2141 id
1214 2094 1350 2144 ante
1378 2090 1584 2145 omnia
1616 2089 1848 2145 videtur
1868 2106 2001 2146 esse
2029 2107 2148 2148 cer-

497 2175 816 2240 tissimum,
858 2176 1022 2248 quod
1055 2191 1210 2231 unus
1250 2183 1456 2232 auctor
1482 2177 1672 2245 fuerit,
1715 2178 1817 2251 qui
1849 2179 2150 2235 divinissi-

498 2279 632 2320 mas
665 2265 839 2320 nobis
872 2265 1033 2320 dedit
1065 2265 1366 2332 Homilias,
1403 2283 1540 2322 cum
1574 2267 1693 2334 illo,
1728 2269 1820 2323 cui
1853 2269 2147 2325 debemus

497 2353 720 2409 isthaec
759 2353 1080 2423 Opuscula.
1125 2353 1186 2409 Id
1234 2355 1391 2409 enim
1440 2361 1496 2410 et
1545 2371 1636 2411 res
1667 2357 1835 2428 ipsae
1868 2358 2145 2428 probant,

497 2457 654 2514 quae
675 2442 735 2497 in
750 2447 803 2498 et
833 2441 1096 2498 Homiliis
1118 2447 1174 2498 et
1201 2443 1515 2515 Opusculis
1536 2453 1874 2513 occurrunt,
1906 2463 2148 2504 summa

499 2530 637 2586 fidei
677 2536 918 2586 nostrae
959 2531 1263 2602 mysteria,
1313 2537 1367 2587 et
1412 2533 1738 2606 praecipua
1780 2535 2148 2592 Christianae

499 2619 802 2690 religionis
832 2621 1048 2690 capita,
1092 2621 1351 2675 maxime
1391 2637 1546 2692 quae
1578 2623 1653 2677 ad
1691 2639 1865 2678 usum
1905 2625 2150 2681 transfe-

499 2707 685 2763 renda
717 2713 874 2774 sunt,
899 2708 1244 2764 exhibentes
1274 2726 1285 2774 ;
1316 2714 1373 2764 et
1399 2711 1578 2765 verba
1595 2727 1837 2783 quoque
1867 2714 2149 2786 modique

495 2795 969 2867 loquendi,circa
990 2813 1143 2868 quos
1165 2813 1404 2852 summa
1430 2797 1649 2870 ubique
1672 2800 1996 2856 similitudo
2016 2809 2104 2858 est
2133 2821 2145 2870 ;

498 2891 554 2940 et
572 2901 680 2956 par
696 2886 978 2941 orationis
992 2885 1185 2941 forma
1199 2887 1667 2960 elocutionisque
1691 2889 1970 2959 dignitas.
1997 2891 2148 2947 Addi

499 2973 676 3027 etiam
702 2978 913 3043 potest,
941 2989 1096 3046 quae
1127 2975 1454 3029 desiderari
1486 2975 1545 3030 in
1595 2976 1850 3033 Macario
1884 2987 2145 3050 possent,

497 3066 553 3116 et
600 3061 703 3133 qui
739 3063 796 3116 in
827 3063 1272 3132 elegantissimo
1302 3063 1416 3119 hoc
1449 3080 1697 3137 corpore
1748 3068 1917 3122 nacvi
1949 3069 2148 3124 obser-

498 3155 732 3215 vantur,
785 3167 886 3206 eos
929 3152 1243 3224 utrobique
1297 3168 1426 3207 sese
1484 3153 1655 3208 nobis
1709 3155 1940 3211 offerre.
2004 3159 2145 3213 Cum
2183 3173 2221 3227 c

498 3238 674 3307 igitur
696 3239 875 3310 paulo
899 3247 1034 3295 ante
1053 3241 1306 3297 Macario
1338 3244 1627 3313 Aegyptio
1649 3245 1930 3300 Homilias
1959 3263 2148 3301 asser-

498 3331 623 3382 tum
655 3328 956 3392 iverimus,
991 3335 1146 3399 patet
1177 3330 1346 3394 ratio,
1382 3346 1566 3401 quare
1608 3333 1908 3402 Opuscula
1952 3336 2001 3388 ei
2036 3336 2151 3391 sint

499 3416 1159 3485 quoqueadiudicanda
1187 3433 1199 3480 ;
1231 3419 1580 3488 praesertim
1604 3435 1738 3474 cum
1765 3421 1998 3476 codices
2025 3441 2146 3479 ma-

499 3502 786 3573 uuscripti
811 3503 866 3557 in
899 3504 1254 3559 bibliotheca
1277 3505 1698 3572 Vidobonensi,
1733 3509 1863 3580 ipso
1895 3511 2149 3569 docente

501 3591 700 3655 Cavio,
736 3591 809 3661 (2)
842 3592 1097 3647 Macario
1133 3602 1336 3648 nostro
1366 3595 1510 3648 haec
1543 3595 1833 3653 etsimilia
1861 3603 2149 3670 opuscula

500 3679 851 3736 attribuant.
892 3682 951 3734 In
985 3681 1114 3752 ipso
1154 3682 1358 3746 etiam,
1400 3699 1521 3755 quo
1576 3701 1719 3739 usus
1752 3687 2033 3743 Possinus
2061 3697 2151 3746 est

499 3767 701 3823 codice
721 3775 947 3826 exserte
969 3771 1203 3826 Macarii
1225 3773 1448 3828 nomini
1475 3774 1684 3844 Magni
1705 3777 2046 3847 appellatio,
2071 3779 2150 3836 fa-

498 3861 653 3913 tente
705 3859 950 3926 editore,
1007 3867 1095 3916 est
1148 3861 1451 3928 adiuncta,
1503 3879 1687 3935 quam
1729 3881 1848 3920 non
1902 3868 2149 3925 Alexan-

497 3947 692 4014 drino,
746 3948 849 4003 sed
882 3950 1172 4021 Aegyptio
1213 3951 1465 4006 Macario
1495 3952 1635 4007 addi
1665 3953 2148 4027 frequentissime

499 4037 876 4092 notissimum
909 4046 1019 4094 est.
1077 4041 1227 4094 Nam
1260 4040 1421 4112 quod
1467 4041 1740 4096 Possinus
1786 4049 2148 4114 persuadere

498 4126 675 4180 nobis
708 4133 978 4191 conatur,
1035 4143 1430 4198 personarum
1478 4129 1575 4184 hic
1607 4130 1916 4202 contigisse
1946 4135 2147 4189 confu-

500 4212 750 4280 sionem,
807 4214 1080 4270 videlicet
1127 4232 1268 4271 suae
1327 4218 1568 4272 inservit
1616 4234 1855 4287 causae,
1905 4228 1965 4276 ut
2022 4225 2146 4279 iure

499 4298 721 4370 aliquo,
750 4317 904 4370 quae
937 4304 1187 4358 Macario
1209 4305 1498 4376 Aegyptio
1522 4305 1834 4370 debentur,
1860 4324 2014 4364 novo
2035 4327 2143 4366 suo

498 4393 553 4441 et
607 4389 866 4459 antiquis
920 4389 1224 4458 incognito
1256 4393 1506 4448 Macario
1538 4394 1879 4450 adscribere
1927 4405 2146 4467 posset.

2257 1899 2347 1952 clo
2370 1897 2425 1952 Io
2451 1897 2608 1953 LXVI
2638 1898 2980 1952 societatem
3022 1896 3182 1952 illam
3227 1899 3448 1951 Romae
3477 1893 3880 1965 ingrederetur,

2258 1987 2410 2042 inter
2438 1985 2744 2041 volumina
2787 1984 2956 2041 refert
2989 1999 3210 2056 graeca
3237 1983 3518 2054 plurima,
3566 1997 3716 2054 quae
3746 1981 3881 2035 anti-

2259 2091 2414 2147 quae
2447 2091 2662 2131 manus
2706 2091 2850 2146 prae
2901 2089 2962 2128 se
3007 2073 3197 2129 ferant
3228 2073 3500 2144 vestigia,
3536 2085 3798 2143 quaeque
3833 2070 3884 2122 in

2259 2166 2442 2222 domo
2475 2165 2720 2237 antiqua
2743 2163 3012 2236 professa
3035 2166 3305 2219 Romana
3333 2160 3698 2234 deposuerit,
3719 2172 3883 2213 unum

2259 2270 2502 2327 quoque
2563 2259 2874 2309 auctorum
2922 2253 3106 2309 ferme
3155 2252 3394 2324 triginta
3440 2251 3515 2306 de
3566 2265 3627 2305 re
3657 2247 3888 2304 ascetica

2259 2343 3054 2407 continenslucubrationes,
3077 2341 3252 2396 annis
3265 2340 3484 2396 abhinc
3510 2339 3650 2410 plus
3671 2336 3827 2407 quin-
3855 2337 3862 2402 Ι

2261 2433 2450 2502 gentis
2467 2449 2502 2486 a
2522 2447 2703 2488 manu
2729 2431 3130 2486 transmarina
3152 2438 3485 2496 exaratum,
3511 2426 3888 2484 bibliothecae

2261 2522 2494 2576 Patrum
2529 2521 2826 2576 societatis
2845 2519 3118 2575 intulisse
3142 2537 3158 2584 ;
3181 2519 3744 2581 etindePossinum,
3767 2527 3888 2568 cum

2261 2613 2482 2666 Romae
2504 2610 2764 2679 degeret,
2787 2613 3020 2680 praeter
3049 2609 3186 2674 alia,
3203 2608 3427 2664 isthaec
3447 2605 3779 2663 Macariana
3799 2601 3890 2656 de-

2261 2699 2593 2771 scripsisse.

2335 2798 2466 2853 Xlll.
2503 2801 2649 2852 Cum
2683 2811 2822 2851 vero
2851 2796 3136 2851 Homiliae
3168 2795 3298 2850 illae
3331 2794 3755 2850 Palthenianae
3799 2803 3892 2844 no-

2262 2887 2396 2942 stris
2413 2887 2469 2941 in
2487 2885 2849 2957 bibliopoliis
2867 2901 2982 2940 non
3001 2884 3262 2955 amplius
3276 2890 3602 2950 exstarent,
3619 2878 3892 2953 OpUScula

2261 2982 2460 3031 autem
2495 2975 2722 3046 reliqua
2754 2991 2790 3029 a
2815 2974 3056 3029 Possino
3079 2974 3234 3029 edita
3265 2973 3570 3028 rarissime
3607 2969 3763 3043 apud
3800 2983 3894 3022 nos

2262 3065 2767 3136 conspicerentur,
2784 3064 2975 3118 visum
2991 3069 3096 3128 est,
3113 3078 3216 3116 ere
3245 3061 3366 3116 fore
3398 3060 3761 3132 reipublicae
3787 3057 3895 3112 lite-

2263 3156 2471 3223 rariae,
2508 3153 2929 3223 imprimisque
2969 3150 3288 3206 iuventutis
3320 3150 3649 3217 studiosae,
3684 3150 3894 3220 praeter

2264 3243 2502 3310 linguae
2530 3257 2776 3311 graecae
2807 3241 3050 3295 delicias
3082 3240 3282 3311 pietati
3313 3254 3562 3310 quoque
3593 3234 3892 3310 operantis,

2263 3331 2319 3385 in
2352 3347 2570 3400 corpus
2613 3345 2799 3384 unum
2841 3345 3122 3384 revocare
3161 3329 3367 3384 omnia
3405 3343 3569 3399 quae
3596 3324 3892 3384 Macarium

2263 3424 2600 3486 agnoscunt
2627 3425 2950 3482 auctorem,
2970 3417 3284 3472 Macarium
3310 3418 3582 3488 inquam,
3600 3430 3773 3489 quem
3792 3412 3894 3467 exi-

2262 3511 2578 3562 stimamus
2627 3523 2758 3562 esse
2797 3507 3172 3578 Aegyptium.
3217 3509 3361 3561 Nam
3403 3521 3566 3578 quae
3608 3507 3665 3560 in
3703 3501 3894 3558 biblio-

2260 3597 2433 3652 theca
2468 3595 2709 3651 Paulina
2732 3596 3021 3666 Lipsiensi
3063 3596 3471 3665 manuscripta
3523 3599 3730 3657 exstat,
3763 3598 3813 3645 et
3867 3603 3895 3642 a

2261 3686 2569 3742 Guilielmo
2599 3685 2771 3740 Cavio
2804 3701 2872 3739 ac
2904 3683 3120 3740 Iacobo
3150 3684 3333 3739 Tollio
3355 3685 3412 3738 in
3448 3683 3704 3739 latinum
3736 3677 3894 3736 simul

2263 3791 2551 3830 conversa
2577 3774 2810 3844 prodita
2833 3779 2922 3828 est
2958 3775 3038 3829 De
3069 3773 3305 3829 animae
3324 3774 3621 3829 iustorum
3647 3772 3895 3840 peccato-

2260 3881 2509 3936 rumque
2537 3865 2699 3920 exitu
2716 3864 2911 3919 Oratio
2933 3863 3173 3934 (3),etin
3203 3862 3371 3917 titulo
3385 3860 3895 3918 AlexandrinoMa-

2261 3954 2419 4009 cario
2449 3953 2828 4016 adscribitur,
2846 3956 2900 4006 ct
2922 3951 3107 4006 aniles
3128 3951 3477 4023 ineptasque
3502 3950 3738 4006 fabulas
3753 3961 3896 4002 com-

2261 4043 2550 4114 plectitur,
2582 4047 2644 4096 ut
2673 4040 3009 4095 recentioris
3034 4038 3348 4094 cuiusdam
3395 4039 3661 4108 graeculi
3719 4035 3899 4090 videa-

2260 4137 2351 4185 tur
2372 4148 2502 4185 esse
2533 4135 2965 4198 commentum,
2993 4144 3101 4184 nec
3132 4127 3381 4199 proinde
3413 4128 3511 4183 hic
3535 4129 3733 4183 locum
3757 4127 3897 4179 inve-

2258 4221 2384 4274 nire
2416 4220 2690 4290 potuerit.

2330 4317 2457 4371 XIV.
2490 4318 2647 4380 Quae
2679 4331 2814 4370 vero
2842 4315 2996 4370 circa
3026 4313 3313 4370 Homilias
3340 4330 3375 4370 a
3401 4315 3580 4370 nobis
3610 4313 3727 4368 sint
3747 4323 3897 4382 prae-

2259 4404 2510 4470 stita,de
2541 4405 2687 4458 iisin
2721 4405 3088 4472 praefatione
3131 4404 3207 4460 ad
3242 4403 3484 4459 easdem
3520 4408 3719 4459 actum
3779 4397 3895 4456 fuit.

499 4475 859 4573 Quanquam
895 4477 1128 4533 interim
1159 4481 1439 4552 refragari
1481 4482 1761 4549 DOlimUS.
1805 4484 2007 4550 inisse.
2041 4488 2144 4558 qui
2174 4519 2219 4573 Ι)
2259 4497 2422 4549 Nunc
2454 4509 2589 4548 vero
2620 4494 2764 4565 quid
2806 4493 2961 4549 circa
2993 4493 3313 4565 Opuscula,
3343 4508 3502 4564 quae
3557 4492 3893 4564 sequuntur,

498 4579 570 4619 ex
599 4579 701 4619 ore
731 4564 790 4620 di
850 4566 859 4638 |
919 4569 1103 4623 centis
1136 4569 1328 4624 saltim
1365 4571 1596 4626 Macarii
1628 4571 1776 4626 haec
1806 4577 2096 4645 exceperit
2127 4595 2139 4632 :

499 4652 659 4709 unde
686 4659 740 4709 et
757 4670 891 4712 esse
906 4663 1212 4728 putamus,
1234 4665 1470 4715 curtam
1500 4659 1903 4733 frequenterin
1922 4661 2143 4722 Graeco

499 4759 612 4797 vox
631 4745 722 4816 ἔφη
748 4753 1040 4810 occurrat,
1074 4748 1130 4802 in
1159 4751 1422 4805 versione
1442 4754 1504 4803 ut
1531 4748 1856 4822 plurimum
1871 4753 2098 4809 omissa
2125 4775 2137 4813 :

498 4836 560 4886 ut
586 4833 737 4888 adeo
772 4836 1043 4890 omnium
1075 4837 1343 4909 quidem,
1373 4855 1528 4910 quae
1571 4839 1900 4903 traduntur,
1937 4848 2143 4899 auctor

496 4918 668 4976 fuerit
696 4924 1004 4990 Macarius,
1031 4941 1383 4998 quanquam
1429 4928 1554 4998 ipse
1605 4927 1704 4983 illa
1736 4944 1851 4983 non
1888 4930 2142 5001 scripse-

500 5010 588 5064 rit.

569 5109 683 5165 XII.
723 5111 1053 5168 Pcrtineant
1087 5128 1227 5184 ergo
1260 5112 1449 5169 foetus
1474 5115 1566 5170 isti
1596 5131 1700 5188 per
1723 5131 1829 5171 nos
1853 5117 1930 5172 ad
1961 5119 2146 5174 Maca-

495 5196 648 5252 rium
678 5199 1056 5270 Aegyptium.
1109 5203 1271 5256 Nunc
1319 5219 1440 5274 qua
1493 5206 1717 5260 ratione
1749 5221 1821 5260 ex
1866 5207 2142 5275 tenebris,

492 5285 718 5357 quibus
769 5288 1145 5361 circumsepti
1187 5306 1292 5362 per
1343 5292 1571 5364 aliquot
1604 5294 1842 5350 saecula
1888 5293 2141 5363 fuerant,

491 5375 856 5442 emerserint,
891 5379 1152 5448 agedum
1186 5379 1522 5436 videamus.
1562 5384 1844 5440 Homiliae
1877 5385 2138 5460 primum

2259 4583 2521 4654 quidque
2556 4586 2712 4638 circa
2749 4581 3273 4653 Apophthegmata
3298 4582 3623 4651 egerimus,
3654 4577 3896 4636 breviter

2252 4672 2642 4727 indicantium
2675 4678 2778 4726 est.
2816 4671 2879 4726 In
2915 4670 3228 4742 Opusculis
3257 4677 3455 4725 autem
3492 4670 3608 4725 illis
3642 4670 3730 4723 Vll
3770 4667 3898 4721 Pos-

2254 4761 2363 4815 sini
2406 4761 2746 4826 editionem,
2777 4777 2913 4815 cum
2968 4759 3390 4831 manuscriptis
3422 4759 3893 4816 destitueremur,

2252 4851 2435 4905 secuti
2488 4867 2717 4917 sumus,
2769 4849 3015 4904 sublatis
3061 4855 3279 4912 tamen,
3319 4864 3475 4921 quae
3529 4849 3590 4903 in
3652 4846 3896 4903 editione

2249 4939 2602 4994 Possiniana
2617 4938 2979 5009 apparebant
2993 4937 3229 5008 frequen
3242 4931 3898 5008 tissime,sphalmatibus

2253 5027 2719 5100 typographicis.
2739 5030 2932 5095 Longe
2949 5026 3116 5097 plura
3135 5027 3291 5081 circa
3306 5026 3638 5081 versionem
3658 5025 3892 5080 latinam

2254 5120 2489 5186 agenda
2520 5117 2878 5170 invenimus.
2913 5116 3189 5170 Possinus
3217 5118 3373 5170 enim
3401 5130 3594 5186 genus
3627 5115 3898 5182 interpre-

2257 5205 2418 5262 tandi
2449 5206 2689 5261 liberius
2713 5210 2968 5268 secutus,
2988 5205 3232 5260 miriﬁce
3248 5221 3366 5260 non
3402 5207 3410 5274 |
3445 5219 3580 5260 raro
3597 5205 3894 5272 evagatur.

2258 5301 2318 5351 ut
2347 5293 2834 5351 commentatoris
2868 5293 3086 5363 potius,
3121 5309 3305 5366 quam
3341 5294 3678 5364 interpretis
3712 5296 3896 5362 partes

2258 5384 2594 5455 suscepisse
2626 5381 2809 5437 videri
2852 5383 3075 5454 possit;
3108 5399 3264 5454 quae
3297 5382 3545 5438 instituti
3588 5381 3740 5438 ratio
3777 5379 3900 5434 licet

2053 5536 2300 5592 NOTAE.

674 5653 1027 5729 _Cave__Hist._
1054 5655 1182 5729 Lit._
1204 5655 1268 5711 P.
1289 5655 1446 5729 711p.
1489 5662 1581 5715 76.

569 5725 644 5798 (ε)
673 5725 763 5784 Id.
802 5727 956 5784 Hist.
995 5726 1108 5784 Lit.
1149 5727 1214 5785 Ρ.
1247 5728 1308 5786 11
1339 5725 1411 5802 p‘.
1452 5729 1543 5788 τε.

2254 5731 2300 5786 Π
2327 5659 2402 5787 (ῗ)
2431 5659 2703 5787 Idugist.
2737 5659 2851 5715 Lit.
2871 5661 2938 5716 P.
2968 5661 3091 5729 [φ.
3125 5661 3247 5716 708.
3263 5659 3479 5716 Tollius
3504 5658 3736 5728 Insign.
3764 5659 3894 5713 Itin.

2306 5745 2340 5787 a
2377 5769 2387 5782 -
2420 5747 2479 5787 υ.
2617 5773 2628 5785 .

2306 5745 2387 5788 αι.
2416 5747 2479 5802 p.
2512 5745 2628 5787 199.
