4086 6194
169 358 260 416 365

1008 356 1103 412 AD
1131 355 1522 416 EDITlONEM
1562 355 1820 414 OPUSC.
1863 353 1924 410 S.
1967 353 2270 411 MACARII
2306 356 2664 414 AEGYPTII.

3445 345 3552 402 366

169 498 286 540 cum
309 481 505 555 aliqua
529 479 759 536 lectoris
797 479 1040 538 utilitate
1071 482 1391 538 coniuncta
1422 482 1517 548 sit,
1550 483 1676 538 eius
1705 487 1785 539 ta-
1815 481 1860 534 A
1898 479 1984 536 vel
2019 480 2172 536 vitae
2202 480 2443 536 delicias
2475 487 2529 538 et
2559 499 2694 539 com
2724 485 2736 553 Ι
2771 481 2956 538 moda
2996 477 3212 552 cupide
3243 477 3554 532 consecta-

170 587 302 636 men,
327 571 428 644 qui
459 585 792 626 sermonem
825 570 1076 627 alicuius
1107 571 1166 626 in
1193 570 1357 626 aliud
1388 573 1615 627 idioma
1645 587 1782 627 con-

168 667 357 717 vertere
387 660 649 725 instituit,
681 659 897 716 limites
922 660 1244 731 egreditur,
1274 677 1413 717 cum
1443 661 1569 716 sine
1593 660 1782 716 dubio

169 751 263 806 hoc
285 750 352 804 sit
373 747 664 821 optimum
685 748 1114 820 interpretandi
1146 764 1354 819 genus,
1389 766 1527 805 cum
1559 749 1783 821 simpli-

171 838 371 894 cissime
397 837 582 893 verbis
609 837 867 893 auctoris
893 836 1253 908 inhaeretur,
1284 845 1480 895 mente
1503 839 1631 894 eius
1655 838 1780 893 sine

169 926 466 983 ambitiosis
496 925 632 981 hinc
662 924 803 981 inde
832 926 1284 982 excursionibus
1315 933 1777 1000 repraesentata.

170 1015 410 1071 Pessinus
435 1030 572 1071 vero
602 1019 659 1070 et
684 1015 940 1070 excurrit
974 1016 1354 1083 creberrime,
1387 1022 1445 1073 et
1471 1023 1781 1088 praeterea

171 1118 323 1174 genus
347 1102 629 1176 loquendi
661 1103 930 1174 sequitur
957 1102 1301 1170 fastuosius,
1336 1121 1406 1160 ac
1438 1105 1617 1161 altius
1651 1120 1781 1160 ver-

171 1192 246 1247 bis
266 1191 530 1262 adsurgit,
565 1207 752 1264 quam
785 1189 1168 1264 interpretem
1196 1192 1408 1250 decere
1442 1193 1775 1250 videbatur.

173 1282 266 1336 Nos
284 1281 466 1354 itaque
497 1279 809 1353 superﬂua
834 1283 1223 1345 resecuimus,
1257 1288 1313 1339 et
1341 1299 1497 1356 quae
1529 1297 1781 1355 pompo-

169 1370 269 1424 sius
300 1369 588 1436 dicuntur,
626 1375 977 1443 tumoreque
1016 1370 1220 1442 aliquo
1258 1371 1466 1427 inﬂata
1503 1378 1660 1437 sunt,
1701 1370 1780 1427 ad

166 1457 479 1514 modestiam
506 1457 870 1530 redegimus,
902 1459 960 1514 id
990 1459 1212 1531 ubique
1243 1459 1454 1516 sedulo
1485 1467 1779 1516 navantes

165 1562 394 1619 operam,
414 1547 718 1603 utMacarii
736 1547 998 1620 cogitata
1013 1548 1206 1604 verbis
1227 1549 1285 1603 in
1301 1548 1486 1604 latino
1501 1564 1778 1604 sermone

166 1636 472 1707 perspicuis,
514 1635 714 1708 planis
744 1641 800 1690 et
837 1643 1051 1708 sponte
1089 1635 1413 1692 ﬂuentibus
1453 1637 1776 1692 lectoribus

160 1723 534 1781 exhibeantur.
562 1725 692 1790 Qua
714 1724 771 1779 in
800 1740 861 1779 re
887 1725 1133 1797 quidem
1161 1725 1326 1781 haud
1357 1725 1609 1795 exiguae
1637 1725 1777 1782 tole-

1895 575 2021 624 tur:
2055 569 2249 624 eidem
2277 586 2395 626 non
2417 576 2675 643 possunt
2699 588 2813 627 non
2839 571 2928 627 vel
2963 571 3194 639 ingrata
3216 580 3348 622 esse
3377 563 3543 635 peni-

1892 661 1986 712 tus
2018 663 2075 713 et
2105 658 2360 722 fastidio,
2392 661 2477 714 vel
2501 660 2676 732 plane
2706 677 2825 716 non
2849 656 3259 726 intelligibilia,
3283 667 3441 725 quae
3467 650 3547 706 ab

1894 747 2232 815 animabus,
2251 754 2401 804 totas
2417 767 2477 804 se
2494 750 2944 806 sublimioribus
2960 743 3422 817 cogitationibus
3438 739 3537 796 de-

1891 835 2188 902 dentibus,
2205 838 2523 894 etadivino
2549 838 2769 909 Spiritu
2794 838 3093 909 copiosius
3113 831 3442 895 illustratis,
3463 828 3536 884 de

1890 925 2098 981 salutis
2117 925 2420 982 humanae
2443 927 2681 997 negotio
2701 926 2965 998 Denique
2989 925 3047 980 in
3072 924 3308 979 animas
3333 933 3543 991 opera-

1892 1013 2050 1069 tione
2083 1015 2385 1088 praeclare
2412 1015 2806 1071 disseruntur.
2833 1015 2946 1070 Sed
2969 1013 3072 1085 qui
3100 1009 3367 1080 impulsu
3397 1005 3548 1062 divi-

1890 1104 2038 1158 niori
2069 1105 2358 1160 excitatus
2389 1104 2499 1160 sibi
2532 1106 2654 1160 iam
2687 1105 2991 1161 attendere
3022 1099 3247 1171 incipit,
3288 1103 3344 1153 et
3381 1096 3442 1152 id
3473 1111 3545 1150 ea

1887 1208 2025 1247 cum
2057 1209 2222 1261 cura,
2255 1210 2438 1265 quam
2472 1194 2691 1265 negotii
2722 1192 2986 1264 exposcit
3019 1185 3358 1244 sublimitas
3392 1203 3406 1252 ;
3439 1183 3544 1255 qui

1887 1296 2075 1353 quam
2115 1281 2259 1337 nihil
2302 1281 2377 1337 ad
2421 1298 2624 1338 veram
2665 1281 2926 1338 hominis
2958 1281 3454 1344 constantemque
3487 1276 3542 1327 et

1887 1375 2193 1426 aeternam
2218 1371 2526 1426 conferant
2555 1370 2895 1426 felicitatem
2925 1366 3156 1434 omnia,
3188 1379 3346 1436 quae
3379 1360 3545 1430 lapsa

1887 1460 1945 1514 in
1962 1467 2271 1530 peccatum
2288 1461 2635 1531 perditaque
2658 1466 2777 1514 tam
2802 1456 3004 1529 magni
3020 1454 3298 1511 aestimat
3330 1454 3545 1506 natura

1886 1549 2158 1604 humana
2178 1549 2446 1612 edoctus,
2465 1549 2586 1605 iam
2609 1548 2683 1604 ad
2705 1548 2914 1612 Deum,
2938 1541 3322 1601 beatitudinis
3343 1537 3542 1595 omnis

1888 1638 2131 1706 fontem,
2147 1638 2289 1693 etad
2315 1638 2413 1694 Dei
2431 1638 2771 1710 propiorem
2793 1634 3276 1692 coniunctionem
3298 1628 3541 1684 sollicite

1887 1726 2175 1793 adsnirat,
2215 1733 2272 1782 et
2301 1727 2374 1781 de
2404 1725 2731 1782 obtinenda
2761 1725 3000 1781 animae
3031 1736 3174 1776 suae
3216 1718 3406 1774 salute
3436 1715 3540 1770 de-

159 1812 347 1867 randae
375 1811 555 1868 nobis
575 1812 812 1868 fuerunt
845 1811 1171 1878 molestiae,
1205 1830 1343 1870 cum
1370 1814 1546 1883 longe
1580 1814 1776 1868 minus
1811 1829 1853 1882 Β
1886 1823 2085 1871 center
2123 1817 2339 1885 satagit
2379 1832 2390 1870 :
2435 1815 2526 1870 ille
2566 1815 2813 1870 demum
2855 1814 2914 1868 in
2956 1811 3204 1868 Macario
3256 1805 3538 1869 offendet,

162 1901 220 1956 sit
250 1899 489 1967 diﬂicile,
552 1917 665 1956 sua
712 1901 910 1972 potius
963 1902 1244 1974 proferre,
1287 1901 1594 1975 indolique
1635 1919 1778 1958 suae

158 1989 594 2054 accommodata,
632 2005 818 2062 quam
846 1990 907 2046 in
953 1990 1208 2046 aliorum
1241 1990 1552 2047 laboribus
1579 2007 1779 2048 emen-

158 2077 338 2134 dandis
366 2085 736 2151 occupatum
765 2094 922 2136 esse.
954 2083 1153 2152 Neque
1188 2088 1388 2137 tamen
1419 2086 1660 2136 censeat
1703 2081 1777 2136 le-

161 2173 260 2223 ctor
286 2167 468 2234 velim,
493 2167 646 2223 nihil
673 2169 733 2223 in
765 2169 1032 2224 versione
1057 2175 1280 2226 restare
1306 2171 1590 2242 amplius,
1613 2169 1777 2242 quod

159 2253 410 2314 luxuriem
429 2257 659 2314 Possini
686 2259 901 2328 sapiat,
929 2263 1032 2314 aut
1057 2258 1205 2314 alias
1226 2261 1286 2314 in
1312 2258 1524 2314 melius
1552 2259 1779 2315 restitui

162 2359 255 2400 non
283 2346 557 2418 potuisset
591 2362 607 2413 ;
652 2347 795 2402 satis
833 2346 1010 2402 nobis
1050 2347 1174 2413 fuit,
1221 2353 1453 2403 tantum
1504 2347 1617 2404 hac
1653 2347 1779 2404 vice

162 2439 437 2505 praestare,
460 2442 763 2508 quantum
788 2437 1218 2508 praestitimus,
1240 2436 1473 2509 reliqua
1489 2437 1779 2493 lectorum

163 2522 339 2579 iudicio
361 2523 791 2595 permittentes.
809 2524 1338 2597 Apophthegmata
1361 2541 1500 2581 vero
1517 2525 1638 2581 viro
1651 2542 1778 2581 eru-

163 2611 413 2669 ditissimo
433 2614 513 2670 lo.
539 2614 844 2684 Baptistae
866 2615 1172 2682 Cotelerio,
1199 2614 1440 2684 linguae
1455 2615 1778 2686 graecaein

163 2701 427 2758 academia
456 2701 724 2758 Parisina
751 2701 1070 2758 Professori
1095 2703 1257 2773 regio
1279 2703 1591 2772 debemus,
1623 2719 1780 2776 quae

163 2788 279 2857 ipse,
299 2805 425 2846 cum
444 2791 504 2847 in
527 2790 895 2847 bibliotheca
917 2793 1090 2862 Regia
1121 2795 1529 2864 manuscripta
1555 2793 1781 2849 inveni-

164 2885 247 2946 ret,
263 2878 474 2936 Tomol
511 2881 1031 2936 Monumentorum
1058 2880 1346 2936 Ecclesiae
1365 2882 1639 2951 Graecae,
1669 2883 1780 2937 Lu-

164 2968 300 3023 tetiae
318 2969 684 3024 Parisiorum
702 2984 862 3024 anno
894 2973 906 3040 |
939 2969 1310 3026 MDCLXXVII
1332 2970 1778 3043 prodeuntium,

165 3053 342 3113 inserta
366 3058 566 3114 edidit.
598 3057 875 3113 Eiusdem
907 3074 1148 3131 quoque
1177 3061 1511 3115 versionem
1536 3061 1780 3116 retinui-

168 3159 285 3215 mus,
315 3163 444 3204 cum
474 3148 611 3219 ipse
644 3153 957 3202 auctorum
988 3147 1184 3204 verbis
1229 3149 1460 3205 insistat
1488 3151 1776 3221 pressius,

165 3236 207 3286 et
231 3249 394 3303 genus
423 3235 730 3292 scribendi
761 3241 1048 3308 sequatur
1078 3237 1350 3309 simplex,
1385 3237 1703 3310 liquidum,
1726 3243 1782 3294 et

166 3320 225 3376 ab
248 3325 650 3382 omnitumore
680 3330 1016 3398 ornatuque
1055 3327 1230 3383 anxie
1261 3329 1602 3401 conquisito
1641 3328 1780 3384 alie-

165 3423 295 3468 num.
321 3413 559 3471 Adiecta
594 3413 859 3486 denique
887 3430 922 3469 a
943 3415 1115 3470 nobis
1151 3422 1290 3471 sunt
1312 3415 1643 3487 fragmenta
1669 3420 1781 3474 Ma-

165 3500 365 3558 cariana
391 3504 594 3559 adhuc
627 3501 764 3568 alia,
791 3519 947 3576 quae
977 3509 1252 3560 auctores
1280 3505 1416 3560 hinc
1448 3505 1586 3561 inde
1614 3507 1779 3565 evol-

168 3589 398 3648 ventibus
424 3608 488 3648 se
519 3591 703 3648 nobis
734 3591 1095 3648 obtulerunt.

223 3765 484 3825 XV.Nunc
501 3770 608 3826 adi
620 3784 799 3841 psum
813 3770 1062 3842 propius
1076 3770 1428 3828 intuendum
1457 3773 1778 3830 Macarium

169 3856 502 3915 accedamus.
533 3857 823 3914 Constare
854 3866 1053 3915 autem
1078 3860 1166 3916 vel
1195 3877 1266 3916 ex
1298 3862 1494 3932 prima
1517 3863 1774 3933 Operum

169 3942 265 3998 eius
285 3946 652 4019 inspectione
676 3949 888 4020 poterit
910 3949 1214 4013 omnibus,
1243 3950 1435 4005 virum
1459 3948 1640 4006 fuisse
1667 3952 1778 4006 Ma-

166 4035 353 4092 carium
383 4043 442 4092 ut
465 4036 802 4093 sanctitatis
832 4037 1363 4102 studiosissimum,
1393 4040 1472 4095 ita
1513 4041 1570 4094 in
1598 4039 1779 4095 rebus

168 4119 348 4178 divinis
373 4133 426 4181 et
455 4125 889 4198 spiritualibus,
923 4128 972 4181 si
1006 4127 1191 4182 ullum
1222 4127 1428 4192 alium,
1473 4127 1648 4198 longe
1679 4144 1778 4184 ex-

169 4211 551 4280 pertissimum,
567 4213 1010 4271 etadmirandis
1026 4216 1251 4286 gratiae
1277 4216 1516 4272 divinae
1539 4217 1781 4272 dotibus

170 4302 427 4359 cumulate
463 4308 827 4360 exornatum
871 4320 886 4370 ;
927 4304 1138 4376 quales
1175 4307 1277 4377 qui
1319 4311 1480 4373 sunt,
1521 4306 1600 4360 illi
1645 4322 1781 4362 vero

173 4391 390 4448 maxime
410 4395 688 4450 omnium
709 4395 965 4450 existunt
987 4393 1206 4458 idonei,
1232 4395 1358 4468 qui,
1384 4411 1507 4467 qua
1537 4396 1666 4450 luce
1691 4396 1783 4450 di-

171 4475 278 4575 vina
319 4480 708 4575 illustrantur,
751 4481 1324 4575 aliosAperfundant.
1367 4484 1423 4540 Si
1462 4484 1600 4575 quis
1640 4500 1782 4575 ergo
1820 4521 1865 4575 Β

173 4571 258 4631 est.
281 4569 394 4640 qui,
415 4571 633 4628 nucleo
649 4572 897 4644 insuper
915 4571 1143 4636 habito,
1176 4577 1421 4628 externo
1442 4573 1656 4628 cortice
1685 4571 1784 4628 de-

172 4651 398 4727 lectatur,
449 4661 554 4732 qui
610 4661 933 4717 verborum
985 4660 1246 4717 ﬂosculis
1294 4661 1552 4728 ducitur,
1603 4663 1783 4718 rebus

173 4748 510 4820 contemptis,
542 4749 649 4822 qui
670 4755 863 4805 mente
893 4755 1082 4805 terrae
1106 4749 1288 4806 afﬁxa
1313 4749 1663 4806 coelestiain
1686 4751 1789 4806 mi-

176 4832 318 4888 nimis
337 4836 532 4904 habet,
567 4838 662 4893 cui
687 4853 979 4894 nauseam
995 4845 1172 4901 creat.
1197 4839 1491 4912 quidquid
1514 4839 1588 4894 de
1609 4855 1789 4896 carne

177 4923 301 4977 cruci
333 4925 671 4996 deligenda,
712 4933 768 4982 et
805 4927 880 4983 de
914 4935 1202 5000 perpetua
1245 4929 1457 4984 mentis
1497 4928 1573 4984 ad
1604 4930 1786 4984 Deum

179 5010 463 5070 elevations
511 5014 750 5082 dicitur,
801 5021 859 5071 et
895 5017 1000 5089 qui
1051 5017 1330 5089 denique,
1382 5018 1676 5090 quidquid
1713 5018 1791 5073 ad

182 5108 346 5157 veram
366 5103 742 5178 solidamque
763 5121 902 5161 cum
927 5105 1243 5161 devotione
1266 5107 1543 5178 pietatem
1566 5107 1790 5172 attinet,

185 5184 228 5239 in
253 5193 507 5248 extremis
538 5199 742 5253 curat:
768 5209 904 5250 eum
936 5202 1164 5250 certum
1187 5211 1314 5250 esse
1345 5195 1542 5266 iubeo,
1572 5211 1792 5267 nequa-

187 5288 336 5343 quam
363 5297 444 5346 se,
466 5281 636 5353 quod
665 5283 866 5338 iuvare
897 5283 1023 5337 eius
1054 5283 1242 5354 possit
1271 5285 1564 5349 animum,
1593 5283 1687 5339 hic
1713 5301 1796 5340 re-

191 5376 452 5431 perturum
483 5385 640 5425 esse.
671 5370 819 5426 Nam
851 5369 949 5442 qui
980 5372 1094 5428 hac
1127 5378 1320 5427 mente
1353 5388 1470 5427 non
1502 5378 1590 5428 est
1621 5389 1798 5444 prae-

191 5450 338 5520 ditus,
365 5463 427 5512 ut
455 5459 810 5530 posthabitis
840 5459 1020 5515 rebus
1052 5460 1166 5516 sub
1195 5461 1547 5532 adspeetum
1581 5461 1798 5518 caden-

194 5537 341 5608 tibus,
369 5546 617 5604 immoto
655 5548 838 5604 animi
879 5549 1188 5620 proposito
1217 5549 1526 5605 desideriis
1565 5552 1710 5616 suis,
1744 5555 1799 5606 et

197 5634 434 5689 omnibus
471 5637 710 5692 animae
737 5636 966 5693 viribus
1004 5639 1064 5693 in
1106 5638 1442 5709 spiritualia
1471 5638 1796 5711 divinaque

203 5713 384 5778 teratur
412 5739 426 5791 ;
454 5731 511 5783 et
536 5731 744 5784 contra
775 5726 862 5783 vel
883 5726 1107 5797 gloriae
1128 5727 1337 5784 saltem
1366 5744 1512 5784 suae
1533 5727 1796 5796 inservit,

1889 1904 2047 1960 unde
2077 1903 2596 1961 abundantissime
2636 1904 2761 1976 ipse
2792 1903 2948 1958 sitim
2982 1915 3157 1956 suam
3189 1897 3537 1964 restinguat.

1964 2085 2096 2140 XVI.
2137 2085 2290 2151 Quid
2319 2084 2476 2140 enim
2517 2084 2575 2138 in
2607 2081 2822 2137 iisdem
2861 2077 3122 2135 occurrit
3150 2073 3316 2132 aliud
3357 2088 3542 2145 quam

1888 2173 2211 2232 sanissima
2231 2173 2333 2229 illa
2363 2171 2878 2241 saluberrimaque
2903 2169 2963 2224 in
2990 2181 3236 2223 omnem
3268 2160 3542 2219 Christia-

1887 2264 2068 2320 nismi
2091 2270 2320 2335 partem
2339 2262 2625 2331 dogmata
2645 2261 2673 2317 ?
2699 2260 2897 2329 Lapsu
2917 2257 3256 2312 humanum
3276 2267 3464 2322 genus
3486 2251 3571 2329 in.

1889 2360 2202 2426 peccatum
2237 2351 2568 2406 miserrime
2606 2365 2732 2405 esse
2771 2352 3120 2418 corruptum
3151 2347 3208 2399 et
3242 2341 3547 2397 deforma-

1888 2448 2039 2506 tum,
2074 2447 2394 2497 utaversae
2416 2440 2534 2494 iam
2559 2455 2592 2493 a
2614 2438 2730 2493 Deo
2754 2442 2978 2493 mentes
3003 2434 3319 2490 hominum
3343 2430 3421 2485 ab
3443 2427 3549 2483 ad-

1888 2530 2155 2588 versaria
2177 2528 2421 2597 maligni
2445 2526 2684 2599 spiritus
2705 2522 3070 2596 potestatein
3092 2518 3292 2575 omnis
3309 2515 3546 2589 generis

1890 2618 2144 2690 grandia
2182 2623 2430 2690 peccata
2477 2615 2872 2686 abripiantur.
2925 2611 3069 2666 Inde
3108 2608 3317 2665 divina
3357 2606 3550 2675 gratia

1889 2725 2021 2766 esse
2047 2725 2222 2780 opus,
2251 2713 2312 2762 ut
2335 2714 2455 2762 tam
2486 2704 2637 2760 male
2665 2719 2728 2758 se
2755 2701 2986 2758 habens
3017 2715 3088 2754 ex
3115 2702 3362 2769 peccato
3396 2708 3552 2748 mor-

1892 2799 2098 2855 talium
2123 2812 2312 2866 genus
2324 2794 2724 2851 convalescat.
2751 2794 2909 2846 Hanc
2932 2804 3071 2844 vero
3097 2799 3410 2857 nunquam
3429 2795 3552 2837 non

1889 2887 1948 2942 in
1981 2888 2247 2942 animam
2280 2884 2540 2940 hominis
2572 2887 2842 2952 potenter
2872 2877 3126 2948 operari,
3171 2881 3233 2929 ut
3265 2875 3396 2944 ipsa
3428 2885 3552 2925 ere-

1891 2983 1992 3048 pta
2017 2973 2362 3031 adversario
2386 2987 2497 3026 suo
2528 2972 2587 3024 in
2609 2969 2938 3024 libertatem
2957 2965 3270 3020 adseratur
3298 2977 3312 3027 ;
3341 2959 3551 3048 despe-

1890 3045 2150 3120 randum
2173 3078 2300 3117 esse
2324 3058 2550 3116 homini
2571 3058 2644 3113 de
2668 3057 2790 3112 suis
2819 3053 3060 3116 viribus,
3088 3051 3196 3106 nisi
3226 3049 3340 3119 ipsi
3367 3064 3401 3104 a
3426 3045 3551 3116 Spi-

1821 3173 1861 3227 ρ
1890 3157 2002 3210 ritu
2033 3150 2272 3208 coelesti
2298 3149 2552 3220 gratiose
2583 3143 2999 3202 subveniatur.
3045 3139 3342 3196 Christum
3371 3151 3407 3192 a
3431 3137 3550 3190 Deo

1892 3241 2238 3298 hominibus
2277 3239 2641 3293 destinatum
2683 3249 2744 3289 re
2777 3235 2786 3302 |
2820 3231 3198 3302 demptorem
3237 3230 3293 3282 et
3331 3238 3547 3280 omnes

1889 3331 2166 3387 homines
2191 3327 2440 3401 profuso
2468 3324 2761 3394 sanguine
2785 3321 3080 3391 expiasse,
3105 3317 3240 3372 etin
3273 3313 3548 3371 omnium

1891 3421 2146 3476 salutem
2191 3417 2503 3473 hominum
2535 3414 2778 3468 solerter
2819 3408 3187 3465 incumbere.
3220 3402 3391 3471 Quod
3427 3406 3549 3456 tam

1888 3509 2248 3581 frequenter,
2280 3513 2523 3576 tamque
2555 3499 2814 3556 dilucide
2852 3496 3112 3553 inculcat
3142 3492 3460 3581 Macarius,
3493 3494 3553 3543 ut

1891 3601 1970 3653 lo.
1997 3579 2342 3653 Gerhardus
2359 3592 2622 3656 Vossius,
2647 3591 2734 3644 vir
2753 3590 2808 3644 in
2833 3584 3164 3642 evolvenda
3190 3579 3549 3652 antiquitate

1888 3686 2402 3756 diligentissimus,
2427 3682 2485 3735 in
2511 3678 2858 3733 doctissimo
2882 3674 3165 3728 Historiae
3203 3667 3552 3756 Pelagianae

1886 3755 2088 3847 opere,
2103 3788 2240 3827 cum
2255 3770 2315 3825 id
2341 3770 2592 3840 probare
2607 3766 2799 3828 debet,
2821 3761 3141 3817 Macarium
3163 3759 3228 3847 in
3247 3755 3554 3810 doctrinae

1887 3846 2010 3920 tam
2035 3862 2310 3916 salutaris
2336 3863 2546 3913 testem
2568 3854 2924 3910 creberrime
2947 3848 3176 3904 excitet.
3204 3846 3396 3910 Quam
3420 3857 3554 3913 por-

1888 3967 1954 4007 ro
1995 3952 2162 4006 docet
2201 3947 2456 4017 egregie,
2489 3942 2734 4017 quantis
2767 3938 2995 3996 insidiis
3035 3942 3280 3991 satanas
3317 3930 3553 3986 animas

1889 4041 2203 4096 hominum
2223 4033 2672 4096 circumveniat,
2689 4042 2995 4100 quamque
3008 4026 3350 4080 constanter
3366 4018 3554 4074 homi-

1891 4145 2037 4184 num
2070 4125 2324 4182 salutem
2357 4127 2615 4179 evertere
2653 4118 2912 4175 studeat.
2956 4117 3189 4180 Quauta
3220 4106 3555 4164 certamina

1890 4215 2117 4274 homini
2172 4215 2426 4269 salutem
2480 4209 2868 4282 acquisituro,
2920 4218 3106 4276 quam
3154 4197 3552 4259 vehementia,

1891 4321 2200 4380 quamque
2224 4301 2491 4358 difficilia
2513 4316 2617 4371 per
2637 4313 2818 4354 omne
2850 4296 3006 4350 vitae
3030 4297 3267 4362 tempus
3285 4286 3402 4380 sint
3427 4300 3556 4380 sus.

1893 4375 2188 4452 stinenda.
2218 4394 2452 4458 Quanta
2479 4405 2617 4444 cum
2642 4385 2958 4442 devotione
2985 4389 3042 4436 et
3076 4394 3260 4453 quam
3280 4375 3556 4433 ardenter

1893 4500 2127 4556 semper
2144 4497 2350 4554 preces
2365 4480 2441 4536 ad
2467 4480 2652 4534 Deum
2673 4476 2787 4532 sint
2809 4470 3189 4560 fundendae.
3206 4469 3396 4560 Quam
3421 4461 3556 4560 dili-T

1894 4579 2101 4644 genter
2121 4571 2200 4627 ad
2227 4586 2319 4625 res
2343 4567 2578 4623 divinas
2599 4579 2814 4621 omnes
2841 4560 3028 4618 animi
3056 4556 3411 4628 cupiditates
3438 4556 3558 4606 sint

1895 4643 2254 4731 alligandae.
2275 4657 2342 4714 Et
2364 4657 2642 4727 denique,
2672 4659 2734 4708 ut
2759 4650 3012 4707 breviter
3044 4643 3406 4716 complectar
3426 4655 3559 4694 om-

1898 4751 2017 4814 nia,
2045 4747 2191 4821 quid
2215 4752 2429 4803 natura
2443 4745 2518 4800 sit
2544 4750 2600 4799 et
2625 4741 2836 4812 gratia,
2857 4737 3078 4810 quibus
3095 4731 3283 4802 signis
3308 4734 3557 4826 utraque

1899 4838 2321 4908 dignoscatur:
2355 4849 2477 4906 quo
2503 4835 2658 4887 certe
2680 4831 2738 4884 in
2767 4829 2958 4899 capite
2990 4835 3290 4878 summam
3323 4830 3559 4888 sapien-

1900 4927 2018 4984 tiae
2047 4925 2372 4981 consistere
2406 4921 2569 4993 apud
2601 4917 2966 4974 Christianos
3007 4910 3281 4968 omnium
3313 4911 3399 4961 est
3429 4919 3557 4958 cer-

1902 5015 2220 5072 tissimum.
2258 5015 2321 5068 Et
2353 5010 2613 5083 profecto
2643 5008 2739 5062 vix
2773 5004 2968 5060 videre
2995 5017 3058 5056 ex
3094 4997 3388 5053 veteribus
3420 5007 3559 5083 con-

1905 5103 2028 5172 tigit
2072 5103 2282 5161 ullum.
2326 5082 2480 5155 unde
2522 5104 2642 5154 tam
2684 5093 3012 5151 luculenter
3056 5089 3296 5143 divinae
3334 5082 3558 5155 gratiae

1904 5194 2282 5264 Operationes
2308 5196 2360 5244 et
2391 5186 2654 5243 indolem
2678 5185 2840 5240 licuit
2871 5180 3205 5238 addiscere.

1978 5370 2136 5426 XVII.
2167 5369 2231 5424 In
2248 5364 2646 5440 pulcherrimo
2672 5377 2814 5418 vero
2835 5360 2949 5416 hoc
2966 5370 3209 5428 corpore
3231 5351 3280 5407 si
3309 5348 3560 5440 quidam

1907 5439 2436 5528 deprehendantur
2462 5454 2636 5508 naevi
2669 5467 2681 5505 :
2715 5448 2864 5522 quid
2892 5449 3114 5504 mirum
3141 5448 3248 5506 est,
3282 5440 3331 5496 si
3361 5445 3414 5494 et
3445 5439 3560 5528 Ma:

1909 5524 2106 5604 carius
2147 5546 2321 5601 fuerit
2371 5546 2554 5600 homo
2603 5539 2841 5596 errandi
2893 5532 3152 5592 facilitati
3194 5528 3500 5602 expositus
3537 5524 3566 5580 ?

1908 5639 2022 5693 Nec
2044 5652 2114 5692 ex
2137 5636 2302 5690 omni
2322 5632 2672 5704 antiquitate
2705 5628 2826 5684 sisti
2859 5625 3041 5698 possit
3073 5623 3250 5690 ullus,
3276 5619 3377 5692 qui
3409 5617 3562 5673 labis

1907 5725 2106 5782 omnis
2129 5736 2184 5780 et
2214 5723 2429 5781 erroris
2453 5720 2855 5792 fueritexpers
2881 5717 2892 5770 !
2920 5714 3193 5773 Statuerit
3213 5723 3356 5778 ergo
3381 5709 3564 5762 Maca-
