4086 6194
490 290 598 347 367
1522 282 1861 339 ANDREAE
1900 280 2287 338 GALLANDII
2329 279 2864 337 PROLEGOMENA
3040 358 3045 361 ι
3781 284 3870 340 368

485 405 2152 485 rius,angelisquoqueessecorpnsquoddamtenue(t):
2186 405 2231 460 A
2268 405 2494 459 stianae
2532 404 2832 474 religionis
2869 404 3222 461 detrimento
3263 405 3454 461 omitti
3492 404 3708 476 nequit.
3743 405 3871 462 Cum

490 496 2155 573 c‘ondonemusipsiqualemcunquehuncerrorem,cum
2266 494 2423 549 enim
2453 493 2514 548 in
2544 493 2853 564 palmariis
2880 494 3304 565 etcapitalibus
3326 493 3469 550 ﬁdei
3500 494 3872 550 sanctissimae

490 593 693 649 Patres
721 590 1007 646 Ecclesiae
1038 586 1360 643 venerandi
1387 584 1669 651 nominis,
1716 583 1805 639 vel
1840 585 1848 654 |
1884 583 1968 639 uti
2000 583 2160 637 Basi-
2267 582 2562 654 capitibus
2590 586 2778 637 rectas
2803 581 3017 655 aliquis
3045 582 3204 639 fovet
3228 584 3559 655 opiniones,
3593 582 3640 637 si
3663 590 3876 655 propter

491 682 626 745 lius,
660 680 938 750 Ephrem.
974 678 1224 750 Cyrillus
1251 673 1709 741 Alexandrinus,
1742 671 2155 740 Tertullianus,
2267 672 2569 742 quaedam
2618 672 2819 726 minus
2860 671 3009 726 bene
3040 671 3198 727 dicta
3228 671 3657 727 condemnetur
3685 673 3876 737 statim,

493 769 896 841 Augustinus,
948 766 1225 829 Hilarius,
1276 762 1634 832 Fulgentius,
1664 761 1987 825 Arnobius,
2018 761 2159 815 Cas-
2268 764 2584 815 censentur
2607 759 2835 831 reliqua
2855 776 3095 832 quoque
3115 762 3242 815 eius
3269 776 3399 815 esse
3422 774 3666 815 erronea
3685 767 3736 815 et
3756 775 3878 816 con-

496 859 725 927 sianus,
757 852 977 928 aliique
1024 855 1244 926 plures,
1274 851 1601 907 adnotante
1648 850 1832 905 etiam
1880 850 2155 916 Possino,
2266 848 2632 904 demnanda.
2665 849 2790 914 Quo
2822 865 2966 904 casu
2998 864 3174 921 saepe
3200 849 3543 921 contingere
3568 847 3778 917 videas,
3810 854 3879 912 ut,

495 945 756 1003 eundem
795 944 1136 999 erraverint.
1180 941 1238 995 Si
1269 955 1425 1012 quae
1466 944 1521 994 et
1565 953 1744 1010 porro
1783 942 1920 992 sunt
1959 938 2017 992 in
2048 936 2155 992 do-
2267 953 2423 1010 quae
2444 937 2835 994 admirandae
2852 938 2909 993 in
2927 938 3275 1008 religionem
3293 937 3883 994 Christianamutilita-

499 1034 804 1106 gmatibns
825 1032 1001 1087 ﬁdem
1017 1029 1425 1095 attinentibus,
1449 1027 1508 1083 in
1532 1026 1755 1099 quibus
1783 1028 1984 1082 minus
2001 1029 2158 1081 recte
2266 1025 2341 1081 tis
2371 1041 2519 1092 esse,
2548 1030 2605 1081 et
2634 1041 2759 1081 rem
2790 1027 3021 1098 pietatis
3045 1033 3282 1083 strenue
3311 1026 3594 1082 adiuvare
3622 1028 3883 1097 poterant,

499 1122 757 1179 sensisse
783 1120 1033 1183 videtur,
1067 1134 1139 1175 ea
1160 1117 1219 1173 in
1250 1118 1449 1189 ipsum
1482 1121 1720 1171 utamur
1744 1115 1926 1171 animi
1959 1114 2160 1186 aequi-
2269 1131 2403 1170 eum
2438 1116 2569 1185 ipsa
2594 1114 2809 1185 pietate
2833 1114 3006 1171 ﬂocci
3032 1115 3178 1171 ﬁant
3209 1119 3265 1171 et
3304 1114 3764 1187 proscribantur.

498 1216 640 1276 tate,
694 1224 882 1281 quam
931 1207 1175 1279 reliquis
1213 1207 1484 1262 Patribus
1533 1206 1789 1275 graviter
1828 1202 2159 1275 aliquando
2339 1203 2512 1259 XVIII.
2569 1205 2765 1260 Restat
2811 1209 2875 1260 ut
2917 1203 3259 1261 testimonia
3302 1202 3510 1277 aliqua
3551 1202 3625 1258 de
3662 1201 3885 1258 Macario

499 1296 1009 1355 hallucinantibns
1038 1294 1513 1367 haudquaquam
1540 1292 1898 1348 invidemus.
1923 1293 2071 1347 Nam
2098 1289 2161 1346 id
2271 1291 2680 1348 subiiciamus.

503 1392 561 1444 et
584 1386 841 1443 charitas
853 1384 1192 1442 Christiana
1209 1382 1494 1455 exposcit,
1518 1387 1573 1438 et
1590 1382 1714 1437 sine
1737 1396 1977 1437 summo
1992 1380 2156 1437 Chri-

1893 1504 2106 1569 Suidas
2149 1505 2213 1567 in
2260 1505 2545 1569 Macario.

580 1646 706 1699 Duo
737 1642 975 1699 fuerunt
998 1641 1233 1698 Macarii
1260 1641 1529 1697 eiusdem
1559 1640 1822 1697 nominis
1856 1646 2036 1713 atque
2067 1640 2168 1696 de-

2349 1642 2449 1692 Δύο
2514 1642 2737 1710 ἐγένοντο
2810 1638 3075 1713 Μακάριοι
3144 1640 3413 1711 ὁμώνυμοι
3482 1642 3571 1691 καὶ
3622 1636 3891 1711 περιϐόητοι

509 1731 730 1789 cantati
762 1737 1003 1803 propter
1033 1730 1313 1786 exercitia
1343 1730 1698 1795 studiorum,
1727 1730 1934 1793 vitam,
1968 1745 2122 1785 more

2282 1727 2355 1783 δι’
2385 1730 2635 1792 ἄσκησιν,
2671 1724 2765 1780 διὰ
2794 1726 2929 1801 ⁸Βίου,
2965 1725 3060 1781 διὰ
3092 1732 3303 1802 τρόπον,
3358 1724 3453 1781 διὰ
3490 1729 3554 1779 τὰ
3597 1729 3891 1799 μαθήματα·

506 1824 687 1892 atque
700 1820 1111 1891 disciplinam.
1131 1820 1288 1875 Alter
1303 1819 1553 1891 quidem
1572 1818 1920 1891 Aegyptius,
1936 1819 2037 1890 qui
2068 1835 2119 1873 m

2287 1820 2312 1870 ὁ
2370 1821 2458 1889 μὲν
2512 1817 2800 1889 Αἰγύπτιος
2853 1818 3251 1889 θαυματουργός
3298 1813 3381 1881 ἧν,
3421 1822 3511 1868 καὶ
3548 1818 3676 1887 μετὰ
3718 1823 3798 1868 τοῦ
3833 1814 3900 1867 εὖ·

505 1908 708 1965 racula
740 1908 978 1973 edebat,
1006 1924 1078 1963 ac
1097 1907 1380 1977 religiosa
1401 1908 1753 1963 cautionein
1778 1923 1901 1972 eos,
1937 1908 1948 1977 |
1979 1906 2082 1980 qui
2110 1924 2118 1962 ε

2289 1905 2468 1967 λαϐοῦς
2540 1909 2670 1979 πρὸς
2724 1908 2843 1967 τοὺς
2916 1907 3331 1977 ἐντυγχάνοντας
3406 1905 3665 1979 αὐστηρός
3704 1922 3717 1935 °
3776 1905 3799 1955 ὁ
3856 1899 3902 1955 δι

507 1997 970 2062 conveniebant,
992 2003 1118 2052 erat
1143 2012 1409 2052 severus.
1433 1996 1590 2052 Alter
1610 1996 2046 2052 Alexandrinus
2073 2011 2120 2067 pi

2289 1991 2653 2068 Ἀλεξανδρεὺς
2718 1996 2854 2047 κατὰ
2921 1996 3088 2046 πάντα
3153 1994 3221 2045 ὢν
3289 1993 3656 2068 παραπ)ἡσιος
3706 2000 3769 2063 τῷ
3829 1991 3902 2046 Δί-

512 2085 720 2141 omnia
750 2085 964 2141 similis
995 2085 1291 2158 Aegyptio
1319 2093 1374 2141 et
1400 2085 1705 2141 humanus
1732 2102 1745 2137 :
1774 2084 1928 2141 adeo
1966 2084 2125 2140 hum:

2287 2088 2491 2156 γυπτίῳ
2539 2088 2630 2136 καὶ
2689 2083 2862 2157 ἱλαρός
2897 2100 2909 2113 ⁸
2953 2083 3116 2145 οὕτως
3173 2082 3352 2156 ἱλαρὸς
3408 2080 3471 2142 ἧν
3523 2090 3628 2146 τοῖς
3681 2084 3900 2153 ἐντυγχά-

512 2189 628 2231 nus
663 2182 789 2230 erat
819 2188 961 2243 erga
999 2190 1122 2238 eos,
1156 2174 1260 2246 qui
1292 2190 1354 2229 se
1388 2174 1848 2238 conveniebant,
1883 2179 1945 2228 ut
1972 2173 2125 2245 lepid

2288 2194 2460 2240 νουσι,
2517 2179 2605 2226 καὶ
2666 2181 2737 2242 τῲ
2809 2175 3237 2248 χαριεντίζεσθαι
3297 2176 3421 2234 τοὺς
3473 2176 3610 2233 νέους
3660 2168 3747 2243 ἦγε
3797 2174 3900 2244 πρὸς

513 2262 851 2319 urbanitate
884 2262 1105 2318 utendo
1134 2263 1374 2318 iuvenes
1405 2263 1481 2318 ad
1513 2262 1784 2318 exercitia
1801 2277 2126 2332 provocare

2291 2264 2327 2316 ἄ
2392 2264 2401 2332 |
2463 2281 2654 2320 σκησιν
2688 2281 2699 2294 ·
2730 2264 2924 2314 τούτων
2956 2261 3205 2333 Εὐάγριος
3250 2268 3523 2334 γενόμενος
3561 2263 3783 2333 μαθητής
3826 2264 3899 2316 τὴν

514 2351 741 2407 Horum
774 2352 1060 2421 Evagrius
1101 2350 1429 2423 discipulus
1461 2350 1674 2417 factus,
1708 2350 1878 2407 factis
1909 2350 2127 2422 philosc

2294 2349 2368 2405 δι’
2427 2353 2588 2424 ἔργων
2641 2350 2944 2423 φιλοσοφίαν
3002 2349 3281 2414 ἐκτήσατο,
3338 2357 3585 2425 πρότερον
3620 2350 3745 2421 λόγῳ
3788 2352 3901 2421 μόνῳ

510 2441 718 2512 phiam
743 2441 1026 2509 exercuit,
1053 2442 1155 2513 qui
1177 2442 1346 2512 prius
1373 2440 1569 2495 verbis
1602 2441 1896 2495 duntaxat
1923 2438 2123 2510 philos

2294 2441 2569 2513 φιλόσοφος
2624 2444 2728 2491 ὧν·
2772 2439 2825 2502 ὃς
2874 2443 2922 2493 ἐν
2969 2444 3359 2494 Κωνσταντίνου
3408 2440 3553 2493 πόλει
3598 2441 3691 2492 ὑπὸ
3741 2444 3900 2511 Γρηγο·

512 2529 835 2600 phabatur.
862 2530 973 2595 Qui
997 2528 1575 2601 Constantinopolita
1587 2530 1867 2600 Gregorio
1884 2527 2125 2598 Theolog

2291 2535 2406 2602 ρίου
2457 2537 2549 2581 τοῦ
2600 2529 2850 2600 Θεολόγου
2904 2528 2971 2589 εἰς
3000 2534 3093 2588 τὴν
3138 2536 3229 2581 τοῦ
3277 2524 3526 2581 διακόνου
3565 2527 3898 2603 προεχειρίσθη

514 2617 576 2672 in
603 2617 995 2673 diaconorum
1023 2617 1291 2673 adscitus
1313 2623 1403 2673 est
1428 2618 1722 2681 ordinem.
1753 2618 1899 2690 quin
1925 2617 2127 2672 etiami

2293 2618 2474 2682 τάξιν·
2537 2616 2664 2670 ἀλλὰ
2714 2622 2805 2670 καὶ
2856 2616 2907 2680 ἐς
2945 2622 3038 2677 τὴν
3094 2620 3355 2689 Αἴγυπτον
3410 2617 3683 2687 κατελθὼν,
3712 2621 3904 2676 καὶτοῖς

516 2708 853 2777 Aegyptum
880 2706 1206 2777 profectus,
1226 2705 1285 2760 in
1308 2706 1648 2777 praedictos
1669 2706 1875 2762 incidit
1895 2706 2079 2768 viros,
2103 2721 2129 2760 a

2299 2707 2659 2780 προλεχθεῖσιν
2754 2705 2986 2778 ἐντυχὼν
3060 2704 3310 2779 ἀνδράσι,
3383 2711 3467 2760 τὸν
3556 2707 3745 2759 ἐκείνων
3820 2702 3912 2777 βίον

516 2810 637 2867 que
654 2794 888 2850 illorum
910 2795 1092 2851 vitam
1120 2794 1458 2851 aemulatus
1478 2802 1588 2851 est.
1611 2794 1700 2850 Ab
1722 2795 1835 2851 hoc
1856 2794 1991 2850 libri
2011 2793 2129 2850 valc

2294 2796 2528 2857 ἐζήλωσε
2556 2814 2568 2825 ·
2603 2798 2770 2867 τούτῳ
2807 2794 2989 2867 βιϐλία
3026 2797 3156 2868 ἄγαν
3190 2793 3466 2873 σπουδαῖα
3514 2800 3900 2869 συγγέγραπται·

516 2896 729 2952 graves
751 2887 807 2939 et
836 2883 969 2939 serii
996 2883 1315 2954 conscripti
1338 2890 1494 2949 sunt,
1523 2900 1784 2956 quorum
1810 2900 1965 2939 unus
1992 2885 2129 2938 Man

2294 2888 2361 2938 ὧν
2417 2890 2473 2939 τὸ
2554 2889 2643 2957 μεν
2692 2888 2995 2957 Μοναχὸς
3046 2884 3075 2943 ἢ
3146 2889 3267 2957 περὶ
3329 2892 3626 2958 πρακτικῆς
3672 2886 3906 2955 ἐπιγέγρα-

516 2971 646 3027 chus
674 2972 796 3027 sive
823 2972 897 3027 de
930 2972 1047 3027 vita
1076 2972 1271 3028 activa
1306 2972 1637 3044 inscriptus
1686 2978 1816 3039 est;
1856 2972 2003 3028 alter
2043 2972 2129 3027 Gn

2294 2994 2461 3029 πται·
2496 2978 2554 3027 τὸ
2603 2970 2661 3027 δὲ
2716 2973 3144 3034 Γνωστικὸςῆ
3196 2978 3317 3047 περὶ
3372 2982 3474 3026 τῶν
3529 2972 3904 3036 καταξιωθέντων

524 3061 692 3115 sticus
732 3060 855 3116 sive
902 3060 976 3116 de
1015 3060 1086 3115 iis
1125 3060 1225 3131 qui
1287 3061 1645 3130 cognitionis
1686 3077 1933 3117 munere
1980 3061 2137 3117 dona

2303 3070 2573 3137 γνώσεως·
2645 3063 2896 3135 κεφάλαια
2963 3058 3021 3115 δὲ
3098 3062 3261 3114 αὐτοῦ
3334 3068 3651 3122 πεντήκοντα
3690 3078 3702 3091 '
3770 3063 3820 3111 τὸ
3871 3054 3916 3109 δὲ

522 3155 661 3204 sunt
686 3150 913 3221 ;capita
943 3165 1082 3204 vero
1104 3151 1231 3205 eius
1260 3149 1395 3204 libri
1429 3151 2022 3222 suntquinquaginta
2046 3166 2060 3215 ;
2081 3156 2131 3205 te

2297 3152 2802 3227 Ἀντιῤῥητικόν,
2851 3154 2983 3224 πρὸς
3036 3154 3157 3211 τοὺς
3208 3153 3552 3225 πειράζοντας
3598 3144 3908 3221 δαίμονας,έν

515 3236 637 3291 tius
650 3238 694 3291 Α
706 3237 1063 3292 ntirrheticus
1077 3238 1154 3294 ad
1171 3254 1377 3292 versus
1393 3243 1683 3294 tentantes
1704 3239 2031 3293 daemones
2054 3254 2125 3293 oc

2297 3242 2429 3294 ὀκτὼ
2462 3238 2775 3315 διῃρημένον
2830 3244 3029 3313 μέρεσι,
3071 3241 3210 3292 κατὰ
3246 3242 3333 3292 τὸν
3394 3238 3611 3315 ἀριθμὸν
3666 3246 3756 3290 τῶν
3804 3234 3910 3287 ὀκτὼ

518 3322 835 3379 distinctus
861 3326 1151 3395 partibus,
1177 3326 1513 3381 secundum
1541 3342 1860 3381 numerum
1884 3331 2017 3382 octo
2030 3340 2131 3394 cog

2296 3330 2558 3402 λογισμῶν
2593 3349 2606 3363 ·
2679 3333 2768 3381 καὶ
2824 3328 3073 3391 ἑξακόσια
3136 3331 3514 3399 προγνωστικὰ
3565 3326 3909 3402 προϐλήματα·

517 3412 831 3467 tationum.
850 3414 993 3467 ltem
1016 3420 1294 3467 sexcenta
1314 3413 1702 3483 Prognostica
1722 3413 2117 3478 Problemata,

2299 3424 2386 3472 καὶ
2416 3421 2656 3492 στιχηρὰ
2702 3417 2776 3491 β’,
2804 3418 2855 3470 ἔν
2884 3420 3013 3489 πρὸς
3059 3420 3181 3477 τοὺς
3229 3415 3278 3468 ἐν
3310 3415 3585 3477 κοινοϐίοις
3608 3418 3637 3476 ἦ
3680 3409 3912 3469 συνοδίαις

518 3497 911 3554 Elementaria
964 3501 1108 3567 duo,
1155 3517 1340 3556 unum
1382 3503 1457 3555 ad
1501 3502 1829 3557 monachos
1869 3503 1927 3557 in
1967 3519 2131 3557 coenc

2299 3510 2584 3580 μοναχούς,
2638 3511 2725 3559 καὶ
2777 3506 2824 3559 ἓν
2863 3509 2991 3578 πρὸς
3021 3509 3115 3563 τὴν
3146 3507 3430 3577 παρθενίαν
3461 3523 3472 3535 ·
3516 3511 3607 3558 καί
3658 3522 3776 3577 φησι
3808 3500 3912 3551 κατὰ

521 3585 635 3641 hiis
658 3593 760 3641 aut
780 3588 1187 3643 contuberniis
1212 3588 1490 3655 viventes,
1515 3591 1766 3645 alterum
1792 3591 1869 3645 ad
1893 3592 2134 3661 virginui

2302 3597 2430 3659 λέξιν
2464 3613 2475 3625 ·
2538 3596 2739 3656 οὕτως
2779 3593 3134 3665 ἀναγκαῖον
3190 3597 3302 3655 τὰς
3341 3591 3541 3654 ὀδοὺς
3608 3601 3717 3645 τῶν
3763 3606 3915 3664 προο-

528 3677 789 3731 coetum.
817 3678 1006 3750 Atque
1044 3678 1192 3732 haec
1223 3686 1359 3734 sunt
1390 3680 1516 3734 eius
1568 3680 1749 3735 verba
1780 3697 1793 3735 :
1836 3680 2053 3737 Necesse
2091 3698 2140 3735 es

2301 3682 2680 3738 δευσάντων
2766 3691 3069 3755 μοναχῶν
3146 3681 3357 3754 ὀρθῶς
3452 3679 3787 3755 διερωτᾴν,
3837 3678 3914 3727 καὶ

528 3770 594 3819 ut
633 3763 751 3818 vias
800 3782 1008 3831 eorum,
1070 3767 1164 3839 qui
1206 3776 1641 3839 praecesserunt,
1691 3770 2069 3825 monachorum
2114 3788 2139 3825 s

2298 3778 2452 3847 πρὸς
2512 3773 2725 3834 αὐτὰς
2764 3773 3269 3844 κατορθοῦσθαι
3302 3786 3317 3801 ⁶
3376 3771 3574 3824 πολλὰ
3608 3772 3721 3843 γάρ
3759 3771 3911 3819 ἐστιν

527 3852 654 3908 dulo
696 3854 1025 3926 indagemus,
1085 3866 1133 3912 et
1188 3858 1257 3911 ad
1311 3875 1494 3913 eorum
1560 3875 1807 3913 normam
1850 3858 2140 3930 dirigamu:

2299 3862 2404 3913 ὑπ’
2461 3861 2671 3914 αὐτῶν
2712 3863 2788 3912 τὰ
2822 3861 3103 3934 ῥηθέντα
3141 3864 3252 3911 καὶ
3314 3862 3688 3933 πραχθέντα
3717 3855 3910 3913 καλῶς,

528 3942 703 3999 Multa
729 3943 807 3999 ab
834 3944 903 3998 iis
930 3951 987 3999 et
1011 3945 1171 4000 dicta
1197 3951 1253 3999 et
1278 3944 1436 4002 facta
1466 3953 1603 4003 sunt
1628 3954 1803 4017 certe,
1844 3949 1993 4003 inter
2032 3965 2141 4019 qua

2299 3953 2355 4003 ἓν
2417 3950 2509 4009 οἶς
2548 3954 2651 4001 καὶ
2706 3954 2898 4001 τοῦτο
2958 3967 3056 4008 τις
3128 3949 3356 4019 ἔφησε,
3416 3952 3532 4007 τὴν
3594 3947 3911 4018 ξηροτέραν

526 4037 582 4086 et
612 4032 725 4086 hoc
747 4033 1050 4105 quispiam
1072 4034 1240 4098 dixit,
1267 4036 1572 4091 aridiorem
1602 4044 1649 4091 et
1688 4052 1940 4107 asperam
1971 4039 2139 4092 vivent

2300 4043 2400 4091 καὶ
2442 4036 2775 4110 ἀνώμαλον
2806 4034 3099 4101 δίαιταν,
3156 4034 3380 4109 ἀγάπῃ
3441 4036 3910 4106 συζευχθεὶσαν.

532 4122 801 4175 rationem
830 4138 949 4177 cum
987 4123 1254 4178 charitate
1292 4125 1595 4195 copulatam
1632 4125 1863 4182 celerius
1900 4126 2145 4197 perducei

2303 4131 2531 4181 θᾶττον
2572 4124 2829 4198 διάγειν
2870 4130 2972 4179 τὸν
3009 4129 3301 4197 μοναχὸν
3344 4144 3437 4188 εις
3477 4124 3802 4178 ἀπάθειαν.

534 4208 849 4263 monachum
873 4211 944 4263 ad
971 4210 1332 4279 adfectionum
1365 4214 1706 4268 vacuitatem.

678 4311 759 4351 J0.
801 4313 1129 4353 TRITHEMIUS
1172 4316 1238 4354 DE
1279 4316 1663 4357 SCRIPTORIBUS
1703 4317 2020 4358 ECCLESIAE.
2223 4336 2266 4390 Β
2440 4320 2645 4360 PETRUS
2690 4319 2885 4359 POIRET
2925 4320 2990 4358 DE
3031 4318 3358 4358 ERUDXTIONE
3398 4314 3795 4360 SUPERFIGIARIA

601 4383 879 4439 Macarius
908 4385 1203 4441 Monachus
1230 4389 1545 4459 Aegyptius,
1578 4397 1627 4444 et
1648 4390 1789 4445 beati
1817 4391 2005 4446 Patris
2037 4392 2046 4463 |
2079 4392 2190 4446 An-
2225 4383 2260 4390 ⁷
2959 4408 3015 4461 p.
3053 4408 3133 4445 in.
3169 4395 3297 4447 202.

532 4472 672 4527 lanii
700 4474 965 4543 quondam
993 4473 1316 4545 discipulus,
1348 4478 1437 4531 vir
1468 4478 1681 4533 devotus
1720 4488 1768 4534 et
1815 4482 2190 4536 sanctissimae
2369 4481 2614 4539 Macarii
2644 4479 2964 4552 Aegyptiaci
2995 4479 3361 4535 admirabiles
3412 4487 3465 4535 et
3514 4479 3701 4533 divina
3726 4484 3912 4545 prorm

530 4563 968 4627 conversationis,
1031 4563 1098 4618 de
1146 4581 1245 4636 quo
1296 4566 1468 4621 multa
1520 4569 1799 4624 miracula
1850 4578 2181 4637 narrantur,
2297 4572 2571 4642 sapientia
2594 4568 2925 4624 abundantes
2958 4568 3256 4624 Homiliae.

526 4651 781 4721 quomodo
840 4651 1001 4706 etiam
1060 4660 1402 4710 mortuorum
1454 4672 1602 4711 voces
1658 4658 1720 4712 de
1772 4658 2033 4729 sepulcris
2088 4676 2187 4730 pro
2372 4660 2500 4714 XIX.
2545 4658 2698 4714 Nihil
2728 4673 2888 4712 nunc
2918 4664 3098 4712 restat
3129 4656 3413 4728 amplius,
3453 4671 3634 4728 quam
3666 4656 3724 4707 ut
3752 4651 3906 4705 lecto-

532 4738 660 4808 βᾶθί
684 4740 1097 4810 conﬁrmatione
1112 4744 1442 4813 impetravit.
1464 4746 1684 4801 Claruit
1709 4747 1883 4801 multa
1901 4749 2187 4803 sanctitate
2298 4765 2423 4804 rem
2453 4746 2806 4803 benevolum
2830 4761 3132 4815 rogemus,
3165 4760 3342 4814 aegre
3374 4762 3448 4801 ne
3469 4745 3634 4807 ferat,
3660 4741 3703 4796 si
3726 4734 3909 4794 menda

526 4826 621 4881 sub
674 4827 1023 4885 Constantino
1075 4838 1125 4885 et
1169 4832 1483 4889 Constantio
1515 4835 1869 4906 Principibus
1915 4855 2057 4893 anno
2086 4838 2188 4892 Do-
2300 4836 2735 4909 typographica
2758 4834 2905 4889 forte
2932 4833 3148 4889 alicubi
3186 4840 3525 4890 occurrant.
3559 4834 3743 4901 Neque
3775 4824 3905 4880 enim

528 4915 669 4968 mini
695 4920 816 4971 350.
846 4917 1016 4973 Cuius
1043 4928 1188 4990 gesta
1216 4922 1479 4978 habentur
1508 4925 1567 4978 in
1607 4925 1749 4981 Vitis
1778 4926 2035 4981 Patrum.
2298 4923 3098 4994 adesselicuitspeciminum
3117 4921 3616 4977 emendationi.Si
3637 4930 3777 4990 quae
3792 4924 3906 4967 vero

536 5018 770 5058 mrsrsn.
814 5021 1110 5069 INIQUITAT.
1179 5026 1425 5066 AUCTORE
1464 5028 1521 5067 ιι.
1564 5029 1615 5068 Β.
1658 5029 1708 5068 F.
1748 5030 1801 5068 Β.
1855 5030 1988 5086 pag.
2031 5018 2149 5071 209.

2297 5014 2575 5082 relegenti
2618 5012 2934 5067 Macarium
2987 5027 3049 5067 se
3103 5010 3467 5075 obtulerunt,
3523 5006 3682 5063 eain
3718 5001 3907 5057 calcem

609 5090 674 5148 Β.
723 5093 1001 5150 Macarius
1058 5098 1293 5168 scriptor
1348 5101 1804 5171 religiosissimus,
1868 5111 1915 5157 et
1967 5103 2035 5158 de
2086 5121 2187 5175 quo
2295 5103 2429 5158 libri
2455 5101 2877 5157 adnotavimus
2907 5118 2920 5167 ;
2950 5116 3107 5172 quae
3134 5099 3413 5156 tollantur
3434 5099 3588 5164 licet,
3618 5099 3900 5162 antequam

530 5179 595 5235 Β.
629 5182 855 5238 Aradus
884 5184 1022 5239 mihi
1049 5186 1406 5258 conﬁrmavit,
1434 5191 1627 5259 fuisse,
1653 5207 1774 5247 eum
1820 5191 1974 5247 illum
2011 5192 2187 5248 verba.
2297 5191 2373 5248 ad
2408 5189 2630 5246 librum
2651 5189 2974 5258 legendum
2997 5189 3101 5245 ﬁat
3125 5188 3411 5244 accessio.
3441 5190 3618 5243 Deum
3642 5195 3767 5237 vero
3792 5189 3902 5232 ora-

537 5274 688 5325 tenus
713 5280 883 5342 posset
913 5272 1052 5329 libro
1076 5277 1297 5349 seposito
1322 5278 1581 5335 recitare.
2301 5296 2437 5336 mus
2469 5277 2842 5351 supplicibus
2867 5277 3162 5349 precibus,
3188 5283 3251 5333 ut
3272 5276 3406 5333 libri
3424 5274 3595 5332 huius
3618 5264 3892 5326 lectoribus

2125 5433 2375 5489 NOTAE.

616 5552 708 5635 (1).
735 5556 1195 5635 Macar.__I_iomil.
1241 5560 1391 5635 IV§
1428 5562 1463 5615 9
1502 5578 1562 5635 ῃ.
1612 5566 1702 5628 47,
1746 5566 1833 5629 48,
1882 5565 1957 5620 De
1986 5566 2175 5620 elevat.

2294 5564 2471 5620 Τήιοι.
2522 5563 2615 5618 lib.
2648 5563 2679 5617 Ι
2706 5561 2772 5618 de
2811 5561 3004 5633 Angel.
3039 5578 3157 5634 cap.
3196 5561 3279 5617 II.
3322 5558 3590 5619 Dallaeus
3624 5554 3683 5610 de
3708 5567 3796 5606 usu
3820 5546 3907 5602 Pa-

536 5627 733 5679 msntis
774 5642 889 5697 cap.
955 5627 1029 5683 VI
1082 5647 1135 5700 p.
1193 5635 1311 5687 113.
1344 5627 1612 5690 βοῑαιῑίυε
1666 5627 1826 5691 Τοηι.
1856 5636 1953 5691 ΙΙΙ
1987 5636 2175 5709 Dogm.
2293 5643 2438 5691 trum
2456 5652 2513 5707 p.
2545 5652 2618 5690 m.
2651 5638 2773 5690 268.
