4086 6194
54 158 67 179 ut

189 304 304 363 369
1051 294 1142 350 DE
1182 295 1288 351 SS.
1331 293 1675 350 MACARIIS
1720 290 2074 349 AEGYPTIO
2116 289 2201 347 ET
2242 290 2780 349 ALEXANDRINO.
3522 293 3630 379 37(l

186 427 319 483 suis
348 425 597 498 spiritus
626 422 921 494 impertiat
943 419 1220 491 gratiam,
1245 425 1322 482 et,
1349 435 1471 493 quo
1492 435 1635 475 usus
1662 423 1749 474 est
1771 418 1856 473 in-
1888 417 1933 471 A
1967 415 2325 474 felicitatem,
2372 414 2550 469 nullis
2598 419 2937 486 temporum
2985 415 3246 487 periodis
3290 415 3623 471 terminan-

190 507 1125 571 strumentoaddemonstrandas
1138 508 1537 564 exuberantes
1555 524 1695 563 suas
1709 507 1855 562 divi-
1966 505 2107 559 dam
2130 504 2591 570 viam'dignetur
2614 504 2890 575 dirigere.
2924 506 3284 577 Scripsimus
3305 505 3535 577 Lipsiae
3562 504 3620 558 in

190 604 303 660 tias
328 600 696 673 spirituales,
733 599 1007 664 Macario,
1050 598 1177 654 eius
1206 597 1593 652 divinissimis
1623 597 1856 667 scriptis
1968 595 2113 649 urbe
2136 594 2329 664 patria
2359 594 2452 649 die
2484 595 2547 649 IX
2580 597 2759 650 Martii
2794 598 2963 651 Anno
2996 600 3381 668 recuperatae
3413 593 3620 650 salutis

193 691 420 748 multas
456 688 534 745 ad
567 705 628 744 se
659 687 914 753 allicere,
946 694 1001 744 et
1032 686 1091 743 in
1122 692 1368 752 rectam,
1397 701 1552 756 quae
1585 685 1747 741 ducit
1779 685 1857 741 ad
1969 685 2057 741 cIo
2102 685 2193 740 loc
2226 686 2303 739 lc.
2342 686 2350 751 Ι

916 948 928 1017 |
977 945 1262 1004 SERIES
1282 960 1504 1011 eorum,
1537 959 1690 1018 quae
1720 945 1781 1000 in
1814 943 1923 1001 hoc
1946 944 2097 999 libro
2128 944 2199 999 de
2240 943 2507 1001 Macario
2534 944 2936 1000 continentur.

199 1082 223 1135 I
372 1079 461 1134 De
501 1074 792 1134 Custodia
821 1072 1051 1129 Cordis.
3599 1075 3621 1125 ί

204 1152 249 1207 II
371 1150 458 1204 De
492 1146 864 1214 Per/ectione
888 1144 952 1199 in
977 1143 1237 1213 Spiritu.
3559 1146 3625 1199 33

200 1222 271 1278 ΙΠ
384 1222 462 1276 De
492 1216 795 1275 Oratione.
3563 1215 3631 1267 50

199 1294 269 1349 IV
376 1293 459 1346 De
490 1288 797 1345 Patientia
819 1291 873 1343 et
900 1286 1288 1343 Discretione.
3558 1286 3628 1337 70

203 1366 247 1416 ν
383 1364 470 1418 De
491 1359 841 1417 Elevalione
868 1358 1101 1414 Mentis.
3525 1352 3627 1407 108

200 1435 274 1490 VI
380 1435 467 1489 De
488 1433 819 1488 Charitale.
3529 1427 3629 1479 136

196 1508 301 1562 VII
383 1506 464 1560 De
487 1503 785 1559 Libertate
806 1500 1039 1556 Mentis.
3522 1495 3622 1550 181

196 1578 325 1633 VIII
378 1574 906 1643 Apophthegmata
935 1570 1237 1643 Macariia
1265 1570 1451 1643 Pietroi
1475 1568 1720 1643 Possino
1750 1569 1927 1643 edita.
1970 1641 1979 1643 _
2101 1640 2135 1643 η
3524 1566 3622 1643 231

193 1650 269 1704 1x
376 1640 904 1713 Αροῂὴιὴεργηαεα
940 1642 1195 1698 Macarii
1222 1656 1259 1697 a
1289 1642 1376 1696 lo.
1425 1642 1698 1709 Baptista
1730 1641 2011 1697 Cotelerio
2042 1640 2225 1697 edita.
3525 1640 3629 1713 _2§§

190 1723 236 1776 x
379 1706 462 1773 De
492 1706 759 1771 Macario
800 1714 1029 1771 Retatio
1058 1729 1134 1770 ex
1162 1706 1549 1781 Hieronymo.
3520 1706 3629 1781 2'10

188 1793 259 1847 XI
380 1792 466 1846 De
486 1788 757 1844 Macario
778 1786 1008 1843 Reiatio
1037 1800 1113 1842 ea:
1139 1779 1446 1840 Palladio.
3522 1779 3625 1833 273

185 1862 285 1919 XII
380 1863 467 1916 De
502 1860 771 1916 Macario
800 1858 1109 1927 Excerpla
1134 1872 1210 1913 ex
1242 1855 1634 1911 Cassiodoro'.
3523 1852 3626 1905 279

284 1968 623 2033 [Sequuntur
654 1964 928 2030 Opuscula
956 1978 1080 2028 pag.
1108 1964 1269 2020 1-285,
1303 1966 1417 2012 tum
1436 1979 1461 2009 ι
1480 1962 1646 2033 {iudex
1679 1976 1928 2033 feruere:
1957 1963 2229 2033 verborum
2258 1978 2280 2007 s
2308 1966 2371 2033 et
2391 1979 2415 2009 «
2434 1962 2599 2011 Index
2624 1960 2851 2010 locorum
2880 1960 3176 2022 Scripturae
3206 1973 3337 2023 quae
3366 1960 3424 2007 in
3454 1958 3532 2007 his

1478 2025 1740 2087 Opusculis
1766 2025 1929 2074 obiter
1958 2026 2295 2088 explicantur.
2321 2024 2371 2089 ι]

259 2148 276 2163 ’
304 2146 449 2214 Leg.
484 2145 791 2201 Cassiano.
816 2142 1229 2200 Cassiodorum
1262 2156 1400 2197 cum
1434 2141 1715 2198 Cassiano
1746 2140 2059 2197 confundit
2090 2141 2327 2197 Pritius.
2372 2143 2524 2196 Eoir.

1094 2442 1796 2563 ANDREAE
1904 2442 2714 2565 GALLANDII

1025 2655 1517 2718 PRESBYTERI
1638 2656 1785 2719 CON
1790 2656 2230 2719 GREGATION
2236 2658 2302 2719 IS
2426 2657 2800 2719 ORATORII

1507 2831 2327 2921 PROLEGOMENA

811 3008 869 3053 IN
917 3006 1094 3053 VITAS
1140 3006 1213 3052 ET
1262 3006 1507 3054 SCRIPTA
1547 3008 1631 3055 SS.
1686 3008 2083 3055 MACARIORUM
2132 3009 2406 3054 AEGYPTII
2456 3010 2528 3053 ET
2578 3009 3011 3055 ALEXANDRINI.

652 3127 802 3189 (Bibl.
834 3131 1078 3179 veterum
1110 3128 1326 3179 Patrum
1357 3131 1811 3194 antiquorumque
1840 3131 2159 3194 scriptorum
2192 3130 2676 3180 ecclesiasticorum
2712 3129 2767 3178 T.
2798 3130 2906 3179 VII.
2939 3144 2991 3193 p.
3024 3127 3228 3191 III-Vl.)

1322 3352 1490 3427 [Pag.
1521 3352 1617 3427 III]
1645 3354 1732 3410 De
1763 3353 1822 3410 S.
1864 3354 2133 3411 Macario
2164 3354 2481 3426 Aegyptio.

266 3479 311 3533 Ι.
345 3476 657 3533 Macarius
673 3476 872 3533 senior
896 3491 1112 3547 genere
1132 3479 1480 3550 Aegyptius,
1498 3483 1556 3535 et
1576 3478 1785 3549 Magni
1796 3486 2265 3549 cognomentum
2292 3479 2548 3551 adeptus
2564 3480 2662 3552 (t),
2684 3479 2931 3535 ﬂorente
2946 3477 3144 3535 adhuc
3157 3482 3347 3535 aetate
3369 3493 3612 3535 monas-

197 3568 381 3623 ticum
396 3565 738 3621 institutum
756 3566 1075 3635 amplexus
1091 3566 1383 3633 est.Quod
1396 3568 1641 3639 quidem
1655 3574 1920 3640 tempore
1938 3568 2255 3625 virtutibus
2273 3575 2452 3641 atque
2470 3577 2713 3626 austero
2731 3568 2971 3625 vivendi
2984 3583 3202 3637 genere
3219 3568 3371 3624 adeo
3384 3568 3612 3637 enituit,

192 3663 256 3711 ut
276 3650 731 3729 παδαριογέρωυ,
762 3654 822 3710 id
843 3660 932 3710 est
952 3669 1303 3724 puersenex,
1327 3672 1363 3712 a
1392 3656 1703 3712 monachis
1732 3673 1805 3713 vo

2004 3674 2045 3713 lt‘
2067 3658 2168 3729 (2),
2200 3659 2489 3730 quoniam
2519 3658 2695 3713 citius
2724 3673 2911 3730 quam
2935 3673 3042 3728 pro
3068 3662 3258 3712 aetate
3291 3656 3351 3711 in
3378 3672 3617 3713 monas-

190 3747 343 3801 ticae
354 3742 713 3815 disciplinae
728 3742 941 3799 studiis
958 3743 1603 3816 profecerat.Deinceps
1622 3761 1760 3802 vero
1777 3748 1835 3801 in
1854 3747 2127 3803 intimam
2142 3746 2525 3802 solitudinem
2541 3745 3069 3811 secedens,inSceti
3086 3745 3284 3800 sedem
3298 3746 3499 3815 posuit
3513 3745 3614 3815 (3).

189 3833 295 3890 Ubi
342 3832 603 3903 egregiis
636 3833 947 3904 religiosae
1005 3835 1159 3889 vitae
1208 3835 1636 3890 certaminibus
1684 3835 1962 3907 inclytus,
2000 3835 2390 3907 pluribusque
2440 3836 2667 3905 gratiae
2696 3833 2873 3888 donis
2912 3832 3199 3888 divinitus
3254 3832 3617 3897 cumulatus,

189 3937 381 3979 annos
410 3928 591 3978 natus
629 3921 1037 3994 quadraginta
1061 3922 1138 3978 ad
1166 3924 1567 3980 sacerdotium
1598 3930 1837 3980 evectus
1865 3929 1977 3979 est.
2007 3925 2220 3993 Magno
2248 3923 2577 3979 Athanasio
2604 3922 2897 3994 aequalis,
2931 3924 3143 3990 Magno
3172 3935 3417 3993 quoque
3446 3922 3621 3975 Anto-

189 4012 290 4067 nio
330 4010 643 4068 familiaris
671 4012 778 4081 (4),
828 4026 900 4067 ex
948 4012 1061 4067 hac
1108 4013 1230 4068 vita
1270 4013 1547 4082 migravit
1599 4013 2071 4083 nonagenarius,
2122 4017 2449 4084 postquam
2503 4011 2667 4081 ipsos
2708 4025 2900 4065 annos
2945 4008 3258 4078 sexaginta
3296 4007 3623 4064 solitariam

189 4100 372 4156 Vitam
401 4101 639 4170 egisset,
683 4100 946 4156 Palladio
986 4106 1148 4166 teste,
1175 4102 1281 4173 qui
1309 4108 1363 4157 et
1394 4102 1695 4172 praeclara
1719 4103 1848 4159 eius
1882 4101 2151 4158 facinora
2177 4101 2450 4173 pluribus
2478 4099 2748 4156 edisserit
2780 4099 2878 4169 (5).
2910 4120 2937 4150 ‹‹
2976 4098 3129 4164 Quid
3157 4112 3268 4168 ego
3300 4112 3561 4163 narrem,
3594 4120 3622 4147 ››

189 4230 201 4243 .
238 4190 380 4261 .quit
414 4190 811 4260 Hieronymus
836 4191 936 4258 (6),
987 4208 1015 4241 «
1057 4189 1372 4251 Macarios.
1415 4192 1719 4259 Arsenios,
1770 4192 2130 4263 Serapionas
2159 4194 2219 4246 et
2262 4190 2492 4262 reliqua
2540 4188 2964 4245 columnarum
3003 4186 3213 4243 Christi
3246 4187 3495 4243 nomina
3530 4186 3560 4239 ?
3584 4206 3611 4239 »

201 4277 339 4333 Eius
377 4278 670 4333 memoria
698 4280 758 4333 in
780 4278 1076 4335 Ecclesiae
1103 4279 1345 4336 Latinae
1374 4279 1542 4335 fastis
1568 4280 1667 4336 die
1698 4282 1788 4335 XV
1818 4280 2081 4336 Januarii
2112 4278 2415 4334 recolitur.

269 4366 333 4423 ll.
368 4368 496 4423 Non
515 4365 711 4422 solum
742 4372 942 4422 autem
973 4368 1126 4423 vitae
1153 4367 1469 4424 sanctioris
1496 4368 1781 4425 institutis
1804 4369 2059 4424 eximius
2085 4368 2307 4423 exstitit
2326 4369 2612 4423 Macarius
2641 4365 2987 4437 Aegyptius,
3018 4365 3123 4419 sed
3143 4363 3322 4419 etiam
3354 4362 3627 4421 doctrina

195 4460 510 4527 praestans
530 4470 959 4528 sacrarumque
973 4455 1276 4513 literarum
1291 4456 1542 4513 scientia
1558 4459 1830 4528 apprime
1856 4457 2125 4513 excultus
2159 4456 2337 4512 fuisse
2355 4455 2732 4527 comperitur.
2752 4453 2874 4511 Sub
2895 4454 3023 4510 eius
3040 4453 3283 4509 nomine
3306 4452 3618 4509 circumfe-

193 4549 402 4601 runtur
434 4544 723 4600 Homiliae
753 4546 2377 4618 quinquagintadeintegritatequaedecetChristianos,
2396 4542 2720 4615 spiritualis
2734 4543 2893 4599 succi
2910 4543 3138 4614 plenae.
3168 4544 3281 4598 Has
3305 4543 3534 4613 primus
3548 4557 3616 4598 ex

190 4633 392 4689 codice
433 4633 827 4690 Bibliothecae
857 4634 1069 4704 Regiae
1095 4650 1307 4704 graece
1335 4634 1637 4709 latineque
1667 4635 1851 4691 edidit
1890 4634 2404 4691 Parisiisloannes
2436 4634 2631 4702 Picus,
2655 4632 2716 4687 in
2740 4637 2951 4688 senatu
2984 4630 3294 4688 ναι-ἰδίειιεὶ
3322 4630 3607 4687 classium

186 4720 703 4793 inquisitoriarum
731 4738 975 4794 praeses
1004 4740 1017 4789 ;
1049 4723 1384 4797 eademque
1407 4723 1582 4780 editio
1607 4740 1747 4780 cum
1775 4723 2037 4794 Gregorii
2057 4724 2485 4793 Thaumaturgi
2512 4728 2568 4778 et
2592 4718 3610 4791 BasiliiSeleuciensisoperibusibi-

186 4809 322 4867 dem
352 4811 576 4866 iterum
600 4810 820 4881 prodiit
849 4827 1012 4868 anno
1048 4813 1200 4869 l62t.
1231 4818 1415 4871 Antea
1444 4830 1600 4880 vero,
1630 4829 1791 4871 anno
1822 4814 2063 4869 scilicet.
2085 4814 2326 4877 1594,“
2350 4812 2624 4867 versione
2640 4810 2959 4867 Zachariae
2990 4808 3273 4865 Palthenii
3304 4808 3606 4865 Friedber—

186 4900 386 4968 gensis
424 4898 789 4955 Francofurti
828 4898 1064 4957 fuerant
1092 4918 1183 4965 ea,
1225 4902 1364 4959 dem
1398 4904 1697 4961 Homeliae
1746 4902 2011 4959 secundo
2061 4902 2393 4971 evulgatae.
2432 4905 2622 4973 Atque
2662 4899 2819 4955 hanc
2846 4898 3233 4970 posteriorem
3267 4897 3615 4965 editionem,

190 5001 403 5056 graeco
419 4992 579 5043 textu
593 5002 665 5044 ex
681 5004 828 5044 mss.
849 4990 1034 5045 codici
1046 4991 1337 5063 bus,quos
1354 4992 1412 5047 in
1426 4994 1549 5047 suis
1570 4992 1871 5048 Ecclesiae
1886 4991 2150 5049 Graecae
2170 4991 2567 5047 Monurnentis
2586 4988 2860 5045 excitavit
2880 4986 3198 5043 Cotelerius
3212 4986 3622 5059 ,potissimum

189 5078 504 5147 recensito,
534 5092 604 5133 ac
636 5077 912 5135 versione
937 5078 1331 5136 Paltheniana
1357 5080 1615 5137 subinde
1645 5081 1953 5150 castigata,
1988 5096 2193 5136 rursus
2219 5079 2384 5153 prelo
2415 5077 2718 5135 commisit
2746 5076 2978 5149 Lipsiae
3007 5091 3167 5132 anno
3194 5077 3328 5131 1698
3352 5076 3615 5132 Joannes

1792 5206 2044 5262 NOTAE.

262 5318 335 5391 (1)
380 5316 806 5391 Pallad._Hist.
864 5319 1034 5375 Laus.
1092 5334 1227 5391 cap.
1277 5323 1346 5376 20
1398 5336 1458 5391 p.
1514 5323 1653 5387 924;
1701 5322 1854 5391 Apo-
1962 5320 2273 5391 Tillemont
2326 5319 2636 5376 Mémoires
2684 5318 2825 5374 eccl.
2859 5317 2919 5372 T.
2974 5316 3088 5373 VIII
3133 5331 3192 5388 p.
3246 5316 3347 5372 806
3400 5318 3527 5372 Not.
3563 5318 3631 5371 IV

188 5387 586 5512 pbthegmata
615 5388 855 5445 Patrum
881 5405 981 5460 ap.
1010 5387 1255 5446 Coteler.
1282 5387 1427 5447 Eccl.
1462 5393 1666 5448 Graec.
1701 5387 1848 5448 Mon.
1964 5408 2065 5446 sur
2097 5390 2156 5446 S.
2184 5393 2453 5447 Macaire.

238 5464 296 5512 .I
343 5475 405 5512 ι).
440 5460 566 5512 337.
2035 5462 2113 5512 (5)
2156 5462 2380 5512 Pallad.
2411 5462 2448 5512 l.

238 5464 405 5532 .Ip.
440 5460 566 5514 537.
940 5530 949 5532 _
1014 5531 1017 5532 ί
2035 5462 2113 5532 (5)
2156 5462 2448 5517 Pallad].
2481 5463 2520 5516 I.
2556 5477 2687 5532 cap.
2730 5462 2809 5532 ιθ,

260 5497 615 5671 (ὲ)¹²ἐο”ι“ἕιίι.
648 5530 789 5585 Hist.
825 5530 975 5587 Eccl.
1008 5531 1111 5587 lib.
1142 5533 1206 5587 Ill
1231 5547 1365 5605 cap.
1395 5534 1477 5588 14.
2035 5497 2828 5613 ὶὲἇὲ.“ἰίῗεζὲὶ›ὶί.”Ε“ρῗ¹’ὸὺἴίι
2860 5531 2936 5586 aI.
2992 5530 3177 5585 xxvn
3222 5529 3299 5585 ad
3351 5530 3635 5586 Eustoch.

260 5602 313 5667 (3
377 5600 609 5657 Pallad.
641 5601 681 5657 l.
710 5602 749 5657 l.
779 5618 914 5671 cap.
938 5603 1007 5658 19
1040 5622 1098 5671 p.
1138 5605 1261 5659 921.
1964 5604 2111 5671 θυι,
2166 5606 2219 5659 S.
2285 5608 2515 5659 Hieron.
2564 5605 2713 5671 Opp.
2776 5603 2869 5656 ed.
2941 5602 3155 5657 Veron.
3218 5601 3284 5657 T.
3326 5602 3345 5655 I
3392 5619 3452 5671 p.
3520 5603 3625 5657 698

258 5600 336 5675 (3)
377 5600 609 5675 Pallad.
641 5601 749 5675 1.717.
779 5618 914 5675 cap.
938 5603 1007 5658 19
1040 5622 1098 5675 ρ.
1138 5605 1261 5659 921.
1307 5600 1325 5605 ⁷

2030 5600 2111 5669 Ili,
2166 5606 2219 5659 S.
2285 5600 2713 5675 Hieron.70pp.
2776 5603 2869 5675 ed_.
2941 5602 3155 5675 Veron.
3218 5601 3284 5657 T.
3326 5602 3345 5655 I
3392 5619 3452 5675 p.
3520 5603 3624 5657 698

260 5604 336 5671 (3)
377 5604 609 5657 Pallad.
641 5604 681 5657 l.
710 5604 749 5657 l.
779 5618 914 5675 cap.
938 5604 1007 5658 19
1040 5622 1098 5675 p.
1138 5605 1261 5659 921.
1312 5604 1321 5605 “
2030 5610 2111 5669 Ili,
2166 5606 2219 5659 S.
2285 5607 2515 5659 Hieron.
2564 5605 2606 5660 Ο
2661 5620 2713 5674 p.
2776 5604 2869 5656 ed.
2941 5604 3155 5657 Veron.

260 5672 342 5743 (4)
385 5671 634 5730 Coteler.
691 5674 843 5730 Eccl.
877 5674 1085 5732 Graec.
1119 5675 1278 5733 Mon.
1313 5677 1371 5732 Τ.
1402 5675 1425 5730 I
1474 5691 1531 5747 p.
1564 5675 1670 5732 530
1726 5691 1853 5748 sq.;
1964 5604 2179 5747 fMigne
2196 5676 2253 5731 T.
2289 5674 2578 5749 [[Patrol.
2702 5672 2863 5747 XXII]
2917 5689 2977 5746 p.
3009 5672 3156 5743 890].
