4058 6194
482 312 585 370 371
1365 287 1368 291 ’
1513 315 1845 371 ANDREAE
1885 315 2269 371 GALLANDII
2315 313 2843 371 PROLEGOMENA
3770 310 3864 365 372

478 439 761 508 Georgius
794 436 1003 493 Pritius
1028 438 1248 494 additis
1273 446 1575 509 praeterea
1604 447 1831 512 septem
1853 442 2160 512 opusculis
2191 441 2481 508 asceticis,
2510 458 2545 496 a
2576 442 2744 497 Petro
2773 442 3011 496 Possino
3043 439 3102 496 in
3136 440 3431 497 Thesauro
3463 438 3721 494 Ascetico
3753 439 3863 509 pri-

477 543 643 582 mum
672 529 730 582 in
763 527 955 582 lucem
985 527 1235 594 eductis,
1268 530 1670 601 subiectisque
1699 530 2158 586 simuleiusdem
2185 530 2629 585 sanctiablntis
2657 530 3337 601 Apoplithegtnatiscum
3366 527 3717 582 Possinianis
3742 532 3858 581 tum

475 617 873 683 Cotclerianis,
908 633 1014 671 nec
1036 633 1154 672 non
1188 619 1498 688 excerptis.
1534 635 1688 690 quae
1711 620 1785 675 de
1815 626 2014 675 nostro
2044 620 2367 676 Macarioin
2393 621 2539 673 Vitis
2557 622 2795 674 Patrum
2811 624 2867 673 et
2894 619 3058 690 apud
3084 617 3413 674 Palladium
3450 624 3626 687 atque
3650 614 3861 671 Cassia-

478 721 627 761 num
640 706 953 761 habentur.
972 708 1162 772 Quam
1180 714 1490 778 propterea
1504 708 1826 764 editionem
1839 710 2046 764 ceteris
2060 709 2385 764 auctiorem
2398 709 2952 779 aceuratiorcmque
2974 709 3125 779 typis
3139 705 3556 763 excudendam
3570 706 3867 773 consigna-

484 809 700 849 VlmllS.

550 884 638 938 III.
674 886 747 938 De
783 882 1168 939 Homiliarum
1200 901 1379 955 porro
1410 885 1742 954 integritate
1776 890 1834 941 ut
1869 886 2079 957 paucis
2114 902 2387 957 agamus,
2413 901 2618 942 earum
2647 890 2953 941 auctorem
2980 885 3298 942 Macarium
3322 882 3679 954 Aegyptium
3700 895 3870 950 agno-

483 977 784 1028 scuntnon
802 972 1553 1043 solumimpressicodices,
1572 975 1961 1030 verumetiam
1985 975 2503 1046 mss.complures,
2536 991 2689 1047 quos
2724 974 2973 1029 laudant
2999 972 3469 1030 Montfauconius
3491 970 3571 1041 (7)
3605 978 3659 1024 et
3687 969 3869 1023 Fabri-

479 1059 605 1113 cius
634 1059 732 1129 (8).
768 1062 966 1129 Neque
991 1074 1130 1114 vero
1160 1059 1274 1116 hac
1305 1060 1379 1115 de
1411 1076 1470 1115 re
1500 1078 1765 1133 unquam
1801 1062 2046 1117 suborta
2072 1062 2264 1117 fuerat
2290 1063 2601 1129 dubitatio,
2635 1063 2825 1118 donec
2864 1063 3048 1118 alium
3094 1063 3171 1118 ab
3203 1061 3494 1133 Aegyptio
3544 1058 3866 1121 Macarium,

480 1148 767 1202 Amathae
783 1148 1009 1202 socium
1024 1154 1079 1203 et
1099 1148 1289 1221 Magni
1310 1150 1547 1205 Antonii
1569 1150 1952 1220 discipulum,
1977 1152 2311 1221 excogitare
2342 1152 2741 1222 placuitPetro
2756 1152 3024 1218 Possino,
3054 1166 3314 1223 eumque
3344 1150 3468 1203 sive
3498 1146 3865 1203 Homiliarum

482 1236 939 1307 quinquaginta,
968 1237 1089 1292 sive
1120 1242 1346 1309 septem
1383 1239 1821 1310 Opusculorum
1846 1241 2233 1295 asceticorum
2266 1241 2343 1297 ab
2378 1257 2439 1296 se
2467 1240 2762 1296 editorum
2793 1246 3102 1311 parentem
3133 1246 3389 1295 statuere
3421 1238 3517 1308 (9).
3549 1238 3755 1290 Verum
3774 1232 3867 1288 viri

484 1324 639 1379 docti
672 1324 889 1395 placita
919 1341 1041 1381 non
1067 1342 1195 1382 esse
1230 1328 1478 1383 omnino
1509 1328 1901 1394 admittenda,
1946 1328 2214 1399 pluribus
2254 1330 2533 1385 evincunt
2567 1331 2791 1385 Caveus
2829 1331 2939 1401 (t0)
2977 1336 3034 1385 et
3070 1329 3279 1385 Pritius
3308 1329 3358 1399 (1
3380 1330 3447 1396 1),
3481 1325 3589 1381 sed
3630 1322 3868 1378 maxime

483 1412 889 1469 Tillemontius
916 1416 1050 1485 (12).
1084 1419 1272 1487 Atque
1294 1416 1431 1471 hinc
1454 1416 1632 1471 etiam
1660 1417 1998 1488 respuenda
2030 1418 2244 1474 Oudini
2274 1419 2585 1483 sententia,
2619 1420 2721 1491 qui
2753 1418 3050 1474 eiusmodi
3079 1417 3319 1486 scripta,
3346 1417 3419 1470 de
3450 1414 3672 1486 quibus
3698 1408 3868 1481 loqui-

488 1517 644 1567 mur,
673 1503 747 1557 ad
776 1506 1032 1559 Marcum
1054 1504 1319 1564 Ἀσκητήν
1347 1522 1449 1560 seu
1483 1506 1977 1575 Exercilalorem,
2007 1508 2239 1562 Macarii
2263 1507 2511 1562 iunioris
2530 1507 2912 1579 discipulum,
2947 1512 3217 1578 spectare
3242 1506 3562 1560 arbitratur
3584 1503 3715 1573 (t3).
3735 1504 3869 1564 Quo-

484 1606 619 1648 rum
649 1592 892 1663 quidem
924 1594 1182 1649 virorum
1217 1594 1309 1649 cll.
1335 1594 1622 1650 iudicium
1655 1612 1773 1650 non
1808 1596 2122 1651 minimum
2146 1596 2503 1652 conﬁrmare
2526 1597 2756 1651 videtur
2787 1599 3060 1658 Ioannes.
3099 1594 3439 1666 patriarcha
3464 1590 3866 1647 Antiochenus.

479 1679 539 1735 in
575 1681 845 1736 Oratione
872 1698 1054 1753 quam
1083 1683 1348 1752 vulgavit
1378 1684 1717 1739 Cotelerius.
1745 1683 1837 1738 Sic
1859 1684 2017 1738 enim
2050 1683 2142 1738 ille
2173 1684 2285 1756 (14)
2320 1702 2332 1739 :
2361 1704 2388 1734 «
2424 1690 2466 1739 Α
2496 1684 2710 1739 divinis
2728 1684 3070 1754 sanctisque
3102 1683 3373 1753 patribus
3390 1680 3608 1736 nostris
3640 1677 3877 1731 Athana-

480 1788 509 1818 «
552 1769 662 1832 sio,
694 1770 926 1831 Basilio,
955 1774 1240 1842 Nysseno,
1267 1772 1515 1845 aliisque
1546 1789 1754 1828 eorum
1775 1779 2111 1842 temporum
2137 1773 2275 1828 editi
2303 1780 2443 1828 sunt
2468 1774 2701 1828 ascetici
2719 1779 2897 1845 atque
2923 1789 2958 1828 a
2996 1771 3400 1843 Deoinspirati
3429 1767 3703 1839 libri,qui
3727 1780 3875 1820 com-

483 1879 511 1905 «
556 1859 812 1914 muniter
839 1860 1095 1930 degeudi
1134 1866 1189 1915 et
1243 1862 1479 1917 vivendi
1523 1862 1839 1926 rationem,
1894 1878 2259 1934 omnemque
2311 1863 2583 1918 absolute
2628 1862 3064 1917 monachorum
3123 1862 3306 1915 vitam
3346 1864 3402 1914 et
3461 1856 3871 1912 institutionem

483 1967 511 1994 «
554 1947 949 2016 praestituunt
972 1963 985 2013 ;
1011 1950 1111 2002 sed
1146 1955 1201 2004 et
1229 1952 1331 2022 qui
1365 1951 1625 2021 primum
1658 1950 1716 2005 in
1749 1952 2018 2024 Aegypto
2040 1953 2409 2023 compositus
2436 1952 2541 2006 fuit
2568 1952 2872 2007 maximus
2894 1949 3043 2005 liber
3061 1956 3407 2005 sanctorum
3433 1948 3657 2002 Senum
3684 1941 3870 2008 Sectis,

484 2052 513 2085 «
552 2034 865 2090 Thebaidis
896 2042 951 2091 et
980 2039 1216 2109 Libyae,
1249 2038 1652 2111 complectens
1678 2040 1887 2095 ordine
1918 2040 2296 2112 alphabetico
2329 2056 2502 2096 sacra
2528 2057 2735 2095 eorum
2760 2046 2923 2110 gesta
2938 2039 3181 2094 etdicta.
3204 2037 3354 2103 Quia
3369 2051 3506 2091 vero
3525 2032 3869 2106 pergratiam

479 2143 508 2172 ‹‹
551 2122 756 2177 Christi
787 2125 966 2180 etiam
992 2125 1155 2181 multi
1190 2128 1246 2181 in
1274 2127 1601 2198 disciplinis
1628 2130 1923 2184 exercitati
1952 2145 2021 2183 ac
2050 2129 2392 2200 philosophi
2425 2129 2668 2193 saeculi,
2692 2134 3015 2199 angustam
3064 2134 3120 2182 et
3174 2133 3398 2181 arctam
3456 2124 3620 2178 viam
3667 2118 3871 2183 sectati,

482 2230 510 2263 «
552 2213 832 2269 monachi
849 2215 1157 2287 sanctique
1171 2221 1507 2281 evaserunt,
1522 2218 1998 2288 conscripserant
2012 2218 2107 2273 illi
2118 2234 2346 2289 quoque
2357 2235 2473 2274 non
2484 2234 2704 2286 paucos
2721 2219 2903 2273 libros
2915 2217 3198 2273 divinitus
3211 2214 3559 2284 inspiratos,
3574 2212 3678 2284 qui
3695 2210 3773 2266 sic
3791 2208 3874 2263 in-

484 2318 512 2350 «
552 2301 900 2357 scribuntur
929 2319 945 2356 :
976 2305 1255 2360 LIBER.....
1289 2321 1481 2361 SANCTI
1506 2309 1745 2362 Manum
1778 2328 1804 2357 »
1832 2311 1942 2362 cet.
1980 2308 2056 2361 Ex
2086 2307 2306 2378 quibus
2334 2308 2646 2377 intelligas,
2682 2314 2738 2362 et
2764 2307 2950 2363 Scelis
2977 2305 3360 2361 solitudinem
3401 2302 3537 2358 heic
3577 2296 3869 2362 nominari,

481 2390 1004 2459 quamincoluisse
1026 2393 1347 2449 Macarium
1374 2396 1729 2467 Aegyptium
1754 2397 2025 2467 superius
2051 2412 2123 2451 ex
2154 2396 2419 2451 Palladio
2445 2396 2789 2463 didicimus,
2820 2403 2875 2450 et
2898 2394 3156 2452 Macarii
3183 2394 3401 2450 librum
3420 2388 3678 2454 laudari,
3709 2401 3868 2459 quem

482 2476 674 2533 eidem
717 2478 921 2536 abbati
958 2484 1241 2553 Aegyptio
1267 2484 1392 2538 iure
1413 2483 1742 2539 adscribas.
1774 2484 1931 2541 Alter
1951 2485 2131 2550 enim,
2164 2484 2619 2551 Alexandrinus,
2652 2485 2711 2540 in
2750 2485 2958 2541 Celtiis
3010 2483 3313 2540 habitasse
3342 2481 3613 2542 traditur,
3641 2483 3701 2533 ut
3749 2488 3869 2530 mox

485 2565 847 2625 videbimus.

552 2656 637 2710 IV.
667 2657 828 2712 Idem
855 2674 1029 2728 porro
1056 2659 1368 2716 ferendum
1394 2660 1626 2716 videtur
1646 2662 1927 2717 iudicium
1959 2661 2032 2716 de
2056 2666 2280 2733 septem
2306 2663 2619 2735 Opusculis
2650 2663 2922 2719 asceticis
2949 2679 2984 2717 a
3009 2661 3253 2717 Possino
3281 2661 3339 2715 in
3371 2658 3597 2728 vulgus
3623 2653 3865 2712 emissis:

481 2758 689 2801 eorum
711 2746 1316 2804 nimirumauctorem
1343 2750 1922 2822 unumeundemque
1953 2766 2090 2806 cum
2126 2750 2511 2821 illo(t5)esse,
2537 2769 2572 2806 a
2591 2768 2712 2823 quo
2737 2751 2896 2807 fuere
2913 2750 3193 2806 Homiliae
3236 2748 3637 2817 conscriptae.
3665 2741 3867 2799 Etenim

483 2840 903 2906 praeterquam
927 2837 1093 2908 quod
1120 2854 1213 2892 res
1240 2839 1426 2909 ipsae,
1461 2856 1615 2911 quae
1648 2839 1962 2911 utrobique
1986 2839 2169 2895 ferme
2185 2840 2610 2904 edisseruntur,
2642 2855 2828 2894 unum
2856 2841 3206 2909 scriptorem
3235 2836 3499 2908 produnt
3524 2834 3658 2906 (16),
3692 2838 3743 2887 et
3773 2831 3871 2884 Ma-

483 2923 711 2978 carium
741 2924 987 2995 quidem
1018 2927 1375 2998 Aegyptium
1409 2933 1810 2999 cognomento
1837 2931 2137 2997 Magnum,
2172 2929 2399 2984 accedit
2426 2929 2483 2983 in
2515 2929 2723 3000 primis
2742 2926 3089 2984 ms.codicis
3108 2927 3256 2981 fides
3278 2941 3399 2997 quo
3422 2940 3571 2978 usus
3587 2928 3670 2977 est
3700 2918 3871 2975 Possi-

482 3012 1208 3083 nus,utipsemettestatur
1225 3016 1315 3071 his
1330 3016 1551 3073 verbis:
1572 3039 1599 3066 ‹‹
1622 3017 1880 3089 Septem,
1899 3016 2025 3089 »[P.
2045 3016 2141 3090 IV]
2158 3018 2713 3090 inquit,«0puscula
2738 3020 2913 3072 unius
2940 3022 3076 3071 sunt
3099 3014 3356 3071 auctoris
3377 3011 3640 3069 Macarii
3660 3007 3866 3078 Magni.

488 3122 516 3151 ι(
555 3106 733 3172 prout
762 3102 979 3158 diserte
1005 3104 1377 3174 singulorum
1411 3105 1610 3161 titulus
1644 3107 1919 3176 signabat
1945 3107 2003 3160 in
2035 3106 2239 3161 codice
2258 3108 2598 3162 Turrianeo.
2631 3109 2803 3161 Erant
2829 3112 3028 3160 autem
3054 3121 3123 3159 ea
3153 3103 3233 3158 ibi
3266 3118 3385 3157 non
3436 3118 3562 3157 uno
3620 3098 3871 3155 continue

485 3207 513 3239 «
556 3190 740 3245 ductu
772 3207 1058 3262 expansa,
1100 3193 1202 3247 sed
1235 3195 1293 3248 in
1325 3194 1445 3248 duo
1482 3196 1823 3265 separatim,
1863 3195 2063 3249 multis
2100 3196 2483 3265 interpositis,
2516 3195 2713 3249 divisa
2744 3200 3073 3265 systemata
3115 3192 3366 3247 nominis
3399 3191 3683 3247 eiusdem.
3713 3181 3870 3241 Priori

488 3297 516 3327 «
557 3279 852 3348 siquidem
896 3278 987 3333 hic
1030 3281 1473 3350 praeﬁgebatur
1511 3282 1687 3336 index
1724 3303 1734 3341 :
1771 3283 2025 3339 Macarii
2066 3283 2273 3352 Magni
2310 3284 2382 3340 de
2427 3283 2696 3339 custodia
2728 3283 2923 3339 cordis
2963 3284 3076 3352 (t7)
3116 3301 3144 3334 »
3185 3287 3292 3336 cet.
3352 3281 3422 3334 At
3465 3295 3608 3334 vero
3653 3292 3761 3331 non
3798 3277 3873 3327 est

484 3365 614 3419 heic
644 3365 1172 3433 dissimulandum,
1201 3370 1361 3439 quod
1390 3385 1459 3423 ex
1481 3370 1725 3424 Joannis
1758 3373 1968 3425 Mariae
1998 3371 2408 3426 Brasichellani
2446 3374 2873 3441 Expurgatorio
2909 3370 3102 3425 Indice
3149 3370 3207 3424 in
3244 3369 3442 3423 literas
3496 3365 3692 3421 retulit
3746 3359 3874 3418 Lab-

483 3452 632 3506 beus
664 3452 796 3522 (l8).
830 3454 920 3509 Sic
951 3462 1149 3509 autem
1180 3456 1346 3509 locus
1376 3473 1437 3511 se
1464 3457 1645 3512 habet
1675 3475 1687 3509 :
1713 3476 1742 3507 «
1775 3458 1914 3512 Illud
1963 3466 2298 3530 opportune
2343 3460 2757 3520 observamus,
2815 3462 3115 3530 quaedam
3168 3458 3283 3513 illis
3338 3454 3654 3528 [Homiliis]
3700 3455 3871 3507 inesse

483 3558 511 3589 «
552 3541 828 3605 obscura,
865 3543 1153 3611 ambigua
1180 3551 1235 3598 et
1258 3560 1292 3599 a
1318 3546 1560 3616 proprio
1590 3554 1919 3618 exactoque
1943 3563 2104 3603 more
2135 3548 2419 3620 loquendi
2451 3549 2865 3619 theologorum
2889 3564 3011 3619 qua
3033 3548 3355 3602 damtenus
3380 3546 3598 3609 aliena,
3625 3538 3873 3615 proinde-

485 3646 515 3678 (ι
555 3643 671 3699 que
704 3644 841 3683 cum
870 3630 1082 3685 iudicio
1114 3638 1168 3687 et
1199 3631 1623 3704 circumspecte
1652 3636 1928 3704 tegenda.
1954 3639 2019 3691 Et
2058 3638 2260 3693 subest
2313 3638 2597 3709 suspicio,
2633 3653 2706 3693 ne
2749 3640 2828 3693 ab
2876 3638 3078 3708 aliquo
3132 3636 3446 3705 Pelagiano
3509 3637 3628 3688 sint
3677 3624 3871 3686 alicubi

480 3738 508 3766 «
552 3716 964 3788 interpolatae.
999 3740 1027 3769 »
1062 3723 1210 3776 Haec
1242 3722 1342 3776 ibi.
1379 3724 1566 3788 Quem
1613 3725 1671 3779 in
1719 3725 1914 3780 locum
1976 3725 2251 3781 lectorem
2313 3727 2474 3782 haud
2532 3728 2728 3798 pigeat
2780 3726 3091 3781 laudatum
3142 3724 3397 3779 subinde
3456 3719 3870 3778 ’I‘illemontiuni

483 3805 646 3860 adire
677 3807 808 3879 (19),
844 3809 948 3864 sed
980 3810 1039 3865 in
1078 3810 1286 3882 primis
1314 3812 1635 3883 ipsummet
1662 3815 2100 3885 Opusculorum
2134 3816 2422 3871 editorem
2456 3817 2769 3871 Possinum
2804 3815 2940 3887 (20).

553 3896 613 3949 V.
646 3896 769 3952 Alia
798 3903 1106 3967 praeterea
1138 3901 1428 3956 nonnulla
1458 3901 1530 3956 de
1564 3903 1777 3959 iisdem
1807 3906 2036 3961 Macarii
2070 3906 2333 3961 Homiliis
2371 3906 2692 3961 observare
2726 3910 2932 3959 nostra
2967 3905 3227 3958 interest.
3262 3904 3324 3957 Et
3356 3902 3618 3972 primum
3652 3894 3872 3969 quidem

482 3983 792 4042 homiliam
828 3990 956 4043 XXV
984 3990 1097 4044 sub
1124 3990 1289 4045 titulo
1336 3993 1412 4047 De
1445 3992 1631 4047 libero
1674 3993 1927 4050 arbitrio
1962 3995 2138 4050 fuisse
2168 3995 2311 4051 olim
2346 3996 2499 4050 inter
2532 3994 2858 4050 Basilianas
2892 3993 3274 4055 recensitam,
3315 3996 3379 4044 ut
3408 3989 3598 4061 probe
3621 3981 3878 4041 intellexit

485 4074 750 4128 eruditus
786 4078 1093 4146 Bengelius
1121 4079 1255 4150 (21).
1295 4083 1493 4151 Neque
1526 4080 1584 4134 id
1629 4097 1773 4135 sane
1809 4083 2004 4137 olfecit
2039 4083 2451 4149 Combeﬁsius,
2484 4086 2585 4156 qui
2619 4085 2873 4139 eandem
2908 4089 3244 4154 propterea,
3280 4086 3572 4150 tanquam
3607 4081 3876 4145 integrum

482 4160 673 4215 Basilii
706 4165 896 4232 Magni
932 4167 1152 4221 foetum
1188 4168 1555 4235 existimans,
1587 4185 1695 4223 suo
1730 4172 2111 4225 Ecclesiastae
2143 4186 2358 4240 graeco
2386 4173 2634 4227 intexuit
2676 4173 2809 4243 (22).
2848 4174 3058 4226 Verum
3111 4168 3483 4237 Garnierius,
3517 4163 3878 4223 doctissimus

487 4248 919 4307 Basilianorum
999 4256 1256 4323 Operum
1332 4256 1543 4324 editor,
1624 4258 1905 4328 quamvis
1956 4259 2286 4327 legitimum
2359 4259 2638 4315 laudatae
2705 4260 2985 4316 homiliae
3059 4265 3366 4329 parentem
3437 4260 3714 4326 Magnum
3784 4251 3878 4304 hla-

482 4340 710 4395 carium
736 4341 895 4395 haud
920 4345 1247 4410 agnoverit,
1292 4361 1422 4400 eam
1454 4352 1651 4401 tamen
1681 4353 1887 4401 sancto
1920 4346 2136 4402 Basilio
2190 4363 2502 4418 perperam
2538 4349 2722 4404 fuisse
2754 4350 3126 4420 adscriptam
3155 4347 3427 4417 pluribus
3460 4362 3496 4401 a
3522 4348 3791 4400 contextu
3818 4352 3879 4393 ac

491 4428 622 4485 stilo
653 4428 848 4484 ductis
873 4430 1203 4487 rationibus
1232 4432 1665 4489 demonstravit
1696 4436 1806 4503 (23)
1838 4451 1851 4500 ;
1876 4451 2061 4507 quam
2088 4436 2339 4507 proinde
2370 4438 2428 4492 in
2448 4437 2848 4510 appendicem
2872 4437 3071 4493 reiecit
3102 4435 3236 4508 (24).
3273 4440 3343 4490 At
3371 4450 3512 4490 vero
3547 4446 3739 4489 acrem
3769 4424 3877 4487 virii

2070 4613 2317 4671 NOTAE.

561 4775 643 4846 (7)
683 4774 881 4831 Monti.
902 4774 1261 4831 Bibliotheca
1286 4774 1780 4848 Bibliothecarum
1807 4777 2139 4831 manuscri-
2252 4776 2466 4831 Pritius
2498 4775 2535 4831 1.
2566 4777 2605 4830 Ι.
2638 4776 2665 4848 §
2697 4776 2784 4832 XI.

490 4845 727 4916 ptOrum
765 4862 919 4903 nova
964 4847 1145 4902 Paris.
1184 4850 1317 4902 1739
1341 4847 1438 4901 fol.
1468 4848 1573 4902 'I‘.I
1606 4864 1665 4917 p.
1695 4851 1759 4903 67
1795 4850 1852 4902 C.
2323 4851 2434 4917 (l6)
2476 4845 2761 4902 Possihus
2794 4846 2831 4900 1.
2863 4847 2898 4900 I.
2923 4850 2950 4915 §
2974 4846 3045 4900 VI
3078 4845 3191 4901 sub
3212 4845 3316 4899 ﬁn.

563 4862 727 4901 orum
765 4862 919 4903 nova
964 4851 1145 4902 Paris.
1184 4851 1317 4902 1739
1341 4851 1438 4901 fol.
1468 4851 1573 4902 T.I
1606 4864 1665 4917 p.
1695 4851 1759 4903 67
1795 4851 1852 4902 C.
2352 4851 2434 4916 l6)
2477 4851 2761 4902 Pessinus

563 4918 640 4989 (8)
683 4920 906 4973 Fabric.
943 4918 1081 4972 Bibl.
1113 4920 1313 4973 Graec.
1342 4920 1401 4973 Τ.
1435 4920 1529 4975 VII
1564 4935 1621 4990 p.
1653 4922 1756 4974 492
1785 4917 1904 4991 [ed.
1942 4918 2140 4974 liarles
2322 4851 2437 5052 ξιτ)
2478 4920 2624 4973 Ibid.
2657 4920 2683 4990 §
2711 4920 2793 4999 IV:

563 4990 819 5052 tmburg.
853 4993 983 5044 I802
1012 4992 1068 5045 Τ.
1104 4991 1212 5044 VIII
1243 5006 1300 5052 p.
1333 4993 1432 5045 363
1465 4990 1615 5052 not.l
2353 4992 2436 5052 18)
2476 4991 2679 5046 Labbe
2731 4990 2791 5043 Dl

492 4974 819 5062 Ha‘niblll‘go
853 4993 983 5044 1802
1012 4992 1068 5062 Ίῖ·
1104 4991 1212 5044 νῘῙΙ
1243 5006 1300 5061 ρ·
1333 4993 1432 5062 363
1465 4974 1615 5062 nbit]
1786 4974 1806 4991 ι
2006 5059 2019 5062 Α
2326 4974 2436 5060 (18)
2476 4974 2683 5046 Labbe
2731 4990 2966 5044 Dissert.
3022 4988 3159 5043 hist.
3189 4987 3264 5042 de
3313 4985 3542 5056 Scriptt.
3572 4980 3709 5038 eccl.
3756 4978 3811 5032 T.
3836 4974 3875 5028 Il

565 5060 661 5133 (9)
684 5061 909 5116 Possin.
936 5059 1265 5133 Prolegom'.
1296 5059 1916 5133 adThesaur.Ascet.§
1956 5059 2043 5115 Vl.
2254 5077 2313 5133 p.
2338 5065 2429 5133 4t.

594 5113 674 5202 ib)
718 5113 1738 5203 om;nisi:L‘it’ffeafsan.‘im]
1772 5113 2132 5201 T’.*'I°p.2'56.
2257 5113 2437 5203 "(ut
2475 5132 2785 5188 Tillemont
2839 5130 3143 5187 Mémoires
3198 5128 3339 5185 eccl.
3398 5130 3456 5182 T.
3512 5124 3628 5180 VIII
3685 5139 3737 5194 p.
3788 5113 3878 5171 8t0

596 5205 676 5273 11)
717 5203 924 5276 Pritius
956 5205 1137 5259 Praef.
1165 5206 1239 5257 ad
1279 5206 1505 5276 Macar.
1548 5205 1763 5276 Opusc.
1797 5204 1825 5275 §
1855 5204 1973 5276 Vlll
2009 5218 2138 5274 sqq.
2255 5206 2383 5260 Not.
2417 5206 2455 5258 X
2482 5220 2583 5276 sur
2616 5206 2671 5259 S.
2706 5204 2970 5276 Macaire.

565 5264 677 5345 (12)
718 5275 1029 5329 Tillemont
1084 5274 1391 5331 Memoires
1444 5264 1687 5330 eccl.‘T.
1752 5264 1873 5329 VTII
1925 5292 1984 5347 p.
2019 5264 2139 5331 619.
2350 5276 2439 5345 20)
2482 5275 2693 5330 Possin
2743 5274 2779 5328 l.
2813 5275 2855 5327 I.
2887 5274 2946 5345 ἓξ
2979 5272 3041 5328 VI
3072 5271 3185 5327 sub
3202 5272 3306 5326 tiu.
3336 5270 3434 5325 VII
3456 5285 3523 5324 ac
3547 5264 3693 5324 VIII.

495 5347 597 5399 810
632 5348 757 5400 Not.
791 5348 831 5400 Χ
858 5362 958 5399 sur
989 5348 1046 5401 S.
1074 5346 1341 5402 Maeaire.
2325 5275 2436 5415 (21)
2481 5345 2695 5415 Bengel
2736 5346 2794 5399 in
2814 5352 2938 5401 not.
2969 5345 3044 5400 ad
3067 5346 3305 5412 Gregor.
3335 5341 3582 5397 Thaum.
3609 5342 3859 5408 panegyt‘

565 5350 597 5399 0
632 5350 757 5400 Not.
791 5350 831 5400 Χ
858 5362 958 5399 sur
989 5350 1046 5401 S.
1074 5350 1341 5402 Maeaire.
2328 5350 2436 5415 (21)
2481 5350 2695 5415 Bengel
2736 5350 2794 5399 in
2814 5352 2938 5401 not.
2969 5350 3044 5400 ad
3067 5350 3305 5412 Gregor.
3335 5350 3582 5397 Thaum.
3609 5352 3647 5408 p

565 5418 675 5491 (t3),
713 5416 905 5472 Oudin
961 5418 1036 5471 de
1095 5417 1323 5487 Scriptt.
1380 5416 1517 5472 eccl.
1568 5416 1749 5489 [Lips.
1810 5417 2057 5491 t7‘22]yT.
2128 5419 2146 5471 ι
2256 5418 2314 5472 in
2341 5417 2638 5491 originem
2664 5421 2873 5491 pL23§.
2935 5486 2949 5491 _
3013 5487 3037 5491 _
3243 5485 3275 5491 _
3333 5484 3352 5491 _
3477 5480 3563 5491 ,Μ

491 5480 736 5560 ρ.ί478.λ
1017 5558 1024 5560 ἓ
1106 5557 1119 5560 _
1222 5480 1236 5487 ’
1318 5557 1329 5560 Α
1495 5480 1589 5560 -“
1663 5480 1725 5560 ’ν
1942 5480 1963 5491 ³

2329 5480 2797 5560 (22)Ὀοιιιὶ)ἒ1ὶε.
2824 5486 2972 5560 Eccl.
3002 5487 3202 5560 Graec.
3242 5484 3352 5560 P_,_I
3381 5501 3437 5560 p.
3467 5480 3588 5560 4511,Σ

564 5539 679 5629 (14)(
712 5557 1334 5628 Joan.Antioch.apud
1352 5558 1970 5616 Coteler.Eccl.Graec.
1993 5563 2143 5617 Mon.
2328 5539 2443 5629 (22)
2483 5539 3039 5613 eAEhiéFr'mierfaa
3067 5539 3351 5613 SitiBasilii
3380 5539 3526 5626 Opp.
3556 5550 3615 5604 T.
3652 5547 3695 5601 II
3720 5544 3746 5617 ἕ
3772 5539 3874 5596 VI"

496 5631 555 5685 Τ.
579 5628 606 5702 ι
627 5644 686 5702 ρ.
718 5629 841 5702 εδδ
874 5631 932 5683 v.
2261 5648 2319 5702 p.
2341 5628 2779 5687 XXVI-XXVIII.

566 5701 678 5770 (15)
719 5700 1031 5758 Tillemont
1080 5702 1384 5758 Mémoires
1441 5702 1579 5758 eccl.
1639 5703 1698 5757 T.
1754 5702 1871 5758 VIII
1928 5719 1987 5774 p.
2021 5702 2147 5758 610.

1441 5702 1579 5758 eccl.
1639 5703 1698 5757 T.
1754 5702 1871 5758 VIII
1928 5719 1987 5774 p.
2021 5702 2147 5758 610.
2264 5700 2273 5702 '
2332 5703 2445 5773 (21.)
2487 5702 2571 5758 Id.
2596 5702 2739 5759 ibid.
2774 5717 2833 5774 p.
2866 5704 2988 5758 613.
