4058 6194
134 257 229 316 377
960 247 1054 306 DE
1093 245 1194 305 SS.
1237 241 1585 303 MACARIIS
1621 240 1971 303 AEGYPTIO
2014 242 2100 300 ET
2143 244 2677 304 ALEXANDRINO.
3429 252 3534 310 378

130 383 274 441 illam
302 382 912 456 ignoraruntsanctus
935 374 1285 433 Benedictus
1311 371 1483 445 [Pag.
1519 369 1614 444 VI]
1634 371 1987 426 Anianeusis
2011 371 2448 440 etSmaragdus
2470 371 2681 438 abbas,
2702 372 2805 444 qui
2831 377 2888 428 et
2913 389 2983 428 su
2995 373 3530 445 perioremllacarii

133 471 542 537 Alexandrini,
571 475 626 525 et
649 469 906 525 alteram
928 465 1149 538 pariter
1181 467 1526 518 sanctorum
1553 461 1805 517 Patrum
1831 459 2157 516 nonsolum
2189 460 2431 531 saepius
2459 459 2805 527 laudarunt,
2838 461 2945 518 sed
2979 462 3163 520 multa
3189 464 3369 522 etiam
3390 464 3531 521 inde

133 563 325 634 capita,
357 560 456 616 ille
486 557 736 632 quidem
769 556 834 611 in
861 552 1254 612 concordiam
1268 550 1656 620 Regularum,
1688 549 1785 605 hic
1811 565 1950 606 vero
1981 547 2042 604 in
2071 547 2448 621 expositione
2481 549 2740 620 Regulae
2758 552 2947 608 sancti
2976 552 3299 622 Benedicti,
3338 559 3531 612 trans-

139 650 324 708 tulisse
347 646 760 722 perhibentur,
805 649 872 700 ut
903 646 1105 699 monet
1130 639 1467 697 Holstenius
1507 638 1646 710 (68).

1716 761 1972 820 NOTAE.

204 916 304 988 (68)
339 913 601 972 Holsten.
633 910 779 969 Cod.
808 913 947 982 Reg.
974 924 1032 983 p.
1059 909 1147 965 25.
1177 907 1273 966 45.
1312 906 1438 964 156.

805 1089 896 1100 ..-ο
907 1087 1215 1098 ..ΜΨ-υ-
1254 1083 1754 1096 --ς-ην-φ--ο--σ--ν--ο

1755 1082 3520 1110 ή-Ψῄ-Ἧ-Ἡῂ
2347 1102 2358 1110 _
2445 1103 2475 1110 _
2488 1103 2495 1110 ,
2755 1104 2762 1110 ,
2857 1104 3269 1110 -7

1257 1247 1855 1340 CASIMIRUS
1935 1245 2420 1337 OUDINUS

944 1431 1052 1488 DE
1073 1431 1164 1488 SS.
1187 1426 1994 1487 MACARIISAEGYPTIO
2020 1428 2132 1483 ET
2151 1430 2192 1482 Α
2211 1429 2748 1487 LEXANDRINO.

147 1562 401 1631 [ϐε-3ίωὶτὶ
419 1559 621 1611 Oudini
651 1557 1083 1609 Commentarius
1118 1555 1184 1605 de
1218 1554 1871 1683 scriptoribugolEc'iz‘lelsige
1887 1553 2138 1678 4a7riti‘q8i‘3izi
2170 1551 2493 1617 illorumque
2523 1555 2733 1618 scriptis
2757 1555 3002 1608 Francot‘.
3030 1557 3098 1608 ad
3140 1559 3391 1612 Moenum
3427 1565 3551 1616 1722

197 1901 452 1960 Macarii
483 1907 605 1956 tres
643 1895 941 1953 monachi.
976 1897 1090 1950 Hos
1120 1893 1300 1950 simul
1329 1893 1657 1964 iungimus,
1691 1909 1826 1949 cum
1882 1892 2146 1962 disiungi
2176 1892 2270 1947 vix
2302 1892 2555 1964 possint,
2611 1899 2790 1967 atque
2817 1897 2894 1951 ad
2926 1896 3365 1957 distinctionem
3401 1918 3438 1959 a
3485 1920 3549 1960 se

138 1999 334 2049 mutuo
373 1988 577 2058 magis
606 1986 992 2058 perspicuam
1027 1982 1207 2038 simul
1230 1983 1532 2051 iconiungi
1555 1982 1890 2038 conveniat.
1924 1981 2201 2037 Vixerunt
2243 1981 2305 2037 hi
2337 1987 2452 2037 tres
2501 1983 2712 2038 eodem
2748 1989 3033 2056 tempore,
3067 1993 3247 2060 atque
3282 1993 3551 2064 magistri

132 2082 392 2137 eiusdem
430 2077 669 2132 Antonii
685 2073 958 2145 discipuli
983 2073 1202 2144 pariter
1218 2072 1586 2126 exstiterunt.
1620 2074 1694 2126 De
1716 2087 1973 2143 quorum
1990 2071 2196 2141 primis
2210 2071 2451 2126 duobus
2467 2071 2562 2126 hic
2575 2073 2908 2128 inserendis
2927 2075 3255 2147 loquuntur
3274 2078 3548 2138 Socrates

136 2169 455 2226 Hist.Eccl.
490 2166 596 2222 lib.
622 2165 842 2234 chap.
879 2162 968 2225 23,
992 2163 1357 2217 Sozomenus
1378 2161 1483 2215 lib.
1519 2160 1587 2214 111
1621 2175 1756 2230 cap.
1799 2161 1883 2225 14,
1911 2159 2312 2215 'l‘heodoretus
2349 2159 2454 2215 lib.
2479 2160 2554 2214 IV
2575 2165 2791 2232 cap21.
2821 2163 3124 2220 Palladius
3159 2167 3319 2226 Hist.
3364 2170 3546 2227 Laus.

135 2276 295 2330 capp.
325 2262 396 2314 19
415 2258 586 2312 et20.
625 2253 848 2307 Horum
871 2255 1103 2322 primus
1123 2249 1432 2313 Macarius,
1465 2254 1639 2320 gente
1670 2251 2015 2320 Aegyptius,
2040 2248 2372 2304 monachus
2388 2249 2702 2316 Scetensis,
2729 2253 2922 2320 Magni
2950 2256 3184 2311 Antonii
3217 2257 3550 2329 discipulus

135 2349 332 2405 claruit
361 2347 445 2402 ab
470 2359 638 2400 anno
662 2342 785 2400 350.
805 2342 912 2406 Qui
935 2342 994 2395 in
1013 2341 1314 2394 iuventute
1327 2338 1528 2393 adhuc
1541 2338 1988 2393 constitutusita
2015 2337 2329 2392 virtutibus
2362 2339 2708 2394 monasticis
2734 2345 2789 2394 et
2814 2345 3057 2397 austero
3081 2343 3550 2416 vivendigenere

133 2437 392 2493 excelluit
422 2433 541 2489 sibi
577 2445 816 2502 semper
838 2444 1120 2500 praesens
1150 2434 1205 2482 et
1243 2427 1464 2496 gravis,
1500 2433 1609 2481 uta
1632 2425 1911 2481 fratribus
1937 2421 2190 2497 παιδαρ
2212 2427 2386 2496 ιογέρ
2402 2445 2477 2475 ων
2505 2430 3057 2484 vocaretur.Annos
3079 2438 3256 2487 natus
3286 2435 3550 2505 quadra-

134 2529 280 2596 ginta
318 2523 403 2580 ad
437 2519 794 2594 presbyterii
817 2517 1077 2587 gradum
1101 2522 1338 2570 evectus
1369 2522 1481 2572 est.
1521 2513 1814 2569 Miraculis
1845 2519 1901 2568 et
1932 2512 2246 2586 prophetia
2273 2513 2470 2570 clarus
2494 2520 2576 2569 tot
2607 2517 2844 2572 sanavit
2875 2533 3104 2588 aegros,
3135 2525 3220 2576 tot
3250 2523 3554 2582 adaemo-

135 2617 293 2670 nibus
321 2614 617 2668 obsessos
640 2607 923 2663 liberasse
950 2607 1185 2669 dicitur,
1219 2611 1279 2659 ut
1319 2606 1559 2659 Socrate
1588 2609 1729 2658 teste
1764 2603 2052 2658 miracula
2082 2601 2160 2658 ab
2192 2619 2262 2658 eo
2295 2609 2529 2675 patrata
2568 2605 2824 2676 speciale
2854 2623 3006 2679 opus
3035 2610 3355 2678 exigerent.
3399 2613 3552 2669 Nihil

135 2705 342 2760 mirum
372 2715 546 2764 vero,
573 2704 695 2752 tam
723 2695 1017 2752 celebrem
1060 2695 1211 2749 inter
1243 2694 1574 2749 monachos
1605 2693 1764 2764 [Pag.
1793 2692 1914 2762 475]
1946 2695 2135 2746 virum
2158 2691 2339 2746 fuisse
2366 2693 2543 2748 etiam
2573 2693 2724 2748 inter
2755 2696 3079 2766 Scriptores
3109 2699 3548 2760 ecclesiasticos

135 2806 405 2849 successu
435 2787 732 2859 temporis
771 2785 1151 2840 recensitum.
1189 2783 1323 2837 Illos
1354 2782 1512 2837 enim
1546 2781 1806 2850 insignes
1836 2779 2112 2835 homines
2146 2781 2423 2836 monachi
2453 2785 2797 2854 sequiorum
2827 2789 3168 2858 temporum
3197 2804 3302 2859 pro
3328 2791 3553 2848 viribus

131 2882 270 2938 inter
297 2880 519 2936 doctos
549 2876 731 2932 etiam
747 2872 1075 2945 suppositis
1105 2871 1397 2943 Operibus
1423 2870 1771 2939 allegerunt.
1808 2871 1971 2924 Hunc
1991 2868 2480 2924 Macariuminter
2502 2871 2828 2941 Scriptores
2865 2889 2987 2928 non
3013 2876 3318 2932 omisisset
3357 2880 3556 2936 Hiero-

131 2986 366 3042 nymus,
408 2969 459 3022 si
491 2972 762 3036 tempore
812 2977 922 3018 suo
965 2959 1192 3032 aliquid
1241 2960 1354 3014 sub
1385 2959 1621 3014 Macarii
1650 2959 1890 3012 nomine
1937 2957 2278 3012 exstitisset.
2309 2959 2495 3012 Annis
2523 2958 2750 3014 circiter
2767 2968 3006 3018 centum
3039 2969 3179 3034 post
3206 2966 3550 3039 Hieronymi

130 3065 380 3114 aetatem
421 3052 778 3111 Gennadius
809 3049 1185 3108 Massiliensis
1212 3048 1524 3120 presbyter
1554 3046 1928 3101 retulithunc
1949 3047 2268 3102 Macarium
2311 3045 2464 3102 inter
2491 3047 2822 3118 Scriptores
2841 3051 3271 3108 ecclesiasticos
3291 3053 3443 3111 libro
3469 3058 3554 3113 De

130 3148 263 3203 viris
289 3143 642 3202 illustribus
663 3157 796 3212 cap.
824 3138 1017 3204 tO,cui
1049 3138 1289 3192 unicam
1317 3137 1612 3191 duntaxat
1636 3134 1900 3189 attribuit
1923 3133 2267 3205 Epistolam,
2285 3134 2509 3206 quippe
2527 3150 2666 3190 cum
2683 3141 2820 3192 tunc
2844 3140 3128 3210 temporis
3151 3141 3299 3197 haec
3320 3148 3553 3200 tantum

134 3236 241 3290 sub
267 3232 516 3290 Macarii
542 3227 913 3285 celeberrimi
955 3225 1198 3281 nomine
1238 3229 1550 3296 prostaret.
1581 3223 1994 3295 Socrates,qui
2020 3222 2256 3277 illorum
2273 3222 2668 3279 Macariorum
2704 3225 2945 3281 virtutes
2960 3227 3108 3283 Hist.
3133 3229 3306 3288 Eccl.
3339 3231 3442 3287 lib.
3475 3232 3554 3288 -IV

129 3341 253 3396 cap.
281 3326 355 3379 '23
409 3318 738 3388 magniﬁce
764 3314 1006 3373 extollit.
1033 3314 1109 3370 de
1149 3314 1385 3384 scriptis
1419 3312 1567 3378 silet,
1617 3312 1896 3384 quamvis
1928 3311 2151 3367 ibidem
2185 3311 2414 3382 Evagrii
2462 3312 2698 3368 illorum
2744 3313 3021 3386 discipuli
3065 3319 3258 3390 Opera
3301 3321 3555 3391 positive

134 3407 635 3468 recenseat.Nihil
656 3421 799 3476 ergo
816 3403 930 3459 sub
957 3402 1349 3458 Macariorum
1377 3400 1620 3456 nomine
1649 3407 1914 3472 tempore
1941 3401 2200 3456 Socratis
2223 3400 2495 3456 exstabat
2518 3401 2826 3474 scriptum,
2855 3406 3018 3476 quod
3061 3423 3206 3463 sane
3223 3407 3417 3465 dicere
3431 3413 3555 3467 tam

130 3500 442 3572 praeclara
473 3495 792 3552 occasione
817 3493 958 3548 data
972 3507 1092 3547 non
1132 3491 1434 3546 omisisset
1469 3505 1483 3555 ;
1515 3505 1775 3561 quorum
1807 3497 1862 3544 et
1898 3489 2425 3560 Apopbthegmata
2451 3489 2566 3545 illic
2599 3490 2790 3558 refert,
2826 3493 2979 3548 sicut
3008 3500 3065 3550 et
3096 3496 3392 3554 Palladius
3423 3499 3463 3554 l.
3497 3501 3545 3558 1.

132 3588 436 3646 Audacior
461 3601 608 3642 sane
629 3583 874 3639 Graecia
898 3597 969 3636 ac
1010 3580 1460 3636 monachismus
1483 3580 1792 3643 recentior,
1815 3579 1919 3650 qui
1952 3578 2312 3641 erubuisset,
2345 3579 2394 3632 si
2424 3579 2569 3634 nihil
2592 3580 2704 3634 sub
2717 3583 3107 3638 Macariorum
3138 3587 3380 3644 nomine
3410 3590 3555 3645 scri-

133 3685 298 3749 ptum
327 3675 682 3733 exstitisset.
733 3670 856 3727 Sub
887 3669 1037 3725 falso
1086 3669 1263 3738 igitur
1301 3669 1363 3724 S.
1405 3667 1645 3723 Macarii
1671 3666 1932 3722 Senioris
1962 3673 2013 3722 et
2053 3667 2351 3736 Aegyptii.
2393 3683 2577 3738 quem
2621 3670 2858 3724 unicam
2905 3672 3192 3729 duntaxat
3240 3677 3554 3747 scripsisse

133 3766 462 3838 Epistolam
482 3761 664 3817 voluit
684 3760 725 3816 l.
752 3759 793 3814 1.
811 3757 1135 3821 Genadius,
1153 3755 1473 3828 productae
1489 3755 1786 3811 Homiliae
1796 3755 2141 3825 spirituates
2159 3755 2600 3827 quinquaginta
2621 3756 2694 3811 de
2715 3757 3057 3827 integritate
3087 3777 3242 3832 quae
3270 3764 3559 3820 Christia.

133 3872 233 3911 nos
256 3856 452 3911 decet.
483 3853 721 3906 Exstant
747 3862 958 3919 graece
988 3853 1045 3902 et
1073 3847 1256 3903 latine
1291 3845 1524 3900 Parisiis
1559 3844 1694 3900 1559
1729 3844 1868 3909 in-8,
1896 3843 2113 3898 deinde
2144 3860 2288 3898 cura
2317 3845 2492 3899 Zach.
2523 3844 2805 3900 Palthenii
2841 3848 3207 3904 Francofurti
3237 3852 3375 3906 1594
3404 3853 3553 3920 in-8,

131 3945 401 4016 denique
428 3955 572 3996 cum
623 3938 915 4010 Operibus
943 3935 1210 4006 Gregorii
1241 3932 1668 4002 Thaumaturgi
1702 3933 1901 3988 Parisii
1955 3932 2013 3986 in
2069 3932 2172 3989 fol.
2215 3947 2378 3987 anno
2433 3932 2591 3987 1622.
2639 3934 2799 3997 Quas
2826 3950 2964 3989 cum
3031 3938 3276 4004 Caveus,
3311 3939 3358 3994 si
3399 3949 3559 3997 recte

132 4033 570 4095 sensisset,ceu
595 4025 1004 4099 supposititias
1029 4023 1312 4095 nulloque
1326 4022 1692 4093 antiquitatis
1708 4021 2048 4076 testimonio
2080 4019 2256 4076 fultas
2284 4022 2655 4093 proscribere
2693 4022 3328 4100 debuisset,abaliquo
3349 4030 3558 4098 forsan

130 4121 429 4192 sequioris
449 4115 676 4173 saeculi
719 4113 1111 4184 interpolatae
1137 4111 1360 4166 dixisse
1405 4111 1547 4166 satis
1573 4110 1798 4164 habuit.
1862 4108 2002 4165 Illas
2036 4112 2238 4164 Petrus
2277 4110 2556 4165 Possiuus
2583 4127 2615 4166 e
2643 4113 2772 4168 Soc.
2804 4111 2860 4167 J.
2895 4113 2956 4168 in
2991 4115 3434 4186 Protegomem's
3481 4119 3558 4175 ad

131 4203 862 4264 ThesanrumAsceticum
887 4215 1099 4271 graece
1126 4207 1182 4255 et
1201 4199 1380 4255 latine
1397 4197 1758 4270 impressum
1787 4197 1906 4253 in-4
1935 4213 2097 4254 anno
2125 4198 2258 4254 1684
2277 4197 2521 4255 Tolosae
2542 4200 2705 4272 apud
2737 4200 3112 4258 Guilielmum
3137 4205 3561 4274 Bosch,censet

133 4297 438 4368 pertinere
456 4293 536 4350 ad
555 4291 880 4348 Macarium
913 4289 1206 4344 iuniorem
1237 4287 1594 4359 Aegyptium
1622 4289 1832 4342 eodem
1869 4292 2133 4358 tempore
2161 4288 2450 4344 illustrem
2481 4304 2668 4361 :quae
2685 4292 2987 4346 contentio
3015 4293 3237 4349 modici
3271 4298 3562 4353 momenti

133 4392 243 4451 est,
271 4400 418 4441 cum
448 4391 691 4452 uterque
717 4385 772 4434 et
800 4380 998 4434 senior
1023 4385 1078 4432 et
1102 4377 1297 4432 iunior
1315 4382 1582 4448 tempore
1613 4375 1828 4430 eodem
1862 4375 2129 4432 vixerint.
2166 4377 2282 4446 Ego
2309 4377 2388 4432 ob
2421 4384 2686 4433 veterum
2701 4381 2776 4434 de
2801 4377 2894 4434 his
2926 4382 3218 4453 Operibus
3251 4384 3558 4444 silentium

139 4476 381 4547 utrique
408 4472 657 4528 Macario
687 4468 972 4524 Homilies
998 4465 1145 4521 istas
1176 4466 1394 4537 opinor
1420 4465 1764 4536 suppositas
1792 4480 1827 4519 a
1854 4465 2163 4520 monachis
2191 4466 2420 4535 graecis
2446 4466 2523 4522 ad
2560 4468 2850 4524 maiorem
2873 4471 3262 4528 Macariorum
3297 4476 3558 4532 nominis

139 4561 394 4618 famam.
427 4560 661 4618 Omisso
676 4563 941 4613 veterum
955 4555 1030 4610 de
1045 4555 1132 4610 his
1148 4554 1436 4626 Operibus
1453 4553 1684 4611 silentio
1697 4553 1833 4608 dico
1849 4559 1906 4608 tu
1918 4570 1973 4607 ω
1993 4553 2316 4623 Epistolam
2341 4555 2528 4627 illam,
2544 4557 2618 4611 de
2631 4557 3027 4630 qualoquitur
3039 4557 3406 4628 Gennadius,
3433 4569 3561 4620 tum

143 4650 255 4707 has
281 4647 736 4722 Quinquaginta
752 4645 1066 4715 Homitias,
1089 4644 1164 4699 de
1177 4645 1399 4716 quibus
1416 4658 1600 4713 supra
1621 4641 1877 4712 egimus,
1894 4658 2012 4697 non
2033 4657 2208 4714 posse
2229 4659 2360 4698 esse
2382 4644 2616 4701 Macarii
2646 4646 2798 4700 illius
2812 4649 3104 4718 Aegyptii,
3132 4649 3255 4704 sive
3283 4653 3560 4717 senioris,

145 4743 270 4797 sive
303 4740 572 4806 iunioris,
611 4737 711 4809 qui
742 4734 959 4792 seniori
985 4735 1363 4806 synchronus
1395 4738 1519 4788 erat
1543 4737 1720 4804 atque
1743 4736 1933 4786 aetate
1950 4730 2238 4787 duntaxat
2267 4731 2484 4788 iunior.
2513 4735 2818 4790 Rationem
2850 4737 3143 4806 Optimam
3181 4737 3367 4794 affero
3390 4739 3557 4796 Pela-

149 4829 521 4898 gianismnm
550 4825 1007 4882 subtilissimum
1037 4829 1218 4895 atque
1242 4821 1654 4894 purissimum,
1674 4835 1795 4892 quo
1814 4825 1870 4873 et
1890 4819 2161 4888 Epistota
2189 4829 2242 4875 et
2266 4821 2560 4878 Homitiae
2587 4822 2795 4894 plenae
2821 4831 2980 4890 sunt,
3014 4831 3074 4880 ut
3093 4831 3314 4882 attente
3335 4826 3558 4898 legenti

147 4918 467 4973 constabit.
503 4917 894 4970 Erantautem
919 4913 978 4968 hi
1002 4919 1117 4966 tres
1146 4909 1381 4967 Macarii
1413 4909 1856 4965 mortuiomnes
1884 4916 2018 4964 ante
2051 4909 2428 4979 Pelagianam
2459 4918 2653 4966 ortam
2675 4911 2993 4978 haeresim,
3028 4913 3185 4969 unde
3218 4916 3436 4986 scripta
3459 4916 3560 4973 illa

152 5005 230 5060 ad
255 5005 546 5062 Macarios
571 5005 715 5060 istos
737 5001 1029 5074 pertinere
1065 4999 1404 5055 nullatenus
1434 5001 1713 5070 possunt.
1750 4999 1830 5076 De
1876 4997 2155 5069 Epistola,
2178 5013 2335 5070 quae
2377 4999 2610 5069 interiit,
2642 5015 2992 5072 expressum
3024 5008 3114 5058 est
3139 5005 3424 5060 Gennadii
3452 5006 3560 5078 qui

148 5091 367 5164 legerat
406 5093 818 5150 testimonium
849 5105 921 5145 ex
943 5089 1096 5144 libro
1127 5087 1211 5144 De
1239 5088 1382 5144 viris
1409 5085 1746 5144 illustribus
1787 5101 1920 5156 cap.
1952 5086 2020 5140 10
2058 5087 2148 5142 his
2179 5093 2539 5159 conceptum
2565 5089 2760 5144 verbis
2789 5106 2801 5144 :
2837 5109 2867 5142 ‹‹
2899 5093 3187 5147 Macarius
3219 5095 3556 5150 monachus

154 5182 249 5239 ille
262 5177 642 5255 Aegyptius,[
659 5178 808 5249 Pag.
831 5176 1224 5248 476]signiset
1246 5175 1563 5232 virtutibus
1589 5174 1802 5241 clarus,
1823 5191 2006 5231 unam
2039 5181 2270 5232 tantum
2296 5177 2372 5233 ad
2414 5178 2673 5234 iuniores
2713 5179 3103 5251 professionis
3151 5197 3292 5238 suae
3323 5183 3562 5256 scripsit

151 5272 489 5344 Epistolam,
524 5271 585 5327 in
615 5284 739 5343 qua
768 5266 960 5332 docet,
995 5265 1161 5321 illum
1188 5263 1438 5337 perfecte
1469 5278 1648 5336 posse
1677 5263 1798 5319 Deo
1828 5264 2066 5329 servire,
2091 5265 2195 5337 qui
2225 5264 2630 5322 conditionem
2661 5269 2978 5324 creationis
3009 5285 3154 5325 suae
3184 5286 3559 5342 cognoscens

154 5361 232 5416 ad
259 5378 472 5418 omnes
517 5357 911 5428 semetipsum
952 5353 1329 5409 inclinaverit.
1355 5352 1609 5418 labores,
1669 5358 1724 5407 et
1761 5351 2048 5409 luctando
2087 5360 2267 5426 atque
2299 5355 2397 5409 Dei
2429 5356 2752 5411 adversum
2777 5373 2957 5413 omne
2987 5358 3147 5430 quod
3179 5359 3239 5416 in
3299 5361 3413 5417 hac
3446 5364 3565 5421 vita

154 5464 339 5507 suave
368 5457 457 5507 est
488 5446 782 5506 auxilium
809 5441 1210 5515 implorando,
1237 5441 1665 5499 adnaturalem
1696 5455 1921 5512 quoque
1948 5442 2638 5512 perveniempuritatem,
2668 5447 3087 5502 continentiam
3113 5448 3275 5504 velut
3306 5458 3565 5511 naturae

155 5537 406 5594 debitum
437 5553 648 5594 manus
677 5530 1018 5590 obtinuerit.
1053 5551 1082 5578 ι»
1109 5531 1542 5588 Continentiam
1573 5531 1731 5586 enim
1778 5545 1910 5585 esse
1957 5546 2174 5586 munus
2207 5538 2457 5588 naturae
2487 5533 2775 5603 debitum,
2815 5550 2933 5590 non
2984 5538 3230 5605 gratiae,
3289 5541 3567 5599 doctrina

158 5624 474 5703 Pelagiana
498 5639 748 5701 prorsus
775 5627 867 5679 est
896 5625 1106 5678 contra
1133 5618 1517 5677 Salomonem
1545 5619 1690 5692 Sap.
1722 5617 1861 5685 Vill,
1885 5620 1920 5672 2
1953 5623 2008 5674 et
2031 5621 2094 5686 x,
2123 5620 2177 5686 2,
2211 5650 2278 5662 -—
2300 5621 2652 5694 Apostolum
2675 5623 2809 5681 Gal.
2841 5623 2905 5698 V,
2935 5623 3004 5681 23
3034 5640 3046 5682 :
3077 5625 3338 5688 Fructus
3369 5636 3568 5690 autem
