4086 6194
570 250 676 304 379
1905 228 2297 289 CASIMIRUS
2338 227 2648 286 OUDlNUS
3832 232 3919 289 330

563 374 824 444 Spiritus
845 374 929 429 est
958 373 1066 426 cet.
1098 367 1262 437 fides,
1290 362 1593 426 modestia,
1627 358 2012 427 continentia,
2041 357 2302 444 castitas.
2333 355 2505 422 Quod
2530 355 2709 411 etiam
2740 353 2855 410 hae
2885 353 3339 425 Quinquaginta
3365 352 3645 411 Homiliae
3671 354 3740 410 ad
3767 359 3922 413 Maca-

564 441 722 518 rium
755 464 955 525 istum,
991 461 1172 528 atque
1201 454 1349 510 alios
1378 449 1643 506 eiusdem
1672 448 1957 518 temporis
1999 446 2151 500 duos
2182 443 2522 500 nullatenus
2574 450 2859 516 spectent,
2900 443 2993 498 his
3026 444 3267 498 duobus
3300 441 3532 499 afﬁrmo
3571 446 3919 515 argumentis:

640 554 931 608 Primum.
969 544 1409 604 Homiliaeistae
1428 555 1548 595 non
1562 542 1702 593 sunt
1729 536 1961 608 proprie
1989 534 2270 591 homiliae
2287 532 2362 589 ad
2406 533 2695 603 populum
2725 532 2983 599 habitae,
3021 532 3125 587 sed
3150 536 3382 588 tantum
3414 532 3642 602 farrago
3666 535 3923 605 quaedam

567 646 647 702 ab
676 643 872 713 aliquo
891 634 1359 693 archimandrita
1376 629 1621 685 collecta
1639 643 1707 681 ac
1739 625 2015 697 privatim
2034 622 2394 713 composita,
2410 637 2566 694 quae
2603 620 2904 677 interdum
2923 621 3168 692 quidem
3190 619 3473 677 homilias
3490 621 3754 686 continet,
3780 621 3925 677 inter.

566 734 713 790 dum
742 709 878 785 vero
902 725 1287 792 Quaestiones
1316 718 1511 775 varias
1525 714 2041 786 etBesponsiones
2063 712 2289 766 nullam
2322 710 2704 766 homiliarum
2731 709 2993 781 speciem
3024 709 3337 775 habentes,
3364 724 3516 781 quas
3530 710 3926 766 consarcinator

565 837 669 895 pro
727 823 928 890 captu,
971 814 1200 885 absque
1246 808 1619 865 connexione
1646 803 1823 858 simul
1850 801 2104 870 collegit.
2142 803 2219 855 Ex
2274 800 2643 871 inspectione
2687 803 2743 853 et
2770 798 3019 853 lectione
3048 798 3285 853 illarum
3316 814 3408 853 res
3455 802 3715 853 constare
3741 802 3922 870 potest,

566 887 733 985 quod
760 887 879 963 non
903 902 1185 960 difﬁtetur
1226 899 1376 953 Elias
1398 897 1478 952 du
1504 896 1603 949 Pin
1630 894 1778 985 Nov.
1805 891 2093 985 Bibtioth.
2123 889 2373 985 Scriptt:
2398 889 2627 985 Eleates.
2657 889 2821 985 Tom.
2862 888 2909 985 I_l
2935 889 3105 985 Saec.
3134 889 3197 985 IV
3230 902 3369 985 pag.
3403 887 3666 985 mih-L70.
3704 889 3833 985 {iam
3864 887 3924 943 ad

571 975 755 1056 linem
783 993 1066 1051 homiliae
1079 991 1145 1044 VI
1158 989 1228 1044 de
1253 981 1896 1043 orationemovetduas
1916 979 2308 1045 Quaestiones
2332 979 2405 1034 de
2430 977 2994 1035 incarnationeJesu
3036 976 3401 1033 Christicum
3434 975 3672 1033 totidem
3705 976 3926 1048 Respon-

563 1087 849 1149 sionibus,
883 1096 1039 1155 quae
1091 1078 1168 1134 ad
1218 1078 1641 1144 argumentum
1673 1070 1971 1127 Orationis
1997 1068 2143 1125 nihil
2196 1067 2443 1155 faciunt.
2488 1066 2775 1123 Homiliae
2827 1066 2922 1121 VII
2958 1071 3014 1122 et
3042 1065 3164 1121 VIII
3220 1070 3494 1122 constant
3522 1079 3753 1137 quoque
3778 1065 3926 1121 variis

563 1153 1023 1243 Quaestionibus
1052 1172 1107 1223 et
1134 1162 1667 1237 Responsionibus.
1703 1159 1872 1214 Unde
1904 1158 2090 1229 liquet
2118 1156 2242 1212 sole
2261 1154 2481 1212 clarius
2509 1171 2630 1211 non
2676 1170 2804 1211 esse
2831 1154 3112 1210 Homiliae
3166 1154 3246 1210 ad
3300 1153 3589 1227 populum
3621 1153 3814 1218 dictas,
3843 1154 3925 1209 sed

564 1242 989 1322 collectaneum
1005 1257 1444 1324 Quaestionum,
1461 1266 1613 1322 quas
1630 1248 1705 1303 ad
1719 1245 2255 1303 archimandritam
2271 1244 2536 1317 aliquem
2552 1244 2831 1301 monachi
2864 1243 3214 1300 accedentes
3226 1242 3615 1314 proposuisse
3644 1242 3924 1312 ﬁnguntur.

565 1353 817 1410 Homilia
836 1350 935 1403 XII
966 1348 1225 1402 continet
1261 1340 1647 1408 Quaestiones
1690 1343 1747 1392 et
1791 1334 2231 1406 Responsiones
2262 1333 2349 1388 vel
2390 1334 2731 1389 nullatenus
2762 1333 2850 1388 vel
2878 1348 3093 1402 parum
3123 1331 3311 1388 utiles.
3343 1331 3591 1387 Homilia
3624 1332 3708 1388 XV
3735 1330 3926 1387 nullum

568 1444 747 1500 habet
774 1438 1031 1511 speciale
1048 1439 1489 1504 argumentum,
1524 1427 1628 1483 sed
1643 1426 1841 1481 varias
1861 1424 2249 1491 Quaestiones
2261 1423 2329 1478 de
2342 1422 2772 1479 resurrectione
2783 1425 2839 1479 et
2862 1421 3341 1491 concupiscentia
3368 1421 3687 1492 continet,q
3697 1435 3793 1475 uae
3826 1418 3928 1474 nul-

563 1533 685 1589 lam
718 1510 866 1586 inter
884 1543 944 1582 se
976 1522 1413 1581 connexionem
1438 1518 1683 1573 habent.
1724 1514 1979 1569 Homilia
2009 1513 2166 1568 XXVI
2197 1512 2459 1567 continet
2486 1512 2684 1583 plures
2710 1511 3103 1577 Quaestiones
3137 1514 3194 1565 et
3220 1510 3659 1582 Responsiones
3686 1510 3754 1565 de
3777 1512 3930 1565 tenta-

566 1620 821 1677 tionibus
842 1614 1067 1672 diaboli
1104 1619 1155 1668 et
1180 1608 1414 1681 gratiae
1451 1605 1766 1676 effectibus.
1795 1602 2048 1658 Homilia
2076 1602 2257 1658 XXVII
2290 1600 2611 1672 respondet
2641 1616 2883 1671 quoque
2916 1599 3378 1665 Quaestionibus
3417 1598 3616 1654 multis
3644 1598 3712 1654 de
3743 1598 3930 1668 gratiae

564 1708 884 1780 effectibus.
909 1701 1164 1758 Homilia
1192 1698 1407 1754 XXXVII
1431 1696 1682 1750 habetur
1706 1694 2061 1747 verbotenus
2085 1691 2236 1780 inter
2256 1689 2560 1760 Opuscula
2581 1690 2752 1743 Marci
2782 1689 3207 1744 Exercitatoris.
3235 1686 3494 1742 Homilia
3529 1688 3610 1742 XL
3641 1686 3928 1780 tres‘adhuc

565 1774 956 1866 Qnuaestiones
988 1792 1286 1864 proponit,
1320 1801 1471 1857 quas
1510 1781 2024 1855 Responsionibus
2055 1779 2302 1834 totidem
2335 1778 2527 1834 solvit.
2568 1781 2694 1835 Non
2726 1792 2867 1846 ergo
2909 1776 3340 1833 collectaneum
3384 1776 3543 1832 istud
3583 1774 3927 1831 Homiliarum

564 1865 801 1960 proprie
833 1889 942 1947 est,
977 1880 1080 1935 sed
1114 1878 1350 1945 farrago
1386 1873 1689 1929 variorum
1722 1868 2260 1932 indiscriminatim,
2292 1872 2355 1922 ut
2385 1866 2683 1922 collectori
2712 1865 2982 1922 allubuit.

633 1991 927 2049 Secundo.
956 1986 1234 2057 Quisquis
1257 1983 1425 2038 istius
1441 1980 1755 2051 farraginis
1777 1983 2003 2042 auctor,
2025 1976 2073 2031 is
2100 1981 2238 2048 post
2257 1980 2450 2031 ortam
2471 1974 2851 2045 Pelagianam
2876 1974 3173 2032 haeresim
3206 1975 3462 2047 scripsit,
3483 1990 3666 2047 quam
3684 1971 3928 2030 subtiliter

559 2090 616 2140 et
642 2087 813 2137 caute
835 2079 1008 2134 docet
1036 2075 1284 2146 passim.
1311 2069 1480 2136 Quod
1511 2076 1567 2124 et
1593 2067 1832 2137 agnovit
1857 2067 2030 2121 Ellias
2053 2064 2133 2119 du
2165 2068 2261 2119 Pin
2296 2064 2333 2119 l.
2367 2069 2429 2129 I.,
2464 2064 2610 2119 dum
2634 2065 2825 2137 inquit
2859 2064 3142 2120 Homilias
3168 2065 3330 2131 istas,
3365 2065 3441 2120 de
3465 2065 3683 2137 quibus
3706 2063 3928 2133 agimus,

557 2189 653 2228 ess
674 2189 703 2225 e
732 2168 1069 2226 conformes
1090 2160 1295 2235 quoad
1309 2159 1641 2214 doctrinam
1661 2156 1966 2225 Epistotae
1978 2154 2091 2209 sub
2104 2154 2334 2210 Macarii
2352 2152 2614 2220 nomine,
2636 2169 2825 2225 quam
2844 2154 3109 2226 depingit
3141 2155 3486 2210 Gennadius
3501 2153 3722 2210 inlibro
3738 2153 3931 2210 deciri:

557 2258 893 2318 illustribus
912 2270 1044 2324 cap.
1073 2256 1156 2308 10.
1182 2247 1528 2319 AtEpistola
1556 2247 1673 2301 ista
1700 2244 2017 2313 Pelagiana
2043 2249 2151 2311 est,
2184 2244 2466 2314 idemque
2501 2241 2828 2298 dicendum
2860 2243 2934 2299 de
2958 2242 3228 2299 Homiliis
3256 2243 3407 2302 istis.
3441 2246 3589 2300 Nam
3619 2241 3931 2298 HomiliaXV

558 2350 687 2405 vult
710 2342 1243 2412 concupiscentiam
1266 2354 1397 2393 esse
1427 2333 1907 2408 quandamignis
1942 2331 2106 2404 [Pag.
2134 2332 2259 2402 477]
2278 2332 2335 2386 in
2358 2332 2602 2387 homine
2620 2332 2858 2387 accensi
2887 2333 3420 2403 speciem,omnes,
3449 2337 3513 2388 ut
3541 2332 3840 2389 itadictum
3855 2330 3928 2395 sit,

557 2438 749 2510 ipsius
782 2439 980 2506 partes
1003 2429 1451 2489 accendentem,
1484 2425 1576 2480 cui
1610 2423 1883 2477 resistere
1914 2427 2129 2492 potest,
2159 2421 2206 2474 si
2238 2419 2481 2476 assidue
2513 2421 2781 2492 invigilet
2812 2420 2923 2475 sibi
2963 2425 3144 2492 atque
3170 2427 3434 2493 pugnet:
3469 2423 3589 2479 Eos
3618 2428 3820 2487 autem,
3849 2418 3933 2490 qui

558 2509 933 2596 passionibus
945 2520 1533 2583 resistunt,sanctum
1549 2512 1844 2580 Spiritum
1862 2516 2038 2581 atque
2054 2509 2276 2566 Christi
2288 2510 2522 2579 gratias
2541 2509 2998 2579 recipere.Quod
3019 2510 3407 2583 Pelagiannm
3422 2516 3674 2574 omnino
3689 2520 3787 2581 est,
3805 2525 3930 2584 quas

560 2622 697 2671 ante
722 2614 976 2683 gratiam
991 2608 1199 2665 Christi
1216 2610 1556 2676 perceptam
1573 2598 2091 2670 concupiscentiae
2110 2614 2179 2654 ac
2194 2598 2575 2669 passionibus
2587 2598 2858 2655 accensis
2876 2615 2947 2655 ex
2966 2608 3213 2658 naturae
3237 2605 3463 2662 viribus
3488 2607 3749 2662 resistere
3770 2602 3929 2658 valea-

560 2720 716 2759 mus.
745 2698 995 2756 Homilia
1027 2696 1136 2751 XVI
1160 2695 1352 2765 inquit
1372 2693 1678 2747 hominem
1712 2689 1929 2743 debere
1960 2702 2197 2758 semper
2224 2689 2451 2752 timere,
2480 2703 2551 2742 eo
2583 2689 2747 2759 quod
2772 2705 3012 2761 semper
3040 2694 3471 2751 tentationibus
3507 2696 3798 2767 expositus
3824 2692 3886 2746 sit
3915 2708 3925 2755 ;

556 2796 756 2864 itaque
786 2789 888 2862 qui
908 2788 1159 2857 gratiam
1189 2782 1457 2838 nondum
1493 2781 1731 2848 habent,
1757 2778 1973 2831 debere
1988 2792 2228 2846 semper
2258 2778 2553 2831 etbonum
2581 2794 2755 2849 agere
2775 2779 3073 2836 etmalum
3110 2781 3310 2855 fugere
3341 2800 3414 2839 ex
3439 2786 3700 2841 motibus
3730 2788 3929 2839 natura-

560 2882 717 2938 libus
755 2898 773 2949 ;
802 2879 904 2951 qui
940 2891 1075 2931 vero
1102 2874 1359 2945 gratiam
1381 2870 1738 2940 acceperint,
1772 2882 1892 2921 non
1928 2865 2193 2937 indigere
2229 2866 2489 2921 motibus
2504 2866 2598 2921 his
2626 2868 2999 2924 naturalibus
3021 2877 3201 2943 atque
3240 2873 3644 2930 interioribus.
3674 2870 3931 2945 Supponit

559 2988 724 3044 ergo,
756 2969 1063 3024 hominem
1079 2965 1277 3028 etiam,
1311 2967 1639 3030 antequam
1670 2956 1922 3025 gratiam
1940 2955 2177 3020 habeat,
2198 2970 2373 3044 posse
2390 2960 2447 3010 et
2474 2954 2706 3012 bonum
2727 2956 2920 3013 facere
2933 2964 2990 3015 et
3015 2960 3239 3017 malum
3268 2963 3481 3034 fugere
3506 2979 3579 3019 ex
3596 2961 3929 3019 instinctibus

556 3043 959 3119 naturalibus;
991 3054 1156 3127 quod
1173 3046 1865 3120 Pelagianumest,quasi
1890 3044 1983 3100 his
2004 3051 2250 3100 naturae
2265 3043 2570 3099 laboribus
2598 3051 2654 3100 et
2676 3046 2993 3103 conatibus
3014 3052 3265 3118 gratiam
3284 3052 3379 3106 Dei
3397 3052 3475 3108 ad
3498 3070 3609 3108 nos
3634 3052 3929 3109 trahemus.

559 3147 811 3206 Homilia
844 3146 1388 3212 XXVltotaquoque
1418 3136 1739 3205 Pelagiana
1770 3139 1876 3199 est,
1907 3138 1969 3189 ut
1993 3138 2212 3189 attente
2244 3133 2461 3202 legenti
2491 3135 2804 3198 constabit.
2839 3141 3021 3209 atque
3050 3154 3121 3194 ex
3145 3138 3236 3205 iis,
3268 3156 3427 3213 quae
3449 3141 3619 3199 βᾶθι-ι
3642 3140 3747 3199 LI,
3786 3140 3929 3196 Ellias

558 3239 641 3296 du
665 3233 1089 3305 Pin,cognosci
1123 3228 1365 3287 abunde
1392 3231 1604 3299 potest.
1628 3225 1799 3279 Miror
1823 3227 2045 3288 tamen,
2079 3238 2185 3277 cur
2208 3223 2433 3294 pagina
2449 3222 2593 3279 mihi
2615 3228 2682 3279 72
2713 3226 3064 3298 Aethiopem
3097 3228 3378 3286 dealbare
3408 3238 3661 3288 conetur
3679 3230 3930 3287 intendat-

557 3343 694 3399 que,
730 3330 1031 3379 auctorem
1086 3321 1246 3375 hunc
1276 3315 1422 3372 nihil
1452 3313 1617 3370 aliud
1665 3311 1809 3367 velle
1857 3328 2042 3382 quam
2074 3310 2387 3366 conciliare
2429 3313 2655 3381 gratiae
2686 3317 3104 3373 necessitatem
3138 3334 3276 3375 cum
3318 3318 3491 3376 liberi
3519 3321 3740 3377 arbitrii
3770 3316 3929 3376 nostri

558 3414 1004 3485 cooperatione.
1035 3408 1209 3463 Aliud
1244 3421 1388 3460 sane
1414 3402 1539 3458 vult
1569 3401 1924 3470 Pelagianus
1974 3400 2067 3455 ille
2101 3416 2114 3465 ;
2150 3400 2382 3455 initium
2412 3418 2629 3473 nempe
2661 3406 2876 3459 salutis
2917 3413 3154 3464 nostrae
3193 3425 3320 3465 esse
3360 3426 3397 3466 a
3440 3413 3619 3468 nobis
3646 3427 3747 3484 per
3778 3423 3931 3482 opera

553 3508 805 3560 naturae
827 3496 1266 3570 incipientibus,
1295 3494 1515 3564 quibus
1544 3491 1862 3547 accedente
1886 3490 2091 3545 divina
2112 3488 2301 3561 gratia
2317 3488 2479 3544 salus
2498 3492 2619 3547 iam
2645 3492 2722 3547 ad
2752 3493 3170 3564 perfectionem
3194 3499 3555 3557 adducatur.
3580 3504 3927 3573 Undequam-

556 3593 646 3647 vis
683 3590 921 3661 saepius
952 3588 1111 3643 dicat
1148 3584 1405 3655 gratiam
1435 3596 1566 3636 esse
1598 3579 1998 3635 necessariam
2044 3578 2132 3633 vel
2172 3577 2249 3633 ad
2277 3578 2559 3635 iustitiam
2583 3581 2933 3653 perfectam,
2961 3584 3053 3641 vel
3096 3587 3276 3643 vitam
3311 3595 3645 3660 aeternam,
3686 3597 3743 3645 ut
3772 3585 3931 3645 Homi-

556 3682 634 3737 lia
663 3680 843 3742 XXIV,
875 3677 963 3732 vel
991 3675 1067 3731 ad
1099 3671 1410 3728 evitandas
1438 3685 1648 3724 omnes
1672 3669 1897 3739 peccati
1922 3666 2295 3731 occasiones,
2326 3665 2412 3721 vel
2444 3668 2521 3723 ad
2551 3670 2834 3725 omnibus
2860 3674 3286 3731 teutationibus
3317 3679 3737 3743 resistendum,
3762 3684 3819 3733 ut
3840 3679 3931 3731 llo.

558 3769 726 3825 milia
750 3769 903 3834 XXV,
933 3778 1245 3835 nunquam
1271 3767 1471 3815 tamen
1490 3757 1764 3822 asseruit,
1783 3756 1944 3811 illam
1967 3772 2098 3811 esse
2124 3758 2527 3812 necessariam
2555 3759 2627 3813 ad
2653 3775 2833 3816 omne
2859 3768 2913 3816 et
2934 3763 3323 3835 quodlibetin
3347 3766 3639 3837 singulari
3664 3784 3807 3841 opus
3840 3765 3932 3820 bo-

556 3874 725 3923 num,
758 3856 1039 3928 opinatus
1067 3865 1283 3922 nempe
1310 3848 1475 3903 iuxta
1501 3846 1803 3915 Pelagium
1838 3844 2205 3914 Pelagianos,
2239 3844 2475 3901 initium
2503 3846 2710 3903 salutis
2740 3865 2872 3905 esse
2902 3868 2938 3907 a
2980 3852 3153 3909 nobis
3186 3870 3256 3910 ex
3292 3862 3513 3915 natura
3540 3856 3923 3930 operantibus.

626 3964 913 4021 Convenit
942 3961 1200 4016 maxime
1232 3957 1327 4012 hic
1348 3961 1555 4011 auctor
1576 3952 1777 4026 quoad
1807 3951 2141 4008 doctrinam
2168 3967 2307 4008 cum
2332 3953 2527 4008 Marco
2560 3953 2808 4029 ὰσκητῇ
2842 3974 2948 4013 seu
2979 3962 3390 4029 Exercitatore,
3424 3965 3527 4037 qui
3556 3964 3694 4020 olim
3726 3960 3930 4019 Macarii

556 4055 736 4112 huius
759 4050 1093 4121 discipulus
1113 4048 1237 4114 fuit,
1262 4062 1369 4100 nec
1387 4042 1629 4099 difﬁcile
1649 4043 1773 4104 fuit.
1797 4048 1856 4095 ut
1870 4041 2090 4112 scripta
2107 4040 2386 4113 discipuli
2412 4044 2697 4114 magistro
2716 4047 3099 4116 postmodum
3115 4064 3184 4104 ex
3202 4051 3474 4123 quadam
3493 4053 3736 4109 maioris
3754 4057 3932 4107 aucto-

556 4144 745 4198 ritatis
786 4140 1159 4196 affectatione
1191 4134 1280 4190 vel
1310 4134 1487 4188 etiam
1516 4132 1739 4187 malitia
1769 4132 2246 4187 attribuerentur.
2285 4131 2455 4187 Plura
2480 4132 2554 4187 de
2584 4132 2677 4188 his
2715 4136 2981 4191 Homiliis
3011 4154 3113 4192 seu
3153 4140 3331 4195 etiam
3366 4142 3817 4207 Quaestionibus
3838 4155 3929 4195 nos

558 4235 769 4302 postea
793 4230 852 4283 in
883 4229 1075 4282 Marco
1106 4230 1336 4287 Asceta,
1366 4221 1461 4276 cui
1488 4219 1921 4275 adiudicandas
1953 4220 2031 4275 ob
2061 4219 2367 4275 doctrinae
2399 4227 2454 4275 et
2485 4223 2618 4295 styli
2652 4224 3101 4284 similitudinem
3131 4244 3469 4285 censemus.

634 4329 874 4380 Exstant
892 4328 1091 4379 autem
1119 4322 1232 4375 hae
1256 4322 1311 4375 S.
1338 4317 1569 4373 Macarii
1590 4317 1859 4388 Aegyptii
1885 4317 2170 4373 Homiliae
2194 4319 2345 4374 MSS.
2369 4334 2579 4387 graece
2605 4322 2663 4376 in
2690 4323 3007 4380 Bodleiano
3030 4326 3241 4382 Oxonii
3264 4328 3323 4382 in
3354 4330 3585 4400 Anglic.
3610 4328 3931 4386 Bibliotheca

560 4415 766 4471 codice
797 4414 900 4468 213
952 4413 1011 4465 in
1040 4411 1195 4465 MSS.
1248 4407 1638 4463 Baroccianis.
1680 4413 1867 4477 Atque
1898 4406 1956 4460 in
2006 4406 2118 4461 hoc
2158 4407 2362 4463 codice
2403 4414 2634 4466 exstant
2675 4412 2972 4470 Homiliae
3004 4416 3153 4484 LVII,
3192 4431 3449 4489 quarum
3497 4435 3655 4492 quae
3704 4420 3760 4474 in
3789 4416 3932 4474 editis

560 4509 865 4575 postrema
891 4506 1000 4562 est,
1025 4499 1083 4553 in
1111 4499 1222 4554 MS.
1254 4498 1363 4552 isto
1386 4495 1613 4550 auctior
1644 4501 1731 4551 est
1765 4510 1948 4566 quam
1981 4495 2040 4549 in
2074 4496 2398 4566 impressis.

633 4601 911 4656 Eiusdem
942 4596 1194 4654 Homilia
1223 4595 1284 4649 Ll
1318 4594 1395 4649 ad
1428 4596 1787 4664 Symeonem
1818 4595 2090 4651 Ascetam
2123 4612 2243 4668 pag

1940 4599 2090 4651 etam
2123 4612 2260 4668 pag.
2296 4598 2417 4656 202.
2446 4596 2486 4651 b
2520 4614 2532 4652 :
2566 4599 2905 4673 Μακάριος
2958 4608 3101 4663 τοῖς
3156 4600 3553 4673 ἀγαπητοῖς.

634 4700 911 4756 Eiusdem
942 4693 1196 4750 Homilia
1228 4693 1311 4748 Lll
1343 4692 1400 4747 in
1432 4691 1620 4747 Natali
1652 4691 1865 4748 Christi
1896 4708 2035 4763 pag.
2062 4695 2168 4749 208
2200 4714 2212 4750 ε
2243 4720 2247 4741 ‹

2062 4695 2268 4750 208:6
2306 4694 2491 4767 λόγος
2544 4704 2651 4748 τοῦ
2707 4704 2870 4750 Θεοῦ
2923 4700 3109 4773 ἔργον
3162 4709 3262 4763 τῆς
3317 4702 3654 4766 ἀληθείας.

636 4797 890 4853 Homilia
905 4794 1013 4849 Llll
1033 4791 1574 4860 delongauimitate
1594 4795 1644 4845 et
1663 4790 2041 4846 tolerantiain
2058 4790 2249 4847 afﬂicti

2320 4794 3447 4874 ιὶὺιιδρᾶ8.21Ξί;ὁβουλόμενοςθεῷ
3497 4802 3933 4878 εὐαρεστῆσαι.

635 4896 801 4970 [Pag.
835 4892 966 4966 478]
998 4890 1252 4945 Homilia
1279 4888 1391 4941 LIV
1418 4887 1491 4942 de
1518 4888 1890 4959 beneplacito
1932 4890 2029 4944 Dei
2058 4895 2113 4944 et
2142 4906 2246 4962 per

1938 4890 2029 4944 Dei
2058 4895 2113 4944 et
2142 4892 2535 4962 permissione
2566 4892 2815 4949 divina:
2851 4897 3068 4950 Πάντα
3104 4898 3179 4949 τὰ
3208 4917 3551 4972 ynnynu.

634 5002 892 5058 Homilia
920 4998 1011 5052 LV
1052 5002 1259 5051 contra
1289 4996 1531 5049 inanem
1574 4993 1823 5064 gloriam
1855 5000 2162 5068 captantes
2198 4996 2255 5051 in
2290 4998 2680 5055 concionibus
2720 5000 2798 5055 ad
2844 5003 3138 5075 populum
3180 5020 3322 5078 pag.
3361 5010 3466 5063 230
3509 5023 3521 5061 :
3568 5006 3816 5062 ’Iertor
3859 5006 3938 5057 ὅτι

562 5096 733 5153 τινές
763 5090 900 5143 εἰσι
930 5090 1249 5160 νεώτεροι.

634 5196 887 5255 Homilia
917 5194 1026 5250 LVI
1053 5192 1127 5247 de
1156 5191 1397 5247 nomine
1433 5196 1489 5246 et
1519 5188 1715 5246 ofﬁcio
1746 5192 2022 5248 monachi
2055 5209 2191 5267 pag.
2225 5196 2247 5248 Ξ

1473 5188 1715 5246 toﬂicio
1746 5192 2022 5248 monachi
2055 5209 2191 5267 pag.
2225 5196 2351 5261 234,
2382 5195 2420 5251 b
2450 5212 2462 5251 :
2490 5201 2567 5249 Tt
2597 5195 2743 5250 ἐστι
2773 5199 3086 5270 μονάζων.

635 5304 892 5361 Homilia
925 5301 1053 5357 LVII
1081 5299 1155 5355 de
1184 5299 1359 5355 variis
1388 5298 1636 5369 Spiritus
1671 5300 1858 5354 sancti
1890 5302 2248 5372 operationil

2172 5302 2343 5358 nibus
2375 5318 2515 5375 pag.
2539 5305 2666 5373 238,
2700 5305 2737 5360 b
2772 5321 2782 5359 ε
2813 5309 2891 5358 Τὸ
2920 5314 3176 5380 πνεῦμα
3204 5310 3366 5361 ὅπου
3400 5309 3604 5374 θέλει,
3632 5315 3785 5363 πνεῖ.

634 5414 793 5477 Quae
821 5408 1076 5465 eandem
1109 5423 1245 5462 cum
1267 5404 1573 5477 impressis
1598 5405 1973 5476 methodum,
1992 5410 2244 5465 eandem
2276 5410 2613 5468 doctrinam
2638 5412 2960 5469 asceticam
2982 5416 3305 5482 continent,
3334 5421 3516 5489 atque
3542 5418 3603 5473 in
3621 5417 3749 5473 aliis
3773 5411 3941 5471 Homi-

556 5501 783 5558 liarum
809 5495 1103 5553 eiusmodi
1134 5494 1290 5549 MSS.
1326 5492 1767 5565 exemplaribus
1798 5509 1920 5551 non
1948 5496 2347 5567 reperiuntur.

635 5612 917 5677 Adducor
943 5614 1144 5666 autem
1171 5608 1435 5665 maxime
1466 5612 1527 5665 ut
1566 5610 1807 5667 credam
1838 5610 1948 5668 has
1978 5627 2190 5670 omnes
2222 5614 2520 5673 Homilia:
2536 5622 2591 5673 et
2623 5616 2961 5684 Questiones
2991 5619 3274 5678 asceticas
3303 5624 3570 5694 spectare
3594 5620 3671 5678 ad
3712 5621 3944 5677 Marcum
