4086 6194
179 230 284 289 384
1046 218 1138 280 DE
1176 223 1275 280 SS.
1310 219 1658 279 MACARIIS
1699 218 2053 278 AEGYPTIO
2098 219 2182 277 ET
2220 221 2739 281 ALEXANDRINO
3504 230 3608 288 382

180 375 460 428 Ascetam
481 383 588 423 seu
621 365 1095 430 Exercitatorem,
1119 363 1224 436 qui
1247 364 1392 419 inter
1416 365 1744 420 monachos
1769 367 2086 422 Nitrienses
2109 365 2437 422 solitariam
2461 367 2641 424 vitam
2663 368 2854 436 duxit,
2879 373 3057 441 atque
3076 371 3308 426 Macarii
3329 373 3607 446 Aegyptii

179 461 432 518 iunioris
464 455 792 529 discipulus
827 453 955 517 fuit,
985 453 1181 508 clarus
1205 469 1367 508 anno
1385 454 1491 508 4110
1517 471 1648 527 sqq.
1686 471 1875 528 usque
1901 456 1979 511 ad
2009 471 2238 511 annum
2271 455 2498 510 circiter
2529 457 2631 512 440
2660 458 2750 513 vel
2782 458 2966 530 ultra;
3001 460 3215 532 dequo
3243 460 3607 518 Sozomenus

179 550 282 604 lib.
318 549 388 600 VI
421 562 556 618 cap.
590 550 674 607 29,
709 543 1012 598 Palladius
1045 543 1196 598 Hist.
1230 544 1404 597 Laus.
1438 558 1615 614 capp.
1649 544 1717 598 20
1744 548 1800 598 et
1825 545 1912 610 2t,
1949 544 2310 615 Nicephorus
2343 546 2494 600 Hist.
2520 547 2686 602 Eccl.
2715 547 2815 602 lib.
2846 549 2955 602 XIV
2980 565 3114 620 cap.
3143 550 3232 604 54.
3268 552 3417 607 Vixit
3444 552 3605 607 enim

180 643 314 710 post
340 634 729 704 Pelagianam
752 633 1052 688 haeresim
1089 631 1285 686 multis
1327 631 1520 695 annis,
1552 633 1900 702 perveniens
1928 633 2003 688 ad
2033 632 2398 704 decrepitam
2431 650 2618 705 usque
2659 642 2935 701 aetatem,
2971 637 3234 710 obiitque
3265 640 3606 696 centenario

180 725 401 782 maior.
434 727 550 780 Nec
578 722 719 778 mihi
740 722 1003 777 rationes
1035 735 1141 775 seu
1164 721 1538 776 coniecturae
1563 721 1814 776 desunt:
1851 721 1890 775 l.
1916 721 2050 791 Ipsa
2069 721 2342 778 doctrina
2374 722 2708 794 Pelagiana,
2739 741 2926 794 quam
2952 726 3206 782 eandem
3235 744 3374 785 cum
3399 729 3606 787 Marco

178 815 605 871 Exercitatore
631 826 878 884 prorsus
910 811 1099 864 habet.
1136 809 1201 865 II.
1235 808 1487 865 Homilia
1522 810 1740 865 XXXVII
1775 811 1857 866 De
1880 809 2165 881 paradiso
2196 815 2250 866 et
2285 811 2402 882 lege
2440 811 2752 880 spz'iituati
2782 813 3037 869 habetur
3062 815 3423 874 verbotenus
3454 818 3607 875 inter

183 901 486 976 Opuscula
528 901 698 956 Marci
732 896 1166 962 Exercitatoris,
1211 896 1369 952 unde
1411 912 1530 952 non
1563 897 1687 952 leve
1718 898 2002 954 indicium
2045 904 2154 966 est,
2185 915 2432 955 omnem
2461 900 2616 956 hanc
2652 901 3036 957 Homiliarum
3080 903 3487 962 collectionem
3526 907 3606 964 ad

179 1008 321 1048 eum
353 991 674 1064 pertinere.
699 987 961 1043 maxime
991 1001 1130 1042 cum
1162 986 1448 1042 Macarius
1477 987 1805 1058 Aegyptius
1839 987 2028 1044 abbas
2060 989 2240 1044 etiam
2265 989 2463 1044 iunior
2493 989 2570 1044 ad
2601 994 2876 1062 tempora
2904 991 3258 1062 pelagianae
3290 995 3605 1053 haereseos

182 1096 306 1138 non
338 1079 702 1152 pervenerit,
726 1077 830 1132 sed
848 1077 1078 1130 Marcus
1105 1075 1482 1142 Exercitator,
1515 1076 1614 1148 qui
1635 1091 1769 1132 eam
1799 1076 2019 1148 ubique
2050 1093 2305 1148 operum
2327 1080 2562 1150 sparsit.
2595 1079 2683 1133 III.
2718 1079 2916 1151 Stylus
2937 1080 3324 1138 Homiliarum
3352 1083 3603 1141 istarum

185 1170 462 1242 apprime
485 1168 765 1224 convenit
784 1181 924 1222 cum
945 1164 1100 1236 stylo
1122 1165 1291 1220 Marci
1324 1165 1755 1231 Exercitatoris,
1779 1165 1848 1220 de
1870 1181 1992 1237 quo
2019 1165 2280 1238 loquitur
2308 1167 2550 1223 Photius
2576 1167 2637 1223 in
2662 1167 3027 1225 Bibliotheca
3057 1169 3192 1225 cod.
3221 1170 3346 1227 200.
3371 1173 3460 1228 IV.
3491 1175 3607 1229 Hae

186 1258 478 1315 Homiliae
522 1259 578 1312 S.
613 1255 840 1312 Macarii
880 1253 1151 1324 Aegyptii
1185 1256 1222 1309 L
1272 1259 1522 1323 possunt
1559 1254 1879 1309 convenire
1920 1270 2056 1308 cum
2090 1255 2181 1323 iis,
2223 1271 2378 1326 quae
2411 1259 2601 1312 Marco
2642 1257 3025 1313 Exercitatori
3065 1258 3102 1313 l.
3151 1259 3194 1313 Î™.
3236 1261 3603 1331 Nicephorus

184 1347 462 1404 Callistus
476 1345 712 1412 asserit,
731 1359 806 1401 ea:
824 1343 1010 1399 Marci
1030 1342 1462 1399 Exercitatoris
1474 1342 1745 1413 operibus
1758 1343 1839 1399 ad
1850 1349 2103 1399 aetatem
2121 1359 2285 1400 suam
2296 1347 2629 1412 pervenisse
2645 1346 2827 1401 libros
2845 1353 2971 1402 octo
2985 1348 3412 1405 univcrsatium
3431 1351 3606 1420 affec-

190 1437 427 1492 tionum
450 1449 766 1490 numerum
793 1437 1134 1502 aequantes,
1167 1435 1222 1487 et
1250 1431 1399 1486 alios
1422 1431 1674 1500 triginta
1703 1433 1849 1488 duos
1875 1433 1947 1487 de
1972 1447 2038 1489 re
2057 1434 2332 1488 ascetica.
2361 1433 2611 1490 Possunt
2632 1436 2794 1489 enim
2824 1435 2938 1490 hac
2961 1436 3248 1492 Homiliae
3279 1439 3319 1492 L
3350 1439 3463 1494 sub
3494 1455 3607 1494 no-

179 1527 346 1581 mine
382 1527 439 1581 S.
475 1522 707 1579 Macarii
744 1520 1019 1592 Aegyptii
1059 1520 1373 1590 complecti
1404 1520 1707 1591 Opuscula
1736 1520 1835 1577 illa
1866 1522 1970 1586 XL,
1999 1538 2156 1593 quae
2187 1523 2382 1578 Marco
2412 1523 2791 1579 Exercitatori
2823 1541 2858 1580 a
2897 1525 3202 1581 veteribus
3232 1528 3598 1586 tribuuntur.

178 1617 332 1670 Nam
368 1613 616 1685 plurimi
642 1611 905 1666 Marcum
929 1609 1326 1664 consulebant
1350 1610 1808 1680 quaestionibus
1831 1613 2125 1677 asceticis,
2149 1612 2371 1683 quibus
2393 1612 2486 1668 ille
2509 1614 2935 1684 responsiones
2964 1614 3168 1679 dabat,
3197 1622 3256 1670 ut
3280 1622 3510 1672 constat
3539 1633 3612 1672 ex

172 1703 459 1772 Epistola
484 1702 724 1758 Nicotai
750 1698 1080 1761 cuiusdam,
1109 1713 1230 1770 qua
1257 1701 1478 1766 gratias
1509 1701 1698 1755 Marco
1722 1699 1842 1770 agit
1873 1703 1951 1754 ob
1977 1707 2295 1771 praecepta
2325 1705 2450 1755 eius
2478 1701 2760 1757 salutaria
2783 1703 2893 1756 sibi
2929 1709 3299 1776 nuncupata.
3333 1707 3477 1759 Cum
3506 1720 3612 1759 au-

180 1800 300 1848 tem
336 1791 550 1865 plures
582 1806 763 1861 quam
794 1790 880 1844 XL
906 1788 1040 1851 sint,
1075 1787 1186 1842 hoc
1221 1787 1364 1842 nihil
1397 1787 1533 1842 facit
1563 1795 1767 1842 contra
1802 1790 2060 1843 Marcum
2095 1790 2573 1854 Exercitatorem,
2606 1792 2749 1862 quia
2780 1792 2984 1846 omnia
3011 1791 3198 1863 ipsius
3227 1809 3411 1864 opera
3442 1794 3609 1849 Nice-

180 1881 421 1952 phorus
447 1895 571 1934 non
605 1883 914 1934 assecutus
946 1877 1152 1932 fuerat.
1179 1876 1325 1931 Huic
1354 1877 1605 1932 Macario
1636 1878 1928 1948 Aegyptio
1954 1879 2170 1935 seniori
2200 1880 2502 1951 Opuscula
2528 1881 2732 1935 omnia
2759 1881 3027 1936 Macariis
3055 1883 3303 1937 diversis
3330 1883 3612 1939 attributa

180 1971 484 2026 adscribit
505 1969 773 2038 imperite
795 1966 1042 2022 omnino
1058 1966 1315 2020 Joannes
1346 1965 1630 2036 Georgius
1657 1966 1880 2031 Pritius,
1907 1967 2009 2039 qui
2037 1985 2107 2023 ea
2124 1969 2369 2024 collecta.
2392 1968 2571 2024 simul
2597 1969 2831 2025 edenda
2854 1979 3064 2039 graece
3095 1977 3150 2026 et
3179 1970 3359 2027 latine
3384 1971 3614 2028 curavit

183 2060 423 2132 Lipsiae
470 2074 528 2113 a.
568 2057 700 2112 1698
729 2062 784 2110 et
819 2054 951 2112 1699
992 2055 1167 2109 tomis
1198 2053 1439 2109 duobus
1469 2055 1610 2120 in-8,
1643 2055 1904 2127 itemque
1937 2073 1990 2110 a.
2044 2060 2172 2112 1709
2203 2073 2338 2112 cum
2375 2058 2836 2129 Prolegomenis.
2883 2060 3143 2131 Denique
3185 2062 3475 2116 Macarius
3515 2061 3614 2116 hic

185 2149 393 2204 senior
414 2147 641 2204 exactis
662 2145 721 2200 iu
745 2143 1063 2201 solitudine
1082 2144 1392 2213 sexaginta
1417 2141 1578 2214 fPag.
1602 2143 1732 2216 479]
1751 2147 1923 2200 annis
1944 2146 2088 2201 obiit
2111 2148 2578 2216 nonagenarius,
2601 2154 2660 2203 ut
2684 2147 2904 2212 volunt,
2930 2163 2984 2203 a.
3014 2148 3110 2204 391
3139 2150 3233 2204 die
3254 2150 3298 2204 II
3320 2149 3611 2206 Januarii.

255 2290 554 2349 Macarius
566 2288 734 2353 alter,
750 2287 947 2342 iunior
966 2285 1188 2357 passim
1209 2285 1423 2349 dictus,
1443 2285 1835 2342 Alexandriae
1849 2293 2047 2343 ortum
2065 2288 2254 2353 duxit,
2277 2290 2334 2343 in
2353 2304 2476 2361 qua
2490 2287 2825 2345 iunioribus
2843 2289 3019 2345 annis
3033 2289 3279 2346 bellaria
3290 2291 3612 2349 vendendo

190 2386 514 2454 quaestum
533 2379 882 2450 quaerebat,
908 2391 1047 2430 cum
1069 2375 1373 2440 superiore
1394 2375 1647 2430 Macario
1668 2375 1939 2432 eiusdem
1964 2376 2199 2432 Antonii
2223 2377 2572 2448 discipulus.
2597 2381 2742 2433 Nam
2769 2378 2913 2434 urbe
2939 2379 3117 2433 simul
3140 2378 3540 2437 Alexandrina
3557 2385 3616 2437 et

192 2478 314 2527 arte
342 2466 725 2532 renuntiatis,
757 2465 815 2520 iu
839 2480 1108 2520 eremum
1129 2464 1477 2519 Nitriensem
1500 2465 1802 2530 secedens,
1827 2465 2008 2522 vitam
2035 2467 2432 2524 monasticam
2459 2467 2774 2538 amplexus
2802 2474 2908 2522 est.
2948 2475 3120 2523 Anno
3145 2469 3614 2540 quadragesimo

191 2559 409 2616 aetatis
439 2555 811 2628 baptismum
851 2553 1128 2622 suscepit,
1170 2551 1388 2607 deinde
1420 2569 1703 2608 successu
1744 2561 2080 2625 temporum
2122 2554 2431 2626 presbyter
2473 2555 2663 2610 factus
2693 2562 2750 2610 et
2778 2554 3247 2611 archimandrita
3287 2557 3616 2614 Nitriensis.

193 2651 523 2704 Arctiorem
557 2645 708 2701 vitae
732 2642 1098 2698 monasticae
1127 2640 1506 2710 disciplinam
1531 2646 1688 2696 tanto
1716 2642 1914 2698 studio
1945 2651 2206 2699 sectatus
2232 2649 2343 2710 est,
2372 2648 2436 2698 ut
2465 2659 2535 2698 ex
2569 2644 2754 2699 nimia
2781 2643 2931 2698 cutis
2963 2645 3234 2700 ariditate
3261 2645 3360 2717 pili
3391 2645 3617 2702 barbae

193 2741 242 2792 ei
281 2752 411 2792 non
443 2733 866 2796 succreverint,
898 2731 1091 2802 inquit
1123 2733 1485 2785 Sozomenus
1515 2729 1660 2786 Hist.
1700 2731 1867 2787 Ecct.
1898 2731 2000 2786 lib.
2031 2732 2102 2786 lll
2137 2748 2272 2802 cap.
2306 2733 2394 2787 14.
2435 2732 2724 2788 Macarius
2756 2747 2896 2788 vero
2939 2733 3396 2800 Alexandrinus,
3426 2735 3620 2805 inquit

199 2828 475 2882 Socrates
507 2823 659 2878 Hist.
692 2821 860 2877 Eccl.
889 2819 990 2874 lib.
1021 2819 1090 2873 IV
1119 2834 1254 2889 cap.
1287 2820 1375 2881 23,
1410 2834 1549 2874 cum
1580 2836 2014 2892 usquequaque
2045 2820 2252 2876 similis
2282 2827 2439 2876 esset
2464 2821 2776 2892 Aegyptio,
2810 2822 2868 2876 in
2903 2822 3015 2877 hoc
3053 2838 3173 2878 uno
3211 2823 3616 2894 discrepabat,

187 2914 360 2987 quod
391 2912 599 2969 hilaris
637 2915 793 2966 esset
815 2924 955 2978 erga
983 2923 1085 2963 eos
1115 2909 1217 2979 qui
1260 2906 1338 2962 ad
1366 2907 1568 2978 ipsum
1600 2915 1999 2972 accesserant,
2051 2916 2108 2963 et
2141 2908 2474 2964 urbanitate
2514 2909 2781 2978 quadam
2809 2909 3075 2964 iuniores
3121 2911 3197 2964 ad
3231 2911 3616 2981 disciplinam

193 3005 598 3059 monasticam
631 2999 909 3055 alliceret.
942 2996 1082 3053 Mira
1111 2999 1184 3050 de
1215 2996 1339 3050 eius
1381 2996 1714 3060 virtutibus,
1752 2997 2135 3064 abstinentia,
2166 2997 2469 3052 miraculis
2514 2999 2761 3067 patratis
2793 3003 2850 3052 et
2879 2998 3279 3054 daemonibus
3313 3015 3412 3069 per
3450 2999 3620 3054 illum

194 3090 472 3164 expulsis
504 3096 706 3146 narrat
752 3086 1041 3142 Palladius
1090 3085 1237 3140 Hist.
1277 3086 1450 3140 Laus.
1497 3101 1628 3156 cap.
1661 3084 1750 3153 20,
1783 3085 1857 3140 de
1888 3086 2112 3158 quibus
2145 3085 2470 3157 plurimum
2516 3085 2782 3156 ambigo,
2828 3087 3110 3158 quamvis
3139 3102 3210 3142 eo
3252 3085 3622 3144 familiariter

193 3187 464 3239 uteretur
491 3180 593 3251 qui
621 3181 906 3233 recenset.
934 3174 1034 3231 Hic
1051 3190 1294 3247 quoque
1316 3191 1452 3229 cum
1483 3173 1740 3229 Macario
1772 3176 2060 3246 Aegyptio
2089 3174 2405 3230 Virtutibus
2425 3178 2483 3228 et
2507 3173 2814 3228 miraculis
2841 3173 3080 3229 inferior
3114 3190 3234 3230 non
3267 3182 3446 3241 esset,
3469 3177 3622 3232 inter

194 3270 641 3329 ecclesiasticos
670 3281 914 3338 quoque
955 3264 1282 3336 Scriptores
1327 3263 1620 3318 recenseri
1651 3279 1687 3318 a
1717 3264 2028 3319 monachis
2065 3264 2294 3332 graecis
2325 3261 2752 3318 recentioribus
2777 3262 3006 3328 debuit,
3040 3279 3114 3318 ne
3151 3263 3425 3320 doctrina
3453 3265 3620 3321 alteri

196 3363 458 3417 cederet.
498 3355 754 3412 llabetur
781 3369 923 3423 ergo
949 3353 1249 3422 adscripta
1271 3352 1347 3407 illi
1378 3351 1562 3407 latine
1588 3353 1816 3421 Regula
1839 3353 2188 3422 monastica,
2220 3354 2354 3408 XXX.
2373 3351 2651 3423 capitulis
2681 3352 3141 3422 comprehensa,
3169 3369 3354 3424 quam
3388 3354 3620 3425 primus

198 3448 396 3506 edidit
443 3449 644 3502 Petrus
674 3444 959 3500 Boverius
996 3443 1219 3498 Jesuita
1249 3441 1308 3496 in
1354 3441 1608 3496 Historia
1649 3442 1998 3497 monasterii
2031 3443 2450 3498 Reomacensis
2480 3456 2620 3512 pag.
2649 3444 2738 3496 24.
2775 3441 3164 3513 Eandemque
3213 3442 3401 3498 edidit
3433 3445 3620 3500 Lucas

199 3538 545 3596 Holstenius
577 3535 635 3590 in
669 3533 882 3591 Codice
904 3532 1274 3602 Regutarum
1301 3530 1478 3584 Paris.
1515 3547 1574 3587 a.
1623 3530 1752 3586 1663
1789 3532 1942 3586 á¼±Î·-4Î¿
1975 3531 2138 3604 apud
2175 3531 2538 3586 Ludovicum
2564 3530 2825 3586 Billaine.
2866 3531 2980 3586 Sed
3007 3547 3145 3586 cum
3180 3532 3434 3601 Regulae
3471 3533 3623 3590 istae

198 3627 368 3684 nullo
401 3623 742 3682 testimonio
771 3629 1036 3677 veterum
1070 3621 1244 3676 nixae
1283 3619 1420 3684 sint,
1453 3618 1739 3688 ï¬gmenta
1771 3622 2166 3676 recentiorum
2194 3620 2632 3675 monachorum
2668 3620 2948 3676 Graeciae
2978 3635 3014 3676 a
3046 3620 3184 3676 viris
3225 3622 3624 3692 prudentibus

201 3720 542 3772 censentur.
578 3711 767 3767 Edidit
787 3717 842 3765 et
871 3712 1092 3765 Caveus
1124 3710 1236 3763 sub
1264 3708 1536 3763 eiusdem
1559 3708 1792 3764 Macarii
1815 3709 2194 3764 Alexandrini
2226 3709 2470 3764 nomine
2503 3708 2848 3763 Sermonem
2875 3723 2947 3762 ex
2974 3709 3084 3764 MS.
3113 3709 3318 3763 codice
3343 3710 3622 3766 Paulinae

204 3803 527 3876 Lipsiensis
556 3800 952 3856 Bibliothecae
975 3798 1504 3864 absurdissimum,
1538 3811 1748 3865 graece
1775 3803 1832 3852 et
1861 3797 2062 3862 latine,
2096 3797 2155 3851 in
2187 3797 2342 3852 Hist.
2379 3796 2486 3851 Lit.
2521 3796 2768 3862 Scriplt.
2803 3796 2967 3851 Eccl.
3002 3796 3080 3850 ad
3107 3812 3164 3851 a.
3195 3797 3296 3852 373
3326 3812 3464 3867 pag.
3496 3801 3623 3854 208.

203 3892 479 3950 Eundem
503 3904 845 3945 sermonem
868 3887 1044 3942 etiam
1068 3902 1278 3955 graece
1303 3892 1358 3942 et
1377 3885 1557 3940 latine
1585 3888 1793 3940 iterum
1819 3902 1886 3942 ex
1907 3886 2118 3941 eodem
2144 3888 2252 3942 MS.
2279 3885 2482 3940 codice
2499 3883 2684 3938 edidit
2705 3884 2965 3938 Jacobus
2986 3883 3208 3940 Tollius
3230 3901 3284 3940 a.
3315 3886 3452 3941 1696
3477 3887 3622 3942 á½·Î·-4Î¿

199 3981 453 4040 Traiecti
473 3980 548 4033 ad
576 3979 841 4034 Rhenum
867 3975 1030 4047 apud
1056 3977 1430 4030 Franciscum
1453 3974 1730 4029 Halmam
1757 3974 1815 4029 in
1841 3973 2177 4044 Insignibus
2193 3973 2505 4029 Itinerarii
2523 3971 2722 4028 Italici
2744 3986 2880 4042 pag.
2909 3973 3031 4038 192,
3059 3973 3342 4029 collatum
3364 3976 3441 4030 ad
3464 3977 3619 4032 MSS.

205 4070 450 4128 codices
479 4067 869 4123 Bibliothecae
897 4067 1218 4120 Caesareae
1259 4063 1428 4134 [Pag.
1463 4062 1590 4135 480]
1627 4063 2102 4119 Vindobonensis
2134 4078 2206 4117 ac
2238 4061 2608 4117 variantibus
2646 4060 3000 4116 lectionibus
3025 4062 3300 4118 ditatum.
3332 4065 3508 4119 Cuius
3548 4080 3622 4121 ex

205 4162 464 4217 lectione
488 4160 546 4212 in
571 4162 850 4227 promptu
872 4159 961 4208 est
981 4153 1302 4223 intelligere
1320 4152 1756 4223 impudentiam
1779 4160 1961 4223 atque
1983 4151 2389 4220 ignorantiam
2416 4167 2648 4217 eorum,
2673 4151 2777 4222 qui
2801 4149 2944 4206 tales
2964 4152 3208 4207 naenias
3225 4153 3622 4210 recentiorum

212 4257 556 4320 temporum
599 4243 860 4315 antiquis
892 4241 1185 4298 Ecclesiae
1211 4240 1482 4297 Patribus
1520 4240 1867 4296 obtrudunt.
1901 4241 2159 4296 Mortuus
2185 4240 2399 4295 dicitus
2429 4239 2718 4294 Macarius
2750 4239 3188 4295 Alexandrinus
3218 4240 3374 4297 circa
3403 4257 3459 4298 ÎµÎ¹.
3494 4243 3622 4307 404,

207 4352 409 4396 annos
438 4335 650 4391 aetatis
670 4337 912 4388 centum
939 4331 1188 4397 habens,
1213 4331 1382 4385 cuius
1415 4331 1704 4386 memoria
1725 4331 1784 4386 in
1809 4328 2222 4400 Martyrologio
2253 4331 2524 4384 Romano
2552 4327 2648 4384 die
2668 4329 2768 4382 XV
2804 4329 3026 4384 mensis
3040 4330 3306 4386 Januarii
3332 4330 3549 4402 agitur.

280 4476 510 4534 Tertius
545 4473 863 4537 Macarius,
905 4472 1081 4528 etiam
1113 4471 1168 4526 S.
1214 4469 1450 4525 Antonii
1483 4469 1675 4539 Magni
1714 4469 2062 4541 discipulus,
2105 4468 2424 4524 amborum
2470 4466 2956 4539 praecedentium
2995 4468 3290 4540 aequalis,
3333 4471 3625 4528 Amathae

211 4568 436 4630 socius,
469 4563 550 4621 ab
581 4563 713 4619 aliis
754 4561 1017 4628 duobus,
1050 4559 1233 4615 altero
1273 4559 1582 4630 Aegyptio,
1612 4556 1795 4613 altero
1834 4558 2231 4613 Alexandrino
2257 4557 2594 4612 distinctus.
2640 4559 2717 4612 De
2746 4557 2860 4612 hoc
2887 4559 3139 4614 Macario
3181 4559 3351 4614 tertio
3383 4560 3626 4617 abunde

213 4656 496 4712 Possinus
520 4653 583 4708 in
611 4649 1048 4722 Prolegomenis
1076 4649 1150 4705 ad
1190 4649 1560 4705 Thesaurum
1593 4646 1922 4701 asceticum
1957 4662 2121 4700 num.
2153 4646 2217 4701 V.
2261 4646 2329 4699 VI
2359 4662 2519 4719 sqq.,
2551 4645 2657 4700 ubi
2684 4651 2838 4701 recte
2871 4651 2987 4702 tres
3020 4647 3322 4711 Macarios,
3351 4649 3404 4704 S.
3439 4649 3623 4704 Patris

211 4742 451 4799 Antonii
475 4739 829 4812 discipulos,
853 4738 1184 4808 distinguit,
1210 4752 1424 4807 nempe
1451 4734 1834 4806 Aegyptium,
1866 4733 1968 4805 qui
1991 4734 2192 4806 Scythi
2217 4735 2421 4788 sedem
2447 4735 2674 4799 habuit,
2700 4734 3191 4801 Alexandrinum,
3215 4737 3317 4808 qui
3344 4738 3404 4791 in
3431 4736 3622 4792 Celliis

208 4847 371 4904 quae
387 4831 444 4885 in
471 4829 650 4901 Libya
668 4833 828 4893 sunt,
844 4827 988 4882 locis
1005 4826 1182 4897 longe
1199 4825 1562 4880 distantibus
1581 4840 1617 4879 a
1631 4823 1950 4888 Thebaide,
1967 4823 2065 4878 ubi
2086 4825 2376 4878 Antonius
2393 4823 2671 4892 degebat.
2693 4823 2898 4895 Itaque
2911 4825 2968 4877 in
2982 4823 3283 4880 Thebaide
3299 4831 3425 4880 erat
3448 4841 3623 4881 mons

207 4921 474 4986 interior,
509 4918 611 4973 ubi
651 4917 819 4974 solus
856 4915 1209 4988 plerumque
1248 4913 1548 4993 residebat
1579 4913 1892 4978 Antonius,
1937 4919 1992 4967 et
2037 4928 2211 4966 mons
2243 4911 2514 4978 exterior,
2550 4913 2606 4967 in
2640 4929 2818 4985 quem
2862 4913 3115 4968 subinde
3146 4915 3517 4981 excurrebat,
3563 4921 3624 4971 ut

209 5009 554 5065 habitantes
603 5006 661 5061 in
702 5020 774 5061 eo
814 5019 958 5060 suos
993 5003 1318 5058 monachos
1367 5002 1661 5056 inviseret.
1698 5001 1760 5055 In
1806 5016 1875 5056 eo
1908 5000 2003 5056 hic
2054 5004 2260 5056 tertius
2306 5001 2612 5057 Macarius
2660 5002 2969 5068 habitavit,
3017 5002 3129 5058 sub
3160 5003 3328 5058 cuius
3377 5005 3621 5061 nomine

209 5096 515 5168 Opuscula
527 5100 779 5166 septem,
800 5108 1017 5164 nempe
1028 5092 1100 5148 de
1112 5091 1379 5146 custodia
1391 5090 1587 5146 cordis
1612 5105 1746 5160 pag.
1769 5090 1855 5155 19,
1871 5089 1942 5144 de
1951 5090 2310 5159 perfectione
2333 5090 2395 5144 in
2411 5091 2628 5158 spiritu
2643 5106 2782 5162 pag.
2803 5090 2891 5155 47,
2907 5091 2978 5146 de
2998 5091 3266 5148 oratione
3278 5108 3416 5164 pag.
3437 5097 3525 5158 63,
3549 5093 3621 5151 de

204 5186 497 5256 patientia
516 5191 570 5241 et
593 5182 947 5239 discretione
970 5195 1106 5252 pag.
1127 5183 1214 5245 81,
1239 5184 1311 5236 de
1330 5178 1654 5236 elevatione
1671 5181 1883 5234 mentis
1903 5193 2041 5249 pag.
2070 5179 2187 5242 115,
2206 5178 2278 5233 de
2299 5177 2551 5234 caritate
2571 5193 2710 5250 pag.
2735 5181 2832 5234 141
2848 5223 2857 5242 ,
2873 5180 2946 5236 de
2964 5180 3238 5237 libertate
3249 5184 3458 5238 mentis
3479 5198 3620 5256 pag.

212 5276 310 5332 183
342 5274 529 5330 edidit
558 5275 763 5328 Petrus
805 5269 1082 5325 Pessinus
1113 5268 1175 5323 in
1209 5268 1510 5325 Thesauro
1543 5267 1810 5323 Ascetico
1842 5282 2051 5337 graece
2095 5273 2150 5322 et
2180 5267 2358 5322 latine
2397 5268 2694 5338 impresso
2722 5266 2970 5323 Tolosae
3006 5269 3150 5324 in-Â«i0
3181 5285 3237 5325 a.
3287 5272 3425 5326 1684
3458 5272 3623 5343 apud

200 5364 583 5422 Guilielmum
612 5361 820 5417 Bosch.
857 5359 1118 5415 Plurima
1148 5357 1262 5412 illic
1289 5357 1349 5412 in
1381 5357 1823 5426 Prolegumenis
1849 5357 1923 5410 de
1950 5357 2062 5410 isto
2096 5356 2351 5412 Macario
2388 5356 2573 5420 tertio,
2603 5370 2783 5427 quem
2817 5358 3179 5428 Aegyptium
3202 5376 3447 5432 quoque
3479 5377 3620 5417 cum

199 5454 394 5527 primo
417 5453 574 5517 facit,
598 5456 653 5506 et
677 5451 771 5506 cui
802 5449 980 5505 etiam
1009 5445 1300 5502 Homitias
1336 5446 1796 5518 quinquaginta,
1828 5460 1985 5517 quae
2017 5449 2215 5500 tamen
2243 5445 2424 5514 vulgo
2453 5445 2742 5516 Aegyptio
2768 5447 2990 5501 seniori
3023 5448 3451 5516 inscribuntur,
3483 5452 3623 5507 huic

198 5541 415 5600 iuniori
439 5541 692 5613 quidem
712 5542 771 5594 et
792 5538 959 5594 tertio
979 5535 1259 5594 attribuit.
1286 5533 1505 5590 Claruit
1525 5533 1738 5590 eodem
1763 5539 2029 5604 tempore
2049 5548 2170 5605 quo
2197 5533 2486 5588 Antonius
2512 5534 2726 5599 abbas,
2755 5535 2851 5590 cui
2882 5551 2937 5592 a.
2963 5536 3068 5591 357
3103 5539 3377 5595 morienti
3405 5539 3619 5597 adfuit.

203 5636 434 5689 Incerta
458 5631 640 5702 igitur
658 5627 868 5685 omnia
899 5623 1221 5698 Opuscula,
1245 5639 1402 5696 quae
1425 5623 1610 5681 tribus
1629 5623 1723 5680 his
1742 5621 2007 5681 Macariis
2027 5621 2142 5680 hoc
2158 5622 2397 5679 saeculo
2419 5639 2456 5680 a
2479 5623 2673 5682 doctis
2692 5623 2830 5680 viris
2853 5624 3158 5703 adscripta
3177 5632 3336 5698 sunt,
3363 5644 3624 5705 quorum
