4058 6194
532 276 634 333 383
1870 228 2297 329 GUILIELMUS
2336 270 2614 331 CAVEUS
3815 270 3908 329 284

530 399 730 457 nullus
751 405 1015 457 veterum
1034 399 1399 456 mentionem
1421 397 1575 455 fecit.
1592 400 1668 454 De
1690 397 1783 453 his
1802 397 1989 453 tribus
2007 399 2127 466 agit
2147 398 2414 455 Macariis
2436 398 2640 454 Petrus
2660 398 2939 454 Possinus
2959 396 3019 452 in
3039 396 3465 467 Prolegomenis
3477 395 3551 453 ad
3568 394 3905 452 Thesaurum

529 490 887 555 Asceticum,
912 489 1258 547 Guillelmus
1283 491 1510 546 Caveus
1531 489 1591 544 in
1613 488 1769 543 Hist.
1796 487 1908 541 Lit.
1933 488 2079 544 Saec
2100 489 2167 542 IV
2181 487 2260 544 ad
2280 504 2336 545 a.
2360 491 2463 544 373
2484 502 2622 560 pag.
2643 492 2766 553 207,
2791 488 2895 543 208
2911 491 2969 543 et
2989 485 3116 555 212,
3138 487 3284 542 Acta
3311 484 3679 541 Eruditorum
3706 484 3908 557 Lipsiae

530 596 588 637 a.
617 581 752 636 1685
775 594 981 636 mense
1001 577 1317 635 Novembri
1344 593 1484 650 pag.
1507 578 1611 634 488
1642 577 1928 633 latissime
1952 576 2031 633 ad
2049 578 2174 633 491.

532 768 3896 801 Μ

1644 964 2328 1055 GUILIELMUS
2401 966 2822 1056 CAVEUS

1232 1173 1340 1236 DE
1380 1173 1493 1236 SS.
1541 1172 1946 1237 MACARIIS
1987 1174 2398 1237 AEGYPTIO
2438 1174 2551 1235 ET
2590 1173 3210 1239 ALEXANDRINO.

772 1350 1058 1415 [Guilielmi
1087 1351 1225 1401 Cave
1244 1351 1574 1415 Scriptorum
1606 1350 2089 1401 ecclesiasticarum
2116 1351 2349 1402 Historia

2116 1351 2349 1402 Historia
2377 1352 2635 1403 Literaria
2657 1352 2750 1402 Ed.
2778 1352 2935 1402 Basil.
2964 1352 3079 1401 1741
3114 1350 3203 1401 fol.
3234 1351 3292 1400 Τ.
3322 1350 3342 1399 Ι
3370 1364 3421 1415 ρ.
3446 1348 3693 1413 256-260.]

594 1682 946 1738 MACABIUS
966 1682 1162 1738 senior
1181 1682 1288 1753 (1),
1313 1682 1675 1751 cognomine
1696 1683 1964 1753 Magnus,
1980 1688 2153 1753 gente
2167 1681 2511 1755 Aegyptius,
2527 1697 2598 1737 ex
2611 1681 2909 1737 Thebaide
2932 1682 3237 1754 provincia
3261 1682 3581 1747 oriundus,
3601 1680 3904 1738 monachus

516 1771 830 1839 Scetensis,
870 1772 1061 1840 Magni
1101 1771 1337 1826 Antonii
1367 1770 1727 1841 discipulus,
1769 1770 1980 1826 claruit
2006 1771 2163 1826 circa
2200 1787 2255 1827 a.
2289 1775 2412 1828 373.
2457 1769 2645 1843 [Socr.
2676 1770 2781 1826 lib.
2826 1772 2891 1824 1V
2920 1787 3054 1842 cap.
3097 1771 3353 1838 23;Soz.
3396 1771 3499 1827 lib.
3529 1771 3601 1826 III
3642 1786 3769 1841 cap.
3812 1771 3897 1831 lli;

516 1859 873 1916 Theodoret.
898 1860 1002 1915 lib.
1038 1860 1110 1913 lV
1137 1874 1269 1930 cap.
1298 1858 1414 1931 21.]
1439 1863 1497 1913 In
1521 1861 1828 1928 juventute
1849 1859 2047 1914 adhuc
2072 1860 2428 1915 constitutus
2454 1859 2767 1914 virtutibus
2797 1874 2869 1914 ac
2895 1859 3309 1931 philosophica
3339 1866 3397 1916 et
3424 1866 3662 1917 austero
3694 1857 3902 1914 vivendi

518 1964 732 2018 genere
782 1949 862 2003 ita
901 1948 1128 2010 enituit,
1182 1945 1686 2021 υ1παιδαριογέρων
1726 1964 1761 2001 a
1802 1948 2113 2003 monachis
2159 1954 2488 2003 vacaretur.
2536 1950 2740 2002 Annos
2778 1954 2955 2003 natus
3003 1949 3407 2020 quadraginta
3450 1948 3531 2004 ad
3582 1946 3901 2020 presbyterii

516 2038 774 2106 gradum
802 2044 1043 2092 evectus
1085 2044 1191 2102 est,
1224 2043 1279 2091 et
1306 2038 1526 2093 exactis
1560 2038 1620 2091 in
1664 2036 1980 2092 solitudine
2010 2038 2184 2092 annis
2216 2037 2523 2105 sexaginta
2557 2036 2703 2091 obiit
2741 2038 3187 2108 nonagenarius
3229 2053 3410 2107 anno,
3449 2043 3513 2093 ut
3546 2036 3764 2100 volunt,
3796 2036 3900 2092 39l.

514 2126 775 2181 Moribus
804 2132 929 2180 erat
958 2125 1317 2181 reverendus
1350 2126 1567 2197 pariter
1596 2142 1666 2180 ac
1696 2141 1938 2179 severus
1972 2142 2113 2195 erga
2144 2125 2277 2181 illos
2307 2126 2409 2197 qui
2438 2126 2635 2196 ipsum
2667 2124 2933 2181 adibant.
2969 2125 3257 2182 Miraculis
3283 2132 3340 2182 et
3369 2126 3686 2199 prophetia
3722 2125 3896 2181 clarus

509 2202 598 2270 tot
618 2216 849 2271 sanavit
872 2230 1102 2283 aegros,
1134 2221 1215 2269 tot
1242 2216 1521 2271 obsessos
1549 2215 2004 2269 adaemonibus
2029 2214 2322 2283 liberavit,
2352 2220 2412 2267 ut
2430 2220 2571 2269 teste
2598 2216 2834 2269 Socrate
2864 2214 3152 2270 miracula
3172 2217 3251 2271 ab
3280 2231 3351 2271 eo
3375 2220 3617 2287 patrata
3633 2213 3899 2287 peculiare

508 2318 667 2375 opus
697 2304 1017 2372 exigerent.
1056 2306 1131 2357 De
1163 2302 1232 2357 iis
1263 2303 1389 2357 fuse
1421 2304 1541 2374 agit
1573 2302 1867 2357 Palladius
1898 2303 2039 2357 Hist.
2077 2306 2246 2358 Laus.
2283 2318 2415 2373 cap.
2455 2306 2536 2358 19.

587 2392 1133 2463 ScripsitHamilias
1146 2392 1965 2462 spirituatesndeintegritate
1977 2407 2130 2463 quae
2141 2392 2303 2447 decet
2316 2391 2709 2460 Christianos,
2726 2406 2875 2462 quae
2888 2391 2961 2446 ab
2976 2392 3180 2464 aliqua
3193 2392 3389 2448 forsan
3403 2393 3691 2465 sequioris
3705 2388 3899 2447 saeculi

508 2481 899 2552 interpolatae
929 2487 1267 2551 exstantgr.
1289 2481 1482 2536 Paris.
1508 2480 1666 2545 1559,
1695 2482 1752 2535 8°
1777 2496 1790 2546 ;
1816 2480 2031 2535 deinde
2046 2497 2191 2535 cura
2206 2480 2379 2535 Zach.
2406 2480 2697 2535 Palthenii
2716 2480 3103 2547 Francofurt.
3132 2484 3267 2537 1594
3291 2482 3348 2535 in
3376 2483 3469 2547 8°;
3493 2481 3754 2553 denique
3778 2494 3896 2534 cum

507 2570 802 2640 Operibus
827 2570 1083 2638 Gregorii
1105 2570 1530 2637 Thaumaturgi
1554 2570 1747 2624 Paris.
1783 2570 1911 2623 l622
1935 2568 2033 2623 fol.
2066 2569 2199 2638 Ejus
2216 2568 2395 2623 etiam
2419 2574 2559 2623 sunt
2582 2568 2880 2639 Opuscula
2905 2570 2992 2623 VII
3018 2568 3286 2625 videlicet
3311 2569 3383 2625 de
3409 2570 3687 2626 Custodia
3703 2567 3895 2631 cordis,

506 2658 580 2715 de
604 2658 977 2728 Perfectione
1008 2659 1070 2712 in
1095 2657 1332 2725 spiritu,
1367 2659 1439 2714 de
1465 2658 1760 2719 Oratione,
1792 2659 1864 2714 de
1904 2658 2225 2719 Patientia,
2259 2665 2310 2713 et
2338 2657 2719 2725 Discretione,
2748 2657 2821 2713 de
2844 2657 3195 2713 Etevatiane
3219 2661 3450 2723 mentis,
3492 2659 3572 2715 de
3602 2658 3896 2723 Charitate,

504 2746 577 2802 de
618 2746 907 2803 Libertate
936 2746 1162 2803 mentis.
1210 2750 1361 2803 Haec
1391 2748 1650 2801 eundem
1694 2763 1831 2801 cum
1867 2746 2254 2801 Homiliarum
2282 2751 2520 2801 auctore
2556 2753 2866 2818 parentem
2899 2745 3141 2810 habere,
3177 2747 3337 2802 idem
3371 2746 3567 2818 stylus
3599 2754 3651 2803 et
3688 2745 3896 2801 dicendi

507 2835 838 2903 character,
867 2836 1023 2890 idem
1054 2836 1381 2905 ingenium,
1411 2836 1621 2891 eadem
1649 2836 1937 2903 dogmata
1959 2836 2102 2891 satis
2133 2844 2414 2905 arguunt.
2442 2835 2747 2906 Opuscula
2775 2835 2923 2890 haec
2955 2850 3165 2903 graece
3186 2841 3241 2891 et
3266 2835 3447 2891 latine
3490 2837 3786 2894 Thesauro
3808 2848 3896 2890 suo

506 2924 776 2981 Ascetico
805 2924 1011 2979 Petrus
1041 2925 1326 2978 Possinus
1352 2926 1483 2980 Sac.
1515 2925 1631 2978 .Ies.
1661 2924 1845 2979 edidit
1866 2927 2114 2979 Tolosae
2146 2925 2304 2989 1684,
2333 2925 2411 2980 4ο.
2442 2924 2698 2980 Tandem
2724 2925 2929 2979 omnia
2956 2925 3189 2979 Macarii
3220 2940 3425 2995 opera,
3462 2932 3594 2980 tum
3620 2923 3893 2985 Homilies,

502 3018 636 3069 tum
688 3012 988 3085 Opuscula
1030 3014 1291 3069 ascetica
1328 3019 1385 3068 et
1410 3012 1934 3084 Apophthegmata
1975 3013 2216 3081 collegit
2255 3019 2311 3068 et
2340 3027 2551 3082 graece
2578 3012 2753 3068 simul
2792 3028 2861 3067 ac
2901 3012 3078 3068 latine
3117 3013 3320 3079 edidit,
3362 3018 3595 3070 textum
3643 3026 3895 3085 graecum

499 3102 733 3171 revidit,
768 3103 1105 3158 versionem
1148 3102 1511 3167 emendavit,
1543 3109 1597 3157 et
1636 3106 1884 3171 excepta
1922 3117 1995 3157 ex
2026 3101 2290 3157 Palladio
2316 3106 2375 3157 et
2409 3102 2700 3157 Cassiano
2740 3101 2928 3158 adidit
2955 3103 3045 3156 Ja.
3086 3103 3294 3171 Georg.
3336 3103 3554 3158 Pritius
3596 3100 3889 3173 Lipsiensis

496 3192 655 3260 Lips.
691 3191 848 3257 1698,
878 3195 935 3246 8ο
964 3192 1067 3262 (2).
1104 3191 1220 3247 Sed
1256 3198 1487 3261 praeter
1518 3193 1756 3261 scripta.
1790 3206 1947 3261 quae
1972 3190 2023 3244 ei
2054 3191 2227 3260 vulgo
2258 3190 2429 3245 tribui
2464 3191 2673 3253 solent,
2707 3190 3004 3246 habentur
3033 3206 3243 3259 graece
3272 3192 3420 3248 MSS.
3456 3192 3519 3247 in
3556 3191 3890 3247 Bibliotheca

501 3279 949 3335 Vindobonensi
979 3280 1094 3333 sub
1113 3280 1242 3349 ejus
1255 3280 1498 3333 nomine
1511 3278 1807 3348 Opuscula
1826 3278 2011 3341 varia,
2029 3294 2246 3349 nempe
2260 3279 2472 3348 Capita
2487 3279 2740 3334 ascetica
2766 3279 2884 3344 170,
2903 3280 3263 3351 metaphrasi
3280 3280 3627 3336 illustrataa
3646 3280 3893 3336 Simeone

497 3368 819 3437 Logotheta
838 3385 851 3434 ;
885 3366 1028 3421 Cod.
1064 3366 1239 3421 theol.
1270 3366 1391 3420 104.
1430 3366 1781 3421 Parenaesis
1807 3366 2059 3421 ascetica
2087 3366 2226 3420 Cod.
2260 3366 2365 3422 140
2396 3382 2560 3422 num.
2596 3371 2649 3433 3,
2680 3366 2891 3437 Capita
2916 3368 3171 3424 ascetica
3203 3368 3307 3423 100
3333 3369 3475 3425 Cod.
3516 3372 3619 3426 179
3651 3385 3803 3424 num.
3832 3367 3883 3420 8.

498 3456 586 3511 De
600 3454 883 3509 Custodia
904 3454 1098 3509 cordis
1113 3453 1249 3524 Capi
1262 3455 1398 3509 ta30
1422 3455 1563 3509 Cod.
1582 3454 1682 3507 192
1701 3470 1866 3508 num.
1890 3460 1969 3517 15,
1988 3455 2193 3524 Capita
2216 3455 2311 3509 1⁸10
2328 3455 2399 3510 de
2416 3456 2783 3523 Per/“actione
2799 3458 3110 3525 spirituali
3127 3458 3269 3514 Cod.
3298 3460 3392 3515 t92
3410 3474 3559 3515 num
3572 3503 3584 3514 .
3600 3461 3685 3515 16.
3701 3458 3891 3513 Verum

496 3543 886 3598 haecomnia
918 3541 1061 3596 nihil
1090 3541 1206 3596 fere
1230 3541 1391 3597 aliud
1413 3542 1723 3599 continent
1752 3558 1937 3615 quam
1971 3543 2059 3597 Vll
2090 3543 2202 3599 illa
2230 3543 2533 3612 Opuscula
2559 3547 2834 3612 ascetica,
2878 3562 3034 3619 quae
3066 3547 3125 3601 in
3151 3547 3449 3603 Thesauro
3481 3564 3596 3605 sua
3620 3548 3793 3604 edidit
3826 3544 3884 3599 P.

497 3630 782 3686 Possinus
822 3630 1014 3699 Paris,
1063 3633 1215 3698 1684,
1255 3646 1530 3703 quaeque
1573 3634 1740 3687 tertio
1772 3632 2015 3688 cuidam
2051 3634 2298 3688 Macario
2340 3633 2655 3689 tribuenda
2694 3651 2822 3689 esse
2869 3636 3207 3705 contendit;
3237 3643 3390 3693 certe
3431 3638 3527 3694 vel
3565 3643 3781 3699 nostra,
3817 3630 3893 3688 vel

491 3720 745 3776 Macario
776 3719 1178 3776 Alexandrino
1209 3720 1593 3784 vindicanda,
1627 3722 1706 3776 uti
1743 3737 1883 3777 mox
1913 3720 2327 3778 ostendemus.

561 3809 912 3866 MACARIUS
947 3810 1150 3881 j~uuiar
1191 3809 1286 3880 (3),
1321 3816 1375 3865 et
1422 3808 1693 3871 Πολιτικὸς
1732 3811 1951 3878 dictus,
1983 3810 2167 3866 domo
2212 3810 2671 3877 Alexandrinus,
2708 3812 2808 3867 ubi
2838 3819 3028 3869 aetate
3069 3815 3265 3884 prima
3305 3814 3559 3871 bellaria
3600 3813 3888 3870 vendendo

486 3906 804 3973 quaestum
836 3899 1168 3963 exercebat,
1200 3899 1433 3955 Antonii
1465 3900 1821 3971 discipulus,
1858 3900 2098 3955 alterius
2129 3900 2362 3955 Macarii
2399 3904 2694 3973 σύγχρονος
2726 3904 2899 3973 eique
2926 3910 3246 3973 superstes,
3281 3903 3425 3959 urbe
3466 3904 3651 3959 simul
3683 3918 3751 3958 ac
3778 3906 3886 3956 arte

486 3991 856 4053 renunciata,
886 3990 945 4043 in
968 4004 1238 4044 eremum
1258 3988 1607 4045 Nitriensem
1626 3989 1934 4053 secedens,
1959 3990 2143 4044 vitam
2170 3991 2561 4045 monasticam
2584 3991 2898 4061 amplexus
2916 3995 3022 4045 est.
3052 3991 3299 4061 [Socrat.
3328 3991 3364 4046 1.
3389 3993 3455 4047 IV
3473 4008 3528 4048 c.
3555 3997 3651 4059 23;
3672 3993 3885 4047 Sozam.

489 4077 527 4134 l.
552 4079 619 4133 Ill
642 4094 692 4133 c.
722 4080 789 4132 14
809 4094 821 4142 ;
845 4078 1194 4133 Theodoret.
1218 4076 1253 4131 1.
1280 4077 1353 4130 IV
1375 4094 1426 4132 c.
1451 4078 1566 4151 21].
1600 4080 1771 4133 Anno
1797 4079 2005 4133 aetatis
2026 4077 2499 4149 quadragesimo
2524 4079 2891 4150 baptismum
2916 4082 3191 4151 suscepit.
3219 4081 3355 4136 dein
3380 4082 3693 4154 presbyter
3712 4079 3885 4135 factus

489 4172 547 4222 et
566 4165 1038 4221 archimandrita
1062 4168 1381 4221 Nitriensis.
1407 4166 1561 4221 Obiit
1592 4168 1969 4221 centenarius
1992 4165 2149 4221 circa
2169 4182 2224 4220 a.
2257 4166 2381 4220 404.
2409 4168 2728 4223 Arctiorem
2757 4168 2907 4223 vitae
2934 4170 3299 4225 monasticae
3325 4169 3710 4240 disciplinam
3737 4172 3885 4223 tanta

487 4254 688 4308 studio
718 4253 994 4317 excoluit,
1033 4258 1095 4307 ut
1123 4269 1194 4307 ex
1226 4255 1410 4308 nimia
1436 4256 1587 4308 cutis
1614 4254 1889 4309 ariditate
1915 4253 2016 4324 pili
2042 4253 2267 4308 barbae
2294 4254 2343 4309 ei
2373 4270 2491 4309 non
2520 4258 2936 4312 succreverint.
2966 4258 3204 4313 Interim
3231 4258 3289 4313 in
3328 4258 3442 4314 hoc
3477 4275 3599 4314 uno
3625 4259 3701 4314 ab
3726 4256 3891 4312 altera
3940 4258 3945 4263 ’

488 4342 747 4397 Macario
767 4340 1170 4410 discrepabat,
1199 4343 1361 4411 quod
1390 4341 1559 4397 hilari
1587 4341 1774 4397 fronte
1796 4340 1873 4395 ad
1899 4343 2097 4410 ipsum
2126 4340 2513 4397 advenientes
2543 4346 2911 4415 exceperitet
2930 4344 3129 4417 lepido
3154 4362 3431 4403 sermone
3461 4346 3788 4409 oblectarit.
3814 4358 3892 4397 ur-

490 4430 759 4485 banitate
791 4429 1055 4499 quadam
1076 4428 1343 4499 juniores
1362 4430 1434 4484 ad
1459 4429 1841 4501 disciplinam
1872 4430 2261 4484 monasticam
2282 4429 2567 4486 alliciens.
2602 4433 2743 4487 Mira
2763 4433 2836 4489 de
2860 4436 2990 4506 ejus
3021 4436 3362 4501 virtutibus,
3389 4436 3764 4504 abstinentia,
3797 4432 3890 4488 mi-

484 4517 703 4573 raculis
721 4517 966 4589 patratis
985 4523 1039 4572 et
1056 4518 1453 4573 daemonibus
1471 4519 1632 4573 abeo
1657 4518 1872 4585 fugatis
1898 4525 2096 4572 narrat
2118 4517 2433 4586 Palladius,
2458 4521 2655 4592 quieo
2679 4523 3045 4580 familiariter
3062 4526 3356 4594 utebatur,
3382 4526 3523 4582 Hist.
3550 4526 3720 4581 Laus.
3745 4540 3792 4579 c.
3812 4523 3889 4574 20.

489 4606 659 4672 Quod
692 4622 827 4662 vero
861 4606 1138 4676 politicus
1172 4607 1500 4673 dicebatur,
1545 4607 1679 4662 inde
1723 4606 1946 4661 factum
1977 4613 2087 4672 est,
2134 4606 2297 4679 quod
2337 4624 2453 4663 non
2491 4611 2670 4665 modo
2704 4611 2762 4667 iu
2804 4612 3119 4669 solitudine
3155 4615 3305 4670 inter
3348 4616 3681 4671 monachos
3712 4624 3890 4667 versa-

484 4702 665 4761 retur,
693 4697 796 4751 sed
810 4699 925 4751 etiv
948 4704 1009 4769 τῇ
1029 4696 1190 4760 πόλει,
1220 4697 1258 4751 i.
1277 4712 1329 4751 e.
1346 4695 1408 4752 in
1432 4696 1576 4752 urbe
1592 4696 1946 4752 Alexandria
1968 4701 2163 4762 natus,
2191 4712 2476 4766 magnam
2492 4700 2643 4755 vitae
2660 4706 2887 4771 partem
2906 4704 2960 4757 in
2989 4702 3229 4773 publica
3250 4704 3566 4759 hominum
3582 4704 3709 4759 luce
3725 4707 3892 4756 trans-

488 4786 626 4858 egit.
656 4786 859 4841 Fuisse
882 4786 1122 4841 scholae
1136 4785 1514 4841 catechesem
1537 4784 1968 4841 Alexandrinae
1987 4787 2346 4855 praefectum
2365 4792 2615 4843 testatur
2640 4789 2946 4862 Philippus
2976 4791 3220 4849 Sidetes.
3240 4794 3408 4858 Quod
3430 4808 3571 4849 vero
3592 4807 3729 4847 eum
3743 4792 3890 4844 Petro

488 4876 736 4947 martyri
771 4876 829 4930 in
858 4876 971 4931 hoc
998 4892 1242 4930 munere
1276 4876 1635 4929 successis<e
1665 4875 1881 4938 scribit,
1919 4872 2131 4930 vereor
2157 4881 2217 4930 ut
2244 4892 2317 4929 ne
2352 4876 2494 4931 illud
2527 4894 2661 4932 cum
2690 4882 2972 4951 temporis
3003 4882 3229 4937 ratione
3257 4888 3415 4938 stare
3441 4883 3653 4953 possit.
3691 4883 3890 4935 Demus

487 4964 663 5031 enim,
682 4964 909 5021 Petrum
924 4965 1182 5020 scholam
1198 4980 1317 5019 una
1331 4980 1456 5018 curn
1472 4962 1817 5034 episcopatu
1834 4965 1905 5018 ad
1925 4964 2074 5018 vitae
2091 4980 2281 5036 usque
2295 4964 2462 5021 ﬁnem
2478 4968 2749 5035 tenuisse,
2766 4969 2927 5039 quod
2944 4974 3135 5025 tamen
3153 4987 3270 5026 non
3286 4976 3541 5033 constat,
3558 4983 3749 5041 neque
3762 4962 3887 5020 satis

483 5052 803 5125 probabile
816 5054 1066 5118 videtur,
1092 5070 1225 5109 cum
1240 5058 1462 5108 certum
1482 5053 1575 5120 sit,
1595 5053 1832 5107 Petrum
1851 5053 2175 5108 maximam
2193 5054 2574 5126 episcOpatus
2599 5057 2689 5111 sui
2710 5063 2940 5128 partem
2959 5060 3071 5114 sub
3088 5060 3500 5131 persecutione
3514 5063 3573 5115 et
3587 5058 3647 5113 in
3670 5067 3887 5113 carcere

2071 5196 2322 5252 NOTAE.

563 5348 645 5419 (l)
677 5348 756 5403 Cf.
804 5347 997 5404 Oudin
1028 5349 1191 5403 Tam.
1226 5349 1247 5402 l
1277 5364 1335 5418 p.
1376 5346 1501 5419 474.
1548 5348 1638 5402 Du
1670 5348 1786 5403 Pin
1827 5349 1964 5403 Hist.
1998 5346 2139 5403 eccl.

1548 5348 1638 5402 Du
1670 5348 1786 5403 Pin
1827 5349 1964 5403 Hist.
1998 5346 2139 5403 eccl.
2328 5348 2403 5419 (2)
2438 5352 2640 5404 Denuo
2675 5350 2833 5418 Lips.
2869 5353 3023 5408 1714.
3054 5357 3104 5408 8.

485 5417 691 5474 νοιέιι
728 5436 788 5489 p.
820 5420 889 5474 55
922 5435 1078 5544 sqrg,
1101 5417 1290 5474 Fabr.’
1309 5418 1450 5473 Bibl.
1479 5419 1683 5473 Graec.
1714 5419 1815 5473 lib.
1842 5421 1882 5472 V
1907 5435 2042 5488 cap.
2082 5424 2139 5473 t2
2322 5417 2402 5488 (3)
2435 5421 2517 5476 Cf.
2552 5417 2862 5501 Tillemonl
2892 5425 3199 5506 Mémoires
3223 5426 3363 5481 eccl.
3398 5423 3509 5479 Vol.
3556 5421 3668 5477 Vill
3694 5419 3768 5477 ad
3795 5417 3882 5472 vit.

487 5490 514 5544 Β
553 5495 568 5541 1
612 5490 733 5544 Vol.
766 5490 849 5543 Vll
885 5506 942 5544 ι).
978 5494 1009 5543 li
1049 5494 1095 5544 2.
1135 5488 1265 5544 l'Ed.
1298 5489 1523 5544 Harles.
1558 5489 1676 5544 Vol.
1714 5490 1825 5544 Vlll
1867 5506 1925 5544 ι).
1970 5491 2135 5544 257i:
2250 5491 2499 5544 Macar.:
2532 5493 2704 5544 Fabr.
2736 5494 2874 5544 Bibl.
2908 5495 3004 5544 Gr-
3041 5496 3140 5544 lib-
3180 5495 3222 5544 V
3254 5513 3387 5544 can.
3425 5498 3489 5544 t2
3514 5496 3543 5544 8
3572 5496 3606 5544 2
3646 5492 3767 5544 Vol.
3803 5486 3882 5542 νυ

553 5486 739 5567 11101.
766 5490 942 5567 Vll__p.
973 5486 1095 5567 192Δ
1134 5488 1676 5567 [Ed._Harl_es_.__Vol.
1705 5490 1825 5567 _Vll_l
1867 5506 1947 5567 p_._
1970 5486 2135 5561 257];
2250 5486 2874 5567 Macar.;_1‘:a_br.__Bibl.
2908 5495 3004 5550 Gr.
3039 5496 3140 5567 lib.
3180 5495 3222 5548 V
3254 5513 3387 5567 cap.
3425 5496 3543 5567 12§
3572 5496 3606 5548 2
3646 5492 3767 5567 Vol.
3803 5486 3882 5567 Vl]

543 5559 1314 5639 inemori-tlil’emoiresieccl.
1345 5561 1464 5617 Vol.
1496 5561 1615 5616 VIII
1646 5562 1723 5618 ad
1752 5563 1849 5617 vit.
1871 5559 2133 5629 Macati;
2249 5578 2307 5639 Β.
2353 5563 2494 5639 491.-
2526 5560 2653 5636 [Ed.
2684 5564 2919 5639 Harles.
2970 5568 3008 5623 l.
3050 5564 3160 5639 1.];
3202 5559 3347 5623 item
3380 5559 3541 5623 Bibl:
3564 5564 3773 5620 Eccles.
3814 5559 3879 5613 ad

484 5634 675 5706 Long.
705 5632 850 5687 Bibl.
878 5647 1028 5688 sacr.
1056 5648 1116 5708 p.
1151 5635 1273 5693 839.
2246 5632 2599 5691 Gennad.‘c.
2639 5638 2721 5691 10.
