4058 6194
130 315 242 373 383
992 316 1084 373 DE
1123 314 1226 373 SS.
1268 314 1612 374 MACARIIS
1650 314 2014 379 AEGYPTIO
2056 318 2143 377 ET
2180 318 2719 383 ALEXANDRINO.
3454 332 3563 391 386

126 445 328 512 egisse
352 464 365 507 ;
394 448 531 497 utut
544 441 634 507 sit,
653 441 798 498 obiit
812 442 863 497 is
893 443 1185 514 martyrio
1210 447 1536 499 coronatus
1550 458 1711 499 anno
1725 444 1849 500 302.
1866 445 1909 510 Q
1920 461 1993 501 uo
2009 449 2282 518 tempore
2295 448 2619 506 Macarium
2634 456 2905 509 nostrum
2918 468 3050 511 vere
3062 454 3243 511 fuisse
3258 456 3564 527 juniorem

125 547 197 587 ac
223 546 390 603 pene
405 546 661 602 puerum
681 546 930 587 necesse
953 536 1062 586 est.
1093 532 1283 597 Quem
1303 532 1587 588 Historiae
1608 532 2047 590 Ecclesiasticae
2069 535 2407 592 conditores
2421 540 2611 609 Magni
2626 542 3235 615 Antoniidiscipulum
3258 545 3557 620 [Pag.257]

129 620 387 685 faciunt,
416 625 473 676 et
503 620 827 677 Constantii
854 620 1228 691 temporibus
1256 620 1543 676 claruisse
1573 620 1800 686 volunt,
1832 622 1954 678 imo
1980 639 2267 696 quocum,
2291 632 2545 683 exeunte
2566 628 2679 685 hoc
2709 632 2968 697 saeculo,
2999 648 3105 704 per
3131 634 3458 693 triennium
3494 636 3556 693 in

126 710 461 765 solitudine
489 709 627 765 vixit
652 708 951 765 Palladius
972 708 1137 782 [HisL
1164 709 1431 765 Lausiac.
1466 725 1517 764 c.
1536 711 1607 765 20
1638 726 1695 782 p.
1727 714 1883 780 92$].
1911 715 2022 767 Aut
2046 712 2223 783 igitur
2242 715 2480 784 juvenis
2499 717 2832 775 admodum
2856 736 3074 778 munus
3093 720 3209 779 hoc
3242 725 3551 782 scholasti-

125 814 271 855 cum
304 800 455 863 iniit,
480 807 580 854 aut
609 803 745 869 post
764 798 911 853 Petri
944 802 1299 869 martyrium
1320 798 1527 855 schola
1543 800 1857 867 vacaverit,
1886 806 2015 867 aut,
2042 802 2211 874 quod
2235 804 2435 875 potius
2459 806 2748 877 suspicari
2770 807 2932 878 licet,
2964 809 3118 865 alius
3148 813 3285 884 quis
3314 813 3557 872 scholae

130 887 430 958 magister
458 887 839 942 intervenerit
873 902 910 943 a
938 886 1208 959 Philippo
1238 888 1615 959 praeteritus.
1650 888 1849 945 Nullos
1881 890 2040 945 enim
2076 892 2225 948 alios
2256 908 2293 948 a
2322 894 2469 949 Petri
2504 901 2714 974 morte,
2745 903 2980 967 praeter
3010 901 3332 957 Macarium
3366 904 3552 975 Didy-

125 992 324 1039 mum,
349 992 456 1049 per
480 977 782 1047 integrum
813 990 1004 1048 paene
1032 976 1147 1033 hoc
1180 976 1490 1032 saeculum
1512 977 1693 1047 hujus
1724 978 1965 1035 scholae
1986 986 2403 1052 praeceptores
2430 983 2683 1038 exhibet.
2725 985 2858 1041 Erat
2883 991 2938 1041 et
2966 986 3112 1043 alter
3133 990 3421 1046 Macarius
3450 997 3557 1048 Ae-

130 1066 399 1137 gyptius,
420 1065 633 1122 Senior
660 1064 878 1131 dictus,
916 1064 991 1120 de
1015 1080 1137 1137 quo
1158 1079 1269 1120 nos
1291 1064 1453 1121 alibi.
1480 1066 1631 1130 Quin
1661 1070 1718 1123 et
1734 1068 1991 1135 tertium,
2013 1070 2251 1125 Antonii
2281 1071 2462 1127 etiam
2485 1071 2849 1143 discipulum
2867 1076 3235 1143 etcomitem,
3264 1078 3555 1137 Amathae

132 1158 391 1210 socium.
415 1154 595 1210 nobis
629 1154 925 1226 exculpsit
953 1157 1152 1210 Petrus
1186 1154 1466 1210 Possinus
1493 1154 1739 1228 [Proleg.
1770 1156 1829 1212 in
1861 1157 2031 1216 Thes.
2061 1158 2301 1231 Ascet.],
2336 1160 2430 1215 cui
2456 1160 2637 1216 etiam
2671 1163 2707 1217 L
2740 1162 3020 1220 homilias
3047 1179 3083 1220 a
3113 1165 3257 1222 Pico
3287 1167 3557 1238 primum

132 1244 345 1309 editas,
381 1248 436 1299 et
467 1244 565 1299 Vll
594 1244 899 1315 Opuscula
929 1259 963 1299 a
990 1259 1053 1298 se
1080 1243 1141 1298 in
1170 1243 1367 1299 lucem
1398 1245 1640 1312 emissa,
1670 1245 2081 1315 adjudicanda
2110 1253 2331 1305 censet.
2362 1251 2426 1305 Et
2454 1250 2513 1305 in
2538 1250 2653 1306 hac
2676 1250 2922 1322 quidem
2954 1254 3246 1310 sententia
3277 1270 3373 1310 me
3411 1255 3555 1312 olim

127 1333 313 1389 fuisse
366 1333 582 1390 fateor.
618 1334 837 1388 Verum
893 1347 955 1387 re
974 1331 1186 1388 melius
1219 1347 1515 1403 perpensa
1541 1347 1716 1401 aegre
1748 1334 2225 1406 ameimpetrare
2252 1353 2500 1409 possum
2516 1340 2857 1404 utcredam,
2876 1343 3481 1416 praeterAegyptium
3499 1348 3558 1400 et

128 1421 611 1478 Alexandrinum
625 1422 864 1477 tertium
885 1422 1063 1477 etiam
1095 1421 1448 1490 ﬁngendum
1462 1436 1597 1476 esse
1623 1423 1965 1490 Macarium,
1986 1425 2619 1497 Antoniidiscipulum.
2636 1428 2924 1484 Amathae
2937 1430 3255 1500 collegam,
3290 1434 3553 1505 Operum

124 1512 622 1568 Macarianorum
653 1515 980 1567 auctorem.
1015 1513 1177 1567 Certe
1208 1525 1328 1566 non
1361 1510 1507 1566 alios
1537 1513 1825 1567 Macarios
1846 1513 2082 1568 Antonii
2111 1514 2441 1585 discipulos
2464 1516 2636 1571 nobis
2654 1517 2936 1574 exhibent
2959 1520 3229 1575 Socrates
3252 1522 3557 1586 ,Sozome-

127 1618 262 1669 nus,
294 1601 735 1666 Theodoretus,
764 1600 1157 1673 Nicephorus,
1183 1604 1241 1655 et
1260 1600 1363 1671 qui
1394 1600 1507 1655 hoc
1538 1601 1673 1671 ipso
1704 1606 1990 1672 tempore,
2018 1602 2111 1657 his
2141 1603 2308 1673 ipsis]
2339 1603 2465 1658 ocis
2492 1604 2639 1660 vixit
2668 1606 2865 1679 deque
2892 1607 2963 1661 iis
2993 1608 3222 1678 prolixe
3247 1611 3391 1679 agit,
3425 1610 3556 1683 ipse

126 1690 458 1747 Palladius.
489 1692 559 1747 Ut
585 1691 911 1746 Macarium
939 1705 1119 1745 suum
1150 1688 1363 1760 probet
1394 1690 1692 1754 Possinus,
1717 1690 2112 1746 Athanasium
2134 1692 2192 1746 in
2216 1693 2339 1748 vita
2360 1692 2603 1748 Antonii
2614 1697 2669 1749 et
2695 1695 3122 1767 Hieronymum
3144 1699 3204 1752 in
3235 1697 3359 1754 vita
3377 1699 3558 1755 Pauli

125 1784 297 1835 testes
330 1779 502 1835 citat.
531 1778 897 1835 Athanasius
921 1793 1062 1833 vero
1089 1777 1163 1833 de
1192 1777 1466 1834 Macario
1490 1793 1562 1832 ne
1595 1778 1847 1835 verbum
1870 1779 2117 1851 quidem
2144 1780 2347 1837 habet.
2369 1783 2763 1855 Hieronymus
2791 1785 3023 1841 Macarii
3048 1786 3412 1843 etAmathae
3435 1789 3552 1843 An-

123 1869 265 1923 tonii
295 1866 747 1939 discipulorum
768 1866 1131 1933 meminit,et
1162 1867 1479 1922 Amatham
1504 1867 1749 1939 quidem
1768 1868 2129 1937 magistrum
2144 1886 2322 1926 suum
2340 1871 2859 1942 sepeliissedocet;
2892 1873 3231 1930 deMacario
3260 1875 3409 1931 nihil
3450 1876 3554 1932 ha-

124 1956 237 2012 bet.
260 1958 510 2023 Quaero
541 1956 721 2027 igitur
747 1972 785 2013 a
808 1955 1285 2025 Possino,curex
1312 1956 1529 2011 nostris
1556 1972 1731 2022 unus,
1751 1958 2359 2030 Antoniidiscipulus,
2386 1960 2678 2017 Amathae
2698 1960 2947 2031 collega,
2978 1964 3423 2033 Opusculorum
3442 1980 3552 2033 pa-

124 2051 206 2101 ter
234 2046 476 2102 censeri
503 2060 627 2102 non
654 2044 887 2117 possit?
912 2048 1037 2101 Non
1068 2044 1414 2116 Aegyptius,
1449 2044 1660 2115 inquit,
1691 2061 1830 2101 cum
1882 2047 2194 2116 sexaginta
2226 2049 2401 2103 annis
2432 2050 2491 2103 in
2525 2049 2803 2120 Scythica
2829 2050 3151 2107 solitudine
3181 2052 3543 2122 transegisse

120 2135 357 2191 dicitur.
391 2134 553 2200 Quid
584 2134 756 2191 vero?
785 2136 872 2189 An
906 2134 1147 2205 Stylitae
1173 2133 1252 2189 ad
1270 2134 1459 2189 instar
1480 2134 1616 2189 totis
1640 2133 1953 2204 sexaginta
1978 2136 2151 2190 annis
2176 2136 2234 2191 in
2261 2136 2407 2193 cella
2426 2153 2539 2193 sua
2561 2137 2889 2194 immobilis
2911 2140 3210 2211 perstitit?
3231 2140 3383 2207 Quid
3407 2140 3549 2198 soli-

125 2225 279 2279 tariis
311 2224 432 2279 illis
464 2223 824 2279 familiarius
841 2237 1025 2292 quam
1056 2220 1328 2281 ἁσκήσιως
1355 2236 1498 2276 suae
1534 2221 1707 2278 sedes
1737 2222 1996 2279 subinde
2014 2225 2279 2281 mutare?
2298 2227 2367 2281 Ut
2397 2225 2549 2281 adeo
2572 2226 2704 2283 loca
2727 2228 3032 2299 quaedam
3063 2230 3319 2286 Antonio
3349 2231 3550 2287 vicina

123 2312 465 2369 inhabitare
485 2312 653 2369 facile
669 2312 928 2384 potuerit
946 2311 1252 2376 Macarius,
1267 2310 1441 2383 eique
1467 2310 1610 2367 data
1631 2312 1969 2378 occasione,
1990 2314 2338 2383 praesertim
2359 2321 2635 2385 vergente
2654 2316 2727 2372 ad
2756 2316 2937 2371 tinem
2966 2318 3110 2384 vita,
3133 2323 3374 2390 praesto
3393 2334 3544 2385 esse,

124 2408 174 2457 et
205 2401 485 2458 defuncti
517 2417 737 2473 corpus
770 2417 891 2456 una
915 2416 1054 2456 cum
1071 2399 1328 2456 Amatha
1360 2400 1631 2471 sepelire.
1656 2403 1770 2456 Nec
1799 2400 1959 2456 enim
1984 2401 2118 2472 plus
2147 2402 2221 2457 de
2246 2402 2359 2458 hac
2388 2418 2450 2458 re
2484 2409 2730 2460 testatur
2770 2405 3018 2460 Cronius
3043 2404 3355 2478 presbyter
3382 2406 3547 2479 apud

126 2490 457 2547 Palladium
492 2505 627 2562 cap.
652 2493 741 2546 25.
772 2492 970 2562 Neque
996 2489 1139 2544 dicit
1169 2490 1555 2553 Sozomenus,
1586 2490 1903 2546 Macarium
1964 2491 2024 2545 in
2055 2489 2183 2547 sola
2223 2491 2402 2555 Sceti,
2435 2492 2540 2547 sed
2570 2497 2627 2548 et
2669 2496 2723 2545 tu
2750 2496 2865 2555 ταῖς
2894 2496 3104 2568 ἐρήμοις
3144 2496 3227 2550 LX
3259 2510 3401 2551 suos
3432 2511 3539 2552 an-

124 2594 221 2635 nos
246 2582 553 2651 exegisse.
590 2580 766 2636 Multo
798 2580 996 2636 minus
1025 2579 1086 2633 id
1115 2578 1521 2634 Alexandrino
1549 2583 1754 2634 nostro
1789 2580 1990 2649 negari
2045 2585 2260 2650 potest,
2292 2596 2475 2653 quem
2500 2581 2775 2638 diversas
2804 2582 3096 2639 habuisse
3122 2582 3303 2639 cellas
3323 2583 3546 2641 diserte

125 2673 365 2725 testatur
396 2668 706 2725 Palladius
730 2685 742 2723 :
770 2666 1289 2739 unamquidemin
1312 2667 1471 2723 Secti
1500 2668 2089 2738 quaeestinteriorin
2104 2670 2448 2736 solitudine,
2472 2671 2733 2726 unamin
2765 2671 3029 2743 Libyain
3057 2671 3546 2739 Celliis,etunam

124 2758 175 2813 in
193 2764 402 2815 monte
437 2758 678 2823 Nitriae,
714 2763 776 2813 ut
805 2757 1060 2813 Antonio
1087 2758 1298 2813 adesse
1325 2756 1501 2827 eique
1536 2756 1870 2813 ministrare
1904 2756 2073 2813 facile
2105 2759 2314 2829 possit.
2367 2762 2481 2815 Nec
2512 2758 2804 2815 validiora
2837 2764 2976 2816 sunt
3006 2766 3384 2831 argumenta,
3415 2762 3549 2834 qui-

125 2847 229 2902 bus
240 2847 564 2919 praedicta
576 2846 880 2919 Opuscula
892 2846 1107 2901 horum
1120 2845 1313 2900 neutri
1330 2844 1734 2901 adscribeuda
1760 2861 1889 2901 esse
1905 2845 2163 2917 probare
2183 2847 2386 2903 nititur
2403 2848 2710 2904 Possinus.
2740 2851 2868 2904 Non
2883 2850 3199 2921 Aegyptio,
3213 2850 3357 2922 quia
3371 2850 3547 2907 refert

128 2936 476 2992 Gennadius
502 2934 605 3009 [de
637 2936 846 3006 Script.
881 2934 1032 2990 Eccl.
1065 2950 1118 2990 c.
1156 2933 1290 3007 10.],
1325 2933 1523 3006 ipsum
1558 2949 1739 2989 unam
1769 2938 2000 2990 tantum
2027 2934 2103 2990 ad
2117 2936 2382 3005 juniores
2410 2935 2800 3008 professionis
2827 2953 2972 2993 suae
2994 2938 3308 3009 scripsisse
3329 2938 3546 3011 episto-

125 3024 260 3080 lam.
293 3026 457 3091 Quid
486 3026 535 3079 si
565 3039 705 3080 vero
732 3024 1074 3081 Gennadius
1100 3022 1175 3078 de
1206 3021 1348 3077 solis
1376 3022 1612 3079 Macarii
1643 3022 1909 3093 epistolis
1938 3023 2205 3095 loquitur
2223 3024 2252 3079 ?
2283 3024 2437 3089 Quid
2463 3024 2513 3079 si
2543 3023 2661 3080 alia
2690 3025 2992 3096 scripserit
3021 3026 3329 3093 Macarius,
3385 3042 3545 3098 quae

124 3114 799 3182 Gennadiidiligentiam
814 3112 1090 3183 fugerint,
1114 3126 1255 3167 cum
1277 3126 1397 3167 non
1418 3127 1615 3182 pauca
1634 3112 1857 3183 scripta
1879 3112 2188 3183 sint,quae
2209 3112 2426 3168 frustra
2444 3113 2611 3184 apud
2634 3113 3007 3169 Gennadium
3028 3114 3239 3186 quaeri
3259 3113 3544 3185 possunt?

124 3206 245 3259 Non
271 3204 545 3275 denique
575 3201 978 3258 Alexandrino
1002 3207 1229 3265 nostro,
1254 3201 1399 3272 quia
1427 3200 1646 3256 scilicet
1677 3202 1827 3257 inter
1857 3201 2066 3265 multa,
2099 3217 2258 3274 quae
2286 3201 2361 3256 de
2408 3217 2479 3258 eo
2509 3201 2737 3258 habent
2765 3204 3152 3270 Sozomenus,
3183 3204 3456 3260 Socrates
3486 3206 3544 3260 et

126 3292 518 3362 Sicephorus,
542 3290 689 3347 nihil
713 3305 958 3362 prorsus
984 3289 1263 3353 referant,
1286 3288 1445 3345 unde
1463 3290 1773 3361 scripsisse
1795 3290 2133 3362 quidquam
2150 3306 2313 3356 eum,
2334 3291 2501 3363 quod
2517 3291 2578 3346 in
2605 3291 2804 3347 lucem
2819 3306 2891 3348 ac
2912 3290 3141 3348 famam
3157 3290 3385 3356 exierit,
3408 3306 3545 3363 pos-

123 3380 195 3436 sit
216 3381 497 3450 intelligi.
522 3379 777 3435 meelle
808 3394 1053 3452 prorsus
1096 3383 1155 3433 et
1182 3376 1363 3450 plane
1394 3376 1719 3433 ﬁculneum
1750 3378 2215 3451 argumentum!
2246 3380 2390 3444 Quis
2420 3380 2579 3436 enim
2612 3379 2823 3446 nescit,
2876 3394 2999 3436 non
3045 3379 3107 3436 id
3137 3379 3252 3436 sibi
3284 3379 3545 3436 voluisse

125 3471 434 3526 Socratem
466 3473 523 3526 et
548 3470 966 3534 Sozomenum,
992 3467 1068 3523 de
1112 3466 1505 3538 scriptoribus
1562 3466 1980 3523 ecclesiasticis
2043 3483 2117 3524 ex
2171 3468 2442 3539 professo
2472 3484 2650 3540 agere
2672 3469 2699 3524 ‘I
2732 3471 2899 3526 Viros
2928 3469 3176 3541 quidem
3206 3469 3545 3525 eruditione

123 3557 313 3615 claros
344 3574 705 3615 enumerare
734 3556 951 3627 solent,
982 3556 1202 3628 scripta
1231 3569 1367 3612 raro
1396 3559 1501 3611 aut
1527 3570 1845 3628 nunquam
1875 3572 2184 3613 recensere
2210 3572 2224 3623 ;
2257 3556 2410 3613 adeo
2442 3562 2506 3614 ut
2529 3558 2675 3615 nihil
2704 3558 2921 3623 obstet,
2953 3558 3362 3629 nequicquam
3393 3557 3546 3613 reni-

124 3652 271 3704 tente
299 3648 575 3713 Possino,
605 3647 931 3720 quominus
956 3645 1266 3718 praedicta
1322 3644 1624 3715 Opuscula
1656 3645 2050 3701 Macariornm
2104 3651 2446 3701 nostrorum
2494 3647 2788 3713 alterutri,
2821 3652 2878 3702 et
2907 3646 3112 3703 forsan
3138 3645 3545 3701 Alexandrino

125 3742 353 3800 nestro,
386 3751 514 3793 non
544 3737 839 3792 immerito
872 3733 1189 3791 tribuenda
1218 3733 1352 3788 sint.
1382 3735 1579 3788 Exstat
1598 3749 1807 3804 graece
1826 3736 1936 3789 MS.
1962 3734 2075 3789 sub
2104 3735 2339 3789 Macarii
2358 3736 2545 3790 nostri
2565 3734 2952 3791 Alexandrini
2977 3734 3220 3789 nomine
3241 3733 3543 3802 fragmen-

124 3832 243 3882 tum
269 3843 345 3882 ex
372 3825 828 3895 Quaestionibus
853 3825 933 3880 ad
961 3823 1244 3893 Magn-um
1274 3821 1596 3878 Eusebium
1614 3823 1950 3893 episcopum
1969 3823 2459 3879 Alexandrinum
2483 3822 2624 3877 Bibl.
2642 3822 2897 3877 Vindob.
2913 3823 3055 3877 Cod.
3072 3821 3278 3879 Theol.
3303 3821 3395 3886 84,
3418 3836 3541 3892 quo

121 3912 415 3987 anonymi
447 3914 768 3985 cujusdam
781 3914 924 3969 Loci
933 3925 1267 3969 communes
1279 3910 1519 3967 ascetici
1533 3910 1606 3967 de
1617 3912 1967 3968 charactere
1981 3912 2106 3968 veri
2123 3910 2568 3966 Christianismi
2580 3927 2653 3966 ex
2671 3911 2851 3967 variis
2867 3912 2965 3967 SS.
2989 3913 3228 3967 Patrum
3242 3909 3533 3981 operibus

124 4005 350 4061 collecti
380 4005 781 4059 continentur.
810 4002 952 4068 Quis
980 4016 1121 4057 vero
1156 3998 1330 4055 fuerit
1348 3998 1445 4053 hic
1468 3999 1725 4069 Magnus
1739 4000 2043 4064 Eusebius,
2070 4000 2181 4055 hoc
2193 4000 2706 4071 circitertempore
2721 3999 3048 4070 episcopus
3070 3997 3536 4064 Alexandrinus,

122 4094 196 4149 ad
224 4108 417 4167 quem
440 4093 555 4149 hae
582 4092 964 4165 quaestiones
994 4088 1247 4159 scriptae
1282 4094 1444 4152 sunt,
1473 4088 1662 4144 fateor
1693 4104 1787 4144 me
1818 4105 1927 4144 nec
1958 4089 2289 4146 divinando
2312 4088 2557 4160 assequi
2587 4103 2787 4160 posse.

188 4182 459 4239 Habetur
482 4180 665 4238 latine
684 4180 738 4237 ei
767 4179 1061 4251 inscripta
1084 4177 1315 4247 Regula
1341 4179 1673 4233 monastica
1704 4178 1850 4233 XXX
1881 4177 2158 4250 capitulis
2179 4178 2640 4248 comprehensa,
2670 4192 2856 4249 quam
2877 4175 3112 4248 primus
3135 4174 3321 4232 edidit
3337 4174 3544 4231 Petrus

117 4273 411 4327 Roverius
440 4271 666 4326 lesuita
693 4270 753 4326 in
786 4269 1041 4325 Historia
1071 4266 1416 4323 monasterii
1450 4269 1835 4323 Reomaensis
1862 4283 2002 4339 pag.
2056 4271 2146 4323 24.
2187 4269 2399 4323 Verum
2428 4282 2506 4323 an
2538 4282 2745 4323 revera
2774 4266 3012 4322 Macarii
3039 4264 3225 4321 nostri
3255 4266 3352 4331 sit,
3393 4264 3539 4321 mihi

119 4361 399 4417 nondum
425 4363 675 4415 constat.
710 4362 899 4416 lmmo
925 4356 1101 4430 plane
1131 4355 1363 4411 videtur
1392 4357 1590 4427 potius
1620 4358 2050 4428 compendium
2097 4356 2443 4426 regularum
2497 4372 2569 4411 ex
2596 4354 2831 4412 Macarii
2883 4354 3267 4426 aliorumque
3295 4352 3543 4411 ἀσκητῶν

124 4452 361 4523 scriptis
382 4446 796 4521 compilatum.
818 4447 1019 4503 Exstat
1043 4460 1228 4518 penes
1251 4460 1344 4500 me
1363 4445 1596 4501 Macarii
1616 4445 2024 4511 Alexandrini,
2045 4446 2126 4501 ita
2147 4445 2307 4501 enim
2326 4446 2509 4501 habet
2529 4444 2751 4510 titulus,
2773 4444 2985 4502 Sermo
2999 4444 3073 4501 de
3086 4443 3250 4500 exitu
3266 4449 3548 4515 statuque

120 4540 468 4595 animarum
493 4543 628 4607 post
660 4536 817 4594 hanc
846 4536 1051 4603 vitam,
1079 4550 1152 4590 ex
1183 4532 1583 4588 bibliothecae
1618 4534 1897 4589 Paulinae
1924 4534 2246 4605 Lipsiensis
2278 4534 2397 4589 MS.
2427 4534 2632 4589 codice
2662 4531 3017 4603 descriptus.
3055 4532 3255 4587 Plures
3292 4530 3543 4604 quidem

118 4628 349 4700 ineptas
379 4633 441 4683 et
468 4627 658 4683 aniles
687 4625 924 4683 fabulas
954 4625 1234 4686 continet,
1262 4628 1318 4677 et
1345 4623 1687 4677 recentioris
1720 4623 2043 4694 cujusdam
2076 4622 2347 4679 Graeculi
2373 4628 2785 4679 commentum
2807 4620 2951 4677 mihi
2988 4621 3235 4686 videtur,
3264 4620 3543 4691 quiquae

123 4716 229 4772 hac
256 4718 331 4773 de
360 4731 425 4773 re
454 4716 797 4786 somniavit,
822 4714 901 4771 ad
915 4712 1138 4783 dialogi
1169 4710 1427 4767 formam
1459 4712 1779 4767 Macarium
1803 4714 1953 4768 inter
1973 4717 2029 4768 et
2056 4712 2302 4781 angelos
2329 4710 2573 4782 redegit.
2621 4710 2921 4776 Quoniam
2953 4724 3095 4765 vero
3124 4704 3403 4769 ἀνέκδοτος
3446 4707 3543 4777 sit,

126 4810 179 4861 et
196 4806 409 4864 saltem
435 4805 703 4863 novitate
726 4819 839 4862 sua
866 4818 928 4860 se
951 4802 1156 4860 lectori
1181 4802 1650 4873 commendabit,
1687 4800 1959 4857 versione
1988 4800 2173 4859 latina
2197 4805 2478 4858 ornatum
2508 4801 2606 4856 hic
2638 4799 2981 4871 subjiciam.
3017 4798 3179 4870 [Pag.
3214 4794 3369 4869 258.]

133 5203 464 5277 Toﬁéyiou
503 5200 844 5277 Max‘apiou
904 5203 1013 5277 rei}
1072 5189 1541 5277 ΪΑλιξανδρέως
1596 5194 1735 5277 λόχς

1946 5237 1953 5252 .
1989 5195 2250 5277 Macarii
2266 5192 2686 5277 Alexandrini
2706 5206 2895 5251 sermo
2916 5192 2988 5249 de
3011 5192 3179 5277 exitu
3204 5189 3437 5277 animae
3456 5189 3548 5245 iu-

202 5265 345 5349 πιρῖ
375 5271 606 5339 ἐξόδου
634 5265 857 5345 taxa;
896 5267 1170 5349 ᾄικαίῳν
1223 5270 1339 5349 καὶ
1386 5265 1785 5349 ἆμαρῖωλῷν

1964 5275 2191 5324 storum
2222 5272 2276 5325 et
2307 5272 2723 5349 peccatorum,
2770 5265 3058 5349 quomodo
3104 5266 3470 5334 separantur
3516 5276 3552 5318 a

201 5339 423 5410 τάξι-ῶς
451 5339 961 5423 χωρίζοῦἒαιὲκ
992 5348 1104 5396 τοῦ
1158 5345 1461 5413 σώματος
1500 5344 1611 5393 καὶ
1660 5347 1785 5401 πῶς

1439 5359 1461 5401 ς
1500 5344 1611 5393 καὶ
1660 5347 1785 5401 πῶς
1967 5354 2233 5410 corpore,
2265 5343 2318 5397 et
2346 5339 2408 5395 in
2438 5354 2554 5411 quo
2579 5343 2742 5395 statu
2772 5340 3037 5393 manent.

210 5439 372 5476 ιισιν.

211 5532 340 5580 ﬁeri
392 5522 741 5580 διοδσνὸντων
792 5523 939 5595 ἡμῶν
985 5522 1035 5573 ἓν
1110 5525 1173 5592 τῇ
1231 5516 1427 5590 ἐρήμῳ,
1485 5513 1625 5570 εἶδον
1690 5513 1789 5569 δύο

1970 5516 2149 5577 Nobis
2177 5516 2486 5589 quondam
2518 5515 2581 5572 in
2635 5528 2837 5571 eremo
2882 5513 2989 5570 iter
3037 5510 3397 5569 facientibus
3426 5509 3552 5567 vidi

144 5612 386 5686 ἆ-ηῦιυνς
461 5614 975 5675 συνσαολουθοῦντας
1025 5617 1096 5683 τῷ
1156 5606 1309 5681 ἁγίῳ,
1365 5611 1622 5683 Μακαρίῳ
1705 5605 1746 5660 ἔτι

1956 5623 2054 5664 .108
2102 5606 2349 5681 angelos
2403 5607 2459 5663 S.
2511 5604 2833 5663 Macarium
2864 5602 3182 5675 stipantes,
3228 5601 3489 5659 alterum
3520 5615 3558 5658 a

144 5704 196 5757 ὰ
244 5702 445 5773 διξιῶν,
493 5712 587 5760 καὶ
633 5706 721 5759 ἕνα
761 5703 812 5767 ἕξ
854 5702 1123 5774 εὐωνύμων
1175 5714 1187 5729 ⁸
1230 5701 1319 5751 καὶ
1358 5696 1406 5749 ἓν
1454 5705 1527 5770 τῷ
1593 5716 1746 5770 συμπ‹

1956 5701 2134 5765 extra,
2159 5712 2198 5756 a
2224 5696 2461 5755 sinistra
2488 5694 2777 5767 alterum;
2812 5706 3075 5766 cumque
3097 5707 3220 5750 una
3242 5688 3558 5765 progrede-

422 5805 677 5864 Pnaor.
709 5801 815 5861 Gn.
857 5797 1119 5857 XXXIV.
3202 5788 3272 5849 13
3442 5785 3451 5791 “
