4058 6194
562 297 667 359 387
1873 277 2306 340 GUILIELMUS
2347 274 2628 334 CAVEUS
3782 278 3869 337 338

558 444 780 494 remur,
809 427 1110 499 repertum
1168 423 1256 477 est
1286 417 1540 475 cadaver
1564 415 1772 487 jacens
1810 414 1867 467 et
1893 408 2160 466 foetiduu

2268 406 2561 479 ιρεύεσθαι
2628 404 2788 476 ἡμᾶς,
2872 401 3053 476 εὑρέθη
3124 404 3447 473 θνησημαίον
3528 406 3734 474 κείμενον
3795 412 3870 459 καὶ

562 522 866 575 Foetorem
886 510 1251 587 persentiens
1270 508 1330 565 S.
1362 506 1652 561 Macarius
1677 516 1853 558 nares
1881 498 1993 554 sibi
2021 512 2162 553 man

2319 496 2436 557 ὄζον
2466 512 2477 523 ·
2508 497 2596 546 καὶ
2636 492 3009 564 αἰσθανόμενος
3047 491 3072 542 ό
3125 490 3269 561 ἅγιος
3320 490 3588 561 Μακάριος
3626 499 3711 553 τῆς
3764 490 3872 546 δυσ-

559 576 1097 667 οὺεῑτιιχὶῑίάοιιθο
1120 596 1515 655 transivisset.
1550 591 1832 649 Similiter
1860 588 2127 644 fecerunt
2155 605 2161 637 ι

2319 582 2505 651 ωδίας,
2541 581 2834 636 συνέκλεισε
2882 583 3014 653 μετὰ
3056 589 3150 641 τῆς
3200 576 3341 641 ἰδίας
3369 582 3551 651 χειρός
3586 584 3692 642 τοὺς
3718 581 3872 635 ἑαυτοῦ

562 695 781 768 angeli.
813 665 877 748 Id
912 691 1119 747 videns
1149 701 1331 743 senex
1350 684 1492 739 dixit
1518 682 1632 737 illis
1664 700 1678 736 :
1708 680 1796 734 An
1820 682 1875 734 et
1898 694 2003 733 vos
2032 676 2164 732 etiai

2320 681 2611 747 μυκτῆρας.
2654 672 2742 731 ἕως
2774 670 2832 723 οὖ
2863 669 3121 742 παρῆλθεν
3151 687 3165 702 ο
3210 668 3458 727 ἐποίησαν
3502 665 3558 721 δὲ
3598 674 3680 721 καὶ
3707 673 3750 723 οἱ
3790 673 3873 742 ἅγ-

564 756 1079 842 ωιῖτιόἰίοθιοτοω
1104 775 1390 833 suboletis
1410 775 1437 829 ‘2
1469 770 1928 841 Responderunt
1956 766 2033 822 illi
2063 778 2075 817 :
2109 768 2166 820 Νι

2320 764 2460 835 γελοι
2486 764 2650 824 οὕτως
2702 765 2790 813 καὶ
2837 756 2963 813 ἰδὼν
2996 762 3019 812 ό
3049 764 3212 831 γέρων
3240 766 3374 811 εἶπεν
3406 757 3581 818 αὐτοῖς
3606 777 3618 790 ’
3642 764 3720 811 καὶ
3758 760 3876 833 ὑμεῖς

564 888 909 947 quaquam;
945 874 999 925 te
1045 881 1184 922 vero
1242 877 1417 920 nares
1463 859 1874 917 occludentem
1923 853 2166 910 vidente:

2324 853 2482 912 οὕτως
2512 868 2527 884 ·
2571 851 2910 923 ὀσφραίνεσθε
2935 854 3021 907 τὴν
3054 844 3327 901 δυσωδίαν
3378 855 3467 899 τοῦ
3510 852 3698 920 κόσμου
3727 851 3805 915 ;οἱ
3830 846 3876 901 δὲ

565 963 817 1019 fecimus
837 964 895 1015 et
920 972 1029 1013 nos
1058 953 1367 1023 similiter;
1396 965 1508 1006 nos
1535 949 1698 1004 enim
1730 947 2017 1002 foetorem
2047 958 2167 997 mul

2326 937 2464 995 εἷπον
2496 957 2507 970 ·
2541 940 2690 1011 οὐχὶ,
2743 938 2871 991 ἀλλὰ
2910 940 2966 991 σε
3014 934 3213 997 ἰδόντες
3271 936 3586 1009 ἐποιήσαμεν
3635 941 3718 989 καὶ
3754 938 3880 1009 ἡμεῖς

566 1053 794 1108 danum
814 1047 1061 1103 minime
1079 1043 1391 1103 sentimus,
1421 1038 1615 1094 solum
1644 1040 1845 1092 autem
1875 1034 2168 1089 animarui

2327 1030 2490 1089 οὕτως
2522 1046 2534 1058 ·
2588 1024 2733 1100 ἡμεῖς
2782 1029 2882 1098 γὰρ
2935 1034 3030 1088 τῆς
3089 1021 3368 1086 δυσωδίας
3423 1031 3513 1077 τοῦ
3568 1029 3753 1097 κόσμου
3803 1025 3880 1077 οὐκ

565 1138 965 1214 peccatricum
990 1134 1275 1191 foetorem
1299 1127 1733 1185 subolfacimus
1758 1141 1771 1191 ;
1794 1124 1924 1196 pari
1942 1120 2124 1177 modo
2149 1136 2167 1176 ε

2328 1119 2703 1190 αἰσθανόμεθα,
2775 1115 2902 1167 ἀλλά
2963 1122 3056 1176 τῆς
3110 1113 3381 1187 ὀζομενίας
3436 1121 3534 1166 τῶν
3583 1113 3759 1186 ψυχῶν
3801 1122 3882 1165 τῶν

567 1236 634 1285 tu
662 1226 971 1285 cadaveris
1026 1224 1196 1279 istius
1251 1220 1539 1276 foetorem
1571 1214 1884 1272 aversaris.
1938 1211 2082 1267 Dicit
2106 1209 2165 1264 ill

2331 1208 2644 1284 ἁμαρτωλῶν
2703 1205 3052 1277 ὁσφαινόμεθα
3111 1209 3283 1277 μόνον,
3336 1204 3389 1255 ὃν
3447 1208 3631 1275 τρόπον
3693 1206 3751 1255 σὺ
3807 1208 3883 1261 τήν

572 1333 753 1374 senex
782 1336 794 1376 :
826 1317 1045 1370 Notum
1076 1310 1221 1366 mihi
1271 1309 1466 1372 tacite,
1498 1320 1749 1378 quaeso,
1787 1308 1984 1357 utrum
2014 1301 2074 1355 in
2104 1298 2174 1353 ha

2331 1294 2605 1352 δυσωδίαν
2658 1303 2749 1348 τοῦ
2805 1297 3135 1367 θνησημαίου
3190 1296 3374 1346 τούτου
3424 1291 3884 1366 ἀποστρέφη.καὶό

569 1408 691 1463 vita
704 1405 792 1461 vel
812 1410 947 1477 post
964 1406 1215 1457 mortem
1237 1398 1523 1453 foetidam
1548 1398 1932 1465 peccatorum
1953 1390 2171 1445 animai

2328 1392 2490 1462 γέρων
2522 1386 2656 1456 λέγει
2685 1384 2864 1445 αὐτοῖς
2893 1401 2904 1412 ·
2938 1387 3232 1458 γνωρίσατέ
3272 1402 3383 1455 μοι,
3415 1381 3711 1453 παρακαλῶ,
3741 1388 3886 1433 τοῦτον

569 1471 884 1553 sentiatis?
938 1494 1001 1547 Et
1025 1487 1337 1562 quomodo
1390 1485 1540 1541 inter
1572 1487 1955 1555 peccatorum
1986 1478 2171 1534 anima

2330 1485 2424 1537 τῆς
2452 1471 2732 1534 δυσώδους
2760 1472 2947 1545 ψυχῆς
2975 1481 3072 1524 νῶν
3112 1471 3429 1545 ἁμαρτωλῶν
3463 1474 3511 1523 ἓν
3541 1478 3597 1542 τῇ
3630 1471 3727 1542 ζωῇ
3757 1472 3886 1539 ταύτῃ

568 1584 720 1650 illas,
745 1598 901 1655 quae
921 1582 981 1636 in
1014 1579 1334 1635 Dominum
1357 1572 1756 1636 crediderunt,
1782 1569 1860 1625 ab
1883 1567 2081 1639 impiis
2100 1581 2170 1622 no

2333 1566 2639 1629 αἰσθάνσθε,
2674 1564 2702 1622 ἡ
2736 1565 2867 1634 μετὰ
2908 1563 3124 1614 θάνατον
3160 1578 3174 1629 ;
3205 1565 3295 1612 καὶ
3343 1568 3450 1622 πῶς
3505 1562 3594 1620 τὰς
3622 1558 3787 1631 ψυχὰς
3810 1565 3890 1609 τῶν

570 1648 949 1730 credentibus
970 1665 1342 1738 dignoscatis
1362 1662 1391 1717 ‘i
1418 1662 1484 1717 Id
1510 1660 1658 1717 mihi
1678 1659 1874 1722 dicite,
1904 1658 1949 1711 si
1968 1656 2172 1727 gratia:

2334 1653 2670 1728 ἁμαρτωλῶν,
2732 1660 2838 1711 πῶς
2897 1648 2956 1703 δὲ
3014 1659 3084 1721 τῷ
3133 1655 3295 1724 κυρίῳ
3348 1653 3770 1713 πεπιστέυκότων,
3812 1655 3890 1697 τῶν

570 1763 736 1836 apud
778 1775 889 1816 vos
948 1759 1303 1814 consecutus
1364 1752 1597 1809 fuerim.
1634 1748 1916 1804 Dixerunt
1973 1760 2052 1800 an
2083 1742 2172 1813 gel

2291 1767 2302 1816 ι
2335 1742 2552 1807 ἀσεϐῶν,
2582 1750 2682 1794 τῶν
2722 1745 2792 1812 μὴ
2842 1745 3260 1793 πεπιστευκότων
3296 1735 3537 1812 [δηέρετε
3576 1736 3714 1811 (1)];
3749 1739 3893 1789 εἴπατε

570 1850 875 1913 Ausculta,
906 1848 1085 1904 electe
1112 1845 1212 1900 Dei
1242 1841 1475 1900 Macari.
1506 1838 1805 1895 Peccatrix
1837 1836 2042 1891 anima
2074 1834 2172 1887 dui

2332 1854 2442 1906 μοι,
2505 1832 2548 1884 εἰ
2602 1830 2746 1903 εὖρον
2790 1832 2953 1903 χάριν
3006 1828 3219 1882 ἐνώπιον
3274 1830 3414 1901 ὑμῶν
3445 1848 3457 1860 ·
3514 1831 3600 1880 καὶ
3629 1829 3675 1878 οἱ
3718 1825 3894 1897 ἄγγελοι

570 1944 769 2001 adhuc
790 1941 850 1995 in
881 1950 1130 2007 corpore
1169 1935 1391 1995 manet,
1435 1927 1727 1984 malarum
1762 1925 2069 1981 actionum
2097 1921 2172 1977 foe

2333 1919 2473 1975 εἷπον
2507 1938 2519 1951 ⁸
2556 1922 2804 1985 ἄκουσον,
2839 1917 3038 1971 ἐκλεκτε
3067 1926 3157 1971 τοῦ
3204 1924 3337 1970 Θεοῦ
3381 1919 3618 1989 Μακάρει
3648 1933 3661 1945 ·
3692 1917 3719 1973 ἡ
3757 1914 3894 1987 ἁμαρ-

570 2040 758 2090 torem
785 2026 997 2083 emittit
1025 2022 1353 2096 quendam,
1410 2025 1544 2091 post
1577 2020 1831 2072 mortem
1860 2028 2002 2068 vero
2032 2010 2172 2081 majc

2332 2011 2488 2071 τωλὸς
2529 2010 2683 2081 ψυχῂ
2717 2013 2806 2061 καὶ
2854 2010 2931 2060 En
2971 2003 3107 2059 οὖσα
3150 2009 3199 2059 ἐν
3232 2014 3300 2077 τῷ
3353 2012 3561 2078 σώματι
3595 2009 3680 2064 τὴν
3706 2012 3794 2055 τῶν
3819 2021 3892 2053 κα-

570 2138 700 2179 rem
731 2117 939 2175 multo.
965 2112 1241 2169 Actiones
1262 2090 1427 2165 enim
1452 2123 1598 2163 suae
1620 2104 1888 2162 animam
1910 2099 2172 2157 manifes

2332 2109 2433 2153 κῶν
2459 2100 2690 2173 πράξεων
2717 2094 2947 2158 ὀζωδίαν
2967 2093 3286 2161 ἀποδίδωσι,
3322 2099 3455 2168 μετά
3479 2092 3536 2148 δὲ
3560 2097 3759 2147 θάνατον
3785 2090 3891 2145 πολὺ

570 2201 1214 2284 prementes,tenebras
1230 2199 1310 2255 illi
1324 2200 1680 2267 nigramque
1697 2194 1986 2249 inducunt
2000 2189 2172 2244 dican

2333 2189 2480 2242 πλέον
2514 2209 2525 2222 '
2566 2197 2665 2240 τῶν
2716 2190 2817 2261 γὰρ
2849 2186 3082 2262 πράξεων
3139 2192 3364 2258 φανερῶς
3422 2183 3741 2257 ἐπικειμένων
3782 2180 3888 2250 αὐτῇ

571 2302 787 2358 Anima
817 2296 976 2350 enim
1008 2308 1081 2347 ex
1106 2297 1323 2345 natura
1349 2302 1460 2341 sua
1489 2284 1691 2340 lucida
1713 2288 1770 2337 et
1796 2296 1949 2352 pura
1977 2284 2085 2343 est,
2118 2278 2173 2331 in

2335 2287 2585 2331 σκοτοῦσι
2627 2282 2714 2329 καὶ
2766 2276 3008 2348 μελανίαν
3067 2272 3223 2332 δίκην
3280 2274 3409 2346 αὐτῇ
3463 2270 3888 2348 περισήπουσιοή

572 2386 842 2446 mortalis
865 2384 1087 2456 quippe
1109 2379 1260 2434 lucis
1282 2377 1587 2447 spiramen
1614 2390 1627 2440 ;
1664 2372 1724 2427 in
1745 2385 1994 2442 corpore
2019 2371 2174 2423 aute:

2333 2372 2433 2443 γὰρ
2464 2368 2619 2439 ψυχὴ
2648 2366 2767 2418 καθ’
2807 2366 2994 2424 ἑαυτὴν
3033 2368 3248 2436 φωτεινὴ
3300 2368 3388 2415 καὶ
3432 2365 3637 2436 καθαρά
3673 2364 3814 2427 ἐστιν⁹
3842 2360 3892 2416 ὡς

572 2477 790 2552 posita,
825 2452 1054 2527 si—illud
1087 2468 1237 2523 bene
1255 2480 1376 2520 non
1400 2463 1712 2533 gubernet,
1744 2476 1779 2515 a
1810 2464 2056 2531 peccato
2078 2472 2174 2527 qui

2334 2466 2427 2511 τοῦ
2458 2457 2716 2510 ἀθανάτου
2767 2460 2932 2527 φωτὸς
2985 2453 3309 2526 ἔμφύσημα·
3351 2453 3484 2506 ἀλλὰ
3534 2452 3581 2504 ἐν
3624 2460 3691 2522 τῷ
3720 2455 3891 2520 σώματι

575 2540 909 2623 dammodo
940 2558 1243 2631 polluitur,
1276 2555 1394 2609 ista
1423 2553 1670 2624 quidem
1704 2549 1919 2618 magis,
1956 2546 2057 2601 illa
2087 2560 2177 2600 ver

2333 2552 2597 2619 γινομένη,
2649 2550 2739 2597 καὶ
2796 2549 2867 2616 μὴ
2910 2543 3075 2603 καλῶς
3123 2543 3251 2595 αὐτὸ
3293 2542 3618 2608 κυϐερνῶσα,
3658 2540 3890 2612 μολύνεται

576 2655 797 2712 minus.
823 2646 1139 2717 Quomodo
1165 2649 1363 2701 autem
1395 2645 1633 2697 animae
1655 2656 1685 2694 e
1717 2636 2073 2708 corporibus
2102 2641 2178 2691 tai

2334 2639 2469 2689 κατά
2514 2640 2668 2711 μέρος
2721 2632 2776 2686 ἐκ
2806 2641 2901 2695 τῆς
2931 2632 3212 2707 ἁμαρτίας,
3248 2634 3274 2691 ἱ)
3310 2636 3399 2704 μεν
3430 2631 3655 2700 πλέον,ἠ
3690 2626 3742 2681 δι
3776 2627 3891 2679 ἔλατ-

575 2715 1053 2811 ﬁdeliumquam
1083 2732 1417 2789 inﬁdelium
1445 2730 1796 2791 liberantur,
1825 2725 1991 2793 audi,
2022 2730 2081 2781 et
2110 2731 2177 2780 tei

2334 2745 2419 2778 τον
2449 2742 2461 2754 ·
2492 2729 2549 2777 τό
2591 2722 2650 2777 δι
2679 2732 2787 2785 πῶς
2815 2725 2869 2774 αἱ
2898 2721 3078 2793 ψυχαί
3117 2720 3171 2772 ἐκ
3219 2729 3319 2774 τῶν
3367 2722 3620 2794 σωμάτων
3648 2715 3890 2790 λαμϐάνον-

575 2832 788 2890 restria
838 2843 945 2883 seu
994 2822 1263 2893 vulgaria
1310 2818 1661 2875 coelestibus
1710 2816 1959 2872 omnino
1991 2814 2177 2869 minor

2334 2835 2422 2868 ται
2451 2823 2649 2869 πιστῶν
2680 2832 2733 2866 τε
2770 2817 2861 2865 καὶ
2892 2811 3146 2876 ἀπίστων,
3176 2812 3426 2877 ἄκουσον,
3472 2815 3559 2862 καὶ
3589 2811 3774 2861 πάντων
3804 2802 3892 2855 ἐπί-

578 2937 708 2980 esse
736 2924 933 2992 putes,
956 2914 1189 2972 Macari.
1214 2906 1742 2978 Quemadmodum
1759 2905 1919 2960 enim
1938 2920 1973 2959 a
1993 2910 2180 2959 terren

2334 2906 2507 2977 γειαῆ
2561 2907 2710 2957 κοινὰ
2762 2901 3059 2974 ἐλαχίστων
3091 2901 3167 2972 (2)
3227 2909 3326 2953 τῶν
3384 2901 3696 2975 ἐπουρανίων
3743 2893 3892 2967 νόμιζε

576 3026 717 3083 rege
731 2984 888 3065 missi
902 3022 972 3061 sa
1000 3002 1206 3059 tellites
1219 3000 1297 3056 ad
1310 2995 1859 3070 apprehendendum
1872 2994 2119 3065 aliquem
2133 3009 2178 3047 ει

2337 2994 2488 3061 εἶναι,
2520 2996 2757 3067 Μακάριε
2791 3010 2803 3024 ·
2837 2994 3009 3065 ὥσπερ
3050 2992 3151 3061 γὰρ
3180 2988 3236 3041 ἐκ
3284 2996 3377 3042 τοῦ
3410 2992 3638 3062 ἐπιγείου
3671 2984 3893 3059 βασιλέως

576 3080 983 3175 pervenientes
1012 3091 1106 3148 vel
1157 3089 1405 3145 invitum
1458 3085 1904 3153 constringunt;
1937 3084 2046 3138 iste
2085 3098 2178 3138 ver

2290 3125 2299 3176 :
2338 3084 2768 3155 ἀποστελλόμενοι
2800 3088 3119 3155 στρατιῶται
3162 3082 3247 3132 ἐπὶ
3292 3088 3365 3150 τῷ
3394 3080 3733 3153 παραστῆσαί
3780 3091 3892 3138 τινα,

2346 3175 2372 3178 η
2408 3177 2414 3178 ,
2731 3176 2736 3178 .
3041 3174 3049 3178 .
3102 3172 3109 3178 .
3282 3172 3291 3178 .
3401 3173 3411 3178 -
3489 3171 3506 3178 -
3528 3169 3551 3178 .-
3802 3164 3811 3173 ο
3858 3157 3883 3178 δ’

576 3157 789 3249 timore
824 3183 1041 3249 tremit,
1070 3182 1392 3253 ipsamque
1423 3176 1676 3232 militum
1733 3173 1810 3230 ad
1853 3173 1963 3227 iter
2017 3171 2076 3226 vi
2107 3177 2178 3226 ira

2292 3157 2561 3233 ’ἐλθόντες
2618 3176 2932 3243 συνέχουσιν
2991 3172 3147 3221 αὐτὸν
3210 3172 3300 3221 καί
3345 3173 3421 3241 μὴ
3483 3169 3684 3222 θέλοντα
3727 3180 3742 3195 ⁶
3793 3157 3894 3213 ὁδε

576 3277 849 3336 hentium
862 3269 1268 3346 praesentiam
1289 3263 1681 3321 exhorrescit:
1703 3262 1835 3334 pari
1857 3260 2061 3325 modo,
2084 3275 2178 3314 cui

2336 3267 2700 3319 καταπτήσσει
2730 3263 2819 3332 μὲν
2845 3268 2917 3330 τῷ
2947 3258 3105 3332 φόϐῳ,
3140 3263 3309 3331 τρέφει
3358 3254 3420 3310 δὲ
3477 3263 3566 3310 καὶ
3615 3260 3699 3315 τὴν
3732 3270 3896 3325 παρου-

575 3343 889 3424 mittuntur
915 3358 1113 3429 angeli
1144 3357 1411 3412 animam
1453 3369 1556 3408 seu
1585 3351 1726 3422 justi
1756 3365 1859 3404 seu
1889 3348 2090 3418 injusti
2120 3363 2177 3402 ac

2339 3357 2456 3404 σίαν
2487 3360 2586 3403 τῶν
2628 3350 2954 3419 ἀσυμπαθως
2982 3352 3109 3423 πρὸς
3156 3352 3250 3406 τὴν
3295 3343 3603 3420 ὁδοιπορίαν
3641 3345 3854 3397 ἑλκόντων
3882 3355 3894 3372 ·

573 3451 820 3527 cepturi,
845 3428 1057 3505 timore
1083 3445 1279 3500 tremit
1302 3442 1757 3512 ista,ipsamque
1783 3436 2135 3492 terribilium
2168 3455 2175 3487 ι

2336 3441 2471 3493 οὕτω
2525 3444 2615 3491 καὶ
2667 3440 2789 3490 ὃταν
2844 3436 3213 3489 ἀποσταλῶσιν
3257 3436 3477 3507 ἄγγελοι
3505 3428 3799 3509 παραλαϐεῖν
3820 3432 3895 3485 τὴν

571 3523 1019 3600 inclementium
1039 3533 1391 3603 angelorum
1418 3528 1821 3601 praesentiam
1840 3525 2172 3581 exhorresci

2334 3527 2540 3601 ψυχὴν,
2575 3532 2674 3579 εἴτε
2702 3524 2912 3579 δικαίου
2944 3530 3043 3579 εἴτε
3084 3524 3419 3598 ἀμαρτωλοῦ,
3462 3528 3803 3581 καταπτήσσει
3840 3523 3896 3585 τῷ

571 3635 733 3689 Tunc
756 3627 925 3685 facile
956 3624 1118 3681 enim
1145 3620 1324 3678 sentit
1372 3619 1576 3675 anima
1605 3617 1848 3671 inanem
1874 3631 2023 3683 esse,
2060 3613 2173 3669 deb

2333 3617 2490 3689 γόϐῳ,
2543 3622 2633 3669 καὶ
2670 3621 2858 3695 Δτρέμει
2901 3620 2995 3675 τήν
3043 3619 3335 3687 παρουσίαν
3402 3624 3506 3668 τῶν
3559 3612 3771 3687 φοϐερῶν
3823 3608 3897 3657 καὶ

571 3722 689 3778 lem
720 3736 790 3777 ac
818 3714 1083 3773 inutilem
1116 3711 1366 3769 omnino
1392 3708 1753 3767 divitiarum,
1803 3710 2173 3775 cognatorum

2336 3706 2607 3779 ἀποτόμων
2640 3704 2865 3777 ἀγγέλων
2896 3722 2908 3733 ·
2942 3706 3142 3776 καθορᾷ
3183 3707 3284 3777 γὰρ
3315 3708 3434 3759 τότε
3482 3706 3511 3763 ἠ
3548 3702 3691 3775 ,ιυχή
3735 3699 3897 3768 ἄπορον

574 3818 753 3883 atque
766 3807 1099 3865 amicorum
1117 3801 1387 3874 copiam;
1413 3794 2134 3865 adstantiumlachrymas
2153 3809 2176 3848 ε

2334 3801 2423 3849 καὶ
2470 3796 2657 3854 ἀσθενῆ
2710 3800 2796 3847 καὶ
2865 3792 3091 3865 ἀνωφελῆ
3137 3795 3381 3847 πάντοθεν
3433 3798 3527 3852 τήν
3562 3798 3650 3845 τοῦ
3703 3787 3896 3840 πλούτου

571 3900 820 3958 haenias
885 3896 1077 3952 videt:
1148 3893 1282 3964 ipsa
1345 3905 1485 3945 vero
1548 3903 1623 3942 ne
1688 3885 1941 3941 verbum
2010 3884 2173 3939 mutii

2334 3891 2423 3939 καὶ
2456 3893 2716 3957 συγγενῶν
2768 3887 2859 3935 καὶ
2901 3882 3057 3955 φίλων
3106 3888 3423 3954 παρουσίαν,
3478 3885 3541 3934 τὰ
3595 3876 3789 3951 δάκρυα
3824 3874 3898 3923 καὶ

571 3995 783 4065 potest,
809 4004 947 4044 cum
964 3996 1279 4055 nunquam
1293 3986 1472 4036 antea
1486 3976 1783 4033 eiusmodi
1805 3974 2173 4030 evocatione:

2333 3979 2449 4037 τοὺς
2482 3977 2697 4049 θρήνους
2725 3982 2823 4025 τῶν
2873 3976 3227 4045 περιεστώτων
3276 3971 3604 4035 αἰσθάνεται,
3645 3970 3728 4019 καὶ
3764 3960 3898 4017 λαλῆ-

570 4056 813 4152 experta
827 4076 1001 4131 fuerit
1018 4090 1031 4140 ;
1046 4073 1192 4145 quin
1209 4075 1265 4126 et
1278 4068 1571 4124 inﬁnitam
1587 4066 1743 4121 vitae
1760 4063 2172 4133 longitudinem

2336 4085 2426 4117 σαι
2456 4066 2486 4123 ἦ
2549 4064 2751 4132 ἀφιέναι
2804 4066 2972 4135 φωνήν
3020 4060 3078 4113 οὐ
3140 4056 3383 4125 δύναται,
3446 4056 3707 4133 μηδέποτε
3748 4069 3902 4124 πειρα-

569 4168 991 4235 diversamque
1017 4162 1171 4216 vitae
1218 4154 1620 4214 instituendas
1662 4152 1954 4208 rationem
1987 4150 2171 4206 metui

2336 4156 2521 4207 σθεῖσα
2544 4155 2758 4224 τοιαύτῃ
2792 4152 2994 4217 κλήσει,
3039 4146 3246 4203 δέδοικε
3292 4146 3350 4202 δὲ
3380 4155 3474 4202 καὶ
3522 4152 3582 4202 τὸ
3604 4148 3799 4217 ἄπειρον
3823 4146 3900 4196 τῆς

570 4222 959 4312 Dontristatur
1007 4250 1188 4304 etiam
1247 4244 1675 4316 praesentium,
1732 4256 1991 4311 quorum
2050 4238 2172 4309 [Pag

2330 4237 2461 4293 ὁδου
2490 4246 2578 4293 καὶ
2605 4245 2699 4299 τὴν
2737 4222 3023 4311 νίναλλαγὴν
3076 4248 3165 4300 τῆς
3204 4236 3481 4311 διαγωγῆς
3514 4259 3527 4272 ·
3570 4239 3829 4306 συνέχεται
3854 4222 3899 4279 δὲ

571 4341 700 4415 259]
721 4340 887 4397 estin
918 4339 1231 4410 potestate,
1276 4332 1629 4402 angelorum
1657 4329 2058 4384 inclementia.
2085 4330 2173 4383 On

2329 4334 2417 4381 καὶ
2468 4336 2531 4402 τῇ
2585 4338 2682 4381 τῶν
2741 4331 3008 4404 ὁρωμένων
3064 4328 3333 4401 ἀρχόντων
3361 4329 3899 4401 ἀσυμπαθείᾳ’προσ·

569 4431 749 4487 nibus
777 4428 921 4501 quin
951 4427 1132 4481 etiam
1163 4420 1546 4493 compatitur,
1578 4418 1813 4489 ipsique
1840 4416 2105 4489 corporis
2133 4416 2171 4470 il

2328 4420 2530 4490 πάσχει
2579 4416 2637 4471 δὲ
2676 4424 2765 4471 καὶ
2810 4423 2940 4494 πρὸς
2983 4420 3177 4480 πάντας
3203 4419 3302 4490 (3),
3339 4424 3431 4471 καὶ
3469 4426 3532 4490 τῇ
3576 4422 3664 4469 τοῦ
3691 4416 3902 4483 σώματος

570 4496 852 4578 fortunio.
868 4514 1124 4586 Hujusce
1140 4509 1579 4583 separationem
1594 4506 1773 4571 dolet,
1790 4506 1867 4561 ab
1885 4521 1954 4560 eo
1970 4505 2172 4576 quippt

2331 4506 2624 4580 συμϐιώσει
2652 4526 2664 4537 ·
2698 4514 2789 4561 καὶ
2818 4511 2994 4582 θρηνεί
3014 4513 3108 4567 τὴν
3152 4510 3339 4561 τούτου
3372 4505 3672 4569 οἷπόζευξιν,
3702 4503 3761 4560 ὡς
3804 4496 3900 4548 τού·

567 4609 663 4667 cui
698 4608 933 4681 jamdiu
964 4599 1293 4666 consuevit,
1339 4598 1664 4669 disjuncta,
1698 4611 1831 4650 cum
1880 4595 2120 4650 unicam
2147 4612 2169 4650 ε

2325 4617 2415 4650 του
2447 4600 2494 4649 ἐν
2526 4600 2777 4669 συνηθείᾳ
2818 4598 3151 4671 χωριζομένη
3187 4614 3200 4627 ·
3243 4601 3367 4669 μίαν
3422 4600 3513 4649 καὶ
3568 4599 3723 4667 μόνην
3760 4603 3900 4659 παρα·

568 4700 762 4758 solam
810 4693 1302 4756 consolationem,
1353 4703 1509 4760 quae
1562 4702 1634 4741 ex
1664 4683 1909 4757 propria
1954 4684 2170 4739 exoritr

2325 4689 2516 4758 μυθίαν
2556 4692 2626 4758 μὴ
2676 4684 2934 4759 δυναμένη
2967 4689 3107 4759 ἔχειν
3136 4685 3190 4738 ἐκ
3218 4694 3310 4739 τοῦ
3349 4685 3546 4739 οἰκείου
3579 4674 3894 4736 συνειδότος·

564 4786 950 4856 conscientia,
979 4783 1197 4839 habere
1215 4794 1336 4835 non
1358 4774 1568 4849 possit,
1589 4774 1702 4829 nisi
1729 4773 1923 4828 bonas
1946 4772 2166 4830 actioni

2326 4776 2369 4828 εἰ
2424 4782 2494 4847 μὴ
2539 4775 2621 4829 ἐὰν
2666 4776 2831 4829 καλῶν
2882 4779 3042 4850 ἔργων
3090 4774 3277 4848 πρᾴξιν
3344 4771 3499 4833 ἰαυτῆ
3559 4765 3825 4826 σύνοιδεν·
3876 4760 3895 4816 ί]

562 4879 819 4936 coluisse
845 4854 957 4930 sibi
975 4871 1214 4928 conscia
1235 4868 1426 4923 fuerit.
1445 4863 1604 4921 Talis
1626 4863 1831 4918 anima
1852 4861 2033 4917 etiam
2056 4868 2164 4918 anti

2323 4869 2537 4923 τοιαύτη
2593 4864 2747 4936 ψυχὴ
2795 4870 2884 4916 καὶ
2938 4868 3038 4938 πρὸ
3068 4873 3161 4925 τῆς
3208 4863 3517 4937 ἀποφάσεως
3567 4867 3655 4914 τοῦ
3704 4854 3897 4929 χριστοῦ

561 4983 748 5041 quam
786 4965 1029 5020 sistatur
1055 4958 1263 5032 judici,
1288 4972 1325 5013 a
1347 4952 1713 5011 conscientia
1743 4968 1852 5008 sua
1872 4951 2163 5008 indesinet

2326 4953 2425 5006 ἀπὸ
2456 4961 2546 5006 τοῦ
2579 4952 2879 5015 συνειδότος
2904 4949 3255 5015 ἀδιαλείπτως
3285 4958 3518 5027 κρίνεται
3553 4968 3565 4981 ·
3591 4951 3677 5001 καὶ
3702 4946 3726 4997 ὁ
3757 4937 3898 4996 ἁϐϐᾶς

560 5029 647 5114 ter
671 5054 995 5126 judicatur.
1028 5029 1174 5105 Dicit
1201 5047 1416 5102 iterum
1464 5042 1657 5098 abbas
1687 5041 1975 5099 Macarius
2007 5060 2019 5095 :
2051 5041 2162 5097 ltar

2322 5046 2589 5116 Μακάριος
2664 5043 2801 5115 λέγει
2845 5042 2998 5096 πάλιν
3028 5059 3041 5072 ·
3088 5047 3139 5095 τί
3163 5040 3250 5095 οὖν
3277 5060 3290 5111 ;
3319 5044 3496 5115 κύριοί
3555 5057 3674 5112 μου,
3736 5029 3900 5101 δέομαι

558 5117 741 5203 vero?
773 5138 1007 5199 Domini
1030 5137 1164 5202 mei,
1202 5136 1262 5192 id
1294 5132 1438 5190 mihi
1460 5133 1641 5189 etiam
1671 5130 2032 5202 explicatum
2062 5131 2159 5187 det

2325 5132 2488 5205 ὑμῶν,
2546 5137 2634 5185 καὶ
2668 5140 2816 5186 τοῦτο
2865 5132 3216 5207 ἑρμηνεύσατε
3255 5146 3269 5160 ⁸
3306 5128 3489 5189 ἕπειδὴ
3536 5130 3595 5181 ἐκ
3632 5132 3728 5178 τῶν
3767 5117 3900 5172 πατέ-

561 5250 688 5293 oro.
721 5226 1227 5301 Quandoquidem
1249 5240 1324 5282 ex
1351 5222 1622 5296 patribus
1653 5219 1943 5279 traditum
1973 5225 2078 5287 est,
2105 5226 2163 5277 te

2323 5241 2425 5295 ρων
2476 5218 2843 5298 παραδέδοται
2896 5224 2944 5274 ἓν
3000 5229 3061 5282 τῆ
3108 5221 3159 5296 γ’
3190 5223 3358 5297 ἡμέρᾳ
3414 5223 3508 5273 καὶ
3551 5224 3614 5276 τῆ
3659 5211 3703 5269 θ’
3727 5213 3810 5265 καὶ
3844 5211 3894 5261 τῦ

2140 5374 2392 5431 NOTAE.

640 5546 719 5621 (ί)
745 5543 1051 5621 Vox‘haec
1080 5541 1139 5597 in
1156 5541 1284 5621 _MS._
1288 5611 1309 5621 ο
1331 5536 1655 5621 δεδι-ει)θεὶ
1682 5539 1894 5621 potest.
1929 5537 2094 5621 Forte
2144 5534 2222 5592 le-

1690 5539 1894 5621 potest.
1929 5537 2094 5621 Forte
2144 5534 2222 5592 le-
2327 5534 2647 5621 “irrorat
2674 5533 2767 5592 vel
2793 5533 3292 5621 ilax’wrértpa.

567 5606 833 5695 geniith
867 5613 1223 5695 διακρίνεσθξ.
1264 5606 1454 5695 [Legit
1503 5606 1773 5695 dmips‘irlt.
1834 5606 2089 5695 Emrqn.|

1508 5606 1773 5695 indips‘irs.
1834 5606 2089 5695 Emrqn.|
2198 5680 2209 5693 ‘
2402 5606 2483 5679 (3)
2516 5608 2666 5679 Lege
2693 5626 2772 5683 πρ
2788 5610 2813 5661 ό
2829 5629 2851 5671 ς
2876 5606 2999 5674 πάν
3015 5627 3043 5662 τ
3057 5628 3110 5661 α.

638 5692 716 5772 (2)
756 5690 927 5751 Forte
993 5680 1319 5761 legendum
1369 5680 1629 5746 πάντως
1660 5684 1863 5755 ἐπίγεια
1899 5684 2006 5735 καὶ
2074 5680 2223 5731 κοινὰ
