4086 6194
248 302 363 359 389

1093 307 1179 366 DE
1217 309 1321 367 SS.
1363 309 1708 368 MACARIIS
1755 312 2116 374 AEGYPTIO
2154 319 2241 377 ET
2280 321 2812 392 ALEXANDRINO.

3517 348 3624 407 390

246 427 302 502 μ’
335 433 729 507 προσφέρεσθαι
784 441 854 506 τῷ
885 442 999 507 Θεῷ
1053 435 1104 489 ἐν
1144 445 1206 510 τῇ
1269 437 1519 512 ἐκκλησίᾳ
1554 440 1823 514 προσφορὰ

246 520 373 548 .'._'.-
428 528 523 548 --.ἡ
577 522 972 548 --Ὶμλ-ι---η---
1058 531 1107 548 _;
1152 529 1201 548 -ε
1265 531 1290 548 ρο
1332 528 1425 548 _\,,
1475 530 1487 542 ι
1637 532 1648 544 ι

1968 443 2048 499 tia
2077 449 2134 502 et
2169 462 2330 548 nona
2368 456 2924 548 etquadragesima
2962 465 3058 522 die
3097 467 3470 530 oblationem
3509 491 3619 548 pro

244 520 375 592 ὑπὲρ
427 528 524 573 τοῦ
576 522 991 590 τελευτήσαντος,
1054 531 1107 577 τί
1148 529 1208 578 τὸ
1259 528 1429 599 ὄφελος
1472 530 1524 580 ἐκ
1563 532 1750 580 τούτου
1789 536 1851 602 τῇ

246 612 573 680 μεταστάσει
626 613 703 684 (4)
758 612 913 686 ψυχῇ
965 618 1206 686 γίνεται;
1247 621 1337 668 καὶ
1379 618 1404 667 ὁ
1455 616 1674 688 ἄγγελος
1713 620 1806 689 ἔφη
1837 634 1850 648 ⁶

243 695 398 752 οὐδὲν
445 699 640 773 ἀκίρως
705 703 786 773 (5)
839 700 963 756 οὐδὲ
993 702 1259 777 ἀνωφελῶς
1288 705 1336 757 ἐν
1369 713 1430 778 τῇ
1474 705 1727 779 ἐκκλησίᾳ
1766 707 1855 758 αὑ-

240 796 332 840 τοῦ
361 796 736 863 συνεχώρησεν
767 793 792 843 6
830 796 956 854 Θεὸς
983 796 1239 865 γίνεσθαι,
1289 793 1416 847 ἀλλά
1462 798 1526 847 τὰ
1573 795 1855 868 ἐπουράνια

239 882 335 928 καὶ
372 880 444 930 τὰ
486 877 686 950 ἐπίγεια
717 880 877 934 αὐτοῦ
931 887 1204 956 μυστήρια
1255 881 1306 935 ίν
1355 892 1418 957 τῇ
1475 884 1727 956 ἐκκλησίᾳ
1765 885 1855 937 αὐ-

239 974 333 1018 τοῦ
417 975 789 1042 συνεχώρησεν
864 973 890 1022 6
950 975 1080 1035 Θεὸς
1136 975 1410 1044 γίγνεσθαι
1467 979 1557 1027 καὶ
1623 974 1854 1027 ἐκέλευσε

239 1057 504 1109 τελεῖσθαι
536 1077 549 1091 ο
585 1056 634 1109 ἐν
664 1061 766 1132 γὰρ
796 1068 859 1133 τῇ
887 1065 1038 1134 τρίτῃ
1073 1063 1245 1136 ἡμέρᾳ
1273 1068 1581 1136 γιγνομένης
1619 1082 1850 1138 προσφο,

240 1152 334 1217 ρᾶς
401 1151 452 1199 ἒν
515 1156 578 1220 τῇ
640 1148 916 1224 ἐκκλησίᾳ,
977 1155 1311 1228 παραμυθίαν
1365 1161 1456 1214 τῆς
1515 1154 1752 1226 θλίψεως,
1817 1156 1848 1212 ἧ

242 1233 591 1309 ἀπεχωρίσθη
641 1247 734 1291 τοῦ
791 1247 1049 1312 σώματος,
1105 1238 1322 1314 δέχεται
1367 1245 1396 1301 ἡ
1429 1242 1585 1316 ψυχὴ
1631 1247 1720 1316 μὲν
1763 1246 1849 1297 θα-

235 1332 405 1377 νοῦσα
441 1330 589 1399 παρὰ
631 1336 725 1380 τοῦ
770 1333 1086 1402 συνέχοντος
1117 1331 1280 1390 αὐτὴν
1324 1331 1562 1404 ἀγγέλου,
1605 1335 1684 1385 ὅτι
1713 1333 1848 1386 εῦλό·

229 1433 398 1485 γησις
446 1421 538 1468 καὶ
582 1422 859 1492 προσφορὰ
895 1421 1022 1493 ὑπὲρ
1073 1421 1236 1482 αὐτῆς
1281 1420 1328 1473 ἐν
1367 1431 1428 1494 τῇ
1473 1421 1727 1496 ἐκκλησίᾳ
1754 1431 1846 1475 τοῦ

231 1510 372 1555 Θεοῦ
421 1511 891 1579 προσκεκόμισται,
934 1513 1025 1561 καὶ
1081 1509 1280 1571 εὔελπις
1321 1515 1520 1582 γίνεται
1551 1511 1598 1563 ἐν
1637 1515 1805 1582 τούτῳ
1830 1530 1843 1544 ·

226 1593 322 1652 τὰς
351 1595 460 1663 γὰρ
492 1589 592 1646 δύο
639 1597 832 1670 ἡμέρας
886 1605 1246 1670 συγχωρεῖται
1277 1600 1306 1656 ἠ
1365 1598 1520 1670 ψυχὴ
1571 1599 1680 1672 ἅμα
1733 1606 1845 1661 τοῖς

229 1689 488 1734 συνοῦσιν
541 1683 672 1756 αὐτῇ
743 1684 984 1757 ἀγγέλοις
1037 1689 1371 1761 πορεύεσθαι,
1405 1690 1524 1740 ἔνθα
1577 1687 1838 1762 βούλεται,

1970 539 2204 626 mortuo
2235 538 2294 593 in
2320 541 2572 601 ecclesia
2593 547 2710 604 Deo
2732 551 2919 617 reddi,
2939 555 3082 626 quid
3109 558 3372 616 utilitatis
3405 538 3620 622 exinde

1967 621 2208 718 animae
2252 627 2309 682 in
2359 633 2514 687 exitu
2569 637 2863 695 redundat
2907 621 3128 701 ?—Dixit
3171 648 3422 718 angelus
3468 668 3483 707 :
3528 621 3618 710 Nil

1965 711 2365 784 inopportune
2405 736 2599 794 neque
2639 726 2917 785 inutiliter
2956 731 3013 786 iu
3049 734 3302 793 ecclesia
3340 755 3452 796 sua
3489 741 3617 799 ﬁeri

1963 804 2255 860 concessit
2296 807 2471 876 Deus,
2526 813 2805 872 coelestia
2867 834 3005 876 vero
3045 827 3102 878 et
3149 829 3384 884 terrena
3425 829 3616 901 ipsius

1963 894 2251 961 mysteria
2272 895 2334 951 in
2365 898 2614 958 ecclesia
2641 920 2752 960 sua
2777 905 2902 962 ﬁeri
2935 914 3229 970 concessit
3257 917 3412 972 Deus
3435 894 3494 974 et
3521 935 3613 976 ce-

1961 977 2178 1037 lebrari
2227 985 2424 1054 jussit.
2476 991 2664 1047 Tertio
2713 994 2872 1050 enim
2914 996 3009 1052 die
3053 999 3209 1057 facta
3255 1004 3316 1059 in
3360 1007 3613 1067 ecclesia

1961 1068 2261 1128 oblatione
2273 1073 2546 1133 levamen
2564 1079 2810 1148 doloris,
2825 1100 3004 1156 quem
3022 1103 3055 1142 a
3069 1103 3318 1162 corpore
3331 1103 3611 1167 separata

1960 1159 2155 1223 subiit,
2169 1162 2246 1216 ab
2261 1166 2675 1239 angeloipsam
2695 1159 3609 1254 apprehendeuteaccipitamma

1958 1246 2258 1316 defuncta,
2291 1255 2578 1324 quoniam
2609 1261 2936 1328 gratiarum
2977 1265 3132 1323 actio
3162 1274 3218 1323 et
3247 1246 3470 1328 oblatio
3501 1289 3610 1346 pro

1957 1335 2092 1407 ipsa
2118 1339 2177 1394 in
2200 1342 2451 1399 ecclesia
2476 1345 2572 1401 Dei
2597 1356 2888 1420 apparata
2910 1357 2998 1409 est
3017 1396 3030 1420 ,
3059 1359 3117 1411 et
3141 1356 3358 1415 exinde
3378 1335 3607 1419 bonam

1959 1441 2123 1496 spem
2155 1431 2415 1502 concipit
2444 1435 2666 1492 anima.
2702 1441 2807 1494 Per
2835 1441 2990 1496 duos
3022 1445 3181 1500 enim
3207 1446 3334 1502 dies
3366 1451 3608 1519 permit-

1957 1515 2094 1571 titur
2115 1518 2373 1587 animae,
2398 1521 2476 1578 ab
2499 1526 2725 1596 angelis
2748 1530 2836 1584 sui
2861 1532 3217 1589 satellitibus
3243 1515 3519 1609 stipatae,
3543 1541 3605 1597 in

1954 1607 2128 1672 terra,
2162 1607 2504 1682 ubicunque
2530 1613 2680 1680 velit,
2705 1616 3119 1676 obambulare.
3143 1624 3305 1688 Quae
3325 1607 3602 1698 corporis

1951 1691 2128 1764 igitur
2157 1699 2347 1754 amori
2379 1703 2722 1774 mancipata
2752 1711 2843 1761 est
2867 1706 3094 1775 anima,
3127 1711 3456 1783 aliquando
3497 1716 3602 1774 do-

225 1769 315 1822 ἒπὶ
356 1779 452 1832 τῆς
501 1781 604 1843 γῆς
632 1792 645 1806 ⁸
690 1776 721 1831 ἡ
784 1771 871 1826 οὖν
938 1775 1296 1849 φιλοσώμάτος
1339 1776 1493 1849 ψυχὴ
1550 1777 1818 1853 ἀπέρχετα

1951 1797 2140 1849 mum,
2182 1802 2217 1841 a
2264 1803 2388 1858 qua
2431 1800 2709 1862 separata
2753 1801 2859 1864 est,
2907 1797 3411 1873 circumvagatur,
3452 1820 3602 1862 non-

223 1862 356 1912 ποτε
547 1866 666 1935 περὶ
712 1865 800 1915 τὸν
848 1861 1008 1930 οἶκον,
1051 1866 1173 1918 ’ἔνθα
1221 1865 1549 1938 ἁπεζεύχθη,
1602 1872 1725 1920 ποτε
1779 1865 1838 1922 δὲ

221 1954 346 2022 περὶ
398 1953 456 2002 τὸ
487 1971 690 2023 μνημα,
751 1955 880 2006 ὅπου
908 1957 1157 2014 κατετέθη
1201 1959 1259 2008 τό
1312 1965 1482 2030 σῶμα,
1545 1963 1634 2010 καὶ
1673 1959 1836 2020 οὕτως

219 2034 422 2089 ἔκτελεῖ
470 2041 565 2100 τὰς
619 2036 716 2092 δύο
769 2042 962 2114 ἡμέρας
1021 2043 1260 2103 ζητοῦσα
1311 2046 1482 2117 ὥσπερ
1538 2048 1706 2118 ὄρνεον
1754 2046 1833 2118 (6)

219 2129 320 2183 τὴν
350 2130 534 2180 νοσιάν
567 2130 646 2199 (7)
675 2129 836 2191 αὐτῆς
867 2151 880 2163 ·
913 2133 944 2189 ἡ
981 2129 1040 2184 δε
1078 2132 1308 2205 ξνάρετος
1348 2133 1504 2205 ψυχὴ
1543 2133 1832 2207 ἀπέρχεται

218 2215 291 2276 εἰς
321 2221 541 2283 τόπους,
598 2220 726 2272 ὅπου
772 2221 886 2291 εἶχε
944 2224 1219 2280 συνήθειαν
1273 2221 1589 2298 ἐργάζεσθαι
1631 2229 1724 2283 τὴν
1752 2221 1831 2276 δι-

215 2310 510 2364 καιοσύνην
551 2327 566 2342 ο
638 2316 700 2381 τῇ
758 2305 818 2362 δε
885 2315 1029 2384 τρίτῃ
1095 2313 1266 2384 ἡμέρᾳ
1325 2312 1660 2383 [ἀνυτοῦσθαι

215 2393 416 2448 κελεύει
463 2398 610 2470 πάσῃ
659 2398 815 2471 ψυχῇ
866 2407 1194 2475 Χριστιανῶν
1247 2403 1319 2462 εἰς
1364 2401 1614 2476 οὐρανοὺς
1661 2401 1715 2454 ἐκ
1753 2422 1827 2456 νε-

214 2492 358 2556 κρῶν
406 2484 633 2550 ἀναστὰς
684 2495 747 2560 τῇ
799 2492 950 2562 τρίτῃ
1009 2491 1185 2564 ἡμέρᾳ
1242 2494 1474 2563 Χριστός
1531 2493 1557 2543 ὁ
1623 2494 1823 2544 πάντων

215 2576 365 2639 Θεὸς,
434 2577 573 2627 κατὰ
650 2579 879 2648 μίμησιν
943 2586 1037 2640 τῆς
1103 2578 1260 2631 αὐτοῦ
1332 2578 1683 2647 ἀναστάσεως,
1753 2582 1822 2643 είς

213 2666 583 2734 προσκύνησιν
639 2673 730 2718 τοῦ
794 2673 928 2719 Θεοῦ
986 2675 1085 2718 τῶν
1143 2667 1381 2720 ἁπάντων
1437 2686 1450 2699 ·
1509 2669 1678 2731 καλῶς
1734 2667 1822 2723 οὖν

210 2758 437 2823 κατέχει
465 2755 497 2812 ἡ
548 2753 801 2814 ἓκκλησία
848 2763 911 2828 τῇ
957 2762 1110 2830 τρίτη
1167 2760 1336 2833 ἡμέρᾳ
1378 2763 1676 2833 προσφορὰν
1730 2767 1819 2814 καὶ

209 2842 386 2912 εὐχὴν
410 2845 679 2896 ποιεῖσθαι
707 2845 835 2917 ὑπερ
866 2853 956 2906 τῆς
983 2846 1168 2918 ψυχῆς
1194 2865 1206 2877 ·
1250 2850 1381 2920 μετά
1428 2845 1515 2900 οὖν
1558 2853 1616 2900 τὸ
1655 2869 1818 2922 προσ-ο

209 2933 434 2989 κύνησει
497 2932 574 3004 (9)
628 2936 716 2985 τὸν
756 2937 886 2988 Θεὸν
935 2939 1134 3007 γίνεται
1175 2935 1411 3000 κέλευσις
1469 2940 1595 3012 παρ’
1633 2939 1813 3010 αὐτοῦ,

209 3021 350 3072 ὥστε
399 3017 771 3093 ἐπιδειχθῆναι
819 3023 952 3096 αὐτῇ
1001 3026 1090 3086 τὰς
1139 3021 1425 3098 διαφόρους
1461 3031 1550 3078 καὶ
1601 3031 1818 3101 τερπνὰς

1949 1886 2260 1944 nunquam
2285 1877 2692 1949 sepulchrum,
2722 1883 2781 1938 in
2804 1900 2925 1956 quo
2951 1889 3326 1946 reconditum
3354 1897 3440 1949 est
3473 1911 3600 1952 cor-

1946 1975 2058 2030 pus
2084 1983 2095 2026 ;
2128 1970 2184 2018 et
2214 1964 2291 2020 ad
2311 1965 2471 2024 hunc
2499 1970 2748 2028 modum
2774 1973 3024 2030 biduum
3048 1977 3246 2047 exigit,
3279 1987 3486 2052 portus
3518 1985 3597 2041 ad

1943 2048 2132 2106 instar
2155 2053 2414 2110 cadaver
2443 2074 2621 2114 suum
2646 2075 2962 2132 quaerens.
2991 2065 3091 2122 Pia
3120 2082 3260 2125 vero
3281 2048 3490 2129 anima
3515 2073 3595 2130 ad

1939 2137 2120 2206 locos,
2154 2141 2212 2197 in
2241 2143 2462 2215 quibus
2487 2147 2778 2217 justitiam
2811 2155 3044 2224 operari
3071 2158 3403 2226 consuevit,
3447 2159 3592 2218 abit.

1937 2227 2124 2285 Tertio
2150 2236 2351 2288 autem
2380 2234 2470 2290 die
2500 2251 2710 2292 omnes
2738 2239 3207 2302 Christianorum
3248 2248 3482 2306 animas
3509 2251 3589 2308 ad

1937 2316 2136 2372 coelos
2176 2319 2394 2377 adduci
2421 2323 2610 2394 jubet,
2652 2328 2753 2398 qui
2794 2328 2890 2385 die
2932 2333 3101 2389 tertio
3139 2351 3171 2390 e
3211 2339 3462 2393 mortuis
3500 2355 3591 2397 re-

1936 2407 2208 2476 surrexit,
2231 2409 2492 2468 Christus
2513 2415 2784 2471 omnium
2809 2419 2984 2487 Deus,
3010 2427 3070 2476 ut
3087 2427 3585 2486 resurrectionem

1933 2493 2118 2565 ipsius
2133 2497 2395 2556 imitatae
2409 2501 2870 2563 Deumomnium
2885 2514 3297 2570 creaturarum
3311 2515 3582 2574 adorent.

1935 2585 2085 2640 Bene
2115 2586 2293 2657 igitur
2320 2605 2550 2648 morem
2576 2592 2760 2650 istum
2788 2596 2999 2654 retinet
3025 2600 3302 2668 ecclesia,
3326 2607 3388 2660 ut
3418 2604 3590 2663 obla-

1931 2673 2155 2731 tionem
2187 2681 2242 2732 et
2280 2680 2609 2738 orationem
2639 2683 2738 2739 die
2779 2687 2948 2743 tertio
2987 2704 3096 2759 pro
3136 2691 3343 2748 anima
3381 2691 3585 2752 faciat.

1930 2763 2069 2818 Post
2107 2765 2424 2824 adoratum
2454 2770 2634 2838 igitur
2670 2772 2855 2830 Deum
2896 2776 2975 2832 ab
3005 2776 3106 2833 illo
3148 2781 3492 2848 mandatur,
3523 2788 3588 2842 ut

1928 2852 2166 2909 diversa
2191 2870 2568 2931 amoenaque
2595 2867 2941 2920 sanctorum
2962 2865 3306 2924 habitacula
3326 2874 3385 2926 et
3405 2886 3585 2943 para-

1928 2941 2044 2996 disi
2084 2942 2465 3014 pulchritudo
2497 2949 2733 3005 animae
2771 2955 3188 3013 ostendantur.
3223 2958 3340 3014 lsta
3377 2941 3584 3019 omnia

1928 3030 2208 3101 perdiscit
2231 3033 2436 3090 anima
2459 3052 2560 3092 sex
2591 3037 2834 3110 integris
2856 3041 3070 3098 diebus
3096 3047 3280 3102 Deum
3307 3048 3581 3105 omnium

207 3112 415 3169 σκηνὰς
443 3117 541 3161 τῶν
561 3109 720 3179 ἁγίων
746 3117 836 3164 καὶ
865 3117 960 3170 την
980 3121 1072 3166 τοῦ
1102 3111 1434 3188 παραδείσου
1467 3117 1768 3188 ὡραιότητα
1799 3138 1811 3150 ·

1934 3119 2294 3177 conditorem
2320 3123 2627 3181 admirans
2659 3109 3111 3188 eticollaudaus.
3143 3133 3247 3190 Illa
3277 3136 3483 3194 omnia
3497 3137 3584 3193 vi-

204 3204 303 3250 καί
349 3207 520 3251 ταῦτα
567 3202 740 3253 πάντα
785 3203 1170 3274 καταμανθάνει
1197 3205 1226 3262 ἡ
1281 3203 1437 3276 ψυχὴ
1498 3205 1551 3267 ἓξ
1596 3207 1818 3279 ἡμέραις

211 3289 568 3360 θαυμάζουσα
610 3294 700 3343 καὶ
747 3286 1051 3354 δοξάζουσα
1101 3295 1187 3344 τὸν
1228 3293 1568 3370 εὐτρεπιστην
1621 3297 1815 3347 τούτων

210 3381 348 3430 Θεὸν
396 3393 410 3406 '
447 3383 537 3430 καὶ
565 3386 731 3431 ταῦτα
758 3381 932 3432 πάντά
979 3382 1248 3456 θεωροῦσα
1291 3384 1320 3440 ἡ
1366 3381 1521 3454 ψυχὴ
1564 3383 1816 3456 μεταϐάλ-

204 3465 362 3518 λεται
411 3471 503 3519 καὶ
553 3466 938 3522 ἐπιλανθάνεται
991 3477 1086 3531 τῆς
1157 3469 1397 3541 θλίψεως,
1448 3472 1616 3544 ἧσπερ
1677 3472 1815 3545 εἶχεν

208 3554 259 3608 ἐν
283 3563 364 3626 τῷ
395 3561 598 3627 σώματι
627 3554 762 3611 οὖσα
793 3576 807 3590 ο
849 3558 933 3611 ἐὰν
963 3555 1022 3612 δέ
1051 3561 1164 3612 ἐστι
1195 3558 1243 3611 ἕν
1274 3559 1558 3634 ἁμαρτίαις
1589 3564 1817 3616 ὑπεύθυ-

204 3665 310 3714 νος,
374 3647 642 3720 θεωροῦσα
690 3650 781 3708 τὰς
845 3646 1156 3710 ἀπολαύσεις
1221 3658 1320 3701 τῶν
1369 3649 1532 3722 ἁγίων
1588 3652 1814 3726 ἄρχεται

206 3733 496 3787 λυπεῖσθαι
549 3741 640 3788 καὶ
684 3743 1096 3809 καταγινώσκειν
1151 3737 1360 3804 ἑαυτὴν,
1413 3739 1640 3808 λέγουσα
1681 3762 1693 3774 ·
1748 3739 1817 3795 Oi

211 3844 324 3896 μοι,
385 3833 489 3886 πῶς
536 3823 861 3898 ἱματαιώθην
901 3827 949 3879 ἕν
988 3836 1060 3898 τῷ
1112 3832 1294 3901 κόσμῳ
1339 3828 1531 3901 ἐκείνῳ,
1591 3829 1638 3882 ἓν
1698 3839 1814 3894 ταῖς

210 3913 516 3984 ἐπιθυμίαις
550 3923 640 3967 τοῦ
686 3915 809 3989 βίου
859 3916 1266 3988 ἀσχοληθεῖσα*
1324 3921 1380 3971 τὸ
1429 3919 1669 3972 πλεῖστον
1720 3930 1810 3974 τοῦ

208 4001 338 4075 βίον
373 3999 682 4063 ἐδαπάνησα
710 4005 760 4057 ἐν
783 4004 1010 4078 ἀμελείᾳ,
1044 4011 1132 4059 καὶ
1161 4011 1256 4060 οὐκ
1281 4004 1565 4060 ἐδούλὲυσα
1592 4017 1664 4079 τῷ
1695 4017 1808 4080 Θεῷ

201 4096 348 4146 κατὰ
407 4097 465 4144 τὸ
519 4098 730 4168 πρέπον,
789 4096 925 4157 ὅπως
971 4094 1116 4168 κάγὼ
1169 4096 1397 4159 ἠξιώθην
1436 4105 1529 4159 τῆς
1584 4099 1808 4171 χάριτος

201 4188 298 4235 καὶ
331 4191 430 4244 τῆς
461 4178 620 4246 δόξης
644 4186 838 4247 ταύτης
869 4204 882 4217 ο
916 4181 969 4236 οἶ
991 4205 1081 4258 μοι
1116 4193 1177 4258 τῇ
1222 4184 1396 4258 ἀθλίᾳ,
1430 4187 1505 4238 ἔτι
1534 4207 1622 4259 μοι
1671 4207 1808 4260 συμ-

203 4269 481 4323 ϐάλλονται
509 4275 564 4324 αἱ
608 4269 875 4347 φροντίδες
914 4279 1004 4326 καὶ
1034 4275 1059 4326 6
1084 4275 1264 4346 ἅκερος
1295 4274 1408 4347 (10)
1441 4281 1806 4349 περισπασμὸς

203 4361 258 4413 ὃν
317 4358 467 4433 εἶχον
537 4360 586 4413 ἔν
654 4371 726 4434 τῷ
781 4367 962 4436 κόσμῳ
1025 4377 1038 4390 ⁸
1085 4371 1186 4416 ποῦ
1253 4360 1313 4416 δέ
1367 4383 1458 4436 μοι
1508 4369 1804 4438 χρησιμεύ-

1925 3207 2075 3263 dens
2128 3211 2332 3267 anima
2382 3213 2702 3286 derepente
2752 3223 3016 3276 mutatur
3067 3225 3122 3278 et
3174 3223 3396 3280 doloris
3463 3226 3576 3293 sui,

1925 3312 2108 3368 quem
2123 3298 2179 3353 in
2198 3316 2447 3372 corpore
2465 3304 2659 3374 posita
2678 3306 3032 3376 patiebatur,
3057 3309 3447 3370 obliviscitur.
3469 3315 3572 3372 Sin

1926 3401 2066 3441 vero
2085 3390 2340 3458 peccatis
2365 3391 2628 3448 obnoxia
2651 3394 2742 3460 sit,
2772 3411 2910 3452 cum
2934 3404 3283 3457 sanctorum
3307 3403 3580 3475 volupta-

1925 3477 2012 3530 tes
2029 3476 2208 3544 videt,
2237 3479 2570 3536 contristari
2594 3483 2976 3558 seipsamque
3007 3488 3413 3548 condemnare
3435 3493 3581 3550 inci-

1924 3565 2010 3635 pit
2036 3564 2389 3635 hujusmodi
2420 3567 2540 3625 fere
2568 3571 2766 3627 verbis
2797 3589 2909 3630 usa
2941 3592 2954 3627 :
2991 3576 3088 3631 Hei
3117 3577 3263 3634 mihi
3300 3579 3312 3636 l
3347 3588 3578 3653 quanta

1923 3651 1983 3708 in
2022 3651 2120 3708 illo
2163 3658 2390 3712 mundo
2427 3656 2699 3715 laboravi
2740 3661 3002 3730 stultitia,
3043 3665 3104 3720 in
3145 3651 3575 3739 cupiditatibus

1924 3741 2080 3797 vitae
2109 3751 2422 3816 occupata.
2456 3748 2767 3805 Maximam
2803 3752 2959 3806 vitae
2990 3759 3218 3824 partem
3254 3758 3575 3815 oscitanter

1923 3830 2150 3895 decoxi,
2182 3848 2374 3905 neque
2403 3838 2539 3900 Deo,
2577 3837 2656 3892 uti
2691 3854 2799 3908 par
2828 3846 2973 3909 erat,
3004 3843 3233 3910 servivi,
3268 3849 3332 3900 ut
3356 3850 3413 3901 et
3439 3847 3572 3918 ipsa

1922 3921 2177 3989 gratiam
2209 3921 2581 3995 gloriamque
2606 3926 2782 3981 istam
2815 3943 3230 4001 consequerer.
3265 3932 3383 3988 Vae
3423 3935 3570 3991 mihi

1922 4009 2204 4075 miserae;
2235 4011 2432 4067 adhuc
2453 4013 2656 4069 animo
2689 4031 2824 4072 meo
2844 4017 3299 4077 insidentcurae
3315 4028 3374 4078 et
3400 4023 3565 4095 [Pag.

1917 4097 2046 4171 260]
2070 4099 2491 4170 intempestiva
2508 4101 2867 4171 sollicitudo,
2889 4106 3111 4178 quibus
3130 4108 3230 4165 illo
3252 4110 3312 4166 in
3336 4113 3567 4170 mundo

1917 4187 2268 4244 distinebar.
2313 4189 2465 4254 Quid
2505 4190 2650 4246 mihi
2686 4193 2810 4263 jam
2853 4203 3105 4265 prosunt
3151 4199 3370 4266 vineta,
3411 4217 3567 4274 quae

1915 4275 2199 4348 plantavi,
2241 4285 2297 4332 et
2321 4277 2536 4335 oliveta
2563 4280 2590 4334 ‘?
2620 4281 2864 4353 qualem
2896 4300 3038 4340 vero
3067 4286 3211 4342 mihi
3253 4288 3561 4346 utilitatem

1915 4366 2196 4430 conferet,
2235 4383 2417 4440 quem
2448 4370 2708 4441 possedi,
2747 4387 2890 4443 ager
2917 4372 2946 4427 ?
2990 4374 3144 4440 Quid
3181 4377 3429 4434 demum
3468 4379 3564 4434 hic

199 4469 327 4502 ουσι
377 4453 431 4502 αἱ
471 4447 780 4523 ἀμπελῶνες,
827 4451 912 4512 οὒς
961 4453 1237 4524 ἐφύτευσα,
1282 4456 1372 4505 καὶ
1421 4454 1469 4505 οἱ
1527 4452 1798 4523 ἑλαιῶνες;

1934 4454 2056 4510 nibi
2081 4455 2341 4526 proderit
2360 4457 2488 4512 auri
2509 4458 2748 4530 pondus
2762 4460 2790 4517 ?
2809 4467 2911 4518 aut
2930 4463 3105 4534 quale
3130 4465 3276 4521 mihi
3299 4483 3564 4525 commo-

198 4545 362 4591 ποίαν
441 4534 502 4591 δέ
561 4559 652 4611 μοι
703 4539 943 4612 ὠφελείαν
1003 4540 1300 4615 παρέξεται,
1373 4540 1426 4594 ὃν
1498 4540 1801 4616 ἐκτησάμην

199 4626 366 4702 ἀγρόν
397 4644 411 4694 ;
438 4632 489 4679 τί
539 4624 599 4680 δέ
638 4647 729 4701 μοι
785 4629 964 4702 ὠφελεῖ
1009 4631 1067 4681 τό
1120 4627 1316 4702 [ίθνοῦ]
1371 4631 1475 4682 εκεῖ
1523 4637 1796 4703 χρυσίον;

201 4725 352 4770 ποῖον
382 4713 442 4770 δέ
469 4735 562 4790 μοι
609 4717 779 4790 ὄφελος
823 4723 1049 4791 παρέχει
1078 4719 1103 4770 ό
1142 4717 1364 4780 πλοῦτος
1415 4717 1579 4772 ἐκεῖσε
1611 4737 1624 4786 ;
1658 4726 1709 4773 τί
1741 4719 1800 4774 δέ

196 4826 288 4878 μοι
341 4810 493 4865 ὄνησι
570 4811 674 4860 πᾶν
728 4811 942 4880 τερπνὸν
993 4815 1086 4861 τοῦ
1144 4806 1267 4881 βίου
1318 4813 1408 4861 καὶ
1466 4817 1554 4861 τοῦ
1595 4814 1796 4883 κόσμου

195 4895 390 4949 ἐκείνου
437 4914 456 4968 ς
503 4891 559 4949 οἵ
584 4913 694 4968 μοι,
749 4896 821 4960 είς
867 4897 1040 4970 μάτην
1098 4896 1354 4951 ἕκοπίασα
1402 4915 1416 4928 ο
1473 4895 1525 4950 οἶ
1549 4918 1660 4970 μοι,
1715 4901 1795 4953 ὄτι

197 4983 428 5058 ἀφρόνως
471 4983 670 5038 ἐϐίωσα
697 5002 710 5015 ⁸
745 4982 799 5038 οἶ
836 5005 946 5058 μοι,
996 4991 1090 5045 τὴν
1131 4989 1178 5039 ἐν
1231 4986 1387 5058 ὀλίγῳ
1426 4995 1592 5059 καιρῷ
1637 4984 1793 5051 δόξαν

192 5074 473 5145 ἠγάπησα,
524 5079 614 5134 τὴν
662 5074 874 5130 αἰωνίαν
926 5079 1169 5150 πτωχίαν
1222 5078 1522 5150 ἐκτησάμην
1552 5097 1564 5110 ο
1607 5072 1663 5130 οἶ
1701 5097 1791 5151 μοι

1910 4543 2057 4599 dum
2089 4545 2203 4600 hoc
2228 4544 2288 4600 in
2316 4545 2444 4601 loco
2483 4547 2716 4604 dabunt
2745 4550 2982 4607 divitiae
3020 4553 3047 4607 ?
3077 4557 3189 4610 Aut
3226 4571 3560 4627 quamnam

1910 4633 2054 4688 mihi
2075 4633 2383 4690 utilitatem
2405 4634 2662 4692 afferunt
2679 4653 2893 4695 omnes
2918 4641 3069 4697 vitae
3091 4647 3148 4697 et
3170 4644 3378 4699 mundi
3401 4645 3559 4700 illius

1903 4722 2348 4793 jucunditates?
2366 4723 2470 4779 Hei
2495 4723 2670 4783 mihil
2692 4725 2910 4783 frustra
2929 4727 3229 4797 laboravi;
3252 4731 3349 4787 hei
3375 4733 3521 4788 mihi
3545 4733 3557 4789 Ξ

1906 4812 2071 4884 quod
2119 4811 2295 4868 stulte
2331 4813 2601 4870 vixerim.
2645 4813 2745 4869 Hei
2791 4816 2982 4874 mihil
3032 4818 3228 4888 exigui
3273 4823 3560 4892 temporis

1905 4901 2157 4971 gloriam
2176 4901 2396 4967 amavi,
2419 4906 2721 4959 aeternam
2748 4911 3163 4976 paupertatem
3185 4907 3437 4964 obtinui.
3459 4911 3559 4966 Hei

1902 4989 2050 5045 mihi
2086 4990 2097 5044 l
2121 4989 2268 5062 quid
2288 5005 2473 5062 passa
2495 5007 2633 5047 sum
2655 4992 2683 5048 ?
2708 4993 2827 5048 Vae
2851 4993 2994 5050 mihi
3019 4995 3032 5050 ι
3061 4997 3372 5068 quomodo
3395 4997 3564 5055 obte.

1904 5078 2158 5137 nebrata
2181 5077 2494 5136 sum?Non
2507 5081 2649 5136 novi
2672 5097 2840 5139 sane.
2864 5085 2980 5141 Vae
2992 5085 3168 5142 mihil
3194 5086 3398 5144 Nullus
3411 5085 3557 5145 mihi

1745 5255 2001 5314 NOTAE.

250 5415 336 5493 (4)
363 5415 515 5493 Lege
544 5411 602 5493 ἦν
634 5409 712 5493 τῇ,
740 5414 1060 5488 μεταστάσει
1101 5415 1152 5490 [f
1179 5417 1551 5493 ν’μιταστάση.
1607 5421 1784 5492 Eum]

281 5486 334 5557 5)
369 5486 521 5559 Lege
558 5486 868 5560 ἀκαίρως.

275 5561 886 5652 ξρεοτεοηὸρμον.)
947 5629 1258 5652 nun“!
1324 5651 1352 5652 η
1464 5636 1474 5652 ε
1616 5651 1619 5652 ν
1719 5635 1731 5652 θ

248 5629 333 5702 (7)
363 5633 583 5709 Forsan
606 5629 776 5709 νόσος
787 5631 850 5709 rei
863 5651 910 5685 ν.
947 5631 1004 5690 Si
1029 5629 1197 5703 legas
1225 5635 1392 5709 ὄρνεον
1419 5636 1514 5693 τήν
1542 5635 1779 5701 νοσσιάν,

171 5701 378 5762 vertas
403 5702 542 5762 sicut
572 5703 689 5761 avis
716 5701 904 5763 nidum
930 5701 1214 5778 quaeram.

1971 5420 2051 5493 (8)
2105 5420 2538 5499 Vpx_haec_in
2591 5424 2718 5499 MS_._
2753 5424 2865 5499 vix
2901 5423 3018 5499 legi
3071 5429 3296 5499 potest;
3345 5429 3554 5488 forsan

1900 5491 2214 5570 ἀνοροῦσθαι
2246 5492 2503 5564 legenda
2535 5501 2644 5552 est.
2676 5495 2814 5570 [Leg
2844 5491 3259 5570 ἀνυῖροῧσθαι
3283 5491 3551 5564 Ἐοιτοιιι.

1993 5565 2232 5652 θλὶίίοςθ
2262 5565 2757 5652 προσκυνῆσαι.

1966 5565 2046 5708 (9)
2081 5565 2232 5635 Lege
2262 5575 2600 5652 προσκυνῆ

1996 5637 2080 5708 10)
2113 5638 2263 5709 Lege
2291 5656 2601 5714 ακαιρος.
