4086 6194
459 267 559 322 391

1738 261 1837 322 IO.
1888 258 2191 316 ALBERT.
2234 254 2611 314 FABRICIUS

3720 253 3819 310 392

461 390 750 449 auxilium
785 391 934 446 ferre
974 390 1185 460 potest,
1219 390 1281 442 ut
1318 389 1374 442 et
1398 401 1508 457 ego
1542 386 1722 442 etiam
1763 385 1984 442 misera
2009 386 2108 441 Do-

2228 388 2278 435 τί
2313 385 2543 436 πέπονθα
2575 401 2587 451 ;
2639 381 2758 434 οὐαί
2810 383 2918 452 μοι,
2960 387 3070 441 πῶς
3129 378 3442 437 ἐσκοτίσϐην
3481 396 3494 446 ;
3529 378 3621 431 οὐκ
3651 378 3777 432 οἶδα
3807 397 3821 412 ³

461 480 610 537 mini
627 480 879 550 gloriam
893 493 1247 549 consequar.
1269 480 1595 548 Postquam
1612 481 1798 531 totum
1813 476 1832 546 j
1846 481 2116 531 ustorum

461 571 752 641 gaudium
774 585 876 624 sex
893 567 1105 623 diebus
1125 566 1778 637 animainspectaverit,
1805 581 2013 620 rursus
2039 562 2117 618 ad

461 659 690 729 angelis
713 658 788 713 ad
806 656 1187 713 adorandum
1209 658 1390 711 Deum
1412 655 1746 709 adducitur.
1773 656 1922 708 Bene
1941 652 2118 724 igitur

459 748 710 803 ecclesia
749 747 844 802 die
876 762 1040 802 nona
1083 745 1351 814 liturgias
1395 760 1505 814 pro
1536 743 1812 798 defuncto
1853 742 2021 798 offert
2061 749 2115 797 et

459 835 830 893 oblationem
855 835 1132 891 celebrat.
1160 836 1295 888 Post
1321 832 1651 887 secundam
1678 836 1879 886 autem
1905 830 2116 886 adora-

459 925 683 982 tionem
715 941 922 980 rursus
953 924 1030 979 ab
1055 923 1326 978 omnium
1355 937 1554 976 rerum
1586 921 1837 976 Domino
1870 919 2117 975 manda-

462 1019 576 1078 tur,
601 1014 742 1070 utin
775 1014 1073 1074 infernum
1099 1012 1430 1066 deducatur
1461 1011 1683 1075 anima,
1704 1016 1760 1064 et
1781 1025 2114 1081 poenarum

457 1103 594 1159 loca
622 1102 704 1158 ibi
737 1102 951 1174 posita,
995 1101 1349 1171 diversaque
1375 1099 1702 1155 inferorum
1734 1097 2016 1163 claustra,
2059 1104 2114 1152 et

457 1191 728 1247 diversae
750 1190 828 1246 illi
849 1189 1243 1246 ostendantur
1269 1188 1589 1260 impiorum
1619 1203 1868 1259 poenae,
1893 1187 2114 1259 quibus

457 1280 789 1336 assidentes
829 1284 1212 1351 peccatorum
1247 1277 1484 1332 animae
1525 1277 1770 1332 assiduo
1801 1275 2007 1344 lugent
2044 1290 2114 1331 ac

456 1367 665 1425 dentes
707 1369 983 1423 stridunt.
1020 1370 1122 1422 Per
1160 1367 1338 1422 hasce
1380 1381 1712 1436 poenarum
1743 1365 2114 1420 diversitates

457 1457 870 1514 circumfertur
896 1457 1100 1512 anima
1156 1457 1281 1510 dies
1310 1454 1569 1525 triginta,
1621 1455 2109 1520 contremiscens,

454 1563 528 1602 ne
543 1553 598 1602 et
616 1549 750 1617 ipsa
764 1545 1010 1601 forsitan
1031 1544 1092 1600 in
1114 1544 1211 1599 illo
1229 1545 1360 1600 loco
1375 1543 1727 1599 incarcerari
1748 1544 2113 1598 condemne-

452 1640 570 1691 tur.
607 1635 706 1690 Die
737 1635 1204 1706 quadragesimo
1232 1650 1470 1688 sursum
1502 1634 1713 1688 iterum
1746 1633 1824 1688 ad
1856 1633 2111 1687 adoran-

454 1725 600 1779 dum
649 1726 832 1779 Deum
872 1723 1208 1788 reducitur;
1260 1728 1316 1778 et
1364 1727 1505 1777 tunc
1550 1722 1882 1777 secundum
1927 1738 2110 1792 opera

452 1812 612 1868 illius
641 1812 842 1867 locum
874 1811 975 1880 illi,
1008 1811 1110 1867 ubi
1135 1811 1196 1866 in
1226 1815 1536 1867 aeternum
1570 1816 1923 1878 asservetur,
1956 1811 2111 1866 indi-

452 1903 529 1958 cit
562 1901 770 1972 judex.
820 1903 971 1955 Bene
1019 1901 1194 1972 igitur
1250 1902 1310 1955 in
1364 1899 1616 1956 ecclesia
1667 1899 2002 1955 celebratur
2049 1900 2108 1956 in

451 1989 872 2046 defunctorum
900 1995 955 2044 et
985 1989 1424 2059 baptizatorum
1463 1989 1840 2044 memoriam.
1872 1991 1949 2043 De
1977 1990 2108 2044 ani-

451 2079 670 2135 mabus
685 2094 846 2144 vero,
865 2094 1023 2150 quae
1041 2094 1278 2134 sacrum
1305 2079 1604 2149 baptisma
1623 2093 1934 2148 nunquam
1952 2093 2108 2132 rece-

451 2174 684 2240 perunt,
719 2184 814 2223 res
843 2184 974 2222 sese
1017 2170 1144 2238 pari
1183 2167 1364 2222 modo
1399 2182 1519 2222 non
1566 2166 1762 2230 habet,
1799 2167 1904 2221 sed
1938 2168 1996 2221 in
2037 2183 2107 2222 eo

447 2273 592 2313 casu
628 2257 821 2328 angeli
853 2257 1240 2311 inclementes
1277 2256 1514 2311 animas
1556 2272 1675 2311 non
1709 2257 2038 2326 baptizatas
2076 2272 2107 2310 e

452 2361 701 2418 corpore
745 2345 1070 2416 accipiunt,
1104 2345 1484 2400 verberantes
1531 2344 1664 2400 illas
1693 2351 1749 2400 et
1792 2344 2055 2399 dicentes
2091 2363 2105 2398 :

444 2435 771 2500 Adesdum,
817 2434 1005 2502 impia
1038 2434 1280 2501 anima;
1313 2435 1450 2505 quis
1492 2435 1780 2488 Dominus
1818 2440 1955 2489 tuus
1985 2450 2108 2489 om-

446 2524 737 2593 niumque
777 2523 950 2586 Deus,
979 2538 1160 2594 quem
1191 2523 1339 2576 scire
1381 2521 1642 2587 noluisti,
1672 2523 1731 2576 in
1763 2522 1991 2578 mundo
2022 2539 2108 2578 se-

450 2627 596 2667 cura
637 2610 863 2680 degens
914 2610 942 2665 ‘i
995 2614 1160 2666 Nunc
1184 2626 1324 2666 vero
1372 2627 1512 2666 eum
1565 2627 1821 2682 agnosce
1855 2612 2107 2668 aeternis

446 2699 686 2756 addicta
699 2700 928 2771 poenis.
950 2699 1092 2754 Dein
1108 2701 1185 2755 ad
1198 2699 1462 2772 primum
1479 2716 1668 2772 usque
1686 2700 1918 2756 coelum
1942 2700 2106 2756 illam

447 2789 836 2853 adducentes,
883 2805 1016 2845 eam
1054 2789 1286 2854 sistunt,
1329 2788 1531 2861 illique
1577 2805 1606 2844 e
1645 2790 1975 2862 longinquo
2006 2807 2106 2845 os-

446 2879 700 2936 tendunt
713 2878 1066 2948 angelorum
1082 2879 1477 2950 omniumque
1490 2878 1838 2936 coelestium
1853 2885 2105 2952 potesta-

451 2972 577 3024 tum
608 2969 860 3040 gloriam
887 2969 1150 3023 dicentes
1180 2984 1191 3023 :
1229 2970 1481 3023 Istorum
1509 2969 1781 3024 omnium
1816 2971 2103 3026 Dominus

445 3061 533 3115 est
559 3058 728 3113 Iesus
759 3057 1023 3114 Christus
1066 3057 1162 3112 Dei
1198 3056 1317 3112 vivi
1349 3056 1530 3122 ﬁlius,
1563 3073 1745 3129 quem
1781 3075 2104 3130 agnoscere

442 3154 497 3202 et
518 3145 772 3202 adorare
801 3145 1064 3201 noluisti.
1095 3151 1295 3216 Apage
1321 3145 1542 3201 abhinc
1567 3163 1707 3202 vero
1730 3146 1806 3202 ad
1842 3149 1921 3202 tui
1945 3149 2106 3202 simi-

440 3235 526 3291 les
551 3235 771 3306 impios
791 3250 1121 3306 eorumque
1145 3234 1478 3306 principem
1507 3235 1814 3290 diabolum
1841 3236 2106 3293 abducta

439 3324 501 3379 in
516 3331 829 3380 aeternum
843 3323 1047 3392 ignem
1062 3328 1412 3393 apparatum
1431 3322 1669 3379 diabolo
1684 3331 1862 3396 atque
1876 3326 2104 3394 angelis

443 3413 594 3482 ejus,
618 3425 772 3483 quos
800 3412 858 3465 in
884 3411 1033 3465 vivis
1057 3410 1257 3466 adhuc
1281 3411 1478 3481 posita
1506 3415 1800 3483 tanquam
1832 3417 1980 3469 Deos
2002 3413 2105 3468 ad-

449 3500 655 3555 orasti.
689 3500 1014 3570 Postquam
1037 3499 1148 3554 ista
1174 3499 1463 3556 dixissent
1484 3501 1701 3571 angeli,
1733 3518 1975 3557 servum
2003 3497 2103 3557 Dei

445 3590 769 3645 Macarium
791 3589 1050 3659 amplexi
1073 3605 1102 3643 e
1132 3594 1455 3660 conspectu
1477 3596 1686 3646 nostro
1708 3597 2098 3648 evanuerunt.

440 3681 557 3735 Nos
581 3694 720 3734 vero
748 3678 1001 3750 gloriam
1029 3677 1356 3733 reddamus
1387 3679 1546 3734 Patri
1577 3686 1634 3734 et
1666 3680 1804 3735 Filio
1835 3688 1891 3736 et
1926 3682 2101 3752 Spiri-

439 3768 521 3822 tui
553 3772 760 3823 sancto
799 3783 958 3823 nunc
999 3773 1055 3822 et
1085 3768 1146 3822 in
1187 3768 1430 3824 saecula
1468 3769 1867 3824 saeculorum.
1914 3776 2100 3826 Amen

437 3875 580 3909 νοντο
633 3855 718 3928 ἀφ’
777 3858 922 3928 ἡμῶν

437 3944 516 3998 ἀεὶ
545 3950 635 3998 καὶ
666 3944 739 4008 εἰς
767 3950 889 4008 τοὺς
913 3945 1101 4009 αἰωνας
1132 3954 1231 3998 τῶν
1253 3946 1450 3999 αἰώνων
1482 3967 1495 3981 ·
1529 3946 1687 4020 ἀμήν.

2148 1742 2183 1794 Β

2138 3098 2178 3153 C

2229 474 2345 525 οὐαί
2393 492 2503 545 μοι,
2565 469 2739 533 οὐδεὶς
2785 468 3070 529 δυνήσεται
3100 477 3186 520 νῦν
3242 468 3513 541 βοηθῆσαί
3537 488 3647 540 μοι,
3688 471 3828 531 ὅπως

2227 563 2373 634 κάγὼ
2399 564 2427 620 ἡ
2464 560 2617 613 ἀθλία
2668 564 2818 632 τύχω
2875 569 2968 621 τῆς
3004 557 3164 622 δόξης
3208 566 3300 610 τοῦ
3346 563 3530 630 κυρίου
3565 573 3578 586 ·
3608 561 3738 630 μετὰ
3769 557 3828 611 δὲ

2228 657 2284 706 τό
2319 655 2580 724 θεωρῆσαι
2623 657 2798 703 πᾶσαν
2851 654 2944 707 τὴν
3000 651 3173 720 χαρὰν
3218 656 3317 700 τῶν
3367 644 3587 699 δικαίων
3627 647 3673 699 ἐν
3713 656 3830 710 ταῖς

2227 743 2279 804 ἓξ
2329 743 2567 815 ἡμέραις,
2613 739 2767 791 πάλιν
2826 737 3128 811 ἀναφέρεται
3185 738 3287 789 ὑπὸ
3333 744 3433 788 τῶν
3487 735 3711 807 ἀγγέλων
3763 737 3832 797 εἰς

2226 833 2584 903 προσκύνησιν
2613 836 2704 881 τοῦ
2757 834 2883 881 Θεοῦ
2917 847 2929 859 ·
2965 827 3132 888 καλῶς
3163 823 3249 878 οὖν
3293 829 3569 899 προσφέρει
3609 823 3657 877 ἐν
3687 834 3747 898 τῇ
3787 821 3836 878 θ’

2227 922 2396 992 ἡμέρᾳ
2461 921 2773 994 λειτουργίας
2839 922 2926 970 καὶ
2991 918 3291 992 προσφορὰν
3353 915 3632 968 ἐκτελοῦσα
3700 916 3828 987 ὑπὲρ

2225 1018 2316 1061 τοι)
2374 1009 2974 1078 τελευτήσαντοςομετὰ
3013 1004 3070 1058 δὲ
3131 1010 3224 1064 τὴν
3289 1002 3533 1079 δευτέραν
3589 1007 3824 1079 προσκύ-

2224 1118 2375 1156 νησιν
2406 1098 2558 1150 πάλιν
2596 1102 2796 1169 γίνεται
2825 1096 3058 1156 κέλευσις
3087 1098 3230 1166 παρὰ
3258 1101 3346 1146 τοῦ
3399 1096 3602 1145 πάντων
3638 1091 3831 1145 δεσπόο

2224 1208 2333 1252 του,
2381 1194 2696 1258 καταγαγεῖν
2752 1186 2912 1243 αὐτὴν
2941 1184 2988 1236 ἐν
3020 1192 3089 1255 τῷ
3133 1181 3237 1256 ᾅδῃ
3271 1186 3356 1235 καὶ
3389 1180 3558 1244 δεῖξαι
3599 1183 3728 1254 αὐτῇ
3763 1185 3831 1234 τό(

2226 1276 2390 1328 ἐκεῖσε
2419 1276 2745 1348 κολαστήρια
2789 1280 2875 1326 καὶ
2928 1270 3157 1345 διάφορα
3205 1277 3370 1344 ταμία
3403 1280 3494 1324 τοῦ
3540 1268 3693 1342 ᾅδου,
3736 1276 3830 1324 καὶ

2224 1368 2314 1425 τὰς
2353 1374 2450 1417 τῶν
2501 1364 2696 1417 ἀσεϐῶν
2747 1361 3024 1434 διαφόρους
3075 1362 3331 1425 κολάσεις,
3377 1362 3445 1422 εἰς
3490 1360 3547 1420 ἃς
3590 1380 3829 1432 παρακα-

2227 1457 2493 1525 θεζόμεναι
2541 1457 2593 1505 αἱ
2641 1453 2821 1525 ψυχαὶ
2868 1461 2968 1503 των
3019 1451 3335 1526 ἁμαρτωλῶν
3390 1447 3643 1510 διηνεκῶς
3702 1452 3828 1524 θρη-

2223 1551 2371 1594 νοῦσι
2410 1549 2498 1595 καὶ
2540 1542 2814 1616 βρύχουσι
2843 1546 2962 1602 τοὺς
2992 1538 3210 1602 ὀδόντας
3241 1558 3253 1569 ·
3283 1545 3370 1591 καὶ
3413 1538 3460 1590 ἐν
3504 1546 3618 1598 ταῖς
3644 1543 3829 1591 τοιαύ-

2222 1635 2337 1694 τᾶῐς
2392 1630 2666 1706 διαφοραῖς
2721 1640 2817 1683 τῶν
2873 1631 3135 1683 κολάσεων
3189 1633 3514 1704 περιφέρεται
3570 1630 3597 1686 ἡ
3663 1628 3821 1699 ψυχὴ

2222 1723 2391 1793 ἡμέρᾳ
2413 1723 2624 1792 (tl-12)
2655 1720 2698 1772 λ’
2718 1725 3004 1794 τρέμουσα,
3035 1724 3222 1791 μήπως
3253 1721 3353 1790 ἄρα
3385 1723 3475 1770 καὶ
3505 1717 3635 1774 αὐτὴ
3671 1716 3718 1768 ἐν
3751 1726 3826 1788 τῷ

2221 1815 2436 1882 τοιούτῳ
2504 1816 2644 1881 τόπῳ
2711 1812 3001 1883 κατακριθῇ
3049 1809 3439 1881 φυλάττεσθαι·
3501 1812 3590 1858 καὶ
3649 1814 3710 1878 τῇ
3768 1806 3831 1877 μ’

2220 1901 2389 1974 ἡμέρᾳ
2433 1900 2734 1974 ἀναφέρεται
2785 1900 2938 1950 πάλιν
2979 1906 3346 1972 προσκυνῆσαι
3393 1904 3464 1966 τῷ
3509 1901 3693 1968 κυρίῳ,
3732 1904 3827 1951 καὶ

2219 1994 2334 2041 τότε
2394 1989 2571 2050 λοιπὸν
2626 1992 2754 2061 πρὸς
2815 1992 2881 2040 τὰ
2938 1991 3065 2061 ἔργα
3121 1987 3280 2047 αὐτῆς
3347 1986 3536 2038 κελεύει
3568 1988 3594 2037 ὁ
3635 1991 3826 2058 κριτής

2219 2082 2305 2130 τόν
2337 2083 2492 2130 τόπον
2547 2086 2636 2138 τῆς
2684 2077 3059 2152 παραφυλακῆς
3095 2093 3106 2106 ·
3141 2076 3310 2135 καλῶς
3360 2075 3637 2127 ἐκτελείται
3670 2075 3721 2126 ἐν
3755 2084 3818 2147 τῇ

2220 2168 2472 2239 ἐκκλησίᾳ
2516 2175 2629 2228 ταῖς
2678 2172 2878 2236 μνείαις
2929 2173 3026 2218 τῶν
3075 2167 3464 2237 μεθισταμένων
3511 2168 3600 2216 καὶ
3655 2183 3823 2236 πεφωο

2219 2261 2470 2327 τισμένων
2501 2273 2513 2285 ·
2546 2255 2629 2308 ἐπὶ
2661 2253 2718 2308 δὲ
2760 2264 2854 2306 τῶν
2886 2255 3077 2326 ψυχῶν
3109 2262 3206 2305 τῶν
3240 2259 3310 2325 μὴ
3346 2253 3584 2324 ἐχουσῶν
3617 2253 3821 2324 βάπτι-

2221 2365 2330 2416 σμα
2359 2349 2415 2397 τό
2456 2346 2624 2416 ἅγιον,
2669 2347 2772 2416 οὐχ
2803 2345 2962 2406 οὕτως
2998 2363 3008 2373 ·
3045 2344 3173 2395 ἀλλὰ
3225 2343 3451 2413 [ἀπονοῖς
3483 2343 3619 2414 (13)]
3660 2344 3823 2413 ἄγγε-

2217 2433 2297 2486 λοι
2324 2434 2574 2506 ἀπότομοι
2616 2434 2732 2504 (14)
2764 2433 3088 2506 λαμϐάνουσι
3137 2434 3228 2494 τὰς
3267 2432 3594 2504 ἀφωτίστους
3636 2431 3823 2503 ψυχὰς

2219 2521 2320 2574 ἀπό
2377 2532 2468 2576 τοῦ
2521 2529 2784 2594 σώματος,
2844 2526 3119 2582 τύπτοντες
3175 2526 3263 2573 καὶ
3317 2520 3581 2592 λέγοντεςο
3639 2517 3818 2592 δεῦρο,

2220 2612 2411 2675 ἀσεϐὴς
2449 2613 2628 2684 ψυχὴ,
2661 2613 2788 2673 τίςό
2822 2609 3087 2672 δεσπότης
3121 2630 3214 2663 σου
3256 2615 3345 2662 καὶ
3386 2612 3586 2662 πάντων
3615 2613 3819 2684 κύριος,

2218 2702 2270 2754 ὃν
2301 2703 2394 2754 οὐκ
2447 2702 2692 2762 ἓθέλησας
2729 2709 2939 2773 γνῶναι,
2995 2703 3043 2752 ἓν
3102 2699 3268 2752 ἀνέσει
3323 2697 3592 2770 διάγουσα
3648 2699 3695 2750 ἐν
3745 2708 3821 2770 τῷ

2216 2795 2397 2863 κόσμῳ
2432 2808 2444 2856 ;
2482 2799 2568 2842 νῦν
2613 2793 2774 2862 γνῶθι
2812 2793 3169 2864 τιμωρουμένη
3217 2788 3434 2850 αἰωνίως
3467 2805 3479 2816 ·
3528 2793 3617 2840 καὶ
3651 2791 3820 2862 μέχρι

2216 2889 2306 2932 τοῦ
2344 2887 2552 2955 πρώτου
2606 2881 2824 2954 οὐρανοῦ
2876 2879 3149 2950 ἀνάγοντες
3218 2880 3400 2930 ἱστᾶσι
3466 2882 3552 2929 καὶ
3613 2873 3817 2928 δεικνῦ-

2219 2990 2300 3022 σιν
2349 2970 2479 3042 αὐτῇ
2542 2969 2596 3021 ἐκ
2649 2971 2874 3042 μήκοθεν
2931 2972 3026 3026 τὴν
3087 2964 3243 3029 δόξαν
3292 2975 3390 3018 τῶν
3446 2964 3670 3037 ἀγγέλων
3724 2972 3818 3019 καὶ

2214 3061 2417 3111 πάντων
2502 3067 2600 3111 τῶν
2671 3058 2918 3131 οὐρανίων
2998 3052 3284 3128 δυνάμεων,
3354 3055 3574 3126 λέγοντες
3617 3075 3628 3088 '
3689 3059 3818 3107 τού-

2215 3167 2313 3199 των
2367 3148 2606 3200 ἁπάντων
2672 3150 2847 3220 κύριός
2905 3144 3044 3197 ἐστιν
3094 3147 3300 3204 Ἰησοῦς
3351 3147 3586 3216 Χριστός
3624 3146 3649 3195 ὁ
3700 3146 3814 3205 υἱὸς

2213 3244 2302 3289 τοῦ
2342 3243 2475 3289 Θεοῦ
2515 3244 2606 3288 τοῦ
2660 3236 2866 3301 ζῶντος,
2921 3234 2974 3285 ὃν
3034 3234 3128 3286 οὐκ
3177 3233 3434 3293 ἠθέλησας
3485 3241 3674 3304 γνῶναι
3721 3239 3817 3286 καὶ

2213 3334 2579 3398 προσκυνῆσαι
2629 3342 2641 3356 ⁸
2701 3324 2808 3376 ἀλλ’
2875 3323 3183 3396 ἀπαχθεῖσα
3250 3327 3377 3395 πρὸς
3433 3326 3549 3383 τοὺς
3601 3325 3817 3394 ὁμοίους

2215 3413 2411 3475 ἀσεϐεῖς
2458 3419 2548 3466 καὶ
2593 3417 2678 3466 τὸν
2716 3416 2907 3467 τούτων
2954 3413 3192 3485 ἄρχοντα
3232 3415 3316 3464 τόν
3370 3407 3614 3464 διαϐολον
3654 3412 3722 3472 εἰς
3750 3416 3814 3463 τό

2212 3512 2314 3576 πῦρ
2371 3507 2429 3556 τό
2486 3503 2690 3556 αἰώνιον
2742 3507 2800 3555 τὸ
2859 3504 3240 3575 ἡτοιμασμένον
3300 3508 3372 3571 τῷ
3429 3497 3656 3572 διαϐόλῳ
3714 3505 3810 3552 καὶ

2213 3601 2322 3654 τοῖς
2374 3592 2608 3665 ἀγγέλοις
2658 3593 2838 3658 αὐτοῦ,
2885 3591 2972 3653 οὓς
3013 3590 3059 3642 ἐν
3118 3599 3188 3661 τῷ
3245 3589 3347 3662 βίῳ
3388 3609 3481 3643 σου
3537 3592 3607 3652 ὡς
3665 3592 3814 3650 θεοὺς

2214 3686 2610 3757 προσεκύνησας
2643 3703 2653 3714 ·
2684 3690 2853 3734 ταῦτα
2905 3681 3129 3741 εἰπόντες
3160 3683 3207 3732 οἱ
3246 3679 3458 3752 ἄγγελοι
3502 3684 3591 3731 καὶ
3631 3678 3808 3732 ἀσπα-

2215 3775 2427 3844 σάμενοι
2459 3777 2542 3824 τόν
2575 3769 2757 3824 δοῦλον
2808 3779 2897 3822 τοῦ
2929 3778 3063 3823 Θεοῦ
3111 3771 3403 3842 Μακάριόν,
3459 3768 3664 3842 ἀφανεῖς
3699 3768 3811 3840 ἐγέ-

972 3871 985 3886 '
1042 3855 1226 3928 ἸΙμεῖς
1284 3854 1342 3909 δὲ
1402 3854 1559 3920 δόξαν
1614 3857 1992 3932 ἀναπέμψωμεν
2047 3869 2116 3931 τῷ
2174 3866 2335 3933 πατρὶ
2400 3867 2490 3914 καὶ
2545 3870 2615 3932 τῷ
2680 3863 2775 3932 υἱῷ
2823 3865 2911 3912 καὶ
2967 3868 3039 3930 τῷ
3085 3858 3216 3930 ἁγίῳ
3262 3861 3515 3931 πνεύματι
3569 3865 3656 3910 νῦν
3715 3864 3812 3911 καὶ

1980 4063 2240 4120 NOTAE.

507 4175 712 4249 (1142)
747 4177 894 4249 Lege
925 4178 1009 4246 ἠμ
1027 4179 1088 4249 ἐρ
1109 4196 1140 4228 α
1160 4196 1198 4238 ς.

507 4248 620 4315 (13)
646 4248 765 4300 Vox
797 4247 943 4302 forte
972 4245 1271 4319 corrupta.
1302 4247 1461 4320 [Leg.
1499 4245 1719 4307 ἁπηνῶ
1741 4269 1781 4310 ς.
1813 4250 1996 4324 Eum]

2270 4184 2382 4252 (14)
2414 4183 2656 4237 Forsam
2685 4181 3003 4252 legendum
3041 4179 3166 4233 ἀλλὰ
3205 4178 3468 4252 ἄγγελοι
3517 4177 3793 4242 ἀπηνεῖς

2195 4273 2225 4304 κ
2240 4259 2301 4305 αὶ
2334 4253 2608 4325 ἀπότομοι.

909 4514 1551 4640 IOANNES
1635 4519 2387 4641 ALBERTUS
2473 4517 3243 4640 FABRICIUS

936 4825 1033 4884 SS.
1080 4826 1537 4886 MACARIORUM
1579 4827 1897 4884 AEGYPTII
1947 4830 2028 4884 ET
2075 4829 2542 4885 ALEXANDRINI
2592 4829 2773 4884 VITIS
2820 4829 2901 4884 ET
2950 4827 3249 4884 SCRIPTIS

1419 4953 1564 5010 Cum
1593 4952 1742 5009 notis
1773 4953 2042 5009 Gotllieb.
2074 4953 2484 5022 Christophori
2519 4955 2758 5010 Harles.

411 5076 501 5141 [Ιο.
534 5077 648 5128 Alb.
673 5074 896 5128 Fabricii
925 5072 1230 5127 Biblotheca
1252 5074 1573 5143 Graecasive
1591 5076 2125 5143 notitiascriptorum
2152 5083 2392 5143 veterum
2417 5078 2946 5143 graecorum._Editio
2970 5088 3112 5128 nova
3134 5090 3264 5128 cura
3286 5077 3444 5128 Gottl.
3466 5077 3777 5143 Christoph.

1417 5141 1620 5190 Harles.
1656 5142 1844 5190 Hamb.
1874 5143 2014 5200 1802,
2041 5145 2089 5190 4ο
2119 5142 2233 5192 Vol.
2267 5143 2381 5191 VIII
2486 5141 2775 5204 361—366.]

2059 5259 2128 5271 ...-

488 5331 507 5381 t
537 5326 824 5383 Macarius
844 5326 1116 5396 Magnus,
1138 5326 1466 5398 Aegyptius
1487 5327 1819 5384 monachus
1840 5331 1895 5384 et
1911 5330 2236 5401 presbyter,
2269 5329 2325 5384 S.
2341 5328 2576 5384 Antonii
2596 5327 2928 5406 discipulus
2952 5329 3051 5400 (t),
3078 5328 3360 5400 magister
3376 5329 3603 5400 Evagrii
3625 5331 3781 5387 Pon-

413 5414 530 5480 tici,
549 5415 697 5472 obiit
717 5415 777 5471 in
799 5415 1033 5471 deserto
1066 5416 1268 5478 Scithi,
1289 5414 1348 5470 in
1365 5429 1487 5486 quo
1520 5414 1598 5472 ab
1620 5431 1675 5472 a.
1709 5419 1767 5473 C.
1799 5415 1897 5472 321
1924 5423 2193 5474 versatus
2216 5422 2320 5484 est,
2355 5414 2805 5487 nonagenarius
2835 5417 2991 5474 circa
3010 5429 3065 5472 a.
3087 5417 3147 5473 C.
3171 5413 3296 5475 391.
3315 5417 3396 5472 De
3415 5429 3538 5489 quo
3556 5416 3779 5474 Socra-

482 5655 563 5733 (t)
595 5653 673 5712 Cf.
702 5653 975 5714 Lambec.
1009 5653 1239 5714 Comm.
1271 5657 1328 5714 T.
1364 5625 1480 5714 VIII
1505 5672 1648 5730 pag.
1679 5659 1786 5716 722
1819 5560 2219 5734 sqq.NH(:Ia:E.
