4058 6194
201 280 319 337 397
440 275 447 276 ί
1075 282 1167 338 DE
1205 280 1309 337 SS.
1351 279 1700 338 MACARIIS
1739 275 2097 338 AEGYPTIO
2139 281 2224 338 ET
2261 282 2799 340 ALEXANDRINO.
3520 285 3627 345 398

195 406 516 477 thegmata
541 411 596 464 et
613 407 878 465 Homiliis
896 408 1136 466 Macarii
1158 407 1467 466 subiunxit
1490 407 1786 480 God/“ﬁdus
1806 408 2100 473 Arnoldus,
2126 408 2477 482 addiditque
2497 410 2760 481 Gregorii
2783 413 2918 468 Naz.
2940 411 3274 470 orationem
3296 413 3456 469 Isive
3481 429 3630 486 apo-

195 495 528 566 logeticum
547 498 620 554 de
650 497 791 568 fuga
807 515 939 568 sua,
965 500 1214 555 Zenonis
1235 499 1587 554 Veronensis
1609 514 1949 554 sermonem
1977 499 2051 554 de
2079 498 2213 565 fide,
2251 499 2304 554 S.
2332 499 2646 569 Ephraemi
2681 516 2986 556 sermones
3017 507 3295 574 quatuor,
3328 503 3386 558 S.
3413 502 3520 559 Nili
3551 503 3622 559 li-

204 586 382 642 brum
416 588 766 656 asceticum,
785 592 844 644 et
874 589 1066 661 capita
1087 589 1464 660 paraenetica
1488 587 1613 655 229,
1642 588 1912 660 Sextique
1943 588 2264 644 sententias
2294 591 2418 653 430,
2448 588 2786 645 Emanuelis
2809 590 2970 646 Phile
2991 592 3296 662 Hymnum
3328 591 3406 648 ad
3436 592 3621 665 Spiri-

200 679 328 730 tum
360 682 669 746 sanctum,
698 682 752 734 et
783 678 994 735 Christi
1030 678 1212 744 dicta,
1245 694 1403 751 quae
1433 678 1492 732 in
1525 677 1908 749 evangelistis
1941 693 2061 732 non
2090 677 2486 748 reperiuntur.

274 765 439 836 [Pag.
464 766 591 839 365]
612 766 908 823 Nonnulla.
925 769 1153 824 Macarii
1179 770 1485 840 fragmenta
1507 784 1577 822 ex
1602 766 1824 822 Catenis
1847 768 2100 832 Patrum,
2125 772 2189 821 ut
2207 766 2566 822 Corderiana
2585 765 2645 821 in
2673 767 3052 832 Matthaeum,
3079 773 3211 835 etc.,
3241 773 3300 826 et
3320 771 3623 828 orationes

201 854 530 910 nonnullas
557 855 741 912 latine
760 856 1094 912 Franciscus
1115 857 1460 928 Combeﬁsius
1488 855 1882 912 Bibliothecae
1903 871 2047 910 suae
2073 855 2557 910 concionatoriae
2579 854 2850 919 inseruit,
2868 855 2992 928 qui,
3021 857 3083 912 de
3100 858 3181 912 his
3197 859 3502 930 disputare,
3529 861 3619 916 in-

204 944 350 1016 quit,
395 951 446 998 et
473 960 546 998 an
579 961 701 1000 vere
739 946 979 1001 Macarii
1002 947 1232 1001 senioris
1272 946 1400 1001 illae
1429 945 1699 1000 Homiliae
1734 945 1845 999 sint
1871 944 2109 1015 nihilque
2150 943 2440 1013 Pelagiani
2473 943 2720 1014 fur/uris
2757 960 3057 1016 inspersum
3088 947 3335 1014 habeant,
3376 965 3470 1005 nec
3500 951 3620 1006 eius

203 1033 490 1104 quicquam
510 1031 718 1088 laboret
752 1033 975 1087 ἀπάθεια
1003 1034 1085 1108 [et
1115 1035 1277 1107 quod
1309 1034 1561 1104 angelos
1593 1034 1948 1104 animosque
1975 1047 2297 1102 corporeae
2326 1037 2573 1087 naturae
2601 1047 2733 1087 esse
2764 1034 2978 1089 Homil.
3015 1039 3064 1090 3.
3099 1041 3156 1090 et
3182 1035 3334 1092 libro
3364 1037 3438 1093 de
3469 1040 3616 1095 cari-

209 1126 322 1177 tate
369 1122 626 1192 statuit],
665 1123 902 1179 alterius
947 1124 1048 1179 otii
1093 1126 1187 1190 sit,
1235 1125 1446 1196 fereque
1497 1123 1772 1194 occupavit
1821 1121 2219 1178 Brasichellani
2263 1121 2552 1191 diligentia
2598 1122 2653 1177 in
2700 1123 2936 1178 Romano
2992 1124 3169 1180 indice
3205 1129 3618 1198 expurgatorio,

208 1211 477 1266 emendati
521 1211 840 1284 quandoque
887 1231 923 1268 a
963 1212 1168 1268 Labbeo
1213 1231 1317 1270 non
1361 1212 1517 1280 male,
1561 1212 1832 1285 plerisque
1880 1211 2008 1266 locis
2047 1211 2275 1267 modeste
2319 1210 2556 1277 laudati,
2607 1211 2862 1284 quicquid
2907 1213 2966 1268 in
3014 1213 3282 1270 Labbeum
3329 1215 3620 1272 invehatur

203 1300 566 1370 Ragnaudus.

268 1388 472 1460 Capita
518 1390 748 1446 ascetica
777 1391 984 1447 CLXX
1023 1392 1388 1464 metaphrasi
1419 1391 1709 1448 illustrata
1735 1406 1771 1447 a
1798 1389 2048 1449 Simeone
2088 1389 2372 1461 Logotheta
2404 1393 2637 1444 exstant
2666 1391 2817 1446 MSS.
2868 1390 2929 1445 in
2972 1391 3119 1447 Bibl.
3153 1394 3442 1449 Caesarea
3469 1397 3618 1450 teste

194 1477 481 1533 Lambecio
510 1478 616 1533 lib.
651 1481 694 1533 V
722 1494 780 1552 p.
811 1481 903 1535 101
944 1480 1042 1552 (9).
1077 1480 1378 1537 Evolvisse
1416 1481 1597 1537 etiam
1623 1479 1721 1535 illa
1752 1495 1815 1536 se
1840 1483 2086 1535 testatur
2112 1478 2364 1534 Allatius
2397 1478 2470 1532 de
2513 1479 2862 1534 Simeonum
2894 1480 3131 1552 scriptis
3166 1497 3224 1552 p.
3260 1482 3384 1538 132.
3425 1483 3622 1538 Incer-

195 1573 347 1632 tum,
380 1566 582 1639 qualis
621 1567 771 1624 liber
796 1569 1026 1625 Macarii
1066 1571 1215 1625 inter
1240 1570 1356 1627 alia
1397 1574 1743 1625 Ascetarum
1783 1568 2002 1640 scripta
2042 1566 2497 1624 commendetur
2525 1583 2560 1622 a
2596 1566 2802 1622 Joanne
2843 1568 3172 1624 Antiocheno
3203 1570 3367 1642 apud
3398 1571 3620 1628 Cotele—

193 1656 355 1712 rium
387 1659 449 1712 7‘.
482 1658 503 1712 Ι
536 1659 669 1714 Mon
699 1658 852 1714 Eccl.
884 1661 1086 1716 Graec.
1121 1678 1178 1731 p.
1215 1663 1333 1716 167.

268 1746 336 1800 ll.
386 1747 685 1802 Macarius
725 1747 941 1812 iunior,
976 1748 1408 1814 Alexandrinus,
1444 1747 1779 1819 discipulus
1807 1751 1863 1802 et
1905 1747 2030 1818 ipse
2062 1744 2254 1815 Magni
2289 1744 2548 1808 Antonii,
2594 1745 2952 1812 monachus,
2990 1746 3311 1820 presbyter
3331 1752 3389 1804 et
3418 1748 3614 1806 abbas

195 1834 536 1902 Nitriensis,
566 1836 672 1907 qui
717 1836 876 1892 circa
905 1853 959 1894 a.
995 1838 1052 1892 C.
1093 1841 1196 1892 404
1225 1837 1605 1893 centenarius
1642 1836 1810 1892 obiit.
1849 1838 1925 1890 De
1970 1851 2040 1890 eo
2064 1835 2119 1889 .Ῑ.
2163 1833 2461 1890 Bollandus
2493 1834 2524 1886 2
2567 1836 2808 1889 Januar.
2836 1836 2892 1889 T.
2930 1838 2947 1889 I
2996 1850 3053 1906 p.
3087 1835 3154 1890 84
3204 1852 3319 1908 sq.,
3355 1842 3411 1892 et
3456 1839 3619 1894 Tille-

197 1925 438 1979 manlius
468 1925 530 1978 Τ.
579 1925 669 1980 Vll
712 1927 950 1982 Memor.
982 1925 1122 1982 Hist.
1175 1926 1315 1981 eccl.
1359 1926 1656 1982 Palladius
1706 1941 1840 1996 cap.
1873 1928 1942 1980 20
1988 1923 2255 1980 Lausiac.
2289 1923 2550 1976 πολιτικόν
2597 1923 2710 1993 (10)
2745 1921 2970 1978 dictum
3015 1923 3196 1978 fuisse
3228 1930 3499 1997 testatur,
3533 1928 3612 1984 ab

199 2013 349 2067 urbe
380 2027 606 2083 nempe
631 2013 1008 2080 Alexandria,
1043 2022 1102 2070 ut
1128 2020 1295 2070 notat
1319 2015 1390 2070 H.
1424 2015 1730 2070 Dodwellus
1761 2014 1837 2070 ad
1870 2013 2274 2082 fragmentum
2302 2012 2555 2083 Philippi
2590 2011 2824 2067 Sidetae
2855 2027 2913 2083 p.
2945 2013 3049 2067 512
3079 2013 3216 2085 (11),
3249 2030 3285 2070 a
3314 2031 3437 2087 quo
3463 2016 3616 2074 inter

199 2093 570 2160 διδασκάλους
599 2101 719 2156 sive
749 2103 1084 2158 catechetas
1103 2103 1537 2159 Alexandrinos
1563 2103 1694 2158 loco
1724 2102 1833 2158 und

1955 2117 2043 2156 mo
2073 2101 2420 2156 nominatur
2448 2102 2714 2174 Μακάριος
2735 2101 2760 2152 ὁ
2795 2099 3080 2164 πολιτικός.
3114 2105 3311 2159 Exstat
3340 2105 3452 2160 sub
3483 2105 3614 2162 eius

197 2188 448 2244 nomine
471 2190 683 2261 Regula
711 2192 1000 2246 monastica
1025 2191 1138 2263 (12)
1164 2193 1403 2262 triginta
1424 2191 1702 2262 capitulis
1720 2190 2180 2262 comprehensa,
2209 2205 2394 2262 quam
2415 2203 2488 2244 ex
2514 2190 2719 2245 codice
2745 2191 2851 2246 MS.
2891 2191 3161 2247 Beccensi
3183 2191 3412 2262 primus
3438 2194 3620 2251 latine

196 2275 386 2332 edidit
425 2277 868 2352 illustravitque
895 2280 1094 2336 Petrus
1130 2282 1392 2337 Roverius
1424 2282 1481 2336 S.
1517 2281 1566 2335 J.
1600 2281 1660 2336 in
1706 2280 1848 2336 Hist.
1891 2279 2233 2335 monasterii
2280 2278 2665 2334 Reomaensis
2695 2278 2756 2333 in
2798 2283 2987 2335 tractu
3021 2278 3191 2352 [Pag.
3231 2280 3364 2356 366]
3411 2283 3619 2354 Lingo-

193 2367 368 2422 nensi
396 2367 580 2422 Paris.
618 2369 771 2432 1637,
799 2371 875 2434 4η,
929 2385 989 2442 ρ.
1023 2371 1112 2433 24,
1145 2375 1202 2425 et
1224 2375 1360 2442 post
1391 2370 1704 2426 Roverium
1736 2369 1910 2424 Lucas
1934 2368 2242 2422 Holstenius
2273 2368 2332 2422 in
2361 2366 2565 2422 codice
2598 2367 2958 2437 Regularum
2985 2369 3102 2441 (13)
3134 2371 3302 2426 Rom.
3350 2376 3502 2438 1637,
3539 2376 3616 2428 4ο.

203 2454 372 2511 Fusa.
418 2456 646 2524 Regula
673 2457 917 2512 Macarii
943 2458 1153 2513 abbatis
1181 2459 1362 2515 latine
1398 2459 1456 2512 in
1487 2458 1620 2514 cod.
1660 2459 1918 2514 MDLXtV
1958 2460 2051 2512 Nr.
2087 2460 2119 2510 2
2164 2455 2305 2511 Bibl.
2354 2456 2518 2527 publ.
2561 2455 2869 2511 Parisinae.
2901 2458 2962 2512 In
3005 2459 3138 2514 cod.
3173 2460 3338 2529 regio
3379 2461 3616 2518 Taurin.

197 2558 281 2614 gr.
343 2545 618 2601 CLXXVII
669 2545 774 2603 fol.
804 2550 872 2603 29
927 2547 1109 2618 canon
1139 2547 1192 2602 S.
1225 2547 1590 2619 metropolitae
1619 2546 1756 2603 dom.
1786 2547 2029 2602 Macarii
2073 2545 2330 2611 iunioris,
2383 2547 2477 2616 qui
2513 2546 2800 2616 propriam
2850 2546 3020 2602 sedem
3058 2547 3283 2620 reliquit
3333 2549 3616 2606 humilita-

195 2632 268 2686 tis
295 2648 486 2698 causa,
527 2635 899 2706 ignorantiam
926 2637 1210 2702 simulans,
1242 2644 1400 2709 atque
1430 2637 1682 2692 asceticae
1710 2637 1856 2692 vitae
1891 2653 1944 2691 se
1981 2635 2128 2690 dedit
2159 2634 2221 2690 in
2251 2633 2510 2706 partibus
2548 2634 2762 2702 Cretae,
2801 2635 3074 2707 multaque
3116 2641 3410 2708 praeclara
3448 2642 3618 2697 mira-

192 2724 320 2780 cula
351 2721 549 2794 ubique
570 2723 721 2794 fecit,
763 2730 870 2780 etc.
904 2741 960 2780 v.
991 2729 1114 2782 Cat.
1156 2727 1333 2781 codd.
1368 2743 1454 2796 gr.
1482 2729 1653 2782 Taur.
1691 2741 1748 2797 p.
1780 2725 1905 2781 262.
1939 2728 2093 2780 Num
2134 2739 2273 2779 vero
2304 2730 2504 2779 noster
2535 2725 2844 2790 Macarius,
2888 2741 2966 2781 an
2996 2726 3320 2798 Ancyranus
3358 2737 3616 2803 metropo-

196 2810 322 2874 lita,
351 2826 432 2866 an
445 2811 602 2868 alius
625 2813 1147 2885 sitintelligendus,
1170 2815 1206 2870 ii
1233 2815 1338 2886 qui
1359 2815 1628 2871 codicem
1648 2819 1904 2885 possunt
1925 2828 2300 2884 comparare,
2319 2811 2664 2877 decernant,
2686 2813 2791 2869 sed
2811 2814 3065 2886 Regulam
3090 2815 3251 2873 illam
3269 2820 3617 2877 monasticam

195 2913 393 2973 aeque
425 2915 498 2957 ac
526 2915 872 2958 sermonem
902 2903 965 2959 de
995 2903 1146 2959 exitu
1174 2904 1386 2960 animae
1420 2907 1711 2971 iustorum,
1745 2909 1855 2959 etc.
1895 2903 1950 2958 J.
1984 2903 2047 2957 G.
2089 2901 2294 2956 Walch.
2325 2901 2392 2955 Η.
2428 2903 2488 2956 Ε.
2521 2918 2580 2974 p.
2618 2905 2747 2958 1373
2779 2919 2916 2958 cum
2944 2902 3074 2960 aliis
3099 2904 3460 2964 adnumerat
3491 2925 3616 2966 mo-

191 2989 504 3045 numentis
529 2991 878 3062 suppositis.
913 2995 1088 3048 HARL.

265 3078 399 3134 Alia
425 3078 634 3151 Regula
656 3081 1022 3153 Serapionis,
1050 3083 1303 3146 Macarii,
1325 3081 1664 3154 Paphnutii,
1690 3079 1938 3137 iunioris
1957 3079 2191 3135 Macarii
2213 3083 2269 3134 et
2294 3077 2550 3134 aliorum
2582 3081 2651 3136 34
2672 3095 2742 3134 ex
2768 3080 2972 3136 codice
2995 3079 3474 3153 Aﬂligemenensi
3497 3085 3612 3156 pri-

187 3183 365 3222 mum
404 3167 567 3223 edita
591 3169 672 3224 ab
703 3169 936 3225 Henrico
951 3171 1232 3242 Cuicquio,
1265 3173 1548 3244 episcopo
1565 3177 1768 3243 postea
1791 3168 2282 3237 Ruremondensi,
2307 3167 2385 3223 ad
2415 3167 2642 3225 calcem
2671 3168 3237 3241 CassianiAntverp.
3273 3175 3430 3238 1578,
3461 3173 3532 3241 8°,
3553 3179 3611 3232 et

189 3254 414 3311 deinde
447 3256 508 3311 in
539 3257 746 3314 codice
774 3259 1132 3328 Regularum
1166 3260 1552 3316 Holsteniano
1584 3273 1814 3315 recusa.

259 3348 437 3416 Λόγος
482 3349 599 3420 περὶ
638 3344 823 3410 ἐξόδου
853 3347 1036 3420 ψυχῆς
1079 3345 1298 3402 δικαίων
1339 3354 1427 3402 καὶ
1475 3349 1788 3425 ἁμαρτωλῶν
1833 3351 1888 3400 τό
1923 3356 2030 3410 πῶς
2075 3347 2400 3422 χωρίζονται
2431 3343 2486 3398 ἐκ
2533 3353 2624 3399 τοῦ
2665 3351 2902 3419 σώματος
2932 3351 3022 3400 καὶ
3061 3354 3170 3410 πῶς
3219 3347 3373 3416 εἰσιν,
3424 3350 3606 3408 Sermo

184 3431 246 3488 de
302 3434 462 3490 exitu
506 3437 725 3492 animae
764 3439 1037 3496 iustorum
1089 3445 1138 3495 et
1182 3446 1544 3511 peccatorum,
1605 3438 1860 3511 quomodo
1907 3445 2238 3509 separantur
2293 3454 2327 3492 a
2376 3453 2595 3508 corpore
2646 3443 2695 3492 et
2740 3436 2800 3491 in
2845 3453 2946 3509 quo
3000 3443 3149 3492 statu
3205 3447 3439 3505 manent,
3492 3440 3606 3498 sub

1772 3555 2019 3612 NOTAE.

186 3665 710 3733 circumferuntur,
742 3669 999 3725 Macarii.
1035 3669 1183 3724 Phil.
1216 3669 1388 3725 Labbe
1417 3670 1660 3726 editioni
1700 3686 1844 3725 suae
1879 3675 1924 3726 Α
1955 3670 2097 3727 Bibl.
2133 3670 2378 3726 Coislin.

2412 3685 2471 3740 p.
2501 3667 2604 3724 399
2634 3674 2689 3724 et
2707 3667 2832 3740 295.
2866 3668 3183 3740 Utriusque
3212 3669 3335 3726 vita
3365 3669 3424 3726 in
3459 3672 3604 3729 Hist.

189 3737 384 3810 Glycae
405 3739 720 3814 annalium
745 3741 918 3807 (inter
941 3741 1268 3814 Scriptores
1291 3742 1433 3814 Hist.
1466 3743 1843 3814 Byzantinae)
1956 3737 2766 3814 monachorum'Aegyptior.
2807 3739 2866 3794 in
2899 3740 3033 3814 cod.

3115 3741 3298 3794 oislin.
3345 3743 3605 3811 LXXXIII,

186 3810 1137 3885 praemisitsyllabumauctorum
1158 3810 1844 3885 siveeditorumaGlyca
1954 3830 2011 3868 v.
2047 3813 2354 3885 ΜοηιῙιιιιιξἒ
2386 3812 2423 3865 Ι.
2464 3811 2603 3885 1.-Αρ.
2648 3811 2751 3885 138
2778 3826 2866 3885 sq.
2907 3810 3069 3885 Idem
3111 3827 3163 3881 p.
3192 3811 3300 3885 _111
3339 3810 3607 3870 recenset

192 3888 687 3938 memoratarum.
728 3883 883 3937 Inter
925 3883 1180 3939 ineditos
1213 3886 1425 3939 citatur
1451 3883 1844 3942 Macarius—ab-

188 3949 364 4027 ῥαπλό
416 3957 575 4027 μένοις
613 3957 882 4026 Μακάριος
921 3953 968 4006 ἐν
1009 3955 1328 4021 ἐπιστολαῖς,
1372 3973 1406 4010 a
1446 3957 1627 4027 Glyca
1665 3973 1724 4027 p.
1774 3956 1833 4011 8|

187 4022 496 4100 laudatus.
529 4025 750 4081 Censor
771 4022 1064 4100 Scriptor.
1092 4027 1235 4082 Hist.
1269 4022 1843 4100 ByzantfindBaum-

185 4096 438 4168 gartenii
478 4111 656 4168 opere
686 4113 698 4151 :
743 4096 1134 4154 Nachrichten
1161 4114 1276 4154 von
1308 4096 1476 4153 einer
1515 4097 1837 4154 hallischen

186 4167 321 4240 bibl.
354 4167 533 4222 Tom.
569 4169 611 4222 V
641 4184 699 4240 p.
732 4171 854 4232 420,
898 4172 1025 4225 Not.
1063 4169 1254 4233 docet,
1295 4169 1678 4239 intelligenda
1709 4187 1840 4225 esse

184 4239 490 4317 Opuscula
512 4239 1077 4317 asce_tica_,_et‘locum
1096 4258 1136 4317 _a
1159 4241 1339 4313 Glyca
1361 4242 1602 4317 citatum
1621 4257 1839 4317 conve-

183 4311 303 4363 nire
343 4325 489 4384 cum
531 4312 720 4384 capite
762 4311 806 4366 Il
848 4312 1131 4383 Opusculi
1181 4311 1393 4384 quarti.
1439 4317 1495 4367 et
1534 4312 1834 4383 opinatur,

180 4380 812 4456 nomenEpistOIarum
841 4380 1040 4456 aptius
1065 4380 1269 4448 videri,
1302 4400 1488 4456 quam
1530 4380 1836 4456 vulgatum

181 4450 576 4524 Opusculorum
632 4458 812 4524 atque
861 4454 1247 4510 Homiliarum.
1294 4450 1660 4522 Opusculum
1706 4455 1728 4508 Ι
1775 4455 1837 4509 de

179 4523 426 4578 custodia
456 4524 638 4578 contis
666 4523 753 4579 est
783 4526 840 4580 in
883 4526 1026 4581 Cod.
1071 4527 1234 4581 Caes.
1281 4525 1502 4581 Vindob.
1545 4526 1836 4582 CCXXXIV

179 4595 270 4648 Χῖ.
315 4596 497 4670 1_5,__v.
528 4595 774 4670 Lambec.
816 4598 1047 4653 Comm.
1073 4599 1237 4653 Tom.
1279 4599 1322 4650 V
1353 4615 1410 4670 p.
1459 4600 1576 4661 151,
1606 4603 1836 4653 notam-

181 4679 293 4736 que
321 4665 588 4721 Kollarii.
618 4667 794 4722 ΒΑΜ..

247 4738 303 4810 9)
351 4737 519 4810 [Pag.
557 4738 697 4810 365)
733 4738 865 4793 Sive
913 4755 973 4809 p.
1028 4741 1130 4794 214
1179 4755 1313 4810 sqq.
1354 4738 1449 4794 ed.
1497 4738 1713 4793 Kollar.
1759 4739 1833 4794 de

177 4809 308 4882 cod.
351 4809 550 4882 CCXL.
586 4808 800 4882 Eadem
844 4808 1075 4882 Macarii
1116 4808 1336 4882 capita,
1370 4810 1471 4864 sed
1514 4811 1639 4864 sine
1673 4826 1833 4865 men-

181 4880 336 4952 tione
359 4880 658 4952 Simeonis
681 4881 1129 4952 Metaphrastae,
1148 4880 1381 4936 exstant
1406 4883 1584 4936 etiam
1611 4882 1665 4934 in
1695 4882 1829 4936 cod.

181 4951 412 5022 Caesar.
462 4951 751 5007 CCXXXIV
796 4951 886 5007 Nr.
947 4958 1030 5011 16.
1073 4969 1127 5006 v.
1175 4952 1416 5008 Lambec.
1466 4953 1633 5008 Tom.
1679 4953 1727 5004 V
1774 4969 1830 5022 p.

181 5021 301 5095 151,
332 5029 516 5095 atque
550 5022 766 5095 Kellar.
796 5024 1063 5088 adnotat,
1101 5026 1319 5094 Opusc.
1350 5040 1480 5078 esse
1512 5023 1710 5078 adhuc
1750 5021 1834 5079 in-
1865 5022 1904 5075 Β

180 5092 436 5166 editum;
469 5098 526 5166 et
554 5093 720 5159 illud,
755 5095 914 5166 quod
954 5092 1210 5150 Possinus
1248 5096 1306 5149 in
1344 5096 1513 5150 Thes.
1547 5100 1728 5166 ascet.
1773 5111 1830 5165 p.

180 5164 241 5216 47
291 5165 635 5239 praemissa
685 5164 1012 5239 epi‘graphe
1058 5171 1187 5239 Περὶ
1235 5167 1546 5228 τελειότητος
1587 5164 1835 5239 armis-

183 5253 299 5308 Ea?!
330 5236 699 5308 protulisset,
740 5236 1078 5292 nihil’aliud
1116 5236 1248 5294 esse
1277 5254 1346 5294 ac
1376 5239 1620 5293 brevem
1654 5237 1834 5292 huius

185 5305 467 5377 Opiisculi
496 5308 822 5379 epitomen.
851 5308 1028 5363 ΗΑῐιι..

255 5380 336 5448 te)
366 5378 604 5436 Macarii
637 5378 908 5432 πολιτικοῦ
936 5379 1058 5435 vita
1095 5395 1182 5448 gr.
1215 5380 1273 5434 in
1306 5379 1440 5435 cod.
1475 5381 1682 5436 CMXIV
1723 5381 1821 5436 Nr.

192 5451 424 5523 I_5_Bibl.
470 5450 640 5522 publ.
681 5452 866 5506 Paris.
891 5451 1150 5523 Macarii
1185 5457 1243 5506 et
1283 5451 1554 5523 Aegyptii
1594 5457 1648 5505 et
1688 5451 1833 5520 poli-

186 5519 270 5574 tici
293 5522 412 5579 vita
436 5519 511 5578 ex
543 5523 693 5579 Hist.
727 5521 1017 5578 Lausiaca
1047 5525 1103 5578 in
1125 5523 1258 5579 cod.
1293 5519 1522 5579 Coislin.
1547 5519 1827 5578 CCLXXII.

191 5591 486 5668 Utriusque
504 5594 744 5668 Macarii
764 5594 924 5668 dicta
937 5598 1002 5668 in
1016 5595 1364 5668 collectione
1385 5595 1651 5668 quadam
1673 5609 1831 5668 asce-

188 5663 426 5725 ticorum
472 5667 540 5725 in
584 5665 722 5723 cod.
773 5664 1002 5722 Coislin.
1053 5666 1364 5736 CCXXXII,,
1405 5663 1471 5721 'v.
1517 5664 1828 5736 Merit/auc.

1954 3884 2088 3939 cod.
2133 3880 2356 3939 XXXVII
2386 3900 2433 3936 s.
2476 3881 2710 3936 Niconis
2751 3880 3161 3936 collectionem
3192 3881 3461 3938 locorum
3503 3885 3602 3940 SS.

1953 3962 2010 4010 et
2037 3956 2314 4026 Scriptor.
2335 3951 2814 4026 Ecclesiasticor.,
2845 3952 2995 4006 inter
3023 3953 3453 4026 quosoccurrit
3483 3954 3606 4008 Ma-

1950 4027 2135 4081 carius
2167 4022 2596 4079 Alexandrinus
2632 4022 2703 4077 ad
2741 4039 2990 4092 magnum
3029 4022 3324 4078 Eusebium
3362 4023 3602 4079 Aleman-

1949 4099 2196 4161 drinum,
2227 4097 2453 4168 dequo
2475 4094 2558 4168 cf.
2592 4109 2774 4168 supra
2804 4095 2860 4148 in
2895 4093 3256 4168 Vol._V_llIr_p.
3288 4098 3391 4168 295
3431 4111 3471 4168 a
3502 4097 3603 4152 Fa-

1952 4170 2137 4225 bricio
2154 4174 2209 4222 et
2235 4165 2550 4222 ceIfKeilio
2575 4165 2879 4221 adnotata.
2905 4165 3058 4220 Add.
3083 4165 3262 4237 indic.
3289 4165 3590 4237 Montfauc.

1948 4241 2025 4296 ad
2061 4240 2203 4295 Bibl.
2239 4239 2415 4294 Coisl.
2451 4253 2614 4292 vocc.
2647 4237 2928 4292 Macarius
2951 4244 3062 4292 etc.
3090 4236 3267 4292 HARL.

2023 4314 2108 4383 11)
2131 4315 2236 4392 .Est
2262 4309 2886 4392 qupque'translatum
2913 4307 3145 4392 in
3180 4307 3345 4392 F-aAb‘r.
3379 4307 3599 4392 librum

1946 4384 2020 4439 de
2060 4379 2302 4438 salutari
2342 4379 2474 4439 luce
2507 4379 2806 4448 Evangelii
2847 4395 2980 4451 cap.
3014 4381 3081 4435 IX
3112 4395 3170 4450 p.
3217 4381 3337 4435 188.
3383 4379 3458 4435 cf.
3493 4381 3598 4436 Ca-

1946 4471 2096 4510 veum
2125 4457 2288 4509 Tom.
2321 4453 2341 4505 Ι
2372 4470 2427 4522 p.
2460 4452 2585 4506 256.
2614 4451 2794 4507 ΗΑιη..

2020 4526 2106 4596 12)
2151 4526 2314 4580 Hanc
2347 4520 2610 4596 regulam
2651 4522 2882 4596 videtur
2921 4520 3247 4596 intelligere
3287 4521 3597 4596 Gennadius

1946 4593 2173 4666 cap.'10
2199 4597 2272 4650 de
2313 4595 2520 4665 Script.
2553 4593 2727 4666 Eccl.,
2760 4607 3015 4666 eamque
3051 4593 3306 4647 tribuere
3345 4595 3597 4666 Macario

1945 4663 2252 4738 Aegyptio,
2287 4663 2472 4738 signis
2493 4670 2560 4738 et
2578 4663 2892 4738 virtutibus
2915 4663 3096 4738 claro,
3119 4679 3299 4738 quem
3327 4665 3406 4738 ait
3432 4681 3598 4738 unam

1943 4738 2014 4792 ad
2031 4733 2679 4808 'i’unioresprofessionis
2712 4751 2839 4790 suae
2875 4733 3154 4808 scripsisse
3164 4733 3485 4808 _epistola_m,
3537 4737 3596 4789 in

1943 4827 2047 4880 qua
2071 4809 2213 4864 docet
2256 4803 2408 4862 illum
2432 4803 2675 4877 perfecte
2714 4822 2866 4877 posse
2901 4803 3108 4859 servire
3144 4803 3281 4880 _Deo,
3323 4806 3418 4876 qui
3463 4822 3596 4860 con-

1943 4875 2202 4935 ditionem
2248 4875 2684 4934 creationissuae
2711 4875 3035 4947 cognoscens,
3081 4875 3157 4930 ad
3179 4892 3357 4930 omnes
3404 4884 3594 4932 semet-

1944 4953 2116 5023 ipsum
2176 4950 2528 5005 inclinaverit
2581 4948 2809 5013 labores,
2861 4955 2912 5001 et
2980 4947 3229 5002 luctando
3282 4953 3438 5018 atque
3491 4948 3597 5003 Dei

1944 5023 2216 5077 auxilium
2253 5021 2506 5076 adversus
2538 5037 2707 5077 omne.
2747 5019 2884 5077 quod
2923 5019 2978 5073 in
3009 5019 3105 5072 hac
3153 5020 3269 5072 vita
3295 5034 3454 5072 suave
3494 5027 3590 5077 est.

1943 5036 2216 5078 auxilium
2253 5036 2506 5076 adversus
2538 5037 2707 5083 omne,
2747 5036 2882 5084 quoa
2923 5036 2978 5073 ιη
3009 5036 3105 5072 nae
3153 5036 3269 5072 vita
3295 5036 3454 5072 suave
3494 5036 3590 5084 εει,

1943 5038 2216 5078 auxilium
2253 5038 2506 5076 aaversus
2538 5038 2707 5083 omne,
2747 5038 2882 5091 quoa
2923 5038 2978 5073 in
3009 5038 3105 5072 nae
3153 5038 3269 5072 oua
3295 5038 3454 5072 suave
3494 5038 3590 5084 est,

1943 5093 2301 5164 implorando,
2353 5093 2423 5146 ad
2468 5091 2774 5164 naturalem
2825 5107 3040 5164 quoque
3071 5091 3388 5164 perveniens
3428 5092 3590 5160 puri-

1942 5161 2126 5234 tatem,
2167 5164 2550 5220 contznentiam
2603 5161 2770 5217 veluti
2814 5161 3068 5234 naturale
3102 5161 3365 5234 debitum
3397 5177 3592 5217 munus

1940 5232 2261 5292 obtinuerit.
2297 5237 2462 5290 FABR.
2483 5235 2647 5289 lllam
2681 5240 2882 5288 autem
2904 5232 3242 5303 epistolam,
3276 5232 3445 5288 cuius
3473 5249 3594 5289 me-

1943 5309 2112 5363 minit
2146 5307 2512 5368 Gennadius,
2545 5307 2806 5374 potuisse
2847 5302 3132 5358 Homilies
3162 5305 3464 5360 continere
3498 5321 3592 5360 su-

1941 5379 2203 5450 spicatur
2249 5378 2295 5432 Ι.
2329 5377 2396 5450 Gr
2452 5376 2660 5433 Walch.
2709 5375 2778 5431 H.
2819 5377 2881 5430 Ε.
2929 5374 3471 5450 p.1369‘.nAdd._V_.
3526 5377 3588 5431 D.

1941 5446 2226 5505 iudicium
2259 5447 2442 5519 paqu
2472 5455 2607 5504 ante
2629 5463 2700 5503 ex
2732 5446 3172 5517 Baumgartenii
3199 5446 3591 5504 Nachrichten

1941 5527 2048 5577 etc.
2082 5520 2349 5575 allatum.
2383 5520 2500 5574 Han
2514 5536 2559 5574 L.

2010 5591 2169 5665 [Pag.
2204 5590 2334 5664 366]
2379 5591 2468 5660 13)
2495 5589 2724 5665 Alia_in_
2753 5589 2959 5665 codice
2988 5587 3332 5665 regularum
3372 5589 3592 5646 Holste-

1941 5659 2430 5722 niano'conte'nta
2450 5659 2585 5719 vide
2613 5662 2670 5718 B.
2705 5660 2878 5734 Ittigii
2901 5659 3054 5718 libro
3081 5677 3143 5735 p.
3170 5662 3276 5717 652
3303 5676 3394 5735 sq.
