4058 6194
549 265 656 324 399
1869 259 1970 315 SS.
2012 258 2318 317 MACARII
2364 256 2697 316 AEGYPTII
3809 263 3896 319 400

541 390 721 447 huius
749 389 982 447 Macarii
1016 389 1260 444 nomine
1290 387 1484 443 editus
1515 393 1603 442 est
1635 401 1706 441 ex
1746 386 1951 441 codice
1982 388 2090 443 MS.
2127 387 2269 442 Bibl.
2305 386 2587 443 Paulinae
2628 381 2948 456 Lipsiensis
2980 395 3016 436 a
3047 379 3312 436 Guilelmo
3341 381 3504 436 Cavea
3531 384 3632 453 (14)
3660 383 3895 457 interpre-

549 480 774 535 tatione
794 478 1026 533 Henrici
1047 476 1354 532 Warthom‘.
1381 477 1595 530 Postea
1609 475 1786 529 veluti
1804 475 2093 530 ineditum
2109 492 2179 531 ex
2200 479 2409 531 eodem
2438 473 2722 545 Lipsiensi
2737 477 2793 526 et
2809 469 3048 524 duobus
3068 469 3496 524 Viennensibus
3520 471 3896 544 codicibustlb)

551 584 690 624 cum
716 567 990 621 versione
1013 583 1122 620 sua
1145 565 1412 633 vulgavit
1435 563 1662 618 Jacobus
1686 564 1889 618 Tollius
1912 565 2025 634 (t6)
2050 565 2107 619 in
2135 565 2472 634 Insignibus
2492 563 2719 618 Itineris
2749 560 2928 616 Italici
2958 575 3016 630 p.
3047 563 3145 614 192
3166 560 3454 615 Ultraiect.
3494 563 3633 625 1696.
3656 562 3895 618 4°.Inalio

547 657 682 720 MS.,
715 655 880 728 quod
919 661 1211 710 memorat
1242 653 1551 708 Lambecius
1581 652 1683 706 lib.
1718 654 1862 723 VIp.
1899 657 1999 708 303
2034 655 2168 723 (I7),
2205 653 2478 708 tribuitur
2509 649 2831 706 Alexandro
2861 649 3097 711 Ascetae,
3133 648 3368 704 Macarii
3394 648 3603 703 scilicet
3628 650 3896 720 discipulo.

542 748 690 800 Nam
738 744 797 798 in
832 743 971 811 alio,
1004 759 1185 815 quem
1216 741 1435 798 Tollius
1467 742 1646 795 etiam
1676 741 1952 811 inspexit,
1983 757 2144 812 praei

2291 749 2441 796 intur
2472 740 2656 795 verba
2700 746 2789 790 τοῦ
2838 738 2987 808 ἁγίου
3033 742 3310 809 Μακαρίου
3360 744 3448 789 τοῦ
3477 733 3846 810 Ἀλεξαννῖρέως⁸
3877 741 3893 788 ὁ

546 835 792 905 μαθητὴς
835 829 1134 902 διηγήσατο
1164 833 1244 883 ὅτι
1277 835 1396 882 ποτέ
1436 835 1544 884 etc.
1581 829 1660 884 Cf.
1705 829 1957 884 similem
1989 829 2125 886 licet

2296 830 2496 886 riorem
2530 827 2786 900 διήγησιν
2826 833 2916 878 τοῦ
2955 831 3215 899 μακαρίου
3257 827 3524 880 Ἀντωνίου
3563 827 3712 898 apud
3745 825 3898 882 Palla-

545 923 712 978 dium
741 923 798 977 in
826 922 1118 976 Lausiaca
1141 920 1395 975 Historia
1425 934 1484 989 p.
1512 920 1582 974 69
1615 917 1761 975 Edit.
1797 920 2046 974 Meursii.

616 1013 1006 1081 Fragmentum
1037 1007 1091 1060 ἐκ
1127 1017 1226 1060 τῶν
1267 1007 1565 1082 ἐρωτήσεων
1597 1011 1724 1080 πρὸς
1770 1010 1857 1060 τὸν
1905 1012 2065 1080 μέγαν
2115 1007 2218 1062 Εὑσ

2294 1027 2358 1060 ιον
2391 1004 2784 1080 Ἀλεξανδρείας
2833 1007 2895 1062 in
2938 1007 3092 1062 MSS.
3143 1004 3442 1076 Anonymi
3484 1003 3622 1060 locis
3664 1018 3896 1059 commu-

545 1100 722 1155 nibus
753 1099 1040 1162 asceticis,
1077 1097 1151 1153 de
1177 1097 1399 1170 quibus
1431 1097 1742 1152 Lambecius
1779 1096 1882 1152 lib.
1913 1099 1954 1150 V
1984 1113 2044 1168 p.
2083 1101 2183 1153 154
2207 1114 2297 1170 sq.
2330 1099 2411 1168 [in
2451 1097 2585 1154 cod.
2621 1097 2773 1154 CCLI
2807 1112 2860 1152 v.
2895 1111 2954 1168 p.
2982 1095 3086 1153 326
3125 1095 3229 1152 Ed.
3265 1093 3480 1152 Kollar.
3512 1096 3565 1150 et
3587 1093 3656 1149 de
3682 1091 3896 1148 Eusebio

542 1185 948 1244 Alexandrino
977 1186 1057 1244 ad
1087 1187 1212 1244 init.
1241 1185 1423 1243 huius
1455 1187 1499 1241 lI
1531 1187 1831 1244 sectionis.
1860 1187 2067 1259 Hau].

2149 1468 2366 1532 IDEM

1592 1622 1706 1686 Sub
1735 1622 1922 1683 indice
1952 1645 1982 1681 α
2009 1622 2355 1683 Sanctarum
2375 1622 2556 1702 elogia
2584 1629 2633 1682 et
2663 1621 2814 1682 vitae
2843 1643 2874 1679 »
2894 1666 2909 1682 .

2064 1774 2150 1828 DE
2188 1772 2444 1829 IlSDEM.

1971 1915 2104 1966 Ibid.
2130 1915 2249 1965 Vol.
2281 1915 2324 1964 x
2349 1929 2402 1978 p.
2433 1915 2543 1964 271.

613 2187 858 2244 Macarii
899 2195 1234 2260 cognomento
1274 2188 1608 2242 πολιτικοῦ
1649 2189 1832 2244 Paris.
1868 2188 1927 2244 in
1973 2188 2104 2243 cod.
2155 2188 2358 2244 CMXIV
2395 2190 2462 2244 Νο
2511 2192 2571 2244 15
2595 2192 2651 2244 et
2690 2190 2784 2243 Nr.
2823 2189 2890 2243 16
2922 2187 3182 2244 narratio
3217 2187 3292 2244 de
3320 2187 3558 2244 duabus
3594 2184 3902 2242 mulieribus

543 2280 599 2332 et
621 2275 840 2332 abbate
871 2277 1141 2333 Macario.
1177 2281 1238 2331 In
1269 2277 1409 2333 Bibl.
1447 2277 1708 2348 publica.
1744 2279 1920 2333 HARL.

609 2365 854 2418 Macarii
881 2367 1152 2436 Aegyptii.
1183 2374 1387 2437 Μικροῦ
1418 2369 1692 2440 Μακάριος
1722 2364 1959 2438 διέφυγεν
1987 2368 2011 2418 ὁ
2035 2366 2211 2437 Αἰγύπ

2301 2387 2330 2426 ς.
2367 2370 2583 2422 Auctor
2606 2369 2868 2422 Joannes
2903 2365 3278 2438 Ilagiopolita
3317 2364 3445 2422 sive
3475 2364 3740 2421 Hierosol.
3769 2365 3903 2418 FABR-

545 2453 608 2508 In
643 2454 775 2508 cod.
811 2454 1080 2510 Naniano
1111 2455 1350 2510 CXXXVI
1375 2459 1467 2510 Nr.
1503 2457 1592 2519 24,
1627 2457 1681 2509 in
1712 2471 1834 2526 quo
1866 2463 2074 2510 auctor
2095 2455 2310 2509 dicitur
2338 2456 2683 2523 Hagioelita,
2718 2471 2771 2509 v.
2804 2461 2916 2511 cat.
2955 2455 3131 2510 codd.
3161 2471 3248 2526 gr.
3280 2458 3428 2510 Nan.
3464 2471 3521 2526 p.
3551 2458 3666 2510 316.
3694 2456 3843 2508 111111.

614 2543 854 2598 Macarii
881 2545 1154 2598 eremz‘tae.
1190 2545 1594 2619 Παρακαλοῦμεν
1621 2548 1669 2596 οἱ
1699 2550 1948 2599 ταπεινοί.
1985 2545 2128 2600 Cod.
2166 2547 2216 2599 Bt

1077 2561 1154 2598 ae.
1190 2545 1594 2619 Παρακαλοῦμεν
1621 2548 1669 2596 οἱ
1699 2550 1948 2599 ταπεινοί.
1985 2545 2128 2600 Cod.
2166 2547 2402 2599 Barocc.
2433 2545 2673 2600 CXLVII.

615 2631 984 2688 Macariorum
996 2633 1223 2688 duorum
1239 2635 1550 2704 Aegypti'iet
1564 2634 1944 2689 Alexandrini
1960 2635 2252 2705 Marcique
2273 2634 2574 2700 monachi,
2590 2638 2832 2689 auctore
2850 2632 3114 2689 Palladio
3131 2634 3419 2706 episcopo
3433 2626 3901 2690 MacedoniaeJlla

542 2737 680 2792 quae
701 2720 763 2774 de
791 2721 1246 2790 praedicabilibus
1271 2731 1318 2777 et
1351 2723 1518 2778 beatis
1538 2725 1856 2793 referuntur
1877 2725 2036 2777 viris.
2067 2723 2269 2778 Latine
2303 2724 2466 2793 apud
2494 2723 2730 2778 Surium
2758 2728 2789 2776 2
2819 2725 3063 2778 Ianuar.
3097 2739 3168 2778 ex
3195 2723 3443 2779 Palladii
3470 2724 3606 2778 Hist.
3641 2720 3902 2777 Lausiaca.

544 2811 715 2865 Pana.
735 2809 819 2866 Cf.
840 2815 952 2865 ΛΑ.
979 2812 1074 2867 SS.
1096 2814 1336 2868 Ianuar.
1361 2815 1525 2868 Tom.
1555 2815 1568 2866 I
1599 2829 1654 2884 p.
1687 2813 1818 2867 1005
1851 2828 1985 2884 sqq.
2015 2813 2136 2866 vita
2159 2827 2230 2866 ex
2257 2812 2358 2864 Ms.
2383 2827 2578 2876 graec.
2603 2827 2740 2866 cum
2764 2816 3086 2866 comment.
3111 2813 3393 2883 notisque
3416 2810 3693 2874 Bollandi,
3711 2813 3763 2863 et
3781 2804 3902 2862 ibid.

544 2913 605 2969 ι).
642 2902 775 2954 1012
805 2904 861 2954 et
891 2915 1060 2973 seqq.
1093 2901 1214 2957 vita
1245 2917 1316 2956 ex
1352 2900 1593 2956 Palladii
1623 2901 1761 2956 Hist.
1790 2901 2100 2966 Lausiaca,
2130 2915 2200 2955 ex
2233 2900 2444 2955 Ruﬁno
2474 2904 2531 2954 et
2554 2899 2695 2954 Vitis
2728 2903 2986 2963 Patrum,
3015 2916 3153 2955 cum
3189 2900 3459 2957 Bollandi
3489 2900 3658 2956 notis.
3688 2898 3796 2952 Vita
3821 2896 3910 2949 Ma-

537 2987 684 3043 carii
713 2987 952 3045 abbatis
976 2988 1359 3047 Alexandrini
1389 3006 1461 3046 ex
1492 2991 1631 3046 Vitis
1666 2993 1901 3047 Patrum
1927 2989 2173 3046 collecta
2201 3004 2338 3044 cum
2369 2993 2691 3045 comment.
2727 2994 2783 3045 et
2821 2989 2981 3046 notis
3013 2988 3162 3044 ibid.
3192 3005 3254 3061 p.
3285 2989 3358 3045 84
3391 3005 3522 3063 sqq.
3554 2989 3720 3044 HARL.

2125 3133 2384 3189 NOTAE.

606 3284 694 3354 14)
722 3285 786 3338 111
811 3284 952 3339 Hist.
990 3285 1089 3341 Lit.
1123 3285 1357 3354 Scriptt.
1387 3283 1536 3339 Eccl.
1566 3284 1640 3338 ad
1669 3300 1722 3339 a.
1759 3287 1817 3339 C.
1852 3287 1951 3339 3‘13
1984 3282 2174 3354 Lond.
2295 3296 2426 3354 cap.
2471 3281 2647 3337 HARL.

535 3351 684 3418 688.
721 3354 820 3408 fol.
876 3375 890 3420 ;
951 3357 1168 3411 Genev.
1226 3351 1385 3410 1694.
1438 3355 1598 3408 1705.
1655 3355 1794 3408 1720
1847 3354 1945 3408 fol.
1984 3355 2134 3417 ;Basi

2364 3351 2452 3424 16)
2484 3354 2627 3417 Alia,
2658 3369 2812 3424 quae
2843 3353 2902 3407 in
2933 3353 3033 3408 illo
3069 3353 3234 3408 ToIIii
3266 3354 3573 3410 volumine
3604 3351 3905 3424 occurrunt,
3941 3419 3943 3421 _

533 3418 886 3498 1741,4011]
1067 3496 1077 3498 _
1155 3497 1161 3498 ί
1296 3497 1336 3498 η
1444 3497 1449 3498 ί
1552 3496 1565 3498 ᾼ
1718 3495 1727 3498 Α
1809 3495 1818 3498 _
2293 3418 2443 3498 yide'
2476 3418 2767 3498 recensita
2811 3425 2887 3479 ab
2933 3425 3120 3496 Itti'gio
3162 3441 3218 3496 p.
3271 3427 3378 3482 710
3429 3443 3540 3498 sq.,
3590 3431 3642 3482 et
3689 3423 3742 3479 in
3781 3418 3908 3474 Actis

601 3494 690 3568 t5)
720 3494 944 3549 Scilicet
972 3496 1104 3548 cod.
1128 3497 1264 3568 ACQX
1295 3497 1388 3549 Nr.
1432 3497 1517 3549 12.
1552 3495 1861 3565 Inscriptio
1893 3499 2093 3548 autem
2127 3500 2182 3548 et

2294 3496 2472 3568 Ernd.
2509 3512 2564 3549 a.
2597 3497 2730 3550 1696
2764 3511 2822 3566 p.
2851 3501 2974 3568 297.
3400 3567 3405 3568 ί
3477 3494 3533 3498 Γ
3871 3559 3879 3568 .

526 3563 764 3639 initium
810 3571 940 3619 est:
991 3573 1082 3617 τοῦ
1127 3565 1290 3619 Ἀϐϐά
1336 3572 1609 3639 Μακαρίου
1658 3563 1766 3639 πῷής
1809 3569 2100 3638 χωρίζεται

2363 3567 2450 3635 ’17)
2475 3569 2538 3639 111
2568 3563 2778 3636 priore
2801 3567 3095 3639 Lambecii
3127 3567 3264 3621 edit.
3296 3567 3437 3623 cod.
3471 3583 3648 3623 mem.
3684 3563 3913 3639 recensio

527 3633 683 3705 ψυχὴ
732 3635 784 3686 ἐχ
823 3644 914 3687 τοῦ
965 3643 1226 3708 σώματος,
1279 3643 1413 3703 etc.,
1462 3630 1516 3691 v'.
1565 3630 2129 3692 Lambeciﬁbmmeu

2312 3630 2581 3691 iaerebat
2601 3640 2657 3692 in
2681 3637 3014 3707 appendice
3042 3639 3173 3692 libri
3202 3639 3293 3704 VI,
3323 3639 3437 3695 sed
3468 3641 3525 3694 in
3549 3639 3683 3695 edit.
3713 3630 3914 3708 Kollarii

525 3703 940 3783 Ϊο’111.νρ.49,
965 3703 1442 3783 ibi'queKolIarii
1461 3714 1662 3783 no_t.ln
1690 3709 2178 3783 cod.CCXXXVIlI
2289 3703 2914 3783 numeraturiiii_:Vol._
2953 3710 3000 3759 V
3037 3724 3096 3779 p.
3131 3713 3232 3764 628
3275 3703 3406 3780 (ubi
3443 3728 3496 3766 v.
3541 3717 3657 3783 not.
3702 3703 3918 3783 Kollar.)

524 3779 618 3833 Nr.
668 3780 732 3852 13
773 3785 859 3833 est
895 3779 1187 3852 anonvmi
1225 3782 1487 3836 narratio
1518 3781 1592 3835 de
1634 3787 1788 3836 statu
1828 3782 2175 3835 animarum
2289 3779 2421 3852 cod.
2476 3781 2851 3852 CCCXXXVII,
2904 3781 2961 3834 in
3005 3796 3128 3852 quo
3173 3779 3411 3837 est'Nr.
3476 3786 3506 3836 2
3555 3781 3664 3835 sub
3703 3779 3915 3852 nomine

521 3855 657 3974 post
677 3851 829 3905 hanc
851 3850 1033 3906 vitam
1052 3847 1106 3906 et
1127 3853 1200 3906 de
1225 3853 1283 3907 S.
1305 3853 1551 3909 Macario
1575 3851 1996 3907 Alexandrino.
2021 3853 2123 3906 Lar.

554 3937 697 3974 emus
727 3922 766 3974 l.
800 3923 839 3974 l.
871 3938 929 3974 n.
974 3923 1075 3974 208
1108 3925 1384 3974 observat
1423 3924 1683 3974 Joannem
1717 3924 2031 3974 Sambucum
2071 3941 2119 3974 St

2313 3850 2600 3905 Ilexandri
2645 3851 2897 3905 eremitae
2927 3869 2944 3905 :
2999 3847 3113 3906 inc.
3162 3861 3252 3903 τοῦ
3291 3853 3450 3923 ἁγίου
3485 3847 3806 3920 Ἀλεξάνδρου
3842 3852 3915 3896 τοῦ

2313 3930 2523 3974 εσκητοῡ
2565 3923 2714 3974 lavo:
2760 3927 2876 3974 περὶ
2932 3920 3111 3974 ἐξόδου
3169 3923 3380 3974 tunc-
3431 3930 3556 3974 Ποτὲ
3605 3919 3908 3974 διοδευόντων

554 3922 697 3976 scius
727 3922 766 3976 l.
800 3923 839 3976 I.
871 3938 929 3994 p.
974 3923 1075 3978 208
1108 3925 1385 3979 observat
1423 3924 1683 3978 Joannem
1717 3924 2031 3978 Sambucum
2071 3939 2156 3978 snt

2305 3920 2523 3994 ὶσκητοῡ
2565 3923 2714 3993 λόγος
2760 3927 2876 3994 περὶ
2932 3920 3111 3994 ἐξόδου
3169 3919 3380 3994 ψυχῆς.
3431 3930 3556 3978 flore
3605 3919 3907 3976 διοδευόντων

521 4007 708 4048 manu
741 3995 798 4048 in
837 3991 1106 4063 margine
1151 3995 1285 4050 cod.
1313 3995 1630 4050 adnotasse
1669 4003 1974 4050 auctorem
2007 3994 2123 4048 istii

2308 4003 2430 4064 ῖμών
2471 3993 2518 4045 ἐν
2553 3991 2637 4065 ira
2680 3991 2852 4065 ἐρήμῳ
2899 3991 3011 4046 ἴδον
3060 3991 3460 4065 δεᾶοήάέγῖγέλους
3514 3994 3910 4065 συνακολουθοῡ-ν·

522 4065 882 4137 narrationis
914 4061 1043 4120 esse
1073 4066 1122 4120 S.
1159 4067 1402 4121 Isaacum
1443 4066 1656 4137 Syrum,
1689 4066 1926 4122 abbatem
1965 4073 2012 4137 et
2041 4083 2172 4120 ana-
2285 4061 2377 4125 τὰς
2427 4074 2498 4135 τῷ
2542 4061 2676 4135 eaea;
2702 4061 2973 4137 ίΜὸωέαρίῳ
3010 4072 3118 4121 etc.
3168 4061 3321 4122 Add.
3382 4068 3600 4124 Fabric.
3644 4067 3786 4122 infra
3825 4061 3911 4117 lib.

521 4133 812 4190 choretam.
853 4137 935 4192 Cf.
981 4153 1165 4208 supra
1205 4133 1786 4193 notitiam'codicum
1827 4138 1952 4192 init.
1996 4136 2123 4191 huit

1656 4153 1786 4192 cum
1827 4138 1952 4192 init.
1996 4136 2172 4191 huius
2287 4137 2326 4189 V
2356 4133 2487 4207 capi.
2519 4138 2587 4191 45
2614 4133 2737 4192 Vol.
2766 4140 2806 4194 Χ
2832 4133 2890 4210 ρ.
2922 4133 3044 4194 473.
3076 4137 3258 4196 ΗΑιιι..
