4058 6194
160 291 277 347 401
674 314 681 315 ί
1709 294 1762 349 Ε]

1982 294 2125 349 ᾳΑΕ.
3482 292 3584 347 402

834 594 962 737 S.
1058 597 1873 742 MACARII
1951 599 2881 743 AEGYTPII

930 928 1965 1097 EPISTOLXE,
2042 929 2827 1068 PRECES.

1322 1358 2219 1482 PRAEMONEN
2241 1360 2476 1481 DA.

241 1751 353 1821 Qui
404 1752 716 1813 Gennadii
773 1753 881 1832 (de
935 1755 1087 1815 viris
1132 1755 1482 1815 illustribus
1535 1769 1675 1829 cap.
1738 1752 1834 1831 l0)
1888 1757 2083 1815 verba
2136 1757 2289 1815 haec
2346 1756 2494 1830 legit
2553 1776 2567 1816 :
2629 1779 2648 1811 ι
2716 1758 3019 1817 Macarius
3076 1755 3419 1815 monachus
3470 1753 3580 1812 ille

164 1848 507 1925 Aegyptius
548 1852 745 1926 signis
788 1859 850 1913 et
895 1853 1234 1913 virtutibus
1280 1853 1488 1913 clarus
1529 1868 1720 1912 unam
1771 1858 2009 1913 tantum
2055 1855 2134 1913 ad
2184 1855 2463 1914 iuniores
2510 1856 2911 1929 professionis
2953 1870 3102 1915 suae
3144 1852 3397 1926 scripsit
3440 1851 3584 1923 epi-

160 1948 408 2021 stolam,
480 1949 546 2008 in
596 1966 722 2025 qua
787 1952 968 2013 docet
1029 1952 1210 2011 illum
1282 1953 1556 2026 perfecte
1620 1967 1800 2025 posse
1862 1953 2100 2012 servire
2168 1954 2309 2021 Deo,
2376 1954 2483 2027 qui
2550 1954 2976 2013 conditionem
3042 1950 3375 2011 creationis
3439 1963 3587 2008 suae

164 2061 551 2119 cognoscens
590 2050 667 2108 ad
714 2064 933 2110 omnes
970 2051 1377 2124 semetipsum
1425 2051 1818 2109 inclinaverit
1858 2052 2128 2122 labores,
2170 2058 2231 2111 et
2278 2052 2570 2110 luctando
2623 2058 2806 2125 atque
2852 2052 2956 2110 Dei
3007 2051 3337 2109 adversum
3377 2062 3587 2114 omne.

163 2145 332 2217 quod
375 2146 443 2204 in
489 2146 608 2205 hac
647 2147 774 2206 vita
812 2163 1002 2207 suave
1040 2154 1152 2217 est,
1196 2148 1502 2208 auxilium
1538 2149 1958 2221 implorando,
2006 2149 2084 2207 ad
2132 2151 2480 2209 naturalem
2520 2164 2770 2223 quoque
2812 2148 3181 2222 perveniens
3222 2144 3586 2220 puritatem,

161 2244 619 2303 continentiam
662 2248 830 2305 velut
877 2253 1135 2306 naturae
1188 2247 1471 2306 debitum
1531 2262 1759 2305 munus
1806 2247 2150 2307 obtinuerit
2194 2268 2255 2322 »,
2304 2248 2362 2306 ei
2415 2247 2548 2306 ﬁeri
2595 2262 2716 2307 non
2768 2252 2968 2321 potest
3028 2245 3181 2319 quin
3227 2243 3586 2303 suboriatur

161 2342 466 2414 suspicio,
524 2343 862 2402 Macarium
913 2346 1287 2419 Aegyptium
1335 2345 1656 2405 doctrinae
1708 2345 2087 2417 Pelagianae,
2149 2361 2183 2403 e
2245 2360 2366 2419 qua
2411 2346 2791 2406 continentia
2837 2352 3117 2410 naturae,
3183 2357 3303 2401 non
3356 2341 3589 2414 gratiae

163 2439 404 2497 donum
447 2445 565 2508 est,
619 2442 797 2514 quasi
842 2443 1039 2502 facem
1094 2444 1483 2516 praetulisse.
1545 2444 1713 2504 Unde
1771 2443 2049 2503 Oudinus
2079 2444 2141 2502 in
2194 2445 2673 2503 Commentariis
2716 2444 2793 2501 de
2851 2441 3265 2515 scriptoribus
3313 2444 3374 2497 et
3429 2439 3588 2497 scri-

167 2538 292 2609 ptis
358 2539 800 2598 ecclesiasticis
869 2556 923 2599 v.
990 2538 1253 2600 Macarii
1319 2548 1428 2600 tres
1477 2538 1755 2609 monachi,
1813 2542 2068 2614 aliique,
2145 2542 2308 2600 inter
2382 2558 2541 2616 quos
2600 2541 3061 2600 Petitdidicrius
3131 2540 3194 2597 in
3252 2538 3417 2596 libro
3483 2537 3597 2610 qui

168 2635 543 2695 inscribitur
588 2656 602 2696 :
655 2638 1036 2712 Remarques
1091 2655 1200 2698 sur
1244 2640 1301 2698 la
1351 2638 1780 2713 bibliotheque
1827 2640 1936 2698 des
2006 2644 2261 2698 auteurs
2322 2637 2825 2712 ecclesiastiques
2867 2639 2944 2696 de
2997 2638 3071 2695 Μ.
3132 2640 3217 2694 Du
3269 2635 3375 2694 Pin
3424 2635 3594 2693 Paris

168 2734 322 2792 1692
368 2734 436 2792 Τ.
489 2734 538 2792 ll
588 2749 649 2807 p.
704 2737 816 2795 198
854 2752 1017 2811 sqq.,
1071 2738 1368 2798 homilias
1414 2752 1686 2813 quoque,
1739 2752 1901 2811 quae
1942 2738 2192 2796 Macarii
2251 2738 2531 2811 Aegyptii
2575 2738 2827 2796 nomine
2876 2737 3180 2803 feruntur,
3235 2747 3397 2808 puro
3440 2736 3593 2805 puto

173 2832 630 2906 Pelagianismo
670 2834 930 2894 infectas
976 2851 1112 2895 esse
1156 2838 1427 2911 probare
1473 2843 1614 2895 sunt
1657 2836 1884 2894 conati.
1936 2836 2164 2895 Verum
2212 2836 2476 2909 epistola
2521 2851 2555 2893 a
2610 2832 3037 2894 Petitdidierio
3087 2832 3127 2889 l.
3175 2833 3217 2889 l.
3276 2845 3338 2903 p.
3401 2832 3516 2888 220
3560 2844 3596 2888 e

168 2931 387 2990 codice
446 2946 564 2990 ms.
623 2932 911 2992 abbatiae
964 2932 1023 2995 S.
1086 2935 1293 2994 Vitoni
1353 2934 1436 3001 (S.
1494 2934 1705 2993 Vanne
1757 2932 1999 3007 prolata
2054 2935 2134 2991 ab
2187 2948 2280 3003 ea,
2338 2947 2525 3007 quam
2584 2930 2943 2990 Gennadius
2999 2934 3474 2993 commemorat,
3534 2931 3594 2984 et

168 3035 542 3103 argumento
589 3036 651 3089 et
688 3031 981 3092 universo
1022 3038 1241 3092 tenore
1284 3034 1370 3092 ita
1417 3033 1622 3099 distat,
1675 3036 1743 3090 ut
1782 3031 2000 3090 eadem
2057 3045 2201 3089 cum
2243 3030 2349 3090 illa
2399 3030 2575 3088 nullo
2619 3029 2807 3088 modo
2846 3027 3064 3086 haberi
3117 3025 3332 3099 possit.
3395 3023 3591 3092 Quam

164 3127 556 3199 ipsissimam
596 3143 699 3188 me
745 3129 808 3187 in
853 3131 1068 3190 codice
1116 3146 1230 3190 ms.
1287 3132 1441 3191 olim
1488 3129 1873 3197 Treverensi,
1925 3144 2112 3203 quem
2160 3130 2260 3187 Dr.
2308 3128 2607 3186 Binterim
2655 3142 2711 3184 ν.
2755 3126 2832 3185 cl.
2880 3124 3082 3198 pretio
3125 3127 3408 3193 emptum
3453 3125 3594 3177 ante

170 3224 288 3283 hos
334 3226 816 3297 quatuordecim
859 3243 1053 3288 annos
1098 3229 1494 3288 Bollandistis
1550 3229 1613 3286 in
1656 3227 1867 3300 Belgia
1910 3228 2079 3286 dono
2131 3226 2322 3294 dedit,
2381 3226 2687 3284 detexisse
2736 3239 2812 3284 eo
2856 3224 3055 3297 magis
3099 3221 3361 3296 gaudeo,
3423 3213 3593 3290 quod

166 3337 306 3380 eam
355 3338 436 3381 ne
470 3323 786 3383 levissima
833 3327 1090 3398 quidem
1135 3326 1444 3386 eiusmodi
1498 3327 1827 3384 haereseos
1874 3325 2120 3383 macula
2167 3338 2573 3397 consparsam
2619 3340 2753 3383 esse
2803 3323 3011 3382 statim
3073 3320 3227 3379 mihi
3285 3314 3593 3391 persuasi.

168 3420 320 3478 Eam
361 3420 555 3494 igitur
590 3422 941 3496 epistolam,
986 3439 1149 3498 quae
1191 3425 1345 3498 quin
1391 3424 1639 3483 Macarii
1688 3424 1967 3497 Aegyptii
2014 3424 2092 3483 sit
2128 3423 2402 3483 dubitari
2447 3422 2683 3496 nequit,
2732 3423 2810 3480 ad
2849 3420 3036 3478 (idem
3074 3418 3267 3478 trium
3302 3413 3593 3475 codicum

171 3518 384 3591 primo
442 3517 584 3579 loco
636 3521 972 3581 edidimus.
1030 3522 1185 3581 Huic
1236 3522 1495 3580 alteram
1553 3536 1837 3595 graecam
1909 3522 2351 3581 subiunximus
2399 3537 2433 3579 e
2488 3521 2704 3580 codice
2757 3518 3137 3579 Berolinensi
3193 3520 3461 3581 erutam,
3531 3512 3595 3569 in

173 3630 300 3689 quo
344 3617 556 3676 eidem
598 3619 866 3678 Macario
906 3619 1210 3695 Aegyptio
1257 3621 1489 3679 diserte
1526 3620 1849 3679 tribuitur.
1902 3621 2068 3690 Quae
2110 3635 2255 3679 cum
2303 3620 2551 3679 Macarii
2596 3618 2879 3692 Aegyptii
2925 3614 3208 3676 homiliis
3251 3613 3335 3671 ita
3373 3625 3599 3671 conve-

178 3714 287 3780 nit,
352 3720 423 3772 ut
480 3716 562 3774 ab
615 3716 837 3774 eodem
892 3722 1145 3777 auctore
1201 3719 1479 3791 profecta
1527 3733 1660 3777 esse
1718 3724 2032 3791 arguatur.
2087 3718 2293 3779 Tertia
2343 3732 2535 3790 porro
2588 3717 2847 3789 epistola
2908 3713 3290 3772 adscribitur
3344 3710 3596 3767 cuidam

177 3812 475 3883 Macario,
537 3829 726 3887 quem
789 3816 868 3873 ab
923 3816 1226 3889 Aegyptio
1283 3816 1603 3874 diversum
1663 3831 1795 3874 esse
1847 3823 1909 3874 et
1957 3815 2159 3891 stylus
2229 3822 2287 3874 et
2342 3815 2790 3875 sententiarum
2847 3810 3265 3882 discrepantia
3324 3806 3596 3879 prodere

181 3908 496 3969 videntur.
546 3912 840 3982 Quartam
890 3913 1161 3987 denique
1200 3914 1529 3986 epistolam
1574 3914 1932 3972 addidimus
1969 3914 2165 3980 illam,
2201 3927 2389 3986 quam
2439 3910 2899 3970 Petitdidierius
2944 3906 3177 3981 publici
3223 3904 3380 3962 iuris
3429 3901 3593 3971 fecit,

184 4022 217 4064 a
270 4008 460 4067 nobis
507 4010 584 4068 ad
643 4010 829 4069 fidem
884 4011 1156 4070 duorum
1204 4012 1493 4071 codicum
1544 4012 1945 4085 recognitam.
2008 4012 2201 4080 Quam
2262 4011 2518 4084 quidem
2570 4008 2897 4081 epistolam
2944 4020 2980 4064 e
3048 4005 3250 4078 prima
3306 4006 3368 4060 et
3416 4000 3597 4058 tertia

183 4107 591 4179 compilatam
644 4122 801 4174 esse,
864 4109 914 4166 si
968 4109 1133 4168 inter
1179 4124 1245 4167 se
1297 4109 1761 4183 comparaveris
1814 4109 1974 4178 illas,
2032 4109 2212 4168 facile
2275 4109 2604 4181 intelliges.
2661 4106 2992 4179 Reliquum
3045 4108 3161 4172 est,
3215 4105 3285 4159 ut
3351 4097 3601 4158 codices

188 4202 641 4265 describamus.

266 4310 516 4371 Primae
566 4312 865 4386 epistolae
914 4314 1162 4374 codices
1219 4319 1343 4374 tres
1397 4329 1555 4389 quos
1604 4314 1984 4374 contulimus
2040 4320 2181 4373 sunt
2248 4310 2555 4372 Vaticanus
2609 4311 3029 4372 bibliothecae
3080 4306 3427 4368 Christinae
3481 4304 3597 4364 588

194 4410 731 4479 membranaceus,
799 4426 959 4471 saec.
1017 4412 1169 4484 Xlll,
1240 4412 1302 4471 in
1354 4413 1488 4480 fol.,
1558 4413 1623 4471 in
1692 4428 1817 4487 quo
1886 4414 2151 4487 epistola
2203 4413 2428 4487 legitur
2486 4412 2591 4472 fol.
2658 4411 2949 4477 112-114,
3026 4403 3379 4465 Treverensis
3444 4403 3599 4463 olim

192 4507 611 4567 bibliothecae
660 4508 719 4568 S.
782 4509 1097 4569 Maximini
1153 4512 1261 4584 qui
1310 4525 1476 4570 nunc
1530 4510 1695 4583 apud
1766 4511 2175 4570 Bollandistas
2225 4512 2289 4570 in
2358 4510 2565 4584 Belgia
2616 4514 2985 4575 asservatur,
3058 4507 3595 4571 membranaceus,

189 4619 345 4665 saec.
399 4606 525 4679 XV,
573 4606 639 4665 in
695 4607 829 4677 fol.,
890 4613 951 4667 et
1004 4603 1442 4685 Conﬂuentinus
1503 4609 1921 4669 bibliothecae
1968 4610 2275 4683 gymnasii
2331 4611 2429 4677 23,
2486 4609 2871 4673 chartaceus,
2929 4620 3089 4664 saec.
3151 4601 3279 4673 XV,
3336 4602 3401 4660 in
3460 4600 3595 4667 fol.,

189 4702 293 4761 ubi
345 4702 455 4763 fol.
518 4702 655 4775 l25,
705 4705 888 4765 2-127
935 4712 1151 4766 exstat.
1203 4705 1270 4764 In
1304 4706 1522 4766 codice
1564 4712 1773 4765 autem
1823 4706 2114 4766 Vaticano
2157 4708 2487 4780 epistolam
2532 4705 2859 4778 excipiunt
2909 4716 3131 4762 novem
3180 4697 3478 4757 historiae
3521 4697 3602 4755 de

192 4807 438 4861 mortuo
480 4817 517 4859 a
555 4802 823 4863 Macario
865 4802 1169 4879 Aegyptio
1216 4805 1607 4879 resuscitato,
1658 4804 1736 4862 de
1774 4804 1998 4864 eodem
2045 4804 2333 4873 Macario,
2388 4809 2717 4877 postquam
2760 4799 3045 4874 fatigatus
3091 4798 3313 4866 oravit,
3360 4794 3600 4853 elevato

187 4904 244 4956 et
294 4904 470 4959 trans
514 4900 746 4959 ﬂumen
798 4902 1090 4970 demisso,
1147 4901 1225 4961 de
1280 4901 1495 4961 cranio
1551 4902 1893 4961 sacerdotis
1941 4902 2190 4975 gentilis
2249 4902 2456 4961 eidem
2509 4915 2741 4974 poenas
2788 4899 3182 4958 infernorum
3244 4896 3599 4965 enarrante,

190 4996 263 5055 de
306 4998 557 5058 duobus
603 4998 928 5058 monachis
969 5013 1130 5073 quos
1179 4999 1243 5059 in
1290 5000 1491 5059 insula
1537 5001 1733 5059 eremi
1791 5000 1992 5060 nudos
2045 5000 2385 5070 invenerat,
2431 5001 2509 5059 de
2557 5000 2840 5060 eiusdem
2894 4995 3204 5064 doctrina,
3248 5006 3362 5051 cur
3412 5004 3599 5049 acce-

191 5100 436 5167 ptarum
479 5096 557 5155 ab
587 5095 951 5156 hominibus
986 5097 1363 5156 iniuriarum
1408 5097 1868 5157 reminiscendo
1908 5098 2035 5156 vim
2067 5098 2411 5157 memoriae
2442 5098 2784 5170 laedamus,
2830 5096 3145 5154 malorum
3176 5105 3324 5151 vero
3371 5104 3405 5148 a
3450 5089 3601 5147 dae-

190 5194 479 5253 monibus
518 5193 899 5253 inﬂictorum
942 5195 1375 5254 recordatione
1432 5210 1555 5255 non
1604 5194 1950 5267 laedamus,
2001 5196 2078 5253 de
2132 5196 2399 5254 Macario
2450 5195 2751 5269 Aegyptio
2795 5208 2831 5252 e
2880 5190 3219 5265 sepulchro
3276 5188 3599 5246 mortuum

189 5293 519 5364 quendam,
561 5292 671 5366 qui
720 5292 1077 5366 depositum
1132 5293 1452 5366 quoddam
1490 5294 1601 5352 ubi
1642 5294 1925 5367 posuerit
1970 5293 2229 5366 indicet,
2278 5298 2595 5365 evocante,
2645 5292 2929 5351 eiusdem
2978 5300 3350 5362 responsum
3401 5284 3600 5341 Theo-

193 5388 337 5449 doro
383 5388 597 5449 abbati
644 5388 859 5448 datum
903 5390 981 5448 de
1030 5395 1392 5464 paupertate
1446 5392 1727 5463 pulchris
1769 5391 2122 5451 actionibus
2176 5392 2605 5463 praeferenda,
2656 5389 2940 5449 eiusdem
2992 5387 3070 5445 ad
3120 5383 3484 5451 monachos,
3534 5386 3603 5439 ut

190 5486 650 5561 multiloquium
689 5487 944 5561 fugiant,
987 5488 1357 5557 exhortatio,
1411 5490 1683 5563 denique
1730 5488 2036 5547 sententia
2080 5488 2363 5547 eiusdem
2408 5488 2682 5559 Macarii,
2732 5501 2951 5546 verum
3006 5484 3387 5543 monachum
3433 5495 3605 5539 nun-

188 5597 361 5656 qnan
412 5586 492 5645 ad
545 5586 938 5645 iracundiam
1005 5587 1265 5655 moveri,
1318 5587 1427 5646 sed
1478 5601 1728 5659 semper
1774 5601 1840 5645 se
1893 5586 2166 5645 vincere.
2224 5585 2330 5644 His
2382 5586 2651 5660 aliisque
2707 5584 3029 5644 similibus
3092 5583 3344 5641 Patrum
3400 5577 3599 5638 eremi

188 5678 451 5745 historiis
495 5684 726 5761 plenus
768 5688 861 5744 est
901 5683 1098 5745 codex
1152 5686 1283 5745 ille.
1331 5685 1539 5746 Codex
1586 5685 1743 5745 alter
1787 5684 1942 5745 olim
1988 5684 2383 5745 Treverensis
2430 5685 2597 5745 hunc
2640 5698 2791 5759 prae
2834 5696 2902 5743 se
2945 5682 3063 5742 fert
3101 5680 3376 5741 indicem
3422 5694 3439 5739 :
3481 5673 3602 5736 Ista
