4058 6194
528 293 632 350 403
1822 299 1882 355 S.
1923 301 2123 357 MACA

2270 299 2602 356 AEGYPTII
3788 304 3872 361 404

526 420 887 482 continentur
962 421 1027 484 in
1102 428 1207 483 isto
1288 424 1577 486 volumine
1615 445 1719 507 per
1798 428 2056 487 ordinem
2138 426 2500 507 requirenda.
2570 426 2741 488 Liber
2807 426 3031 506 primus
3094 432 3349 487 vitarum
3423 432 3658 505 patrum.
3740 428 3881 489 Liber

529 521 824 580 secundus.
918 518 1050 580 Vita
1122 520 1327 582 Sancti
1374 522 1645 583 Frontini
1723 525 1940 585 abbatis
1998 525 2231 585 habetur
2308 532 2432 604 post
2499 524 2711 585 librum
2785 525 3110 585 secundum.
3188 523 3360 584 Liber
3427 524 3618 583 tertius
3670 526 3883 585 vitaram

525 617 791 678 Patrum.
866 617 997 678 Vita
1061 628 1246 679 sancte
1324 620 1553 681 Marine
1621 623 1862 700 virginis
1907 644 2011 704 que
2081 625 2143 683 in
2197 628 2535 683 monasterio
2609 623 2864 682 vivorum
2942 623 3183 703 degebat.
3256 621 3383 682 Vita
3453 619 3647 680 Sancti
3701 622 3883 682 Pacho-

528 716 637 775 mii
706 736 866 797 quem
924 718 1172 797 Angelus
1248 717 1483 778 Domini
1539 720 1811 780 erudivit.
1884 720 2051 781 Liber
2106 729 2346 801 quartus
2412 721 2661 780 vitarum
2717 727 2973 799 patrum.
3054 719 3183 780 Vita
3255 718 3451 781 Sancti
3526 717 3736 777 Abrabe
3792 721 3887 779 viri

516 813 610 873 dei
689 823 811 893 post
882 824 1153 894 quartum
1232 816 1441 876 librum
1526 818 1785 878 habetur.
1856 818 2115 897 Epistola
2191 819 2336 878 be'tti
2423 817 2712 878 Macharii
2795 819 3008 877 abbatis
3093 818 3169 877 ad
3241 817 3398 888 ﬁlios
3457 836 3579 876 suos
3641 817 3873 877 dilectos.

524 912 718 974 Sermo
814 914 958 973 beati
1030 914 1320 973 athanasii
1410 916 1803 977 Alexandriae
1878 917 2131 976 civitatis
2227 918 2471 997 episcopi
2570 916 2647 976 ad
2721 916 3033 977 monachos.
3142 914 3439 995 Profectus
3518 913 3891 993 Religiosorum

525 1012 762 1071 moralis
838 1032 874 1072 a
953 1012 1104 1072 beato
1182 1011 1518 1073 Bernhardo
1609 1016 1832 1075 metrice
1910 1016 2265 1093 compositus.
2369 1014 2588 1074 0milia
2669 1013 2822 1074 beati
2915 1013 3244 1074 Bernbardi
3324 1032 3490 1090 super
3583 1012 3888 1090 evangelium

524 1110 665 1170 Ecce
740 1130 850 1168 non.
916 1117 1015 1170 etc.
1092 1110 1155 1169 in
1227 1110 1317 1170 die
1397 1112 1701 1173 Benedicti.
1785 1112 2221 1173 Constitutiones
2294 1112 2585 1173 Benedicti
2659 1132 2840 1191 papae
2917 1112 3239 1171 duodecimi
3318 1110 3385 1170 de
3485 1109 3673 1167 ordine
3733 1109 3894 1187 nigro-

519 1227 651 1266 rum
733 1209 1152 1268 monachorum.
1232 1209 1523 1271 Sermones
1619 1212 1763 1271 beati
1840 1210 2167 1270 Bernbardi
2249 1230 2418 1290 super
2493 1210 2787 1269 Psalmum
2864 1209 2979 1284 Qui
3056 1210 3294 1270 habitat.
3392 1208 3678 1268 Tractatus
3763 1206 3884 1266 beati

519 1306 786 1365 Anselmi
872 1308 1282 1370 Cantuarensis
1362 1311 1611 1389 episcopi
1700 1307 1858 1369 Unde
1937 1328 2135 1387 supra.
2215 1308 2429 1370 0milia
2504 1307 2704 1369 Sancti
2786 1307 3112 1369 Bernhardi
3193 1328 3362 1383 super
3436 1304 3766 1384 evangelium
3845 1304 3899 1362 de

532 1403 712 1463 decem
793 1406 1129 1484 virginibus.
1217 1412 1489 1483 Tempus
1544 1425 1715 1477 vero,
1777 1424 1904 1481 quo
1962 1411 2233 1483 scriptus
2285 1410 2365 1468 sit
2442 1410 2661 1477 codex,
2737 1409 2950 1469 notula
3032 1410 3189 1468 haec
3247 1409 3476 1467 indicat
3533 1425 3548 1462 ε
3598 1404 3755 1461 Anno
3819 1402 3897 1460 do-

527 1501 676 1561 mini
752 1506 899 1564 1461
974 1505 1073 1564 sub
1158 1506 1469 1566 venerabili
1503 1514 1668 1584 patre
1734 1513 1785 1566 et
1822 1505 2052 1565 domino
2122 1504 2413 1565 Anthonio
2459 1504 2669 1565 abbate
2720 1511 2967 1584 scriptus
3046 1512 3128 1565 est
3171 1504 3313 1564 liber
3360 1510 3467 1563 iste
3522 1522 3616 1581 per
3690 1500 3896 1577 fratrem

532 1598 888 1659 Ludovicum
958 1601 1275 1683 Ratbingen
1338 1606 1678 1683 professum.
1744 1602 1915 1664 Orate
1963 1623 2068 1682 pro
2131 1624 2212 1663 eo.
2285 1606 2527 1664 Tertius
2592 1606 2864 1679 denique
2926 1605 3152 1677 codex,
3228 1602 3704 1667 Conﬂuentinus,
3776 1598 3901 1656 satis

534 1699 693 1757 bene
743 1707 1050 1773 exaratus,
1084 1710 1322 1763 constat
1378 1704 1545 1763 foliis
1594 1706 1733 1771 224,
1788 1711 1854 1763 et
1895 1704 2062 1762 foliis
2092 1707 2160 1762 21
2224 1720 2386 1777 quae
2441 1710 2658 1764 vacant
2685 1704 3015 1778 scriptura.
3069 1704 3239 1763 Folia
3282 1703 3604 1761 chartacea
3637 1696 3903 1757 antecedit

536 1812 732 1856 unum
780 1814 1223 1875 pergamenum
1271 1818 1415 1861 cum
1451 1804 1659 1862 indice
1702 1817 1937 1861 rerum.
1991 1804 2053 1863 In
2099 1803 2434 1876 tegumenti
2478 1808 2653 1875 parte
2698 1804 2999 1861 interiore
3039 1802 3239 1874 legis:
3292 1796 3407 1857 Iste
3447 1796 3583 1856 liber
3623 1800 3714 1855 est.
3760 1790 3899 1850 mihi.

532 1892 600 1952 de
645 1891 849 1953 Merle.
902 1898 962 1956 ln
1005 1899 1124 1959 hoc
1167 1906 1373 1959 autem
1417 1901 1634 1959 codice
1682 1902 1836 1958 haec
1883 1902 2282 1959 continentur
2330 1923 2344 1960 :
2396 1902 2501 1959 fol.
2560 1900 2764 1973 1-32,2
2807 1901 2969 1959 liber
3013 1899 3323 1959 secundus
3362 1899 3623 1956 vitatum
3669 1896 3899 1959 Patrum,

536 2009 570 2051 a
614 1994 938 2054 Rosweido
994 1997 1198 2056 editus
1251 2000 1425 2057 Antv.
1491 2000 1641 2057 1628
1704 2014 1764 2070 p.
1828 1997 1940 2055 448
1998 2013 2163 2071 sqq.,
2225 1998 2333 2056 fol.
2388 1999 2739 2070 344-125,!
2804 1998 2965 2056 liber
3014 1998 3270 2070 quintus
3323 2002 3386 2054 et
3438 1999 3638 2053 sextus
3672 1989 3901 2049 vitatum

535 2091 786 2150 Patrum
847 2089 1074 2170 [Rosw.
1137 2111 1195 2167 p.
1257 2098 1369 2154 562
1429 2111 1592 2169 sqq.,
1628 2097 1745 2155 644
1796 2096 1987 2170 sqq.],
2040 2097 2137 2155 fol.

2293 2101 2340 2164 5,
2401 2098 2653 2166 2—!27,!
2716 2096 2920 2155 Sancti
2978 2095 3226 2154 Macarii
3276 2094 3540 2167 epistola
3594 2091 3667 2149 ad
3696 2089 3834 2147 ﬁlios
3867 2101 3895 2141 a

534 2190 718 2249 nobis
753 2191 1029 2264 primum
1071 2193 1130 2250 in
1185 2192 1387 2252 lucem
1435 2193 1699 2267 prolata,
1744 2193 1852 2253 fol.
1903 2196 2290 2263 127,1438,1
2346 2212 2380 2250 ‹‹
2420 2195 2719 2267 Excerpta
2764 2193 2942 2253 utilia
2991 2211 3026 2250 »
3065 2210 3098 2250 e
3154 2194 3317 2251 libro
3355 2191 3620 2265 septimo
3671 2188 3895 2244 vitatum

534 2286 785 2346 Patrum
841 2290 1066 2365 lgRosw.
1131 2305 1191 2362 p.
1252 2289 1415 2368 665].
1473 2292 1578 2351 fol.
1638 2294 2033 2361 138,1—1t1,2
2094 2294 2216 2350 vita
2273 2292 2331 2352 S.
2382 2292 2550 2351 Pauli
2607 2288 2831 2370 [Rosw.
2892 2306 2952 2365 p.
3007 2291 3079 2349 17
3129 2287 3322 2368 sqq.],
3377 2290 3486 2347 fol.
3540 2280 3895 2355 litt-168,2

535 2385 661 2443 vita
705 2385 763 2444 S.
815 2386 1061 2445 Antonii
1103 2389 1345 2447 abbatis
1397 2389 1623 2463 [Rosw.
1680 2405 1741 2462 p.
1795 2393 1868 2449 35
1908 2388 2096 2467 sqq.],
2151 2391 2255 2449 fol.
2314 2390 2700 2461 168,2—178,2
2747 2390 2870 2447 vita
2909 2390 2969 2448 S.
3000 2388 3338 2447 Hilarionis
3382 2383 3663 2446 monachi
3708 2378 3895 2458 [Rosw.

534 2496 595 2554 p.
660 2484 733 2540 75
785 2481 974 2561 sqq.],
1032 2485 1138 2544 fol.
1204 2487 1583 2557 l78,2-183,1
1644 2488 1766 2546 vita
1820 2489 1877 2546 S.
1932 2488 2203 2546 Simonis
2257 2486 2513 2559 Stylitae
2568 2484 2794 2564 [Rosw.
2853 2503 2909 2557 p.
2977 2489 3087 2546 170
3143 2482 3338 2564 sqq.],
3392 2485 3505 2543 fol.
3554 2475 3898 2547 183,1-185,2

538 2579 661 2637 vita
727 2580 786 2638 S.
851 2582 1071 2640 Malchi
1122 2583 1348 2656 captivi
1422 2586 1709 2643 monachi
1771 2583 1993 2663 [Rosw.
2058 2603 2118 2661 p.
2180 2583 2309 2663 93],
2370 2584 2474 2644 fol.
2555 2585 2959 2657 185,2-188,2
3015 2585 3139 2643 vita
3191 2584 3251 2642 S.
3307 2579 3632 2643 Frontouii
3697 2572 3903 2635 abbatis

535 2673 761 2753 [Rosw.
838 2693 897 2750 p.
960 2681 1075 2738 238
1146 2678 1340 2758 sqq.],
1400 2682 1506 2740 fol.
1569 2684 1964 2754 188,2-190,1
2041 2684 2164 2741 vita
2216 2684 2275 2742 S.
2334 2683 2604 2741 Matinae
2664 2683 2920 2755 virginis
2993 2679 3221 2759 [Rosw.
3287 2696 3343 2755 p.
3437 2680 3550 2738 393
3608 2672 3742 2752 sq.].
3812 2669 3898 2727 fol-

538 2776 934 2848 190,1-194,1
982 2778 1040 2836 8.
1079 2779 1393 2838 Athanasii
1439 2796 1648 2839 sermo
1690 2782 1767 2839 ad
1799 2782 2183 2840 monachos:
2240 2782 2372 2840 «Et
2418 2781 2468 2839 si
2520 2782 2671 2854 quid
2701 2780 3107 2853 gloriati—et
3154 2781 3312 2839 Deus
3358 2780 3535 2854 pacis
3581 2774 3695 2834 erit
3735 2767 3905 2828 vobis-

532 2887 678 2932 cum
734 2894 785 2943 ι,
837 2875 945 2948 qui
984 2882 1181 2935 exstat
1223 2878 1287 2936 in
1333 2876 1391 2936 S.
1444 2879 1760 2938 Athanasii
1802 2878 1956 2953 Opp.
2001 2880 2100 2937 ed.

2299 2880 2374 2937 id.
2425 2880 2654 2938 Patavii
2707 2882 2855 2937 1777
2891 2880 2957 2936 Τ.
2998 2879 3045 2936 Ιιη
3090 2893 3150 2951 p.
3198 2879 3337 2947 642,
3393 2877 3499 2937 fol.
3551 2867 3901 2939 194,1-198,1

533 2969 659 3029 vita
707 2971 767 3030 S.
822 2973 1101 3047 Pelagiae
1142 2976 1493 3035 meretricis
1538 2974 1759 3053 [Rosw.
1813 2993 1873 3051 p.
1934 2977 2051 3036 376
2096 2976 2288 3053 sqq.],
2338 2976 2440 3036 fol.
2501 2978 2885 3044 198,1-210,l
2933 2976 3056 3034 vita
3102 2976 3202 3035 SS.
3264 2974 3530 3049 Epicteti
3599 2960 3908 3044 presbyteri

531 3073 592 3128 et
640 3070 910 3130 Astionis
956 3074 1244 3132 monachi
1287 3071 1516 3152 [Rosw.
1572 3088 1631 3148 p.
1681 3078 1793 3135 211
1845 3070 2037 3153 sqq.],
2091 3074 2198 3133 fol.
2246 3076 2652 3143 210,1-218,2
2708 3075 2830 3133 vita
2874 3072 2933 3131 S.
2986 3074 3274 3132 Abrahae
3312 3073 3616 3133 eremitae
3689 3065 3904 3142 IROSW-

533 3180 596 3239 p.
649 3170 760 3231 144
806 3167 973 3247 sqq.]
1040 3175 1100 3229 et
1144 3172 1264 3230 vita
1318 3174 1376 3231 S.
1428 3172 1657 3232 Mariae
1713 3174 2061 3233 meretricis
2104 3173 2307 3246 neptis
2351 3173 2637 3231 Abrahae
2689 3172 2988 3231 eremitae
3046 3172 3269 3250 [Rosw.
3307 3186 3367 3245 p.
3437 3170 3548 3230 368
3578 3160 3755 3240 sqq.],
3818 3156 3906 3216 fol.

530 3264 933 3334 218,2-222,2
980 3268 1103 3326 vita
1148 3268 1209 3327 S.
1262 3270 1711 3347 Euphrosynae
1744 3271 1999 3343 virginis
2050 3269 2272 3348 [Rosw.
2324 3286 2383 3343 p.
2428 3272 2541 3330 363
2587 3267 2778 3347 sqq.],
2832 3270 2942 3329 fol.
2994 3271 3393 3336 222,2-231,1
3451 3269 3575 3327 vita
3614 3265 3671 3324 S.
3720 3257 3909 3319 Mariae

533 3362 942 3434 Aegyptiacae
1009 3362 1234 3441 [Rosw.
1315 3383 1375 3439 p.
1463 3370 1575 3426 382
1640 3366 1829 3446 sqq.],
1906 3369 2009 3427 fol.
2086 3367 2481 3436 231,125.24
2564 3365 2819 3427 Palladii
2896 3368 3165 3426 Historia
3224 3368 3517 3427 Lausiaca
3595 3373 3775 3434 usque
3846 3349 3909 3409 ad

531 3460 725 3517 verba
784 3478 797 3517 :
856 3478 886 3514 «
944 3460 1019 3518 de
1076 3462 1374 3534 periculis
1428 3464 1700 3523 liberare
1754 3470 1816 3524 et
1870 3479 2317 3538 cognoscamus
2372 3480 2596 3524 earum
2648 3465 2814 3538 apud
2864 3464 3190 3523 dominum
3240 3464 3589 3538 potentiam
3645 3480 3666 3512 ι
3717 3452 3907 3534 [305W-

533 3570 597 3629 p.
650 3555 1028 3636 964-9992].
1080 3558 1346 3634 Explicit
1388 3562 1585 3621 codex
1634 3580 1645 3619 :
1694 3564 1766 3621 Et
1801 3562 1891 3621 sic
1935 3568 2026 3622 est
2072 3562 2211 3621 ﬁnis
2253 3563 2441 3621 huius
2487 3561 2799 3636 opusculi.

1584 3765 1784 3819 Pcnna
1811 3762 1917 3819 fuit
1938 3763 2073 3819 vilis
2107 3768 2161 3820 et
2187 3764 2393 3835 palma
2417 3762 2569 3837 [fuit]
2605 3761 2892 3835 puerilis;

1582 3854 1798 3909 Dentur
1827 3869 1936 3925 pro
1967 3869 2167 3925 penna
2199 3853 2470 3925 scriptori
2500 3852 2720 3908 caelica
2746 3866 2950 3921 regna.

610 4046 949 4120 Epistolam
1018 4048 1355 4106 secundam
1408 4063 1694 4121 graecam
1743 4063 1779 4107 e
1843 4048 1983 4107 cod.
2039 4063 2153 4106 ms.
2222 4062 2313 4121 gr.
2376 4048 2446 4105 Νο
2502 4049 2569 4105 16
2628 4046 2780 4106 Bibl.
2858 4047 2997 4120 Reg.
3069 4046 3491 4106 Berolinensis
3562 4035 3905 4110 bombycino

531 4144 807 4216 optimae
855 4149 1037 4202 notae
1077 4145 1139 4201 in
1190 4146 1321 4212 fol.,
1375 4145 1485 4203 ubi
1530 4146 1863 4205 duodecim
1914 4145 2133 4203 ultimi:

2312 4145 2388 4202 iis
2440 4151 2634 4203 exstat
2680 4145 2798 4203 sub
2849 4145 3077 4204 titulo:
3124 4149 3215 4193 τοῦ
3256 4141 3417 4193 αὐτοῦ
3470 4141 3621 4213 ἁγίου
3674 4132 3909 4203 Μακαρίαν

537 4235 782 4295 ἐπιστολὴ
842 4237 1040 4309 μεγάλη
1103 4244 1192 4289 καὶ
1248 4242 1381 4290 πάνυ
1437 4240 1709 4313 ὠφέλιμος,
1759 4242 2083 4313 descripsi.
2132 4284 2139 4298 λ

2310 4243 2514 4299 :edunt
2562 4242 2708 4300 inde
2753 4242 2832 4299 ab
2879 4242 3060 4301 initio
3103 4243 3340 4302 codicis
3392 4247 3497 4293 Τοῦ
3552 4240 3696 4289 ὁσίου
3746 4228 3912 4299 πατρὸς

535 4335 680 4406 ἡμῶν
711 4339 985 4407 Μακαρίου
1039 4342 1130 4386 τοῦ
1186 4335 1467 4407 αἱγυπτίου
1512 4336 1714 4407 ὁμιλίαι
1755 4340 2120 4407 πνευματικαὶ,
2152 4338 2286 4386 πάνυ
2334 4334 2526 4397 πολλῆς
2576 4335 2811 4407 ὠφελείας
2856 4338 3271 4412 πεπληρωμέναι,
3323 4343 3444 4410 περὶ
3495 4344 3585 4397 τῆς
3625 4329 3907 4404 ὀφειλομένης

533 4427 623 4474 καὶ
674 4420 1104 4494 σπουδαζομένης
1151 4432 1482 4495 χριστιανοῐς
1539 4425 1890 4498 τελειότητος
1946 4427 2111 4486 unde

2316 4428 2479 4486 01am
2529 4429 2687 4487 hanc
2740 4429 3025 4488 eiusdem
3069 4444 3203 4487 esse
3254 4429 3506 4488 Macarii
3562 4422 3918 4484 manifestum

534 4528 644 4581 est.
723 4524 804 4581 De
861 4524 980 4583 hoc
1052 4525 1267 4583 codice
1316 4525 1499 4597 plura
1569 4525 1847 4585 invenies
1901 4525 2059 4583 infra
2117 4531 2364 4585 nostrae
2429 4525 2694 4585 editioni
2749 4528 2807 4585 S.
2872 4527 3117 4585 Macarii
3175 4526 3463 4605 Aegyptii
3539 4519 3915 4582 Homiliarum

535 4621 903 4695 praemissa.
937 4623 1299 4682 Versionem
1328 4624 1626 4697 epistolae
1656 4623 1910 4682 latinam
1942 4629 2216 4683 nostram
2248 4624 2626 4683 addidimus.

616 4748 705 4806 Ad
758 4748 1004 4807 tertiam
1055 4748 1389 4823 epistolam
1442 4750 1611 4822 quod
1660 4748 1897 4821 attinet,
1954 4748 2372 4807 bibliothecae
2428 4748 2853 4821 Butgundicae
2908 4747 3326 4808 Bruxellensis
3373 4748 3660 4807 codicem
3711 4740 3919 4800 charta-

534 4861 741 4920 ceum,
805 4862 966 4905 saec.
1011 4848 1132 4919 XV,
1190 4848 1250 4905 in
1286 4849 1418 4913 fol.,
1470 4848 1543 4906 N°
1592 4849 1806 4913 15010,
1864 4847 1972 4905 ubi
2010 4852 2205 4905 exstat
2259 4848 2362 4907 fol.
2408 4849 2507 4915 67,
2550 4846 2611 4918 2,
2663 4847 2816 4919 quin
2862 4861 3008 4905 cum
3059 4853 3227 4905 textu
3264 4846 3564 4905 Holstenii
3615 4840 3757 4899 Cod.
3800 4838 3915 4903 Reﬁ-

536 4944 600 5001 Τ.
663 4945 680 5003 l
729 4960 791 5017 p.
852 4948 922 5003 2!
956 4945 1261 5004 Bruxellis
1318 4960 1568 5004 versans
1610 4944 1984 5011 conferrem,
2038 4945 2378 5019 impeditus
2423 4960 2583 5004 sum.
2642 4945 2914 5003 Titulum
2950 4946 3154 5004 solum
3213 4950 3273 5003 et
3313 4943 3661 5003 clausulam
3710 4950 3780 4995 ex
3822 4932 3921 4990 hoc

535 5041 752 5102 codice
790 5043 1092 5116 descripsi
1142 5048 1202 5102 et
1248 5058 1363 5102 suo
1401 5043 1540 5102 loco
1584 5043 1813 5115 recepi.
1854 5043 2140 5102 Ceterum
2192 5042 2440 5102 Macarii
2487 5043 2891 5102 Alexandrini
2936 5058 3070 5101 esse
3113 5043 3447 5117 epistolam
3510 5038 3674 5099 haud
3715 5040 3921 5094 temere

531 5140 842 5214 suspicari
872 5141 1027 5199 mihi
1061 5141 1295 5201 videor.

609 5265 877 5334 Quartae
928 5265 1198 5337 denique
1257 5265 1557 5338 epistolae
1624 5280 1661 5322 a
1713 5267 1923 5324 nescio
1980 5280 2105 5339 quo
2179 5264 2675 5325 consarcinataes
2730 5265 2980 5324 codices
3030 5266 3183 5337 duo,
3237 5279 3396 5338 quos
3476 5259 3735 5325 contuli,
3797 5252 3918 5311 sunt

544 5358 983 5420 Vindobonensis
1050 5362 1466 5422 bibliothecae
1519 5363 1852 5421 Caesareae
1917 5364 2096 5435 4800,
2155 5364 2309 5422 olim
2363 5364 2501 5422 cod.
2576 5363 2766 5421 theol.
2827 5365 2966 5431 361,
3025 5364 3479 5432 membranae,
3556 5372 3710 5417 saec.
3786 5346 3913 5414 XIV,

533 5461 643 5518 ubi
697 5466 893 5519 exstat
945 5461 1052 5519 fol.
1116 5462 1249 5532 146,
1307 5463 1364 5528 2,
1424 5465 1487 5521 et
1535 5457 1927 5520 Bruxellensis
1985 5462 2401 5521 bibliothecae
2457 5461 2884 5533 Butgundicae
2935 5461 3301 5520 chartaceus
3347 5473 3507 5518 saec.
3567 5455 3663 5515 XV
3720 5452 3777 5509 in
3823 5445 3913 5503 fol.

533 5558 607 5617 N°
679 5561 893 5625 15011,
951 5559 1061 5618 ubi
1130 5558 1355 5634 legitur
1406 5560 1513 5619 fol.
1592 5558 1753 5629 68,1.
1827 5560 2120 5621 Codicem
2187 5558 2464 5631 priorem
2533 5557 2861 5631 descripsit
2933 5558 3114 5619 Denis
3182 5559 3369 5619 Catal.
3445 5555 3577 5613 Vol.
3632 5551 3680 5610 ll
3743 5547 3805 5607 Τ.
3876 5540 3912 5603 Ι,

533 5670 596 5731 p.
645 5656 785 5717 802.
