4058 6194
146 301 254 359 105
1666 296 1748 353 ΕΡ

1978 296 2073 353 \E.
3476 303 3580 359 406

217 431 564 505 Reliquum
622 435 714 488 est
754 433 822 488 ut
867 443 1156 489 moneam
1213 428 1272 487 S.
1335 427 1587 487 Macarii
1663 427 1946 502 Aegyptii
1995 427 2410 500 epistolarum
2445 427 2636 486 etiam
2685 429 2844 488 alios
2898 427 3147 489 codices
3201 444 3351 489 mss.
3417 443 3576 489 non-

144 530 297 588 dum
349 529 615 589 collatos
664 528 729 587 in
784 528 1185 587 bibliothecis
1238 526 1630 586 delitescere.
1693 526 1796 584 Sic
1846 531 1998 584 teste
2051 521 2322 599 Gatalogo
2373 523 2534 582 codd.
2598 524 2850 603 Angliae
2904 528 3039 586 Vol.
3107 529 3128 585 Ι
3177 533 3238 586 et
3286 527 3336 586 Il
3381 532 3579 586 exstat

144 628 208 686 in
251 626 446 686 codd.
515 627 762 700 Digbaei
824 625 896 685 N°
959 627 1107 684 1634
1165 629 1226 684 et
1273 625 1338 683 in
1395 624 1578 683 codd.
1639 624 1873 682 Bodlei.
1929 624 2000 682 N0
2049 624 2312 689 2211,22
2372 639 2443 681 ac
2491 625 2566 682 No
2621 624 2843 696 2572,8
2903 623 3162 684 Macarii
3208 622 3455 703 epistola
3498 622 3577 682 ad

146 722 322 801 ﬁlios,
372 726 438 784 in
482 725 664 784 codd.
716 724 952 784 Bodlei.
1006 724 1080 782 N0
1134 725 1395 791 2229,13
1454 728 1514 781 et
1571 722 2004 794 Cantabrigiae
2051 721 2114 779 in
2173 721 2310 780 cod.
2371 722 2597 780 domus
2648 723 2707 782 S.
2767 725 2926 782 Petri
2975 724 3052 781 No
3121 725 3379 792 1776,15
3441 720 3577 785 Ma-

144 821 297 880 carii
357 819 598 898 epistola
648 819 727 879 ad
788 818 1098 888 monachos,
1156 823 1219 880 in
1274 820 1457 880 codd.
1519 820 1673 879 eccl.
1737 820 2012 878 cathedr.
2078 817 2564 879 Sarisburiensis
2616 821 2689 878 N°
2746 821 2897 879 1042
2962 819 3224 880 Macarii
3279 817 3570 900 epistolae.

149 922 323 979 Teste
389 921 850 980 Montfauconio
904 925 1099 979 exstat
1170 919 1499 978 Mediolani
1556 919 1621 976 in
1675 918 1857 976 codd.
1921 917 2160 990 graecis
2232 917 2388 976 Bibl.
2457 919 2904 977 Ambrosianae
2963 917 3220 978 Macarii
3275 918 3576 978 cuiudams

150 1015 415 1076 monachi
458 1015 699 1093 epistola
747 1014 824 1075 ad
864 1014 1198 1075 Macarium
1254 1017 1440 1094 (Bibl.
1495 1015 1861 1076 bibliothec.
1926 1029 2072 1072 mss.
2125 1017 2192 1072 T.
2252 1015 2269 1072 1
2321 1030 2381 1088 p.
2451 1013 2616 1090 50t),
2667 1016 3015 1075 Florentiae
3073 1007 3137 1076 in
3192 1018 3576 1078 bibliotheca

156 1117 727 1176 Camaldulensium
795 1115 864 1174 B.
923 1115 1154 1175 Mariae
1213 1116 1290 1175 de
1359 1113 1608 1187 Angelis
1658 1109 1718 1172 S.
1790 1109 2048 1172 Macarii
2097 1110 2314 1170 abbatis
2385 1110 2661 1192 Aegyptii
2715 1111 2978 1190 epistolae
3047 1112 3230 1190 (ibid.
3289 1130 3350 1188 p.
3427 1118 3568 1174 413.
3682 1125 3684 1128 ’

158 1215 318 1289 430),
365 1215 429 1272 in
471 1215 660 1274 codd.
713 1214 1072 1274 monasterii
1120 1215 1182 1273 S.
1228 1213 1511 1274 Audoeni
1561 1213 2094 1286 Rothomagensis,
2141 1228 2304 1272 nunc
2354 1212 2512 1272 Bibl.
2557 1213 2735 1285 pubi.
2789 1214 3300 1286 Rothomagensis
3339 1214 3412 1271 No
3457 1215 3575 1274 508

154 1313 609 1380 membranac.,
653 1308 892 1388 epistola
937 1308 1198 1372 Macarii
1253 1308 1392 1369 data
1442 1307 1519 1368 ad
1558 1306 1864 1369 monachos
1910 1308 2092 1386 (ibid.
2155 1311 2221 1368 T.
2281 1309 2332 1368 ΙΙ
2375 1325 2435 1382 p.
2507 1311 2657 1368 1238
2713 1328 2726 1379 ;
2780 1311 3006 1370 Haenel
3054 1311 3322 1385 Catalogi
3371 1311 3580 1370 libro-

152 1425 290 1469 rum
350 1424 502 1469 mss.
567 1425 627 1484 p.
682 1408 848 1486 423).
924 1409 1176 1468 Taurini
1246 1410 1309 1468 in
1379 1410 1518 1468 cod.
1574 1409 1652 1468 80
1700 1415 1793 1467 est
1858 1405 2096 1485 epistola
2145 1404 2207 1467 S.
2281 1405 2577 1468 Macha-rii
2633 1406 2711 1466 ad
2778 1405 3072 1466 monachos
3137 1408 3202 1466 in
3281 1408 3576 1482 gallicum

152 1523 514 1567 sermonem
562 1522 886 1578 conversa,
938 1508 1118 1567 cuius
1149 1508 1403 1567 initium
1455 1525 1468 1564 :
1505 1526 1537 1563 «
1586 1507 1648 1567 Si
1697 1522 1821 1580 ung
1858 1507 2113 1566 homme
2159 1506 2438 1580 cognoist
2488 1506 2634 1565 bien
2675 1522 2798 1580 que
2843 1508 2888 1565 il
2938 1512 3030 1566 est
3063 1512 3125 1566 et
3167 1522 3291 1581 que
3331 1509 3424 1564 est
3465 1521 3578 1566 son

152 1606 449 1666 Createur
497 1611 559 1666 et
602 1607 645 1666 il
695 1621 763 1666 se
809 1607 977 1665 veult
1019 1607 1298 1679 repentir
1341 1606 1420 1664 de
1470 1620 1568 1664 ses
1611 1605 1840 1679 peches
1881 1609 1997 1663 cet.
2044 1603 2205 1675 (Mss.
2260 1605 2442 1663 codd.
2505 1605 2657 1663 Bibl.
2706 1605 2850 1678 Reg.
2903 1605 3299 1663 Taurinensis
3351 1605 3580 1664 Tauri-

149 1719 262 1764 nae
308 1706 468 1763 1749
517 1705 583 1763 Τ.
647 1704 695 1763 lI
753 1719 815 1778 p.
871 1703 1035 1781 482).
1095 1703 1348 1763 Parisiis
1391 1704 1454 1762 in
1512 1703 1671 1762 Bibl.
1722 1703 1895 1776 publ.
1952 1703 2092 1763 cod.
2142 1705 2256 1761 916
2302 1707 2497 1761 exstat
2543 1699 2780 1780 epistola
2822 1699 2882 1762 S.
2933 1699 3192 1763 Macarii
3236 1698 3456 1760 abbatis
3502 1698 3580 1758 ad

153 1797 398 1860 Esaiam
427 1799 720 1871 abbatem;
747 1801 900 1861 item
926 1802 990 1860 in
1020 1803 1160 1861 cod.
1198 1804 1312 1862 975
1347 1797 1418 1859 S.
1451 1799 1714 1861 Macarii
1741 1797 1995 1878 epistola.

229 1901 432 1960 Porro
486 1901 892 1961 Assemannio
935 1906 1189 1960 auctore
1231 1901 1482 1959 arabice
1540 1904 1780 1958 exstant
1821 1899 1886 1958 in
1924 1899 2140 1958 codice
2183 1915 2240 1958 a.
2293 1900 2434 1958 Chr.
2488 1901 2638 1958 1055
2693 1899 2928 1972 scripto
2978 1902 3037 1957 ις.
3089 1895 3349 1958 Macarii
3403 1894 3583 1955 abba-

153 1998 223 2056 tis
273 1996 555 2076 epistolae
608 2004 658 2056 et
723 2015 1000 2058 sermones
1055 1997 1130 2056 ad
1186 1994 1480 2056 monachos
1545 1993 1656 2056 XX
1677 1993 1772 2066 VI,
1827 2003 1889 2056 et
1945 1997 2009 2055 in
2065 1997 2190 2056 alio
2248 1996 2463 2055 codice
2515 1997 2768 2055 arabico
2839 1997 3074 2069 scripto
3130 2012 3184 2054 a.
3244 1995 3386 2055 Chr.
3463 1997 3580 2054 885

157 2093 212 2157 S.
259 2094 533 2156 Macarii
569 2114 748 2156 sermo
800 2094 869 2155 de
910 2093 1182 2156 Oratione
1220 2103 1407 2171 atque
1453 2093 1685 2173 epistola
1740 2092 1816 2152 ad
1871 2091 2165 2152 monachos
2224 2092 2412 2172 (Bibl.
2481 2095 2713 2154 Orient.
2768 2095 2834 2153 T.
2893 2095 2938 2152 Il
2984 2111 3046 2167 p.
3101 2094 3266 2170 511).
3327 2093 3581 2166 Syriace

153 2201 363 2255 autem
416 2196 483 2254 in
547 2195 688 2255 cod.
742 2195 1038 2255 Nitriensi
1101 2197 1172 2255 18
1243 2199 1493 2254 exarato
1541 2211 1596 2253 a.
1672 2194 1780 2252 Cb.
1844 2192 1954 2252 769
2028 2193 2314 2266 leguntur
2367 2189 2627 2251 Macarii
2683 2189 2895 2270 Magni
2964 2194 3242 2270 Aegyptii
3305 2186 3585 2267 discipuli

149 2291 202 2354 S.
273 2291 525 2352 Antonii
591 2310 868 2352 sermones
938 2288 1045 2350 III
1118 2296 1171 2350 et
1246 2287 1519 2369 epistolae
1598 2287 1764 2358 VIII,
1835 2296 1897 2350 et.
1973 2287 2230 2350 Macarii
2305 2287 2701 2348 Alemanalri-ni
2797 2307 3077 2349 sermones
3154 2285 3253 2346 III
3339 2293 3389 2346 et
3465 2285 3583 2365 epi-

165 2390 310 2449 tolae
374 2387 496 2448 VII
543 2389 724 2468 (ibid.
788 2391 855 2450 T.
912 2391 932 2448 1
980 2405 1042 2464 p.
1104 2388 1270 2463 567).
1329 2391 1482 2449 Item
1539 2391 1603 2449 in
1659 2389 1798 2449 eod.
1870 2389 2160 2448 Beroensi
2219 2389 2454 2461 scripto
2510 2404 2564 2447 a.
2629 2390 2780 2448 1578
2840 2389 3251 2447 inveniuntur
3321 2382 3581 2447 Macarii

157 2487 440 2568 Aegyptii
507 2506 784 2547 sermones
841 2484 938 2547 ΙΙΙ
1010 2493 1066 2546 et
1133 2483 1398 2564 epistolae
1470 2483 1623 2545 VIII
1671 2491 1732 2546 et
1790 2484 2048 2547 Macarii
2105 2484 2504 2545 Alexandrini
2570 2503 2847 2544 sermones
2926 2482 2990 2544 II
3048 2491 3099 2543 et
3165 2482 3435 2562 epistolae
3494 2479 3583 2541 IX

154 2585 338 2663 (ibid.
388 2602 451 2660 p.
503 2585 688 2662 586);
733 2588 884 2646 item
926 2586 992 2646 in
1040 2587 1257 2646 codice
1303 2586 1552 2662 syriaco
1599 2585 1658 2651 6,
1712 2590 1965 2644 exarato
1996 2601 2051 2642 a.
2106 2586 2280 2651 1223,
2322 2580 2382 2642 S.
2427 2581 2686 2644 Macarii
2729 2581 3002 2662 Aegyptii
3048 2599 3326 2641 sermones
3369 2577 3476 2638 III
3521 2585 3584 2639 et

154 2683 426 2764 epistolae
503 2682 581 2754 Χ,
655 2691 716 2746 et
785 2682 1043 2747 Macarii
1111 2681 1506 2743 Alexandrini
1585 2701 1860 2742 sermones
1946 2679 1995 2740 V
2070 2688 2129 2743 et
2207 2679 2447 2761 epistola
2542 2681 2617 2741 ad
2715 2678 3203 2741 sanctimonialem
3291 2675 3582 2758 quandam

155 2785 342 2861 (ibid.
376 2799 440 2858 p.
479 2782 644 2860 610).

233 2883 294 2943 8.
345 2882 599 2942 Macarii
632 2883 850 2941 Preces
891 2897 924 2940 e
972 2881 1392 2942 Bibliothecae
1429 2879 1924 2940 Vindobonensis
1967 2879 2182 2938 codice
2216 2895 2332 2938 ms.
2383 2879 2573 2939 theol.
2620 2894 2824 2953 graec.
2866 2881 3004 2947 231,
3057 2877 3210 2938 olim
3264 2879 3360 2944 76,
3408 2875 3587 2934 char-

156 2987 356 3048 taceo,
427 2980 710 3054 antiquo,
770 2980 836 3039 in
901 2983 984 3046 5°,
1049 2980 1451 3054 proferimus,
1513 2978 1623 3038 ubi
1695 2979 1801 3038 fol.
1859 2979 1956 3044 61,
2035 2980 2060 3035 1
2129 2992 2268 3051 sqq.
2330 2977 2642 3050 leguntur,
2706 2979 3114 3050 sequentibus
3182 2973 3440 3033 canticis
3504 2971 3584 3030 ad

159 3079 221 3138 S.
281 3078 623 3138 Antonium
667 3083 730 3138 et
781 3079 842 3138 S.
896 3077 1248 3138 Onut‘rium.
1313 3077 1515 3148 Quare
1561 3075 1809 3135 Macarii
1865 3073 2149 3148 Aegyptii
2203 3074 2344 3133 illas
2386 3090 2521 3133 esse
2565 3074 2910 3133 verisimile
2961 3074 3144 3132 nobis
3199 3072 3404 3130 visum
3461 3074 3579 3127 est.

162 3175 460 3236 Codicem
516 3176 882 3236 Lambecius
923 3174 1344 3236 Commentar.
1405 3176 1470 3234 T.
1529 3173 1609 3233 III
1659 3174 1761 3233 ed.
1813 3173 2007 3232 altera
2054 3187 2116 3245 p.
2177 3174 2291 3230 372
2344 3187 2508 3246 sqq.,
2565 3173 2642 3232 de
2698 3171 2905 3232 Nessel
2952 3171 3143 3230 Catal.
3184 3170 3252 3226 T.
3295 3169 3415 3241 1p.
3461 3166 3577 3224 327

169 3291 313 3350 sqq.
345 3274 837 3349 descripserunt.

181 3407 3580 3438 _______—____________________

1832 3558 1922 3678 l.

477 3759 1182 3886 EPISTOLA
1252 3761 1771 3890 SANCTI
1833 3766 2456 3889 MACARII
2520 3762 3247 3885 AEGYPTII.

222 4039 344 4090 Cod.
376 4053 478 4088 ms.
509 4038 629 4088 Vat.
660 4038 790 4088 Bibl.
843 4037 1138 4089 Christiane
1191 4040 1282 4088 588
1342 4040 1702 4092 membranae.
1732 4043 1882 4094 Saec.
1907 4055 2013 4095 xm
2045 4043 2136 4092 fol.
2213 4082 2226 4095 .
2301 4078 2313 4090 .
2385 4077 2395 4087 .
2467 4074 2479 4086 .
2553 4075 2563 4086 .
2636 4075 2647 4087 .
2719 4074 2730 4084 .
2802 4074 2812 4086 .
2884 4074 2894 4086 .
2966 4072 2977 4084 .
3049 4072 3058 4084 .
3131 4069 3143 4082 ι
3214 4070 3226 4083 .
3299 4071 3311 4082 ι
3381 4069 3394 4083 .
3465 4065 3479 4080 ο
3546 4033 3589 4081 Α

223 4101 346 4152 Cod.
377 4115 478 4151 ms.
507 4101 635 4150 olim
662 4101 791 4151 Bibl.
815 4100 866 4150 S.
887 4101 1158 4151 Maximini
1178 4103 1535 4160 Treverensis,
1559 4119 1703 4155 nunc
1743 4107 2192 4156 Bollandistarum
2213 4101 2488 4161 Bruxellis,
2521 4100 2884 4151 membranae.
2918 4098 3064 4149 Saec.
3091 4109 3174 4150 xv
3206 4097 3279 4148 fol
3307 4132 3318 4145 .
3389 4131 3401 4144 .
3472 4131 3484 4144 .
3551 4095 3590 4161 Ι)

217 4165 339 4215 God.
379 4179 480 4214 ms.
509 4164 915 4215 Conﬂuentinus
943 4165 1068 4214 Bibl.
1121 4165 1396 4226 Gymnasii
1445 4156 1942 4219 23'chartac.Saec.
1982 4180 2060 4220 xv
2086 4168 2160 4219 fol
2193 4205 2204 4218 .
2281 4203 2292 4216 .
2365 4201 2378 4214 .
2465 4156 2488 4216 .’
2553 4201 2563 4213 .
2634 4198 2646 4210 .
2715 4197 2728 4210 .
2801 4199 2813 4212 .
2887 4201 2899 4213 .
2968 4195 2982 4209 .
3053 4197 3064 4209 .
3137 4198 3148 4209 .
3223 4197 3234 4208 .
3303 4196 3316 4210 .
3387 4194 3398 4206 .
3467 4191 3480 4206 .
3550 4156 3588 4207 C

223 4351 408 4402 Exstat
429 4352 560 4416 haec
591 4351 820 4416 epistola
848 4351 968 4416 cod.
991 4351 1391 4416 Afol.112-l15,
1415 4353 1533 4403 cod.
1554 4354 1589 4404 Β
1610 4353 1717 4404 fere
1749 4355 1943 4414 medio,
1963 4359 2017 4405 et
2041 4355 2158 4406 cod.
2191 4355 2228 4406 C
2259 4354 2350 4405 tot.
2395 4354 2502 4412 125,
2544 4352 2713 4401 2—127.
2745 4351 2818 4401 De
2847 4348 3123 4400 codicibus
3158 4350 3209 4399 et
3239 4347 3305 4398 de
3360 4340 3594 4411 epistola-

174 4415 612 4477 praemonuimus
628 4413 805 4478 supra
826 4413 928 4464 col.
960 4415 1184 4464 101-104.

225 4621 445 4690 Incipit
493 4620 742 4689 epistola
770 4619 963 4676 sancti
994 4619 1292 4676 Macharii
1318 4619 1401 4676 ad
1422 4620 1579 4689 ﬁlios
1607 4621 1718 4678 Dei
1747 4621 1819 4694 ¹).
1855 4626 1898 4676 Α
1935 4627 2026 4678 tas
2055 4623 2165 4678 sibi
2192 4622 2441 4679 iniurias
2500 4621 2761 4685 sutierat,
2814 4625 2869 4676 et
2901 4624 2965 4676 ut
2993 4618 3134 4675 odio
3157 4616 3380 4673 habeat
3410 4628 3592 4670 omne

238 4711 296 4766 ln
309 4710 522 4782 primis
534 4710 772 4781 quidem
786 4710 832 4764 si
847 4709 1421 4782 ’)coeperit')homo
1441 4711 1822 4783 semetipsum
1934 4711 2303 4781 refrigerium
2327 4709 2660 4782 corporale,
2682 4715 2737 4766 et
2757 4714 2820 4764 ut
2839 4708 3042 4777 diligat
3067 4707 3373 4777 planctum
3399 4702 3592 4772 magis

173 4813 513 4869 agnoscere,
542 4804 896 4854 curcreatus
919 4799 1011 4864 sit,
1041 4798 1391 4854 etfactorem
1417 4815 1592 4854 suum
1620 4800 1823 4865 deum,
1933 4817 2121 4874 quam
2171 4800 2379 4856 risum.
2415 4803 2550 4856 Post
2581 4799 2689 4854 hec
2731 4798 2944 4853 tribuet
2991 4794 3072 4851 illi
3103 4792 3462 4848 desiderium
3494 4789 3596 4845 tle-

175 4893 304 4943 tunc
333 4889 579 4961 incipiet
607 4888 911 4960 poenitere
943 4888 987 4958 ⁴)
1011 4903 1191 4959 super
1213 4887 1352 4954 hiis,
1381 4905 1498 4960 que
1529 4889 1828 4945 commisit
1938 4896 2101 4946 tuum
2118 4878 3596 4961 planctumqueethumilitatemethumiliacionem

175 4978 228 5031 in
253 4980 294 5047 ⁸)
314 4983 584 5050 tempore
606 4977 975 5047 negligeneie
993 4993 1122 5032 sue.
1155 4977 1246 5033 Sic
1266 4978 1512 5033 demum
1532 4977 1829 5049 benignus
1936 4979 2155 5046 cordis,
2179 4984 2236 5034 et
2254 4984 2316 5033 ut.
2344 4977 2574 5034 trabem
2613 4974 2769 5032 oculi
2801 4975 2892 5029 sui
2923 4973 3278 5034 consideret,
3307 4983 3427 5024 non
3451 4965 3598 5024 alte-

176 5065 312 5122 deus
360 5067 468 5123 dat
519 5067 600 5122 illi
653 5067 959 5123 tristiciam
994 5083 1103 5139 pro
1144 5066 1428 5140 peccatis,
1459 5071 1516 5122 et
1555 5074 1691 5138 post
1721 5068 1829 5124 hec
1939 5069 2064 5123 rius
2087 5067 2374 5123 festucam
2403 5067 2622 5122 nitatur
2638 5079 2864 5128 eruere,
2887 5068 2941 5119 et
2967 5062 3128 5116 dicat
3150 5073 3406 5130 semper,
3438 5071 3595 5129 quo-

179 5154 377 5211 iterum
409 5171 516 5227 per
548 5172 722 5213 suam
773 5155 1200 5226 benignitatem
1227 5155 1412 5212 donat
1441 5155 1522 5212 illi
1554 5156 1829 5213 afﬂictio-
1940 5157 2104 5212 niam
2130 5157 2502 5228 iniquitatem
2545 5170 2743 5210 meam
2773 5169 2883 5223 ego
2915 5165 3180 5222 agnosco
3198 5154 3251 5205 et
3277 5149 3595 5220 peccatum

181 5258 304 5301 nem
333 5250 381 5316 ⁵)
408 5245 678 5318 corporis
702 5247 761 5300 in
784 5245 1021 5301 ieiuniis
1044 5247 1163 5318 et")
1196 5245 1426 5316 vigiliis,
1451 5250 1505 5300 et
1531 5245 1830 5301 oracionis
1945 5261 2146 5302 meum
2164 5251 2370 5301 contra
2389 5259 2482 5299 me
2497 5249 2857 5314 estsemper,
2883 5246 2936 5297 et
2957 5240 3187 5296 utdiem
3217 5237 3406 5294 exitus
3439 5234 3530 5289 sui
3551 5235 3597 5306 ⁸)

183 5332 619 5402 instanciam,et
643 5339 1056 5408 contemptum
1074 5334 1306 5404 mundi,
1331 5339 1389 5391 et
1418 5334 1683 5391 utlibens
1706 5334 1834 5392 illa-
1941 5336 2001 5391 in
2027 5339 2225 5390 mente
2249 5333 2488 5400 habeat,
2519 5336 2575 5388 et
2595 5329 2904 5405 quomodo
2939 5330 2999 5385 in
3031 5333 3354 5401 conspectu
3380 5323 3477 5382 dei
3498 5338 3595 5379 oe-

1538 5479 1796 5534 VARIAE
1835 5477 2236 5535 LECTIONES.

196 5604 236 5676 ¹)
271 5609 377 5665 Dei
405 5625 527 5666 om.
558 5611 660 5665 BC.
719 5639 786 5650 —
815 5609 862 5682 ²)
893 5610 932 5664 Β
960 5609 1248 5682 siquidem
1305 5610 1375 5667 si.
1409 5641 1476 5653 —
1502 5613 1549 5679 ³)
1585 5612 1664 5668 BC
1691 5613 1930 5682 ceperit.
1987 5642 2056 5652 —
2087 5613 2131 5682 ⁸)
2159 5612 2240 5666 BC
2265 5612 2556 5682 penilere,
2593 5614 2648 5665 et
2672 5609 2754 5664 sic
2778 5608 3000 5682 ubique
3033 5607 3328 5666 scribitur.
3361 5637 3425 5647 —
3459 5606 3504 5674 ⁵)
3535 5603 3599 5660 in

244 5693 360 5736 om.
411 5684 469 5738 Β.
515 5712 567 5723 -
597 5683 644 5753 ⁶)
676 5683 716 5739 C
743 5680 1201 5752 afﬂaiccionem,
1226 5687 1283 5740 et
1312 5682 1396 5740 sic
1427 5682 1670 5756 ubique.
1704 5680 1771 5724 ——'
1802 5684 1846 5754 ⁷)
1873 5689 1927 5740 et
1959 5697 2081 5740 om.
2107 5680 2166 5739 C.
2199 5713 2266 5724 —
2294 5685 2336 5754 ⁸)
2368 5684 2408 5740 C
2438 5680 2596 5740 male
2619 5695 2743 5739 sue.
