4058 6194
528 255 635 313 407

1846 262 1906 319 S.
1948 262 2253 321 MACARIl
2295 265 2635 321 AEGYPTII
3785 268 3882 323 408

529 400 817 443 cursurus
849 382 944 453 sit,
994 382 1101 441 sed
1130 388 1187 441 et
1215 384 1437 443 iudicia
1477 391 1534 444 et
1563 403 1753 460 penas
1783 389 2082 445 describat
2112 390 2170 444 in
2208 392 2255 445 Α
2286 393 2431 446 ture.
2464 390 2521 447 Si
2553 394 2751 445 autem
2772 389 2850 446 ad
2876 389 2985 445 bas
3007 389 3505 460 impugnaciones
3522 404 3638 446 non
3661 389 3889 448 lassave-

530 479 855 546 conspectu
886 474 1099 529 mentis
1135 491 1264 539 sue,
1312 490 1423 532 nec
1471 491 1591 533 non
1640 479 1831 533 eciam
1862 479 2105 549 meritos
2129 478 2175 549 θ)

530 565 791 621 honores
824 563 929 635 qui
980 563 1165 618 dandi
1216 570 1355 619 sunt
1386 567 1625 621 sanctis.
1662 567 1719 622 Si
1746 567 1922 639 igitur
1950 567 2174 639 [192]

528 654 759 720 viderit,
786 654 1072 724 quoniam
1098 653 1207 708 hec
1230 653 1308 708 illi
1326 655 1536 711 suavia
1553 661 1710 721 sunt,
1741 662 1987 727 temptat
2012 672 2172 721 eum,

530 744 579 799 si
597 741 975 798 abrenuntiat
996 741 1423 813 voluptatibus,
1455 749 1511 799 et
1543 745 1764 800 resistit
1794 746 1861 815 ³ο)
1884 745 2173 801 adversus

526 833 943 905 impugnantes
957 830 1209 901 “)huius
1223 832 1431 887 mundi
1446 834 1746 905 principes
1762 834 1960 906 "),qui
1976 835 2175 890 vinxe-

530 927 668 978 runt
691 936 827 975 eum
852 920 1036 991 prius,
1053 920 1158 974 sed
1181 927 1520 977 etescarum
1537 924 1695 978 varie
1717 923 2170 989 delectaciones,

528 1026 647 1083 que
664 1008 914 1066 emolliri
932 1008 1157 1065 faciunt
1181 1025 1300 1075 cor,
1330 1017 1392 1066 ut
1413 1011 1482 1082 ¹⁸)
1513 1027 1721 1067 rursus
1755 1012 1823 1084 ¹⁴)
1853 1028 2174 1084 propemo-

529 1100 677 1155 dum
703 1099 773 1169 ¹⁵)
794 1097 949 1154 vinci
972 1102 1152 1171 queat
1168 1114 1199 1154 e
1222 1100 1291 1171 ¹⁶)
1304 1099 1657 1157 lassitudine
1680 1103 1947 1174 corporis
1973 1101 2175 1158 etlon-

529 1187 878 1260 ginquitate,
956 1186 1291 1244 dicentibus
1344 1188 1423 1243 illi
1478 1190 1950 1260 cogitacionibus
2009 1191 2170 1250 suis.

528 1280 758 1348 quanto
790 1276 1071 1347 temporis
1084 1277 1290 1349 spacio
1317 1277 1480 1334 hunc
1512 1279 1781 1336 laborem
1809 1279 2057 1337 sufferre
2071 1296 2174 1353 po-

530 1366 692 1430 teris,
724 1368 781 1421 et
819 1365 965 1436 quia
1018 1365 1189 1422 ardui
1246 1366 1469 1423 laboris
1501 1368 1594 1434 sit,
1630 1377 1690 1424 ut
1716 1376 2015 1427 mereatur
2037 1369 2175 1442 quis

526 1453 990 1511 inhabitatorem
1002 1453 1222 1510 habere
1233 1455 1436 1523 deum,
1452 1457 1759 1528 presertim
1776 1462 1855 1530 tu,
1871 1460 1975 1531 qui
1990 1458 2178 1515 multa

530 1544 813 1617 peccasti,
840 1548 897 1599 et
921 1549 1151 1615 quanta
1173 1545 1278 1601 tibi
1307 1552 1567 1618 possunt
1613 1548 1832 1604 remitti
1866 1554 2110 1620 peccata
2141 1565 2177 1605 a

531 1633 681 1689 deo!
710 1633 765 1690 Si
789 1639 990 1689 autem
1027 1636 1394 1703 cognoverit,
1451 1638 1593 1709 quia
1618 1653 1722 1693 cor
1746 1637 1903 1694 illius
1934 1637 2175 1695 ﬁrmum

2285 478 2375 542 rit,
2410 484 2549 534 tunc
2575 479 2874 548 benignus
2892 484 2945 533 et
2975 478 3310 535 misericors
3336 478 3485 534 deus
3515 478 3767 535 mittitilli
3796 480 3892 535 vir-

2286 572 2472 622 tutem
2525 583 2719 632 suam,
2768 572 2825 623 et
2876 568 3194 623 conﬁrmat
3244 583 3345 624 cor
3379 568 3587 639 ipsius,
3635 574 3686 623 et
3706 568 3796 624 dat
3822 569 3890 624 illi

2283 657 2539 713 leticiam
2568 664 2624 711 et
2645 657 3015 726 refrigerium
3039 662 3095 711 et
3118 657 3601 728 possibilitatem,
3630 665 3686 712 ut
3706 657 3893 714 forcior

2284 746 2539 802 inimicis
2565 746 2918 814 inveniatur,
2951 750 3011 801 ut
3045 745 3284 802 illorum
3314 746 3603 801 adversus
3632 744 3802 801 illium
3830 749 3890 818 ⁸6)

2285 850 2493 907 pugna
2519 834 2589 906 ³⁷)
2607 850 2725 889 non
2747 834 3064 906 prevaleat,
3086 834 3554 906 timentibusque
3574 839 3783 906 prestat
3804 835 3892 890 vir-

2285 929 2468 981 tutem
2488 926 2577 992 ³⁸),
2606 924 2827 979 sicutet
2845 928 3089 979 sanctus
3112 922 3328 995 paulus
3352 923 3528 978 dicit:
3565 922 3887 991 contendite,

2283 1018 2339 1069 et
2389 1012 2689 1084 accipietis
2733 1013 3029 1067 virtutem.
3086 1014 3200 1067 Hec
3225 1011 3448 1085 quippe
3502 1011 3570 1083 ³9)
3601 1016 3689 1066 est
3717 1011 3887 1077 virtus,

2282 1117 2470 1174 quam
2500 1102 2712 1157 beatus
2749 1106 2951 1173 petrus
2974 1100 3239 1173 loquitur
3260 1100 3467 1157 dicens
3497 1117 3509 1155 :
3541 1099 3892 1156 hereditatem

2283 1190 2691 1262 incorruptam
2720 1194 2778 1246 et
2801 1189 3361 1246 immarcessibilem
3409 1193 3812 1245 conservatam
3839 1187 3889 1243 in

2284 1278 2423 1335 celis
2451 1278 2512 1335 in
2532 1278 2725 1345 vobis,
2743 1279 2845 1350 qui
2868 1279 2927 1334 in
2959 1279 3171 1335 virtute
3192 1278 3262 1349 ⁸ο)
3285 1278 3382 1334 dei
3419 1277 3785 1333 custodimini
3805 1292 3893 1349 per

2283 1368 2489 1424 ﬁdem.
2520 1371 2682 1424 Tunc
2709 1368 3007 1437 benignus
3053 1373 3108 1424 et
3138 1368 3398 1423 clemens
3420 1368 3588 1431 deus,
3622 1366 3667 1421 si
3690 1365 3891 1433 viderit,

2284 1458 2431 1530 quia
2458 1456 2528 1529 ‘1)
2561 1458 2864 1530 coripsius
2881 1456 3332 1514 corroboratum
3356 1460 3453 1511 est
3469 1454 3893 1527 superinimicos

2286 1562 2446 1609 suos.
2472 1551 2613 1601 tunc
2633 1546 2922 1618 paulatim
2945 1544 3241 1601 subtrahit
3283 1544 3577 1615 virtutem,
3609 1559 3719 1617 que
3743 1543 3813 1599 illi
3836 1544 3893 1613 ")

2287 1634 3893 1707 opitulabatur,etconceditinimicisimpugnare")eum

532 1728 624 1779 est
653 1721 715 1777 in
743 1722 952 1778 timore
981 1723 1075 1779 dei
1100 1730 1156 1779 et
1186 1740 1305 1779 non
1351 1724 1593 1781 dimittit
1616 1725 1815 1782 locum
1841 1744 2040 1796 suum,
2073 1727 2176 1783 sed
2208 1728 2252 1783 B
2291 1726 2467 1781 variis
2494 1723 3004 1795 concupiscenciis
3028 1723 3248 1790 carnis,
3268 1739 3377 1779 nec
3396 1739 3519 1778 non
3551 1730 3605 1778 et
3633 1738 3775 1777 vane
3793 1721 3894 1792 glo-

532 1810 758 1869 fortiter
782 1811 996 1868 resistit
1026 1817 1081 1869 et
1111 1818 1342 1884 pugnat
1384 1814 1475 1885 17),
1520 1819 1659 1870 tunc
1685 1816 1923 1871 venient
1949 1815 2029 1871 illi
2063 1815 2177 1871 sub

533 1900 847 1958 occasione
869 1900 1102 1972 justicie
1142 1902 1440 1962 dicentes:
1482 1904 1741 1960 Peccasti
1771 1905 2038 1977 quidem,
2073 1906 2177 1961 sed

531 1990 934 2063 penitenciam
962 1991 1156 2061 egisti,
1183 1992 1311 2063 jam
1367 1998 1607 2049 sanctus
1632 2010 1732 2059 es;
1766 1999 1821 2050 et
1853 1992 2082 2050 faciunt
2110 1995 2179 2050 il-

532 2080 657 2136 lum
674 2080 742 2151 ¹⁸)
758 2079 1055 2136 recordari
1070 2082 1452 2153 quorundam
1465 2081 1781 2138 hominum
1796 2089 2060 2155 peccata,
2074 2085 2177 2157 qui

532 2183 655 2225 non
700 2173 946 2237 egerunt
977 2170 1395 2240 penitenciam,
1429 2172 1976 2244 superseminantes
2007 2173 2087 2229 illi
2119 2173 2176 2228 in

533 2257 713 2313 corde
761 2273 981 2313 vanam
1042 2257 1315 2327 gloriam.
1352 2262 1476 2315 Non
1511 2260 1706 2316 solum
1739 2277 1875 2316 vero
1906 2262 2037 2327 hec,
2072 2262 2177 2318 sed

532 2346 723 2401 eciam
745 2345 971 2402 faciunt
994 2347 1289 2418 quosdam
1317 2348 1588 2404 homines
1607 2351 1854 2406 laudare
1875 2366 2015 2407 eum
2042 2352 2179 2407 sub-

446 2454 449 2457 ·
530 2433 687 2500 dole,
741 2441 798 2489 et
853 2450 1179 2504 provocare
1209 2452 1344 2491 eum
1378 2437 1454 2492 ad
1498 2453 1699 2509 Opera,
1734 2456 1851 2510 que
1880 2439 2030 2495 ferre
2057 2457 2179 2495 non

532 2526 757 2593 potest,
775 2522 1253 2579 immittentesilli
1269 2525 1660 2595 cogitationes
1686 2544 1805 2584 non
1831 2530 2179 2585 vescendiet

531 2625 655 2665 non
685 2610 952 2677 bibendi,
981 2628 1088 2667 nec
1121 2628 1240 2667 non
1274 2620 1328 2669 et
1355 2614 1716 2685 vigiliarum,
1740 2623 1795 2672 et
1820 2617 2007 2673 multa
2036 2619 2176 2684 alia,

530 2714 648 2767 que
696 2698 944 2771 longum
1000 2706 1092 2755 est
1133 2702 1350 2766 dicere,
1400 2711 1453 2758 et
1485 2703 1826 2760 facilitatem
1853 2705 1931 2760 illi
1959 2707 2037 2762 ad
2067 2706 2176 2763 hec

530 2788 897 2860 perﬁcienda
929 2788 1213 2857 tribuunt,
1256 2792 1303 2846 si
1338 2793 1409 2863 η)
1436 2808 1554 2865 quo
1586 2794 1769 2850 modo
1794 2811 1933 2852 eum
1966 2795 2043 2851 ad
2068 2796 2178 2853 hec

532 2875 774 2932 illiciant
824 2879 916 2945 ³ο),
970 2885 1322 2949 precavente
1364 2882 1658 2954 scriptura
1706 2889 1763 2939 et
1796 2884 2068 2940 dicente:
2103 2900 2177 2941 ne

530 2965 923 3022 declinaveris
979 2967 1057 3023 ad
1083 2967 1353 3026 dextram
1386 2986 1581 3043 neque
1612 2972 1689 3028 ad
1723 2973 2047 3040 sinistram,
2073 2974 2178 3029 sed

2287 1816 2370 1869 rie
2396 1816 2466 1884 “)
2487 1814 2825 1886 cupiditate,
2850 1820 2906 1869 et
2932 1813 3239 1884 superbia,
3261 1812 3594 1884 ceterisque
3611 1812 3697 1881 ‘5),
3716 1826 3819 1883 que
3836 1811 3893 1879 ιδ)

2287 1903 2365 1959 ad
2400 1903 2802 1973 perdicionem
2833 1902 3096 1971 trahunt,
3129 1908 3192 1957 ut
3221 1901 3661 1974 propemodum
3688 1902 3751 1972 ‘7)
3779 1900 3895 1956 assi-

2292 1991 2525 2047 miletur
2555 1992 2836 2063 navi,que
2863 1989 3421 2061 sinegubernaculo
3442 1991 3500 2045 in
3533 1989 3778 2061 scopulis
3803 1989 3897 2043 huc

2289 2081 2545 2153 illucque
2578 2084 2646 2151 ‘3)
2668 2080 2931 2137 offendit.
2962 2082 3105 2136 Cum
3137 2085 3340 2136 autem
3371 2095 3479 2136 cor
3498 2095 3624 2135 eius
3651 2082 3717 2149 ‘9)
3742 2092 3899 2133 emar-

2288 2172 2476 2226 cuerit
2497 2172 2556 2225 in
2586 2170 2785 2240 hiis,et
2813 2170 2893 2225 ita
2910 2172 2980 2241 5°)
3008 2169 3287 2225 defecerit
3314 2168 3395 2225 ad
3430 2168 3661 2239 singula
3689 2171 3901 2239 tempta-

2293 2267 2491 2315 menta
2520 2261 2592 2331 ει)
2617 2259 2863 2324 inimici,
2900 2263 3043 2314 tunc
3074 2260 3151 2314 ho
3177 2257 3405 2331 [194]
3446 2259 3669 2313 minum
3697 2260 3899 2312 amator

2288 2350 2461 2414 deus,
2521 2365 2729 2404 curam
2808 2348 3039 2404 habens
3096 2354 3364 2403 creature
3396 2364 3524 2412 sue,
3557 2346 3805 2402 immittit
3830 2343 3898 2398 illi

2290 2444 2560 2494 sanctam
2618 2440 2897 2492 virtutem
2948 2442 3004 2492 et
3050 2435 3391 2501 conﬁrmat,
3423 2436 3712 2491 subiciens
3738 2450 3825 2489 cor
3852 2437 3897 2487 et

2289 2527 2557 2583 animam
2582 2533 2637 2583 et
2658 2542 2877 2598 corpus
2904 2526 3093 2595 ipsius
3115 2532 3170 2582 et
3195 2527 3405 2581 omnia
3431 2526 3657 2581 viscera
3671 2526 3784 2580 eius
3804 2521 3896 2576 sub

2287 2617 2428 2686 iugo
2442 2615 2965 2687 paracliti"),ipso
2991 2614 3224 2670 dicente
3250 2631 3263 2667 :
3292 2614 3696 2686 tolliteiugum
3726 2626 3894 2667 meum

2288 2720 2470 2777 super
2494 2721 2599 2759 vos
2631 2710 2687 2760 et
2713 2704 2919 2760 discite
2948 2719 2983 2758 a
3004 2719 3118 2767 me,
3138 2703 3281 2775 quia
3305 2704 3473 2758 mitis
3496 2718 3629 2758 sum
3657 2707 3709 2757 ct
3736 2699 3895 2756 humi-

2286 2794 2357 2850 lis
2382 2795 2578 2850 corde.
2610 2796 2673 2849 Et
2718 2794 2800 2848 sic
2842 2792 3090 2848 demum
3147 2792 3453 2861 benignus
3502 2791 3647 2849 deus
3692 2789 3897 2861 incipiet

2288 2883 2600 2955 adaperire
2621 2884 2696 2955 ⁵³)
2725 2882 2931 2939 oculos
2954 2880 3153 2937 cordis
3184 2880 3380 2952 ipsius
3416 2882 3509 2954 5‘),
3539 2886 3601 2937 ut
3623 2879 3893 2949 intelligat,

2286 2974 2575 3047 quoniam
2602 2973 2726 3043 ipse
2752 2976 2860 3037 est,
2884 2971 2986 3043 qui
3012 2969 3329 3026 conﬁrmat
3353 2986 3520 3038 eum,
3552 2975 3607 3026 et
3635 2976 3763 3025 tunc
3788 2980 3897 3023 vere

529 3059 758 3111 rectum
785 3055 892 3111 iter
938 3056 1268 3128 ingredere.
1312 3059 1367 3115 Si
1421 3066 1623 3116 autem
1679 3061 1979 3135 benignus
2025 3064 2175 3120 deus
2210 3079 2251 3137 ρ
2286 3063 2527 3135 incipiet
2556 3077 2730 3118 nosse
2762 3062 2944 3116 homo
2970 3060 3259 3115 honorem
3292 3059 3443 3116 dare
3468 3059 3580 3116 deo
3604 3075 3732 3115 cum
3759 3054 3897 3113 omni

525 3145 914 3216 perspexerit,
937 3147 1080 3217 quia
1108 3147 1251 3202 nulli
1280 3164 1489 3204 eorum
1520 3151 1816 3223 acquievit
1844 3168 1946 3208 cor
1966 3153 2173 3224 ipsius,

522 3233 754 3289 dicente
768 3234 947 3289 david
967 3236 1109 3290 etde
1133 3236 1552 3293 huiuscemodi
1575 3242 2079 3311 temptacionibus
2103 3244 2173 3313 ’1)

520 3322 896 3391 signiﬁcante
920 3340 934 3377 :
958 3324 1224 3394 probasti
1238 3342 1337 3382 cor
1352 3343 1550 3382 meum
1566 3334 1620 3384 et
1634 3329 1874 3386 visitasti
1892 3337 2063 3387 nocte
2076 3332 2169 3401 n),

518 3410 655 3479 igne
684 3426 779 3465 me
805 3412 1186 3481 examinasti,
1218 3420 1274 3469 et
1296 3431 1417 3470 non
1451 3421 1541 3470 est
1570 3416 1813 3473 inventa
1840 3420 1897 3473 in
1934 3436 2026 3474 me
2061 3420 2175 3474 ini-

522 3500 743 3569 quitas.
778 3502 835 3552 Et
858 3499 970 3553 hoc
1003 3503 1508 3572 perspiciendum,
1531 3521 1636 3559 cur
1663 3512 1833 3562 nocte
1862 3508 1931 3581 ")
1963 3509 2175 3565 dixerit

521 3592 577 3642 et
596 3602 715 3641 non
729 3587 825 3643 die
839 3589 930 3659 ²⁴);
948 3589 1369 3662 videlicetquia
1383 3593 1931 3651 circumvenciones
1948 3598 2172 3654 inimici

521 3690 641 3732 nox
657 3681 813 3742 sunt,
832 3678 982 3734 sicut
997 3680 1069 3750 ³⁵)
1084 3679 1293 3735 beatus
1305 3682 1520 3752 paulus
1534 3683 1680 3740 dixit
1697 3687 1788 3756 ³³),
1809 3688 1878 3758 [1
1891 3687 2035 3761 93]
2052 3703 2169 3745 non

521 3782 654 3823 esse
679 3780 792 3822 nos
815 3766 966 3823 ﬁlios
986 3769 1367 3826 tenebrarum
1390 3772 1482 3845 ²⁷),
1516 3774 1619 3829 sed
1650 3774 1821 3842 lucis,
1850 3781 1991 3848 quia
2022 3778 2173 3834 ﬁlius

519 3855 614 3911 dei
630 3855 1263 3929 diesest"),gdiabolus
1278 3861 1349 3934 '9)
1366 3877 1502 3919 vero
1524 3865 1682 3920 nocti
1704 3865 2089 3923 assimilatur.
2118 3868 2173 3924 Si

520 3960 664 4001 vero
682 3945 789 4001 hec
809 3946 1013 4002 omnia
1025 3948 1182 4005 bella
1198 3966 1588 4022 supergressa
1602 3954 2014 4022 fueritanima,
2037 3963 2174 4014 tunc

516 4033 809 4106 incipiunt
829 4035 907 4091 illi
933 4036 1248 4094 immittere
1270 4040 1647 4097 adversarios
1667 4044 1736 4115 ³ο)
1752 4046 2172 4113 cogitaciones,

518 4122 940 4179 fornicacionis
960 4125 1395 4185 desideriumet
1416 4130 1743 4187 nefandum
1777 4135 1845 4203 ³¹)
1876 4141 2171 4206 stuprum.

523 4209 587 4263 In
614 4211 1295 4282 hiis")igituromnibus
1330 4218 1667 4273 inﬁrmatur
1687 4221 1893 4276 anima
1909 4227 2173 4278 etcorta-

522 4298 735 4364 bescit,
756 4302 1197 4373 utimpossibile
1218 4306 1290 4376 ³³)
1317 4306 1430 4362 sibi
1451 4310 1656 4363 credat
1673 4324 1801 4363 esse
1833 4312 2173 4368 custodiam

2286 3154 2616 3209 humilitate
2637 3155 2694 3206 et
2719 3150 2949 3205 actione
2973 3150 3330 3218 graciarum,
3362 3153 3522 3204 sicut
3550 3147 3720 3203 david
3745 3145 3894 3201 dicit:

2286 3242 2644 3298 sacriﬁcium
2662 3240 2775 3295 deo
2793 3239 3031 3309 spiritus
3048 3238 3508 3294 contribulatus.
3530 3242 3607 3294 Ex
3638 3238 3741 3293 hoc
3764 3234 3895 3289 enim

2283 3332 2489 3388 labore
2519 3329 2683 3401 prelii
2718 3327 3023 3383 humilitas
3044 3333 3100 3382 et
3129 3327 3563 3384 contribulacio
3586 3333 3640 3383 et
3662 3338 3897 3380 mansue-

2286 3420 2431 3476 tudo
2469 3418 2720 3474 efﬁcitur
2759 3419 2851 3487 ⁵⁵).
2896 3420 3040 3471 Cum
3069 3416 3184 3471 hiis
3223 3416 3409 3483 igitur
3446 3416 3718 3474 omnibus
3753 3414 3899 3469 fuerit

2285 3509 2592 3581 probatus,
2620 3514 2757 3561 tunc
2778 3506 3019 3577 incipiet
3040 3507 3119 3561 illi
3145 3506 3393 3577 spiritus
3417 3512 3655 3563 sanctus
3673 3501 3897 3560 revelare

2284 3596 2518 3654 occulta
2539 3596 2633 3666 5°),
2662 3595 2777 3649 hoc
2803 3599 2912 3657 est,
2942 3610 3061 3665 que
3083 3594 3304 3650 sanctis
3332 3594 3465 3650 iure
3496 3594 3801 3663 meritoque
3819 3589 3898 3644 de-

2286 3687 2502 3743 bentur
2525 3691 2581 3740 et
2600 3684 2734 3749 hiis,
2761 3683 2867 3755 qui
2890 3690 3133 3754 sperant
3156 3698 3336 3754 super
3364 3683 3757 3740 misericordia
3774 3680 3894 3741 eius,

2284 3783 2340 3832 et
2366 3780 2507 3831 tunc
2533 3777 2767 3843 reputat
2799 3788 3001 3827 secum
3028 3772 3211 3828 homo
3238 3771 3451 3829 dicens
3482 3773 3625 3829 illud
3654 3766 3900 3843 apostoli-

2285 3881 2423 3921 cum
2444 3882 2455 3918 :
2475 3863 2619 3936 quia
2641 3877 2761 3917 non
2783 3867 2919 3916 sunt
2937 3861 3231 3929 condigne
3254 3863 3576 3932 passiones
3597 3862 3761 3917 huius
3776 3863 3897 3913 tem-

2287 3954 2447 4027 poris
2470 3953 2545 4008 ad
2572 3952 2827 4007 futuram
2848 3950 3122 4020 gloriam,
3142 3966 3258 4023 que
3280 3951 3642 4007 revelabitur
3658 3951 3710 4005 in
3734 3945 3897 4007 nobis,

2286 4050 2342 4098 et
2372 4042 2516 4098 illud
2534 4041 2713 4096 david
2740 4059 2752 4098 :
2789 4038 2937 4111 quid
2958 4040 3119 4095 enim
3150 4039 3328 4094 michi
3355 4043 3525 4096 estin
3558 4040 3697 4105 celo,
3729 4045 3779 4093 et
3800 4052 3831 4092 a
3858 4040 3899 4088 te

2284 4132 2429 4203 quid
2454 4130 2612 4185 volui
2627 4128 3077 4199 superterram?
3095 4129 3208 4185 hoc
3224 4134 3311 4184 est
3336 4152 3349 4183 :
3374 4130 3682 4194 odomine,
3704 4129 3900 4199 quanta

2286 4220 2464 4274 michi
2504 4234 2827 4289 paraveras
2865 4220 2924 4273 in
2956 4217 3102 4283 celo,
3145 4223 3200 4273 et
3230 4233 3342 4288 ego
3377 4219 3526 4292 quid
3570 4236 3605 4274 a
3635 4224 3682 4274 te
3718 4228 3898 4289 quere-

2284 4308 2425 4364 bam
2456 4309 2526 4379 ⁵⁷)
2559 4308 2618 4362 in
2651 4308 2770 4362 vita
2792 4307 3023 4362 mortali
3052 4308 3082 4359 ‘2
3107 4310 3175 4362 Et
3204 4308 3288 4363 sic
3318 4310 3511 4364 eciam
3540 4306 3804 4379 incipient
3831 4301 3897 4356 illi

520 4387 831 4481 castitatis,
866 4390 1297 4481 subiungentes
1329 4395 1429 4460 illi,
1466 4401 1527 4452 ut
1554 4397 1696 4462 dixi,
1724 4400 2007 4470 temporis
2039 4416 2173 4471 pro-
2205 4426 2249 4481 Ι)
2282 4397 2531 4452 revelari
2566 4402 2880 4467 tormenta,
2914 4412 3031 4469 que
3063 4398 3297 4467 passuri
3326 4407 3466 4453 sunt
3488 4402 3827 4471 peccatores,
3851 4393 3900 4481 et

520 4476 833 4544 lixitatem,
879 4478 1157 4536 virtutum
1206 4482 1463 4539 arduum
1495 4485 1568 4555 3‘)
1595 4485 1881 4550 laborem.
1936 4494 1993 4544 et
2030 4490 2171 4560 quia
2205 4476 2241 4481 ”
2284 4486 2470 4542 multa
2510 4486 2643 4551 alia,
2678 4502 2793 4557 que
2836 4502 2929 4540 me
2965 4491 3195 4541 tacente
3233 4492 3481 4543 sanctus
3522 4486 3605 4540 vir
3642 4480 3895 4549 intelligit.

523 4564 750 4634 grande
782 4566 857 4621 sit
880 4582 1033 4622 onus
1060 4568 1327 4638 ipsarum
1344 4572 1788 4644 etimportabile
1810 4576 1901 4647 ³⁵),
1928 4576 2172 4632 subiun-
2284 4577 2533 4633 Posthec
2555 4592 2697 4632 vero
2714 4577 2918 4631 omnia
2935 4576 3511 4647 incipietparaclitus
3531 4576 3673 4631 inire
3686 4577 3896 4646 pactum

522 4658 727 4725 gentes
751 4654 832 4712 illi
848 4655 1254 4716 inﬁrmitatem
1283 4663 1550 4734 corporis
1576 4668 1631 4720 et
1657 4663 2035 4735 fragilitatem
2068 4682 2171 4723 na-
2281 4681 2420 4722 cum
2456 4666 2709 4738 puritate
2748 4664 2945 4721 cordis
2982 4665 3170 4735 ipsius
3209 4670 3265 4721 et
3314 4666 3516 4721 anime
3554 4663 3813 4720 ﬁrmitate
3852 4662 3898 4713 et

1878 4810 2133 4865 VARIAE
2172 4808 2580 4865 LECTIONES.

592 4943 638 5015 ο)
656 4944 992 5022 _Cradendo
1007 4948 1479 5022 corr.merito.—
1511 4948 1906 5020 1°)Bresistal.
1930 4952 2183 5021 —“)AB
2208 4949 2789 5021 impugnaciones.—
2812 4949 2939 5022 ")B
2971 4950 3411 5018 principum.—
3439 4953 3517 5019 1³)
3546 4950 3584 5005 C
3612 4946 3897 5022 malet-Lf-

519 5016 589 5085 1⁸)
606 5013 697 5100 ᾼΒ
722 5033 1081 5100 ηςοτξμξς-
1107 5020 1468 5100 1⁵)Βϐριςᾳρᾳ
1493 5013 1826 5100 τηὸιιμηζη-
1844 5013 2261 5100 ξξ)Αυίἱιςίᾳιέε
2276 5013 2571 5100 ἀξίη-ει
2597 5029 2830 5092 pugnat
2861 5013 2980 5077 om.
3002 5022 3150 5100 _A_.-—
3170 5013 3249 5100 '1?)
3280 5023 3319 5075 C
3337 5013 3565 5077 eumf—
3600 5020 3666 5100 Ψ)
3692 5013 3898 5100 qmalg

520 5087 641 5144 sed.
661 5088 808 5172 -_'°)
830 5087 1411 5172 Aﬁ_ill_t'ceant.—"‘§
1443 5097 1479 5146 A
1511 5087 2065 5172 cogita-tionibus:
2090 5087 2171 5172 ²ξ)’
2191 5095 2228 5172 ῼ
2244 5087 2518 5172 probasti
2540 5087 2852 5172 cormeum
2883 5100 2942 5172 et
2956 5087 3898 5172 v‘isitqstg‘rcorume‘uﬂrnet'uisitastt

591 5167 780 5241 (tacte.
817 5164 970 5247 :1")
1003 5164 1160 5247 eum
1192 5161 1671 5247 nocte.;::‘)lfc
1702 5166 1764 5247 ip
1791 5165 1979 5247 {lia—
2006 5161 2944 5247 'f)“C__g‘iéu(_l,etsiciibiqutktj6
2974 5164 3399 5247 BC‘dicil.—”)
3434 5161 3896 5247 Bg‘teuebrarut‘n

520 5230 697 5298 ﬁlios.
732 5260 799 5273 -—-
831 5233 900 5295 ’⁸)
933 5239 1017 5288 est
1047 5248 1168 5288 om.
1198 5236 1260 5288 A.
1299 5264 1358 5273 —
1386 5235 1457 5305 '9)
1482 5227 1902 5305 C.'Dyabolus.
1935 5266 2002 5278 -—
2031 5227 2105 5303 3'0)
2131 5237 2211 5291 BC
2239 5227 2601 5292 adversaria
2639 5227 2701 5275 -ἷ
2726 5236 2796 5306 ⁸ί)
2833 5237 2914 5290 BC
2936 5234 3343 5306 nephandum.
3381 5227 3449 5275 '—
3482 5236 3549 5316 3')
3584 5234 3691 5289 hiis
3712 5245 3818 5286 om.
3840 5227 3892 5307 .C.

525 5302 692 5384 κρέξ)
716 5304 1152 5384 ΔΑιροεείρἱειη.
1188 5335 1253 5344 -
1284 5306 1353 5375 ⁸¹’)
1382 5308 1425 5384 A_
1458 5322 1703 5384 uerum,
1736 5308 1783 5384 _C
1813 5322 2056 5384 vanum.
2095 5338 2161 5384 έ-
2193 5308 2261 5379 ³⁵)
2296 5311 2329 5361 Β
2365 5306 2741 5384 inportabiIe.
2772 5337 2838 5346 —
2860 5307 2939 5384 ξε)
2970 5308 3008 5361 C
3040 5322 3276 5384 eum._—
3303 5307 3375 5375 ³⁷)
3406 5308 3894 5384 ACsmpugnagq‘.

525 5370 678 5444 -³⁸)“
699 5370 1212 5459 ᾼιίηιεηῐξξᾳηςζᾳβ
1237 5370 1388 5447 quae
1404 5370 1880 5459 igltabital‘info
1915 5382 2212 5459 virtutem.
2244 5370 2317 5419 '—
2347 5370 2667 5459 “fq-ut'ppe
2703 5393 2824 5432 om.
2993 5408 3059 5459 —.-
3088 5378 3157 5448 ‘°)
3188 5370 3773 5459 B‘Reziuirtatemf—

523 5452 840 5515 quantum.
874 5476 941 5486 —
972 5448 1045 5516 ⁴²)
1088 5448 1186 5503 illi
1242 5463 1361 5502 om.
1415 5448 1517 5504 BC.
1573 5480 1641 5490 —-
1666 5450 1738 5515 ⁴³)
1768 5453 1806 5505 C
1841 5451 1999 5507 male
2030 5465 2324 5520 pugnare.
2378 5448 2548 5514 —"‘)
2597 5455 2638 5503 A
2692 5464 2850 5505 vana
2879 5449 3099 5518 gloria.
3158 5480 3191 5487 ν
3226 5450 3295 5519 ⁴⁵)
3347 5450 3430 5503 BC
3461 5453 3893 5511 ceterarumque.

526 5545 595 5593 ΓΤ·
621 5515 691 5593 is)
721 5531 833 5593 {lue
861 5532 982 5573 0m-
1018 5521 1076 5573 C.
1112 5548 1175 5556 —
1206 5518 1276 5590 ‘7)
1306 5520 1558 5593 Bprope
1580 5522 1840 5577 modum.
1874 5554 1939 5561 —
1968 5522 2040 5593 ‘3)
2070 5526 2113 5576 Α
2145 5529 2324 5592 atque
2348 5520 2517 5576 illuc.
2554 5552 2620 5560 —
2651 5520 2723 5593 f9)
2753 5521 2798 5574 A
2820 5519 3017 5593 illius.
3046 5552 3114 5593 έ
3147 5521 3216 5592 ⁵ο)
3248 5520 3381 5593 Aget
3402 5527 3473 5593 fut
3499 5519 3584 5593 ita
3608 5518 3808 5593 dicam.
3840 5539 3895 5550 —-

526 5586 594 5671 Si}
627 5586 669 5671 β
691 5586 1383 5671 άεηξριᾳνηεηιακς-μωῖ
1402 5586 1797 5671 Ajmactygg.
1829 5624 1898 5634 —
1928 5586 2072 5671 vix
2102 5586 2355 5663 aperire.
2391 5622 2459 5633 --
2487 5593 2557 5665 Ιιι)
2598 5590 2684 5647 BC
2707 5586 2896 5661 ipsius
2928 5592 3143 5649 cordis.
3178 5586 3245 5634 έ-
3270 5592 3346 5662 εε)
3394 5592 3437 5646 B
3470 5589 3815 5660 efﬁciuntur.
3841 5609 3896 5622 -

525 5657 598 5732 δ’)
628 5663 675 5714 Α
699 5659 1025 5719 “omium
1056 5692 1124 5705 ··“
1156 5660 1227 5737 ⁸⁷)
1254 5663 1295 5719 Β
1320 5657 1532 5736 (inid-0
1563 5669 1617 5723 te
1636 5657 1781 5738 quid
1807 5657 2152 5738 querelam.~
2539 5657 2549 5665 '
2732 5657 2748 5661 ‘
3324 5657 3340 5662 π
3498 5657 3537 5660 -τ
3746 5674 3749 5681 λ
