4086 6194
146 286 248 342 409

1647 278 2060 343 EPISTOLAE.

3449 280 3562 343 410

141 411 456 468 sanctitate
485 410 751 483 corporis
777 413 832 466 et
851 426 992 468 cum
1017 410 1263 483 spiritus
1286 412 1414 469 eius
1438 411 1792 481 humilitate,
1824 412 1871 466 A
1903 415 2013 480 est,
2038 414 2093 466 et
2112 409 2402 483 quoniam
2428 410 2555 482 ipse
2576 410 2648 482 σθ)
2665 415 2756 467 est
2775 411 2895 467 vita
2911 409 3061 476 eius,
3079 409 3316 468 dicente
3334 410 3542 469 david:

139 506 190 557 et
203 500 384 557 faciet
401 500 476 572 Ι⁵³)
490 517 628 556 eum
651 499 927 572 progredi
941 500 1012 572 ⁵⁸)
1029 516 1274 558 omnem
1293 507 1650 568 creaturam,
1666 506 1721 556 et
1736 505 1798 557 ut

139 604 250 646 non
280 589 578 662 loquatur
615 605 680 644 os
707 590 834 644 eius
864 605 1048 662 opera
1085 590 1423 657 hominum,
1449 597 1507 647 et
1537 596 1599 646 ut
1636 594 1798 645 recta

138 677 318 735 oculis
356 679 486 734 suis
515 677 735 746 videat,
767 685 824 734 et
853 683 920 734 ut
955 679 1043 734 ori
1075 695 1185 735 suo
1211 679 1546 735 custodiam
1587 683 1795 751 ponat,

137 769 308 824 etiter
324 769 511 824 faciat
525 773 753 823 rectum
770 770 836 838 ⁸ο)
861 767 1166 837 gressibus
1183 769 1324 832 suis,
1346 775 1402 824 et
1422 776 1481 824 ut
1501 769 1797 824 iusticiam

136 857 356 913 habeat
383 872 680 913 manuum
707 873 979 927 suarum,
1005 856 1121 912 hoc
1158 862 1246 912 est
1275 873 1550 930 operum,
1582 863 1641 914 et
1669 873 1800 912 ora-

140 945 721 1010 cionisinstanciam,
739 961 847 1002 nec
868 961 992 1001 non
1010 950 1065 1002 et
1087 945 1567 1017 “)afﬂiccionem
1588 961 1796 1018 corpo-

139 1035 213 1090 ris
233 1041 291 1091 et
319 1034 662 1104 vigiliarum
688 1033 1120 1106 frequenciam.
1147 1038 1214 1090 Et
1238 1035 1348 1090 hec
1373 1034 1638 1107 disponit
1660 1051 1798 1090 cum

142 1139 208 1180 eo
235 1125 297 1179 in
313 1139 600 1180 mensura
613 1129 672 1179 et
689 1123 1084 1193 discrecione,
1112 1129 1169 1180 et
1185 1140 1306 1180 non
1324 1125 1383 1180 in
1403 1123 1796 1190 turbulencia,

144 1213 247 1268 sed
264 1213 325 1269 in
346 1213 541 1285 quiete
569 1213 652 1283 ‘1).
681 1212 739 1268 Si
759 1228 898 1269 vero
922 1229 1090 1269 mens
1111 1214 1305 1286 ipsius
1329 1213 1797 1286 disposicionem

141 1303 330 1358 sancti
370 1301 594 1374 [195]
637 1301 880 1373 spiritus
919 1303 1362 1373 contempserit,
1405 1309 1544 1358 tunc
1591 1303 1796 1368 virtus,

138 1407 253 1464 que
265 1391 329 1446 in
344 1408 485 1446 eum
501 1393 570 1463 ⁸³)
585 1390 803 1447 collata
815 1389 1007 1446 fuerat
1019 1390 1111 1462 ⁸⁸),
1129 1390 1401 1457 discedit,
1427 1398 1483 1447 et
1501 1391 1586 1448 sic
1601 1407 1801 1462 pugne

137 1479 480 1536 efﬁciuntur
513 1480 571 1535 in
612 1480 792 1536 corde
827 1479 953 1535 eius
985 1484 1042 1536 et
1081 1480 1582 1536 conturbaciones
1611 1482 1702 1552 ⁸⁸),
1745 1484 1801 1535 et

138 1569 658 1625 conturbanteum
672 1569 740 1638 ⁸⁸)
757 1570 1066 1639 passiones
1087 1570 1354 1641 corporis
1366 1585 1472 1642 per
1493 1576 1803 1626 momenta

137 1658 380 1728 singula
400 1658 1119 1730 expugnacioneinimici.
1145 1659 1416 1714 Siautem
1439 1675 1800 1714 conversum

1904 499 2156 556 clamavi
2179 499 2256 555 ad
2289 507 2340 555 te
2361 504 2417 555 et
2448 502 2672 556 sanasti
2698 515 2832 566 me;
2859 505 2916 556 et
2938 501 3152 557 iterum
3179 517 3192 556 :
3221 501 3368 574 quia
3393 503 3560 574 apud

1906 595 1960 645 te
1986 593 2073 644 est
2095 587 2226 643 fons
2248 589 2422 644 vitae.
2447 589 2626 658 Igitur
2645 589 2977 644 secundum
3002 606 3206 646 meum
3239 591 3561 648 consilium

1905 676 2252 750 quidem"),
2269 677 2378 732 nisi
2393 678 2576 733 homo
2589 678 2879 746 grandem
2894 680 3564 753 possederit“)humili-

1911 774 2108 832 tatem,
2133 783 2251 839 que
2272 766 2560 823 virtutum
2587 767 2857 822 omnium
2886 769 3123 824 culmen
3149 774 3261 836 est,
3291 775 3347 826 et
3367 775 3564 826 custo-

1907 856 2068 911 diam
2089 857 2354 927 posuerit
2374 856 2460 911 ori
2485 873 2617 924 suo,
2643 861 2697 912 et
2713 856 2878 912 cordi
2898 857 3168 913 timorem
3193 859 3310 925 dei,
3330 864 3387 916 et
3406 861 3467 915 in
3487 875 3560 917 eo

1906 945 2154 1016 quidem
2192 960 2254 1000 se
2294 945 2510 1015 probat
2537 945 2819 1000 excellere
2856 947 3081 1013 ceteris,
3114 963 3235 1003 non
3269 963 3330 1003 se
3369 949 3562 1020 prefe-

1906 1039 2000 1090 rat
2028 1033 2100 1105 7')
2132 1039 2423 1106 tanquam
2455 1033 2685 1106 aliquid
2711 1034 2854 1089 boni
2886 1035 3104 1103 fecerit,
3132 1041 3189 1092 et
3215 1043 3276 1092 ut
3306 1038 3557 1108 injurias

1909 1122 2024 1178 sibi
2055 1122 2250 1179 illatas
2279 1123 2530 1179 libenter
2555 1122 2817 1184 suﬂerat,
2850 1128 2905 1180 et
2936 1123 3181 1194 prebeat
3211 1126 3564 1196 percutienti

1909 1227 1971 1267 se
1992 1212 2170 1268 aliam
2201 1211 2524 1276 maxillam,
2545 1217 2601 1267 et
2629 1217 2688 1267 ut
2715 1212 2792 1268 ad
2809 1227 2989 1268 omne
3007 1229 3163 1284 opus
3185 1213 3415 1270 bonum
3439 1216 3563 1271 vio-

1907 1300 2094 1357 lenter
2123 1305 2402 1372 erumpat
2438 1307 2494 1356 et
2523 1301 2783 1372 diripiat,
2817 1305 2874 1357 et
2903 1309 2964 1356 ut
2993 1303 3264 1359 animam
3299 1320 3473 1359 suam
3504 1305 3566 1360 in

1912 1405 2096 1446 manu
2131 1395 2323 1461 portet
2353 1391 2530 1462 quasi
2565 1389 2802 1445 cottidie
2843 1392 3185 1457 moriturus,
3227 1397 3281 1448 et
3317 1397 3378 1447 ut
3409 1409 3568 1450 vana

1909 1478 2089 1534 ducat
2126 1480 2349 1544 omnia,
2383 1495 2500 1552 que
2542 1479 2655 1534 sub
2686 1479 2802 1534 hoc
2839 1480 2912 1551 ⁷³)
2941 1480 3066 1535 sole
3106 1482 3178 1552 Ἠ)
3220 1488 3570 1550 cernuntur,

1909 1572 1965 1624 et
1992 1569 2068 1636 ⁷⁵)
2094 1567 2286 1623 dicat:
2322 1567 2500 1638 cupio
2521 1567 2766 1623 dissolvi
2793 1573 2849 1623 et
2869 1583 2997 1623 esse
3029 1585 3164 1624 cum
3193 1570 3441 1636 Christo,
3471 1577 3566 1629 et:

1913 1656 2094 1711 michi
2125 1657 2315 1712 vivere
2343 1655 2603 1713 Christus
2634 1661 2719 1712 est
2749 1661 2804 1712 et
2837 1658 2987 1712 mori
3018 1657 3273 1725 lucrum,
3316 1675 3437 1716 non
3464 1675 3570 1731 po-

137 1747 318 1803 fuerit
359 1763 464 1804 cor
501 1747 630 1804 eius
669 1753 725 1802 et
763 1747 1087 1819 optinuerit
1124 1749 1196 1819 ‘7)
1245 1755 1525 1820 precepta
1563 1747 1803 1818 spiritus
1841 1766 1878 1818 Β
1913 1744 2047 1800 terit
2077 1752 2354 1816 precepta
2384 1761 2619 1801 servare
2654 1745 2898 1817 spiritus
2931 1748 3140 1803 sancti.
3176 1748 3423 1820 Explicit
3461 1749 3572 1820 epi-

138 1835 354 1900 sancti,
369 1835 672 1908 proteccio
688 1836 916 1892 domini
933 1835 993 1892 fit
1010 1851 1359 1907 superenm.
1387 1838 1451 1892 Et
1465 1841 1604 1891 tunc
1621 1836 1804 1892 homo

139 1930 434 1995 agnoscet
451 1926 544 1996 ⁸⁸),
563 1924 710 1998 quia
725 1925 1130 1982 indesinenter
1150 1925 1437 1982 adherere
1449 1925 1563 1981 deo
1575 1925 1804 1981 bonum

1912 1835 2050 1891 stola
2069 1835 2212 1891 beati
2238 1836 2514 1893 Macharii
2542 1836 2611 1890 ad
2629 1835 2772 1908 ﬁlios
2795 1837 2888 1908 ⁷⁸).

1510 2050 1771 2106 VARIAE
1810 2050 2203 2107 LEC’I‘IONES.

211 2177 285 2248 ⁵⁸)
319 2181 403 2255 Α-
442 2175 837 2255 facit_.__—_-_5°.)
869 2177 912 2230 Α
963 2174 1411 2255 εαρενςρτθιέίη-τ
1459 2176 1527 2247 ⁸ο)
1565 2174 1774 2255 Αψὶιεῖ
1806 2181 2011 2255 rectura
2053 2173 2246 2255 faciat.
2294 2175 2492 2255 -—“_“)
2543 2183 2591 2230 et
2639 2191 2762 2232 om.
2907 2207 2976 2220 -
3158 2178 3259 2255 sed
3281 2181 3358 2255 fin.
3395 2181 3570 2255 quiete

139 2245 273 2303 om.
319 2245 527 2302 BCI—
573 2248 644 2318 ³⁸)
677 2249 759 2302 BC
799 2245 859 2301 in
883 2263 958 2301 eo.
1006 2245 1076 2288 έ-
1106 2245 1179 2317 “)
1229 2249 1263 2301 Β
1304 2245 1433 2313 fuit.
1490 2245 1555 2286 '—
1600 2247 1670 2317 ⁸⁵)
1719 2250 1758 2302 C
1803 2245 2204 2301 tribulaciones.
2238 2277 2301 2286 —
2344 2248 2415 2316 ⁸⁸)
2461 2245 2578 2301 eum
2627 2263 2750 2305 om.
2801 2250 2856 2303 C.
2889 2279 2955 2290 -
3003 2245 3143 2352 ⁸⁷)Ὀ
3179 2245 3570 2308 obtinuerit.—

139 2322 204 2352 εει
260 2327 285 2352 Α
333 2327 596 2352 ρηηηηρηο
660 2349 727 2352 _
754 2319 825 2352 tm
869 2325 894 2352 Α
935 2319 1106 2352 {unum
1175 2348 1240 2352 __
1278 2318 1349 2352 70x
1393 2318 1600 2352 ηυέιιονη
1633 2334 1730 2352 nm
1799 2318 1880 2352 nn
1941 2349 2002 2352 __
2045 2319 2114 2352 7n
2159 2319 2240 2352 nr‘
2278 2317 2567 2352 nnocnt'na-a'f
2614 2319 2872 2352 nul-vhlnm
3019 2324 3037 2352 1
3076 2324 3088 2352 κ
3123 2325 3160 2352 ρ
3198 2324 3440 2352 ...μαψ-ι

138 2322 205 2396 ff)
246 2327 295 2396 ει
331 2317 630 2396 σορηοεεςεέ
659 2319 825 2396 —_°.’.’)
860 2325 904 2396 ᾼ
935 2319 1127 2396 ima!"-
1174 2348 1240 2357 -
1278 2318 1604 2396 "Lamum
1633 2334 1754 2396 009-
1799 2318 2240 2396 8017.70.81?
2277 2317 2567 2396 Possem?
2611 2319 2896 2396 θῆαιξᾴεηιο
2928 2354 2994 2396 —,,
3019 2317 3089 2393 1')
3123 2325 3162 2379 C
3196 2324 3460 2396 pro/erat.
3501 2353 3571 2366 —

135 2393 204 2466 7})
237 2389 488 2466 hocom.
518 2395 592 2466 t3.
633 2390 805 2466 _-__7‘)
847 2392 886 2445 C
923 2389 1035 2466 sole
1059 2389 1152 2444 hoc
1180 2430 1193 2445 .
1246 2420 1297 2428 —
1337 2389 1410 2461 ⁷⁸)
1448 2396 1498 2444 et
1529 2405 1649 2445 om.
1693 2392 1751 2446 C.
1797 2420 1862 2431 —
1891 2389 1964 2460 ⁷⁸)
2003 2389 2248 2460 Explicit
2283 2389 2508 2461 epistola
2544 2389 2682 2446 beati
2721 2391 2997 2450 Macharii
3032 2389 3110 2452 ad
3143 2389 3443 2466 ﬁiios'om.
3476 2396 3567 2464 A.;

138 2462 290 2518 beati
309 2462 554 2520 Macarii
575 2461 647 2518 ad
672 2460 814 2532 ﬁlio:
838 2477 960 2517 om.
996 2463 1055 2517 C.

1807 2818 1928 2912 II.

623 2968 1250 3144 EPISTOLA
1311 3046 1762 3142 SANCTI
1817 3046 2372 3143 MAGARII
2435 3047 3050 3146 AEGYPTII

1369 3264 1525 3324 CUM
1568 3263 1961 3326 VERSIONE
2009 3266 2388 3328 EDITORIS.

636 3574 762 3625 Cod.
794 3588 895 3624 ms.
928 3586 1103 3638 graec.
1131 3573 1242 3624 Fol.
1277 3575 1335 3623 16
1365 3572 1496 3624 Bibl.
1531 3573 1658 3638 Reg.
1686 3573 2043 3626 Berolinensis
2069 3577 2425 3642 bombycinus
2456 3580 2604 3655 Saec.
2638 3594 2730 3636 XII
2755 3584 2838 3635 vel
2865 3597 2984 3639 XIII
3017 3587 3110 3638 fol.

196 3708 554 3761 Antecedunt
583 3706 864 3770 epistolam
890 3706 1013 3756 inde
1036 3706 1103 3756 ab
1128 3707 1278 3757 initio
1304 3707 1503 3757 codicis
1536 3725 1560 3753 ιι
1585 3705 1688 3752 Τοῦ
1717 3701 1866 3752 ὁσίου
1893 3706 2093 3824 ﬂagro;
2114 3704 2143 3761 ἡ
2151 3711 2260 3774 μῶν
2281 3711 2558 3778 Μακαρίου
2581 3715 2671 3760 τοῦ
2697 3709 2987 3779 Αἰγυπτίου
3013 3712 3210 3782 ὁμιλίαι
3232 3733 3580 3786 πνευματικαι

196 3779 278 3824 Eun
295 3773 492 3824 πολλῆς
505 3770 742 3824 ὠφελείας
759 3770 1286 3824 πεπληρωμεναιπεοὶ
1299 3779 1393 3824 τῆς
1407 3769 1730 3824 ὀφειλομένης
1742 3777 1828 3824 καὶ
1848 3791 1981 3824 σπου
2025 3774 2278 3824 ἄῖοαένῃς
2291 3780 2974 3824 Χοιστιανοῖετεληότῃτοεο
2991 3793 3133 3824 πηιῖο
3147 3794 3365 3824 “mni.
3378 3810 3425 3824 ,η
3441 3796 3578 3824 ιιηηη

136 3773 462 3857 τιάυιίπολὶρξ
471 3793 492 3833 ς
505 3769 742 3857 «basiem;
759 3770 1154 3857 πετςᾎῃρωμεναι
1166 3789 1259 3845 περ
1299 3779 1393 3857 ττξνς
1407 3769 1828 3857 (ξφειξομένηςικάὶ
1848 3769 2283 3857 σπουᾷοἷξομξένηο
2291 3769 2628 3857 Χριοςξιανοῖς
2640 3780 2745 3832 τελε
2753 3769 2862 3839 im
2871 3802 2927 3834 το
2936 3803 2974 3842 ςε
2991 3769 3134 3841 υὸάθ
3147 3769 3428 3857 θρίειοιέω
3441 3796 3579 3845 hanc

137 3845 393 3895 eiusdem
414 3841 631 3907 Macarii
657 3843 905 3907 Aegyptii
929 3841 1048 3890 esse
1074 3841 1310 3907 apparet.
1335 3841 1642 3907 Notandum
1673 3847 1770 3898 est,
1796 3843 1848 3891 in
1879 3843 2077 3893 codicis
2103 3841 2249 3894 textu
2273 3841 2612 3898 lio'miliarum
2631 3853 2798 3900 verba
2817 3841 3086 3903 interdum
3111 3841 3578 3907 nohnullaieﬁ'ore
3651 3858 3662 3864 ’

137 3908 373 3971 librarii.
413 3904 696 3971 excidisse,
731 3903 878 3971 quod
908 3903 1124 3971 annon
1147 3903 1308 3971 etiam
1346 3904 1692 3971 inhepistolae
1727 3909 2306 3971 textuinonnunquam
2337 3911 2609 3968 acciderit,
2655 3913 2830 3963 dicere
2865 3916 3089 3966 haesito.
3130 3903 3576 3970 Dé”¢6dicé‘{ri&é

139 3970 530 4020 Punomm
560 3966 627 4015 ad
647 3965 698 4015 S.
729 3965 944 4015 Macarii
974 3968 1217 4030 Aegyptii
1249 3965 1506 4016 Homilias
1535 3966 1675 4016 infra
1709 3968 1808 4017 col.
1841 3969 2068 4018 447-448.

165 4093 302 4142 Τοῦ
345 4085 544 4138 αὐτοῦ
578 4083 771 4170 ἁγίου
801 4085 1140 4170 μακάριον
1172 4080 1481 4170 iuras-0).?)
1535 4081 1782 4154 μεγάλη
1849 4086 1889 4142 C
1921 4083 2201 4142 Eiusdem
2226 4088 2422 4144 sancti
2437 4089 3188 4166 Macariiepistolamagna
3211 4096 3574 4165 etperutilis.

602 4153 710 4211 διαὶ
738 4159 910 4211 πάνυ
949 4153 1275 4226 ὠφέλιμος
1297 4154 1367 4225 1).

239 4250 536 4301 Fur-inm:
575 4244 834 4320 βούλομαι
871 4247 964 4302 τὴν
1005 4244 1211 4295 σύνεσίν
1251 4261 1367 4308 σου,
1423 4243 1504 4295 ὅτι
1542 4246 1649 4316 χρὴ
1700 4245 1787 4295 τὸν

164 4339 371 4392 τέλειον
422 4332 596 4408 ἄνδρα
633 4336 975 4411 ἀφιερωμένων
1001 4333 1338 4404 τυγχάνοντα
1381 4336 1454 4404 μὴ
1496 4336 1648 4403 μόνον
1698 4332 1788 4384 αὐ-

163 4433 256 4483 τὸν
305 4427 360 4479 ἐν
401 4433 516 4497 Θεῷ
549 4423 696 4490 εἶναι,
730 4424 858 4478 ἀλλὰ
895 4428 985 4475 καὶ
1032 4424 1119 4474 τὸν
1157 4424 1286 4474 Θεὸν
1316 4420 1364 4472 ἐν
1403 4421 1543 4492 αὐτῷ
1571 4442 1583 4454 ο
1617 4423 1789 4484 καθώς

166 4537 346 4591 θῇσιν
386 4517 414 4567 ὁ
453 4517 657 4591 κύριος’
689 4516 715 4566 ὁ
754 4517 953 4586 μένων
992 4511 1052 4563 ἐν
1084 4509 1246 4583 ἕμοί,
1285 4508 1460 4582 κάγὼ
1486 4512 1543 4562 ἑν
1573 4510 1778 4582 αὐτῷ·

166 4606 256 4662 δεῖ
301 4609 406 4680 γὰρ
459 4609 547 4657 τὸν
602 4611 696 4658 τοῦ
749 4611 883 4658 Θεοῦ
920 4603 1191 4677 ἄνθρωπον
1235 4605 1324 4653 καὶ
1373 4609 1700 4673 παροικῆσαι
1740 4599 1788 4652 ἕν

164 4707 241 4769 τῷ
310 4700 621 4768 σκηνώματι
663 4701 735 4764 τῷ
789 4695 961 4763 θιῑκῷ,
1016 4694 1106 4742 καὶ
1151 4697 1563 4748 κατασκηνῶσαι
1618 4690 1668 4740 ἐν
1715 4697 1788 4760 τῷ

165 4787 319 4861 ἁγίῳ
368 4790 477 4858 ὄρει
505 4792 604 4846 τῆς
650 4781 916 4855 ἀχράντου
953 4782 1214 4845 θεότητος,
1271 4779 1354 4830 ἶνα
1405 4781 1477 4850 μὴ
1522 4783 1676 4851 μόνον
1705 4798 1790 4831 πι-

158 4883 374 4954 ριέχων
395 4871 452 4947 ᾖ,
484 4872 613 4926 ἀλλὰ
640 4876 730 4924 καὶ
757 4874 1126 4946 παριεχόμενος
1153 4870 1253 4921 ὑπό
1282 4875 1373 4930 τῆς
1409 4863 1568 4930 δόξης
1594 4875 1683 4920 τοῦ
1713 4872 1784 4940 μὴ

164 4963 653 5039 συγχωροῦντοςί)
728 4956 1284 5014 καταδυναστεύεσθαι
1355 4957 1456 5010 ὑπό
1536 4965 1632 5020 τῆς
1697 4965 1789 5011 τοῦ

162 5061 402 5116 σκότους
451 5052 702 5124 ἐνεργείας
749 5059 847 5103 τῶν
893 5051 1071 5102 παθῶν
1114 5047 1416 5118 ’ἁγιασμοῦ
1471 5047 1573 5118 ’γὰρ
1626 5048 1789 5120 χάριν

160 5152 256 5199 καὶ
303 5153 400 5207 τῆς
447 5142 641 5202 οἰκείας
680 5138 932 5200 ἀπαθείας
979 5137 1165 5190 ἐνοικεῖ
1186 5142 1296 5197 τοῖς
1323 5133 1490 5198 ἀξίοις
1530 5135 1556 5186 ὁ
1588 5139 1786 5209 σωτήρ,

166 5236 258 5290 ἱνα
311 5238 430 5302 καὶ,
469 5234 540 5293 ὡς
585 5228 739 5290 αὐτὸς
776 5227 986 5290 ἀπαθὴς
1035 5227 1302 5299 τυγχάνῃ,
1343 5227 1435 5277 καὶ
1471 5226 1589 5284 τοὺς
1637 5218 1787 5286 διξα-

2002 4245 2174 4318 199
2207 4247 2574 4316 Cognoscere
2610 4251 3051 4321 cupiomentem
3093 4260 3278 4323 tuam,
3331 4271 3408 4313 an
3443 4272 3585 4314 cen-

1923 4349 2058 4389 seas
2089 4350 2334 4391 necesse
2373 4353 2505 4393 esse
2541 4338 2837 4410 perfectus
2865 4342 2972 4407 vir.
3009 4343 3112 4416 qui
3146 4345 3216 4400 sit
3249 4345 3584 4404 sanctiﬁca-

1926 4426 2035 4488 tus,
2065 4438 2187 4479 non
2226 4425 2420 4481 solum
2450 4426 2576 4498 ipse
2604 4427 2662 4482 in
2708 4431 2825 4485 Deo
2852 4431 2943 4496 sit,
2979 4433 3084 4488 sed
3116 4440 3173 4489 et
3207 4437 3360 4490 Deus
3389 4435 3452 4491 in
3484 4451 3580 4504 eo,

1924 4511 2075 4566 sicut
2103 4513 2184 4568 ait
2215 4515 2499 4571 Dominus
2523 4532 2536 4568 :
2570 4517 2664 4588 qui
2693 4526 2868 4574 manet
2893 4521 2951 4574 in
2971 4537 3070 4586 me,
3101 4528 3154 4577 et
3178 4539 3278 4592 ego
3307 4525 3371 4580 in
3398 4528 3578 4598 90(1).

1925 4601 2164 4667 Oportet
2185 4601 2346 4658 enim
2380 4605 2476 4658 Dei
2501 4604 2812 4663 hominem
2835 4614 2892 4664 et
2915 4609 3187 4666 habitare
3213 4611 3276 4668 in
3308 4614 3588 4671 taberna-

1925 4690 2060 4744 culo
2107 4688 2330 4756 divino,
2377 4697 2434 4747 et
2485 4709 2709 4765 ponere
2756 4697 3213 4755 tabernaculum
3270 4701 3332 4756 in
3372 4708 3582 4760 sancto

1926 4782 2129 4833 monte
2153 4779 2575 4837 immaculatae
2595 4784 2852 4853 Deitatis,
2876 4791 2940 4841 ut
2966 4802 3086 4843 non
3109 4787 3304 4845 solum
3330 4789 3585 4848 circum-

1925 4865 2044 4932 det,
2077 4867 2179 4923 sed
2196 4868 2375 4926 etiam
2402 4870 2808 4929 circumdatus
2836 4875 2910 4930 sit
2934 4875 3126 4944 gloria
3146 4878 3296 4943 eius,
3327 4880 3434 4952 qui
3457 4889 3581 4938 nan

1926 4956 2145 5027 patitur
2173 4958 2362 5028 redigi
2392 4975 2529 5015 eum
2561 4960 2674 5016 sub
2700 4968 3060 5033 potestatem
3092 4968 3477 5025 tenebrarum
3508 4985 3580 5027 ac

1925 5045 2302 5116 passionum.
2339 5048 2836 5106 Sanctiﬁcationis
2865 5056 3026 5109 enim
3059 5060 3116 5111 et
3141 5058 3417 5129 propriae
3443 5074 3585 5131 apa-

1926 5133 2085 5190 thiae
2106 5136 2300 5204 gratia
2319 5135 2614 5194 inhabitat
2635 5139 2832 5209 dignis
2861 5141 3150 5210 Salvator,
3181 5149 3262 5211 ut,
3295 5147 3583 5220 quemad-

1925 5224 2175 5280 modum
2188 5225 2315 5296 ipse
2327 5226 2685 5297 passionum
2697 5244 2904 5303 expers
2917 5237 3024 5299 est,
3041 5233 3125 5291 ita
3137 5235 3308 5293 etiam
3321 5235 3588 5312 illos,qui

1539 5357 1802 5417 VARIAE
1840 5357 2216 5416 LECTIONES

227 5499 279 5569 ¹)
303 5494 450 5554 Cod.
485 5491 748 5567 ὀφὲλιμος.
783 5519 852 5532 -
883 5488 932 5561 ²)
957 5485 1102 5547 Cod.
1137 5490 1549 5560 συγχοροῦντος.

1758 5584 2017 5644 NOTAE.

232 5699 322 5780 (1)
350 5697 481 5758 Joh.
516 5696 624 5768 XV,
652 5699 708 5755 5.
