4086 6194
545 268 646 326 411
686 278 691 283 '
1858 252 1919 310 S.
1960 252 2155 311 MACA

2239 252 2258 308 ι
2293 249 2629 309 AEGYPTll
3766 266 3852 323 4η

547 409 688 451 eum
709 391 1079 463 receperunt,
1093 403 1129 443 a
1149 382 1540 458 passionibus
1554 380 1784 442 liberet,
1802 378 1924 435 iam
1946 392 2068 433 non
2082 392 2158 446 ag

2258 378 2285 431 Α
2323 380 2508 451 μένους
2563 377 2719 431 αὐτὸν
2772 376 2986 439 ἀπαθεῖς
3040 380 3430 449 κατασκευάσῃ,
3476 385 3651 452 μηκέτι
3699 385 3871 443 κλυδω.

548 489 700 541 tatos
732 488 788 538 et
821 476 1203 535 circumlatos
1240 473 1455 547 quovis
1488 475 1688 527 vento.
1724 470 1870 526 Sunt
1900 468 2059 523 enim
2103 483 2161 539 qi

2323 468 2623 539 νιξομένους
2683 472 2769 520 καὶ
2818 472 3250 541 περιφερομένους
3303 469 3403 521 ὑπὸ
3458 475 3639 535 παντὸς
3682 474 3863 549 ἀνέμου,

546 588 670 630 non
694 570 875 627 modo
908 568 1019 639 ipsi
1040 565 1249 638 procul
1273 580 1309 619 a
1336 561 1548 619 Christi
1582 559 1878 630 mysteriis
1901 558 2159 627 degente;

2326 556 2428 609 εἰσὶ
2478 559 2581 631 γάρ
2612 576 2765 623 τινες,
2807 556 2855 609 οἱ
2909 557 2967 609 οὐ
3021 562 3173 629 μόνον
3224 557 3375 610 αὐτοὶ
3402 559 3649 634 πόρρωθεν
3674 573 3761 616 τῶν
3794 577 3870 621 τοῦ

545 678 753 719 verum
775 659 955 715 etiam
984 654 1274 729 proximis
1306 658 1515 724 potum
1542 648 1822 705 sordidae
1841 645 2158 717 corruptelz

2328 653 2565 717 Χριστοῦ
2596 651 2900 718 μυστηρίων
2932 648 3306 718 τυγχάνοντες,
3352 646 3477 700 ἀλλά
3522 655 3606 703 καὶ
3632 656 3737 715 τοὺς
3761 656 3872 715 πλη-

545 751 923 824 praebentes,
965 746 1275 801 veritatem
1320 742 1417 796 Dei
1456 741 1518 795 in
1556 736 1846 793 iniustitia
1886 735 2158 791 detinean

2329 739 2442 786 σίον
2515 736 2808 796 ποτίζοντες
2869 734 3164 809 ἀνατροπὴν
3213 735 3482 809 θολεράνί,
3534 743 3622 797 τὴν
3671 740 3873 801 ἀλήθειαν

550 821 609 896 in
637 838 878 910 quibus,
914 834 1127 906 inquit,
1168 832 1347 903 200
1379 828 1521 900 quod
1557 833 1740 883 notum
1777 831 1851 880 est
1883 823 2004 889 Dei,
2042 839 2163 877 man

2326 830 2417 876 τοῦ
2446 831 2580 877 Θεοῦ
2610 823 2660 876 έν
2692 821 2878 897 ἀδικίᾳ
2910 829 3230 896 κατέχουσιν
3250 842 3262 856 ·
3292 824 3340 877 ἐν
3370 827 3465 891 οἷς,
3493 834 3633 899 φησί,
3659 836 3718 883 τὸ
3750 853 3875 903 γνω-

548 930 743 1000 festum
767 930 843 981 est
866 926 965 995 (i).
993 926 1139 979 Nam
1162 920 1298 976 vani
1323 922 1383 973 in
1402 914 1871 987 cogitationibus
1891 912 2015 968 suis
2038 916 2093 967 et
2114 910 2161 967 oi

2327 914 2497 965 όστὸν
2545 921 2657 967 τοῦ
2696 921 2860 967 Θεοῦ
2891 918 3166 986 φανερόν
3198 912 3373 967 ἔστιν
3398 920 3875 995 ’ματαιωθέντεςγὰρ

550 1018 705 1074 scuri
731 1017 789 1071 in
812 1012 1110 1085 insipienti
1143 1009 1323 1065 corde
1343 1023 1455 1063 suo
1489 1006 1656 1071 facti,
1688 1004 1894 1059 disunt
1920 1000 2163 1057 naturali

2328 1001 2376 1053 ἐν
2424 1009 2529 1063 τοῖς
2592 1000 2959 1075 διαλογισμοῖς
2999 1004 3186 1067 αὐτῶν,
3238 1009 3327 1057 καὶ
3389 1009 3726 1071 σκοτισθέντες
3767 1014 3876 1063 κατά

551 1122 683 1162 esse
696 1111 750 1160 et
762 1123 797 1160 a
813 1107 927 1159 Deo
941 1104 1286 1174 procreatas
1301 1097 1621 1169 passiones
1640 1093 2028 1165 ignominiae,
2052 1090 2164 1146 V01!

2331 1096 2426 1149 την
2465 1090 2705 1147 ἀσύνετον
2746 1092 2913 1145 αὐτῶν
2958 1090 3207 1168 καρδίαν,
3250 1096 3514 1166 φάσκουσι
3552 1101 3736 1167 φυσικά
3773 1096 3878 1151 εἶναι

547 1200 772 1267 ptatem
795 1193 1046 1264 inquam
1068 1187 1488 1258 corruptionis,
1526 1191 1583 1239 et
1606 1184 1879 1239 animum
1903 1181 2160 1237 iniustum

2328 1187 2417 1235 καὶ
2463 1181 2520 1235 ἐκ
2545 1187 2672 1236 Θεοῦ
2709 1184 3023 1254 γεγενῆσθαι
3063 1185 3127 1236 τά
3154 1184 3297 1241 πάθη
3342 1191 3437 1246 τῆς
3467 1182 3688 1255 ἀτιμίας,
3716 1184 3879 1247 ἡδονὴν

546 1287 698 1340 iram
732 1282 1100 1343 indecoram,
1133 1291 1255 1332 non
1300 1272 1631 1330 secundum
1666 1274 1851 1327 Deum
1883 1274 2131 1333 motam,

2326 1270 2461 1342 λέγω
2512 1273 2725 1345 φθορᾶς,
2765 1276 2855 1325 καὶ
2904 1275 3064 1343 θυμὸν
3116 1268 3323 1338 ἄδικον,
3362 1272 3519 1345 ὀργὴν
3572 1273 3779 1348 ἀπρεπῆ,
3821 1282 3877 1349 μὴ

554 1373 671 1430 alia
701 1368 1026 1426 eiusmodi.

2328 1362 2464 1413 κατὰ
2493 1364 2621 1415 Θεὸν
2660 1365 2987 1434 κινουμένην,
3018 1365 3107 1414 καὶ
3137 1364 3237 1414 ὅσα
3261 1370 3498 1415 τοιαῦτα.

621 1465 735 1518 Nos
754 1461 929 1529 igitur
956 1464 1013 1512 et
1042 1456 1173 1510 illos
1194 1459 1252 1510 et
1277 1468 1455 1508 voces
1488 1466 1697 1507 eorum
1725 1454 2013 1520 tanquam
2033 1463 2068 1502 a
2086 1461 2219 1518 pro-

2397 1448 2572 1522 Ἡμεῖς
2613 1455 2784 1503 τοίνυν
2832 1451 3025 1513 αὐτούς
3063 1470 3119 1504 τε
3160 1456 3250 1504 καὶ
3287 1455 3377 1513 τὰς
3426 1456 3589 1525 φωνὰς
3634 1454 3785 1507 αὐτῶν
3829 1458 3882 1518 ὡς

552 1551 747 1624 posito
765 1549 1113 1605 aberrantes
1133 1544 1352 1599 missos
1371 1541 1676 1604 facientes,
1697 1535 2165 1594 consideremus]

2329 1537 2579 1613 ἰκτροπάς
2649 1538 2911 1602 ἕάσαντες,
2979 1538 3258 1612 ὶπιγνῶμεν
3320 1545 3415 1599 τὴν
3488 1537 3719 1595 δοθεῖσαν
3780 1546 3881 1615 ἡμῖν

549 1639 795 1695 bertatis
827 1634 1140 1691 arbitrium
1172 1632 1249 1687 ab
1274 1647 1346 1686 eo
1382 1629 1561 1685 nobis
1581 1628 1789 1683 datum
1818 1626 1920 1698 qui
1948 1624 2162 1681 condid

2328 1637 2418 1687 τῆς
2471 1627 2757 1702 ἐλευθερίας
2810 1629 3251 1692 αὐτεξουσιότητα
3300 1632 3447 1702 ποιρά
3511 1638 3600 1684 τοῦ
3650 1636 3882 1693 κτίσαντος

555 1744 685 1794 nos,
719 1730 785 1782 ut
812 1726 871 1780 in
900 1728 1108 1779 nostra
1139 1724 1435 1793 potestate
1468 1719 1543 1773 sit
1568 1722 1623 1773 et
1660 1715 1907 1772 meliora
1936 1720 2168 1787 appetei

2269 1716 2482 1787 ςήμᾶς,
2544 1717 2627 1769 ἵνα
2681 1716 2759 1789 ἐφ’
2812 1718 2936 1788 ἡμῖν
3092 1720 3148 1770 τὸ
3198 1717 3242 1789 ²)
3300 1722 3395 1770 καὶ
3456 1727 3555 1771 τῶν
3618 1726 3882 1795 κρειττόνων

549 1822 603 1872 et
635 1834 669 1871 a
694 1814 999 1887 peioribus
1030 1812 1352 1866 abstinere.
1388 1811 1589 1880 Neque
1617 1807 1776 1862 enim
1810 1804 2005 1860 iustus
2035 1803 2162 1859 inde

2325 1807 2590 1878 ρέγεσθαι,
2623 1810 2713 1858 καὶ
2756 1814 2853 1859 τῶν
2905 1810 3156 1879 χειρόνων
3209 1805 3507 1879 ἀπέχεσθαι
3542 1825 3555 1838 ·
3583 1810 3638 1861 οὐ
3835 1811 3882 1861 ἄν

552 1906 788 1978 puniret
803 1919 911 1958 nos
926 1899 1313 1974 passionibus
1339 1896 1633 1959 subditos,
1651 1897 1695 1950 si
1719 1895 1845 1965 ipse
1860 1910 1989 1948 esse
2006 1909 2165 1949 earui

2326 1895 2351 1945 6
2406 1891 2609 1957 δίκαιος
2656 1901 2841 1969 κριτὴς
2889 1895 3130 1959 ἐκόλαζεν
3181 1898 3322 1968 ἡμᾶς
3385 1896 3764 1972 ἔνεργουμίνους
3804 1901 3883 1952 ὑπὸ

550 2000 797 2050 auctor.
849 1994 1071 2061 Apage,
1118 1988 1319 2052 iubeo,
1349 1999 1564 2057 apage,
1600 1998 1797 2055 neque
1843 1982 1903 2037 in
1951 1988 2163 2037 mente]

2325 1992 2424 2035 τῶν
2478 1988 2677 2050 παθῶν,
2730 1988 2867 2058 εἴπερ
2918 1982 2979 2043 ἦν
3020 1986 3177 2048 αὐτὸς
3231 1986 3405 2039 αὐτῶν
3436 1994 3654 2050 ποιητής
3683 2005 3695 2018 ·
3722 1990 3882 2059 ἄπαγε,

554 2083 785 2138 venias.
818 2076 1240 2135 Abominanda
1270 2076 1428 2130 enim
1455 2074 1621 2130 omni
1648 2074 1783 2144 piae
1814 2070 1999 2127 menti
2031 2086 2167 2142 prav

2323 2074 2626 2146 παρακαλῶ,
2660 2075 2849 2146 ἄπαγε,
2891 2071 3031 2146 μηδὲ
3062 2075 3130 2135 εἰς
3174 2078 3371 2128 ἔννοιαν
3423 2075 3603 2149 ἔλθῃς·
3639 2074 3887 2149 βδελυκτόν

550 2171 649 2228 illa
674 2177 731 2226 et
753 2169 933 2225 stulta
952 2167 1247 2223 doctrina.
1277 2167 1425 2219 Nam
1450 2161 1815 2218 mundarum
1847 2167 1903 2214 et
1920 2158 2089 2215 valde
2110 2160 2163 2213 bt

2322 2164 2422 2234 γὰρ
2476 2164 2653 2225 πάσης
2713 2162 2955 2224 εὐσεϐοῦς
3008 2160 3245 2225 διανοίας
3292 2168 3348 2217 τὸ
3404 2165 3592 2219 ἄτοπον
3640 2174 3777 2218 τοῦτο
3817 2171 3888 2217 καὶ

550 2276 767 2316 narum
790 2262 1143 2314 naturarum
1173 2253 1376 2324 opifex
1398 2255 1572 2317 Deus,
1593 2252 1747 2307 sicut
1762 2248 2066 2322 praedicat
2088 2250 2163 2319 Sp

2323 2253 2473 2312 ῦηθες
2501 2250 2697 2325 δόγμα.
2740 2256 2981 2328 καθαρῶν
3032 2257 3130 2327 γὰρ
3181 2259 3269 2306 καὶ
3323 2254 3446 2307 λίαν
3496 2256 3659 2309 καλῶν
3718 2258 3888 2329 φύσεων

549 2350 698 2405 ritus
741 2345 1085 2424 sanctusin
1128 2342 1337 2397 mundi
1376 2341 1718 2398 creatione:
1764 2340 1894 2394 Ecce
1924 2338 2085 2402 enim,
2126 2337 2162 2392 ii

2323 2336 2357 2392 δ
2362 2345 2648 2414 ημιουργός
2674 2343 2700 2393 6
2732 2347 2887 2403 Θεός·
2918 2344 3092 2403 καθὼς
3124 2339 3426 2418 διαγορεύει
3466 2348 3523 2397 τό
3554 2346 3695 2417 άγιον
3721 2353 3891 2416 πνεῦμα

550 2438 702 2510 quit,
732 2444 923 2492 cuncta
958 2433 1116 2489 valde
1145 2432 1277 2487 bona
1311 2432 1409 2503 (2).
1450 2431 1735 2485 Jeremias
1766 2435 1965 2483 autem
1996 2427 2163 2496 lugen

2322 2429 2371 2481 ἐν
2425 2437 2486 2503 τῇ
2540 2434 2863 2503 κοσμοποιῖα
2894 2452 2906 2464 ·
2954 2428 3071 2484 ἰδοῦ
3119 2433 3241 2505 γάρ,
3295 2438 3459 2504 φησί,
3509 2436 3720 2487 πάντα
3760 2434 3893 2486 καλά

552 2529 610 2580 et
644 2525 956 2593 ambigens
987 2523 1061 2576 de
1102 2521 1455 2593 passionum
1500 2517 1832 2589 ignominia
1868 2532 1879 2569 :
1924 2515 2165 2571 Domina.

2318 2518 2481 2575 λίαν.
2523 2519 2773 2593 Ἱερεμίας
2829 2517 2888 2572 δε
2932 2516 3247 2594 ὀδυρόμενος
3293 2527 3390 2574 καὶ
3433 2520 3760 2595 ἀμφισϐητῶν
3795 2524 3890 2597 περὶ

551 2613 765 2685 inquit,
800 2629 905 2667 non
921 2612 1070 2665 dixit
1105 2628 1120 2664 :
1152 2612 1285 2676 Quis
1315 2616 1387 2663 est
1414 2609 1510 2662 iste
1540 2608 1638 2678 qui
1650 2606 1796 2661 dixit
1825 2612 1885 2659 ut
1910 2606 2077 2675 ﬁeret,
2106 2605 2164 2659 Di

2318 2618 2413 2671 τῆς
2437 2617 2533 2661 τῶν
2564 2612 2741 2662 παθῶν
2768 2608 3013 2681 ἀτιμίας·
3039 2613 3286 2683 κύριος,
3321 2631 3480 2682 φησι,
3510 2612 3618 2665 οῦκ
3649 2610 3891 2672 εἶπε-τίς

554 2707 704 2757 mino
736 2720 839 2757 nou
870 2700 1085 2756 iubente
1113 2700 1140 2753 ?
1168 2699 1256 2753 Ea:
1293 2715 1383 2753 ore
1412 2696 1690 2752 Altissimi
1728 2712 1833 2749 non
1863 2693 2167 2765 egredientu

2319 2698 2551 2760 οὓτως³
2610 2696 2748 2751 εἶπε
2783 2704 2891 2751 καὶ
2930 2699 3207 2771 ἐγενήθη
3245 2716 3257 2766 ;
3292 2704 3529 2774 κύριος
3568 2702 3673 2753 οὐκ
3704 2701 3892 2753 ὶνετεὶ-

550 2792 715 2857 mala,
739 2790 828 2846 sed
858 2791 991 2845 bona
1024 2791 1123 2859 (3).
1172 2790 1236 2843 Et
1267 2789 1478 2842 iterum
1512 2784 1891 2853 interrogatio
1925 2784 1978 2838 in
2022 2785 2163 2839 Eva!

2316 2786 2487 2855 λατο,
2544 2786 2607 2838 ἐκ
2671 2792 2995 2860 στόματος
3041 2788 3323 2859 ὑψίστου
3380 2790 3494 2842 οὐκ
3524 2789 3893 2853 ἐξελεύσεται

552 2881 707 2952 gelio
734 2881 808 2936 ad
842 2880 1161 2934 Dominum
1192 2876 1269 2931 ab
1292 2873 1787 2930 intellectualibus
1808 2872 2165 2945 potestatibu

2315 2878 2391 2928 τά
2429 2877 2614 2942 κακά,
2651 2874 2812 2929 ἀλλά
2850 2880 2923 2929 τά
2956 2876 3186 2948 ἀγαθά.
3215 2883 3303 2930 καὶ
3350 2875 3505 2940 αὖθις
3533 2881 3561 2937 ἡ
3596 2878 3641 2931 έν
3668 2887 3733 2948 τῷ
3771 2878 3894 2947 εὐαγ-

552 2970 731 3026 facta.
758 2968 1003 3033 Domine,
1032 2967 1219 3030 aiunt,
1247 2981 1417 3019 nonne
1444 2963 1630 3018 bonum
1653 2978 1828 3017 semen
1847 2962 2165 3017 seminastii

2314 2965 2467 3036 γελίῳ
2513 2968 2638 3037 πρὸς
2668 2969 2754 3017 τὸν
2799 2968 2977 3041 κύριον
3024 2966 3349 3041 ἐπερώτησις
3390 2977 3492 3021 τῶν
3531 2968 3736 3039 λογικῶν
3765 2963 3893 3019 δυνά-

548 3075 680 3131 agro
709 3064 797 3114 tuo
824 3059 851 3112 i’
876 3056 1025 3113 Unde
1056 3056 1179 3110 haec
1198 3054 1423 3109 zizania
1442 3052 1520 3125 (4)
1548 3051 1575 3106 ἳ
1594 3051 1743 3106 Alibi
1769 3066 1908 3106 vero
1940 3050 2161 3107 Salvatc

2315 3069 2480 3127 μεων·
2523 3056 2731 3129 κύριε,
2789 3060 3011 3126 φησίν,
3054 3056 3125 3108 οὐ
3165 3055 3367 3109 καλὸν
3426 3062 3679 3133 σπέρμα
3721 3059 3894 3111 ἑσπει.

549 3149 681 3221 ipse
726 3148 801 3203 de
844 3146 1054 3201 iisdem
1103 3144 1245 3199 dicit
1278 3160 1290 3197 :
1345 3143 1531 3197 Omnis
1571 3140 1865 3212 plantatie,
1903 3157 2061 3210 quam
2099 3157 2162 3194 na

2314 3162 2425 3215 ρας
2466 3142 2523 3195 ἐν
2563 3152 2645 3214 τῷ
2677 3151 2762 3213 σῷ
2805 3142 3230 3215 ἀγρῷ;πόθεν
3264 3153 3465 3199 τοῦτο
3498 3149 3561 3199 τὸ
3594 3146 3890 3208 ζιζάνιον;

546 3237 992 3310 plantavitPater
1002 3234 1257 3302 caelestis,
1274 3231 1647 3287 eradicabitur
1660 3230 1759 3300 (5).
1775 3230 2017 3285 Omnem
2031 3231 2159 3284 enin

2315 3232 2523 3307 ἑτέρωθι
2546 3228 2605 3285 δε
2630 3232 2788 3293 αὐτὸς
2818 3234 2843 3284 6
2880 3238 3054 3305 σωτὴρ
3086 3238 3204 3307 περὶ
3234 3243 3332 3287 τῶν
3369 3235 3540 3288 αὐτῶν
3572 3252 3721 3309 φησι·
3746 3240 3894 3286 πᾶσα

548 3342 706 3400 quae
736 3342 806 3381 ex
838 3328 954 3380 Deo
998 3324 1089 3389 sit,
1124 3322 1558 3393 plantationem
1602 3334 1731 3374 esse
1762 3318 1986 3372 bonam
2034 3324 2161 3373 testi

2315 3326 2561 3393 φυτεία,
2606 3325 2675 3381 ἦν
2723 3322 2837 3374 οὐκ
2876 3320 3228 3394 ἐφύτευσεν
3289 3325 3314 3375 6
3378 3329 3590 3399 πατὴρ
3632 3327 3656 3376 6
3694 3326 3738 3374 έν
3782 3328 3892 3379 τοῖς

550 3420 646 3470 tur
686 3414 920 3475 Paulus,
957 3412 1017 3466 in
1047 3426 1169 3481 quo
1206 3410 1469 3464 Christus
1496 3407 1758 3478 loquitur
1805 3424 1816 3459 :
1846 3406 1989 3471 Quia
2027 3423 2163 3463 omni

2313 3410 2634 3485 οὐρανοῖς,
2674 3413 3223 3486 ἑκριζωθὴσεται.
3273 3411 3401 3466 Ὀτι
3430 3417 3534 3486 γὰρ
3588 3420 3728 3467 πᾶσα
3769 3413 3796 3469 ἠ
3847 3409 3892 3461 ἐκ

548 3510 805 3559 creatura
827 3502 925 3556 Dei
957 3500 1090 3554 bona
1118 3506 1191 3553 est
1217 3497 1317 3569 (6).
1348 3500 1387 3551 Ε
1413 3495 1635 3568 quibus
1662 3494 1939 3565 intellige,
1969 3502 2161 3553 nostra

2313 3507 2446 3553 Θεοῦ
2477 3505 2657 3572 φυτεία
2699 3500 2855 3570 καλή,
2899 3507 3153 3576 μαρτυρεῖ
3184 3501 3408 3568 Παῦλος,
3461 3502 3510 3555 ἐν
3628 3504 3651 3555 6
3694 3503 3891 3573 Χριστὸς

546 3608 670 3649 non
705 3607 833 3646 esse
866 3589 1175 3661 passiones
1208 3588 1265 3641 in
1300 3585 1475 3641 nobis
1516 3583 1877 3650 reconditas,
1920 3585 2025 3640 sed
2066 3585 2159 3641 alii

2310 3588 2485 3641 λαλεῖ·
2520 3592 2620 3642 ὅτι
2658 3596 2776 3642 πᾶν
2818 3594 3069 3661 κτίσμα
3108 3598 3274 3643 Θεοῦ
3312 3592 3784 3663 καλόν-γίνωσκε
3807 3591 3893 3640 τοί-

545 3697 678 3739 nas.
709 3683 855 3736 Nam
887 3696 899 3734 :
933 3678 997 3731 ab
1028 3676 1246 3733 occultis
1274 3675 1425 3744 meis,
1458 3675 1668 3745 inquit,
1710 3673 1909 3729 munda
1933 3692 2028 3737 me,
2061 3682 2109 3729 et
2135 3692 2158 3729 ο

2310 3698 2416 3742 νυν,
2451 3683 2522 3750 μὴ
2558 3680 2783 3753 ἡμέτερα
2810 3677 2939 3731 εἶναι
2966 3681 3031 3731 τὰ
3060 3679 3561 3754 έναποκεκρυμμένα
3602 3682 3720 3751 ἡμῖν
3746 3679 3886 3739 πάθη,

544 3769 743 3826 alienis
776 3784 939 3841 parce
986 3784 1140 3822 servo
1169 3771 1259 3820 tuo
1283 3765 1384 3837 (7).
1430 3769 1484 3819 et
1513 3780 1525 3818 :
1558 3762 1749 3817 Alieni
1778 3764 2157 3819 insurrexerur

2310 3765 2499 3838 ἀλλά⁴>
2533 3766 2775 3843 ἀλλότρια
2804 3786 2815 3798 ·
2852 3770 2917 3820 εκ
2952 3777 3068 3820 τῶν
3106 3774 3397 3841 κρυφίων
3437 3790 3561 3843 μου
3598 3772 3718 3845 γάρ,
3759 3770 3888 3840 φησί,

542 3860 825 3915 adversum
856 3874 955 3923 me,
979 3862 1027 3911 et
1054 3857 1227 3926 fortes
1254 3854 1599 3926 quaesierunt
1630 3853 1872 3908 animam
1898 3869 2065 3909 meam
2098 3853 2151 3920 (8

2309 3857 2671 3930 καθάρισόν
2710 3877 2803 3929 με,
2855 3862 2969 3910 καὶ
2997 3856 3117 3909 ἀπὸ
3159 3856 3519 3932 ἀλλοτρίων
3551 3867 3763 3931 φεῖσαι
3798 3861 3887 3907 τοῦ

543 3951 611 4005 Et
640 3966 652 4003 :
686 3947 904 4011 Indica,
931 3945 1176 4009 Domine,
1204 3951 1446 3998 nocentes
1473 3959 1574 4008 me,
1604 3958 1851 4012 expugna
1882 3943 2156 4014 impugnat

2311 3940 2553 3997 δούλου
2596 3964 2709 3998 σου
2736 3950 2880 3997 ’καί
2908 3963 2919 3975 ·
2955 3944 3293 4019 ἀλλότριοι
3333 3948 3790 4005 ἐπανέστησαν
3815 3941 3887 3995 ἐπ’

545 4045 618 4093 tes
644 4056 724 4092 me
757 4038 853 4109 (9).
891 4037 1053 4100 Quae
1085 4034 1263 4102 igitur
1290 4032 1543 4097 occulta,
1578 4031 1668 4086 vel
1695 4033 1796 4101 qui
1826 4038 2106 4087 nocentes
2144 4050 2158 4088 ι

2311 4037 2437 4105 εμέ,
2478 4039 2587 4086 καὶ
2626 4039 2931 4108 κραταιοὶ
2969 4032 3304 4098 ἐζήτησαν
3363 4042 3482 4095 τήν
3527 4037 3749 4107 ψυχήν
3798 4050 3885 4105 μο·

542 4128 996 4197 impugnantes,
1041 4122 1130 4176 vel
1165 4122 1266 4192 qui
1316 4122 1486 4191 201
1531 4119 1727 4183 alieni,
1779 4120 1891 4175 nisi
1936 4120 2155 4177 malitia

2308 4127 2451 4175 καὶ·
2518 4119 2818 4189 δίκασον,
2885 4126 3087 4196 κύριε,
3143 4128 3295 4187 τοῦς
3360 4122 3761 4183 ἀδικοῦντάς
3811 4138 3885 4193 με,

543 4214 784 4285 spiritus
817 4210 1025 4266 Christi
1057 4208 1379 4265 virtutibus
1412 4206 1672 4278 oppositi
1701 4206 1729 4261 ‘i

2308 4210 2675 4283 πολέμησον
2713 4216 2864 4275 τοὺς
2903 4213 3339 4284 πολεμουντάς
3381 4234 3476 4286 με.
3506 4219 3559 4267 τί
3586 4210 3672 4266 οὖν
3701 4215 3761 4264 τὰ
3782 4211 3889 4282 κρύ-

541 4319 653 4373 φια,
694 4300 723 4358 ἡ
757 4304 889 4359 τίνες
914 4300 963 4349 οἱ
995 4293 1297 4358 ἀδικοῦντες
1340 4301 1429 4348 καὶ
1458 4296 1812 4367 πολεμοῦντες,
1848 4296 1876 4355 ᾖ
1912 4300 2039 4357 τίνες
2069 4297 2117 4349 οἰ
2156 4297 2438 4373 ἀλλότριοι,
2470 4301 2514 4353 εἰ
2542 4305 2613 4373 μή
2657 4304 2722 4354 τά
2769 4310 2858 4363 τῆς
2895 4307 3112 4377 πονρίας
3139 4305 3416 4375 πνεύματα
3470 4306 3537 4356 τά
3596 4303 3888 4372 ἀντικείμενα

547 4396 659 4449 ταῖς
690 4394 923 4461 Χριστοῦ
954 4385 1161 4458 ἀρεταῖς
1191 4402 1204 4452 ;

610 4494 860 4551 Attende
912 4492 1247 4562 diligenter,
1296 4490 1815 4563 quemadmodum
1855 4497 1911 4548 et
1959 4492 2056 4549 lex
2106 4494 2193 4549 di-

2378 4501 2619 4570 Πρόσεχε
2648 4495 2894 4571 ἀκριϐῶς,
2929 4499 3065 4560 ὅπως
3096 4503 3185 4551 καὶ
3225 4500 3251 4550 6
3280 4518 3439 4571 νομος
3474 4494 3765 4574 διαρρήδην

542 4590 694 4641 serte
750 4584 1012 4640 clamitet
1064 4581 1138 4637 de
1181 4582 1473 4637 interioris
1524 4581 1786 4636 hominis
1839 4583 2137 4639 munditia

2301 4590 2419 4659 περὶ
2483 4594 2578 4648 τῆς
2620 4588 2754 4639 κατά
2800 4590 2885 4638 τόν
2932 4589 3033 4639 ἔσω
3086 4588 3357 4659 ἄνθρωπον
3423 4591 3800 4662 καθαρότητος·
3829 4581 3884 4634 οὗ

541 4674 667 4733 Non
719 4672 1029 4745 usurpabis,
1080 4673 1180 4738 ait,
1230 4687 1415 4726 nomen
1469 4670 1692 4726 Domini
1743 4670 1848 4726 Dei
1908 4672 1996 4727 tui
2044 4674 2154 4743 frui

2300 4673 2513 4747 λήψῃ,
2556 4681 2705 4748 φησί,
2742 4679 2813 4729 τὸ
2844 4680 3046 4749 ὄνομα
3073 4682 3304 4750 κυρίου
3336 4686 3452 4731 τοῦ
3484 4685 3644 4732 Θεοῦ
3675 4670 3884 4729 σουέπὶ

1858 4770 2115 4826 VARIAE
2175 4774 2577 4831 LECTIONES.

608 4880 653 4951 1)
702 4879 848 4936 Cod.
880 4878 1175 4961 ἀνατροπὴν
1226 4878 1539 4961 θολερὰνοεοῖ
1585 4895 1721 4939 τινες
1764 4881 1857 4935 τήν
1903 4897 2038 4961 κητ.
2092 4877 2138 4934 λ.
2177 4879 2286 4961 Ubi
2301 4880 2496 4961 .haud
2543 4881 2725 4938 dubie
2768 4897 2933 4938 error
2980 4881 3197 4961 calami
3242 4882 3505 4955 irrepsit.
3566 4882 3693 4939 Sive
3738 4878 3881 4936 enim

538 4949 723 5031 οἵτινες
750 4949 1042 5031 corrigis,_
1072 4951 1195 5031 sive
1224 4953 1285 5031 οῖ
1303 4949 1436 5010 τινες
1466 4949 1507 5002 i.
1554 4965 1608 5031 e.
1645 4968 1670 4998 α
1728 4949 2114 5031 vae‘quidam
2142 4952 2446 5031 _»__retines,
2480 4953 2595 5031 _hae
2641 4968 2844 5031 voces__
2864 4954 3174 5027 quomodo
3221 4949 3405 5009 nexui
3437 4954 3726 5010 orationis
3754 4964 3883 5007 con-

535 5025 801 5089 veniant,
853 5038 970 5095 110D
1009 5022 1211 5095 liquet-
1244 5020 1572 5095 Querqaut
1617 5025 1758 5095 pOSt
1789 5020 1995 5095 θολερὰν
2028 5023 2321 5079 excidisse
2372 5024 2557 5080 verba
2598 5020 2907 5090 nonnulla’,
2963 5031 3067 5095 aut
3095 5041 3209 5080 vox
3255 5028 3441 5086 οἵτινες
3476 5025 3726 5095 (οἵτινες),
3773 5022 3883 5095 sive

535 5095 847 5169 relativum
884 5093 950 5169 οἱ,
996 5090 1158 5165 (ιη’οό
1186 5090 1506 5169 antecedit,
1538 5090 1794 5169 delenda
1824 5090 2123 5150 videntur.
2157 5126 2225 5136 —
2256 5096 2301 5168 ²)
2332 5095 2521 5162 Coni.,
2552 5097 2688 5154 cod.
2720 5100 2830 5155 ἤτω
2858 5127 2927 5138 -
2957 5097 3004 5169 8)
3036 5094 3221 5165 Corr.,
3255 5097 3394 5157 cod.
3428 5090 3601 5160 οὗτος.
3634 5090 3701 5138 -ὲ
3729 5096 3771 5165 ⁸)
3802 5091 3883 5148 Sic

538 5167 603 5224 in
633 5166 837 5224 codice
869 5166 995 5222 sine
1014 5162 1413 5237 apostropho,
1444 5165 1509 5218 ut
1537 5162 1786 5233 passim.

2425 5390 2446 5677 ἓ

2085 5264 2317 5320 NOTAE
2330 5308 2344 5324 .

638 5387 686 5461 1)
712 5390 881 5461 Rom.
909 5386 1047 5461 1,19
2368 5389 2445 5461 (6)
2478 5388 2671 5446 ITim.
2705 5390 2795 5453 IV,
2822 5392 2876 5454 4,

633 5456 687 5528 2)
720 5460 860 5514 Gen.
890 5461 929 5528 ι,
958 5456 1047 5511 31.
1123 5526 1134 5528 Α
2366 5456 2446 5528 (7)
2480 5461 2693 5518 Psalm.
2729 5462 2910 5527 xvni,
2947 5463 3030 5517 i3.
3070 5463 3152 5517 ιθ.

606 5526 683 5595 (⁷3)
712 5526 925 5585 Thren.
953 5528 1042 5591 Ill,
1073 5526 1160 5581 36.
1193 5530 1278 5584 37.
1306 5528 1395 5585 38.
2364 5526 2445 5595 (8)
2479 5532 2695 5588 Psalm.
2730 5532 2868 5595 LIII,
2898 5526 2953 5588 ’5.

631 5466 1395 5677 egissem,-
2364 5466 2446 5677 (3;
2479 5466 2695 5588 3:213:
2729 5466 3030 5588 ἔξιτ’·-

631 5603 665 5677 ι
713 5600 911 5677 θεείῳ.
941 5601 1196 5677 ignium.
2389 5608 2420 5659 9
2478 5603 2694 5661 Psalm.
2727 5575 2953 5673 xxxiv,
2983 5606 3036 5662 1.

632 5669 687 5741 5)
714 5671 915 5731 Matth.
939 5672 1046 5741 XV,
1083 5669 1166 5729 13.
