4086 6194
226 270 335 327 413

218 483 365 537 δίαν
396 492 512 537 τοῦ
546 483 998 556 λαμϐάνοντος
1029 487 1087 536 τό
1123 488 1323 556 ὄνομα
1353 482 1548 535 αὐτοῦ
1586 485 1690 535 ἐπὶ
1728 504 1826 556 μαο

211 579 366 646 ταίῳ
383 613 396 626 .
429 570 518 626 διό
535 578 624 625 καὶ
646 574 671 624 6
689 571 972 634 ἀπόστολος
993 581 1168 645 σαφῶς
1189 579 1429 648 παραινεῖ
1452 573 1663 644 φάσκων
1678 592 1693 607 ο
1721 592 1825 623 κα-

214 665 594 736 θαρίσωμεν
651 661 920 725 ἕαυτοὺς
987 661 1107 715 ἀπὸ
1182 665 1426 722 παντὸς
1489 661 1826 735 μολυσμοῦ

211 753 276 804 οὗ
332 755 527 824 μόνον
591 757 850 823 σαρκός,
901 750 1057 804 ἀλλά
1103 757 1208 805 καὶ
1278 757 1650 825 πνιύματος
1691 769 1702 781 ’
1737 756 1826 804 καὶ

211 842 452 916 ἑτέρωθιο
486 840 1006 915 ἆῤῥαντισμένοι,
1048 846 1198 914 φησί,
1240 847 1356 901 τήν
1395 839 1675 917 καρδίαν
1708 840 1826 893 ἀπὸ

215 925 664 992 συνειδήσεως
715 937 1026 1004 πονηρᾶς.
1083 936 1173 984 καὶ
1233 931 1417 985 πάλιν·
1475 932 1826 1004 ὀλόκληρον

212 1021 383 1091 ὑμῶν
420 1023 488 1072 τό
535 1028 736 1093 σῶμα,
780 1024 846 1074 τό
904 1028 1154 1093 πνεῦμα
1195 1027 1304 1074 καὶ
1346 1024 1376 1081 ἠ
1427 1022 1636 1095 ψυχή,
1686 1022 1827 1095 ἀμέ-

219 1128 436 1180 μπτως
484 1105 1007 1183 διαφυλαχθείη.
1049 1111 1293 1164 καίοῖνα
1317 1113 1588 1181 γένησθε
1639 1115 1827 1164 τέκνα

220 1203 374 1251 Θεοῦ
414 1197 748 1272 ἀμώμητα.
792 1200 911 1252 ὅσοι
932 1204 1104 1252 τοίνυν
1136 1199 1412 1272 βούλονται
1434 1208 1528 1263 τῆς
1565 1203 1826 1259 υἱοθεσίας

215 1285 519 1352 ἀξιωθῆναι,
553 1288 612 1340 οῦ
644 1291 702 1340 τό
735 1297 888 1361 σῶμα
915 1294 1068 1362 μόνον
1092 1289 1245 1361 ἀγνόν
1271 1289 1292 1363 [
1314 1289 1539 1362 ἑχόντων
1565 1290 1587 1364 ]
1611 1293 1677 1363 ¹),
1698 1290 1826 1344 ἀλλά

209 1382 408 1436 καὶτήν
424 1377 610 1449 ψυχήν
633 1377 1120 1450 κατὰτόνλέγοντα·
1145 1399 1292 1450 γενη
1313 1381 1384 1438 θή
1403 1399 1482 1432 τω
1511 1382 1541 1439 ή
1579 1377 1825 1454 καρδία

203 1487 330 1538 μου
381 1469 644 1539 ἄμωμος
694 1467 751 1520 ἐν
799 1475 935 1529 τοίς
985 1464 1404 1541 δικαιῳμασί
1470 1489 1602 1540 σου,
1660 1473 1823 1531 ὅπως

204 1557 278 1608 ἄν
319 1561 402 1628 μή
447 1556 798 1629 αἰσχυνθῶ
823 1575 835 1586 ·
863 1559 911 1608 οἱ
937 1561 1028 1629 μεν
1049 1559 1151 1631 γάρ
1184 1559 1283 1610 ὑπό
1313 1563 1465 1630 νόμον
1486 1562 1552 1611 τά
1573 1567 1668 1621 τῆς
1692 1579 1823 1632 σαρ-

202 1649 300 1706 κός
324 1641 666 1717 δικαιώματα
685 1644 1031 1708 ἐπιτελοῦντες
1046 1653 1198 1719 μόνον
1219 1651 1308 1705 τήν
1331 1649 1475 1709 ἱκτός
1500 1647 1820 1720 φυλάττουσι

1729 264 2144 326 EPISTOLAE.

214 398 510 467 ματαίῳο
549 393 621 446 οὐ
651 395 771 470 γὰρ
801 397 882 466 μή
914 395 1266 469 καθαρίσαι
1291 394 1520 466 κύριος
1547 395 1660 453 τήν
1686 413 1826 467 καρ-
1855 393 1900 448 Α
1936 401 2026 450 tra
2076 418 2096 466 ,-

3498 280 3603 336 414

2166 411 2336 468 neque
2404 397 2547 454 enim
2625 400 2908 457 mundabit
2966 401 3228 459 Dominus
3305 421 3397 460 cor
3460 405 3593 472 eius,

1935 484 2027 554 qui
2051 502 2213 556 super
2242 503 2301 540 re
2340 503 2478 542 vana
2507 505 2694 544 nomen
2731 492 2846 546 eius
2883 495 3229 564 assumpserit
3257 495 3356 565 (1).
3398 493 3594 562 Quare

1939 581 1994 628 et
2020 575 2344 644 Apostolus
2393 587 2593 649 aperte
2624 588 2826 636 monet
2869 582 3075 637 dicens
3105 602 3117 641 :
3151 582 3469 639 Mundemus
3498 601 3593 641 nos

1935 663 2002 717 ab
2065 665 2212 719 omni
2287 667 2693 738 inquinamento
2750 687 2857 724 non
2917 673 3102 726 carnis
3155 672 3344 739 solum,
3407 673 3496 728 sed
3544 682 3594 729 et

1934 753 2168 822 spiritus
2202 754 2299 825 (2).
2345 758 2409 810 Et
2457 755 2598 811 alibi
2648 773 2660 809 :
2713 759 2960 829 Aspersi,
2994 760 3204 832 inquit,
3255 779 3346 816 cor
3387 779 3421 816 a
3467 779 3594 818 oon-

1934 841 2168 897 scientia
2228 843 2370 898 mala
2433 846 2531 914 (3).
2592 848 2656 901 Et
2719 847 2990 902 iterum:
3057 849 3333 922 Integrum
3401 869 3592 924 corpus

1936 938 2192 1001 vestrum,
2232 940 2281 988 et
2309 933 2541 1004 spiritus
2582 941 2629 988 et
2675 937 2865 990 anima
2906 936 3020 992 sine
3065 939 3281 1008 querela
3323 941 3594 996 custodia-

1939 1026 2034 1075 tur
2091 1022 2190 1093 (4).
2243 1023 2307 1078 Et
2366 1040 2378 1078 :
2443 1024 2510 1080 Ut
2565 1025 2689 1079 sitis
2739 1025 2848 1096 ﬁlii
2897 1026 3000 1080 Dei
3055 1028 3169 1082 sine
3225 1031 3442 1099 querela
3489 1031 3589 1102 (5).

1938 1111 2239 1183 Quotquot
2297 1113 2478 1183 igitur
2547 1114 2753 1170 volunt
2807 1115 3129 1186 adoptione
3195 1117 3452 1175 ﬁliorum
3507 1119 3593 1174 di-

1936 1199 2037 1268 gni
2078 1201 2307 1268 haberi,
2340 1218 2460 1258 non
2502 1219 2725 1275 corpus
2759 1203 2956 1260 solum
2987 1210 3217 1261 castum
3258 1205 3589 1280 [habento],

1935 1289 2039 1344 sed
2079 1291 2351 1347 animum
2397 1308 2642 1364 quoque
2694 1293 3028 1349 secundum
3068 1311 3206 1350 eum
3255 1297 3356 1367 qui
3400 1295 3589 1352 dicit:

1933 1377 2066 1432 Fiat
2092 1395 2190 1433 cor
2219 1397 2389 1436 meum
2420 1381 2826 1437 immaculatum
2866 1383 2924 1437 in
2946 1384 3432 1455 justiﬁcationibus
3459 1386 3589 1452 tuis,

1934 1484 1997 1522 ne
2016 1469 2434 1541 confundar(6).
2462 1473 2608 1526 Nam
2634 1471 2672 1525 ii
2697 1473 2966 1544 quidem,
2985 1474 3087 1545 qui
3107 1474 3222 1528 sub
3244 1474 3371 1546 lege
3394 1477 3590 1531 carnis

1927 1557 2388 1628 justiticationes
2427 1568 2778 1631 operantur,
2811 1563 3161 1618 exteriorem
3205 1568 3434 1619 tantum
3475 1580 3592 1620 ser-

1934 1652 2074 1702 vant
2096 1648 2491 1713 munditiam;
2526 1648 2562 1702 ii
2591 1665 2752 1711 vero,
2779 1649 2883 1721 qui
2912 1651 3024 1705 sub
3055 1650 3265 1719 gratia,
3295 1651 3475 1707 etiam
3504 1652 3592 1706 in-

201 1736 569 1806 καθαρότητα,
602 1737 650 1786 οἱ
681 1731 740 1787 δε
770 1735 869 1787 ὑπὸ
897 1755 1060 1811 χαριν
1087 1741 1176 1788 καὶ
1208 1745 1302 1800 τῆς
1328 1733 1471 1790 ἔνδον
1503 1737 1812 1810 ἐνάγιασμῷ

1933 1735 2202 1790 teriorem
2226 1752 2382 1808 quae
2409 1738 2466 1791 in
2490 1737 2962 1793 sanctiﬁcatione
2989 1739 3229 1794 condita
3259 1745 3348 1795 est
3375 1756 3586 1812 pacem

203 1824 422 1896 εἰρήνης
449 1824 738 1897 ὀρέγονται,
765 1827 1055 1886 πεισθέντες
1075 1833 1148 1894 τῷ
1171 1826 1421 1898 εἰρηκότι·
1455 1826 1558 1878 ἐάν
1597 1833 1677 1899 μή
1721 1832 1821 1880 πε-

1931 1830 2240 1895 appetunt,
2279 1825 2545 1880 obsecuti
2591 1825 2669 1881 illi
2703 1828 2807 1898 qui
2838 1826 2985 1882 dixit
3019 1843 3032 1882 :
3070 1827 3198 1882 Nisi
3227 1827 3587 1883 abundaverit

198 1915 548 1988 ρισσεύση
592 1915 761 1986 ὑμῶν
796 1916 824 1972 ἡ
861 1911 1257 1974 δικαιοσύνη
1298 1915 1527 1969 πλείων
1567 1925 1683 1970 τῶν
1715 1937 1814 1989 (γα⁴

1924 1913 2146 1991 iustitia
2193 1921 2370 1969 vestra
2416 1914 2536 1985 plus
2587 1931 2744 1986 quam
2800 1915 3217 1971 Pharisaeorum
3271 1925 3320 1972 et
3374 1917 3589 1974 Scriba-

199 2008 496 2076 ρισαίων
545 2007 652 2055 καὶ
699 2008 1174 2076 γραμματέων,
1227 2004 1295 2057 οὐ
1349 2010 1429 2077 μή
1483 2005 1820 2064 εἰσέλθητε

199 2091 297 2152 εἰς
343 2096 457 2149 τήν
515 2089 864 2163 βασιλείαν
904 2101 1022 2144 τῶν
1062 2093 1344 2168 οὐρανῶν
1383 2108 1396 2123 ⁸
1441 2096 1490 2146 οἱ
1527 2097 1626 2168 γὰρ
1669 2115 1819 2167 φαριο

199 2189 381 2246 σαῐοι,
413 2181 785 2252 τυφλώττοντες
815 2185 908 2240 τήν
936 2177 1194 2248 διάνοιαν,
1235 2187 1293 2234 τό
1328 2182 1422 2246 ἔξω
1452 2190 1542 2236 τοῦ
1569 2189 1820 2259 ποτηρίου

193 2269 488 2324 πλύνουσι.
518 2272 581 2330 ὡς
602 2274 690 2322 καὶ
719 2277 807 2321 νῦν
837 2272 886 2321 οἱ
915 2271 1029 2322 κατ’
1061 2269 1250 2331 αὐτοὺς
1283 2275 1380 2323 νίοι
1423 2279 1694 2344 φαρισαίοι
1734 2276 1821 2325 τόν

193 2359 302 2422 ἔξω
339 2361 603 2431 ἄνθρωπον
627 2356 1012 2417 ἀνεπιτηδεύτω
1033 2362 1113 2412 νοί
1140 2361 1579 2432 σχηματίζοντες,
1609 2361 1822 2422 ἑαυτοὺς

194 2445 505 2514 δικαιοῦσι,
529 2453 601 2520 μή
632 2456 1126 2521 συμμαρτυροῦντος
1148 2457 1238 2502 τοῦ
1261 2449 1414 2521 ἁγίου
1440 2453 1729 2523 πνεύματος
1750 2461 1820 2523 τῷ

193 2540 464 2609 πνεύματι
501 2537 686 2600 αὐτῶν,
724 2538 806 2590 ἱνα
843 2546 942 2590 ῶσι
966 2543 1116 2591 τέκνα
1147 2547 1279 2593 Θεοῦ
1318 2541 1454 2593 κατά
1491 2543 1576 2592 τόν
1607 2540 1820 2612 λέγοντα

197 2625 534 2678 ἀπόστολον·
587 2626 740 2679 αὐτὸ
779 2630 844 2679 τό
900 2635 1148 2700 πνεῦμα
1216 2637 1678 2704 συμμαρτυρεῖ
1736 2639 1817 2703 τῷ

191 2717 537 2787 πνεύματι
577 2717 771 2789 ήμῶν,
812 2718 910 2768 ὅτι
950 2717 1137 2788 ἐσμεν
1176 2721 1367 2770 τέκνα
1405 2726 1597 2772 Θεοῦο
1627 2724 1811 2792 καὶμὴ

189 2803 515 2877 βουλόμενοι
539 2809 795 2879 γνωρίσαι
825 2809 916 2864 τήν
956 2804 1004 2858 ἐν
1040 2806 1284 2879 ἁγιασμῷ
1324 2807 1544 2870 αῦξησιν
1582 2817 1674 2861 τοῦ
1712 2812 1813 2861 ἔσω

188 2893 502 2966 ἀνθρώπου,
554 2893 683 2946 ἀλλά
728 2897 1201 2970 πληροφορούμενοι
1259 2902 1411 2969 μόνον
1471 2895 1518 2948 ἓν
1575 2905 1685 2960 τοῖς
1717 2905 1814 2960 τῆς

190 2986 400 3058 σαρκός
430 2986 834 3058 κατορθώμασι·
869 2990 939 3056 μή
982 2990 1207 3057 γνόντες,
1249 2988 1329 3039 ὅτι
1368 2993 1541 3040 πᾶσα
1580 2989 1608 3046 ἠ
1654 2984 1812 3050 δόξα

1929 2017 2074 2068 rum,
2105 2020 2213 2058 non
2257 2003 2542 2058 intrabitis
2569 2005 2628 2058 in
2668 2019 2887 2076 regnum
2919 2005 3187 2062 caelorum
3225 2007 3322 2080 (7).
3358 2008 3585 2064 Etenim

1933 2091 2230 2148 Pharisaei
2263 2098 2460 2148 mente
2491 2093 2791 2150 obcaecati
2818 2101 3082 2150 exteram
3116 2096 3313 2167 poculi
3353 2105 3585 2169 partem

1932 2180 2150 2236 lavant.
2181 2183 2342 2237 Sicut
2362 2182 2542 2238 etiam
2566 2199 2726 2238 nunc
2747 2184 2884 2238 novi
2906 2185 3241 2240 secundum
3261 2202 3363 2242 eos
3389 2187 3584 2243 Phari-

1933 2269 2057 2324 saei
2071 2271 2290 2326 exterio
2327 2287 2420 2326 em
2437 2271 2748 2327 hominem
2765 2272 3246 2344 nativaquadam
3262 2275 3585 2344 sagacitate

1931 2365 2291 2414 exornantes
2315 2376 2376 2415 se
2400 2361 2565 2432 ipsos
2586 2362 2933 2427 iustiﬁcant,
2959 2362 3173 2434 Spiritu
3198 2369 3404 2422 sancto
3425 2365 3585 2420 testi-

1931 2449 2202 2503 monium
2247 2465 2370 2505 non
2407 2451 2754 2521 perhibente
2807 2451 3038 2522 spiritui
3077 2467 3307 2517 eorum,
3351 2459 3414 2508 ut
3463 2454 3584 2510 sint

1929 2536 2030 2592 ﬁlii
2091 2537 2192 2592 Dei
2251 2538 2586 2594 secundum
2643 2539 2990 2611 Apostolum
3045 2540 3338 2597 dicentem
3394 2558 3407 2599 :
3465 2543 3583 2614 Ipse

1925 2629 2068 2683 enim
2093 2628 2346 2698 Spiritus
2377 2629 2748 2684 testimonium
2774 2628 2950 2684 reddit
2979 2629 3215 2700 spiritui
3237 2638 3419 2686 nostro
3447 2633 3585 2704 quod

1923 2733 2111 2772 sumus
2145 2717 2255 2788 ﬁlii
2280 2717 2383 2773 Dei
2429 2718 2530 2790 (8).
2573 2734 2764 2790 neque
2795 2718 3055 2774 volentes
3093 2735 3453 2790 cognoscere
3490 2722 3581 2777 in-

1924 2807 2152 2862 terioris
2169 2806 2432 2862 hominis
2458 2813 2848 2878 augmentum
2871 2807 3035 2879 quod
3061 2815 3147 2863 est
3164 2811 3223 2864 in
3246 2810 3579 2867 sanctiﬁca-

1923 2895 2104 2962 tione,
2138 2895 2240 2950 sed
2273 2895 2652 2951 abundantes
2686 2902 2916 2952 tantum
2947 2896 3006 2950 in
3048 2898 3244 2952 carnis
3269 2899 3577 2971 operibus,

1920 2982 2286 3053 ignorantes,
2317 3001 2520 3039 omnem
2557 2983 2788 3054 gloriam
2815 2985 2962 3056 ﬁliae
2997 2986 3140 3058 regis
3169 2985 3234 3040 ab
3277 2987 3428 3042 intus
3459 2989 3566 3061 (9).

184 3082 318 3134 τῆς
371 3073 685 3146 θυγατρός
724 3081 832 3126 τοῦ
881 3071 1205 3146 βασιλέως
1236 3077 1506 3130 ἔσωθεν.
1547 3079 1659 3129 ἔστι
1705 3079 1806 3149 γάρ

1924 3072 2185 3145 Quisque
2214 3074 2374 3128 enim
2407 3079 2702 3135 nostrum,
2735 3080 2796 3128 ut
2824 3073 2904 3129 ita
2933 3075 3152 3138 dicam,
3183 3076 3334 3131 ficus
3363 3077 3462 3132 illa
3487 3079 3574 3133 in-

183 3180 299 3224 τις,
335 3163 402 3222 ὡς
423 3163 600 3228 ἔοικεν,
629 3161 841 3223 ἕκαστος
861 3163 1005 3234 ἡμῶν
1035 3167 1190 3221 νοητή
1223 3170 1379 3228 συκῆ,
1412 3165 1535 3238 παρ’
1567 3165 1630 3225 ἧς
1660 3165 1685 3216 ό
1719 3167 1805 3216 κύ-

180 3270 310 3325 ριος
349 3253 434 3303 τόν
463 3247 606 3304 ἔνδον
635 3254 833 3324 καρπόν
867 3250 1122 3321 ἐπιζητεῖ,
1164 3257 1251 3304 καὶ
1293 3252 1350 3305 οῦ
1392 3256 1478 3304 τόν
1520 3252 1573 3305 ἐκ
1611 3253 1806 3326 φύλλων

182 3340 519 3412 ἐπικείμενον
570 3347 970 3414 σχηματισμόν.
1031 3342 1057 3393 ό
1104 3351 1274 3394 τοίνυν
1333 3351 1632 3416 συνηγορῶν
1700 3352 1805 3406 τοῖς

180 3431 395 3482 πάθεσι
444 3437 537 3491 τῆς
588 3428 798 3502 ἀτιμίας
837 3432 902 3491 ὡς
949 3437 1214 3502 φυσικοῖς,
1269 3435 1358 3483 καὶ
1414 3431 1520 3502 οὐχ
1555 3435 1622 3493 ὡς
1675 3451 1806 3505 συμ-

181 3518 473 3585 ϐεϐηκόσι,
527 3517 809 3590 μετήλλαξε
864 3523 956 3576 τήν
1009 3527 1100 3571 τοῦ
1153 3526 1286 3572 Θεοῦ
1342 3517 1582 3579 ἀλήθειαν
1638 3519 1686 3572 ἓν
1735 3530 1804 3592 τῷ

181 3613 372 3677 οικείῷ
440 3603 646 3678 ψεύδει.
706 3611 772 3670 ὡς
829 3610 927 3680 γάρ
994 3612 1239 3682 προίφην,
1307 3610 1332 3661 ό
1386 3610 1650 3682 ἄχραντος
1716 3615 1805 3662 καὶ

179 3701 432 3772 καθαρός
477 3702 566 3750 καὶ
611 3701 705 3756 τήν
758 3696 931 3750 εἰκόνα
978 3697 1138 3750 αὐτοῦ
1192 3699 1374 3769 ὁμοίαν
1428 3702 1804 3752 κατεσκεύασεν

183 3788 384 3857 ἐαυτῷ⁸
437 3788 604 3858 φθόνῳ
649 3783 708 3839 δε
764 3783 1009 3839 διαϐόλου
1061 3788 1280 3848 Θάνατος
1337 3787 1408 3850 εἰς
1464 3791 1551 3840 τὸν
1607 3793 1803 3860 κόσμον

183 3875 426 3933 εἰσῆλθε.
482 3872 661 3932 ἐπειδὴ
719 3879 888 3927 τοίνυν
943 3879 1002 3928 τό
1064 3883 1163 3927 τῶν
1223 3875 1502 3952 ἀνθρώπων
1555 3881 1700 3948 γένος
1756 3879 1803 3929 ἂν

181 3964 439 4037 ἀνομίαις
510 3967 699 4022 κυηθὲν
732 3966 800 4033 ²),
876 3969 967 4016 καὶ
1071 3963 1119 4016 ἐν
1191 3964 1475 4038 ἁμαρτίαις
1543 3968 1802 4038 γεννηθέν,

180 4053 592 4126 ἀπηλλοτριώθη
660 4052 760 4106 ἀπὸ
824 4059 1026 4126 μήτρας
1077 4057 1168 4106 καὶ
1231 4053 1488 4114 ἐπλανήθη
1557 4054 1657 4108 ἀπὸ
1711 4075 1805 4127 γα-

179 4149 365 4220 στρός,
419 4141 821 4216 βασιλευσάσης
860 4150 958 4205 τῆς
989 4141 1248 4216 ἁμαρτίας
1289 4142 1389 4196 ἀπὸ
1426 4141 1604 4217 Ἀδὰμ
1641 4149 1804 4221 μέχρι

176 4244 276 4296 τῆς
323 4237 619 4304 παρουσίας
657 4239 750 4284 τοῦ
796 4239 1054 4306 Χριστοῦ,
1109 4229 1258 4292 ἦλθεν
1307 4232 1536 4296 ἱλασθεὶς
1575 4236 1600 4286 6
1650 4233 1803 4308 ἀμνὸς

175 4331 278 4376 τοῦ
339 4330 494 4385 Θεοῦ,
541 4316 666 4395 ἆραι
715 4325 808 4380 την
856 4321 1114 4398 ἁμαρτίαν
1159 4330 1250 4374 τοῦ
1303 4327 1504 4396 κόσμου
1557 4319 1651 4376 διὰ
1707 4333 1802 4387 τῆς

175 4414 380 4474 οἰκείας
409 4411 573 4464 αὐτοῦ
605 4407 894 4484 δυνάμεως,
939 4407 1108 4472 δήσας
1143 4416 1388 4486 πρότερον
1427 4417 1511 4466 τόν
1555 4412 1798 4488 ἰσχυρόν,
1838 4454 1882 4508 D

173 4508 274 4555 καὶ
306 4501 472 4563 οὕτως
503 4496 808 4574 διαρπάσας
845 4502 911 4551 τὰ
939 4499 1407 4574 αἰχμαλωτισμίνα
1436 4501 1596 4554 αὐτοῦ
1641 4505 1798 4561 σκεύη

173 4594 325 4645 κατά
346 4595 405 4642 τό
429 4591 720 4663 εἰρημένον·
747 4589 1138 4662 ᾐχμαλώτευ
1156 4611 1265 4652 σας
1305 4591 1796 4664 αἰχμαλωσίαν·

174 4689 275 4735 καὶ
330 4679 522 4732 πάλιν·
592 4678 813 4732 ἔλαϐεν
880 4679 1376 4752 αἰχμαλωσίαν.
1441 4685 1603 4754 ’ἤγουν
1660 4684 1800 4734 ἔστιν

712 4768 1067 4828 ἀνακληθῆναι

177 4775 315 4843 ἡμῖν
402 4773 626 4844 φροντίς,
712 4769 1067 4828 ἀνακληθῆναι
1162 4769 1264 4823 ἀπό
1345 4779 1439 4834 τῆς
1527 4770 1802 4844 αἰχμαλω-

1919 3161 2261 3218 tellectualis
2301 3177 2430 3217 esse
2470 3162 2718 3229 videtur,
2762 3162 2929 3217 cuius
2969 3164 3268 3219 internum
3311 3165 3570 3222 fructum

1920 3253 2205 3307 Dominus
2227 3252 2481 3323 quaerit,
2505 3256 2562 3307 et
2579 3267 2698 3307 non
2720 3252 3087 3323 propOSitam
3111 3251 3264 3308 foliis
3288 3253 3570 3311 formam.

1918 3343 1967 3394 Is
1995 3341 2189 3410 igitur,
2232 3340 2333 3412 qui
2367 3356 2613 3396 causam
2639 3340 2781 3395 dicit
2821 3343 3170 3410 passionum
3204 3342 3568 3411 ignominiae

1915 3434 1978 3484 ut
2002 3429 2389 3494 naturalium,
2424 3433 2626 3484 etnon
2659 3435 2722 3483 ut
2751 3429 2926 3500 202
2956 3429 3374 3496 accidentium,
3409 3447 3572 3488 com-

1916 3518 2168 3574 mutavit
2204 3519 2504 3573 veritatem
2550 3517 2647 3573 Dei
2697 3518 2754 3572 in
2796 3517 3108 3589 proprium
3162 3520 3572 3579 mendacium.

1918 3608 1987 3662 Ut
2021 3608 2183 3662 enim
2221 3623 2406 3679 supra
2440 3607 2578 3668 dixi,
2613 3607 3038 3662 immaculatus
3071 3612 3127 3663 et
3163 3623 3351 3679 purus
3387 3611 3568 3667 etiam

1913 3696 2240 3765 imaginem
2263 3712 2434 3750 suam
2455 3695 2708 3750 similem
2731 3695 2964 3766 paravit
2986 3697 3102 3764 sui,
3121 3696 3347 3752 invidia
3366 3703 3564 3754 autem

1913 3784 2135 3840 diaboli
2168 3800 2329 3840 mors
2351 3785 2409 3838 in
2435 3783 2731 3838 mundum
2760 3783 3017 3838 intravit.
3049 3787 3366 3858 Postquam
3391 3787 3572 3856 igitur

1915 3888 2103 3943 genus
2131 3874 2465 3928 humanum
2496 3874 2551 3926 in
2585 3871 3000 3942 iniquitatibus
3037 3879 3394 3946 conceptum
3425 3880 3483 3930 et
3508 3875 3569 3932 in

1915 3963 2172 4034 peccatis
2185 3961 2447 4033 genitum
2474 3959 2882 4016 abalienatum
2902 3960 3079 4016 estab
3102 3968 3285 4027 utero,
3301 3969 3356 4018 et
3377 3979 3569 4020 aven-

1914 4057 1965 4107 tr
1981 4095 1995 4104 .
2011 4050 2070 4106 in
2089 4066 2348 4106 errorem
2364 4047 2698 4113 inductum,
2713 4055 2998 4119 regnante
3023 4057 3267 4120 peccato
3281 4052 3357 4107 ab
3373 4052 3564 4109 Adam

1913 4156 2106 4212 usque
2128 4138 2204 4195 ad
2226 4138 2552 4194 adventum
2575 4137 2804 4202 Christi,
2831 4138 2990 4194 venit
3012 4139 3340 4210 propitians
3370 4154 3562 4208 agnus

1915 4229 2036 4296 Dei,
2072 4235 2132 4285 ut
2155 4228 2377 4284 tolleret
2396 4232 2709 4298 peccatum
2735 4227 2944 4282 mundi
2967 4228 3208 4300 propria
3227 4246 3340 4286 sua
3361 4234 3570 4302 poten-

1914 4320 2011 4385 tia,
2028 4324 2348 4391 postquam
2365 4315 2573 4372 fortem
2590 4316 2793 4381 vinxit,
2815 4315 2895 4372 ita
2907 4317 3122 4390 ereptis
3137 4319 3387 4390 captivis
3408 4321 3567 4377 vasis

1911 4409 2062 4480 eius,
2098 4409 2250 4464 sicut
2278 4407 2501 4462 dictum
2535 4410 2622 4460 est
2666 4405 2987 4477 :Captivam
3012 4407 3142 4477 fecit
3171 4409 3563 4480 captivitatem;

1913 4503 1969 4554 et
1998 4498 2206 4554 iterum
2242 4511 2254 4550 :
2285 4495 2436 4566 Cepit
2461 4494 2831 4566 captivitatem
2863 4496 2995 4566 (10).
3031 4497 3320 4553 Nimirum
3351 4514 3562 4555 curare

1911 4587 2223 4652 debemus,
2256 4590 2318 4642 ut
2349 4599 2696 4640 revocemur
2725 4600 2762 4640 a
2791 4585 3132 4656 captivitate
3167 4591 3224 4641 ct
3253 4593 3559 4658 portemus

1911 4678 2236 4747 imaginem
2286 4673 2574 4737 coelestis,
2615 4673 2763 4729 sicut
2803 4675 3174 4743 portavimus
3224 4675 3552 4745 imaginem

1911 4765 2124 4823 terreni
2145 4765 2189 4835 (1
2212 4768 2277 4832 t),
2306 4767 2362 4819 et
2381 4761 2773 4818 exhibeamus
2796 4761 3070 4819 membra
3088 4767 3311 4833 nostra,
3335 4763 3558 4821 servire

1534 4887 1809 4945 VARIAE
1851 4883 2138 4943 LECTION
2151 4882 2230 4937 ES
2244 4924 2257 4937 .

252 5016 300 5085 ¹)
335 5010 567 5084 ἑχόντων
598 5009 959 5085 coniectura
984 5009 1351 5067 addidimus.
1391 5041 1452 5051 —
1503 5009 1548 5081 ²)
1577 5013 1657 5068 Ex
1704 5009 1883 5075 coni.,
1937 5007 2074 5066 cod.
2113 5026 2210 5060 κι..
2243 5005 2382 5063 netu.
2434 5004 2586 5059 Num
2646 5018 2766 5058 una
2817 5017 2893 5058 an
2927 5001 3084 5060 duae
3127 5003 3332 5062 literae
3387 5005 3548 5062 exci-

178 5081 417 5154 derint,
448 5088 612 5140 certo
636 5081 753 5138 dici
780 5082 1006 5154 nequit.

1767 5187 1996 5245 NOTAE

256 5315 340 5388 (1)
371 5316 542 5388 Deut.
576 5315 656 5388 ν,
682 5318 768 5388 ll.

260 5385 418 5456 (2)11
451 5388 583 5453 Cor,
616 5385 730 5450 vn,
769 5389 815 5441 ι.

261 5458 347 5530 (3)
388 5458 561 5530 Hebr.
602 5459 677 5530 Χ,
692 5459 786 5530 22.

284 5529 340 5592 4)
383 5529 402 5584 1
431 5529 632 5586 Thess.
664 5529 722 5592 V,
754 5531 843 5586 23.

284 5599 342 5668 5)
383 5599 528 5657 Phil.
553 5599 619 5668 11,
662 5604 744 5654 l5.

288 5669 345 5745 δ’)
384 5670 606 5729 Psalm.
638 5669 866 5740 cxvm,
907 5675 938 5729 δ
966 5673 1022 5729 θ.

2092 5383 2260 5436 Rom.
2294 5380 2433 5448 VIII,
2471 5378 2554 5434 16.

1983 5450 2061 5517 (9)
2087 5450 2306 5506 Psalm.
2333 5451 2508 5515 XLIV,
2543 5452 2606 5505 14

2016 5520 2102 5592 10)
2133 5521 2576 5595 Ρειιιιη.1..Χν11,
2615 5521 2705 5578 t8.
2742 5520 2888 5595 Eph.
2917 5536 2995 5587 1v,
3029 5522 3082 5578 8.

2016 5525 2102 5592 10)
2133 5525 2347 5581 Psalm.
2380 5525 2576 5588 LXVII,

1985 5525 2098 5668 lit)
2132 5594 2152 5648 Ι
2185 5594 2315 5650 Cor.
2348 5594 2455 5660 XV,
2486 5594 2577 5651 49.

2003 5315 2034 5366 7
2090 5307 2290 5364 Matth.
2321 5307 2384 5373 V,
2412 5309 2500 5363 20.

1980 5310 2060 5454 ξε)
2092 5383 2260 5454 Rom.
2294 5380 2489 5454 νειμ-1
