  <div class='ocr_page' id='page_1' title='image "/cluster/home/n/w/nwhite01/storage/ocr_20150623/34/hvd.32044073501835/217.png"; bbox 0 0 4086 6194; ppageno 0'>
   <div class='ocr_carea' id='block_1_1' title="bbox 550 266 2163 357">
    <p class='ocr_par' dir='ltr' id='par_1_1' title="bbox 550 278 2163 346">
     <span class='ocr_line' id='line_1_1' title="bbox 550 278 2163 346; baseline -0.007 0"><span class='ocrx_word' id='word_1_1' title='bbox 550 290 659 346; x_wconf 68' lang='grc'>415</span> <span class='ocrx_word' id='word_1_2' title='bbox 1842 281 1901 338; x_wconf 92' lang='lat' dir='ltr'>S.</span> <span class='ocrx_word' id='word_1_3' title='bbox 1944 278 2163 337; x_wconf 81' lang='lat' dir='ltr'><strong>MACAI</strong></span> 
     </span>
    </p>
   </div>
   <div class='ocr_carea' id='block_1_2' title="bbox 2242 266 3855 357">
    <p class='ocr_par' dir='ltr' id='par_1_2' title="bbox 2242 266 3855 357">
     <span class='ocr_line' id='line_1_2' title="bbox 2242 266 3855 357; baseline -0.001 -22"><span class='ocrx_word' id='word_1_4' title='bbox 2242 279 2246 335; x_wconf 88' lang='lat'>:</span> <span class='ocrx_word' id='word_1_5' title='bbox 2282 276 2611 338; x_wconf 84' lang='lat' dir='ltr'>AEGYPTII</span> <span class='ocrx_word' id='word_1_6' title='bbox 3213 266 3221 275; x_wconf 89' lang='lat'><strong>&#39;</strong></span> <span class='ocrx_word' id='word_1_7' title='bbox 3771 298 3855 357; x_wconf 62' lang='grc' dir='ltr'>με</span> 
     </span>
    </p>
   </div>
   <div class='ocr_carea' id='block_1_3' title="bbox 554 402 2167 492">
    <p class='ocr_par' dir='ltr' id='par_1_3' title="bbox 554 402 2167 480">
     <span class='ocr_line' id='line_1_3' title="bbox 554 402 2167 480; baseline -0.006 -8"><span class='ocrx_word' id='word_1_8' title='bbox 554 418 810 475; x_wconf 83' lang='lat' dir='ltr'>iustitiae</span> <span class='ocrx_word' id='word_1_9' title='bbox 849 425 905 472; x_wconf 88' lang='lat' dir='ltr'>et</span> <span class='ocrx_word' id='word_1_10' title='bbox 942 412 1420 477; x_wconf 84' lang='lat' dir='ltr'>sanctiﬁcationi,</span> <span class='ocrx_word' id='word_1_11' title='bbox 1463 411 1615 467; x_wconf 93' lang='lat' dir='ltr'>sicut</span> <span class='ocrx_word' id='word_1_12' title='bbox 1654 409 2037 467; x_wconf 85' lang='lat' dir='ltr'>exhibuimus</span> <span class='ocrx_word' id='word_1_13' title='bbox 2074 402 2167 480; x_wconf 67' lang='lat' dir='ltr'>per</span> 
     </span>
    </p>
   </div>
   <div class='ocr_carea' id='block_1_4' title="bbox 2245 402 3858 492">
    <p class='ocr_par' dir='ltr' id='par_1_4' title="bbox 2245 410 3858 492">
     <span class='ocr_line' id='line_1_4' title="bbox 2245 410 3858 492; baseline 0.011 -34"><span class='ocrx_word' id='word_1_14' title='bbox 2245 410 2285 464; x_wconf 82' lang='lat' dir='ltr'><strong>A</strong></span> <span class='ocrx_word' id='word_1_15' title='bbox 2322 412 2457 475; x_wconf 89' lang='grc' dir='ltr'>σίας,</span> <span class='ocrx_word' id='word_1_16' title='bbox 2498 413 2587 462; x_wconf 79' lang='grc' dir='ltr'>καὶ</span> <span class='ocrx_word' id='word_1_17' title='bbox 2625 412 2841 481; x_wconf 77' lang='grc' dir='ltr'>φορέσαι</span> <span class='ocrx_word' id='word_1_18' title='bbox 2879 413 2969 469; x_wconf 83' lang='grc' dir='ltr'>τήν</span> <span class='ocrx_word' id='word_1_19' title='bbox 3020 411 3189 466; x_wconf 89' lang='grc' dir='ltr'>εἰκόνα</span> <span class='ocrx_word' id='word_1_20' title='bbox 3226 418 3318 466; x_wconf 89' lang='grc' dir='ltr'>τοῦ</span> <span class='ocrx_word' id='word_1_21' title='bbox 3380 413 3664 492; x_wconf 74' lang='grc' dir='ltr'>ἐπουρανίου</span> <span class='ocrx_word' id='word_1_22' title='bbox 3714 425 3858 485; x_wconf 82' lang='grc' dir='ltr'>καθὼς</span> 
     </span>
    </p>
   </div>
   <div class='ocr_carea' id='block_1_5' title="bbox 554 497 2167 581">
    <p class='ocr_par' dir='ltr' id='par_1_5' title="bbox 554 497 2167 579">
     <span class='ocr_line' id='line_1_5' title="bbox 554 497 2167 579; baseline -0.007 -17"><span class='ocrx_word' id='word_1_23' title='bbox 554 513 688 563; x_wconf 91' lang='lat' dir='ltr'>cato</span> <span class='ocrx_word' id='word_1_24' title='bbox 715 505 814 579; x_wconf 84' lang='lat' dir='ltr'>(t).</span> <span class='ocrx_word' id='word_1_25' title='bbox 848 504 1174 561; x_wconf 84' lang='lat' dir='ltr'>Credamus</span> <span class='ocrx_word' id='word_1_26' title='bbox 1196 501 1413 557; x_wconf 80' lang='lat' dir='ltr'>debere</span> <span class='ocrx_word' id='word_1_27' title='bbox 1444 516 1556 557; x_wconf 90' lang='lat' dir='ltr'>nos</span> <span class='ocrx_word' id='word_1_28' title='bbox 1578 500 1637 556; x_wconf 90' lang='lat' dir='ltr'>in</span> <span class='ocrx_word' id='word_1_29' title='bbox 1669 498 1799 555; x_wconf 90' lang='lat' dir='ltr'>luce</span> <span class='ocrx_word' id='word_1_30' title='bbox 1831 497 2167 554; x_wconf 84' lang='lat' dir='ltr'>ambulante</span> 
     </span>
    </p>
   </div>
   <div class='ocr_carea' id='block_1_6' title="bbox 2245 497 3858 581">
    <p class='ocr_par' dir='ltr' id='par_1_6' title="bbox 2318 500 3858 581">
     <span class='ocr_line' id='line_1_6' title="bbox 2318 500 3858 581; baseline 0.01 -32"><span class='ocrx_word' id='word_1_31' title='bbox 2318 501 2629 573; x_wconf 72' lang='grc' dir='ltr'>ἐφορέσαμεν</span> <span class='ocrx_word' id='word_1_32' title='bbox 2678 504 2768 559; x_wconf 75' lang='grc' dir='ltr'>τὴν</span> <span class='ocrx_word' id='word_1_33' title='bbox 2808 500 2979 553; x_wconf 77' lang='grc' dir='ltr'>εἰκόνα</span> <span class='ocrx_word' id='word_1_34' title='bbox 3021 508 3113 555; x_wconf 90' lang='grc' dir='ltr'>τοῦ</span> <span class='ocrx_word' id='word_1_35' title='bbox 3160 511 3373 575; x_wconf 84' lang='grc' dir='ltr'>χοῑκοῦ,</span> <span class='ocrx_word' id='word_1_36' title='bbox 3424 512 3510 559; x_wconf 84' lang='grc' dir='ltr'>καὶ</span> <span class='ocrx_word' id='word_1_37' title='bbox 3560 521 3858 581; x_wconf 81' lang='grc' dir='ltr'>παραστῆσαι</span> 
     </span>
    </p>
   </div>
   <div class='ocr_carea' id='block_1_7' title="bbox 555 584 2168 673">
    <p class='ocr_par' dir='ltr' id='par_1_7' title="bbox 555 588 2168 658">
     <span class='ocr_line' id='line_1_7' title="bbox 555 588 2168 658; baseline -0.008 -6"><span class='ocrx_word' id='word_1_38' title='bbox 555 596 682 652; x_wconf 87' lang='lat' dir='ltr'>sine</span> <span class='ocrx_word' id='word_1_39' title='bbox 698 595 929 652; x_wconf 89' lang='lat' dir='ltr'>oﬂensa</span> <span class='ocrx_word' id='word_1_40' title='bbox 946 594 1148 649; x_wconf 89' lang='lat' dir='ltr'>videre</span> <span class='ocrx_word' id='word_1_41' title='bbox 1172 590 1466 647; x_wconf 84' lang='lat' dir='ltr'>mirabilia</span> <span class='ocrx_word' id='word_1_42' title='bbox 1485 590 1584 646; x_wconf 91' lang='lat' dir='ltr'>Dei</span> <span class='ocrx_word' id='word_1_43' title='bbox 1603 588 1933 644; x_wconf 88' lang='lat' dir='ltr'>secundum</span> <span class='ocrx_word' id='word_1_44' title='bbox 1949 603 2086 642; x_wconf 90' lang='lat' dir='ltr'>eum</span> <span class='ocrx_word' id='word_1_45' title='bbox 2105 602 2168 658; x_wconf 73' lang='lat' dir='ltr'>qi</span> 
     </span>
    </p>
   </div>
   <div class='ocr_carea' id='block_1_8' title="bbox 2244 584 3857 673">
    <p class='ocr_par' dir='ltr' id='par_1_8' title="bbox 2317 586 3857 673">
     <span class='ocr_line' id='line_1_8' title="bbox 2317 586 3857 673; baseline 0.009 -35"><span class='ocrx_word' id='word_1_46' title='bbox 2317 588 2382 639; x_wconf 89' lang='grc' dir='ltr'>τά</span> <span class='ocrx_word' id='word_1_47' title='bbox 2406 588 2532 658; x_wconf 82' lang='grc' dir='ltr'>μέλη</span> <span class='ocrx_word' id='word_1_48' title='bbox 2574 590 2720 661; x_wconf 75' lang='grc' dir='ltr'>ἡμῶν</span> <span class='ocrx_word' id='word_1_49' title='bbox 2760 586 2925 642; x_wconf 88' lang='grc' dir='ltr'>δοῦλα</span> <span class='ocrx_word' id='word_1_50' title='bbox 2960 598 3023 663; x_wconf 75' lang='grc' dir='ltr'>τῇ</span> <span class='ocrx_word' id='word_1_51' title='bbox 3067 587 3377 666; x_wconf 74' lang='grc' dir='ltr'>δικαιοσύνῃ</span> <span class='ocrx_word' id='word_1_52' title='bbox 3414 598 3499 647; x_wconf 83' lang='grc' dir='ltr'>καὶ</span> <span class='ocrx_word' id='word_1_53' title='bbox 3528 603 3594 666; x_wconf 87' lang='grc' dir='ltr'>τῷ</span> <span class='ocrx_word' id='word_1_54' title='bbox 3632 597 3857 673; x_wconf 73' lang='grc' dir='ltr'>ἁγιασμῷ,</span> 
     </span>
    </p>
   </div>
   <div class='ocr_carea' id='block_1_9' title="bbox 556 675 2169 761">
    <p class='ocr_par' dir='ltr' id='par_1_9' title="bbox 556 675 2169 740">
     <span class='ocr_line' id='line_1_9' title="bbox 556 675 2169 740; baseline -0.007 0"><span class='ocrx_word' id='word_1_55' title='bbox 556 685 637 740; x_wconf 85' lang='lat' dir='ltr'>ait</span> <span class='ocrx_word' id='word_1_56' title='bbox 669 703 681 737; x_wconf 89' lang='lat'><strong>:</strong></span> <span class='ocrx_word' id='word_1_57' title='bbox 710 684 907 739; x_wconf 78' lang='lat' dir='ltr'>Revela</span> <span class='ocrx_word' id='word_1_58' title='bbox 943 683 1122 738; x_wconf 87' lang='lat' dir='ltr'>oculos</span> <span class='ocrx_word' id='word_1_59' title='bbox 1150 698 1287 737; x_wconf 86' lang='lat' dir='ltr'>meos</span> <span class='ocrx_word' id='word_1_60' title='bbox 1323 686 1372 735; x_wconf 83' lang='lat' dir='ltr'>et</span> <span class='ocrx_word' id='word_1_61' title='bbox 1401 677 1746 735; x_wconf 79' lang='lat' dir='ltr'>considerabo</span> <span class='ocrx_word' id='word_1_62' title='bbox 1793 675 2079 731; x_wconf 75' lang='lat' dir='ltr'>mirabilia</span> <span class='ocrx_word' id='word_1_63' title='bbox 2114 681 2169 729; x_wconf 78' lang='lat' dir='ltr'>tu</span> 
     </span>
    </p>
   </div>
   <div class='ocr_carea' id='block_1_10' title="bbox 2248 675 3861 761">
    <p class='ocr_par' dir='ltr' id='par_1_10' title="bbox 2316 679 3861 761">
     <span class='ocr_line' id='line_1_10' title="bbox 2316 679 3861 761; baseline 0.009 -34"><span class='ocrx_word' id='word_1_64' title='bbox 2316 679 2485 737; x_wconf 84' lang='grc' dir='ltr'>καθὼς</span> <span class='ocrx_word' id='word_1_65' title='bbox 2552 684 2955 751; x_wconf 81' lang='grc' dir='ltr'>παρεστήσαμεν</span> <span class='ocrx_word' id='word_1_66' title='bbox 3022 688 3082 753; x_wconf 77' lang='grc' dir='ltr'>τῇ</span> <span class='ocrx_word' id='word_1_67' title='bbox 3149 681 3399 755; x_wconf 77' lang='grc' dir='ltr'>ἁμαρτίᾳ.</span> <span class='ocrx_word' id='word_1_68' title='bbox 3457 689 3752 759; x_wconf 72' lang='grc' dir='ltr'>πιστεύωμεν</span> <span class='ocrx_word' id='word_1_69' title='bbox 3805 692 3861 761; x_wconf 85' lang='grc'>¹),</span> 
     </span>
    </p>
   </div>
   <div class='ocr_carea' id='block_1_11' title="bbox 553 765 2166 848">
    <p class='ocr_par' dir='ltr' id='par_1_11' title="bbox 553 765 2166 845">
     <span class='ocr_line' id='line_1_11' title="bbox 553 765 2166 845; baseline -0.007 -16"><span class='ocrx_word' id='word_1_70' title='bbox 553 773 615 829; x_wconf 85' lang='lat' dir='ltr'>de</span> <span class='ocrx_word' id='word_1_71' title='bbox 646 774 751 845; x_wconf 85' lang='lat' dir='ltr'>lege</span> <span class='ocrx_word' id='word_1_72' title='bbox 776 781 871 828; x_wconf 79' lang='lat' dir='ltr'>tua</span> <span class='ocrx_word' id='word_1_73' title='bbox 893 773 991 845; x_wconf 78' lang='lat'>(2).</span> <span class='ocrx_word' id='word_1_74' title='bbox 1018 775 1163 828; x_wconf 77' lang='lat' dir='ltr'>Nam</span> <span class='ocrx_word' id='word_1_75' title='bbox 1188 776 1266 834; x_wconf 86' lang='lat' dir='ltr'>ut,</span> <span class='ocrx_word' id='word_1_76' title='bbox 1297 769 1463 841; x_wconf 90' lang='lat' dir='ltr'>quod</span> <span class='ocrx_word' id='word_1_77' title='bbox 1493 769 1572 824; x_wconf 89' lang='lat' dir='ltr'>ad</span> <span class='ocrx_word' id='word_1_78' title='bbox 1604 782 1816 824; x_wconf 85' lang='lat' dir='ltr'>sensus</span> <span class='ocrx_word' id='word_1_79' title='bbox 1834 766 2106 838; x_wconf 73' lang='lat' dir='ltr'>pertinet,</span> <span class='ocrx_word' id='word_1_80' title='bbox 2135 765 2166 818; x_wconf 68' lang='lat' dir='ltr'>is</span> 
     </span>
    </p>
   </div>
   <div class='ocr_carea' id='block_1_12' title="bbox 2251 765 3864 848">
    <p class='ocr_par' dir='ltr' id='par_1_12' title="bbox 2316 767 3864 848">
     <span class='ocr_line' id='line_1_12' title="bbox 2316 767 3864 848; baseline 0.008 -30"><span class='ocrx_word' id='word_1_81' title='bbox 2316 768 2393 819; x_wconf 84' lang='grc' dir='ltr'>ὅτι</span> <span class='ocrx_word' id='word_1_82' title='bbox 2447 772 2556 841; x_wconf 81' lang='grc' dir='ltr'>χρὴ</span> <span class='ocrx_word' id='word_1_83' title='bbox 2607 770 2746 839; x_wconf 78' lang='grc' dir='ltr'>ἡμᾶς</span> <span class='ocrx_word' id='word_1_84' title='bbox 2803 767 2850 820; x_wconf 83' lang='grc' dir='ltr'>ἐν</span> <span class='ocrx_word' id='word_1_85' title='bbox 2902 777 2971 840; x_wconf 84' lang='grc' dir='ltr'>τῷ</span> <span class='ocrx_word' id='word_1_86' title='bbox 3030 775 3159 842; x_wconf 79' lang='grc' dir='ltr'>φωτὶ</span> <span class='ocrx_word' id='word_1_87' title='bbox 3203 779 3607 845; x_wconf 78' lang='grc' dir='ltr'>περιπατοῦντας</span> <span class='ocrx_word' id='word_1_88' title='bbox 3643 774 3864 848; x_wconf 84' lang='grc' dir='ltr'>ἀπροσκό-</span> 
     </span>
    </p>
   </div>
   <div class='ocr_carea' id='block_1_13' title="bbox 553 851 2166 937">
    <p class='ocr_par' dir='ltr' id='par_1_13' title="bbox 553 852 2166 937">
     <span class='ocr_line' id='line_1_13' title="bbox 553 852 2166 937; baseline -0.007 -18"><span class='ocrx_word' id='word_1_89' title='bbox 553 863 655 937; x_wconf 91' lang='lat' dir='ltr'>qui</span> <span class='ocrx_word' id='word_1_90' title='bbox 671 862 872 918; x_wconf 88' lang='lat' dir='ltr'>inluce</span> <span class='ocrx_word' id='word_1_91' title='bbox 894 861 1186 925; x_wconf 86' lang='lat' dir='ltr'>ambulat,</span> <span class='ocrx_word' id='word_1_92' title='bbox 1208 875 1325 914; x_wconf 90' lang='lat' dir='ltr'>non</span> <span class='ocrx_word' id='word_1_93' title='bbox 1346 857 1614 923; x_wconf 75' lang='lat' dir='ltr'>offendit,</span> <span class='ocrx_word' id='word_1_94' title='bbox 1640 857 1744 921; x_wconf 91' lang='lat' dir='ltr'>sic,</span> <span class='ocrx_word' id='word_1_95' title='bbox 1762 854 1926 927; x_wconf 90' lang='lat' dir='ltr'>quod</span> <span class='ocrx_word' id='word_1_96' title='bbox 1940 854 2016 909; x_wconf 88' lang='lat' dir='ltr'>ad</span> <span class='ocrx_word' id='word_1_97' title='bbox 2037 852 2166 925; x_wconf 56' lang='lat' dir='ltr'>spir‘</span> 
     </span>
    </p>
   </div>
   <div class='ocr_carea' id='block_1_14' title="bbox 2247 851 3860 937">
    <p class='ocr_par' dir='ltr' id='par_1_14' title="bbox 2313 851 3860 937">
     <span class='ocr_line' id='line_1_14' title="bbox 2313 851 3860 937; baseline 0.008 -30"><span class='ocrx_word' id='word_1_98' title='bbox 2313 876 2423 918; x_wconf 90' lang='grc' dir='ltr'>πως</span> <span class='ocrx_word' id='word_1_99' title='bbox 2466 851 2589 928; x_wconf 79' lang='grc' dir='ltr'>όρᾷν</span> <span class='ocrx_word' id='word_1_100' title='bbox 2627 859 2691 909; x_wconf 83' lang='grc' dir='ltr'>τὰ</span> <span class='ocrx_word' id='word_1_101' title='bbox 2728 864 2819 909; x_wconf 88' lang='grc' dir='ltr'>τοῦ</span> <span class='ocrx_word' id='word_1_102' title='bbox 2855 866 2988 911; x_wconf 88' lang='grc' dir='ltr'>Θεοῦ</span> <span class='ocrx_word' id='word_1_103' title='bbox 3030 860 3320 931; x_wconf 87' lang='grc' dir='ltr'>θαυμάσια,</span> <span class='ocrx_word' id='word_1_104' title='bbox 3359 864 3491 914; x_wconf 88' lang='grc' dir='ltr'>κατὰ</span> <span class='ocrx_word' id='word_1_105' title='bbox 3519 866 3601 915; x_wconf 87' lang='grc' dir='ltr'>τόν</span> <span class='ocrx_word' id='word_1_106' title='bbox 3633 870 3860 937; x_wconf 72' lang='grc' dir='ltr'>φήσαντα·</span> 
     </span>
    </p>
   </div>
   <div class='ocr_carea' id='block_1_15' title="bbox 552 943 2165 1023">
    <p class='ocr_par' dir='ltr' id='par_1_15' title="bbox 552 944 2165 1023">
     <span class='ocr_line' id='line_1_15' title="bbox 552 944 2165 1023; baseline -0.007 -15"><span class='ocrx_word' id='word_1_107' title='bbox 552 957 678 1008; x_wconf 89' lang='lat' dir='ltr'>tum</span> <span class='ocrx_word' id='word_1_108' title='bbox 698 953 921 1023; x_wconf 86' lang='lat' dir='ltr'>attinet,</span> <span class='ocrx_word' id='word_1_109' title='bbox 949 952 1018 1014; x_wconf 88' lang='lat' dir='ltr'>is,</span> <span class='ocrx_word' id='word_1_110' title='bbox 1041 950 1221 1021; x_wconf 90' lang='lat' dir='ltr'>quiin</span> <span class='ocrx_word' id='word_1_111' title='bbox 1244 947 1503 1020; x_wconf 88' lang='lat' dir='ltr'>perfecta</span> <span class='ocrx_word' id='word_1_112' title='bbox 1527 944 1993 1001; x_wconf 86' lang='lat' dir='ltr'>sanctiﬁcatione</span> <span class='ocrx_word' id='word_1_113' title='bbox 2012 957 2165 998; x_wconf 72' lang='lat' dir='ltr'>versa</span> 
     </span>
    </p>
   </div>
   <div class='ocr_carea' id='block_1_16' title="bbox 2254 943 3867 1023">
    <p class='ocr_par' dir='ltr' id='par_1_16' title="bbox 2316 943 3867 1023">
     <span class='ocr_line' id='line_1_16' title="bbox 2316 943 3867 1023; baseline 0.008 -27"><span class='ocrx_word' id='word_1_114' title='bbox 2316 943 2731 1017; x_wconf 76' lang='grc' dir='ltr'>ἀποκάλυψον</span> <span class='ocrx_word' id='word_1_115' title='bbox 2776 950 2925 1009; x_wconf 86' lang='grc' dir='ltr'>τούς</span> <span class='ocrx_word' id='word_1_116' title='bbox 2964 947 3328 1021; x_wconf 74' lang='grc' dir='ltr'>ὀφθαλμούς</span> <span class='ocrx_word' id='word_1_117' title='bbox 3364 970 3513 1023; x_wconf 86' lang='grc' dir='ltr'>μου,</span> <span class='ocrx_word' id='word_1_118' title='bbox 3550 958 3654 1005; x_wconf 88' lang='grc' dir='ltr'>καὶ</span> <span class='ocrx_word' id='word_1_119' title='bbox 3708 974 3867 1008; x_wconf 80' lang='grc' dir='ltr'>κατα-</span> 
     </span>
    </p>
   </div>
   <div class='ocr_carea' id='block_1_17' title="bbox 552 1030 2165 1114">
    <p class='ocr_par' dir='ltr' id='par_1_17' title="bbox 552 1030 2165 1110">
     <span class='ocr_line' id='line_1_17' title="bbox 552 1030 2165 1110; baseline -0.007 -13"><span class='ocrx_word' id='word_1_120' title='bbox 552 1047 668 1109; x_wconf 90' lang='lat' dir='ltr'>tur,</span> <span class='ocrx_word' id='word_1_121' title='bbox 695 1057 814 1096; x_wconf 92' lang='lat' dir='ltr'>non</span> <span class='ocrx_word' id='word_1_122' title='bbox 834 1039 1202 1110; x_wconf 89' lang='lat' dir='ltr'>concupiscit</span> <span class='ocrx_word' id='word_1_123' title='bbox 1220 1038 1403 1102; x_wconf 86' lang='lat' dir='ltr'>mala,</span> <span class='ocrx_word' id='word_1_124' title='bbox 1422 1051 1545 1092; x_wconf 92' lang='lat' dir='ltr'>non</span> <span class='ocrx_word' id='word_1_125' title='bbox 1567 1034 1789 1103; x_wconf 88' lang='lat' dir='ltr'>cogitat</span> <span class='ocrx_word' id='word_1_126' title='bbox 1804 1048 2011 1105; x_wconf 88' lang='lat' dir='ltr'>prava.</span> <span class='ocrx_word' id='word_1_127' title='bbox 2036 1030 2165 1089; x_wconf 87' lang='lat' dir='ltr'>Null</span> 
     </span>
    </p>
   </div>
   <div class='ocr_carea' id='block_1_18' title="bbox 2249 1030 3862 1114">
    <p class='ocr_par' dir='ltr' id='par_1_18' title="bbox 2314 1037 3862 1114">
     <span class='ocr_line' id='line_1_18' title="bbox 2314 1037 3862 1114; baseline 0.007 -28"><span class='ocrx_word' id='word_1_128' title='bbox 2314 1039 2520 1093; x_wconf 80' lang='grc' dir='ltr'>νοήσω</span> <span class='ocrx_word' id='word_1_129' title='bbox 2577 1038 2650 1087; x_wconf 83' lang='grc' dir='ltr'>τὰ</span> <span class='ocrx_word' id='word_1_130' title='bbox 2709 1037 3047 1107; x_wconf 87' lang='grc' dir='ltr'>θαυμάσιά</span> <span class='ocrx_word' id='word_1_131' title='bbox 3094 1056 3204 1090; x_wconf 91' lang='grc' dir='ltr'>σου</span> <span class='ocrx_word' id='word_1_132' title='bbox 3256 1037 3320 1090; x_wconf 76' lang='grc' dir='ltr'>ἐκ</span> <span class='ocrx_word' id='word_1_133' title='bbox 3358 1047 3471 1093; x_wconf 91' lang='grc' dir='ltr'>τοῦ</span> <span class='ocrx_word' id='word_1_134' title='bbox 3515 1046 3698 1114; x_wconf 83' lang='grc' dir='ltr'>νόμου</span> <span class='ocrx_word' id='word_1_135' title='bbox 3748 1059 3862 1097; x_wconf 90' lang='grc' dir='ltr'>σου·</span> 
     </span>
    </p>
   </div>
   <div class='ocr_carea' id='block_1_19' title="bbox 551 1124 2164 1204">
    <p class='ocr_par' dir='ltr' id='par_1_19' title="bbox 551 1124 2164 1195">
     <span class='ocr_line' id='line_1_19' title="bbox 551 1124 2164 1195; baseline -0.008 -8"><span class='ocrx_word' id='word_1_136' title='bbox 551 1132 709 1187; x_wconf 91' lang='lat' dir='ltr'>enim</span> <span class='ocrx_word' id='word_1_137' title='bbox 729 1136 817 1186; x_wconf 90' lang='lat' dir='ltr'>est</span> <span class='ocrx_word' id='word_1_138' title='bbox 838 1127 1218 1184; x_wconf 85' lang='lat' dir='ltr'>societasluci</span> <span class='ocrx_word' id='word_1_139' title='bbox 1239 1127 1314 1181; x_wconf 93' lang='lat' dir='ltr'>ad</span> <span class='ocrx_word' id='word_1_140' title='bbox 1338 1126 1609 1181; x_wconf 85' lang='lat' dir='ltr'>tenebras</span> <span class='ocrx_word' id='word_1_141' title='bbox 1625 1124 1723 1195; x_wconf 89' lang='lat'>(3),</span> <span class='ocrx_word' id='word_1_142' title='bbox 1748 1138 1943 1195; x_wconf 89' lang='lat' dir='ltr'>neque</span> <span class='ocrx_word' id='word_1_143' title='bbox 1958 1135 2164 1177; x_wconf 82' lang='lat' dir='ltr'>conser</span> 
     </span>
    </p>
   </div>
   <div class='ocr_carea' id='block_1_20' title="bbox 2254 1124 3867 1204">
    <p class='ocr_par' dir='ltr' id='par_1_20' title="bbox 2314 1125 3867 1204">
     <span class='ocr_line' id='line_1_20' title="bbox 2314 1125 3867 1204; baseline 0.006 -29"><span class='ocrx_word' id='word_1_144' title='bbox 2314 1126 2383 1185; x_wconf 84' lang='grc' dir='ltr'>ὡς</span> <span class='ocrx_word' id='word_1_145' title='bbox 2418 1126 2519 1198; x_wconf 73' lang='grc' dir='ltr'>γὰρ</span> <span class='ocrx_word' id='word_1_146' title='bbox 2558 1126 2693 1177; x_wconf 82' lang='grc' dir='ltr'>κατὰ</span> <span class='ocrx_word' id='word_1_147' title='bbox 2729 1128 2787 1176; x_wconf 90' lang='grc' dir='ltr'>τὸ</span> <span class='ocrx_word' id='word_1_148' title='bbox 2828 1125 3078 1182; x_wconf 85' lang='grc' dir='ltr'>αἰσθητὸν</span> <span class='ocrx_word' id='word_1_149' title='bbox 3112 1128 3137 1178; x_wconf 86' lang='grc' dir='ltr'>ὁ</span> <span class='ocrx_word' id='word_1_150' title='bbox 3168 1126 3216 1178; x_wconf 79' lang='grc' dir='ltr'>ἓν</span> <span class='ocrx_word' id='word_1_151' title='bbox 3250 1136 3323 1199; x_wconf 83' lang='grc' dir='ltr'>τῷ</span> <span class='ocrx_word' id='word_1_152' title='bbox 3360 1134 3489 1201; x_wconf 78' lang='grc' dir='ltr'>φωτὶ</span> <span class='ocrx_word' id='word_1_153' title='bbox 3521 1141 3787 1204; x_wconf 85' lang='grc' dir='ltr'>περιπατῶν</span> <span class='ocrx_word' id='word_1_154' title='bbox 3820 1133 3867 1186; x_wconf 79' lang='grc' dir='ltr'>ού</span> 
     </span>
    </p>
   </div>
   <div class='ocr_carea' id='block_1_21' title="bbox 553 1212 2166 1293">
    <p class='ocr_par' dir='ltr' id='par_1_21' title="bbox 553 1215 2163 1290">
     <span class='ocr_line' id='line_1_21' title="bbox 553 1215 2163 1290; baseline -0.007 -15"><span class='ocrx_word' id='word_1_155' title='bbox 553 1236 654 1274; x_wconf 92' lang='lat' dir='ltr'>sus</span> <span class='ocrx_word' id='word_1_156' title='bbox 680 1218 900 1290; x_wconf 91' lang='lat' dir='ltr'>templo</span> <span class='ocrx_word' id='word_1_157' title='bbox 918 1218 1016 1274; x_wconf 93' lang='lat' dir='ltr'>Dei</span> <span class='ocrx_word' id='word_1_158' title='bbox 1038 1233 1173 1271; x_wconf 93' lang='lat' dir='ltr'>cum</span> <span class='ocrx_word' id='word_1_159' title='bbox 1205 1215 1378 1271; x_wconf 89' lang='lat' dir='ltr'>idolis</span> <span class='ocrx_word' id='word_1_160' title='bbox 1406 1215 1504 1285; x_wconf 74' lang='grc'>(4).</span> <span class='ocrx_word' id='word_1_161' title='bbox 1524 1215 1725 1285; x_wconf 88' lang='lat' dir='ltr'>Itaque</span> <span class='ocrx_word' id='word_1_162' title='bbox 1743 1218 2030 1284; x_wconf 88' lang='lat' dir='ltr'>tanquam</span> <span class='ocrx_word' id='word_1_163' title='bbox 2048 1215 2163 1265; x_wconf 91' lang='lat' dir='ltr'>tem</span> 
     </span>
    </p>
   </div>
   <div class='ocr_carea' id='block_1_22' title="bbox 2251 1212 3864 1293">
    <p class='ocr_par' dir='ltr' id='par_1_22' title="bbox 2311 1212 3864 1293">
     <span class='ocr_line' id='line_1_22' title="bbox 2311 1212 3864 1293; baseline 0.006 -29"><span class='ocrx_word' id='word_1_164' title='bbox 2311 1218 2657 1285; x_wconf 81' lang='grc' dir='ltr'>προσκόπτει,</span> <span class='ocrx_word' id='word_1_165' title='bbox 2678 1212 2837 1275; x_wconf 79' lang='grc' dir='ltr'>οὕτως</span> <span class='ocrx_word' id='word_1_166' title='bbox 2858 1218 2993 1267; x_wconf 85' lang='grc' dir='ltr'>κατά</span> <span class='ocrx_word' id='word_1_167' title='bbox 3012 1219 3069 1267; x_wconf 87' lang='grc' dir='ltr'>τὸ</span> <span class='ocrx_word' id='word_1_168' title='bbox 3090 1220 3295 1274; x_wconf 87' lang='grc' dir='ltr'>νιοητὸν</span> <span class='ocrx_word' id='word_1_169' title='bbox 3318 1218 3344 1269; x_wconf 87' lang='grc' dir='ltr'><strong><em>ὁ</em></strong></span> <span class='ocrx_word' id='word_1_170' title='bbox 3374 1218 3423 1270; x_wconf 81' lang='grc' dir='ltr'>ἐν</span> <span class='ocrx_word' id='word_1_171' title='bbox 3440 1226 3510 1289; x_wconf 86' lang='grc' dir='ltr'>τῷ</span> <span class='ocrx_word' id='word_1_172' title='bbox 3528 1219 3689 1291; x_wconf 86' lang='grc' dir='ltr'>τελείῳ</span> <span class='ocrx_word' id='word_1_173' title='bbox 3708 1221 3864 1293; x_wconf 71' lang='grc' dir='ltr'>ἁγιασ-</span> 
     </span>
    </p>
   </div>
   <div class='ocr_carea' id='block_1_23' title="bbox 551 1299 2164 1383">
    <p class='ocr_par' dir='ltr' id='par_1_23' title="bbox 551 1299 2164 1379">
     <span class='ocr_line' id='line_1_23' title="bbox 551 1299 2164 1379; baseline -0.008 -14"><span class='ocrx_word' id='word_1_174' title='bbox 551 1307 721 1379; x_wconf 90' lang='lat' dir='ltr'>plum</span> <span class='ocrx_word' id='word_1_175' title='bbox 773 1309 871 1362; x_wconf 89' lang='lat' dir='ltr'>Dei</span> <span class='ocrx_word' id='word_1_176' title='bbox 910 1305 1227 1361; x_wconf 89' lang='lat' dir='ltr'>considera</span> <span class='ocrx_word' id='word_1_177' title='bbox 1276 1304 1556 1375; x_wconf 90' lang='lat' dir='ltr'>teipsum,</span> <span class='ocrx_word' id='word_1_178' title='bbox 1600 1301 1888 1372; x_wconf 73' lang='lat' dir='ltr'>effugiens</span> <span class='ocrx_word' id='word_1_179' title='bbox 1927 1299 2164 1371; x_wconf 75' lang='lat' dir='ltr'>spiritus</span> 
     </span>
    </p>
   </div>
   <div class='ocr_carea' id='block_1_24' title="bbox 2256 1299 3869 1383">
    <p class='ocr_par' dir='ltr' id='par_1_24' title="bbox 2311 1302 3869 1383">
     <span class='ocr_line' id='line_1_24' title="bbox 2311 1302 3869 1383; baseline 0.007 -30"><span class='ocrx_word' id='word_1_180' title='bbox 2311 1310 2393 1373; x_wconf 83' lang='grc' dir='ltr'>μῷ</span> <span class='ocrx_word' id='word_1_181' title='bbox 2418 1303 2674 1377; x_wconf 76' lang='grc' dir='ltr'>ὑπάρχων</span> <span class='ocrx_word' id='word_1_182' title='bbox 2704 1303 2797 1355; x_wconf 84' lang='grc' dir='ltr'>ούκ</span> <span class='ocrx_word' id='word_1_183' title='bbox 2836 1302 3128 1376; x_wconf 82' lang='grc' dir='ltr'>ἐνθυμεῖται</span> <span class='ocrx_word' id='word_1_184' title='bbox 3174 1308 3396 1379; x_wconf 88' lang='grc' dir='ltr'>πονηρά,</span> <span class='ocrx_word' id='word_1_185' title='bbox 3421 1308 3479 1359; x_wconf 85' lang='grc' dir='ltr'>ού</span> <span class='ocrx_word' id='word_1_186' title='bbox 3496 1306 3743 1379; x_wconf 73' lang='grc' dir='ltr'>λογίζεται</span> <span class='ocrx_word' id='word_1_187' title='bbox 3766 1321 3869 1383; x_wconf 77' lang='grc' dir='ltr'>φαῦ-</span> 
     </span>
    </p>
   </div>
   <div class='ocr_carea' id='block_1_25' title="bbox 549 1387 2162 1470">
    <p class='ocr_par' dir='ltr' id='par_1_25' title="bbox 549 1387 2162 1460">
     <span class='ocr_line' id='line_1_25' title="bbox 549 1387 2162 1460; baseline -0.007 -8"><span class='ocrx_word' id='word_1_188' title='bbox 549 1397 695 1452; x_wconf 89' lang='lat' dir='ltr'>lium</span> <span class='ocrx_word' id='word_1_189' title='bbox 747 1395 1045 1451; x_wconf 81' lang='lat' dir='ltr'>idolorum</span> <span class='ocrx_word' id='word_1_190' title='bbox 1096 1394 1155 1448; x_wconf 90' lang='lat' dir='ltr'>in</span> <span class='ocrx_word' id='word_1_191' title='bbox 1210 1393 1389 1448; x_wconf 91' lang='lat' dir='ltr'>corde</span> <span class='ocrx_word' id='word_1_192' title='bbox 1450 1391 1731 1460; x_wconf 86' lang='lat' dir='ltr'>efﬁgiem.</span> <span class='ocrx_word' id='word_1_193' title='bbox 1788 1388 1994 1446; x_wconf 89' lang='lat' dir='ltr'>Omnis</span> <span class='ocrx_word' id='word_1_194' title='bbox 2044 1387 2162 1442; x_wconf 78' lang='lat' dir='ltr'>enir</span> 
     </span>
    </p>
   </div>
   <div class='ocr_carea' id='block_1_26' title="bbox 2255 1387 3868 1470">
    <p class='ocr_par' dir='ltr' id='par_1_26' title="bbox 2310 1388 3868 1470">
     <span class='ocr_line' id='line_1_26' title="bbox 2310 1388 3868 1470; baseline 0.006 -28"><span class='ocrx_word' id='word_1_195' title='bbox 2310 1391 2400 1443; x_wconf 87' lang='grc' dir='ltr'>λα·</span> <span class='ocrx_word' id='word_1_196' title='bbox 2433 1388 2657 1464; x_wconf 76' lang='grc' dir='ltr'>οὐδεμία</span> <span class='ocrx_word' id='word_1_197' title='bbox 2712 1392 2755 1462; x_wconf 81' lang='grc'>²)</span> <span class='ocrx_word' id='word_1_198' title='bbox 2779 1394 2880 1465; x_wconf 75' lang='grc' dir='ltr'>’γὰρ</span> <span class='ocrx_word' id='word_1_199' title='bbox 2906 1398 3149 1447; x_wconf 84' lang='grc' dir='ltr'>κοινωνία</span> <span class='ocrx_word' id='word_1_200' title='bbox 3193 1400 3326 1466; x_wconf 78' lang='grc' dir='ltr'>φωτί</span> <span class='ocrx_word' id='word_1_201' title='bbox 3391 1399 3522 1470; x_wconf 87' lang='grc' dir='ltr'>πρὸς</span> <span class='ocrx_word' id='word_1_202' title='bbox 3553 1402 3740 1463; x_wconf 74' lang='grc' dir='ltr'>σκότος,</span> <span class='ocrx_word' id='word_1_203' title='bbox 3767 1396 3868 1453; x_wconf 76' lang='grc' dir='ltr'>ούδέ</span> 
     </span>
    </p>
   </div>
   <div class='ocr_carea' id='block_1_27' title="bbox 551 1477 2164 1555">
    <p class='ocr_par' dir='ltr' id='par_1_27' title="bbox 551 1477 2164 1555">
     <span class='ocr_line' id='line_1_27' title="bbox 551 1477 2164 1555; baseline -0.007 -13"><span class='ocrx_word' id='word_1_204' title='bbox 551 1485 802 1542; x_wconf 79' lang='lat' dir='ltr'>affectus</span> <span class='ocrx_word' id='word_1_205' title='bbox 830 1500 1086 1555; x_wconf 87' lang='lat' dir='ltr'>operans</span> <span class='ocrx_word' id='word_1_206' title='bbox 1127 1483 1185 1536; x_wconf 91' lang='lat' dir='ltr'>in</span> <span class='ocrx_word' id='word_1_207' title='bbox 1214 1481 1419 1536; x_wconf 90' lang='lat' dir='ltr'>anima</span> <span class='ocrx_word' id='word_1_208' title='bbox 1448 1480 1675 1535; x_wconf 90' lang='lat' dir='ltr'>idolum</span> <span class='ocrx_word' id='word_1_209' title='bbox 1718 1485 1820 1534; x_wconf 91' lang='lat' dir='ltr'>est.</span> <span class='ocrx_word' id='word_1_210' title='bbox 1856 1477 2020 1534; x_wconf 90' lang='lat' dir='ltr'>Unde</span> <span class='ocrx_word' id='word_1_211' title='bbox 2050 1477 2164 1531; x_wconf 90' lang='lat' dir='ltr'>ben</span> 
     </span>
    </p>
   </div>
   <div class='ocr_carea' id='block_1_28' title="bbox 2255 1477 3868 1555">
    <p class='ocr_par' dir='ltr' id='par_1_28' title="bbox 2313 1480 3868 1555">
     <span class='ocr_line' id='line_1_28' title="bbox 2313 1480 3868 1555; baseline 0.007 -24"><span class='ocrx_word' id='word_1_212' title='bbox 2313 1483 2694 1552; x_wconf 77' lang='grc' dir='ltr'>συγκατάθεσις</span> <span class='ocrx_word' id='word_1_213' title='bbox 2734 1490 2860 1534; x_wconf 85' lang='grc' dir='ltr'>ναοῦ</span> <span class='ocrx_word' id='word_1_214' title='bbox 2907 1486 3038 1555; x_wconf 86' lang='grc' dir='ltr'>μετὰ</span> <span class='ocrx_word' id='word_1_215' title='bbox 3079 1480 3304 1537; x_wconf 82' lang='grc' dir='ltr'>εἰδώλων</span> <span class='ocrx_word' id='word_1_216' title='bbox 3333 1501 3347 1516; x_wconf 78' lang='grc' dir='ltr'>ο</span> <span class='ocrx_word' id='word_1_217' title='bbox 3371 1488 3441 1547; x_wconf 88' lang='grc' dir='ltr'>ὡς</span> <span class='ocrx_word' id='word_1_218' title='bbox 3485 1482 3571 1538; x_wconf 79' lang='grc' dir='ltr'>οὖν</span> <span class='ocrx_word' id='word_1_219' title='bbox 3612 1490 3722 1549; x_wconf 87' lang='grc' dir='ltr'>ναὸς</span> <span class='ocrx_word' id='word_1_220' title='bbox 3759 1496 3868 1542; x_wconf 85' lang='grc' dir='ltr'>Θεοῦ</span> 
     </span>
    </p>
   </div>
   <div class='ocr_carea' id='block_1_29' title="bbox 552 1566 2165 1648">
    <p class='ocr_par' dir='ltr' id='par_1_29' title="bbox 552 1566 2165 1643">
     <span class='ocr_line' id='line_1_29' title="bbox 552 1566 2165 1643; baseline -0.006 -13"><span class='ocrx_word' id='word_1_221' title='bbox 552 1575 777 1630; x_wconf 91' lang='lat' dir='ltr'>dictum</span> <span class='ocrx_word' id='word_1_222' title='bbox 801 1590 814 1626; x_wconf 93' lang='lat'>:</span> <span class='ocrx_word' id='word_1_223' title='bbox 838 1590 870 1627; x_wconf 88' lang='lat' dir='ltr'>a</span> <span class='ocrx_word' id='word_1_224' title='bbox 895 1589 996 1643; x_wconf 86' lang='lat' dir='ltr'>quo</span> <span class='ocrx_word' id='word_1_225' title='bbox 1014 1571 1137 1643; x_wconf 83' lang='lat' dir='ltr'>quis</span> <span class='ocrx_word' id='word_1_226' title='bbox 1148 1578 1433 1642; x_wconf 76' lang='lat' dir='ltr'>superatus</span> <span class='ocrx_word' id='word_1_227' title='bbox 1453 1575 1547 1635; x_wconf 76' lang='lat' dir='ltr'>est,</span> <span class='ocrx_word' id='word_1_228' title='bbox 1565 1570 1725 1623; x_wconf 84' lang='lat' dir='ltr'>huius</span> <span class='ocrx_word' id='word_1_229' title='bbox 1742 1575 1791 1622; x_wconf 81' lang='lat' dir='ltr'>et</span> <span class='ocrx_word' id='word_1_230' title='bbox 1810 1583 1993 1622; x_wconf 79' lang='lat' dir='ltr'>servus</span> <span class='ocrx_word' id='word_1_231' title='bbox 2009 1573 2082 1621; x_wconf 76' lang='lat' dir='ltr'>est</span> <span class='ocrx_word' id='word_1_232' title='bbox 2098 1566 2165 1637; x_wconf 59' lang='lat' dir='ltr'>(5j</span> 
     </span>
    </p>
   </div>
   <div class='ocr_carea' id='block_1_30' title="bbox 2260 1566 3873 1648">
    <p class='ocr_par' dir='ltr' id='par_1_30' title="bbox 2312 1568 3873 1648">
     <span class='ocr_line' id='line_1_30' title="bbox 2312 1568 3873 1648; baseline 0.004 -27"><span class='ocrx_word' id='word_1_233' title='bbox 2312 1570 2557 1640; x_wconf 76' lang='grc' dir='ltr'>ἓπίγνωθι</span> <span class='ocrx_word' id='word_1_234' title='bbox 2601 1575 2832 1636; x_wconf 88' lang='grc' dir='ltr'>σεαυτόν,</span> <span class='ocrx_word' id='word_1_235' title='bbox 2876 1568 3289 1647; x_wconf 76' lang='grc' dir='ltr'>ἀποδιδράσκων</span> <span class='ocrx_word' id='word_1_236' title='bbox 3331 1578 3428 1633; x_wconf 79' lang='grc' dir='ltr'>τὴν</span> <span class='ocrx_word' id='word_1_237' title='bbox 3475 1573 3520 1627; x_wconf 79' lang='grc' dir='ltr'>ἰν</span> <span class='ocrx_word' id='word_1_238' title='bbox 3566 1573 3751 1648; x_wconf 80' lang='grc' dir='ltr'>καρδίᾳ</span> <span class='ocrx_word' id='word_1_239' title='bbox 3794 1585 3873 1629; x_wconf 86' lang='grc' dir='ltr'>τῶν</span> 
     </span>
    </p>
   </div>
   <div class='ocr_carea' id='block_1_31' title="bbox 552 1656 2165 1739">
    <p class='ocr_par' dir='ltr' id='par_1_31' title="bbox 552 1656 2165 1732">
     <span class='ocr_line' id='line_1_31' title="bbox 552 1656 2165 1732; baseline -0.006 -12"><span class='ocrx_word' id='word_1_240' title='bbox 552 1665 652 1720; x_wconf 89' lang='lat' dir='ltr'>Sin</span> <span class='ocrx_word' id='word_1_241' title='bbox 696 1662 892 1718; x_wconf 91' lang='lat' dir='ltr'>carnis</span> <span class='ocrx_word' id='word_1_242' title='bbox 940 1660 1354 1732; x_wconf 83' lang='lat' dir='ltr'>voluptatibus</span> <span class='ocrx_word' id='word_1_243' title='bbox 1401 1658 1557 1714; x_wconf 85' lang='lat' dir='ltr'>servi</span> <span class='ocrx_word' id='word_1_244' title='bbox 1600 1656 1737 1713; x_wconf 81' lang='lat' dir='ltr'>facti</span> <span class='ocrx_word' id='word_1_245' title='bbox 1785 1673 2020 1720; x_wconf 88' lang='lat' dir='ltr'>sumus,</span> <span class='ocrx_word' id='word_1_246' title='bbox 2079 1671 2165 1710; x_wconf 76' lang='lat' dir='ltr'>me</span> 
     </span>
    </p>
   </div>
   <div class='ocr_carea' id='block_1_32' title="bbox 2263 1656 3876 1739">
    <p class='ocr_par' dir='ltr' id='par_1_32' title="bbox 2311 1656 3876 1739">
     <span class='ocr_line' id='line_1_32' title="bbox 2311 1656 3876 1739; baseline 0.006 -30"><span class='ocrx_word' id='word_1_247' title='bbox 2311 1666 2508 1717; x_wconf 81' lang='grc' dir='ltr'>νοητῶν</span> <span class='ocrx_word' id='word_1_248' title='bbox 2561 1656 2785 1711; x_wconf 84' lang='grc' dir='ltr'>εἰδώλων</span> <span class='ocrx_word' id='word_1_249' title='bbox 2842 1658 3210 1714; x_wconf 78' lang='grc' dir='ltr'>ἀποτύπωσιν·</span> <span class='ocrx_word' id='word_1_250' title='bbox 3279 1668 3380 1715; x_wconf 84' lang='grc' dir='ltr'>πᾶν</span> <span class='ocrx_word' id='word_1_251' title='bbox 3438 1665 3540 1737; x_wconf 72' lang='grc' dir='ltr'>γὰρ</span> <span class='ocrx_word' id='word_1_252' title='bbox 3575 1665 3725 1726; x_wconf 85' lang='grc' dir='ltr'>πάθος</span> <span class='ocrx_word' id='word_1_253' title='bbox 3766 1664 3876 1739; x_wconf 71' lang='grc' dir='ltr'>ἄνερ·</span> 
     </span>
    </p>
   </div>
   <div class='ocr_carea' id='block_1_33' title="bbox 548 1745 2161 1826">
    <p class='ocr_par' dir='ltr' id='par_1_33' title="bbox 548 1747 2161 1818">
     <span class='ocr_line' id='line_1_33' title="bbox 548 1747 2161 1818; baseline -0.007 -7"><span class='ocrx_word' id='word_1_254' title='bbox 548 1753 833 1811; x_wconf 85' lang='lat' dir='ltr'>nifestum</span> <span class='ocrx_word' id='word_1_255' title='bbox 879 1754 984 1815; x_wconf 87' lang='lat' dir='ltr'>est,</span> <span class='ocrx_word' id='word_1_256' title='bbox 1024 1750 1213 1804; x_wconf 87' lang='lat' dir='ltr'>sancti</span> <span class='ocrx_word' id='word_1_257' title='bbox 1256 1753 1313 1803; x_wconf 90' lang='lat' dir='ltr'>et</span> <span class='ocrx_word' id='word_1_258' title='bbox 1351 1747 1684 1803; x_wconf 89' lang='lat' dir='ltr'>innocentis</span> <span class='ocrx_word' id='word_1_259' title='bbox 1726 1747 1965 1818; x_wconf 88' lang='lat' dir='ltr'>spiritus</span> <span class='ocrx_word' id='word_1_260' title='bbox 2001 1759 2161 1800; x_wconf 88' lang='lat' dir='ltr'>servc</span> 
     </span>
    </p>
   </div>
   <div class='ocr_carea' id='block_1_34' title="bbox 2265 1745 3878 1826">
    <p class='ocr_par' dir='ltr' id='par_1_34' title="bbox 2265 1745 3878 1826">
     <span class='ocr_line' id='line_1_34' title="bbox 2265 1745 3878 1826; baseline 0.004 -27"><span class='ocrx_word' id='word_1_261' title='bbox 2265 1765 2283 1820; x_wconf 66' lang='grc' dir='ltr'>ς</span> <span class='ocrx_word' id='word_1_262' title='bbox 2313 1755 2438 1819; x_wconf 69' lang='grc' dir='ltr'>γοῦν</span> <span class='ocrx_word' id='word_1_263' title='bbox 2465 1746 2618 1821; x_wconf 69' lang='grc' dir='ltr'>ψυχῇ</span> <span class='ocrx_word' id='word_1_264' title='bbox 2667 1745 2877 1802; x_wconf 82' lang='grc' dir='ltr'>εἴδωλόν</span> <span class='ocrx_word' id='word_1_265' title='bbox 2918 1750 3090 1802; x_wconf 87' lang='grc' dir='ltr'>ἐστιν·</span> <span class='ocrx_word' id='word_1_266' title='bbox 3123 1752 3235 1804; x_wconf 88' lang='grc' dir='ltr'>ὅθεν</span> <span class='ocrx_word' id='word_1_267' title='bbox 3280 1752 3452 1815; x_wconf 83' lang='grc' dir='ltr'>καλῶς</span> <span class='ocrx_word' id='word_1_268' title='bbox 3482 1756 3701 1826; x_wconf 56' lang='lat' dir='ltr'>clpa-raw</span> <span class='ocrx_word' id='word_1_269' title='bbox 3814 1774 3878 1815; x_wconf 88' lang='grc' dir='ltr'>τις</span> 
     </span>
    </p>
   </div>
   <div class='ocr_carea' id='block_1_35' title="bbox 549 1833 2162 1909">
    <p class='ocr_par' dir='ltr' id='par_1_35' title="bbox 549 1833 2162 1908">
     <span class='ocr_line' id='line_1_35' title="bbox 549 1833 2162 1908; baseline -0.006 -11"><span class='ocrx_word' id='word_1_270' title='bbox 549 1858 662 1897; x_wconf 89' lang='lat' dir='ltr'>nos</span> <span class='ocrx_word' id='word_1_271' title='bbox 708 1840 898 1896; x_wconf 86' lang='lat' dir='ltr'>factos</span> <span class='ocrx_word' id='word_1_272' title='bbox 929 1855 1048 1895; x_wconf 90' lang='lat' dir='ltr'>non</span> <span class='ocrx_word' id='word_1_273' title='bbox 1087 1854 1241 1894; x_wconf 90' lang='lat' dir='ltr'>esse.</span> <span class='ocrx_word' id='word_1_274' title='bbox 1290 1840 1474 1893; x_wconf 88' lang='lat' dir='ltr'>Nemo</span> <span class='ocrx_word' id='word_1_275' title='bbox 1513 1837 1673 1891; x_wconf 90' lang='lat' dir='ltr'>enim</span> <span class='ocrx_word' id='word_1_276' title='bbox 1725 1840 1917 1908; x_wconf 90' lang='lat' dir='ltr'>potest</span> <span class='ocrx_word' id='word_1_277' title='bbox 1962 1833 2162 1889; x_wconf 87' lang='lat' dir='ltr'>duobu</span> 
     </span>
    </p>
   </div>
   <div class='ocr_carea' id='block_1_36' title="bbox 2265 1833 3878 1909">
    <p class='ocr_par' dir='ltr' id='par_1_36' title="bbox 2317 1835 3878 1909">
     <span class='ocr_line' id='line_1_36' title="bbox 2317 1835 3878 1909; baseline 0.005 -22"><span class='ocrx_word' id='word_1_278' title='bbox 2317 1838 2611 1905; x_wconf 75' lang='grc' dir='ltr'>ἥττηται,</span> <span class='ocrx_word' id='word_1_279' title='bbox 2653 1840 2855 1909; x_wconf 88' lang='grc' dir='ltr'>τούτῳ</span> <span class='ocrx_word' id='word_1_280' title='bbox 2893 1843 3001 1891; x_wconf 81' lang='grc' dir='ltr'>καί</span> <span class='ocrx_word' id='word_1_281' title='bbox 3059 1835 3493 1893; x_wconf 75' lang='grc' dir='ltr'>δεδούλωταιο</span> <span class='ocrx_word' id='word_1_282' title='bbox 3534 1843 3575 1895; x_wconf 91' lang='grc' dir='ltr'>εἰ</span> <span class='ocrx_word' id='word_1_283' title='bbox 3600 1839 3655 1895; x_wconf 73' lang='grc' dir='ltr'>δε</span> <span class='ocrx_word' id='word_1_284' title='bbox 3682 1850 3779 1904; x_wconf 87' lang='grc' dir='ltr'>τοῖς</span> <span class='ocrx_word' id='word_1_285' title='bbox 3801 1851 3878 1903; x_wconf 73' lang='grc' dir='ltr'>τξς</span> 
     </span>
    </p>
   </div>
   <div class='ocr_carea' id='block_1_37' title="bbox 549 1922 2162 2003">
    <p class='ocr_par' dir='ltr' id='par_1_37' title="bbox 549 1923 2162 1998">
     <span class='ocr_line' id='line_1_37' title="bbox 549 1923 2162 1998; baseline -0.007 -11"><span class='ocrx_word' id='word_1_286' title='bbox 549 1930 811 1987; x_wconf 89' lang='lat' dir='ltr'>dominis</span> <span class='ocrx_word' id='word_1_287' title='bbox 864 1929 1079 1983; x_wconf 88' lang='lat' dir='ltr'>servire</span> <span class='ocrx_word' id='word_1_288' title='bbox 1132 1946 1144 1986; x_wconf 92' lang='lat'>:</span> <span class='ocrx_word' id='word_1_289' title='bbox 1208 1928 1333 1983; x_wconf 85' lang='lat' dir='ltr'>Non</span> <span class='ocrx_word' id='word_1_290' title='bbox 1378 1926 1620 1998; x_wconf 76' lang='lat' dir='ltr'>potestis,</span> <span class='ocrx_word' id='word_1_291' title='bbox 1670 1924 1882 1997; x_wconf 89' lang='lat' dir='ltr'>inquit,</span> <span class='ocrx_word' id='word_1_292' title='bbox 1938 1923 2047 1978; x_wconf 89' lang='lat' dir='ltr'>Deo</span> <span class='ocrx_word' id='word_1_293' title='bbox 2097 1938 2162 1978; x_wconf 77' lang='lat' dir='ltr'>sel</span> 
     </span>
    </p>
   </div>
   <div class='ocr_carea' id='block_1_38' title="bbox 2264 1922 3877 2003">
    <p class='ocr_par' dir='ltr' id='par_1_38' title="bbox 2319 1922 3877 2003">
     <span class='ocr_line' id='line_1_38' title="bbox 2319 1922 3877 2003; baseline 0.004 -27"><span class='ocrx_word' id='word_1_294' title='bbox 2319 1929 2511 1999; x_wconf 88' lang='grc' dir='ltr'>σαρκός</span> <span class='ocrx_word' id='word_1_295' title='bbox 2549 1927 2740 1979; x_wconf 83' lang='grc' dir='ltr'>πάθεσι</span> <span class='ocrx_word' id='word_1_296' title='bbox 2779 1922 3167 2000; x_wconf 81' lang='grc' dir='ltr'>δεδουλώμεθα,</span> <span class='ocrx_word' id='word_1_297' title='bbox 3204 1925 3450 1987; x_wconf 83' lang='grc' dir='ltr'>δηλονότι</span> <span class='ocrx_word' id='word_1_298' title='bbox 3492 1930 3537 2003; x_wconf 82' lang='grc'>³)</span> <span class='ocrx_word' id='word_1_299' title='bbox 3565 1939 3633 2002; x_wconf 84' lang='grc' dir='ltr'>τῷ</span> <span class='ocrx_word' id='word_1_300' title='bbox 3670 1930 3783 2003; x_wconf 69' lang='grc' dir='ltr'>ἁγίῳ</span> <span class='ocrx_word' id='word_1_301' title='bbox 3806 1936 3877 1982; x_wconf 83' lang='grc' dir='ltr'>καὶ</span> 
     </span>
    </p>
   </div>
   <div class='ocr_carea' id='block_1_39' title="bbox 548 2011 2161 2094">
    <p class='ocr_par' dir='ltr' id='par_1_39' title="bbox 548 2013 2161 2086">
     <span class='ocr_line' id='line_1_39' title="bbox 548 2013 2161 2086; baseline -0.003 -12"><span class='ocrx_word' id='word_1_302' title='bbox 548 2022 667 2074; x_wconf 67' lang='lat' dir='ltr'>nire</span> <span class='ocrx_word' id='word_1_303' title='bbox 721 2026 770 2074; x_wconf 78' lang='lat' dir='ltr'>et</span> <span class='ocrx_word' id='word_1_304' title='bbox 835 2033 1165 2072; x_wconf 88' lang='lat' dir='ltr'>mammonae</span> <span class='ocrx_word' id='word_1_305' title='bbox 1236 2015 1336 2086; x_wconf 87' lang='lat'>(6).</span> <span class='ocrx_word' id='word_1_306' title='bbox 1409 2013 1719 2085; x_wconf 89' lang='lat' dir='ltr'>Templum</span> <span class='ocrx_word' id='word_1_307' title='bbox 1789 2014 1948 2069; x_wconf 92' lang='lat' dir='ltr'>enim</span> <span class='ocrx_word' id='word_1_308' title='bbox 2026 2014 2161 2085; x_wconf 76' lang='lat'>20:</span> 
     </span>
    </p>
   </div>
   <div class='ocr_carea' id='block_1_40' title="bbox 2265 2011 3878 2094">
    <p class='ocr_par' dir='ltr' id='par_1_40' title="bbox 2317 2011 3878 2094">
     <span class='ocr_line' id='line_1_40' title="bbox 2317 2011 3878 2094; baseline 0.004 -29"><span class='ocrx_word' id='word_1_309' title='bbox 2317 2011 2508 2068; x_wconf 80' lang='grc' dir='ltr'>ἀπαθεῖ</span> <span class='ocrx_word' id='word_1_310' title='bbox 2553 2018 2806 2088; x_wconf 90' lang='grc' dir='ltr'>πνεύματι</span> <span class='ocrx_word' id='word_1_311' title='bbox 2857 2016 2916 2068; x_wconf 88' lang='grc' dir='ltr'>ού</span> <span class='ocrx_word' id='word_1_312' title='bbox 2974 2013 3372 2090; x_wconf 85' lang='grc' dir='ltr'>δεδουλώμεθα’</span> <span class='ocrx_word' id='word_1_313' title='bbox 3438 2020 3497 2072; x_wconf 89' lang='grc' dir='ltr'>ού</span> <span class='ocrx_word' id='word_1_314' title='bbox 3542 2022 3638 2094; x_wconf 69' lang='grc' dir='ltr'>γὰρ</span> <span class='ocrx_word' id='word_1_315' title='bbox 3691 2017 3878 2072; x_wconf 81' lang='grc' dir='ltr'>δύναταί</span> 
     </span>
    </p>
   </div>
   <div class='ocr_carea' id='block_1_41' title="bbox 548 2101 2161 2181">
    <p class='ocr_par' dir='ltr' id='par_1_41' title="bbox 548 2103 2161 2174">
     <span class='ocr_line' id='line_1_41' title="bbox 548 2103 2161 2174; baseline -0.005 -9"><span class='ocrx_word' id='word_1_316' title='bbox 548 2110 649 2165; x_wconf 90' lang='lat' dir='ltr'>Dei</span> <span class='ocrx_word' id='word_1_317' title='bbox 674 2112 951 2165; x_wconf 90' lang='lat' dir='ltr'>sanctum</span> <span class='ocrx_word' id='word_1_318' title='bbox 985 2110 1094 2171; x_wconf 86' lang='lat' dir='ltr'>est,</span> <span class='ocrx_word' id='word_1_319' title='bbox 1128 2122 1237 2160; x_wconf 81' lang='lat' dir='ltr'>non</span> <span class='ocrx_word' id='word_1_320' title='bbox 1269 2104 1462 2158; x_wconf 81' lang='lat' dir='ltr'>habens</span> <span class='ocrx_word' id='word_1_321' title='bbox 1482 2103 1751 2159; x_wconf 84' lang='lat' dir='ltr'>maculam</span> <span class='ocrx_word' id='word_1_322' title='bbox 1777 2110 1872 2158; x_wconf 81' lang='lat' dir='ltr'>aut</span> <span class='ocrx_word' id='word_1_323' title='bbox 1892 2119 2084 2174; x_wconf 82' lang='lat' dir='ltr'>rugam</span> <span class='ocrx_word' id='word_1_324' title='bbox 2109 2120 2161 2157; x_wconf 84' lang='grc' dir='ltr'>αι</span> 
     </span>
    </p>
   </div>
   <div class='ocr_carea' id='block_1_42' title="bbox 2265 2101 3878 2181">
    <p class='ocr_par' dir='ltr' id='par_1_42' title="bbox 2314 2101 3878 2181">
     <span class='ocr_line' id='line_1_42' title="bbox 2314 2101 3878 2181; baseline 0.004 -26"><span class='ocrx_word' id='word_1_325' title='bbox 2314 2123 2394 2166; x_wconf 89' lang='grc' dir='ltr'>τις</span> <span class='ocrx_word' id='word_1_326' title='bbox 2424 2101 2553 2156; x_wconf 87' lang='grc' dir='ltr'>δυσὶ</span> <span class='ocrx_word' id='word_1_327' title='bbox 2595 2109 2798 2180; x_wconf 87' lang='grc' dir='ltr'>κυρίοις</span> <span class='ocrx_word' id='word_1_328' title='bbox 2824 2102 3115 2158; x_wconf 81' lang='grc' dir='ltr'>δουλεύειν·</span> <span class='ocrx_word' id='word_1_329' title='bbox 3152 2106 3220 2159; x_wconf 83' lang='grc' dir='ltr'>ού</span> <span class='ocrx_word' id='word_1_330' title='bbox 3263 2104 3575 2175; x_wconf 80' lang='grc' dir='ltr'>δύνασθε,</span> <span class='ocrx_word' id='word_1_331' title='bbox 3618 2114 3754 2181; x_wconf 71' lang='grc' dir='ltr'>φησί,</span> <span class='ocrx_word' id='word_1_332' title='bbox 3787 2116 3878 2178; x_wconf 82' lang='grc' dir='ltr'>Θεῷ</span> 
     </span>
    </p>
   </div>
   <div class='ocr_carea' id='block_1_43' title="bbox 548 2190 2161 2269">
    <p class='ocr_par' dir='ltr' id='par_1_43' title="bbox 548 2192 2161 2269">
     <span class='ocr_line' id='line_1_43' title="bbox 548 2192 2161 2269; baseline -0.004 -16"><span class='ocrx_word' id='word_1_333' title='bbox 548 2197 763 2269; x_wconf 84' lang='lat' dir='ltr'>aliquid</span> <span class='ocrx_word' id='word_1_334' title='bbox 793 2194 1101 2252; x_wconf 79' lang='lat' dir='ltr'>huiusmodi</span> <span class='ocrx_word' id='word_1_335' title='bbox 1126 2194 1228 2265; x_wconf 88' lang='grc'>(7).</span> <span class='ocrx_word' id='word_1_336' title='bbox 1259 2195 1451 2259; x_wconf 87' lang='lat' dir='ltr'>Quare</span> <span class='ocrx_word' id='word_1_337' title='bbox 1482 2193 1730 2265; x_wconf 85' lang='lat' dir='ltr'>Spiritus</span> <span class='ocrx_word' id='word_1_338' title='bbox 1753 2199 1997 2248; x_wconf 90' lang='lat' dir='ltr'>sanctus</span> <span class='ocrx_word' id='word_1_339' title='bbox 2022 2192 2161 2262; x_wconf 69' lang='lat' dir='ltr'>fugit</span> 
     </span>
    </p>
   </div>
   <div class='ocr_carea' id='block_1_44' title="bbox 2266 2190 3879 2269">
    <p class='ocr_par' dir='ltr' id='par_1_44' title="bbox 2315 2190 3879 2269">
     <span class='ocr_line' id='line_1_44' title="bbox 2315 2190 3879 2269; baseline 0.001 -24"><span class='ocrx_word' id='word_1_340' title='bbox 2315 2190 2642 2246; x_wconf 84' lang='grc' dir='ltr'>δονλεύειν</span> <span class='ocrx_word' id='word_1_341' title='bbox 2681 2198 2788 2246; x_wconf 83' lang='grc' dir='ltr'>καὶ</span> <span class='ocrx_word' id='word_1_342' title='bbox 2826 2201 3162 2267; x_wconf 80' lang='grc' dir='ltr'>μαμμωνᾷ.</span> <span class='ocrx_word' id='word_1_343' title='bbox 3187 2198 3213 2248; x_wconf 84' lang='grc' dir='ltr'>ὁ</span> <span class='ocrx_word' id='word_1_344' title='bbox 3237 2198 3337 2269; x_wconf 71' lang='grc' dir='ltr'>’γὰρ</span> <span class='ocrx_word' id='word_1_345' title='bbox 3361 2201 3483 2259; x_wconf 83' lang='grc' dir='ltr'>ναὸς</span> <span class='ocrx_word' id='word_1_346' title='bbox 3503 2200 3592 2249; x_wconf 87' lang='grc' dir='ltr'>τόῦ</span> <span class='ocrx_word' id='word_1_347' title='bbox 3615 2203 3737 2250; x_wconf 84' lang='grc' dir='ltr'>Θεοῦ</span> <span class='ocrx_word' id='word_1_348' title='bbox 3758 2196 3879 2267; x_wconf 73' lang='grc' dir='ltr'>ἅγιός</span> 
     </span>
    </p>
   </div>
   <div class='ocr_carea' id='block_1_45' title="bbox 547 2281 2160 2359">
    <p class='ocr_par' dir='ltr' id='par_1_45' title="bbox 547 2282 2160 2354">
     <span class='ocr_line' id='line_1_45' title="bbox 547 2282 2160 2354; baseline -0.004 -12"><span class='ocrx_word' id='word_1_349' title='bbox 547 2288 757 2344; x_wconf 90' lang='lat' dir='ltr'>dolum</span> <span class='ocrx_word' id='word_1_350' title='bbox 802 2292 857 2340; x_wconf 92' lang='lat' dir='ltr'>et</span> <span class='ocrx_word' id='word_1_351' title='bbox 906 2284 1138 2340; x_wconf 89' lang='lat' dir='ltr'>recedet</span> <span class='ocrx_word' id='word_1_352' title='bbox 1172 2300 1209 2339; x_wconf 89' lang='lat' dir='ltr'>a</span> <span class='ocrx_word' id='word_1_353' title='bbox 1247 2283 1708 2353; x_wconf 86' lang='lat' dir='ltr'>cogitationibus</span> <span class='ocrx_word' id='word_1_354' title='bbox 1758 2282 2160 2354; x_wconf 73' lang='lat' dir='ltr'>insipientibus</span> 
     </span>
    </p>
   </div>
   <div class='ocr_carea' id='block_1_46' title="bbox 2267 2281 3880 2359">
    <p class='ocr_par' dir='ltr' id='par_1_46' title="bbox 2312 2281 3880 2359">
     <span class='ocr_line' id='line_1_46' title="bbox 2312 2281 3880 2359; baseline 0.001 -25"><span class='ocrx_word' id='word_1_355' title='bbox 2312 2281 2442 2349; x_wconf 80' lang='grc' dir='ltr'>ἐστι,</span> <span class='ocrx_word' id='word_1_356' title='bbox 2469 2287 2548 2354; x_wconf 79' lang='grc' dir='ltr'>μὴ</span> <span class='ocrx_word' id='word_1_357' title='bbox 2591 2285 2754 2355; x_wconf 82' lang='grc' dir='ltr'>ἔχων</span> <span class='ocrx_word' id='word_1_358' title='bbox 2797 2283 3024 2336; x_wconf 86' lang='grc' dir='ltr'>σπῖλον</span> <span class='ocrx_word' id='word_1_359' title='bbox 3051 2288 3080 2343; x_wconf 80' lang='grc' dir='ltr'>ἦ</span> <span class='ocrx_word' id='word_1_360' title='bbox 3106 2281 3372 2359; x_wconf 85' lang='grc' dir='ltr'>ρυτίδα,</span> <span class='ocrx_word' id='word_1_361' title='bbox 3417 2287 3446 2345; x_wconf 79' lang='grc' dir='ltr'><em>ἢ</em></span> <span class='ocrx_word' id='word_1_362' title='bbox 3478 2306 3530 2338; x_wconf 91' lang='grc' dir='ltr'>τι</span> <span class='ocrx_word' id='word_1_363' title='bbox 3566 2295 3678 2339; x_wconf 85' lang='grc' dir='ltr'>τῶν</span> <span class='ocrx_word' id='word_1_364' title='bbox 3713 2288 3880 2337; x_wconf 84' lang='grc' dir='ltr'>τοιού·</span> 
     </span>
    </p>
   </div>
   <div class='ocr_carea' id='block_1_47' title="bbox 546 2369 2159 2449">
    <p class='ocr_par' dir='ltr' id='par_1_47' title="bbox 546 2371 2159 2449">
     <span class='ocr_line' id='line_1_47' title="bbox 546 2371 2159 2449; baseline -0.004 -17"><span class='ocrx_word' id='word_1_365' title='bbox 546 2392 741 2449; x_wconf 87' lang='lat' dir='ltr'>neque</span> <span class='ocrx_word' id='word_1_366' title='bbox 761 2376 817 2429; x_wconf 83' lang='lat' dir='ltr'>in</span> <span class='ocrx_word' id='word_1_367' title='bbox 847 2372 1289 2430; x_wconf 81' lang='lat' dir='ltr'>fraudulentam</span> <span class='ocrx_word' id='word_1_368' title='bbox 1314 2372 1583 2427; x_wconf 87' lang='lat' dir='ltr'>animam</span> <span class='ocrx_word' id='word_1_369' title='bbox 1603 2372 1841 2426; x_wconf 88' lang='lat' dir='ltr'>intrabit</span> <span class='ocrx_word' id='word_1_370' title='bbox 1859 2371 2159 2443; x_wconf 71' lang='lat' dir='ltr'>discipline</span> 
     </span>
    </p>
   </div>
   <div class='ocr_carea' id='block_1_48' title="bbox 2265 2369 3878 2449">
    <p class='ocr_par' dir='ltr' id='par_1_48' title="bbox 2310 2369 3878 2446">
     <span class='ocr_line' id='line_1_48' title="bbox 2310 2369 3878 2446; baseline 0.001 -22"><span class='ocrx_word' id='word_1_371' title='bbox 2310 2392 2447 2426; x_wconf 91' lang='grc' dir='ltr'>των,</span> <span class='ocrx_word' id='word_1_372' title='bbox 2492 2369 2631 2425; x_wconf 82' lang='grc' dir='ltr'>διότι</span> <span class='ocrx_word' id='word_1_373' title='bbox 2665 2373 2812 2443; x_wconf 78' lang='grc' dir='ltr'>ἅγιον</span> <span class='ocrx_word' id='word_1_374' title='bbox 2854 2381 3051 2446; x_wconf 85' lang='grc' dir='ltr'>πνεῦμα</span> <span class='ocrx_word' id='word_1_375' title='bbox 3090 2375 3327 2446; x_wconf 78' lang='grc' dir='ltr'>φεύξεται</span> <span class='ocrx_word' id='word_1_376' title='bbox 3359 2372 3534 2443; x_wconf 85' lang='grc' dir='ltr'>δόλον,</span> <span class='ocrx_word' id='word_1_377' title='bbox 3583 2381 3667 2428; x_wconf 85' lang='grc' dir='ltr'>καὶ</span> <span class='ocrx_word' id='word_1_378' title='bbox 3710 2374 3878 2427; x_wconf 82' lang='grc' dir='ltr'>ἀπανα-</span> 
     </span>
    </p>
   </div>
   <div class='ocr_carea' id='block_1_49' title="bbox 548 2460 2161 2536">
    <p class='ocr_par' dir='ltr' id='par_1_49' title="bbox 548 2460 2161 2534">
     <span class='ocr_line' id='line_1_49' title="bbox 548 2460 2161 2534; baseline -0.003 -13"><span class='ocrx_word' id='word_1_379' title='bbox 548 2465 865 2521; x_wconf 90' lang='lat' dir='ltr'>Credentes</span> <span class='ocrx_word' id='word_1_380' title='bbox 896 2463 1093 2534; x_wconf 88' lang='lat' dir='ltr'>igitur,</span> <span class='ocrx_word' id='word_1_381' title='bbox 1118 2477 1361 2517; x_wconf 91' lang='lat' dir='ltr'>omnem</span> <span class='ocrx_word' id='word_1_382' title='bbox 1386 2466 1649 2516; x_wconf 91' lang='lat' dir='ltr'>nostram</span> <span class='ocrx_word' id='word_1_383' title='bbox 1673 2460 1865 2530; x_wconf 90' lang='lat' dir='ltr'>legem</span> <span class='ocrx_word' id='word_1_384' title='bbox 1890 2461 2074 2530; x_wconf 84' lang='lat' dir='ltr'>digito</span> <span class='ocrx_word' id='word_1_385' title='bbox 2102 2463 2161 2516; x_wconf 65' lang='lat' dir='ltr'>De</span> 
     </span>
    </p>
   </div>
   <div class='ocr_carea' id='block_1_50' title="bbox 2263 2460 3876 2536">
    <p class='ocr_par' dir='ltr' id='par_1_50' title="bbox 2312 2462 3876 2536">
     <span class='ocr_line' id='line_1_50' title="bbox 2312 2462 3876 2536; baseline 0.001 -23"><span class='ocrx_word' id='word_1_386' title='bbox 2312 2467 2564 2520; x_wconf 82' lang='grc' dir='ltr'>στήσεται</span> <span class='ocrx_word' id='word_1_387' title='bbox 2604 2462 2705 2514; x_wconf 87' lang='grc' dir='ltr'>ἀπὸ</span> <span class='ocrx_word' id='word_1_388' title='bbox 2746 2462 3010 2535; x_wconf 72' lang='grc' dir='ltr'>λογισμῶν</span> <span class='ocrx_word' id='word_1_389' title='bbox 3042 2462 3320 2530; x_wconf 80' lang='grc' dir='ltr'>ἀσυνέτων,</span> <span class='ocrx_word' id='word_1_390' title='bbox 3365 2469 3459 2518; x_wconf 80' lang='grc' dir='ltr'>καὶ</span> <span class='ocrx_word' id='word_1_391' title='bbox 3500 2465 3573 2528; x_wconf 89' lang='grc' dir='ltr'>εἰς</span> <span class='ocrx_word' id='word_1_392' title='bbox 3601 2470 3876 2536; x_wconf 84' lang='grc' dir='ltr'>κακότεχνον</span> 
     </span>
    </p>
   </div>
   <div class='ocr_carea' id='block_1_51' title="bbox 548 2549 2161 2622">
    <p class='ocr_par' dir='ltr' id='par_1_51' title="bbox 548 2549 2161 2621">
     <span class='ocr_line' id='line_1_51' title="bbox 548 2549 2161 2621; baseline -0.002 -12"><span class='ocrx_word' id='word_1_393' title='bbox 548 2555 610 2609; x_wconf 90' lang='lat' dir='ltr'>in</span> <span class='ocrx_word' id='word_1_394' title='bbox 635 2553 813 2608; x_wconf 90' lang='lat' dir='ltr'>corde</span> <span class='ocrx_word' id='word_1_395' title='bbox 845 2551 1043 2617; x_wconf 88' lang='lat' dir='ltr'>scribi,</span> <span class='ocrx_word' id='word_1_396' title='bbox 1072 2566 1193 2606; x_wconf 90' lang='lat' dir='ltr'>non</span> <span class='ocrx_word' id='word_1_397' title='bbox 1212 2555 1567 2613; x_wconf 89' lang='lat' dir='ltr'>atramento,</span> <span class='ocrx_word' id='word_1_398' title='bbox 1601 2549 1705 2605; x_wconf 90' lang='lat' dir='ltr'>sed</span> <span class='ocrx_word' id='word_1_399' title='bbox 1726 2550 1943 2621; x_wconf 89' lang='lat' dir='ltr'>Spiritu</span> <span class='ocrx_word' id='word_1_400' title='bbox 1965 2550 2161 2605; x_wconf 89' lang='lat' dir='ltr'>divinc</span> 
     </span>
    </p>
   </div>
   <div class='ocr_carea' id='block_1_52' title="bbox 2260 2549 3873 2622">
    <p class='ocr_par' dir='ltr' id='par_1_52' title="bbox 2306 2550 3873 2622">
     <span class='ocr_line' id='line_1_52' title="bbox 2306 2550 3873 2622; baseline 0.002 -21"><span class='ocrx_word' id='word_1_401' title='bbox 2306 2550 2494 2622; x_wconf 72' lang='grc' dir='ltr'>ψυχὴν</span> <span class='ocrx_word' id='word_1_402' title='bbox 2547 2550 2640 2603; x_wconf 84' lang='grc' dir='ltr'>ούκ</span> <span class='ocrx_word' id='word_1_403' title='bbox 2694 2550 3038 2604; x_wconf 82' lang='grc' dir='ltr'>εἰσελεύσεται</span> <span class='ocrx_word' id='word_1_404' title='bbox 3086 2550 3323 2609; x_wconf 89' lang='grc' dir='ltr'>παιδεία.</span> <span class='ocrx_word' id='word_1_405' title='bbox 3386 2558 3739 2615; x_wconf 87' lang='grc' dir='ltr'>πιστεύσαντες</span> <span class='ocrx_word' id='word_1_406' title='bbox 3780 2550 3873 2605; x_wconf 85' lang='grc' dir='ltr'>οὖν·</span> 
     </span>
    </p>
   </div>
   <div class='ocr_carea' id='block_1_53' title="bbox 545 2637 2158 2717">
    <p class='ocr_par' dir='ltr' id='par_1_53' title="bbox 545 2637 2158 2712">
     <span class='ocr_line' id='line_1_53' title="bbox 545 2637 2158 2712; baseline -0.002 -16"><span class='ocrx_word' id='word_1_407' title='bbox 545 2642 951 2712; x_wconf 88' lang='lat' dir='ltr'>suscipiamus</span> <span class='ocrx_word' id='word_1_408' title='bbox 966 2641 1269 2695; x_wconf 89' lang='lat' dir='ltr'>veritatem</span> <span class='ocrx_word' id='word_1_409' title='bbox 1286 2637 1638 2708; x_wconf 88' lang='lat' dir='ltr'>legislatoris</span> <span class='ocrx_word' id='word_1_410' title='bbox 1658 2637 1935 2694; x_wconf 87' lang='lat' dir='ltr'>dicentis:</span> <span class='ocrx_word' id='word_1_411' title='bbox 1959 2638 2158 2709; x_wconf 69' lang='lat' dir='ltr'>Egosut</span> 
     </span>
    </p>
   </div>
   <div class='ocr_carea' id='block_1_54' title="bbox 2261 2637 3874 2717">
    <p class='ocr_par' dir='ltr' id='par_1_54' title="bbox 2308 2638 3874 2717">
     <span class='ocr_line' id='line_1_54' title="bbox 2308 2638 3874 2717; baseline 0.001 -26"><span class='ocrx_word' id='word_1_412' title='bbox 2308 2641 2387 2691; x_wconf 85' lang='grc' dir='ltr'>ὅτι</span> <span class='ocrx_word' id='word_1_413' title='bbox 2425 2646 2526 2702; x_wconf 84' lang='grc' dir='ltr'>πᾶς</span> <span class='ocrx_word' id='word_1_414' title='bbox 2570 2642 2595 2692; x_wconf 82' lang='grc' dir='ltr'><strong><em>ὁ</em></strong></span> <span class='ocrx_word' id='word_1_415' title='bbox 2632 2641 2778 2712; x_wconf 76' lang='grc' dir='ltr'>ἡμῶν</span> <span class='ocrx_word' id='word_1_416' title='bbox 2812 2645 2967 2712; x_wconf 90' lang='grc' dir='ltr'>νόμος</span> <span class='ocrx_word' id='word_1_417' title='bbox 3005 2638 3247 2714; x_wconf 84' lang='grc' dir='ltr'>δακτύλῳ</span> <span class='ocrx_word' id='word_1_418' title='bbox 3283 2650 3425 2696; x_wconf 86' lang='grc' dir='ltr'>Θεοῦ</span> <span class='ocrx_word' id='word_1_419' title='bbox 3459 2643 3506 2696; x_wconf 78' lang='grc' dir='ltr'>ἰν</span> <span class='ocrx_word' id='word_1_420' title='bbox 3548 2641 3734 2717; x_wconf 80' lang='grc' dir='ltr'>καρδίᾳ</span> <span class='ocrx_word' id='word_1_421' title='bbox 3764 2644 3874 2716; x_wconf 73' lang='grc' dir='ltr'>γρά-</span> 
     </span>
    </p>
   </div>
   <div class='ocr_carea' id='block_1_55' title="bbox 546 2726 2159 2806">
    <p class='ocr_par' dir='ltr' id='par_1_55' title="bbox 546 2726 2159 2801">
     <span class='ocr_line' id='line_1_55' title="bbox 546 2726 2159 2801; baseline -0.002 -14"><span class='ocrx_word' id='word_1_422' title='bbox 546 2730 753 2787; x_wconf 81' lang='lat' dir='ltr'>veritas</span> <span class='ocrx_word' id='word_1_423' title='bbox 778 2732 875 2801; x_wconf 90' lang='lat'>(8),</span> <span class='ocrx_word' id='word_1_424' title='bbox 904 2730 1055 2794; x_wconf 83' lang='lat' dir='ltr'>eius,</span> <span class='ocrx_word' id='word_1_425' title='bbox 1079 2729 1180 2799; x_wconf 87' lang='lat' dir='ltr'>qui</span> <span class='ocrx_word' id='word_1_426' title='bbox 1207 2733 1262 2783; x_wconf 93' lang='lat' dir='ltr'>et</span> <span class='ocrx_word' id='word_1_427' title='bbox 1288 2726 1487 2783; x_wconf 89' lang='lat' dir='ltr'>cordis</span> <span class='ocrx_word' id='word_1_428' title='bbox 1517 2726 2032 2783; x_wconf 89' lang='lat' dir='ltr'>circumcisionem</span> <span class='ocrx_word' id='word_1_429' title='bbox 2058 2744 2159 2800; x_wconf 70' lang='lat' dir='ltr'>opt</span> 
     </span>
    </p>
   </div>
   <div class='ocr_carea' id='block_1_56' title="bbox 2261 2726 3874 2806">
    <p class='ocr_par' dir='ltr' id='par_1_56' title="bbox 2308 2728 3874 2806">
     <span class='ocr_line' id='line_1_56' title="bbox 2308 2728 3874 2806; baseline 0.001 -26"><span class='ocrx_word' id='word_1_430' title='bbox 2308 2748 2472 2801; x_wconf 82' lang='grc' dir='ltr'>φεται,</span> <span class='ocrx_word' id='word_1_431' title='bbox 2523 2730 2581 2781; x_wconf 87' lang='grc' dir='ltr'>ού</span> <span class='ocrx_word' id='word_1_432' title='bbox 2621 2728 2820 2802; x_wconf 87' lang='grc' dir='ltr'>μέλανι,</span> <span class='ocrx_word' id='word_1_433' title='bbox 2860 2729 2991 2782; x_wconf 86' lang='grc' dir='ltr'>ἀλλὰ</span> <span class='ocrx_word' id='word_1_434' title='bbox 3027 2734 3282 2803; x_wconf 88' lang='grc' dir='ltr'>πνεύματι</span> <span class='ocrx_word' id='word_1_435' title='bbox 3328 2734 3475 2805; x_wconf 86' lang='grc' dir='ltr'>θείῳ,</span> <span class='ocrx_word' id='word_1_436' title='bbox 3517 2730 3767 2806; x_wconf 80' lang='grc' dir='ltr'>δεξώμεθα</span> <span class='ocrx_word' id='word_1_437' title='bbox 3800 2736 3874 2789; x_wconf 75' lang='grc' dir='ltr'>τήν</span> 
     </span>
    </p>
   </div>
   <div class='ocr_carea' id='block_1_57' title="bbox 546 2816 2159 2895">
    <p class='ocr_par' dir='ltr' id='par_1_57' title="bbox 546 2816 2159 2885">
     <span class='ocr_line' id='line_1_57' title="bbox 546 2816 2159 2885; baseline -0.002 -9"><span class='ocrx_word' id='word_1_438' title='bbox 546 2824 730 2885; x_wconf 89' lang='lat' dir='ltr'>ratur,</span> <span class='ocrx_word' id='word_1_439' title='bbox 762 2826 818 2874; x_wconf 91' lang='lat' dir='ltr'>et</span> <span class='ocrx_word' id='word_1_440' title='bbox 843 2818 1109 2874; x_wconf 88' lang='lat' dir='ltr'>inscribit</span> <span class='ocrx_word' id='word_1_441' title='bbox 1132 2817 1191 2871; x_wconf 92' lang='lat' dir='ltr'>in</span> <span class='ocrx_word' id='word_1_442' title='bbox 1225 2816 1527 2873; x_wconf 88' lang='lat' dir='ltr'>mentibus</span> <span class='ocrx_word' id='word_1_443' title='bbox 1558 2817 1879 2885; x_wconf 89' lang='lat' dir='ltr'>dignorum</span> <span class='ocrx_word' id='word_1_444' title='bbox 1910 2816 2159 2873; x_wconf 88' lang='lat' dir='ltr'>bonitati</span> 
     </span>
    </p>
   </div>
   <div class='ocr_carea' id='block_1_58' title="bbox 2264 2816 3877 2895">
    <p class='ocr_par' dir='ltr' id='par_1_58' title="bbox 2307 2818 3877 2895">
     <span class='ocr_line' id='line_1_58' title="bbox 2307 2818 3877 2895; baseline 0.001 -25"><span class='ocrx_word' id='word_1_445' title='bbox 2307 2818 2549 2877; x_wconf 82' lang='grc' dir='ltr'>αλήθειαν</span> <span class='ocrx_word' id='word_1_446' title='bbox 2566 2827 2655 2872; x_wconf 88' lang='grc' dir='ltr'>τοῦ</span> <span class='ocrx_word' id='word_1_447' title='bbox 2675 2820 2949 2891; x_wconf 80' lang='grc' dir='ltr'>νομοθέτου</span> <span class='ocrx_word' id='word_1_448' title='bbox 2969 2820 3226 2884; x_wconf 80' lang='grc' dir='ltr'>εἰπόντος’</span> <span class='ocrx_word' id='word_1_449' title='bbox 3252 2824 3376 2892; x_wconf 73' lang='grc' dir='ltr'>ἐγώ</span> <span class='ocrx_word' id='word_1_450' title='bbox 3418 2822 3552 2895; x_wconf 88' lang='grc' dir='ltr'>εἰμι</span> <span class='ocrx_word' id='word_1_451' title='bbox 3580 2825 3610 2881; x_wconf 81' lang='grc' dir='ltr'><strong>ἠ</strong></span> <span class='ocrx_word' id='word_1_452' title='bbox 3644 2821 3877 2881; x_wconf 77' lang='grc' dir='ltr'>ἀλήθεια</span> 
     </span>
    </p>
   </div>
   <div class='ocr_carea' id='block_1_59' title="bbox 544 2904 2157 2984">
    <p class='ocr_par' dir='ltr' id='par_1_59' title="bbox 544 2904 2157 2978">
     <span class='ocr_line' id='line_1_59' title="bbox 544 2904 2157 2978; baseline -0.002 -14"><span class='ocrx_word' id='word_1_453' title='bbox 544 2924 689 2965; x_wconf 90' lang='lat' dir='ltr'>suae</span> <span class='ocrx_word' id='word_1_454' title='bbox 712 2908 927 2978; x_wconf 90' lang='lat' dir='ltr'>legem,</span> <span class='ocrx_word' id='word_1_455' title='bbox 952 2908 1102 2962; x_wconf 90' lang='lat' dir='ltr'>sicut</span> <span class='ocrx_word' id='word_1_456' title='bbox 1121 2908 1181 2961; x_wconf 91' lang='lat' dir='ltr'>in</span> <span class='ocrx_word' id='word_1_457' title='bbox 1208 2906 1501 2978; x_wconf 87' lang='lat' dir='ltr'>propheta</span> <span class='ocrx_word' id='word_1_458' title='bbox 1531 2905 1611 2961; x_wconf 91' lang='lat' dir='ltr'>ait</span> <span class='ocrx_word' id='word_1_459' title='bbox 1637 2921 1649 2959; x_wconf 90' lang='lat'><strong>:</strong></span> <span class='ocrx_word' id='word_1_460' title='bbox 1676 2905 1825 2959; x_wconf 89' lang='lat' dir='ltr'>Dabo</span> <span class='ocrx_word' id='word_1_461' title='bbox 1841 2904 1999 2976; x_wconf 88' lang='lat' dir='ltr'>legem</span> <span class='ocrx_word' id='word_1_462' title='bbox 2028 2922 2157 2960; x_wconf 72' lang='lat' dir='ltr'>mea:</span> 
     </span>
    </p>
   </div>
   <div class='ocr_carea' id='block_1_60' title="bbox 2263 2904 3876 2984">
    <p class='ocr_par' dir='ltr' id='par_1_60' title="bbox 2306 2905 3876 2984">
     <span class='ocr_line' id='line_1_60' title="bbox 2306 2905 3876 2984; baseline 0 -25"><span class='ocrx_word' id='word_1_463' title='bbox 2306 2915 2397 2960; x_wconf 89' lang='grc' dir='ltr'>τοῦ</span> <span class='ocrx_word' id='word_1_464' title='bbox 2443 2928 2532 2960; x_wconf 92' lang='grc' dir='ltr'>και</span> <span class='ocrx_word' id='word_1_465' title='bbox 2574 2913 2668 2967; x_wconf 79' lang='grc' dir='ltr'>τὴν</span> <span class='ocrx_word' id='word_1_466' title='bbox 2714 2916 2804 2969; x_wconf 83' lang='grc' dir='ltr'>τῆς</span> <span class='ocrx_word' id='word_1_467' title='bbox 2833 2905 3055 2982; x_wconf 85' lang='grc' dir='ltr'>καρδίας</span> <span class='ocrx_word' id='word_1_468' title='bbox 3103 2915 3393 2983; x_wconf 75' lang='grc' dir='ltr'>περιτομὴν</span> <span class='ocrx_word' id='word_1_469' title='bbox 3446 2917 3757 2984; x_wconf 80' lang='grc' dir='ltr'>ποιουμένου,</span> <span class='ocrx_word' id='word_1_470' title='bbox 3804 2913 3876 2960; x_wconf 83' lang='grc' dir='ltr'>καὶ</span> 
     </span>
    </p>
   </div>
   <div class='ocr_carea' id='block_1_61' title="bbox 544 2993 2157 3070">
    <p class='ocr_par' dir='ltr' id='par_1_61' title="bbox 544 2993 2157 3067">
     <span class='ocr_line' id='line_1_61' title="bbox 544 2993 2157 3067; baseline -0.003 -14"><span class='ocrx_word' id='word_1_471' title='bbox 544 3000 606 3053; x_wconf 79' lang='lat' dir='ltr'>in</span> <span class='ocrx_word' id='word_1_472' title='bbox 642 2997 892 3053; x_wconf 82' lang='lat' dir='ltr'>cordibus</span> <span class='ocrx_word' id='word_1_473' title='bbox 933 3012 1137 3067; x_wconf 80' lang='lat' dir='ltr'>eorum,</span> <span class='ocrx_word' id='word_1_474' title='bbox 1182 3002 1251 3061; x_wconf 79' lang='lat' dir='ltr'>et,</span> <span class='ocrx_word' id='word_1_475' title='bbox 1299 2995 1360 3049; x_wconf 83' lang='lat' dir='ltr'>in</span> <span class='ocrx_word' id='word_1_476' title='bbox 1404 2993 1696 3049; x_wconf 77' lang='lat' dir='ltr'>visceribus</span> <span class='ocrx_word' id='word_1_477' title='bbox 1742 3010 1925 3049; x_wconf 80' lang='lat' dir='ltr'>eorum</span> <span class='ocrx_word' id='word_1_478' title='bbox 1962 2994 2157 3049; x_wconf 71' lang='lat' dir='ltr'>scribat</span> 
     </span>
    </p>
   </div>
   <div class='ocr_carea' id='block_1_62' title="bbox 2263 2993 3876 3070">
    <p class='ocr_par' dir='ltr' id='par_1_62' title="bbox 2306 2995 3876 3070">
     <span class='ocr_line' id='line_1_62' title="bbox 2306 2995 3876 3070; baseline 0.001 -21"><span class='ocrx_word' id='word_1_479' title='bbox 2306 2996 2679 3070; x_wconf 77' lang='grc' dir='ltr'>ἐπιγράφοντος</span> <span class='ocrx_word' id='word_1_480' title='bbox 2725 2996 2809 3050; x_wconf 75' lang='grc' dir='ltr'>ἐπὶ</span> <span class='ocrx_word' id='word_1_481' title='bbox 2862 3000 2953 3060; x_wconf 88' lang='grc' dir='ltr'>τάς</span> <span class='ocrx_word' id='word_1_482' title='bbox 3014 2995 3253 3061; x_wconf 87' lang='grc' dir='ltr'>διανοίας</span> <span class='ocrx_word' id='word_1_483' title='bbox 3306 3008 3414 3053; x_wconf 85' lang='grc' dir='ltr'>τῶν</span> <span class='ocrx_word' id='word_1_484' title='bbox 3468 3000 3618 3064; x_wconf 84' lang='grc' dir='ltr'>ἀξίων</span> <span class='ocrx_word' id='word_1_485' title='bbox 3669 3003 3751 3053; x_wconf 89' lang='grc' dir='ltr'>τὸν</span> <span class='ocrx_word' id='word_1_486' title='bbox 3799 3006 3876 3057; x_wconf 71' lang='grc' dir='ltr'>τῆς</span> 
     </span>
    </p>
   </div>
   <div class='ocr_carea' id='block_1_63' title="bbox 544 3084 2157 3175">
    <p class='ocr_par' dir='ltr' id='par_1_63' title="bbox 544 3084 2149 3159">
     <span class='ocr_line' id='line_1_63' title="bbox 544 3084 2149 3159; baseline -0.004 -15"><span class='ocrx_word' id='word_1_487' title='bbox 544 3105 657 3144; x_wconf 85' lang='lat' dir='ltr'>eam</span> <span class='ocrx_word' id='word_1_488' title='bbox 698 3087 796 3159; x_wconf 90' lang='lat'>(9).</span> <span class='ocrx_word' id='word_1_489' title='bbox 836 3086 996 3141; x_wconf 88' lang='lat' dir='ltr'>Illico</span> <span class='ocrx_word' id='word_1_490' title='bbox 1036 3087 1255 3157; x_wconf 89' lang='lat' dir='ltr'>itaque,</span> <span class='ocrx_word' id='word_1_491' title='bbox 1302 3084 1766 3156; x_wconf 75' lang='lat' dir='ltr'>quibuscumque</span> <span class='ocrx_word' id='word_1_492' title='bbox 1800 3099 1978 3139; x_wconf 91' lang='lat' dir='ltr'>curae</span> <span class='ocrx_word' id='word_1_493' title='bbox 2009 3089 2093 3139; x_wconf 89' lang='lat' dir='ltr'>est</span> <span class='ocrx_word' id='word_1_494' title='bbox 2136 3084 2149 3137; x_wconf 91' lang='lat' dir='ltr'>i</span> 
     </span>
    </p>
   </div>
   <div class='ocr_carea' id='block_1_64' title="bbox 2267 3084 3880 3175">
    <p class='ocr_par' dir='ltr' id='par_1_64' title="bbox 2267 3086 3880 3166">
     <span class='ocr_line' id='line_1_64' title="bbox 2267 3086 3880 3166; baseline 0.004 -28"><span class='ocrx_word' id='word_1_495' title='bbox 2267 3157 2268 3166; x_wconf 17' lang='grc' dir='ltr'><strong>ἶ</strong></span> <span class='ocrx_word' id='word_1_496' title='bbox 2304 3092 2675 3161; x_wconf 80' lang='grc' dir='ltr'>χρηστότητος</span> <span class='ocrx_word' id='word_1_497' title='bbox 2714 3086 2874 3139; x_wconf 79' lang='grc' dir='ltr'>αὐτοῦ</span> <span class='ocrx_word' id='word_1_498' title='bbox 2921 3091 3093 3159; x_wconf 63' lang='grc' dir='ltr'>νόμον</span> <span class='ocrx_word' id='word_1_499' title='bbox 3142 3089 3206 3150; x_wconf 84' lang='grc' dir='ltr'>ὥς</span> <span class='ocrx_word' id='word_1_500' title='bbox 3245 3108 3409 3161; x_wconf 75' lang='grc' dir='ltr'>φησιν</span> <span class='ocrx_word' id='word_1_501' title='bbox 3453 3090 3501 3142; x_wconf 83' lang='grc' dir='ltr'>ἐν</span> <span class='ocrx_word' id='word_1_502' title='bbox 3531 3099 3600 3162; x_wconf 84' lang='grc' dir='ltr'>τῷ</span> <span class='ocrx_word' id='word_1_503' title='bbox 3647 3093 3880 3162; x_wconf 64' lang='grc' dir='ltr'>προφήτῃ·</span> 
     </span>
    </p>
   </div>
   <div class='ocr_carea' id='block_1_65' title="bbox 542 3172 2155 3251">
    <p class='ocr_par' dir='ltr' id='par_1_65' title="bbox 542 3172 2155 3250">
     <span class='ocr_line' id='line_1_65' title="bbox 542 3172 2155 3250; baseline -0.004 -17"><span class='ocrx_word' id='word_1_504' title='bbox 542 3194 707 3250; x_wconf 86' lang='lat' dir='ltr'>genus</span> <span class='ocrx_word' id='word_1_505' title='bbox 745 3177 984 3241; x_wconf 82' lang='lat' dir='ltr'>electum,</span> <span class='ocrx_word' id='word_1_506' title='bbox 1018 3174 1077 3230; x_wconf 89' lang='lat' dir='ltr'>in</span> <span class='ocrx_word' id='word_1_507' title='bbox 1112 3173 1288 3246; x_wconf 86' lang='lat' dir='ltr'>regale</span> <span class='ocrx_word' id='word_1_508' title='bbox 1321 3172 1697 3238; x_wconf 77' lang='lat' dir='ltr'>sacerdotium,</span> <span class='ocrx_word' id='word_1_509' title='bbox 1746 3173 1804 3228; x_wconf 91' lang='lat' dir='ltr'>in</span> <span class='ocrx_word' id='word_1_510' title='bbox 1833 3181 2037 3245; x_wconf 80' lang='lat' dir='ltr'>gentem</span> <span class='ocrx_word' id='word_1_511' title='bbox 2073 3190 2155 3228; x_wconf 67' lang='lat' dir='ltr'>sai</span> 
     </span>
    </p>
   </div>
   <div class='ocr_carea' id='block_1_66' title="bbox 2258 3172 3871 3251">
    <p class='ocr_par' dir='ltr' id='par_1_66' title="bbox 2308 3172 3871 3251">
     <span class='ocr_line' id='line_1_66' title="bbox 2308 3172 3871 3251; baseline 0.001 -24"><span class='ocrx_word' id='word_1_512' title='bbox 2308 3172 2541 3238; x_wconf 86' lang='grc' dir='ltr'>διδούς</span> <span class='ocrx_word' id='word_1_513' title='bbox 2579 3174 2601 3248; x_wconf 93' lang='grc'>[</span> <span class='ocrx_word' id='word_1_514' title='bbox 2645 3172 2832 3229; x_wconf 87' lang='grc' dir='ltr'>δώσω</span> <span class='ocrx_word' id='word_1_515' title='bbox 2867 3176 2911 3247; x_wconf 81' lang='grc'>⁴]</span> <span class='ocrx_word' id='word_1_516' title='bbox 2943 3182 3181 3249; x_wconf 87' lang='grc' dir='ltr'>νόμους</span> <span class='ocrx_word' id='word_1_517' title='bbox 3219 3198 3331 3246; x_wconf 87' lang='grc' dir='ltr'>μον</span> <span class='ocrx_word' id='word_1_518' title='bbox 3377 3181 3423 3250; x_wconf 80' lang='grc'>⁵)</span> <span class='ocrx_word' id='word_1_519' title='bbox 3465 3180 3556 3242; x_wconf 84' lang='grc' dir='ltr'>εἰς</span> <span class='ocrx_word' id='word_1_520' title='bbox 3603 3182 3707 3239; x_wconf 88' lang='grc' dir='ltr'>τάς</span> <span class='ocrx_word' id='word_1_521' title='bbox 3749 3195 3871 3251; x_wconf 84' lang='grc' dir='ltr'>καρ-</span> 
     </span>
    </p>
   </div>
   <div class='ocr_carea' id='block_1_67' title="bbox 540 3261 2153 3338">
    <p class='ocr_par' dir='ltr' id='par_1_67' title="bbox 540 3261 2153 3338">
     <span class='ocr_line' id='line_1_67' title="bbox 540 3261 2153 3338; baseline -0.003 -15"><span class='ocrx_word' id='word_1_522' title='bbox 540 3275 699 3333; x_wconf 82' lang='lat' dir='ltr'>ctam,</span> <span class='ocrx_word' id='word_1_523' title='bbox 731 3268 788 3321; x_wconf 90' lang='lat' dir='ltr'>in</span> <span class='ocrx_word' id='word_1_524' title='bbox 826 3265 1082 3338; x_wconf 84' lang='lat' dir='ltr'>populum</span> <span class='ocrx_word' id='word_1_525' title='bbox 1102 3262 1473 3334; x_wconf 80' lang='lat' dir='ltr'>acceptabilem</span> <span class='ocrx_word' id='word_1_526' title='bbox 1513 3262 1625 3333; x_wconf 70' lang='lat'>(40)</span> <span class='ocrx_word' id='word_1_527' title='bbox 1660 3263 1987 3333; x_wconf 86' lang='lat' dir='ltr'>pervenire,</span> <span class='ocrx_word' id='word_1_528' title='bbox 2022 3261 2153 3318; x_wconf 87' lang='lat' dir='ltr'>facil</span> 
     </span>
    </p>
   </div>
   <div class='ocr_carea' id='block_1_68' title="bbox 2256 3261 3869 3338">
    <p class='ocr_par' dir='ltr' id='par_1_68' title="bbox 2307 3262 3869 3334">
     <span class='ocr_line' id='line_1_68' title="bbox 2307 3262 3869 3334; baseline 0.001 -18"><span class='ocrx_word' id='word_1_529' title='bbox 2307 3262 2452 3327; x_wconf 88' lang='grc' dir='ltr'>δίας</span> <span class='ocrx_word' id='word_1_530' title='bbox 2493 3264 2716 3334; x_wconf 79' lang='grc' dir='ltr'>αὐτῶν,</span> <span class='ocrx_word' id='word_1_531' title='bbox 2756 3271 2865 3318; x_wconf 85' lang='grc' dir='ltr'>καὶ</span> <span class='ocrx_word' id='word_1_532' title='bbox 2896 3266 2998 3319; x_wconf 80' lang='grc' dir='ltr'>ἐπὶ</span> <span class='ocrx_word' id='word_1_533' title='bbox 3038 3269 3145 3328; x_wconf 84' lang='grc' dir='ltr'>τάς</span> <span class='ocrx_word' id='word_1_534' title='bbox 3185 3264 3495 3329; x_wconf 86' lang='grc' dir='ltr'>διανοίας</span> <span class='ocrx_word' id='word_1_535' title='bbox 3533 3268 3725 3322; x_wconf 73' lang='grc' dir='ltr'>αὐτῶν</span> <span class='ocrx_word' id='word_1_536' title='bbox 3760 3264 3869 3318; x_wconf 74' lang='grc' dir='ltr'>ἔπι-</span> 
     </span>
    </p>
   </div>
   <div class='ocr_carea' id='block_1_69' title="bbox 540 3351 2153 3431">
    <p class='ocr_par' dir='ltr' id='par_1_69' title="bbox 540 3351 2153 3429">
     <span class='ocr_line' id='line_1_69' title="bbox 540 3351 2153 3429; baseline -0.005 -15"><span class='ocrx_word' id='word_1_537' title='bbox 540 3356 835 3429; x_wconf 88' lang='lat' dir='ltr'>recipiunt</span> <span class='ocrx_word' id='word_1_538' title='bbox 875 3356 933 3409; x_wconf 91' lang='lat' dir='ltr'>in</span> <span class='ocrx_word' id='word_1_539' title='bbox 975 3370 1037 3409; x_wconf 93' lang='lat' dir='ltr'>se</span> <span class='ocrx_word' id='word_1_540' title='bbox 1082 3352 1434 3408; x_wconf 86' lang='lat' dir='ltr'>viviﬁcantis</span> <span class='ocrx_word' id='word_1_541' title='bbox 1467 3351 1717 3423; x_wconf 88' lang='lat' dir='ltr'>Spiritus</span> <span class='ocrx_word' id='word_1_542' title='bbox 1762 3353 2153 3423; x_wconf 68' lang='lat' dir='ltr'>operationem</span> 
     </span>
    </p>
   </div>
   <div class='ocr_carea' id='block_1_70' title="bbox 2255 3351 3868 3431">
    <p class='ocr_par' dir='ltr' id='par_1_70' title="bbox 2303 3353 3868 3431">
     <span class='ocr_line' id='line_1_70' title="bbox 2303 3353 3868 3431; baseline -0.001 -25"><span class='ocrx_word' id='word_1_543' title='bbox 2303 3354 2533 3428; x_wconf 71' lang='grc' dir='ltr'>γράψω</span> <span class='ocrx_word' id='word_1_544' title='bbox 2572 3354 2766 3407; x_wconf 87' lang='grc' dir='ltr'>αύτού</span> <span class='ocrx_word' id='word_1_545' title='bbox 2787 3372 2836 3417; x_wconf 84' lang='grc' dir='ltr'>ς’</span> <span class='ocrx_word' id='word_1_546' title='bbox 2873 3355 3063 3408; x_wconf 89' lang='grc' dir='ltr'>αύτίκα</span> <span class='ocrx_word' id='word_1_547' title='bbox 3091 3364 3215 3428; x_wconf 70' lang='grc' dir='ltr'>’γοῦν</span> <span class='ocrx_word' id='word_1_548' title='bbox 3244 3358 3392 3419; x_wconf 86' lang='grc' dir='ltr'>ὅσοις</span> <span class='ocrx_word' id='word_1_549' title='bbox 3423 3362 3626 3431; x_wconf 74' lang='grc' dir='ltr'>φροντίς</span> <span class='ocrx_word' id='word_1_550' title='bbox 3662 3360 3784 3410; x_wconf 73' lang='grc' dir='ltr'>ἑστιν</span> <span class='ocrx_word' id='word_1_551' title='bbox 3811 3353 3868 3413; x_wconf 86' lang='grc' dir='ltr'>εἰς</span> 
     </span>
    </p>
   </div>
   <div class='ocr_carea' id='block_1_71' title="bbox 542 3440 2155 3521">
    <p class='ocr_par' dir='ltr' id='par_1_71' title="bbox 542 3440 2155 3517">
     <span class='ocr_line' id='line_1_71' title="bbox 542 3440 2155 3517; baseline -0.003 -17"><span class='ocrx_word' id='word_1_552' title='bbox 542 3447 916 3517; x_wconf 85' lang='lat' dir='ltr'>Quapropter</span> <span class='ocrx_word' id='word_1_553' title='bbox 938 3442 1348 3498; x_wconf 83' lang='lat' dir='ltr'>admonemini</span> <span class='ocrx_word' id='word_1_554' title='bbox 1373 3440 1450 3496; x_wconf 91' lang='lat' dir='ltr'>ad</span> <span class='ocrx_word' id='word_1_555' title='bbox 1476 3440 1795 3505; x_wconf 89' lang='lat' dir='ltr'>orandum,</span> <span class='ocrx_word' id='word_1_556' title='bbox 1821 3445 1885 3496; x_wconf 91' lang='lat' dir='ltr'>ut</span> <span class='ocrx_word' id='word_1_557' title='bbox 1910 3440 2077 3511; x_wconf 91' lang='lat' dir='ltr'>digni</span> <span class='ocrx_word' id='word_1_558' title='bbox 2095 3440 2155 3496; x_wconf 74' lang='lat' dir='ltr'>bs</span> 
     </span>
    </p>
   </div>
   <div class='ocr_carea' id='block_1_72' title="bbox 2255 3440 3868 3521">
    <p class='ocr_par' dir='ltr' id='par_1_72' title="bbox 2303 3442 3868 3521">
     <span class='ocr_line' id='line_1_72' title="bbox 2303 3442 3868 3521; baseline 0.001 -26"><span class='ocrx_word' id='word_1_559' title='bbox 2303 3448 2485 3515; x_wconf 74' lang='grc' dir='ltr'>γένος</span> <span class='ocrx_word' id='word_1_560' title='bbox 2511 3442 2811 3496; x_wconf 78' lang='grc' dir='ltr'>ἐκλεκτόν</span> <span class='ocrx_word' id='word_1_561' title='bbox 2834 3446 3052 3517; x_wconf 75' lang='grc' dir='ltr'>φθάσαι,</span> <span class='ocrx_word' id='word_1_562' title='bbox 3074 3444 3512 3519; x_wconf 85' lang='grc' dir='ltr'>εἰςβασίλειον</span> <span class='ocrx_word' id='word_1_563' title='bbox 3537 3448 3868 3521; x_wconf 81' lang='grc' dir='ltr'>ἱεράτευμα,</span> 
     </span>
    </p>
   </div>
   <div class='ocr_carea' id='block_1_73' title="bbox 540 3527 2153 3610">
    <p class='ocr_par' dir='ltr' id='par_1_73' title="bbox 540 3529 2153 3606">
     <span class='ocr_line' id='line_1_73' title="bbox 540 3529 2153 3606; baseline -0.003 -16"><span class='ocrx_word' id='word_1_564' title='bbox 540 3534 815 3600; x_wconf 87' lang='lat' dir='ltr'>beamur,</span> <span class='ocrx_word' id='word_1_565' title='bbox 853 3533 955 3606; x_wconf 91' lang='lat' dir='ltr'>qui</span> <span class='ocrx_word' id='word_1_566' title='bbox 1001 3531 1279 3604; x_wconf 85' lang='lat' dir='ltr'>quamvis</span> <span class='ocrx_word' id='word_1_567' title='bbox 1318 3530 1571 3586; x_wconf 87' lang='lat' dir='ltr'>breviter</span> <span class='ocrx_word' id='word_1_568' title='bbox 1608 3529 2014 3598; x_wconf 89' lang='lat' dir='ltr'>intelligamus</span> <span class='ocrx_word' id='word_1_569' title='bbox 2054 3530 2153 3585; x_wconf 90' lang='lat' dir='ltr'>sin:</span> 
     </span>
    </p>
   </div>
   <div class='ocr_carea' id='block_1_74' title="bbox 2265 3527 3878 3610">
    <p class='ocr_par' dir='ltr' id='par_1_74' title="bbox 2305 3527 3878 3610">
     <span class='ocr_line' id='line_1_74' title="bbox 2305 3527 3878 3610; baseline 0.006 -26"><span class='ocrx_word' id='word_1_570' title='bbox 2305 3534 2378 3593; x_wconf 82' lang='grc' dir='ltr'>εἰς</span> <span class='ocrx_word' id='word_1_571' title='bbox 2406 3534 2585 3594; x_wconf 83' lang='grc' dir='ltr'>ἔθνος</span> <span class='ocrx_word' id='word_1_572' title='bbox 2624 3532 2827 3604; x_wconf 72' lang='grc' dir='ltr'>ἅγιον,</span> <span class='ocrx_word' id='word_1_573' title='bbox 2871 3534 2937 3595; x_wconf 87' lang='grc' dir='ltr'>εἰς</span> <span class='ocrx_word' id='word_1_574' title='bbox 2965 3534 3113 3587; x_wconf 85' lang='grc' dir='ltr'>λαὸν</span> <span class='ocrx_word' id='word_1_575' title='bbox 3151 3540 3564 3608; x_wconf 86' lang='grc' dir='ltr'>περιούσιον,</span> <span class='ocrx_word' id='word_1_576' title='bbox 3604 3530 3787 3610; x_wconf 80' lang='grc' dir='ltr'>ῥᾳδίως</span> <span class='ocrx_word' id='word_1_577' title='bbox 3810 3527 3878 3581; x_wconf 78' lang='grc' dir='ltr'>δέ·</span> 
     </span>
    </p>
   </div>
   <div class='ocr_carea' id='block_1_75' title="bbox 540 3618 2153 3698">
    <p class='ocr_par' dir='ltr' id='par_1_75' title="bbox 540 3618 2153 3695">
     <span class='ocr_line' id='line_1_75' title="bbox 540 3618 2153 3695; baseline -0.003 -17"><span class='ocrx_word' id='word_1_578' title='bbox 540 3622 759 3695; x_wconf 79' lang='lat' dir='ltr'>plicem</span> <span class='ocrx_word' id='word_1_579' title='bbox 778 3620 1250 3677; x_wconf 88' lang='lat' dir='ltr'>conversationis</span> <span class='ocrx_word' id='word_1_580' title='bbox 1268 3620 1324 3674; x_wconf 92' lang='lat' dir='ltr'>in</span> <span class='ocrx_word' id='word_1_581' title='bbox 1345 3619 1576 3676; x_wconf 88' lang='lat' dir='ltr'>Christo</span> <span class='ocrx_word' id='word_1_582' title='bbox 1590 3618 2025 3673; x_wconf 85' lang='lat' dir='ltr'>rectitudinem.</span> <span class='ocrx_word' id='word_1_583' title='bbox 2044 3618 2153 3675; x_wconf 86' lang='lat' dir='ltr'>Tali</span> 
     </span>
    </p>
   </div>
   <div class='ocr_carea' id='block_1_76' title="bbox 2263 3618 3876 3698">
    <p class='ocr_par' dir='ltr' id='par_1_76' title="bbox 2305 3620 3876 3698">
     <span class='ocr_line' id='line_1_76' title="bbox 2305 3620 3876 3698; baseline -0.001 -26"><span class='ocrx_word' id='word_1_584' title='bbox 2305 3640 2492 3692; x_wconf 88' lang='grc' dir='ltr'>χονται</span> <span class='ocrx_word' id='word_1_585' title='bbox 2520 3620 2568 3673; x_wconf 80' lang='grc' dir='ltr'>ἐν</span> <span class='ocrx_word' id='word_1_586' title='bbox 2595 3621 2795 3684; x_wconf 76' lang='grc' dir='ltr'>ἑαυτοῖς</span> <span class='ocrx_word' id='word_1_587' title='bbox 2813 3627 2906 3681; x_wconf 87' lang='grc' dir='ltr'>τὴν</span> <span class='ocrx_word' id='word_1_588' title='bbox 2930 3631 3020 3675; x_wconf 92' lang='grc' dir='ltr'>τοῦ</span> <span class='ocrx_word' id='word_1_589' title='bbox 3040 3624 3298 3684; x_wconf 80' lang='grc' dir='ltr'>ζωοποιοῦ</span> <span class='ocrx_word' id='word_1_590' title='bbox 3319 3629 3615 3698; x_wconf 87' lang='grc' dir='ltr'>πνεύματος</span> <span class='ocrx_word' id='word_1_591' title='bbox 3639 3622 3876 3695; x_wconf 79' lang='grc' dir='ltr'>ἐνέργειαν.</span> 
     </span>
    </p>
   </div>
   <div class='ocr_carea' id='block_1_77' title="bbox 541 3706 2154 3785">
    <p class='ocr_par' dir='ltr' id='par_1_77' title="bbox 541 3707 2154 3782">
     <span class='ocr_line' id='line_1_77' title="bbox 541 3707 2154 3782; baseline -0.002 -16"><span class='ocrx_word' id='word_1_592' title='bbox 541 3711 701 3766; x_wconf 91' lang='lat' dir='ltr'>enim</span> <span class='ocrx_word' id='word_1_593' title='bbox 721 3712 946 3777; x_wconf 86' lang='lat' dir='ltr'>anima,</span> <span class='ocrx_word' id='word_1_594' title='bbox 962 3725 1114 3782; x_wconf 84' lang='lat' dir='ltr'>quae</span> <span class='ocrx_word' id='word_1_595' title='bbox 1134 3707 1617 3780; x_wconf 86' lang='lat' dir='ltr'>deposuitvnltus</span> <span class='ocrx_word' id='word_1_596' title='bbox 1631 3707 2066 3773; x_wconf 89' lang='lat' dir='ltr'>confusionem,</span> <span class='ocrx_word' id='word_1_597' title='bbox 2087 3724 2154 3763; x_wconf 90' lang='lat' dir='ltr'>ne</span> 
     </span>
    </p>
   </div>
   <div class='ocr_carea' id='block_1_78' title="bbox 2267 3706 3880 3785">
    <p class='ocr_par' dir='ltr' id='par_1_78' title="bbox 2306 3706 3880 3785">
     <span class='ocr_line' id='line_1_78' title="bbox 2306 3706 3880 3785; baseline -0.003 -24"><span class='ocrx_word' id='word_1_598' title='bbox 2306 3706 2489 3785; x_wconf 87' lang='grc' dir='ltr'>διόπερ</span> <span class='ocrx_word' id='word_1_599' title='bbox 2538 3710 2907 3784; x_wconf 82' lang='grc' dir='ltr'>παρακλήθητε</span> <span class='ocrx_word' id='word_1_600' title='bbox 2950 3711 3284 3784; x_wconf 71' lang='grc' dir='ltr'>εύχεσθαιθ),</span> <span class='ocrx_word' id='word_1_601' title='bbox 3323 3716 3470 3777; x_wconf 85' lang='grc' dir='ltr'>ὅπως</span> <span class='ocrx_word' id='word_1_602' title='bbox 3520 3712 3880 3779; x_wconf 80' lang='grc' dir='ltr'>καταξιωθῶμεν</span> 
     </span>
    </p>
   </div>
   <div class='ocr_carea' id='block_1_79' title="bbox 540 3794 2153 3878">
    <p class='ocr_par' dir='ltr' id='par_1_79' title="bbox 540 3797 2153 3870">
     <span class='ocr_line' id='line_1_79' title="bbox 540 3797 2153 3870; baseline -0.002 -13"><span class='ocrx_word' id='word_1_603' title='bbox 540 3802 661 3857; x_wconf 89' lang='lat' dir='ltr'>iam</span> <span class='ocrx_word' id='word_1_604' title='bbox 688 3807 970 3870; x_wconf 86' lang='lat' dir='ltr'>regnatur</span> <span class='ocrx_word' id='word_1_605' title='bbox 988 3798 1354 3870; x_wconf 86' lang='lat' dir='ltr'>turpitudine</span> <span class='ocrx_word' id='word_1_606' title='bbox 1369 3797 1824 3867; x_wconf 86' lang='lat' dir='ltr'>cogitationum,</span> <span class='ocrx_word' id='word_1_607' title='bbox 1844 3813 1952 3853; x_wconf 91' lang='lat' dir='ltr'>nec</span> <span class='ocrx_word' id='word_1_608' title='bbox 1968 3799 2041 3853; x_wconf 92' lang='lat' dir='ltr'>ad</span> <span class='ocrx_word' id='word_1_609' title='bbox 2052 3797 2153 3854; x_wconf 72' lang='lat' dir='ltr'>ulte</span> 
     </span>
    </p>
   </div>
   <div class='ocr_carea' id='block_1_80' title="bbox 2267 3794 3880 3878">
    <p class='ocr_par' dir='ltr' id='par_1_80' title="bbox 2304 3794 3880 3878">
     <span class='ocr_line' id='line_1_80' title="bbox 2304 3794 3880 3878; baseline 0.002 -27"><span class='ocrx_word' id='word_1_610' title='bbox 2304 3801 2400 3851; x_wconf 75' lang='grc' dir='ltr'>κᾶν</span> <span class='ocrx_word' id='word_1_611' title='bbox 2437 3808 2563 3871; x_wconf 68' lang='grc' dir='ltr'>γοῦν</span> <span class='ocrx_word' id='word_1_612' title='bbox 2604 3801 2845 3873; x_wconf 81' lang='grc' dir='ltr'>βραχέως</span> <span class='ocrx_word' id='word_1_613' title='bbox 2872 3810 3099 3854; x_wconf 86' lang='grc' dir='ltr'>συνεῖναι</span> <span class='ocrx_word' id='word_1_614' title='bbox 3138 3808 3230 3861; x_wconf 82' lang='grc' dir='ltr'>τὴν</span> <span class='ocrx_word' id='word_1_615' title='bbox 3262 3810 3585 3878; x_wconf 85' lang='grc' dir='ltr'>μονότροπον</span> <span class='ocrx_word' id='word_1_616' title='bbox 3616 3802 3661 3855; x_wconf 74' lang='grc' dir='ltr'>ἐν</span> <span class='ocrx_word' id='word_1_617' title='bbox 3696 3794 3880 3872; x_wconf 78' lang='grc' dir='ltr'>Χριστῷ</span> 
     </span>
    </p>
   </div>
   <div class='ocr_carea' id='block_1_81' title="bbox 538 3885 2151 3967">
    <p class='ocr_par' dir='ltr' id='par_1_81' title="bbox 538 3885 2151 3959">
     <span class='ocr_line' id='line_1_81' title="bbox 538 3885 2151 3959; baseline -0.003 -12"><span class='ocrx_word' id='word_1_618' title='bbox 538 3894 749 3947; x_wconf 87' lang='lat' dir='ltr'>ratura</span> <span class='ocrx_word' id='word_1_619' title='bbox 765 3890 1053 3959; x_wconf 88' lang='lat' dir='ltr'>maligno,</span> <span class='ocrx_word' id='word_1_620' title='bbox 1078 3904 1216 3943; x_wconf 90' lang='lat' dir='ltr'>cum</span> <span class='ocrx_word' id='word_1_621' title='bbox 1231 3889 1359 3943; x_wconf 91' lang='lat' dir='ltr'>solo</span> <span class='ocrx_word' id='word_1_622' title='bbox 1384 3885 1691 3942; x_wconf 83' lang='lat' dir='ltr'>manifeste</span> <span class='ocrx_word' id='word_1_623' title='bbox 1709 3886 1943 3942; x_wconf 91' lang='lat' dir='ltr'>coelesti</span> <span class='ocrx_word' id='word_1_624' title='bbox 1968 3902 2151 3958; x_wconf 90' lang='lat' dir='ltr'>spons</span> 
     </span>
    </p>
   </div>
   <div class='ocr_carea' id='block_1_82' title="bbox 2267 3885 3880 3967">
    <p class='ocr_par' dir='ltr' id='par_1_82' title="bbox 2304 3888 3880 3967">
     <span class='ocr_line' id='line_1_82' title="bbox 2304 3888 3880 3967; baseline 0 -26"><span class='ocrx_word' id='word_1_625' title='bbox 2304 3888 2568 3951; x_wconf 83' lang='grc' dir='ltr'>πολιτείας</span> <span class='ocrx_word' id='word_1_626' title='bbox 2597 3890 2873 3948; x_wconf 77' lang='grc' dir='ltr'>εὐθύτητα.</span> <span class='ocrx_word' id='word_1_627' title='bbox 2902 3893 2932 3949; x_wconf 85' lang='grc' dir='ltr'>ἡ</span> <span class='ocrx_word' id='word_1_628' title='bbox 2961 3894 3062 3967; x_wconf 75' lang='grc' dir='ltr'>γὰρ</span> <span class='ocrx_word' id='word_1_629' title='bbox 3086 3895 3302 3950; x_wconf 89' lang='grc' dir='ltr'>τοιαύτη</span> <span class='ocrx_word' id='word_1_630' title='bbox 3331 3893 3491 3965; x_wconf 72' lang='grc' dir='ltr'>ψυχὴ</span> <span class='ocrx_word' id='word_1_631' title='bbox 3517 3892 3783 3962; x_wconf 78' lang='grc' dir='ltr'>ἀποθεμένη</span> <span class='ocrx_word' id='word_1_632' title='bbox 3804 3890 3880 3941; x_wconf 67' lang='grc' dir='ltr'>τὴν</span> 
     </span>
    </p>
   </div>
   <div class='ocr_carea' id='block_1_83' title="bbox 539 3974 2152 4055">
    <p class='ocr_par' dir='ltr' id='par_1_83' title="bbox 539 3976 2152 4048">
     <span class='ocr_line' id='line_1_83' title="bbox 539 3976 2152 4048; baseline -0.003 -14"><span class='ocrx_word' id='word_1_633' title='bbox 539 3979 881 4035; x_wconf 89' lang='lat' dir='ltr'>societatem</span> <span class='ocrx_word' id='word_1_634' title='bbox 898 3978 1044 4044; x_wconf 90' lang='lat' dir='ltr'>iniit,</span> <span class='ocrx_word' id='word_1_635' title='bbox 1062 3984 1262 4048; x_wconf 90' lang='lat' dir='ltr'>utpote</span> <span class='ocrx_word' id='word_1_636' title='bbox 1276 3976 1412 4048; x_wconf 90' lang='lat' dir='ltr'>ipsa</span> <span class='ocrx_word' id='word_1_637' title='bbox 1426 3976 1700 4048; x_wconf 83' lang='lat' dir='ltr'>simplex.</span> <span class='ocrx_word' id='word_1_638' title='bbox 1714 3976 2030 4032; x_wconf 87' lang='lat' dir='ltr'>Vulnerata</span> <span class='ocrx_word' id='word_1_639' title='bbox 2044 3977 2152 4031; x_wconf 71' lang='lat' dir='ltr'>enin</span> 
     </span>
    </p>
   </div>
   <div class='ocr_carea' id='block_1_84' title="bbox 2265 3974 3878 4055">
    <p class='ocr_par' dir='ltr' id='par_1_84' title="bbox 2305 3974 3878 4055">
     <span class='ocr_line' id='line_1_84' title="bbox 2305 3974 3878 4055; baseline 0 -26"><span class='ocrx_word' id='word_1_640' title='bbox 2305 3974 2395 4029; x_wconf 85' lang='grc' dir='ltr'>τοῦ</span> <span class='ocrx_word' id='word_1_641' title='bbox 2425 3984 2707 4053; x_wconf 87' lang='grc' dir='ltr'>προσώπου</span> <span class='ocrx_word' id='word_1_642' title='bbox 2739 3978 3024 4051; x_wconf 81' lang='grc' dir='ltr'>αἰσχύνην,</span> <span class='ocrx_word' id='word_1_643' title='bbox 3065 3986 3154 4033; x_wconf 82' lang='grc' dir='ltr'>καὶ</span> <span class='ocrx_word' id='word_1_644' title='bbox 3191 3985 3386 4052; x_wconf 87' lang='grc' dir='ltr'>μηκέτι</span> <span class='ocrx_word' id='word_1_645' title='bbox 3436 3976 3878 4055; x_wconf 74' lang='grc' dir='ltr'>κατακυριευομένη</span> 
     </span>
    </p>
   </div>
   <div class='ocr_carea' id='block_1_85' title="bbox 537 4065 2150 4142">
    <p class='ocr_par' dir='ltr' id='par_1_85' title="bbox 537 4065 2150 4137">
     <span class='ocr_line' id='line_1_85' title="bbox 537 4065 2150 4137; baseline -0.004 -12"><span class='ocrx_word' id='word_1_646' title='bbox 537 4084 744 4125; x_wconf 87' lang='lat' dir='ltr'>amore</span> <span class='ocrx_word' id='word_1_647' title='bbox 784 4082 927 4137; x_wconf 89' lang='lat' dir='ltr'>erga</span> <span class='ocrx_word' id='word_1_648' title='bbox 962 4083 1123 4133; x_wconf 89' lang='lat' dir='ltr'>eum,</span> <span class='ocrx_word' id='word_1_649' title='bbox 1159 4065 1457 4121; x_wconf 89' lang='lat' dir='ltr'>desiderio</span> <span class='ocrx_word' id='word_1_650' title='bbox 1498 4067 1768 4131; x_wconf 90' lang='lat' dir='ltr'>moritur,</span> <span class='ocrx_word' id='word_1_651' title='bbox 1814 4071 1875 4119; x_wconf 92' lang='lat' dir='ltr'>ut</span> <span class='ocrx_word' id='word_1_652' title='bbox 1910 4065 2150 4120; x_wconf 71' lang='lat' dir='ltr'>audacte</span> 
     </span>
    </p>
   </div>
   <div class='ocr_carea' id='block_1_86' title="bbox 2267 4065 3880 4142">
    <p class='ocr_par' dir='ltr' id='par_1_86' title="bbox 2305 4067 3880 4142">
     <span class='ocr_line' id='line_1_86' title="bbox 2305 4067 3880 4142; baseline -0.001 -24"><span class='ocrx_word' id='word_1_653' title='bbox 2305 4068 2396 4119; x_wconf 87' lang='grc' dir='ltr'>ύτό</span> <span class='ocrx_word' id='word_1_654' title='bbox 2435 4076 2528 4129; x_wconf 83' lang='grc' dir='ltr'>τῆς</span> <span class='ocrx_word' id='word_1_655' title='bbox 2562 4068 2917 4141; x_wconf 89' lang='grc' dir='ltr'>αἰσχρότητος</span> <span class='ocrx_word' id='word_1_656' title='bbox 2953 4077 3053 4121; x_wconf 81' lang='grc' dir='ltr'>τῶν</span> <span class='ocrx_word' id='word_1_657' title='bbox 3092 4071 3387 4142; x_wconf 71' lang='grc' dir='ltr'>λογισμῶν,</span> <span class='ocrx_word' id='word_1_658' title='bbox 3430 4077 3522 4124; x_wconf 82' lang='grc' dir='ltr'>καὶ</span> <span class='ocrx_word' id='word_1_659' title='bbox 3566 4067 3880 4140; x_wconf 74' lang='grc' dir='ltr'>μοιχευομένη</span> 
     </span>
    </p>
   </div>
   <div class='ocr_carea' id='block_1_87' title="bbox 539 4153 2152 4235">
    <p class='ocr_par' dir='ltr' id='par_1_87' title="bbox 539 4153 2150 4228">
     <span class='ocr_line' id='line_1_87' title="bbox 539 4153 2150 4228; baseline -0.002 -18"><span class='ocrx_word' id='word_1_660' title='bbox 539 4157 774 4228; x_wconf 91' lang='lat' dir='ltr'>loquar,</span> <span class='ocrx_word' id='word_1_661' title='bbox 806 4155 1244 4227; x_wconf 87' lang='lat' dir='ltr'>pulcherrimae</span> <span class='ocrx_word' id='word_1_662' title='bbox 1274 4153 1431 4208; x_wconf 85' lang='lat' dir='ltr'>illius</span> <span class='ocrx_word' id='word_1_663' title='bbox 1463 4153 1873 4209; x_wconf 87' lang='lat' dir='ltr'>intellectualis</span> <span class='ocrx_word' id='word_1_664' title='bbox 1908 4159 1961 4209; x_wconf 92' lang='lat' dir='ltr'>et</span> <span class='ocrx_word' id='word_1_665' title='bbox 1991 4158 2150 4224; x_wconf 81' lang='lat' dir='ltr'>myst</span> 
     </span>
    </p>
   </div>
   <div class='ocr_carea' id='block_1_88' title="bbox 2271 4153 3884 4235">
    <p class='ocr_par' dir='ltr' id='par_1_88' title="bbox 2305 4154 3884 4235">
     <span class='ocr_line' id='line_1_88' title="bbox 2305 4154 3884 4235; baseline -0.002 -28"><span class='ocrx_word' id='word_1_666' title='bbox 2305 4156 2405 4208; x_wconf 86' lang='grc' dir='ltr'>ύπό</span> <span class='ocrx_word' id='word_1_667' title='bbox 2443 4164 2535 4209; x_wconf 90' lang='grc' dir='ltr'>τοῦ</span> <span class='ocrx_word' id='word_1_668' title='bbox 2574 4165 2824 4233; x_wconf 88' lang='grc' dir='ltr'>πονηροῦ,</span> <span class='ocrx_word' id='word_1_669' title='bbox 2864 4163 3022 4229; x_wconf 88' lang='grc' dir='ltr'>μόνου</span> <span class='ocrx_word' id='word_1_670' title='bbox 3065 4154 3275 4218; x_wconf 84' lang='grc' dir='ltr'>δηλαδή</span> <span class='ocrx_word' id='word_1_671' title='bbox 3319 4160 3417 4212; x_wconf 83' lang='grc' dir='ltr'>τοῦ</span> <span class='ocrx_word' id='word_1_672' title='bbox 3453 4159 3748 4235; x_wconf 77' lang='grc' dir='ltr'>ἐπουρανίου</span> <span class='ocrx_word' id='word_1_673' title='bbox 3775 4171 3884 4224; x_wconf 76' lang='grc' dir='ltr'>νυμ-</span> 
     </span>
    </p>
   </div>
   <div class='ocr_carea' id='block_1_89' title="bbox 539 4241 2152 4324">
    <p class='ocr_par' dir='ltr' id='par_1_89' title="bbox 539 4241 2152 4312">
     <span class='ocr_line' id='line_1_89' title="bbox 539 4241 2152 4312; baseline -0.004 -12"><span class='ocrx_word' id='word_1_674' title='bbox 539 4259 644 4300; x_wconf 89' lang='lat' dir='ltr'>cae</span> <span class='ocrx_word' id='word_1_675' title='bbox 658 4244 1101 4299; x_wconf 89' lang='lat' dir='ltr'>communionis</span> <span class='ocrx_word' id='word_1_676' title='bbox 1117 4258 1254 4297; x_wconf 91' lang='lat' dir='ltr'>cum</span> <span class='ocrx_word' id='word_1_677' title='bbox 1268 4258 1337 4297; x_wconf 91' lang='lat' dir='ltr'>eo</span> <span class='ocrx_word' id='word_1_678' title='bbox 1359 4241 2152 4312; x_wconf 78' lang='lat' dir='ltr'>secundumincorruptibilei</span> 
     </span>
    </p>
   </div>
   <div class='ocr_carea' id='block_1_90' title="bbox 2269 4241 3882 4324">
    <p class='ocr_par' dir='ltr' id='par_1_90' title="bbox 2304 4242 3882 4324">
     <span class='ocr_line' id='line_1_90' title="bbox 2304 4242 3882 4324; baseline 0.003 -28"><span class='ocrx_word' id='word_1_679' title='bbox 2304 4248 2421 4316; x_wconf 80' lang='grc' dir='ltr'>φίου</span> <span class='ocrx_word' id='word_1_680' title='bbox 2461 4252 2708 4311; x_wconf 82' lang='grc' dir='ltr'>κοινωνεῖ,</span> <span class='ocrx_word' id='word_1_681' title='bbox 2743 4252 2812 4306; x_wconf 87' lang='grc' dir='ltr'>ώς</span> <span class='ocrx_word' id='word_1_682' title='bbox 2840 4246 2971 4305; x_wconf 80' lang='grc' dir='ltr'>αύτὴ</span> <span class='ocrx_word' id='word_1_683' title='bbox 3011 4249 3058 4317; x_wconf 82' lang='grc'>⁷)</span> <span class='ocrx_word' id='word_1_684' title='bbox 3098 4252 3454 4322; x_wconf 81' lang='grc' dir='ltr'>μονότροπος⁸</span> <span class='ocrx_word' id='word_1_685' title='bbox 3497 4250 3771 4324; x_wconf 81' lang='grc' dir='ltr'>τετρωμένη</span> <span class='ocrx_word' id='word_1_686' title='bbox 3801 4242 3882 4313; x_wconf 74' lang='grc' dir='ltr'>γὰρ</span> 
     </span>
    </p>
   </div>
   <div class='ocr_carea' id='block_1_91' title="bbox 539 4327 2152 4409">
    <p class='ocr_par' dir='ltr' id='par_1_91' title="bbox 539 4330 2152 4404">
     <span class='ocr_line' id='line_1_91' title="bbox 539 4330 2152 4404; baseline -0.002 -16"><span class='ocrx_word' id='word_1_687' title='bbox 539 4331 934 4404; x_wconf 89' lang='lat' dir='ltr'>aptitudinem</span> <span class='ocrx_word' id='word_1_688' title='bbox 970 4332 1027 4386; x_wconf 89' lang='lat' dir='ltr'>in</span> <span class='ocrx_word' id='word_1_689' title='bbox 1061 4331 1530 4386; x_wconf 83' lang='lat' dir='ltr'>sanctificatione</span> <span class='ocrx_word' id='word_1_690' title='bbox 1560 4331 1837 4386; x_wconf 89' lang='lat' dir='ltr'>conditae</span> <span class='ocrx_word' id='word_1_691' title='bbox 1869 4330 2152 4385; x_wconf 76' lang='lat' dir='ltr'>societatis</span> 
     </span>
    </p>
   </div>
   <div class='ocr_carea' id='block_1_92' title="bbox 2269 4327 3882 4409">
    <p class='ocr_par' dir='ltr' id='par_1_92' title="bbox 2300 4327 3882 4409">
     <span class='ocr_line' id='line_1_92' title="bbox 2300 4327 3882 4409; baseline -0.003 -24"><span class='ocrx_word' id='word_1_692' title='bbox 2300 4341 2361 4406; x_wconf 76' lang='grc' dir='ltr'>τῇ</span> <span class='ocrx_word' id='word_1_693' title='bbox 2410 4334 2477 4395; x_wconf 88' lang='grc' dir='ltr'>εἰς</span> <span class='ocrx_word' id='word_1_694' title='bbox 2521 4334 2681 4387; x_wconf 85' lang='grc' dir='ltr'>αύτόυ</span> <span class='ocrx_word' id='word_1_695' title='bbox 2729 4333 2905 4409; x_wconf 76' lang='grc' dir='ltr'>ἀγάπῃ</span> <span class='ocrx_word' id='word_1_696' title='bbox 2957 4338 3193 4389; x_wconf 74' lang='grc' dir='ltr'>ἐπιποθεῖ</span> <span class='ocrx_word' id='word_1_697' title='bbox 3243 4343 3334 4390; x_wconf 80' lang='grc' dir='ltr'>καὶ</span> <span class='ocrx_word' id='word_1_698' title='bbox 3381 4336 3621 4403; x_wconf 82' lang='grc' dir='ltr'>ἐκλείπει,</span> <span class='ocrx_word' id='word_1_699' title='bbox 3664 4335 3741 4386; x_wconf 73' lang='grc' dir='ltr'>ἳνα</span> <span class='ocrx_word' id='word_1_700' title='bbox 3788 4327 3882 4383; x_wconf 85' lang='grc' dir='ltr'>τολ-</span> 
     </span>
    </p>
   </div>
   <div class='ocr_carea' id='block_1_93' title="bbox 541 4417 2154 4499">
    <p class='ocr_par' dir='ltr' id='par_1_93' title="bbox 541 4417 2149 4491">
     <span class='ocr_line' id='line_1_93' title="bbox 541 4417 2149 4491; baseline -0.001 -15"><span class='ocrx_word' id='word_1_701' title='bbox 541 4423 719 4477; x_wconf 87' lang='lat' dir='ltr'>Beata</span> <span class='ocrx_word' id='word_1_702' title='bbox 740 4436 945 4475; x_wconf 88' lang='lat' dir='ltr'>revera</span> <span class='ocrx_word' id='word_1_703' title='bbox 968 4425 1023 4475; x_wconf 91' lang='lat' dir='ltr'>et</span> <span class='ocrx_word' id='word_1_704' title='bbox 1038 4419 1174 4474; x_wconf 84' lang='lat' dir='ltr'>felix</span> <span class='ocrx_word' id='word_1_705' title='bbox 1200 4417 1327 4473; x_wconf 90' lang='lat' dir='ltr'>talis</span> <span class='ocrx_word' id='word_1_706' title='bbox 1348 4420 1571 4482; x_wconf 90' lang='lat' dir='ltr'>anima,</span> <span class='ocrx_word' id='word_1_707' title='bbox 1595 4435 1752 4491; x_wconf 92' lang='lat' dir='ltr'>quae</span> <span class='ocrx_word' id='word_1_708' title='bbox 1771 4419 1922 4474; x_wconf 88' lang='lat' dir='ltr'>victa</span> <span class='ocrx_word' id='word_1_709' title='bbox 1943 4418 2149 4490; x_wconf 90' lang='lat' dir='ltr'>spirita</span> 
     </span>
    </p>
   </div>
   <div class='ocr_carea' id='block_1_94' title="bbox 2273 4417 3886 4499">
    <p class='ocr_par' dir='ltr' id='par_1_94' title="bbox 2301 4420 3886 4499">
     <span class='ocr_line' id='line_1_94' title="bbox 2301 4420 3886 4499; baseline -0.002 -23"><span class='ocrx_word' id='word_1_710' title='bbox 2301 4429 2479 4496; x_wconf 79' lang='grc' dir='ltr'>μήσας</span> <span class='ocrx_word' id='word_1_711' title='bbox 2537 4427 2682 4489; x_wconf 83' lang='grc' dir='ltr'>εἴπω,</span> <span class='ocrx_word' id='word_1_712' title='bbox 2730 4429 2823 4484; x_wconf 79' lang='grc' dir='ltr'>τὴν</span> <span class='ocrx_word' id='word_1_713' title='bbox 2866 4428 2993 4498; x_wconf 82' lang='grc' dir='ltr'>πρὸς</span> <span class='ocrx_word' id='word_1_714' title='bbox 3039 4426 3193 4479; x_wconf 85' lang='grc' dir='ltr'>αύτόν</span> <span class='ocrx_word' id='word_1_715' title='bbox 3231 4429 3295 4487; x_wconf 86' lang='grc' dir='ltr'>ὡς</span> <span class='ocrx_word' id='word_1_716' title='bbox 3347 4429 3547 4499; x_wconf 86' lang='grc' dir='ltr'>ὡραίαν</span> <span class='ocrx_word' id='word_1_717' title='bbox 3595 4427 3771 4484; x_wconf 76' lang='grc' dir='ltr'>νοητὴν</span> <span class='ocrx_word' id='word_1_718' title='bbox 3810 4420 3886 4471; x_wconf 77' lang='grc' dir='ltr'>καὶ</span> 
     </span>
    </p>
   </div>
   <div class='ocr_carea' id='block_1_95' title="bbox 540 4507 2153 4589">
    <p class='ocr_par' dir='ltr' id='par_1_95' title="bbox 540 4507 2152 4580">
     <span class='ocr_line' id='line_1_95' title="bbox 540 4507 2152 4580; baseline -0.001 -16"><span class='ocrx_word' id='word_1_719' title='bbox 540 4523 770 4576; x_wconf 88' lang='lat' dir='ltr'>amore,</span> <span class='ocrx_word' id='word_1_720' title='bbox 792 4508 974 4579; x_wconf 87' lang='lat' dir='ltr'>digne</span> <span class='ocrx_word' id='word_1_721' title='bbox 991 4508 1359 4580; x_wconf 88' lang='lat' dir='ltr'>desponsata</span> <span class='ocrx_word' id='word_1_722' title='bbox 1380 4513 1466 4562; x_wconf 90' lang='lat' dir='ltr'>est</span> <span class='ocrx_word' id='word_1_723' title='bbox 1491 4510 1606 4562; x_wconf 93' lang='lat' dir='ltr'>Deo</span> <span class='ocrx_word' id='word_1_724' title='bbox 1630 4507 1839 4563; x_wconf 89' lang='lat' dir='ltr'>Verbo.</span> <span class='ocrx_word' id='word_1_725' title='bbox 1866 4508 2027 4563; x_wconf 90' lang='lat' dir='ltr'>Dicat</span> <span class='ocrx_word' id='word_1_726' title='bbox 2048 4523 2152 4578; x_wconf 92' lang='lat' dir='ltr'>erg</span> 
     </span>
    </p>
   </div>
   <div class='ocr_carea' id='block_1_96' title="bbox 2269 4507 3882 4589">
    <p class='ocr_par' dir='ltr' id='par_1_96' title="bbox 2300 4512 3882 4589">
     <span class='ocr_line' id='line_1_96' title="bbox 2300 4512 3882 4589; baseline -0.002 -26"><span class='ocrx_word' id='word_1_727' title='bbox 2300 4516 2562 4584; x_wconf 77' lang='grc' dir='ltr'>μυστικὴν</span> <span class='ocrx_word' id='word_1_728' title='bbox 2628 4518 2911 4566; x_wconf 89' lang='grc' dir='ltr'>συνουσίαν</span> <span class='ocrx_word' id='word_1_729' title='bbox 2963 4516 3100 4567; x_wconf 86' lang='grc' dir='ltr'>κατὰ</span> <span class='ocrx_word' id='word_1_730' title='bbox 3163 4519 3256 4573; x_wconf 75' lang='grc' dir='ltr'>τὴν</span> <span class='ocrx_word' id='word_1_731' title='bbox 3314 4516 3583 4589; x_wconf 73' lang='grc' dir='ltr'>ἄφθαρτον</span> <span class='ocrx_word' id='word_1_732' title='bbox 3642 4512 3882 4581; x_wconf 66' lang='grc' dir='ltr'>συνάφειαι</span> 
     </span>
    </p>
   </div>
   <div class='ocr_carea' id='block_1_97' title="bbox 538 4596 2151 4678">
    <p class='ocr_par' dir='ltr' id='par_1_97' title="bbox 538 4596 2151 4671">
     <span class='ocr_line' id='line_1_97' title="bbox 538 4596 2151 4671; baseline -0.001 -16"><span class='ocrx_word' id='word_1_733' title='bbox 538 4599 691 4671; x_wconf 87' lang='lat' dir='ltr'>ipsa,</span> <span class='ocrx_word' id='word_1_734' title='bbox 719 4597 878 4655; x_wconf 86' lang='lat' dir='ltr'>dicat</span> <span class='ocrx_word' id='word_1_735' title='bbox 911 4614 924 4665; x_wconf 91' lang='lat'>;</span> <span class='ocrx_word' id='word_1_736' title='bbox 949 4596 1242 4653; x_wconf 73' lang='lat' dir='ltr'>Exullabil</span> <span class='ocrx_word' id='word_1_737' title='bbox 1270 4597 1457 4652; x_wconf 84' lang='lat' dir='ltr'>anima</span> <span class='ocrx_word' id='word_1_738' title='bbox 1478 4613 1590 4651; x_wconf 90' lang='lat' dir='ltr'>mea</span> <span class='ocrx_word' id='word_1_739' title='bbox 1616 4598 1673 4652; x_wconf 91' lang='lat' dir='ltr'>in</span> <span class='ocrx_word' id='word_1_740' title='bbox 1703 4596 1953 4662; x_wconf 87' lang='lat' dir='ltr'>Domino,</span> <span class='ocrx_word' id='word_1_741' title='bbox 1985 4598 2079 4668; x_wconf 88' lang='lat' dir='ltr'>qui</span> <span class='ocrx_word' id='word_1_742' title='bbox 2102 4599 2151 4653; x_wconf 78' lang='lat' dir='ltr'>in</span> 
     </span>
    </p>
   </div>
   <div class='ocr_carea' id='block_1_98' title="bbox 2271 4596 3884 4678">
    <p class='ocr_par' dir='ltr' id='par_1_98' title="bbox 2299 4598 3884 4678">
     <span class='ocr_line' id='line_1_98' title="bbox 2299 4598 3884 4678; baseline -0.004 -18"><span class='ocrx_word' id='word_1_743' title='bbox 2299 4609 2395 4664; x_wconf 82' lang='grc' dir='ltr'>τῆς</span> <span class='ocrx_word' id='word_1_744' title='bbox 2446 4601 2495 4653; x_wconf 74' lang='grc' dir='ltr'>ἕν</span> <span class='ocrx_word' id='word_1_745' title='bbox 2549 4601 2798 4675; x_wconf 70' lang='grc' dir='ltr'>ἁγιασμῷ</span> <span class='ocrx_word' id='word_1_746' title='bbox 2846 4609 3117 4666; x_wconf 85' lang='grc' dir='ltr'>κοινωνίας</span> <span class='ocrx_word' id='word_1_747' title='bbox 3148 4623 3161 4636; x_wconf 89' lang='grc'><strong>·</strong></span> <span class='ocrx_word' id='word_1_748' title='bbox 3195 4610 3438 4678; x_wconf 79' lang='grc' dir='ltr'>μακαρία</span> <span class='ocrx_word' id='word_1_749' title='bbox 3482 4608 3551 4667; x_wconf 87' lang='grc' dir='ltr'>ὡς</span> <span class='ocrx_word' id='word_1_750' title='bbox 3598 4604 3783 4660; x_wconf 81' lang='grc' dir='ltr'>ἀληθῶς</span> <span class='ocrx_word' id='word_1_751' title='bbox 3812 4598 3884 4647; x_wconf 74' lang='grc' dir='ltr'>καὶ</span> 
     </span>
    </p>
   </div>
   <div class='ocr_carea' id='block_1_99' title="bbox 1856 4732 2554 4793">
    <p class='ocr_par' dir='ltr' id='par_1_99' title="bbox 1856 4732 2554 4793">
     <span class='ocr_line' id='line_1_99' title="bbox 1856 4732 2554 4793; baseline 0 -4"><span class='ocrx_word' id='word_1_752' title='bbox 1856 4732 2113 4789; x_wconf 80' lang='lat' dir='ltr'>VARIAE</span> <span class='ocrx_word' id='word_1_753' title='bbox 2156 4735 2554 4793; x_wconf 86' lang='lat' dir='ltr'>LECTIONES.</span> 
     </span>
    </p>
   </div>
   <div class='ocr_carea' id='block_1_100' title="bbox 608 4856 3884 4937">
    <p class='ocr_par' dir='ltr' id='par_1_100' title="bbox 608 4856 3884 4937">
     <span class='ocr_line' id='line_1_100' title="bbox 608 4856 3884 4937; baseline -0.002 -21"><span class='ocrx_word' id='word_1_754' title='bbox 608 4858 830 4937; x_wconf 65' lang='lat' dir='ltr'>_1)C_od.</span> <span class='ocrx_word' id='word_1_755' title='bbox 887 4876 1220 4937; x_wconf 83' lang='grc' dir='ltr'>πιστεσομεν.</span> <span class='ocrx_word' id='word_1_756' title='bbox 1283 4856 1861 4937; x_wconf 29' lang='lat' dir='ltr'>Primum‘librarius</span> <span class='ocrx_word' id='word_1_757' title='bbox 1906 4858 2219 4931; x_wconf 87' lang='lat' dir='ltr'>scripsisse</span> <span class='ocrx_word' id='word_1_758' title='bbox 2262 4860 2500 4937; x_wconf 78' lang='lat' dir='ltr'>videtur</span> <span class='ocrx_word' id='word_1_759' title='bbox 2546 4864 2878 4937; x_wconf 74' lang='grc' dir='ltr'>πιστεύομεν,</span> <span class='ocrx_word' id='word_1_760' title='bbox 2912 4862 3129 4937; x_wconf 80' lang='lat' dir='ltr'>deinde</span> <span class='ocrx_word' id='word_1_761' title='bbox 3165 4866 3381 4937; x_wconf 80' lang='lat' dir='ltr'>autem</span> <span class='ocrx_word' id='word_1_762' title='bbox 3436 4862 3606 4919; x_wconf 87' lang='lat' dir='ltr'>litera</span> <span class='ocrx_word' id='word_1_763' title='bbox 3644 4879 3677 4913; x_wconf 88' lang='grc' dir='ltr'>υ</span> <span class='ocrx_word' id='word_1_764' title='bbox 3721 4866 3884 4937; x_wconf 73' lang='lat' dir='ltr'>supra</span> 
     </span>
    </p>
   </div>
   <div class='ocr_carea' id='block_1_101' title="bbox 535 4930 3879 5023">
    <p class='ocr_par' dir='ltr' id='par_1_101' title="bbox 535 4930 3879 5023">
     <span class='ocr_line' id='line_1_101' title="bbox 535 4930 3879 5023; baseline 0 -35"><span class='ocrx_word' id='word_1_765' title='bbox 535 4930 843 5004; x_wconf 84' lang='lat' dir='ltr'>adscripta</span> <span class='ocrx_word' id='word_1_766' title='bbox 886 4936 1217 4987; x_wconf 76' lang='lat' dir='ltr'>correxisse</span> <span class='ocrx_word' id='word_1_767' title='bbox 1250 4934 1357 4986; x_wconf 88' lang='lat' dir='ltr'>aut</span> <span class='ocrx_word' id='word_1_768' title='bbox 1386 4932 1754 5002; x_wconf 82' lang='grc' dir='ltr'>πιστεύσομεν,</span> <span class='ocrx_word' id='word_1_769' title='bbox 1788 4950 1817 4981; x_wconf 92' lang='grc' dir='ltr'>υ</span> <span class='ocrx_word' id='word_1_770' title='bbox 1847 4930 1907 4986; x_wconf 92' lang='lat' dir='ltr'>in</span> <span class='ocrx_word' id='word_1_771' title='bbox 1937 4949 1989 4997; x_wconf 86' lang='grc' dir='ltr'>σ,</span> <span class='ocrx_word' id='word_1_772' title='bbox 2023 4930 2126 4987; x_wconf 62' lang='lat' dir='ltr'>hut</span> <span class='ocrx_word' id='word_1_773' title='bbox 2148 4934 2491 5006; x_wconf 84' lang='grc' dir='ltr'>πιστεύωμεν,</span> <span class='ocrx_word' id='word_1_774' title='bbox 2543 4953 2603 4986; x_wconf 90' lang='grc' dir='ltr'>υο</span> <span class='ocrx_word' id='word_1_775' title='bbox 2638 4934 2697 4990; x_wconf 89' lang='lat' dir='ltr'>in</span> <span class='ocrx_word' id='word_1_776' title='bbox 2744 4930 2783 4985; x_wconf 79' lang='grc' dir='ltr'>ω</span> <span class='ocrx_word' id='word_1_777' title='bbox 2965 4934 3325 4991; x_wconf 84' lang='lat' dir='ltr'>emendans.</span> <span class='ocrx_word' id='word_1_778' title='bbox 3360 4965 3429 4977; x_wconf 97' lang='lat'>—</span> <span class='ocrx_word' id='word_1_779' title='bbox 3492 4936 3541 5022; x_wconf 79' lang='grc'>³)</span> <span class='ocrx_word' id='word_1_780' title='bbox 3600 4934 3676 4990; x_wconf 78' lang='lat' dir='ltr'>EX</span> <span class='ocrx_word' id='word_1_781' title='bbox 3720 4930 3879 4989; x_wconf 52' lang='lat' dir='ltr'>conia</span> 
     </span>
    </p>
   </div>
   <div class='ocr_carea' id='block_1_102' title="bbox 537 5016 3884 5093">
    <p class='ocr_par' dir='ltr' id='par_1_102' title="bbox 537 5016 3884 5093">
     <span class='ocr_line' id='line_1_102' title="bbox 537 5016 3884 5093; baseline -0.004 -15"><span class='ocrx_word' id='word_1_782' title='bbox 537 5022 673 5078; x_wconf 89' lang='lat' dir='ltr'>cod.</span> <span class='ocrx_word' id='word_1_783' title='bbox 710 5017 908 5083; x_wconf 79' lang='grc' dir='ltr'>οὐδεὶς.</span> <span class='ocrx_word' id='word_1_784' title='bbox 956 5051 1019 5061; x_wconf 91' lang='grc'><strong>-</strong></span> <span class='ocrx_word' id='word_1_785' title='bbox 1054 5020 1274 5088; x_wconf 81' lang='grc' dir='ltr'>³)Εω.,</span> <span class='ocrx_word' id='word_1_786' title='bbox 1329 5019 1467 5076; x_wconf 90' lang='lat' dir='ltr'>cod.</span> <span class='ocrx_word' id='word_1_787' title='bbox 1524 5016 1683 5078; x_wconf 84' lang='grc' dir='ltr'>δῆλον</span> <span class='ocrx_word' id='word_1_788' title='bbox 1730 5022 1832 5075; x_wconf 85' lang='grc' dir='ltr'>ὅτι.</span> <span class='ocrx_word' id='word_1_789' title='bbox 1877 5051 1944 5061; x_wconf 88' lang='grc'><strong>-</strong></span> <span class='ocrx_word' id='word_1_790' title='bbox 1980 5021 2023 5093; x_wconf 63' lang='grc' dir='ltr'>δ)</span> <span class='ocrx_word' id='word_1_791' title='bbox 2058 5017 2216 5074; x_wconf 83' lang='grc' dir='ltr'>δώσω</span> <span class='ocrx_word' id='word_1_792' title='bbox 2261 5037 2383 5078; x_wconf 92' lang='lat' dir='ltr'>om.</span> <span class='ocrx_word' id='word_1_793' title='bbox 2413 5022 2572 5092; x_wconf 91' lang='lat' dir='ltr'>cod.,</span> <span class='ocrx_word' id='word_1_794' title='bbox 2625 5016 2838 5079; x_wconf 82' lang='lat' dir='ltr'>addidi</span> <span class='ocrx_word' id='word_1_795' title='bbox 2877 5016 2948 5080; x_wconf 76' lang='lat' dir='ltr'>ex</span> <span class='ocrx_word' id='word_1_796' title='bbox 2977 5025 3191 5081; x_wconf 87' lang='lat' dir='ltr'>Jerem.</span> <span class='ocrx_word' id='word_1_797' title='bbox 3239 5023 3433 5090; x_wconf 83' lang='lat' dir='ltr'>XXXI,</span> <span class='ocrx_word' id='word_1_798' title='bbox 3465 5016 3555 5081; x_wconf 79' lang='lat'>33.</span> <span class='ocrx_word' id='word_1_799' title='bbox 3608 5052 3674 5065; x_wconf 91' lang='grc'><strong><em>-</em></strong></span> <span class='ocrx_word' id='word_1_800' title='bbox 3722 5020 3765 5090; x_wconf 78' lang='grc'>⁵)</span> <span class='ocrx_word' id='word_1_801' title='bbox 3800 5032 3884 5088; x_wconf 85' lang='grc' dir='ltr'>μου</span> 
     </span>
    </p>
   </div>
   <div class='ocr_carea' id='block_1_103' title="bbox 535 5137 3880 5239">
    <p class='ocr_par' dir='ltr' id='par_1_103' title="bbox 535 5137 3880 5239">
     <span class='ocr_line' id='line_1_103' title="bbox 535 5137 3880 5239; baseline -0 -20"><span class='ocrx_word' id='word_1_802' title='bbox 535 5180 721 5235; x_wconf 90' lang='lat' dir='ltr'>supra</span> <span class='ocrx_word' id='word_1_803' title='bbox 773 5163 967 5220; x_wconf 89' lang='lat' dir='ltr'>adscr.</span> <span class='ocrx_word' id='word_1_804' title='bbox 1019 5162 1139 5218; x_wconf 88' lang='lat' dir='ltr'>alia</span> <span class='ocrx_word' id='word_1_805' title='bbox 1167 5178 1250 5217; x_wconf 93' lang='lat' dir='ltr'>m.</span> <span class='ocrx_word' id='word_1_806' title='bbox 1300 5192 1369 5203; x_wconf 89' lang='lat'><strong><em>—</em></strong></span> <span class='ocrx_word' id='word_1_807' title='bbox 1422 5162 1466 5233; x_wconf 78' lang='lat'>6)</span> <span class='ocrx_word' id='word_1_808' title='bbox 1526 5137 1660 5219; x_wconf 67' lang='grc' dir='ltr'>ὠά.</span> <span class='ocrx_word' id='word_1_809' title='bbox 1694 5164 1967 5234; x_wconf 76' lang='grc' dir='ltr'>εὔχεσθαι,</span> <span class='ocrx_word' id='word_1_810' title='bbox 2001 5183 2022 5215; x_wconf 90' lang='grc' dir='ltr'>ε</span> <span class='ocrx_word' id='word_1_811' title='bbox 2052 5180 2236 5237; x_wconf 88' lang='lat' dir='ltr'>supra</span> <span class='ocrx_word' id='word_1_812' title='bbox 2280 5165 2481 5223; x_wconf 83' lang='lat' dir='ltr'>adscr.</span> <span class='ocrx_word' id='word_1_813' title='bbox 2531 5166 2667 5222; x_wconf 90' lang='lat' dir='ltr'>ead.</span> <span class='ocrx_word' id='word_1_814' title='bbox 2697 5182 2779 5222; x_wconf 92' lang='lat' dir='ltr'>m.</span> <span class='ocrx_word' id='word_1_815' title='bbox 2830 5196 2901 5209; x_wconf 90' lang='lat'>-—</span> <span class='ocrx_word' id='word_1_816' title='bbox 2954 5167 3003 5239; x_wconf 84' lang='grc'>⁷)</span> <span class='ocrx_word' id='word_1_817' title='bbox 3035 5166 3222 5239; x_wconf 91' lang='lat' dir='ltr'>Coni.,</span> <span class='ocrx_word' id='word_1_818' title='bbox 3279 5169 3418 5224; x_wconf 90' lang='lat' dir='ltr'>cod.</span> <span class='ocrx_word' id='word_1_819' title='bbox 3453 5168 3577 5220; x_wconf 84' lang='grc' dir='ltr'>αῦτε</span> <span class='ocrx_word' id='word_1_820' title='bbox 3625 5162 3713 5221; x_wconf 86' lang='lat' dir='ltr'>vel</span> <span class='ocrx_word' id='word_1_821' title='bbox 3759 5161 3880 5213; x_wconf 73' lang='grc' dir='ltr'>οὔτε.</span> 
     </span>
    </p>
   </div>
   <div class='ocr_carea' id='block_1_104' title="bbox 2424 5397 2444 5680">
    <p class='ocr_par' dir='ltr' id='par_1_104' title="bbox 2424 5397 2444 5680">
     <span class='ocr_line' id='line_1_104' title="bbox 2424 5397 2444 5680; baseline 0 0"><span class='ocrx_word' id='word_1_822' title='bbox 2424 5397 2444 5680; x_wconf 67' lang='grc' dir='ltr'>Ξ</span> 
     </span>
    </p>
   </div>
   <div class='ocr_carea' id='block_1_105' title="bbox 2105 5271 2356 5328">
    <p class='ocr_par' dir='ltr' id='par_1_105' title="bbox 2105 5271 2356 5328">
     <span class='ocr_line' id='line_1_105' title="bbox 2105 5271 2356 5328; baseline 0.004 -1"><span class='ocrx_word' id='word_1_823' title='bbox 2105 5271 2356 5328; x_wconf 78' lang='lat' dir='ltr'>NOTAE.</span> 
     </span>
    </p>
   </div>
   <div class='ocr_carea' id='block_1_106' title="bbox 605 5394 2896 5464">
    <p class='ocr_par' dir='ltr' id='par_1_106' title="bbox 605 5394 2896 5464">
     <span class='ocr_line' id='line_1_106' title="bbox 605 5394 2896 5464; baseline 0 -13"><span class='ocrx_word' id='word_1_824' title='bbox 605 5396 683 5464; x_wconf 81' lang='lat' dir='ltr'>(l)</span> <span class='ocrx_word' id='word_1_825' title='bbox 717 5394 798 5452; x_wconf 86' lang='lat' dir='ltr'>Cf.</span> <span class='ocrx_word' id='word_1_826' title='bbox 833 5397 1001 5451; x_wconf 85' lang='lat' dir='ltr'>Rom.</span> <span class='ocrx_word' id='word_1_827' title='bbox 1030 5395 1123 5460; x_wconf 88' lang='lat' dir='ltr'>VI,</span> <span class='ocrx_word' id='word_1_828' title='bbox 1161 5397 1245 5451; x_wconf 83' lang='lat' dir='ltr'>l9.</span> <span class='ocrx_word' id='word_1_829' title='bbox 2366 5397 2443 5464; x_wconf 90' lang='lat'>(6)</span> <span class='ocrx_word' id='word_1_830' title='bbox 2474 5397 2670 5454; x_wconf 80' lang='lat' dir='ltr'>Matth.</span> <span class='ocrx_word' id='word_1_831' title='bbox 2692 5398 2780 5463; x_wconf 85' lang='lat' dir='ltr'>Vl,</span> <span class='ocrx_word' id='word_1_832' title='bbox 2803 5397 2896 5454; x_wconf 79' lang='grc'><strong>24.</strong></span> 
     </span>
    </p>
   </div>
   <div class='ocr_carea' id='block_1_107' title="bbox 627 5466 2825 5540">
    <p class='ocr_par' dir='ltr' id='par_1_107' title="bbox 627 5466 2825 5540">
     <span class='ocr_line' id='line_1_107' title="bbox 627 5466 2825 5540; baseline 0.001 -19"><span class='ocrx_word' id='word_1_833' title='bbox 627 5466 682 5540; x_wconf 90' lang='lat'>2)</span> <span class='ocrx_word' id='word_1_834' title='bbox 711 5466 927 5540; x_wconf 74' lang='lat' dir='ltr'>Psalm.</span> <span class='ocrx_word' id='word_1_835' title='bbox 959 5466 1189 5540; x_wconf 70' lang='lat' dir='ltr'>CXVIII,</span> <span class='ocrx_word' id='word_1_836' title='bbox 1218 5469 1304 5522; x_wconf 74' lang='grc' dir='ltr'>ιε.</span> <span class='ocrx_word' id='word_1_837' title='bbox 2365 5466 2442 5540; x_wconf 84' lang='lat'>(7)</span> <span class='ocrx_word' id='word_1_838' title='bbox 2477 5470 2622 5540; x_wconf 89' lang='lat' dir='ltr'>Eph.</span> <span class='ocrx_word' id='word_1_839' title='bbox 2651 5471 2713 5535; x_wconf 90' lang='lat' dir='ltr'>v,</span> <span class='ocrx_word' id='word_1_840' title='bbox 2737 5474 2825 5525; x_wconf 84' lang='lat'>27.</span> 
     </span>
    </p>
   </div>
   <div class='ocr_carea' id='block_1_108' title="bbox 626 5534 2846 5606">
    <p class='ocr_par' dir='ltr' id='par_1_108' title="bbox 626 5534 2846 5606">
     <span class='ocr_line' id='line_1_108' title="bbox 626 5534 2846 5606; baseline 0.001 -13"><span class='ocrx_word' id='word_1_841' title='bbox 626 5534 682 5606; x_wconf 86' lang='lat'>3)</span> <span class='ocrx_word' id='word_1_842' title='bbox 717 5538 762 5591; x_wconf 81' lang='grc' dir='ltr'>η</span> <span class='ocrx_word' id='word_1_843' title='bbox 795 5539 923 5593; x_wconf 91' lang='lat' dir='ltr'>Cor.</span> <span class='ocrx_word' id='word_1_844' title='bbox 962 5534 1164 5606; x_wconf 54' lang='lat' dir='ltr'>vnn.</span> <span class='ocrx_word' id='word_1_845' title='bbox 2363 5534 2444 5606; x_wconf 89' lang='lat'>(8)</span> <span class='ocrx_word' id='word_1_846' title='bbox 2471 5534 2601 5595; x_wconf 75' lang='lat' dir='ltr'>Joh.</span> <span class='ocrx_word' id='word_1_847' title='bbox 2633 5534 2766 5606; x_wconf 73' lang='lat' dir='ltr'>xiv,</span> <span class='ocrx_word' id='word_1_848' title='bbox 2792 5545 2846 5596; x_wconf 85' lang='lat' dir='ltr'>e.</span> 
     </span>
    </p>
   </div>
   <div class='ocr_carea' id='block_1_109' title="bbox 625 5608 2992 5677">
    <p class='ocr_par' dir='ltr' id='par_1_109' title="bbox 625 5608 2992 5677">
     <span class='ocr_line' id='line_1_109' title="bbox 625 5608 2992 5677; baseline 0.002 -13"><span class='ocrx_word' id='word_1_849' title='bbox 625 5608 680 5677; x_wconf 74' lang='grc'>4)</span> <span class='ocrx_word' id='word_1_850' title='bbox 714 5615 759 5662; x_wconf 89' lang='lat' dir='ltr'><strong>II</strong></span> <span class='ocrx_word' id='word_1_851' title='bbox 792 5611 922 5664; x_wconf 89' lang='lat' dir='ltr'>Cor.</span> <span class='ocrx_word' id='word_1_852' title='bbox 952 5608 1042 5674; x_wconf 89' lang='lat' dir='ltr'>Vl,</span> <span class='ocrx_word' id='word_1_853' title='bbox 1077 5609 1165 5662; x_wconf 82' lang='grc'>16.</span> <span class='ocrx_word' id='word_1_854' title='bbox 2364 5608 2444 5677; x_wconf 86' lang='grc'>(9)</span> <span class='ocrx_word' id='word_1_855' title='bbox 2466 5612 2681 5667; x_wconf 83' lang='lat' dir='ltr'>Jerem.</span> <span class='ocrx_word' id='word_1_856' title='bbox 2708 5612 2879 5677; x_wconf 86' lang='lat' dir='ltr'>XXXI,</span> <span class='ocrx_word' id='word_1_857' title='bbox 2904 5615 2992 5668; x_wconf 87' lang='lat'>33.</span> 
     </span>
    </p>
   </div>
   <div class='ocr_carea' id='block_1_110' title="bbox 622 5614 3206 5761">
    <p class='ocr_par' dir='ltr' id='par_1_110' title="bbox 622 5614 3206 5761">
     <span class='ocr_line' id='line_1_110' title="bbox 625 5614 2992 5682; baseline 0.002 -18"><span class='ocrx_word' id='word_1_858' title='bbox 625 5614 659 5664; x_wconf 71' lang='grc'>4</span> <span class='ocrx_word' id='word_1_859' title='bbox 714 5615 759 5662; x_wconf 88' lang='lat' dir='ltr'>n</span> <span class='ocrx_word' id='word_1_860' title='bbox 792 5614 922 5664; x_wconf 89' lang='lat' dir='ltr'>Cor.</span> <span class='ocrx_word' id='word_1_861' title='bbox 954 5614 1042 5674; x_wconf 76' lang='grc' dir='ltr'>γι,</span> <span class='ocrx_word' id='word_1_862' title='bbox 1077 5614 1165 5662; x_wconf 76' lang='grc' dir='ltr'>ιδ.</span> <span class='ocrx_word' id='word_1_863' title='bbox 2364 5614 2444 5682; x_wconf 85' lang='lat'>(9)</span> <span class='ocrx_word' id='word_1_864' title='bbox 2466 5614 2681 5667; x_wconf 83' lang='lat' dir='ltr'>Jerem.</span> <span class='ocrx_word' id='word_1_865' title='bbox 2708 5614 2879 5677; x_wconf 84' lang='lat' dir='ltr'>XXXI,</span> <span class='ocrx_word' id='word_1_866' title='bbox 2904 5615 2992 5668; x_wconf 86' lang='lat'>33.</span> 
     </span>
     <span class='ocr_line' id='line_1_111' title="bbox 622 5614 3206 5761; baseline 0.002 -25"><span class='ocrx_word' id='word_1_867' title='bbox 622 5614 680 5757; x_wconf 72' lang='lat'>5)</span> <span class='ocrx_word' id='word_1_868' title='bbox 712 5680 757 5737; x_wconf 89' lang='lat' dir='ltr'>ll</span> <span class='ocrx_word' id='word_1_869' title='bbox 781 5679 929 5736; x_wconf 89' lang='lat' dir='ltr'>Petr.</span> <span class='ocrx_word' id='word_1_870' title='bbox 960 5678 1026 5749; x_wconf 90' lang='lat' dir='ltr'>ll,</span> <span class='ocrx_word' id='word_1_871' title='bbox 1062 5680 1147 5735; x_wconf 82' lang='lat'>19.</span> <span class='ocrx_word' id='word_1_872' title='bbox 2360 5682 2525 5761; x_wconf 66' lang='lat'>(10)]</span> <span class='ocrx_word' id='word_1_873' title='bbox 2556 5685 2676 5741; x_wconf 85' lang='lat' dir='ltr'>Pet.</span> <span class='ocrx_word' id='word_1_874' title='bbox 2699 5683 2768 5752; x_wconf 90' lang='lat' dir='ltr'>Il,</span> <span class='ocrx_word' id='word_1_875' title='bbox 2800 5687 2853 5740; x_wconf 84' lang='lat'>9.</span> <span class='ocrx_word' id='word_1_876' title='bbox 2887 5683 2991 5741; x_wconf 90' lang='lat' dir='ltr'>Tit.</span> <span class='ocrx_word' id='word_1_877' title='bbox 3018 5682 3087 5750; x_wconf 88' lang='lat' dir='ltr'>Il,</span> <span class='ocrx_word' id='word_1_878' title='bbox 3122 5684 3206 5740; x_wconf 76' lang='grc'>14.</span> 
     </span>
    </p>
   </div>
   <div class='ocr_carea' id='block_1_111' title="bbox 470 5820 537 5879">
    <p class='ocr_par' dir='ltr' id='par_1_111' title="bbox 470 5820 537 5879">
     <span class='ocr_line' id='line_1_112' title="bbox 470 5820 537 5879; baseline 0 0"><span class='ocrx_word' id='word_1_879' title='bbox 470 5820 537 5879; x_wconf 41' lang='lat' dir='ltr'>&quot;ﬂ.</span> 
     </span>
    </p>
   </div>
  </div>
