4086 6194
207 330 318 392 417

1689 329 2092 390 EPISTOLAE.

3466 347 3574 407 418

198 456 468 531 εὐδαίμων
499 457 532 516 ἠ
561 459 776 516 τοιαύτη
830 453 1010 530 ψυχή,
1047 455 1159 518 ἣτις
1208 459 1500 516 ἡττηθείσα
1555 467 1627 529 τῷ
1658 478 1802 512 πνευ-

1928 459 2053 514 duit
2067 474 2157 515 me
2173 459 2526 517 vestimentis
2543 463 2754 519 salutis
2769 469 2823 522 et
2836 466 3184 526 indumento
3198 470 3456 530 iustitiae
3467 474 3581 530 cir-

194 555 401 619 ματικῷ
482 549 656 621 ἔρωτι,
725 545 880 610 ἀξίως
945 545 1232 620 ίνυμφεύθη
1286 554 1360 618 τῷ
1420 549 1516 618 θεῷ
1562 548 1602 612 1)
1653 547 1809 620 λόγω.

190 636 372 708 λαγέτω
412 655 582 688 τοίνυν
629 631 813 702 αύτή,’
834 635 1030 708 λεγέω·
1091 635 1515 708 ἀγαλλιάσθω
1554 638 1584 696 ἡ
1635 623 1808 708 ψυχή

195 745 314 798 μου
354 724 458 778 ἐπὶ
517 732 600 776 τῶ
638 729 881 800 κυρίῳο
931 721 1199 778 ἐνέδυσε
1236 728 1356 798 γάρ
1419 746 1492 798 με
1551 725 1811 799 ἱμάτιον

199 818 548 889 σωτηρίου,
579 819 688 866 καὶ
727 833 978 886 χιτωνα
1016 814 1423 890 εὐφροσύνης
1461 819 1813 888 περιέθηκέ

193 923 323 977 μοι,
356 906 433 964 ὡς
468 907 720 976 νυμφίῳ
749 902 985 978 μίτραν
1007 905 1076 976 ²),
1107 909 1214 957 καὶ
1253 907 1327 965 ὡς
1353 908 1604 978 νύμφην
1636 925 1811 958 κατε-

195 996 488 1066 κόσμησε
525 1011 598 1064 με
634 995 875 1065 κόσμῳ.
906 997 1104 1055 ταύτης
1123 995 1223 1066 γὰρ
1252 997 1310 1046 τό
1340 993 1526 1057 κάλλος
1555 996 1811 1068 ἐπιθυμή-

203 1101 294 1142 σας
321 1083 344 1133 6
375 1080 632 1152 βασιλεὺς
655 1088 751 1142 τῆς
783 1076 940 1144 δόξης
978 1081 1300 1144 κατηξίωσεν
1332 1082 1494 1141 αὐτὴν
1542 1088 1812 1156 χρηματί-

206 1173 383 1234 ζεσθαι
411 1171 468 1222 ού
497 1175 655 1243 μόνον
676 1172 797 1222 ναόν
826 1172 963 1236 θεοῦ,
995 1170 1123 1223 ἀλλὰ
1144 1170 1234 1222 καί
1262 1173 1526 1244 θυγατέρα
1554 1171 1809 1244 βασιλέως

201 1264 289 1311 καὶ
316 1256 609 1331 βασιλίδαο
643 1263 762 1312 ναόν
794 1261 884 1331 μεν
919 1261 1035 1312 θεοῦ
1065 1261 1132 1322 ὡς
1173 1259 1529 1313 οἰκειωθεῖσαν
1562 1270 1632 1332 τῷ
1676 1261 1809 1334 ἁγίῳ

195 1352 449 1420 πνεύματι
472 1369 484 1381 ·
514 1351 780 1422 θυγατέρα
805 1345 864 1402 δε
896 1347 1160 1421 βασιλέως
1184 1369 1456 1408 τεκνοποιη
1467 1351 1642 1402 θεῖσαν
1666 1353 1811 1423 παρά

192 1445 282 1490 τοῦ
311 1441 511 1512 πατρὸς
540 1445 639 1490 τῶν
671 1442 848 1511 φώτων
878 1454 892 1467 ·
921 1441 1011 1490 καὶ
1056 1433 1319 1510 βασιλίδα
1358 1440 1425 1500 ὡς
1460 1441 1807 1511 συναφθεῖσαν

188 1535 248 1599 τῇ
287 1529 467 1585 θεόητι
508 1535 599 1587 τῆς
631 1523 793 1590 δόξης
836 1534 927 1579 τοῦ
959 1533 1280 1600 μονογενοῦς.
1326 1529 1438 1580 κοθ’
1480 1529 1533 1580 ὃν
1561 1529 1662 1603 γὰρ
1692 1531 1808 1602 τρό-

186 1635 281 1668 πον
316 1618 343 1668 6
373 1620 580 1688 κύριος,
624 1617 690 1676 εἷς
729 1619 795 1667 ὤν
845 1615 963 1668 κατ’
996 1615 1204 1682 οὐσίαν,
1249 1616 1583 1689 πολυώνυμος
1630 1621 1808 1688 γέγονε

183 1708 327 1758 κατὰ
387 1705 728 1778 τροπολογίαν
791 1705 952 1758 ἕνεκεν
1015 1712 1108 1768 τῆς
1167 1704 1467 1777 οἰκονομίας
1543 1711 1807 1778 σωτηρίας

1928 547 2224 604 cumdedit
2252 564 2360 613 me.
2385 551 2558 620 quasi
2593 567 2874 621 sponsum
2905 555 3250 616 decoratum
3281 576 3499 620 corona
3532 567 3587 621 et

1922 638 2096 706 quasi
2131 653 2410 706 sponsam
2450 647 2732 698 ornatam
2760 644 3071 703 monilibus
3105 650 3232 705 suis
3266 650 3366 722 (t).
3401 651 3587 708 Huius

1921 726 2084 782 enim
2107 725 2613 798 pulchritudinem
2643 735 3074 804 concupiscens
3100 752 3201 793 rex
3236 737 3460 809 gloriae
3493 741 3584 797 di-

1921 823 2139 884 gnatus
2161 821 2398 873 esteam
2413 833 2762 890 nuncupare
2794 837 2915 877 non
2933 823 3125 881 solum
3142 828 3434 898 templum
3455 829 3578 896 Dei,

1922 903 2026 958 sed
2057 909 2112 959 et
2146 903 2329 961 ﬁliam
2360 907 2516 976 regis
2559 912 2614 964 et
2653 909 2925 979 reginam
2958 929 2970 967 :
3012 915 3300 986 templum
3331 917 3581 990 quidem

1923 991 2021 1048 Dei
2041 997 2104 1047 ut
2120 993 2297 1066 204
2311 995 2642 1052 habitatam
2658 1012 2694 1052 a
2708 998 2925 1070 Spiritu
2941 1003 3362 1068 sancto,ﬁliam
3379 1013 3581 1065 autem

1919 1082 2076 1151 regis
2111 1089 2170 1138 ut
2210 1083 2560 1155 adoptatam
2592 1092 2811 1159 apatre
2836 1087 3219 1155 luminum,et
3234 1093 3504 1165 reginam
3519 1102 3584 1154 ut

1919 1175 2186 1242 aptatam
2227 1171 2530 1229 divinitati
2557 1174 2780 1244 gloriae
2796 1177 3110 1247 Unigeniti.
3127 1179 3212 1235 Ad
3226 1196 3406 1252 quem
3421 1185 3580 1240 enim

1921 1261 2170 1316 modum
2205 1262 2514 1329 Dominus,
2540 1265 2642 1335 qui
2665 1269 2753 1320 est
2777 1282 2930 1321 unus
2948 1269 3283 1325 secundum
3302 1271 3582 1330 substan-

1918 1349 2084 1415 tiam,
2130 1351 2318 1407 multa
2359 1353 2607 1409 nomina
2646 1354 2876 1427 accepit
2916 1357 3138 1427 tropice
3175 1365 3417 1432 propter
3455 1361 3583 1417 dis-

1919 1440 2332 1510 pensationem
2389 1441 2596 1498 salutis
2633 1442 2948 1500 hominum
2991 1446 3020 1502 7
3061 1447 3376 1512 Quomodo
3417 1454 3584 1520 petra

1917 1527 2253 1600 appellatur
2293 1536 2347 1584 et
2385 1531 2606 1586 ostium
2646 1531 2676 1588 ?
2714 1533 3025 1603 quomodo
3068 1535 3294 1592 securis
3335 1543 3391 1594 et
3425 1538 3524 1595 via
3554 1537 3582 1594 ?

1917 1620 1975 1672 et
2001 1617 2213 1673 iterum
2253 1617 2389 1673 vitis
2429 1624 2485 1674 et
2523 1619 2700 1691 panis
2743 1619 2771 1674 ?
2810 1621 2981 1678 Petra
3010 1623 3256 1695 quidem
3288 1625 3366 1682 ob
3395 1627 3582 1684 robur

1917 1705 2042 1760 eius
2083 1706 2511 1763 inconcussum
2563 1712 2622 1764 et
2660 1710 3101 1768 inaccessibile.
3150 1713 3375 1770 Ostium
3418 1731 3576 1783 vero,

183 1803 285 1846 τῶν
338 1793 623 1867 ἀνθρώπων
675 1795 768 1865 (πῆ
810 1797 900 1866 μὲν
952 1799 1118 1867 πέτρα
1173 1797 1483 1867 ὀνομασθείς
1523 1798 1609 1847 καὶ
1649 1797 1800 1868 θύρα,

1916 1795 2197 1868 quiaipse
2211 1796 2587 1852 estintroitus
2603 1802 2879 1855 aeternae
2899 1800 3074 1858 vitae.
3100 1802 3332 1858 Securis
3354 1809 3576 1871 autem,

181 1891 254 1942 πῆ
293 1879 354 1936 δε
385 1881 544 1954 ἀφίνη
595 1888 685 1936 καὶ
717 1880 861 1950 ὁδός,
910 1887 1000 1936 καὶ
1045 1879 1193 1944 αὖθις
1241 1883 1470 1954 ἄμπελος
1499 1889 1588 1936 καὶ
1627 1884 1803 1956 ἄρτος,

180 1976 354 2044 πέτρα
381 1975 475 2045 μὲν
530 1968 705 2025 διὰτὸ
737 1971 784 2024 ἓν
818 1980 879 2045 τῇ
922 1971 1074 2045 ῥώμη
1121 1973 1282 2024 αὐτοῦ
1324 1973 1569 2026 ἄσειστόν
1620 1992 1673 2025 τε
1716 1975 1806 2025 καὶ

182 2061 481 2134 ἀπρόσιτον
511 2075 526 2088 ⁸
563 2063 696 2136 θύρα
744 2057 802 2114 δε
834 2057 929 2114 διὰ
979 2063 1038 2114 τό
1069 2060 1221 2115 αὐτὸν
1269 2058 1401 2114 εἶναι
1452 2057 1657 2115 εἴσοδον
1709 2070 1806 2124 τῆς

178 2151 400 2204 αἰωνίου
435 2150 577 2213 ζωῆς
607 2165 622 2179 ⁸
656 2149 805 2213 ἀξίνη
855 2147 914 2203 δε
956 2146 1050 2202 διὰ
1089 2153 1148 2204 τό
1200 2148 1464 2203 ἐκκόπτειν
1510 2150 1662 2204 αὐτόν
1711 2153 1804 2214 τὰς

175 2249 274 2304 τῆς
322 2245 517 2301 κακίας
564 2239 720 2314 ῥίζας
747 2257 758 2270 ·
787 2245 878 2292 καὶ
925 2236 1047 2301 ὁδός
1079 2235 1173 2293 διὰ
1218 2244 1276 2292 τό
1329 2241 1469 2312 ἄγειν
1502 2239 1656 2292 αὐτόν
1687 2244 1803 2301 τοὺς

177 2329 362 2393 ἀξίους
392 2333 477 2382 ἰπὶ
518 2334 612 2388 τήν
655 2338 751 2392 τῆς
783 2329 1036 2392 ἀληθείας
1062 2331 1342 2402 ἐπίγνωσιν
1368 2349 1381 2362 ·
1416 2334 1506 2382 καὶ
1551 2329 1797 2402 ἄμπελος,

175 2421 258 2472 ὃτι
318 2417 370 2480 ἐξ
441 2418 600 2472 αὐτοῦ
655 2420 680 2471 6
734 2418 1017 2492 εὐφραίνων
1068 2415 1294 2494 καρδίαν
1344 2417 1618 2491 ἀνθρώπου
1671 2416 1801 2480 οἶνος

172 2515 634 2583 καρποφορεῖται’
669 2508 860 2581 ὁμοίως
913 2504 972 2560 δὲ
1027 2512 1115 2560 καὶ
1167 2509 1346 2580 ἄρτος,
1399 2510 1480 2560 ὅτι
1536 2508 1800 2581 στηρίζων

170 2593 411 2671 καρδίαν
452 2596 664 2668 λογικοῦ
717 2597 886 2668 ζὼου)
913 2616 926 2629 ⁶
962 2600 1049 2649 τόν
1095 2597 1252 2649 αύτόν
1285 2602 1476 2671 τρόπον
1525 2602 1614 2650 καὶ
1648 2599 1677 2656 ἡ
1723 2597 1798 2650 οἰ-

171 2688 468 2739 κειωθείσα
512 2694 584 2756 τῷ
624 2687 722 2756 θεῷ
773 2687 815 2757 ³)
859 2685 996 2757 λόγῳ
1027 2687 1239 2758 ἄμωμος
1286 2685 1441 2758 ψυχὴ
1484 2691 1802 2761 μονότροπος

172 2777 539 2848 τυγχάνουσα
565 2777 702 2827 κατὰ
750 2774 936 2837 πολλὰς
982 2778 1253 2848 προκοπὰς
1296 2783 1395 2827 τῶν
1439 2784 1800 2848 πνευματικῶν

173 2865 378 2938 ἐφετῶν
417 2869 505 2916 καὶ
538 2869 632 2916 τᾶν
693 2859 899 2939 δωρεῶν
951 2862 1320 2927 ἀξιωθήσεται.
1369 2862 1572 2938 εἴρηται
1624 2861 1683 2917 δέ
1710 2884 1801 2937 μοι

171 2963 357 3008 ταῦτα
413 2954 576 3007 ἕνεκεν
641 2960 734 3006 τοῦ
784 2954 828 3025 ⁸)
885 2953 946 3005 ού
1000 2957 1154 3026 μόνον
1210 2961 1374 3026 τριχῆ
1428 2955 1661 3006 νοεῖσθαι
1714 2956 1800 3006 τὸν

168 3046 570 3120 χρηματισμόν
606 3051 701 3106 τῆς
748 3044 972 3114 νύμφης,
1027 3041 1157 3096 ἀλλὰ
1214 3047 1304 3095 καὶ
1355 3041 1654 3114 πολλαχῶς.
1711 3046 1802 3112 γί-

1915 1885 2060 1957 quia
2086 1885 2377 1941 exscindit
2401 1886 2635 1942 radices
2658 1887 2988 1958 pravitatis.
3023 1892 3084 1946 Et
3110 1890 3229 1957 via,
3252 1891 3397 1964 quia
3414 1891 3580 1950 ducit

1915 1971 2132 2042 dignos
2163 1973 2239 2029 ad
2277 1974 2536 2030 veritatis
2565 1975 2997 2045 cognitionem.
3034 1976 3099 2033 Et
3121 1977 3282 2046 vitis,
3309 1980 3475 2052 quod
3505 1997 3580 2038 ex

1913 2060 2046 2132 ipso
2065 2061 2406 2118 exhilarans
2435 2078 2538 2118 cor
2561 2063 2822 2120 hominis
2849 2065 3050 2121 vinum
3077 2068 3368 2140 carpitur.
3401 2069 3572 2126 Simi-

1913 2148 2042 2205 liter
2056 2165 2191 2206 vero
2204 2151 2386 2207 etiam
2399 2152 2804 2223 panis,utpote
2818 2153 3186 2211 conﬁrmans
3198 2172 3301 2212 cor
3312 2158 3572 2215 rationa-

1911 2238 2046 2294 bilis
2077 2239 2374 2296 animalis.
2391 2243 2451 2296 In
2468 2241 2722 2297 eandem
2735 2241 3030 2299 rationem
3043 2244 3221 2302 etiam
3237 2245 3576 2306 inhabitata

1911 2343 1948 2384 a
1971 2330 2088 2384 Deo
2121 2329 2304 2385 verbo
2327 2329 2715 2387 immaculata
2740 2330 2963 2398 anima,
2994 2332 3246 2405 simplex
3278 2334 3455 2403 facta,
3486 2351 3577 2393 se-

1912 2416 2179 2473 cundum
2214 2416 2430 2474 multos
2459 2418 2759 2490 profectus
2801 2420 3210 2492 spiritualibus
3259 2424 3576 2481 virtutibus

1910 2505 2211 2578 donisque
2241 2505 2606 2576 dignabitur.
2645 2507 2804 2564 Dicta
2835 2512 3035 2566 autem
3066 2509 3374 2569 sunthaec
3394 2528 3430 2570 a
3453 2529 3574 2584 me,

1909 2600 1974 2651 ut
2004 2610 2127 2651 non
2167 2595 2363 2651 solum
2403 2594 2706 2667 tripliciter
2747 2597 3110 2668 intelligatur
3146 2602 3460 2658 oraculum
3501 2602 3578 2659 de

1911 2699 2154 2755 sponsa,
2181 2684 2286 2739 sed
2299 2684 2900 2756 etiam;multifariam.
2917 2686 3222 2757 Cognosce
3236 2705 3397 2760 vero,
3410 2689 3574 2747 hunc

1911 2788 2042 2828 esse
2057 2773 2363 2844 planctum
2377 2773 2434 2829 in
2450 2779 2775 2846 conspectu
2789 2776 3190 2842 nostri,donec
3207 2778 3577 2837 introeamus

1910 2861 1991 2917 ad
2015 2863 2210 2918 altare
2235 2862 2362 2927 Dei,
2382 2861 2640 2918 adDeum
2656 2863 2760 2934 qui
2791 2864 3073 2933 laetiﬁcat
3085 2865 3448 2925 iuventutem
3462 2884 3570 2926 no-

1911 2957 2095 3006 stram
2112 2951 2213 3020 (2).
2233 2950 2360 3007 Vult
2373 2950 2533 3006 enim
2551 2950 2840 3021 Salvator,
2856 2953 3036 3010 etiam
3052 2969 3185 3021 nos,
3201 2957 3307 3027 qui
3320 2957 3381 3012 in
3394 2972 3576 3016 carne

1913 3039 2518 3110 sumus,suaapathia
2543 3039 2759 3110 dignos
2789 3041 3329 3116 reddiimplerique
3348 3046 3570 3102 sancti-

167 3152 353 3186 νωσκε
402 3128 483 3198 δέ,
517 3131 594 3184 ὁτι
627 3139 780 3185 τοῦτο
810 3137 974 3194 κόπος
1017 3133 1062 3203 ³)
1095 3131 1242 3185 ἐστὶν
1277 3131 1492 3184 ἐνώπιον
1543 3132 1688 3202 ἡμῶν
1719 3131 1791 3202 6).

1914 3135 2053 3197 tate,
2071 3135 2133 3184 ut
2167 3128 2947 3191 conﬁdenterdicamuszln
2985 3147 3166 3189 carne
3183 3133 3564 3192 ambulantes

169 3225 262 3285 ἕως
305 3221 366 3274 οὗ
394 3221 703 3293 εἰσέλθωμεν
733 3223 778 3291 ⁷)
813 3221 880 3282 είς
910 3223 977 3273 τό
1010 3220 1467 3294 ἁγιαστήριον
1503 3227 1614 3273 τοῦ
1656 3222 1802 3272 θεοῦ

169 3315 342 3387 πρὸς
373 3314 480 3363 τὸν
525 3312 663 3363 θεὸν
696 3309 1131 3384 εὐφραίνοντα
1158 3315 1274 3369 τὴν
1303 3313 1578 3367 νεότητα
1606 3311 1798 3382 ἡμῶν,

171 3399 438 3473 βούλεται
482 3402 586 3474 γὰρ
635 3401 770 3472 ἡμᾶς
810 3401 836 3452 6
867 3404 1040 3473 σωτὴρ
1095 3398 1143 3452 ἓν
1176 3404 1335 3474 σαρκὶ
1385 3403 1536 3461 ὄντας
1586 3403 1676 3451 καὶ
1707 3407 1801 3460 τῆς

170 3493 445 3552 ἀπαθείας
521 3488 682 3541 αὐτοῦ
747 3489 1158 3555 καταξιωθῆναι,
1219 3493 1304 3541 καὶ
1381 3496 1471 3541 τοῦ
1533 3487 1801 3560 ἁγιασμοῦ

171 3579 550 3654 πληρωθῆναι,
630 3579 710 3630 ἱνα
787 3579 1094 3654 θαρροῦντες
1151 3578 1410 3650 λέγωμεν·
1467 3582 1525 3630 ἓν
1603 3580 1802 3650 σαρκὶ

173 3673 695 3744 περιπατοῦντες
733 3667 803 3720 ού
837 3670 998 3720 κατὰ
1028 3669 1239 3740 σάρκα
1276 3668 1796 3741 στρατευόμεθα’

173 3761 248 3810 τα
285 3760 422 3832 γὰρ
461 3755 625 3809 ὅπλα
653 3765 764 3818 τῆς
797 3761 1151 3832 στρατείας
1182 3758 1358 3828 ἡμῶν
1389 3754 1457 3808 ού
1493 3756 1799 3830 σαρκικοί,

175 3844 333 3899 ἀλλὰ
377 3842 738 3917 δυνατόιτῷ
770 3848 886 3917 θεῷ
927 3849 1091 3919 πρὸς
1121 3846 1513 3917 καθαίρεσιν
1553 3842 1801 3918 ὀχυρωο

173 3939 434 4007 μάτων’
465 3935 826 4006 λογισμούς
855 3937 1320 4006 καθαιροῦντες
1350 3938 1457 3986 καὶ
1491 3938 1612 3985 πᾶν
1641 3931 1802 4002 ὕψω-

173 4045 258 4097 μα
296 4028 744 4096 ὶπαιρόμενον
783 4025 950 4077 κατὰ
987 4031 1099 4086 τῆς
1137 4028 1437 4095 γνώσεως
1478 4029 1588 4074 τοῦ
1626 4024 1798 4074 θεοῦ.

172 4119 285 4187 χρὴ
321 4118 510 4167 τοίνυν
536 4111 762 4166 ἐντεῦθεν
801 4109 908 4172 ἤδη
938 4112 1283 4187 προσηλῶσαι
1314 4112 1451 4184 ἡμᾶς
1482 4118 1552 4164 τῶ
1591 4116 1802 4184 σταυρῷ

173 4206 238 4256 τὰ
263 4204 423 4260 πάθη
455 4209 550 4263 τῆς
580 4193 840 4276 ἁμαρτίας
868 4204 1004 4255 κατὰ
1041 4205 1135 4261 τὴν
1167 4208 1259 4254 τοῦ
1290 4204 1558 4276 προφήτου
1581 4198 1746 4270 εὐχήν
1781 4215 1794 4227 ·

1912 3235 2031 3274 ηοη
2045 3218 2368 3274 secundum
2397 3232 2632 3274 carnem
2673 3218 3184 3285 militamusmam
3225 3236 3398 3280 arma
3418 3222 3572 3280 mili-

1913 3309 2028 3363 tiae
2057 3313 2296 3362 nostrae
2320 3321 2436 3362 non
2463 3307 2742 3364 ramalia
2772 3309 3040 3373 sunt,sed
3061 3310 3330 3379 potentia
3347 3312 3468 3369 Deo
3492 3311 3575 3370 ad

1910 3396 2364 3452 destructionem
2395 3395 2815 3463 munitionum,
2849 3398 3100 3455 consilia
3129 3400 3500 3458 destruentes
3516 3405 3574 3459 et

1911 3501 2138 3541 omnem
2169 3484 2543 3541 altitudinem
2574 3487 2954 3544 extollentem
2986 3503 3045 3544 se
3075 3488 3361 3546 adversus
3393 3489 3575 3547 scien-

1912 3575 2053 3630 tiam
2072 3574 2180 3630 Dei
2191 3574 2288 3646 (3).
2309 3574 2448 3629 lude
2462 3573 2640 3644 igitur
2651 3576 3013 3646 oportetiam
3031 3577 3273 3648 afﬁgere
3286 3593 3398 3634 nos
3410 3579 3575 3636 cruci

1911 3664 2225 3734 passiones
2245 3663 2471 3734 peccati
2491 3662 2826 3718 secundum
2861 3666 3189 3736 prophetae
3207 3667 3570 3724 orationem:

1913 3751 2151 3822 Conﬁge
2167 3752 2482 3807 timoretuo
2500 3767 2710 3807 carnes
2738 3767 2897 3808 meas
2924 3753 3022 3824 (4).
3041 3757 3188 3810 Nam
3213 3771 3353 3811 caro
3367 3761 3423 3811 et
3439 3771 3574 3812 san-

1911 3856 2063 3910 guis,
2080 3857 2232 3912 quas
2250 3839 2393 3895 dicit
2406 3839 2726 3911 Apostolus
2739 3855 2861 3895 non
2879 3856 3054 3912 posse
3070 3857 3321 3912 regnum
3342 3842 3438 3898 Dei
3453 3859 3575 3900 sor-

1912 3929 2025 3996 tiri,
2057 3946 2176 3985 non
2194 3929 2766 4001 205esthocquod
2799 3931 3163 4002 conspicitur
3192 3947 3428 4004 corpus,
3455 3933 3572 3990 hoc

1913 4021 2251 4076 enimaDeo
2265 4017 2587 4074 formatum
2615 4023 2724 4083 est,
2746 4017 2854 4074 sed
2884 4018 3210 4088 prudentia
3245 4020 3446 4077 carnis
3467 4021 3570 4095 (5),

1911 4125 2068 4181 quae
2098 4111 2371 4163 movetur
2396 4123 2430 4163 a
2456 4105 2761 4178 spiritibus
2783 4107 3102 4180 nequitiae,
3127 4109 3232 4181 qui
3247 4117 3574 4180 operantur

1913 4199 1974 4254 in
2002 4197 2158 4267 ﬁlios
2172 4195 2547 4266 difﬁdentiae
2579 4196 2684 4268 (6).
2724 4195 2952 4252 Etenim
2973 4212 3094 4253 non
3130 4199 3414 4255 adversus
3437 4214 3573 4256 car-

174 4292 568 4352 καθήλωσον
608 4289 670 4343 ἐκ
699 4299 808 4344 τοῦ
840 4290 1047 4364 φόϐου
1083 4309 1194 4344 σου
1225 4291 1338 4352 τὰς
1379 4291 1627 4360 σάρκας
1657 4307 1802 4360 μου.

1914 4302 2044 4344 nem
2067 4291 2120 4342 et
2139 4285 2490 4357 sanguinem
2522 4283 2795 4357 perfectis
2826 4285 2887 4340 in
2918 4285 3149 4343 Christo
3181 4287 3575 4344 certatoribus

177 4382 317 4456 σὰρξ
339 4383 453 4456 γὰρ
480 4385 573 4434 καὶ
602 4381 750 4454 αἷμα,
778 4385 896 4454 περὶ
922 4381 990 4433 ὧν
1012 4379 1150 4452 λέγει
1174 4382 1199 4432 6
1228 4378 1519 4441 ἀπόστολος
1544 4381 1615 4450 μὴ
1647 4374 1802 4431 δύνα-

1914 4381 1995 4433 est
2017 4374 2382 4440 colluctatio,
2409 4374 2512 4431 sed
2545 4373 2829 4430 adversus
2867 4375 3076 4430 mundi
3108 4381 3364 4433 rectores
3406 4383 3568 4435 tene-

175 4473 307 4526 σθαι
364 4469 646 4544 βασιλείαν
695 4473 811 4524 θεοῦ
841 4470 1256 4546 κληρονομῆσαι,
1303 4468 1361 4522 ού
1393 4472 1548 4521 τοῦτό
1599 4465 1712 4520 ἐστι
1743 4469 1800 4519 τό

1919 4465 2162 4522 brarum
2195 4463 2433 4529 harum,
2467 4463 3038 4532 contrasmritualia
3066 4464 3365 4538 nequitiae
3395 4466 3492 4539 (7).

174 4562 448 4634 ὁρώμενον
483 4567 670 4631 σῶμα’
702 4567 856 4613 τοῦτο
882 4562 984 4632 γὰρ
1014 4559 1114 4612 ὑπὸ
1148 4560 1263 4611 θεοῦ
1288 4556 1520 4614 ἐπλάσθη
1546 4576 1558 4589 ο
1607 4555 1736 4608 ἀλλά
1766 4557 1832 4608 τό
1863 4576 1894 4627 φ
1906 4558 2046 4629 ρόνη
2067 4573 2155 4625 μα
2191 4559 2263 4611 τῆ
2285 4571 2306 4613 ς
2347 4555 2545 4625 σαρκό
2564 4572 2585 4614 ς
2620 4555 2677 4604 τό
2723 4553 3021 4625 κινούμενον
3061 4553 3161 4606 ὑπὸ
3187 4561 3290 4607 τῶν
3330 4555 3566 4628 πνευμά-

176 4669 281 4702 των
313 4652 721 4725 τῆςπονηρίας,
772 4657 889 4702 τῶν
928 4647 1370 4724 ἐνεργούντων
1407 4653 1546 4708 τοῖς
1586 4646 1756 4707 υἱοῖς
1793 4651 1908 4706 τῆς
1947 4642 2303 4703 ἀπειθείας.
2343 4640 2409 4693 ού
2443 4642 2544 4715 γὰρ
2576 4643 2732 4714 πρὸς
2774 4641 2935 4714 αἷμα
2971 4646 3082 4694 καὶ
3123 4644 3332 4715 σάρκα
3368 4651 3478 4704 τοῖς
3515 4645 3568 4698 ἂν

184 4745 421 4813 Χριστῷ
476 4737 688 4801 τελείοις
745 4736 1060 4810 ἀγωνισταῖς
1115 4737 1146 4796 ἠ
1206 4735 1405 4801 πάλη,
1461 4733 1617 4787 ἀλλὰ
1669 4735 1830 4808 πρὸς
1880 4735 2034 4792 τοὺς
2091 4731 2638 4803 κοσμοκράτορας
2695 4737 2806 4783 τοῦ
2867 4733 3146 4794 σκότους
3184 4737 3293 4786 τοῦ
3334 4730 3571 4796 αἰῶνος

181 4831 464 4896 τούτου,
503 4829 665 4902 πρὸς
694 4829 772 4882 τὰ
807 4827 1216 4902 πνευματικὰ
1252 4833 1374 4888 τῆς
1411 4827 1754 4896 πονηρίας.

1523 4975 1780 5032 VABIAE
1818 4969 2231 5031 LECTIONES.

265 5107 322 5214 ‘2
357 5103 455 5162 Sic
485 5102 645 5171 cod.,
677 5117 804 5161 non
835 5104 1008 5175 θεῐκῷ.
1036 5134 1106 5145 -
1133 5104 1176 5174 ³)
1207 5101 1456 5159 Emend.
1524 5100 1661 5157 cod.
1717 5105 1940 5173 μῆτραν.
1973 5126 2040 5140 -
2069 5097 2116 5169 ⁸)
2174 5096 2264 5153 Sic
2292 5093 2452 5161 cod.,
2478 5110 2601 5152 non
2649 5092 2824 5178 θιςκῷ.
2857 5126 2922 5137 -
2945 5093 2992 5168 4)
3019 5091 3293 5178 Emend,
3323 5094 3459 5154 cod.
3489 5096 3574 5180 τό·

325 5176 472 5214 ὶςίη
507 5175 618 5214 om!
719 5175 868 5214 ειη-1ο
921 5175 1160 5214 ηνηπήρν
1188 5174 1323 5214 _6\
1354 5145 1494 5214 Ωηιί-
1532 5191 1629 5214 mnu
1684 5171 1788 5214 and
1833 5169 2044 5214 nariam
2091 5185 2171 5214 m_
2213 5183 2397 5214 annm
2443 5167 2637 5214 adscr.
2689 5166 2917 5214 lituram
2967 5168 2998 5214 ἡ
3057 5182 3422 5214 manummm
3468 5184 3574 5214 ριν.

182 5208 255 5219 -
293 5145 1495 5250 63.2313,initiata.«stega.
1525 5145 1661 5250 gn";
1684 5145 2048 5250 .ga'zzaem
2091 5145 2917 5250 θοῖξςῑιρξξτῖιέξν.·ῇξέξεεη
2946 5145 3575 5250 ,ιζέῑέιῑιῑῷᾱιῖξοὶε

183 5237 501 5376 cuniﬂex‘i1
523 5237 794 5318 syllabae
839 5265 941 5321 μου
995 5237 1315 5321 imposuit;
1345 5243 1508 5302 unde
1529 5237 1692 5317 ’ἡμῶν
1721 5241 2048 5314 legendum
2076 5254 2208 5297 esse
2233 5237 2590 5296 eiistimavi.
2621 5269 2691 5279 —
2721 5239 2740 5273 τ
2766 5238 2885 5295 Cod
2917 5237 3147 5307 εἰσέλθω,
3179 5239 3284 5297 sed
3320 5237 3456 5298 ead.
3487 5256 3573 5301 ω.

188 5334 459 5393 supras.
507 5333 622 5376 scr.
655 5336 796 5392 ομεν.

1755 5402 2007 5463 NOTAE.

294 5517 354 5586 1)
378 5514 514 5572 Isai.
549 5509 692 5581 LXI,
725 5516 813 5572 to.
1986 5507 2064 5580 (ὅ)
2104 5506 2274 5563 Rom.
2304 5504 2441 5574 VIII,
2471 5507 2525 5563 ϐ.

294 5587 356 5636 2)
379 5585 600 5636 Psalm-
629 5585 786 5636 XLII.
817 5586 855 5636 ι
1991 5580 2078 5636 (6)
2117 5578 2267 5636 ΕΒΗ.
2298 5577 2368 5636 ΙΙ.
2400 5581 2453 5633 2.

289 5580 342 5644 2'
379 5585 600 5643 Psalm.
629 5580 786 5654 XLII,
817 5586 855 5643 4
1991 5580 2078 5723 ξε)
2117 5580 2267 5650 Eph.
2298 5580 2368 5645 II,
2400 5581 2453 5633 2.

289 5587 433 5802 Sili
459 5657 592 5715 Cor.
623 5659 687 5724 x,
719 5657 772 5714 3.
804 5659 858 5714 4.
887 5656 946 5715 5.
2018 5649 2075 5722 7)
2113 5649 2261 5722 Eph.
2288 5649 2378 5716 Vl,
2407 5651 2493 5710 t2.

289 5731 339 5802 β
391 5727 606 5788 Psalm.
633 5728 861 5801 CXVIII,
901 5729 1028 5786 120.

268 5727 366 5804 μ)
391 5727 606 5788 Psalm.
633 5728 861 5801 CXVIII,
901 5729 1028 5786 uo.

489 5836 735 5896 ΡΑτιιοι..
773 5835 879 5897 Gn.
919 5833 1170 5896 XXXIV.
3237 5829 3305 5913 li
