4058 6194
585 304 693 360 419

1903 297 1958 351 S.
2004 292 2303 351 MACARII
2341 289 2670 349 AEGYPTII
3817 294 3907 351 420

656 427 879 495 Quodsi
901 427 1276 491 conﬁtemur,
1306 440 1426 482 non
1445 423 1783 482 naturalem
1810 438 1938 479 esse
1955 421 2222 495 operatio

2432 420 2491 472 Εἰ
2537 416 2624 471 οὖν
2668 416 3035 490 ὁμολογοῦμεν,
3085 421 3157 489 μὴ
3214 421 3439 489 φυσικὴν
3488 416 3614 471 εἶναι
3661 423 3746 478 τὴν
3796 424 3908 497 ἐνέρ-

583 532 721 573 nem
740 516 1053 584 istam,sed
1076 515 1561 572 adversariarum
1580 511 2242 583 virtutum,poterimus,

580 610 829 678 accepta
866 604 1161 661 adversus
1199 619 1302 659 eas
1341 610 1657 661 armatura
1696 601 1929 665 Christi,
1970 600 2245 656 resistere

578 710 787 751 earum
812 694 1043 749 insidiis
1062 694 1161 766 (t),
1191 693 1453 748 donante
1476 690 1651 747 nobis
1674 696 2027 762 potestatem
2047 688 2243 744 Salva-

578 787 704 839 tore
734 783 1014 840 catcandi
1025 796 1209 851 supra
1238 786 1535 851 serpentes
1565 784 1619 836 et
1642 779 1976 847 scorpiones
1991 786 2041 834 et
2063 792 2243 846 super

568 864 806 929 Omnem
822 874 1099 928 virtutem
1127 869 1452 926 adversarii
1470 870 1584 940 (2);
1613 867 2023 924 utaudeamus
2047 867 2239 922 dicere

577 961 725 1017 dum
758 962 815 1017 in
846 977 1024 1017 carne
1039 977 1249 1016 sumus
1267 975 1278 1013 :
1297 959 1679 1030 Iniquitatem
1692 958 1742 1013 si
1752 958 1957 1029 aspexi
1966 958 2028 1012 in
2042 957 2233 1023 corde,

577 1068 692 1108 non
707 1052 984 1108 exaudiet
1006 1048 1378 1119 Dominus(3)
1396 1067 1407 1114 ;
1425 1053 1501 1103 et:
1514 1048 1655 1104 Sine
1670 1046 1983 1117 iniquitate
1995 1045 2238 1102 cucurri

576 1144 630 1196 et
650 1139 850 1196 direxi
863 1139 961 1209 (4),
980 1139 1038 1193 id
1054 1143 1163 1202 est,
1178 1139 1305 1193 sine
1319 1136 1533 1193 affectu
1546 1136 1817 1209 quodam
1833 1135 2059 1191 carnali
2077 1135 2233 1191 viam

576 1228 848 1283 coelestis
906 1227 1376 1283 conversationis
1429 1225 1599 1281 facile
1626 1225 1948 1295 ingredior.
1969 1225 2050 1281 ad
2066 1224 2235 1281 desti-

574 1322 783 1373 natum
814 1331 1188 1389 persequens,
1230 1315 1310 1372 ad
1341 1315 1609 1370 bravium
1650 1328 1945 1384 supernae
1983 1313 2235 1369 vocatio-

574 1404 667 1459 nis
694 1405 793 1475 (5).
827 1405 914 1459 Ab
940 1405 1102 1460 omni
1126 1404 1283 1458 enim
1308 1402 2234 1459 atfectuabalienatiaudebimus

572 1493 767 1549 dicere
798 1510 808 1547 :
839 1509 958 1548 non
986 1494 1165 1548 modo
1180 1494 1355 1560 ﬁdem
1372 1492 1625 1555 servavi.
1653 1490 1759 1546 sed
1786 1492 1963 1546 etiam
1992 1506 2233 1546 cursum

572 1582 981 1639 consummavi
1000 1582 1307 1654 (6).Neque
1326 1583 1484 1636 enim
1514 1581 1754 1637 credere
1777 1580 1971 1635 solum
2000 1586 2235 1651 oportet

572 1672 818 1736 Christo,
865 1672 968 1726 sed
1009 1672 1188 1726 etiam
1230 1672 1352 1743 pati
1390 1686 1525 1726 cum
1575 1685 1667 1736 eo,
1711 1669 2045 1725 secundum
2086 1668 2232 1723 illud

2356 527 2499 580 γειαν
2557 510 2770 574 ταύτην,
2832 506 2937 558 ἀλλ’
2995 505 3049 559 ἐκ
3102 514 3201 558 τῶν
3251 504 3604 580 ἀντικειμένων
3652 505 3907 582 δυνάμεων,

2358 594 2716 669 δυνησόμεθα,
2766 596 2882 648 κατ’
2942 596 3110 648 αὐτῶν
3170 594 3508 659 ἀναλαϐόντες
3561 602 3650 656 τὴν
3704 606 3908 674 Χριστοῦ

2353 686 2740 752 πανοπλίαν,
2787 685 3097 745 ἀντιστῆναι
3141 692 3284 747 ταῖς
3332 683 3709 759 μεθοδείαις
3748 689 3908 755 αὐτῶν,

2354 770 2683 849 δωρουμένου
2736 776 2861 847 ἡμῖν
2916 771 3138 846 δύναμιν
3178 781 3274 827 τοῦ
3317 781 3544 849 σωτῆρος
3581 779 3705 849 πρὸς
3737 779 3786 828 τὸ
3820 797 3910 828 πιο-

2348 866 2620 936 τεῖνήμᾶς
2676 864 2881 916 ἐπάνω
2929 867 3124 935 ὄφεων
3176 868 3284 917 καὶ
3339 869 3656 938 σκορπίων
3693 870 3791 917 καὶ
3825 868 3911 917 ἐπὶ

2347 958 2555 1005 πᾶσαν
2594 958 2703 1012 τὴν
2746 950 3019 1025 δύναμιν
3060 961 3150 1005 τοῦ
3172 952 3520 1026 ἀντικειμένου
3537 969 3549 984 ⁸
3576 954 3655 1006 ἵνα
3680 954 3909 1029 θαρρῶμεν

2346 1041 2506 1114 λέγειν
2532 1046 2580 1094 ὲν
2608 1048 2765 1119 σαρκὶ
2796 1047 2960 1104 ὄντες·
2987 1039 3255 1096 ἀδικίαν
3286 1043 3337 1095 εἰ
3375 1043 3561 1117 έθεωρ
3578 1063 3677 1097 ουν
3714 1046 3764 1095 ἑν
3790 1063 3910 1115 καρ-

2348 1127 2479 1195 δία,
2528 1137 2610 1204 μὴ
2673 1133 3130 1185 εἰσακουσάτω
3169 1136 3392 1207 κύριος
3421 1148 3433 1162 ⁸
3477 1138 3598 1185 καί·
3632 1135 3765 1185 ἄνευ
3802 1132 3910 1185 ἀνο-

2346 1226 2493 1293 μίας
2532 1219 2812 1295 ἔδραμον
2851 1227 2957 1274 καὶ
2996 1224 3395 1275 κατεύθυνα·
3429 1222 3567 1275 τοῦτ’
3615 1224 3765 1288 ἔστιν,
3810 1224 3908 1273 ἄνευ

2345 1312 2544 1374 πάθους
2563 1316 2702 1374 τινὸς
2730 1319 2983 1384 σαρκικοῦ
3004 1316 3098 1369 τὴν
3121 1310 3168 1363 έν
3194 1311 3432 1384 οὐρανοῖς
3453 1311 3708 1364 πολιτείαν
3741 1308 3911 1385 ῥᾳδίως

2347 1398 2533 1472 βαίνω,
2576 1404 2735 1453 κατὰ
2775 1406 3022 1453 σκοπόν
3084 1397 3333 1452 διώκων
3373 1399 3474 1453 ἐπὶ
3530 1404 3597 1453 τό
3638 1399 3911 1475 βραϐεῖον

2344 1509 2372 1540 τ
2386 1496 2415 1546 ῆ
2438 1510 2458 1551 ς
2495 1491 2564 1541 οἶν
2578 1512 2616 1540 ω
2645 1490 2756 1548 κλή
2777 1510 2893 1543 σεω
2909 1512 2930 1553 ς
2946 1508 2957 1519 ·
2979 1494 3170 1551 παντὸς
3189 1494 3290 1565 γὰρ
3314 1493 3510 1551 πάθους
3530 1489 3911 1565 ἀλλοτριωθέντες

2342 1578 2681 1651 τολμήσωμεν
2709 1579 2899 1651 λέγειν·
2926 1582 2984 1631 ού
3001 1584 3153 1651 μόνον
3182 1584 3294 1639 τὴν
3332 1584 3564 1632 πίστιν
3594 1584 3909 1653 τετήρηκα,

2345 1665 2473 1718 ἀλλά
2512 1673 2599 1719 καὶ
2636 1672 2739 1720 τὸν
2780 1665 3019 1742 δρόμον
3056 1669 3387 1721 τετέλεκα·
3424 1669 3484 1721 ού
3532 1671 3630 1743 γὰρ
3682 1671 3909 1721 πιστεύειν

569 1760 735 1832 quod
767 1760 992 1815 dictum
1026 1766 1141 1815 est:
1166 1760 1496 1817 Vobisenim
1512 1760 1796 1815 donatum
1810 1763 2025 1814 estnon
2039 1758 2225 1813 solum

2342 1761 2493 1827 μόνον
2520 1754 2600 1809 δεῖ
2632 1765 2872 1831 Χριστῷ,
2902 1756 3029 1809 ἀλλά
3056 1762 3146 1810 καὶ
3173 1760 3514 1831 συμπάσχειν
3546 1758 3702 1829 αύτῷ,
3726 1761 3844 1810 κατά
3864 1760 3907 1808 τὸ

570 1854 635 1903 ut
660 1848 724 1903 in
755 1849 1057 1905 Christum
1072 1849 1350 1914 credatis,
1376 1849 1478 1905 sed
1498 1856 1561 1904 ut
1580 1848 1757 1905 etiam
1777 1864 1887 1915 pro
1912 1847 2020 1903 illo
2039 1847 2231 1916 patia-

568 1938 719 1993 mini
750 1938 848 2009 (7).
892 1942 1038 1994 Nam
1080 1937 1274 1993 solum
1315 1938 1554 1994 credere
1598 1940 1713 1993 Deo
1752 1952 1961 1992 eorum
2001 1942 2090 1992 est
2125 1936 2229 2009 qui

569 2032 802 2083 terrena
829 2028 1090 2098 sapiunt.
1124 2043 1197 2083 ne
1237 2028 1437 2083 dicam
1473 2034 1528 2082 et
1558 2027 2013 2082 immundorum
2055 2026 2225 2098 spiri-

569 2122 740 2172 tuum
782 2116 886 2189 qui
926 2116 1135 2172 dicunt
1167 2132 1178 2171 :
1207 2118 1441 2173 Scimus
1482 2123 1538 2172 te
1574 2116 1678 2187 qui
1714 2116 1813 2184 sis,
1852 2115 1945 2183 ﬁli
1982 2115 2089 2171 Dei
2125 2115 2225 2186 (8).

568 2207 825 2278 Utraque
847 2206 1006 2261 enim
1042 2222 1179 2276 pars
1210 2206 1451 2261 inimica
1483 2212 1570 2260 est
1598 2204 1789 2260 crucis
1812 2205 2017 2260 Christi
2044 2220 2057 2270 ;
2084 2218 2230 2275 quo-

567 2311 701 2350 rum
726 2295 865 2365 ﬁnis
896 2295 1191 2361 interitus,
1212 2310 1463 2365 quorum
1486 2296 1640 2351 Deus
1662 2298 1957 2351 venterest
1968 2302 2018 2351 et
2029 2295 2228 2364 gloria

564 2383 626 2439 in
661 2386 1009 2453 confusione
1029 2385 1292 2452 ipsorum
1317 2384 1420 2455 qui
1448 2391 1688 2441 terrena
1720 2388 1966 2455 sapiunt
2008 2384 2107 2455 (9).
2142 2384 2230 2439 Vi-

565 2472 774 2537 desne,
817 2488 938 2528 non
980 2476 1213 2528 tantum
1255 2474 1619 2543 apostaticas
1658 2474 1905 2529 virtutes
1956 2473 2230 2528 inimicos

564 2562 758 2617 crucis
780 2576 933 2629 esse,
962 2560 1066 2616 sed
1092 2566 1147 2616 et
1176 2576 1280 2616 eos
1308 2562 1409 2633 qui
1444 2567 1676 2617 terrena
1694 2562 1979 2633 sapiunt?
1995 2562 2231 2618 Patiau-

563 2652 683 2704 tem
711 2665 849 2705 cum
877 2650 1109 2705 Christo
1130 2655 1187 2705 et
1203 2649 1643 2720 congloriﬁcari
1663 2650 1860 2706 solum
1884 2667 2089 2707 eorum
2115 2656 2225 2717 est,

563 2739 668 2811 qui
696 2752 823 2793 sese
862 2737 1485 2794 cruciﬁxeruntrebus
1513 2739 1691 2794 huius
1733 2740 1961 2805 mundi,
2001 2742 2225 2814 quique

560 2826 802 2883 Domini
812 2828 1096 2897 stigmata
1111 2826 1174 2882 in
1182 2828 1448 2898 propriis
1462 2829 1812 2897 corporibus
1821 2833 2068 2900 portant
2084 2832 2104 2900 (
2120 2834 2219 2903 t0).

560 2916 804 2988 Oportet
828 2917 991 2972 enim
1016 2917 1255 2989 eos,'qui
1274 2923 1428 2973 recte
1442 2916 1851 2990 philosophari
1880 2928 2117 2985 norunt,
2142 2926 2223 2976 at-

558 3020 678 3077 que
701 3006 936 3061 animas
956 3021 1027 3061 ex
1052 3006 1312 3062 malitiae
1333 3006 1800 3079 inquinamentis
1818 3007 2218 3076 redemerunt,

2342 1846 2638 1918 εἰρημένον
2687 1848 2832 1919 ύμῖν
2888 1850 2990 1921 γὰρ
3034 1845 3375 1922 ἐχαρίσθη
3418 1847 3486 1899 ού
3525 1852 3707 1921 μόνον
3743 1851 3805 1899 τὸ
3840 1845 3911 1907 εἰς

2341 1940 2630 2009 Χριστόν
2679 1938 3043 2001 πιστεύειν,
3097 1936 3257 1987 ἀλλά
3293 1942 3404 1989 καὶ
3446 1940 3513 1989 τὸ
3553 1938 3698 2009 ὑπὲρ
3736 1936 3907 1988 αὐτοῦ

2339 2026 2623 2096 πάσχειν
2648 2046 2660 2058 ο
2696 2028 2752 2076 τὸ
2794 2026 2896 2098 γὰρ
2928 2030 3080 2097 μόνον
3111 2028 3376 2078 πιστεύειν
3411 2028 3511 2097 θεῷ
3540 2034 3635 2077 τῶν
3667 2028 3908 2096 τὰὲπίγιια

2340 2116 2657 2189 φρονούντων
2707 2112 2868 2179 ἐστίν,
2917 2115 2999 2165 ἵνα
3045 2119 3116 2186 μὴ
3171 2114 3322 2187 λέγω,
3375 2118 3463 2167 ὅτι
3509 2120 3597 2167 καὶ
3642 2123 3732 2166 τῶν
3774 2113 3907 2165 ἀκαθ·

2340 2207 2507 2278 άρτων
2548 2206 2848 2276 πνευμάτων
2874 2212 2972 2255 τῶν
2998 2204 3277 2275 λεγόντων·
3316 2201 3591 2277 οἴδαμέν
3631 2223 3693 2257 σε
3728 2208 3813 2264 τίς
3846 2199 3903 2265 εἰ,

2340 2298 2441 2346 υἰέ
2471 2302 2579 2346 τοῦ
2618 2297 2787 2347 θεοῦ’
2824 2294 3038 2367 ἑκάτερα
3056 2297 3157 2368 γὰρ
3181 2297 3394 2369 τὰμέρη
3425 2294 3593 2369 ἔχθρά
3607 2297 3816 2369 ὑπάρχει
3830 2298 3904 2344 τοῦ

2344 2391 2571 2455 σταυροῦ
2603 2390 2693 2435 τοῦ
2721 2390 2985 2457 Χριστοῦ·
3017 2384 3093 2434 ὧν
3134 2386 3204 2435 τὸ
3244 2384 3387 2436 τέλο
3411 2404 3433 2445 ς
3472 2382 3758 2449 ἀπώλεια,
3787 2382 3904 2433 ὧνὸ

2344 2474 2479 2534 θεὸς
2523 2474 2551 2530 ἡ
2603 2471 2838 2535 κοιλία,
2880 2475 2982 2523 καὶ
3023 2474 3052 2530 ἡ
3098 2469 3262 2535 δόξα
3299 2475 3356 2525 ἑν
3400 2482 3474 2546 τῇ
3517 2474 3784 2545 αἰσχύνῃ
3818 2470 3905 2522 αύ-

2340 2569 2479 2630 τῶν,
2509 2562 2565 2613 οἱ
2603 2564 2678 2612 τὰ
2716 2559 2970 2633 ἐπίγεια
3009 2563 3587 2635 φρονοῦντες·όρᾷς,
3613 2560 3758 2614 ότιού
3778 2564 3903 2631 μόνον

2340 2652 2395 2701 αἱ
2418 2649 2769 2703 ἀποστατικαὶ
2792 2646 3040 2722 δυνάμεις
3061 2648 3245 2724 ἐχθροὶ
3267 2658 3357 2702 τοῦ
3392 2657 3620 2725 σταυροῦ
3648 2650 3902 2722 τυγχάνου-

2340 2758 2443 2808 σιν,
2460 2738 2587 2791 ἀλλά
2608 2745 2697 2792 καὶ
2717 2740 2765 2791 οἱ
2780 2742 2847 2791 τὰ
2862 2738 3060 2810 ἐπίγεια
3079 2747 3414 2813 φρονοῦντες
3441 2745 3498 2793 τὸ
3522 2737 3557 2793 δ
3559 2744 3581 2793 's
3602 2740 3899 2813 συμπάσχειν

2338 2836 2551 2904 Χριστῷ
2578 2835 2668 2881 καὶ
2699 2825 3124 2891 συνδοξάζεσθαι
3148 2834 3300 2901 μόνον
3338 2839 3443 2883 τῶν
3471 2830 3676 2891 ἑαυτούς
3705 2846 3901 2902 σταυρω-

2336 2920 2533 2970 σάντων
2562 2927 2661 2970 τῶν
2707 2926 2796 2970 τοῦ
2844 2923 3044 2989 κόσμου
3094 2919 3279 2970 τούτου
3309 2924 3407 2971 καὶ
3456 2922 3533 2971 τὰ
3570 2926 3673 2971 τοῦ
3708 2921 3899 2990 κυρίου

2334 3013 2669 3078 στίγματα
2716 3006 2772 3059 ἐν
2802 3014 2934 3068 τοῖς
2972 3006 3245 3069 οἰκειοις
3282 3012 3550 3080 σώμασι
3582 3006 3899 3081 βασταζόν-

558 3099 837 3151 accurate
866 3096 1013 3150 scire
1038 3094 1448 3168 philosophiae
1483 3096 1686 3162 tinem,
1717 3102 1776 3152 ut
1802 3098 2040 3168 cognito
2062 3105 2117 3154 et
2137 3099 2220 3154 iti-

2336 3115 2444 3149 των
2466 3097 2508 3169 1)
2542 3096 2681 3149 έστίν
2706 3113 2717 3125 ·
2743 3092 2825 3148 δεῖ
2848 3098 2949 3168 γὰρ
2970 3100 3089 3157 τοὺς
3117 3096 3282 3169 ὀρθῶς
3306 3095 3604 3169 φιλοσοφεῖν
3630 3096 3896 3168 ἐγνωκότας,

557 3184 715 3239 neris
752 3183 957 3240 labore
996 3190 1050 3240 et
1106 3200 1316 3239 cursus
1365 3186 1638 3251 termino,
1688 3201 1898 3241 omnes
1943 3187 2221 3245 dciiciant

559 3273 907 3343 superbiam
938 3278 994 3328 et
1015 3272 1429 3341 gloriatiouem
1444 3273 1516 3327 de
1531 3274 1705 3329 bonis
1722 3275 1897 3346 206
1912 3276 2216 3347 operibus,

557 3365 739 3432 atque
768 3362 1035 3416 animam
1057 3378 1231 3416 suam
1256 3377 1375 3417 una
1397 3378 1535 3417 cum
1560 3363 1677 3417 vita
1700 3363 2032 3419 secundum
2052 3381 2217 3435 prae-

557 3453 797 3518 ceptum
814 3448 1145 3519 Scripturae
1159 3450 1530 3519 abnegantes
1547 3452 1590 3517 (1
1607 3451 1660 3522 1)
1678 3466 1860 3506 unum
1876 3453 2218 3511 intueantur

557 3535 926 3602 thesaurum,
968 3552 1152 3609 quem
1216 3537 1550 3594 dilectionis
1588 3540 1649 3595 in
1714 3540 2007 3597 Christum
2050 3559 2217 3615 prae-

558 3624 748 3680 mium
773 3624 1157 3696 diligentibus
1186 3628 1501 3699 proposuit
1521 3630 1694 3693 Deus,
1722 3644 1945 3685 vocans
1977 3632 2053 3687 ad
2076 3648 2214 3689 eum

559 3728 772 3770 omnes
801 3716 903 3787 qui
937 3721 1240 3771 certamen
1264 3716 1598 3786 accipiendi
1630 3715 1923 3793 [crucem]
1946 3720 2217 3778 lubenter

559 3802 839 3859 subeunt:
858 3803 1081 3876 quibus
1096 3802 1311 3860 sufﬁcit
1330 3805 1407 3862 ad
1422 3806 1715 3862 eiusmodi
1732 3809 2074 3865 certaminis
2088 3826 2210 3867 cur-

557 3908 693 3949 sum
715 3894 995 3949 viaticum
1022 3908 1167 3950 crux
1197 3893 1433 3959 Christi,
1465 3912 1650 3969 quam
1682 3913 1819 3953 cum
1846 3899 2214 3956 iucunditate

556 3980 842 4054 bonaque
856 3998 954 4054 spe
967 3988 1275 4054 portantes
1292 3984 1462 4057 sequi
1477 4001 1717 4042 necesse
1737 3993 1824 4042 est
1843 3987 2213 4045 Salvatorem

558 4071 767 4137 Deum,
794 4071 987 4143 legem
1019 4078 1075 4126 et
1105 4073 1261 4128 viam
1277 4072 1431 4129 vitae
1445 4073 2215 4149 facientesilliusdispensa-

559 4159 801 4213 tionem.
838 4159 998 4214 Sicut
1023 4158 1170 4213 dixit
1200 4161 1327 4231 ipse
1349 4161 1673 4232 Apostolus
1701 4178 1712 4215 :
1753 4163 2080 4220 imitatores
2103 4165 2216 4221 mei

555 4251 751 4309 estote,
786 4247 935 4301 sicut
952 4249 1004 4301 et
1017 4262 1120 4315 ego
1142 4248 1802 4318 Christi(t2),etrursus
1823 4267 1835 4305 :
1848 4267 1960 4321 per
1981 4254 2215 4321 patien-

560 4333 703 4390 tiam
717 4334 1010 4389 currimus
1023 4336 1104 4390 ad
1113 4337 1480 4403 propositum
1499 4338 1662 4393 nobis
1676 4346 1993 4405 certamen,
2023 4341 2214 4411 adspi-

558 4421 774 4478 cientes
804 4420 868 4475 in
893 4426 1193 4478 auctorem
1206 4423 1348 4490 ﬁdei
1362 4428 1416 4479 et
1437 4431 1968 4485 consummatorem
1993 4429 2211 4497 Iesum,

557 4510 661 4583 qui
670 4511 953 4582 proposito
966 4509 1076 4566 sibi
1084 4510 1304 4580 gaudio
1315 4515 1597 4570 sustinuit
1611 4519 2218 4588 crucem,confusione

557 4605 918 4669 contempta,
937 4606 1116 4671 atque
1131 4602 1190 4656 in
1206 4601 1453 4659 dextera
1465 4604 1619 4660 sedis
1638 4604 1741 4661 Dei
1750 4607 1908 4662 sedet
1920 4608 1937 4680 (
1950 4613 1967 4661 1
1979 4608 2052 4679 3).
2070 4611 2214 4665 Nam

556 4688 947 4746 metuendum
974 4694 1087 4759 est,
1117 4705 1192 4746 ne
1221 4690 1396 4747 donis
1417 4694 1685 4765 aSpiritu
1712 4697 1969 4767 acceptis
1995 4696 2219 4763 elati,et

554 4782 710 4835 recte
730 4776 1007 4835 faciendo
1040 4778 1267 4851 aliquid
1293 4795 1399 4852 per
1427 4780 1699 4838 virtutem
1726 4784 2107 4842 occasionem
2130 4802 2221 4844 ar-

2326 3190 2414 3237 καὶ
2440 3188 2529 3248 τὰς
2551 3185 2731 3257 ψυχὰς
2748 3184 2801 3236 ἐκ
2818 3192 2917 3236 τῶν
2935 3193 2995 3245 τῆ
3008 3205 3028 3246 ς
3045 3190 3228 3246 κακίας
3243 3184 3531 3259 μολυσμῶν
3548 3186 3896 3259 λυτρουμένους,

2325 3273 2553 3347 ἀκριϐῶς
2574 3271 2764 3327 εἰδέναι
2785 3278 2871 3326 τὸν
2901 3282 2982 3336 ιῆς
3008 3275 3310 3348 φιλοσοφίας
3334 3281 3555 3343 σκοπόν,
3578 3278 3709 3338 ὅπως
3730 3274 3897 3347 μεμαθ-

2326 3369 2505 3425 ηκότες
2537 3371 2631 3425 τῆς
2660 3383 2712 3415 τε
2741 3368 2953 3438 πορείας
2989 3367 3075 3416 τόν
3105 3368 3277 3431 πόνον,
3305 3371 3405 3418 καὶ
3430 3374 3519 3419 τοῦ
3548 3362 3734 3439 δρόμου
3758 3364 3898 3415 761:5-

2323 3452 2620 3527 ραςρίψώσι
2649 3456 2739 3524 μὲν
2778 3456 2959 3515 πάντες
3005 3457 3099 3512 τὴν
3152 3450 3467 3526 αὐθάδειαν,
3500 3460 3587 3508 καὶ
3636 3458 3689 3507 τὸ
3730 3456 3897 3526 φρονεῖν

2325 3541 2407 3593 ἐπὶ
2440 3548 2549 3603 τοῖς
2581 3544 2977 3614 κατορθώμασι,
3008 3548 3101 3601 τήν
3131 3562 3185 3596 τε
3233 3543 3435 3597 ἑαυτῶν
3477 3545 3657 3617 ψυχὴν
3683 3544 3800 3616 μετὰ
3822 3546 3897 3592 τοῦ

2326 3628 2448 3702 βίου
2476 3633 2609 3683 κατά
2636 3635 2692 3683 τὸ
2723 3638 3043 3706 πρόσταγμα
3072 3640 3162 3694 τῆς
3191 3642 3407 3706 γραφῆς
3439 3635 3771 3710 ἀρνησάμενοι
3788 3632 3897 3705 πρὸς

2324 3721 2410 3773 ἕνα
2462 3718 2700 3793 βλέπωσι
2722 3721 2760 3792 ²)
2800 3722 3043 3787 πλοῦτον,
3084 3724 3138 3774 ὅν
3191 3729 3286 3784 τῆς
3333 3724 3414 3786 είς
3466 3728 3689 3799 Χριστὸν
3718 3721 3893 3794 ἀγάπης

2325 3803 2478 3862 ἆθλον
2527 3817 2639 3872 τοῖς
2694 3809 2969 3881 ἀγαπῶσιν
3027 3814 3206 3869 ἔθηκεν
3248 3813 3273 3863 ό
3316 3814 3451 3881 θεός,
3496 3813 3655 3867 καλῶν
3675 3811 3735 3873 εἰς
3761 3806 3892 3861 αὐτὸν

2323 3903 2519 3961 πάντας
2566 3903 2689 3961 τοὺς
2727 3904 2813 3952 τόν
2843 3899 3020 3972 ἀγῶνα
3049 3908 3139 3954 τοῦ
3186 3900 3365 3954 λαϐεῖν
3404 3906 3679 3979 προθύμως
3706 3902 3893 3972 ύφισταο

2323 3994 2548 4062 μένους·
2586 3990 2658 4050 οἷς
2706 3988 2910 4063 ἔξαρκεῖ
2958 3994 3087 4064 πρὸς
3130 3995 3224 4049 τὴν
3275 4000 3375 4044 τοῦ
3426 3994 3657 4046 τοιούτου
3713 3991 3894 4060 πορείαν

2324 4076 2529 4151 ἑφόδιον
2561 4080 2587 4130 6
2621 4082 2848 4152 σταυρὸς
2878 4087 2970 4131 τοῦ
2993 4086 3251 4152 Χριστοῦ,
3280 4082 3336 4132 ὃν
3372 4077 3458 4134 δεῖ
3474 4081 3586 4155 μετ’
3614 4078 3895 4154 εὐφροσύνης

2322 4172 2412 4220 καὶ
2456 4170 2659 4239 ἀγαθῆς
2708 4164 2919 4231 ἑλπίδος
2965 4166 3329 4241 βαστάζοντας
3370 4169 3663 4224 ἀκολουθεῖν
3697 4175 3762 4240 τῷ
3803 4184 3893 4218 σω-

2322 4264 2445 4335 τῆρι
2473 4258 2590 4327 θεῶ,
2612 4261 2765 4330 νόμον
2790 4262 2878 4309 καὶ
2901 4254 3023 4310 ὁδὸν
3036 4266 3127 4310 τοῦ
3151 4256 3274 4331 βίου
3298 4265 3394 4319 τὴν
3422 4260 3612 4313 ἐκείνου
3633 4260 3896 4328 ποιούμενοι

2323 4345 2620 4417 οἰκονομίαν
2646 4365 2657 4377 ·
2684 4349 2853 4408 καθὼς
2871 4346 3005 4400 εἶπεν
3032 4346 3187 4410 αὐτὸς
3218 4350 3243 4400 6
3265 4348 3577 4413 ίαπόστολος
3602 4365 3615 4380 ο
3645 4344 3897 4422 μιμηταί

2325 4453 2441 4507 μου
2481 4437 2760 4505 γίνεσθε,
2819 4438 3028 4499 καθὼς
3067 4435 3234 4508 κάγά
3282 4445 3596 4514 Χριστοῦ.
3650 4441 3751 4490 καὶ
3794 4433 3895 4487 πά·

2325 4523 2449 4575 λιν·
2498 4522 2581 4577 δι’
2620 4525 2946 4593 ὑπομονῆς
2986 4530 3305 4602 τρέχομεν
3344 4531 3451 4581 τὸν
3500 4530 3894 4602 προκείμενον

2327 4613 2479 4685 ἡμῖν
2509 4611 2743 4685 ἀγῶνα,
2789 4614 3148 4690 ἀφορᾶντες
3190 4616 3275 4677 εἰς
3314 4620 3423 4671 τόν
3473 4626 3588 4679 τῆς
3652 4620 3897 4671 πίστεως

2329 4700 2627 4776 ἀρχηγὸν
2664 4708 2773 4757 καί.
2811 4704 3156 4765 τελειωτὴν
3196 4705 3481 4775 Ἰησοῦν,
3522 4707 3585 4770 ὃς
3628 4706 3772 4759 ἀντὶ
3806 4708 3897 4758 τῆς

2328 4794 2753 4866 προκειμένης
2793 4792 2960 4866 αύτῷ
2998 4800 3212 4872 χαρᾶς
3259 4798 3571 4871 ὑπέμεινε
3621 4793 3893 4868 σταυρόν,

1894 4917 2155 4976 VARIAE
2192 4922 2489 4982 LECTION
2498 4925 2604 4984 ES.

638 5015 684 5087 ³)
711 5014 854 5073 Cod.
890 5013 1229 5089 βυσταζόν
1246 5036 1385 5085 των,
1418 5020 1525 5077 sed
1556 5022 1690 5079 ead.
1727 5038 1807 5079 m.
1842 5040 1995 5082 corr.
2035 5026 2373 5100 βασταξάν
2390 5051 2525 5086 των.
2557 5063 2623 5074 -
2653 5031 2674 5067 ²
2708 5033 2980 5106 Emend,
3012 5035 3146 5094 cod.
3181 5035 3463 5110 βλέπουσι.

2116 5154 2375 5211 NOTAE.

558 5274 563 5283 -
627 5246 707 5319 (1)
748 5246 890 5319 Eph.
923 5248 1016 5316 VI,
1057 5254 1144 5307 11.
1187 5255 1271 5309 13.

654 5319 709 5386 2)
753 5322 887 5375 Luc.
926 5321 1095 5386 Χ,19.

652 5391 703 5457 3)
749 5391 969 5447 Psalm.
998 5392 1159 5457 LXV,
1200 5393 1283 5451 18.

646 5464 705 5531 4)
744 5462 955 5518 Psalm.
984 5464 1162 5530 LVIII,
1199 5469 1249 5521 5.

646 5533 701 5595 5)
742 5533 885 5605 Phil.
912 5534 999 5605 ιιι,
1036 5538 1124 5590 ιι.

646 5606 703 5672 6)
743 5603 789 5658 ιι
819 5603 1091 5672 Τιω.ἰν,
1125 5606 1177 5667 7.

643 5673 701 5748 7)
740 5674 887 5734 Phil.
923 5679 963 5748 ι,
996 5678 1089 5738 29.

2426 5264 2479 5330 8)
2515 5265 2658 5321 Luc.
2693 5266 2781 5330 ιν,
2815 5269 2902 5323 34.

2426 5335 2481 5403 9)
2513 5335 2659 5391 Phil.
2688 5337 2780 5403 III,
2818 5338 2900 5393 19.

2542 5407 2901 5547 ῗὲίῗιῗξιύίῖ
2926 5411 3119 5556 έῖες.
3152 5482 3288 5541 Luc.
3326 5481 3419 5550 ιιι,
3451 5484 3543 5542 at.

2426 5548 2515 5617 42)
2550 5550 2565 5601 l
2596 5551 2727 5605 Cor.
2759 5552 2847 5616 ιν.
2881 5553 2969 5608 ιδ.

2425 5618 2511 5691 13)
2542 5618 2717 5678 Hebr.
2749 5622 2859 5692 XII,
2896 5629 2943 5681 1.
2979 5628 3033 5681 2.

2426 5548 2515 5617 42)
2550 5550 2565 5601 l
2596 5551 2727 5605 Cor.
2759 5552 2847 5616 ιν.
2881 5553 2969 5608 ιδ.

2425 5618 2511 5691 13)
2542 5618 2717 5678 Hebr.
2749 5622 2859 5692 XII,
2896 5629 2943 5681 1.
2979 5628 3033 5681 2.
