4086 6194
172 264 265 322 421

1646 260 2060 319 EPISTOLAE.

3433 275 3538 335 422

172 391 507 461 αἰσχύνης
574 388 1084 458 καταφρονήσας,
1148 384 1209 439 ἐν
1285 382 1473 457 δεξιᾲ
1545 406 1605 439 τε
1670 395 1779 439 τοῦ

1911 386 2182 459 ripientes
2204 388 2590 460 superbiendi
2607 396 2662 448 et
2676 391 2992 464 gloriandi,
3022 397 3374 472 priusquam
3400 401 3461 457 in
3482 400 3553 458 ﬁ-

176 481 404 552 θρόνου
452 483 567 530 τοῦ
621 478 765 528 θεοῦ
813 477 1123 528 κεκάθικε
1158 476 1221 546 1).
1257 472 1376 538 δέος
1418 478 1539 549 γάρ,
1572 479 1643 548 μὴ
1684 484 1787 537 τοῖς

175 570 317 640 παρά
343 575 439 621 τοῦ
468 569 763 637 πνεύματος
784 561 819 618 δ
823 570 1099 637 ωρὰμασιν
1127 564 1474 637 ἐπαιρόμενοι,
1498 570 1589 618 καὶ
1609 568 1666 617 τὸ
1697 585 1789 617 κα-

175 677 259 730 τορ
269 660 443 709 θώσαί
455 676 508 709 τι
522 652 595 708 δι’
608 654 790 730 ἀρετὴν
808 652 1046 726 ἀφορμὴν
1064 652 1298 715 λαϐόντες
1315 654 1384 715 εἰς
1408 658 1466 707 τὸ
1481 662 1678 729 φρονεῖν
1698 654 1789 707 καὶ

182 747 549 818 σεμνήνεσθαι,
600 748 721 817 πρὶν
774 743 849 805 εἰς
899 743 1039 804 τέλος
1091 751 1190 795 τῶν
1234 744 1577 815 ἓλπιζομένων
1606 743 1785 807 ἐλθεῖν,

180 838 471 906 ἐκπέσωμεν
533 836 577 902 ³)
629 842 722 893 τῆς
770 833 954 907 ὁρμῆς,
1020 831 1234 905 ἀχρεῖον
1301 832 1499 894 ἑαυτοῖς
1562 839 1652 886 καὶ
1700 837 1786 886 τόν

176 922 501 998 προλαϐόντα
551 925 705 974 πόνον
760 928 821 992 τῇ
874 916 1132 992 αὐθαδείᾳ
1178 924 1509 985 ποιήσαντες,
1558 927 1647 974 καὶ
1702 920 1786 973 ἀν-

178 1014 313 1075 άξιοι
340 1015 573 1084 φανέντες
602 1018 697 1071 τῆς
735 1009 1073 1078 τελειότητος,
1101 1010 1173 1070 είς
1213 1010 1275 1067 ἢν
1306 1012 1335 1068 ἡ
1370 1018 1462 1064 τοῦ
1502 1012 1786 1083 πνεύματος

185 1103 406 1155 εἵλκυσεν
441 1104 575 1173 ἡμᾶς
614 1101 776 1173 χάρις
805 1119 818 1133 ο
854 1096 935 1152 δεῖ
962 1096 1049 1152 οὖν
1089 1096 1342 1172 μηδαμοῦ
1373 1104 1459 1153 τὸν
1496 1110 1588 1153 τοῦ
1626 1106 1784 1154 πόνου

180 1196 320 1245 τόνον
383 1190 597 1256 ἐκλύειν,
667 1185 807 1261 μηδὲ
880 1188 1193 1251 ἐξίστασθαι
1267 1197 1367 1241 τῶν
1436 1194 1785 1262 προκειμένων

178 1280 403 1351 ἀγώνων,
449 1275 590 1352 μηδὲ
638 1286 747 1341 τοῖς
786 1282 1028 1342 κατόπιν,
1077 1281 1122 1331 εἲ
1163 1298 1215 1330 τι
1259 1283 1574 1352 πέπρακται,
1624 1297 1785 1332 σπουο

178 1366 324 1422 δαῖον
377 1374 649 1440 κατέχειν,
703 1366 810 1419 ἀλλ’
869 1369 1070 1419 ἑκείνων
1126 1370 1214 1438 μεν
1266 1367 1431 1426 λήθην
1486 1366 1784 1439 λαμϐάνειν,

175 1460 254 1512 ἐπὶ
285 1455 344 1512 δε
373 1466 496 1511 τῶν
538 1457 897 1529 ἔμπροσθεν
918 1459 1056 1509 κατὰ
1074 1460 1158 1509 τὸν
1186 1455 1473 1510 ἀπόστολον
1507 1457 1788 1510 ἐπεκτεί-

174 1550 422 1613 νεσθαι,
471 1551 562 1599 καὶ
612 1544 901 1618 συντρίϐειν
931 1553 1047 1607 ταῖς
1083 1554 1183 1598 τῶν
1216 1551 1381 1600 πόνων
1412 1550 1651 1619 φροντίσι
1693 1550 1786 1605 τὴν

172 1634 422 1709 καρδίαν,
493 1634 770 1710 ἀκόρεστον
845 1637 1062 1706 ἔχοντας
1122 1640 1217 1694 τὴν
1286 1644 1378 1698 τῆς
1448 1632 1788 1696 δικαιοσύνης

1901 491 2039 532 nem
2070 492 2268 532 rerum
2299 484 2672 549 speratarum
2704 485 3175 553 pervenerimus,
3204 490 3554 547 excidemus

1901 564 2396 630 studio,inutilem
2412 567 2588 623 nobis
2603 569 2779 626 etiam
2798 578 3144 644 susceptum
3164 576 3437 635 laborem
3451 596 3551 636 su-

1898 652 2107 724 perbia
2136 653 2447 721 facientes,
2503 662 2682 729 atque
2717 658 2946 731 indigni
2980 672 3339 734 apparentes
3366 668 3555 740 perfe-

1898 742 2112 807 ctione,
2145 742 2205 798 in
2231 759 2415 815 quam
2441 746 2694 816 Spiritus
2724 750 2895 805 traxit
2920 765 3031 806 nos
3070 756 3282 822 gratia.
3312 758 3553 830 Oportet

1896 831 2382 921 igiturnusquam
2396 832 2619 889 laboris
2635 838 3067 895 contentionem
3080 840 3553 921 dissolvi,neque

1897 934 2007 976 nos
2036 920 2347 977 discedere
2376 939 2413 978 a
2438 924 2763 995 propositis
2784 929 3236 999 certaminibus,
3268 920 3550 1008 nequeiis

1895 1024 2053 1080 quae
2084 1015 2240 1067 retro
2269 1016 2428 1077 sunt,
2488 1012 2533 1067 si
2589 1012 2739 1084 quid
2798 1020 2999 1071 actum
3028 1018 3121 1084 sit,
3155 1022 3413 1089 studere,
3444 1027 3554 1083 sed

1896 1114 2105 1155 eorum
2158 1100 2522 1157 oblivionem
2577 1118 2815 1174 capere,
2863 1106 2945 1161 ad
2972 1121 3041 1163 ea
3074 1123 3210 1165 vero
3233 1126 3386 1182 quae
3414 1123 3551 1171 sunt

1891 1188 2104 1257 priora
2116 1190 2451 1245 secundum
2466 1191 2811 1261 Apostolum
2826 1196 3147 1254 extendere
3157 1215 3262 1255 nos
3278 1203 3431 1268 ipsos
3445 1204 3548 1275 (l),

1896 1276 2295 1350 laborumque
2323 1279 2483 1334 curis
2511 1295 2613 1335 cor
2637 1284 2965 1352 conterere,
3000 1284 3286 1344 habentes
3311 1290 3551 1351 insatia-

1896 1364 2082 1420 bilem
2108 1366 2363 1422 iustitiae
2417 1368 2830 1439 cupiditatem,
2881 1387 3069 1443 quam
3103 1376 3295 1433 solam
3329 1381 3553 1438 esurire

1898 1452 2178 1527 sitireque
2229 1454 2449 1512 debent
2504 1456 2562 1521 ii,
2615 1458 2717 1529 qui
2753 1459 2829 1515 ad
2863 1460 3281 1531 perfectionem
3315 1468 3555 1527 student

1897 1544 2251 1614 pertingere.
2277 1544 2537 1600 Humiles
2558 1561 2671 1603 nos
2697 1552 2752 1603 et
2781 1548 3201 1608 timidissimos
3218 1554 3345 1611 ﬁeri
3377 1572 3553 1629 opor-

1899 1636 1997 1699 tet,
2031 1638 2233 1705 utpote
2262 1634 2364 1704 qui
2388 1634 2597 1705 procul
2627 1636 2818 1691 simus
2850 1652 2886 1693 a
2908 1640 3222 1710 promissis
3251 1642 3552 1719 longeque

176 1728 477 1799 ἐπιθυμίαν,
523 1726 583 1786 ἧς
615 1728 773 1797 μόνης
819 1728 930 1797 χρὴ
971 1732 1151 1797 πεινῇν
1201 1730 1290 1778 καὶ
1339 1722 1505 1797 διψῇν
1554 1729 1671 1786 τοὺς
1715 1724 1789 1787 εἰς

1911 1721 2110 1811 remoti
2136 1737 2173 1778 a
2226 1722 2489 1794 perfecta
2530 1723 2742 1779 Christi
2789 1724 3124 1785 dilectione.
3156 1732 3305 1788 Nam
3332 1733 3404 1799 is,
3448 1737 3553 1808 qui

174 1820 230 1868 τό
265 1817 461 1869 τέλειον
495 1816 695 1887 φθάσαι
737 1813 1025 1875 ζητοῦντας
1052 1833 1064 1846 ·
1105 1818 1373 1875 ταπεινοὺς
1413 1811 1494 1867 δεῖ
1523 1819 1613 1867 καὶ
1646 1832 1789 1886 περι-

176 1902 311 1967 δεεῖς
373 1908 675 1976 γινομένους
734 1905 801 1965 ὡς
852 1902 1029 1977 πόῤῥω
1090 1922 1190 1957 που
1236 1912 1334 1957 τῶν
1400 1902 1788 1976 ἑπηγγελμένων

171 1996 541 2066 τυγχάνοντας
592 1996 681 2045 καὶ
736 2000 831 2053 τῆς
885 1991 1078 2053 τελείας
1133 2000 1227 2045 τοῦ
1292 2000 1528 2067 Χριστοῦ
1585 1994 1788 2066 μακρὰν

174 2083 579 2156 ἀπῳκισμένους
615 2080 840 2152 ἀγάπης.
887 2082 912 2133 ό
951 2083 1053 2155 γὰρ
1098 2083 1294 2144 ἐκείνης
1335 2081 1483 2155 ἐρῶν,
1530 2087 1620 2135 καὶ
1659 2084 1791 2154 πρὸς

172 2175 264 2231 τήν
309 2173 419 2224 ἄνω
460 2169 661 2243 βλέπων
714 2167 1024 2239 ἐπαγγελίαν
1072 2170 1140 2241 ³),
1190 2173 1306 2223 οὔτε
1352 2172 1635 2237 νηστεύων,
1677 2172 1791 2223 οὔτε

174 2260 481 2334 ἀγρυπνῶν,
516 2261 636 2313 οὔτε
675 2257 798 2310 οἶλλο
836 2276 892 2309 τι
944 2265 1044 2310 τῶν
1087 2264 1185 2320 τῆς
1234 2257 1419 2334 ἀρετῆς
1471 2254 1789 2319 σπουδάζων

174 2353 396 2404 ἵσταται
449 2356 554 2410 τοῖς
615 2345 940 2422 προλαϐοῦσι
1002 2349 1407 2421 κατορθώμασιν
1478 2348 1783 2421 ἐπηρμένος·

172 2439 303 2493 ἀλλὰ
331 2441 521 2511 μεστὸς
548 2441 617 2490 ὧν
647 2443 737 2489 τοῦ
765 2437 901 2489 θείου
928 2438 1112 2503 πόθου,
1144 2440 1232 2489 καὶ
1263 2441 1393 2511 πρός
1420 2440 1506 2491 τόν
1536 2437 1791 2491 καλοῦντα

176 2532 443 2591 συντόνως
476 2526 699 2601 βλέπων,
729 2531 831 2578 πᾶν
873 2528 984 2597 μὶν,
1030 2527 1057 2578 ὅ
1088 2546 1139 2578 τι
1169 2527 1231 2578 ἄν
1276 2525 1620 2599 ἀγωνίσηται,
1665 2530 1791 2600 πρὸς

171 2621 225 2672 τό
266 2624 464 2688 τυχεῖν
505 2616 698 2670 ἐκείνου
739 2616 927 2689 μικρὸν
969 2616 1175 2687 ἡγεῖται
1214 2620 1304 2668 καὶ
1343 2624 1443 2668 τῶν
1472 2616 1640 2669 ἄθλων
1663 2633 1677 2646 ο
1715 2635 1792 2688 φι-

173 2707 401 2761 λονεικεῖ
432 2703 493 2760 δὲ
524 2710 688 2781 μέχρι
714 2711 807 2765 τῆς
836 2711 929 2756 τοῦ
962 2702 1081 2777 βίου
1116 2707 1301 2758 τούτου
1329 2704 1585 2774 τελευτῆς,
1616 2709 1793 2764 πόνοις

174 2802 390 2862 πόνους,
436 2800 526 2848 καὶ
563 2794 749 2869 ἀρετὰς
801 2793 1007 2868 ἀρεταῖς
1053 2796 1346 2864 συνάπτειν,
1390 2798 1584 2865 μέχρις
1613 2792 1673 2845 ἂν
1712 2813 1794 2846 τι-

167 2906 288 2954 μιον
340 2884 526 2937 ἑαυτὸν
568 2891 641 2955 τῷ
686 2886 783 2955 θεῷ
835 2886 1151 2955 καταστήσῃ
1199 2878 1293 2935 διὰ
1340 2890 1439 2935 τῶν
1473 2884 1652 2954 ἔργων,
1699 2881 1794 2934 οὐκ

169 2976 319 3045 ἔχων
372 2972 422 3025 έν
474 2981 546 3043 τῷ
577 2969 844 3027 συνειδότι
888 2975 947 3025 τό
1006 2970 1232 3045 νομίζειν
1288 2969 1436 3034 ἃξιου
1481 2971 1659 3024 ἑαυτὸν
1710 2989 1795 3022 πε-

168 3066 457 3122 ποιηκέναι
503 3064 621 3133 θεῷ.
669 3069 823 3116 τοῦτο
870 3063 972 3137 γάρ
1023 3061 1137 3114 ἐστι
1188 3062 1506 3133 κατόρθωμα
1547 3064 1795 3131 μέγιστον

170 3153 510 3224 φιλοσοφίας,
563 3155 619 3204 τό
663 3156 825 3225 μέγαν
877 3155 1002 3205 ὄντα
1043 3158 1154 3212 τοῖς
1198 3152 1373 3223 ἔργοις
1422 3148 1798 3201 συστέλλεσθαι

169 3250 230 3313 τῇ
276 3237 496 3315 καρδίᾳ
546 3245 634 3293 καὶ
689 3244 1102 3312 καταγινώσκειν
1154 3246 1246 3292 τοῦ
1302 3237 1445 3311 βίου,
1501 3240 1642 3290 κάτω
1698 3256 1798 3290 που

167 3331 416 3404 ῥίψαντα
449 3330 493 3400 ⁸)
533 3336 605 3400 τῷ
649 3333 777 3404 πρὸς
818 3332 906 3382 τὸν
948 3330 1059 3382 θεόν
1104 3327 1242 3401 φόϐῳ
1280 3331 1375 3386 τὴν
1419 3329 1611 3389 οἴησιν,
1661 3327 1801 3389 ὅπως

170 3418 464 3491 ἀπολαύσῃ
522 3426 619 3479 τῆς
673 3417 997 3490 ἐπαγγελίας,
1066 3418 1234 3478 καθὼς
1290 3417 1350 3468 ἄν
1408 3416 1453 3487 ⁵)
1514 3417 1802 3477 πιστεύσας

173 3510 394 3583 ἠράσθη
452 3510 666 3574 ταύτης,
719 3507 779 3560 οῦ
827 3509 1000 3567 καθὼς
1029 3507 1089 3559 ἄν
1138 3507 1179 3575 ⁸)
1224 3510 1443 3566 πονέσας
1487 3504 1797 3578 εἰργάσατο’

173 3600 421 3673 μεγάλων
484 3599 589 3671 γὰρ
644 3600 800 3651 ὄντων
853 3605 952 3650 τῶν
1019 3593 1224 3669 δωρεῶν
1284 3594 1377 3648 οῦκ
1444 3597 1554 3647 ἔστι
1619 3598 1803 3654 πόνους

1899 1809 2061 1866 illam
2091 1810 2369 1868 ardenter
2398 1812 2701 1869 desiderat
2750 1818 2805 1870 et
2858 1815 2936 1871 ad
2963 1832 3288 1889 supernam
3322 1829 3552 1894 spectat

1898 1899 2388 1971 promissionem,
2450 1916 2559 1957 nec
2587 1901 2886 1970 ieiunans,
2916 1919 3024 1961 nec
3056 1907 3331 1977 vigilans,
3355 1926 3551 1985 neque

1900 1987 1996 2044 alii
2023 1988 2305 2061 cuiquam
2337 1990 2572 2046 virtutis
2604 1992 2917 2048 excercitio
2949 2009 3169 2052 vacans
3200 2002 3317 2055 stat
3361 2000 3552 2059 elatus

1900 2077 1979 2134 ad
2028 2076 2191 2135 bona
2246 2092 2452 2149 opera,
2502 2094 2659 2151 quae
2688 2080 2828 2137 talia
2852 2083 3201 2156 anticipant,
3231 2088 3336 2145 sed
3371 2090 3543 2163 207

1900 2166 2115 2238 plenus
2166 2166 2367 2223 divino
2422 2167 2741 2237 desiderio,
2770 2172 2827 2226 et
2854 2170 2933 2227 ad
2966 2179 3284 2234 vocantem
3326 2179 3551 2237 intente

1902 2261 2206 2327 spectans,
2224 2255 2510 2313 velomne
2524 2262 2849 2326 certamen,
2869 2261 3276 2336 quodcunque
3294 2273 3553 2326 certave-

1899 2345 1995 2414 rit,
2017 2345 2096 2401 ad
2121 2344 2268 2401 illud
2287 2347 2777 2418 consequendum
2803 2363 3058 2421 parvum
3089 2353 3383 2414 aestimat.
3417 2360 3554 2416 Eni-

1901 2435 2039 2489 titur
2069 2439 2268 2490 autem
2302 2434 2379 2490 ad
2409 2435 2593 2491 ﬁnem
2617 2452 2806 2509 usque
2832 2438 3012 2495 huius
3042 2441 3216 2508 vitae,
3244 2443 3552 2505 laboribus

1899 2522 2136 2579 labores
2152 2527 2207 2577 et
2232 2523 2475 2579 virtutes
2508 2524 2827 2582 virtutibus
2854 2529 3181 2600 iungendo,
3206 2531 3399 2590 donec
3424 2551 3553 2608 pre-

1902 2614 2121 2670 tiosum
2154 2628 2218 2669 se
2251 2614 2368 2669 Deo
2396 2618 2654 2685 praestet
2684 2622 2928 2689 propter
2947 2634 3149 2691 opera,
3182 2637 3293 2679 nec
3319 2624 3382 2681 in
3413 2641 3557 2683 con-

1904 2702 2151 2759 scientia
2173 2718 2283 2759 sua
2302 2703 2575 2773 credens,
2606 2703 2859 2774 dignum
2891 2708 3093 2778 ipsum
3126 2726 3189 2767 se
3218 2713 3556 2773 reddidisse

1905 2795 2042 2847 Deo.
2077 2794 2195 2848 Hoc
2224 2792 2385 2847 enim
2415 2796 2505 2848 est
2534 2807 2688 2864 opus
2738 2795 3065 2853 maximum
3118 2800 3554 2874 philosophiae,

1903 2895 2196 2950 magnum
2218 2881 2275 2935 in
2297 2880 2581 2951 operibus
2607 2882 2913 2939 humiliari
2938 2886 3138 2953 corde,
3159 2894 3214 2944 et
3242 2893 3558 2962 reprehen-

1905 2971 2045 3027 dere
2067 2970 2272 3034 vitam,
2318 2969 2659 3039 abjiciendo
2691 2970 2902 3030 timore
2940 2974 3041 3031 Dei
3093 2977 3460 3048 opinionem,
3496 2990 3562 3039 ut

1906 3058 2203 3131 particeps
2224 3057 2327 3113 ﬁat
2345 3057 2848 3129 repromissionis,
2876 3064 3057 3133 quasi
3075 3066 3375 3124 credendo
3398 3070 3559 3127 hanc

1908 3147 2278 3219 appetiverit,
2307 3161 2429 3202 non
2460 3146 2635 3219 quasi
2666 3150 2977 3219 operando
3003 3167 3139 3210 eam
3169 3154 3433 3214 lucratus
3463 3161 3558 3217 sit.

1910 3235 2205 3303 Quoniam
2221 3236 2380 3291 enim
2403 3250 2629 3306 magna
2658 3242 2799 3293 sunt
2819 3239 3001 3307 dona,
3034 3241 3274 3301 labores
3290 3246 3563 3317 digniin-

1911 3324 2094 3382 veniri
2112 3340 2233 3380 non
2256 3330 2512 3397 possunt
2544 3340 2557 3391 ;
2587 3340 2815 3396 magna
2841 3334 3043 3386 autem
3065 3330 3184 3388 ﬁde
3201 3338 3260 3390 et
3283 3350 3388 3406 spe
3408 3353 3563 3409 opus

1911 3420 2018 3481 est,
2077 3418 2141 3470 ut
2189 3413 2301 3480 his,
2353 3429 2475 3469 non
2528 3412 2857 3483 laboribus,
2888 3428 3389 3492 compensentur:
3423 3425 3565 3485 ﬁdei

1911 3510 2111 3562 autem
2139 3503 2476 3559 substantia
2495 3507 2584 3560 est
2603 3504 2843 3576 spiritus
2863 3515 3189 3581 paupertas
3217 3517 3275 3569 et
3295 3513 3564 3574 inﬁnitus

1912 3609 2056 3664 erga
2090 3596 2269 3648 Deum
2294 3608 2484 3649 amor.

175 3687 359 3752 ἀξίους
409 3688 611 3761 εὐρεῖνο
660 3687 889 3759 μεγάλης
931 3682 991 3740 δὲ
1021 3682 1106 3739 δεῖ
1152 3689 1373 3746 πίστεως
1410 3688 1498 3737 καὶ
1544 3679 1775 3749 ἐλπίδος,
1826 3682 1897 3743 εἰς
1947 3685 2005 3734 τὸ
2044 3684 2257 3743 ταύταις
2316 3682 2656 3754 μετρηθῆναι,
2717 3686 2789 3753 μὴ
2850 3691 2957 3747 τοῖς
3020 3690 3212 3757 πόνοις,
3256 3695 3350 3751 τὴν
3410 3691 3566 3767 ἁμοι-

180 3776 268 3837 ϐάν
288 3796 304 3810 ⁸
340 3782 582 3838 πίστεως
611 3772 670 3829 δε
699 3777 994 3837 ὑπόστασις
1022 3777 1311 3847 πνεύματος
1340 3777 1580 3845 πτωχεία
1607 3776 1696 3824 καὶ
1722 3773 1751 3830 ἡ
1782 3774 1911 3848 πρὸς
1936 3773 2046 3825 θεὸν
2072 3771 2293 3845 ἄμετρος
2324 3768 2525 3840 ἀγάπη.

249 3872 331 3921 Τὰ
513 3861 583 3924 δὴ
624 3868 760 3919 κατὰ
805 3870 897 3925 τὴν
929 3861 1120 3918 ἐλπίδα
1147 3872 1240 3917 τοῦ
1280 3871 1477 3917 σκοποῦ
1522 3868 1630 3923 τοῖς
1664 3860 1807 3933 φιλο·

185 3962 361 4029 σόφως
422 3956 526 4027 ζῇν
582 3956 857 4029 ᾑρημένοις
911 3957 1092 4015 ἱκανῶς
1142 3953 1389 4027 εἰρῆσθαι
1449 3951 1668 4024 νομίζω.
1728 3946 1813 4002 δεῖ

185 4044 243 4101 δὲ
270 4046 471 4100 λοιπόν
520 4046 826 4119 προσθεῖναι
871 4052 985 4106 τοῖς
1027 4043 1332 4119 εἰρημένοις,
1382 4043 1523 4103 ὅπως
1561 4043 1652 4113 μὲν
1703 4042 1810 4111 χρὴ

186 4144 431 4191 συνεῖναι
478 4140 585 4196 τοῖς
635 4138 891 4195 τοιούτοις
935 4133 1191 4199 ἀλλήλοις,
1242 4135 1453 4193 ὁποίους
1498 4128 1557 4184 δὲ
1606 4128 1811 4202 ἀγαπᾷν

182 4230 405 4291 πόνους,
459 4226 595 4284 ὅπως
635 4220 717 4276 δεῖ
754 4224 799 4295 ⁷)
842 4227 1050 4298 τρέχειν
1080 4221 1190 4296 μετ’
1231 4220 1481 4289 ἀλλήλων,
1510 4221 1605 4283 ἕως
1632 4221 1693 4273 άν
1729 4218 1812 4273 ini

184 4322 279 4375 τήν
312 4318 434 4368 ἀνω
464 4312 612 4366 πόλιν
640 4314 947 4386 ἀφίκωνται.

256 4413 354 4460 Δεῖ
376 4407 558 4457 τοίνυν
599 4405 684 4456 τόν
727 4404 794 4456 τὰ
835 4410 928 4455 τοῦ
978 4400 1102 4474 βίου
1152 4401 1337 4454 τούτου
1382 4402 1545 4471 σεμνὰ
1574 4399 1816 4473 καθαρῶς

183 4494 552 4567 ἀτιμάζοντα,
597 4496 686 4543 καὶ
727 4490 1036 4564 ἀρνούμενον
1086 4492 1177 4561 μὲν
1208 4492 1330 4549 τοὺς
1378 4494 1665 4559 συγγενεῖς,
1722 4485 1817 4561 ἀρ-

186 4587 449 4656 νούμενον
480 4577 542 4633 δε
570 4585 743 4633 πᾶσαν
772 4584 868 4639 τὴν
892 4581 1034 4633 κάτω
1066 4575 1246 4641 δόξαν,
1286 4582 1376 4631 καὶ
1401 4578 1600 4652 ὁρῶντα
1773 4576 1818 4647 ⁸)

186 4682 289 4736 τῆς
356 4671 614 4743 οὐρανίας
665 4678 846 4742 τιμῆς,
900 4673 989 4721 καὶ
1047 4675 1152 4729 τοῖς
1208 4669 1343 4721 κατὰ
1399 4668 1510 4720 θεὸν
1578 4662 1821 4737 ἀδελφοῖς

190 4766 579 4835 πνευματικῶς
655 4761 1054 4831 συναπτόμενον,
1126 4755 1460 4829 ἀρνήσασθαι
1534 4756 1665 4827 μετά
1730 4760 1822 4806 τοῦ

195 4851 330 4924 βίου
378 4854 473 4903 καὶ
519 4852 615 4907 τήν
670 4848 856 4903 ἐαυτοῦ
890 4846 1119 4919 ψυχήν⁸
1170 4847 1389 4920 ἄρνησις
1428 4840 1487 4897 δε
1528 4842 1717 4915 ψυχῆς
1764 4845 1822 4895 τό

195 4939 477 5014 μηδαμοῦ
505 4939 680 5001 ζητεῖν
724 4942 785 4991 τό
824 4936 1008 4991 εαυτοῦ
1040 4936 1257 5008 θέλημα,
1294 4937 1416 5007 θερα
1438 4936 1610 4987 πεύειν
1634 4931 1823 5003 μᾶλλον

200 5030 264 5085 δε
322 5031 524 5083 ἑαυτοῦ
555 5029 772 5101 θελημα,
825 5031 991 5081 πόιεῖν
1044 5029 1133 5079 τὸν
1159 5024 1425 5098 ἐφεστῶτα
1474 5029 1566 5075 τοῦ
1599 5024 1713 5074 θεοῦ
1744 5022 1826 5073 λό-

1991 3863 2056 3917 Et
2086 3860 2235 3915 haec
2266 3858 2539 3930 quidem,
2593 3875 2750 3930 quae
2781 3860 2860 3916 ad
2892 3877 3064 3933 spem
3092 3866 3393 3935 pertinent
3430 3870 3569 3927 ﬁnis

1922 3950 2011 4015 iis,
2039 3946 2143 4020 qui
2199 3944 2609 4019 philosophice
2652 3946 2852 4003 vivere
2882 3949 3211 4020 elegerunt,
3241 3955 3384 4011 satis
3418 3956 3578 4018 dicta

1921 4053 2054 4095 esse
2084 4051 2318 4093 censeo.
2345 4036 2587 4107 Oportet
2608 4035 2787 4106 igitur
2811 4042 3007 4095 cetera
3030 4055 3139 4097 nos
3160 4041 3401 4117 addere,
3430 4062 3578 4119 quo-

1923 4127 2107 4184 modo
2128 4126 2276 4182 tales
2295 4124 2447 4181 alius
2479 4123 2577 4180 alii
2599 4124 2809 4181 adesse
2829 4126 3109 4200 debeant,
3134 4131 3344 4203 quales
3373 4150 3579 4193 amare

1921 4216 2181 4282 labores,
2204 4213 2515 4287 quomodo
2535 4219 2807 4286 Oporteat
2822 4230 2926 4272 eos
2955 4234 3075 4274 una
3096 4236 3351 4289 currere,
3385 4224 3579 4283 donec

1925 4305 2004 4363 ad
2028 4319 2354 4377 supernam
2381 4303 2678 4359 civitatem
2706 4306 3077 4375 perveniant.

1997 4396 2236 4466 Oportet
2267 4406 2409 4462 ergo
2440 4408 2599 4461 eum,
2653 4392 2758 4464 qui
2788 4393 2969 4465 hujus
3014 4398 3165 4454 vitae
3197 4400 3580 4473 splendorem

1927 4498 2074 4556 pure
2097 4483 2465 4545 contemnat,
2488 4486 2544 4536 et
2574 4480 2833 4553 abneget
2861 4490 3171 4553 cognatos,
3204 4489 3582 4565 abnegetque

1930 4571 2107 4628 etiam
2133 4584 2377 4626 omnem
2404 4574 2701 4625 terrenam
2732 4569 3011 4639 gloriam,
3044 4580 3102 4629 et
3126 4574 3427 4635 intueatur
3452 4596 3582 4637 coe-

1930 4660 2137 4717 lestem
2184 4659 2500 4726 honorem,
2550 4656 2831 4713 fratribus
2870 4662 3206 4718 secundum
3237 4666 3425 4723 Deum
3457 4669 3581 4725 suis

1934 4747 2320 4821 spiritualiter
2370 4744 2745 4811 coniunctus,
2777 4746 3083 4819 abnegare
3133 4767 3255 4809 una
3294 4769 3432 4811 cum
3463 4756 3584 4815 vita

1932 4840 2110 4895 etiam
2144 4837 2408 4893 animam
2432 4850 2629 4891 suam.
2654 4834 2988 4906 Abnegatio
3008 4844 3209 4896 autem
3235 4841 3472 4900 animae
3496 4850 3586 4903 est

1934 4941 2249 4999 nunquam
2276 4938 2563 4996 quaerere
2589 4939 2764 4979 suam
2785 4924 3181 4993 voluntatem,
3209 4928 3397 4988 immo
3425 4932 3587 4989 subi-

1935 5032 2072 5088 gere
2130 5015 2437 5087 propriam
2494 5012 2880 5085 voluntatem,
2914 5013 3109 5071 facere
3148 5017 3380 5075 instans
3413 5020 3587 5079 nobis

1558 5181 1817 5238 VARIAE
1856 5176 2259 5235 LECTIONES.

218 5380 234 5393 ν

247 5378 510 5452 ίψεεντας.
559 5407 631 5452 τ
646 5378 707 5452 ,⁸)

237 5443 475 5523 )Ὀοιιὶ.
512 5443 801 5507 addimus
831 5450 916 5513 τά,
959 5443 1127 5520 quod
1150 5447 1211 5503 in
1243 5446 1376 5503 cod.
1412 5443 1804 5501 desideratur.

286 5309 341 5380 ε)
377 5306 523 5363 Cod.
557 5306 815 5364 κεκάθηκε
843 5336 912 5346 -
964 5304 1007 5375 ι)
1058 5301 1329 5369 Emend,
1364 5299 1499 5359 cod.
1529 5298 1828 5381 ἐκπέσομεν.
1882 5326 1950 5336 —
1983 5295 2028 5421 ἓ

286 5380 492 5421 Laurus
559 5407 629 5421 -
663 5378 707 5421 ἢ
768 5379 847 5421 Px
878 5376 1057 5421 anniL
1092 5374 1225 5421 and.
1260 5375 1332 5421 ὄν-
1379 5404 1445 5414 --
1474 5375 1519 5421 εὶ
1549 5374 1626 5421 Ex
1674 5385 1857 5421 com”
1911 5382 1982 5421 co

768 5379 849 5433 Ex
878 5374 1059 5445 coni.,
1092 5374 1225 5432 cod.
1260 5375 1332 5429 ὄν.
1379 5404 1445 5445 -τ
1474 5374 1627 5445 “)ljlx
1674 5374 1857 5435 coni.,
1911 5374 2044 5423 cod.

2084 5289 2355 5358 Emend.,
2389 5288 2523 5362 cod.
2563 5286 2929 5362 irray'yshlav.‘
2973 5321 3036 5331 —
3073 5292 3117 5362 ξ)
3147 5293 3417 5362 Emend.,
3456 5296 3592 5354 cod.

2078 5337 2355 5431 ἑξρῗῖῗέῖ
2379 5337 2685 5428 sumsit:
2706 5337 2888 5419 135:"
2905 5337 3033 5432 leg.
3064 5337 3597 5434 δῇἔῐῖῗόεὲῗῖζ

1806 5563 2062 5622 NOTAE.

295 5662 396 5738 (ι)
419 5661 562 5721 Phil.
594 5660 690 5731 Ill,
726 5661 813 5719 43.
