4086 6194
541 323 648 380 423

1870 312 1928 366 S.
1972 310 2274 368 MACARII
2312 312 2643 369 AEGYPTII

3805 317 3909 372 424

545 445 797 501 verbum
813 444 933 511 Dei,
954 457 1145 514 eoque
1166 440 1246 496 uti
1277 443 1566 510 tanquam
1589 435 1750 491 bono
1769 433 2185 504 gubernatore,

2301 454 2412 507 γον,
2453 439 2542 486 καὶ
2575 437 2742 505 τούτῳ
2770 437 3070 508 κεχρῆσθαι
3099 436 3330 507 καθάπερ
3363 433 3542 506 ἀγαθῷ
3580 435 3890 511 κυϐερνήτῃ,

540 531 1070 603 congregationem
1085 530 1334 586 fratrum
1351 543 1486 582 cum
1507 523 1828 582 concordia
1847 523 1923 578 ad
1951 528 2187 595 portum

539 622 861 679 voluntatis
888 621 984 676 Dei
1012 621 1322 690 dirigente.
1367 616 1670 673 Possidere
1698 618 1896 669 autem
1929 612 2075 668 nihil
2095 613 2194 667 de-

537 711 644 768 bes
675 712 768 766 vel
808 711 1121 766 nominare
1179 706 1490 780 proprium
1542 710 1708 760 extra
1734 701 1814 767 id,
1839 702 2005 774 quod
2033 717 2193 757 com-

540 817 722 857 mune
735 807 841 865 est,
857 806 1280 872 praeterquam
1308 795 1556 867 pallium
1578 809 1698 865 quo
1717 807 1936 862 corpus
1957 791 2188 861 tegitur.

541 890 765 945 Etenim
799 889 846 943 si
875 887 1018 943 nihil
1045 903 1251 942 eorum
1307 885 1510 951 habet,
1543 882 1650 936 sed
1682 887 1894 936 exutus
1923 886 2010 935 est
2056 895 2191 951 pro-

536 979 702 1052 priae
762 979 913 1033 vitae
967 993 1129 1040 cura,
1161 973 1500 1031 communis
1527 973 1633 1026 erit
1666 970 1845 1041 208
1877 969 2194 1024 necessitu-

537 1067 694 1123 dinis
726 1067 1012 1130 minister,
1059 1070 1115 1119 et
1140 1062 1618 1135 praepositorum
1646 1061 1878 1114 iussum
1923 1075 2059 1113 cum
2092 1073 2194 1112 vo-

536 1155 760 1228 luptate
787 1161 842 1209 et
872 1170 976 1226 spe
1007 1157 1282 1226 prompte
1327 1151 1607 1223 perﬁciet,
1633 1155 1922 1219 tanquam
1965 1146 2193 1218 probus

536 1260 606 1300 ac
624 1243 876 1315 simplex
905 1259 1110 1298 servus
1137 1242 1368 1305 Christi,
1404 1239 1481 1295 ad
1508 1252 1895 1293 communem
1945 1235 2193 1292 fratrum

534 1331 1409 1400 necessitudinemredemptus.
1430 1327 1718 1382 Hocenim
1759 1326 2046 1379 Dominus
2073 1322 2196 1379 vult

535 1428 863 1494 monetque
881 1422 1086 1476 dicens
1116 1437 1126 1474 :
1164 1420 1418 1486 Quivult
1438 1419 1592 1472 inter
1617 1431 1715 1472 vos
1747 1417 1978 1484 primus
2010 1421 2193 1471 esseet

534 1518 937 1582 magnus,esto
953 1510 1207 1565 omnium
1223 1507 1565 1564 novissimus
1579 1513 1632 1562 et
1648 1507 1910 1560 omnium
1924 1505 2196 1559 minister

533 1608 590 1656 et
605 1601 868 1657 omnium
891 1615 1095 1656 servus
1119 1599 1218 1670 (t).
1257 1599 1501 1669 Oportet
1526 1596 1703 1665 igitur
1731 1596 2072 1648 servitutem
2094 1609 2197 1648 co-

533 1705 663 1746 ram
703 1688 1054 1745 hominibus
1113 1687 1549 1743 infructuosam
1598 1700 1745 1749 esse,
1775 1698 1970 1755 neque
2003 1683 2192 1737 ullum

2303 527 2361 576 τὸ
2412 527 2581 576 κοινὸν
2639 531 2733 583 τῆς
2788 520 3130 596 ἀδελφότητος
3183 523 3436 598 πλήρωμα
3488 525 3598 596 μεθ’
3658 526 3898 596 ὁμονοίας

2310 612 2394 664 ἐπὶ
2451 616 2537 664 τὸν
2590 611 2768 684 λιμένα
2818 620 2909 664 τοῦ
2969 613 3249 684 θελήματος
3279 620 3369 664 τοῦ
3422 616 3536 665 θεοῦ
3590 614 3852 666 εύθύνοντι
3889 636 3903 648 ο

2303 704 2591 761 κεκτῆσθαι
2631 699 2690 754 δὲ
2721 699 2870 754 οῦδὲν
2900 707 3010 776 χρὴ
3053 703 3083 762 ἡ
3128 704 3174 773 ¹)
3210 702 3480 774 ὀνομάζειν
3511 699 3649 756 ἴδιον
3681 707 3823 778 παρά
3849 708 3911 757 τό

2305 796 2492 856 κοινόν,
2546 791 2676 850 πλὴν
2725 798 2815 843 τοῦ
2870 795 2927 843 τὸ
2987 800 3138 864 σῷμα
3189 791 3533 853 καλύπτοντος
3585 792 3813 864 ἱματίου.
3869 794 3915 846 εἰ

2303 885 2400 954 γὰρ
2445 878 2611 952 μηδὲν
2649 883 2761 952 ἔχει
2801 884 3015 945 τούτων,
3059 881 3186 933 ἀλλά
3222 885 3412 952 γυμνὸς
3452 885 3528 938 εἴη
3573 884 3618 952 ³)
3657 890 3751 944 τῆς
3791 881 3915 934 καθ’

2307 970 2483 1021 ἑαυτὸν
2537 977 2627 1021 τοῦ
2678 969 2796 1042 βίου
2847 967 3140 1044 φροντίδος,
3188 979 3277 1030 τῆς
3307 979 3483 1032 κοινῆς
3524 973 3674 1022 ἔσται
3725 977 3918 1044 χρείας

2311 1061 2643 1132 θεραπευτής,
2686 1063 2772 1111 xui
2817 1063 2873 1111 τὸ
2918 1062 3059 1132 παρὰ
3097 1068 3196 1111 τῶν
3246 1066 3585 1134 προεστώτων
3629 1059 3917 1113 ἐπιτασσὸ-

2306 1167 2450 1220 μενον
2504 1149 2616 1220 μεθ’
2669 1145 2867 1210 ἡδονῆς
2920 1155 3006 1200 καὶ
3061 1145 3272 1210 ἐλπίδος
3315 1151 3593 1223 προθύμως
3641 1149 3909 1215 ἐπιτελῶν,

2307 1241 2536 1310 καθάπερ
2566 1242 2740 1300 εῦνους
2769 1244 2859 1290 καὶ
2898 1239 3090 1299 ἁπλοῦς
3131 1235 3317 1301 δοῦλος
3345 1247 3438 1291 τοῦ
3478 1247 3733 1314 Χριστοῦ,
3784 1245 3923 1312 πρὸς

2306 1332 2398 1384 τὴν
2450 1332 2625 1385 κοινὴν
2675 1336 2772 1380 τῶν
2827 1324 3058 1399 ἀδελφῶν
3115 1333 3300 1400 χρείαν
3343 1329 3713 1402 ἠγορασμένος.
3762 1336 3922 1381 τοῦτο

2304 1420 2404 1490 γὰρ
2436 1418 2461 1468 ὁ
2500 1421 2682 1489 κύριος
2724 1416 2964 1488 βούλεται
3005 1423 3093 1469 καὶ
3132 1425 3373 1492 παραινεῖ
3410 1419 3600 1489 λέγων·
3645 1421 3670 1470 ὁ
3712 1420 3922 1471 θέλων

2306 1505 2362 1557 ἐν
2401 1508 2549 1577 ύμῖν
2583 1503 2748 1558 εἶναι
2779 1517 3027 1582 πρῶτος
3058 1513 3168 1559 καὶ
3211 1512 3429 1580 μέγας,
3464 1511 3626 1559 ἔστω
3665 1510 3923 1560 πάντων

2305 1598 2608 1667 ἔσχατος,
2659 1600 2770 1648 xui
2819 1605 3068 1648 πάντων
3120 1594 3448 1666 διάκονος,
3501 1603 3608 1649 καὶ
3656 1599 3923 1650 πάντων

2306 1680 2550 1746 δοῦλος.
2591 1691 2699 1758 χρὴ
2740 1682 2826 1737 οὖν
2881 1690 2972 1743 τὴν
3012 1683 3249 1738 δουλείαν
3291 1690 3435 1762 παρὰ
3471 1695 3580 1748 τοῖς
3624 1686 3923 1761 ἀνθρώποις

534 1779 813 1834 servienti
846 1778 1058 1833 afferre
1090 1777 1380 1832 honorem
1439 1774 1528 1828 vel
1557 1773 1833 1845 gloriam,
1879 1788 1952 1826 ne
1984 1779 2185 1827 contra

2303 1775 2536 1848 ἄκαρπον
2577 1772 2725 1836 εἶναι,
2768 1780 2856 1827 καὶ
2897 1771 3163 1847 μηδεμίαν
3207 1781 3462 1850 φέρουσαν
3505 1785 3577 1847 τῷ
3615 1774 3922 1830 δουλεύοντι

534 1869 900 1939 Scripturam
925 1867 1098 1939 quasi
1135 1865 1469 1922 hominibus
1493 1865 1741 1934 placens
1767 1861 2059 1925 videatur,
2090 1877 2192 1931 ap-

533 1965 815 2028 pareatve
843 1957 924 2012 ad
940 1957 1177 2012 oculum
1195 1954 1454 2011 serviens
1479 1953 1576 2024 (2),
1606 1967 1799 2023 neque
1820 1949 2188 2016 hominibus,

537 2045 643 2100 sed
679 2051 737 2099 ut
764 2045 877 2117 ipsi
925 2045 1178 2100 Domino
1206 2043 1491 2110 serviens,
1542 2045 1890 2111 arctamque
1915 2039 2073 2093 viam
2108 2039 2193 2093 in-

531 2134 766 2190 sistens.
803 2135 910 2190 Uni
954 2133 1110 2188 illius
1167 2133 1308 2202 iugo
1360 2135 1636 2203 prompte
1690 2128 1907 2184 collum
1936 2127 2192 2182 submit-

532 2229 686 2291 tens,
715 2224 897 2296 idque
929 2229 1174 2295 portans
1214 2221 1604 2284 continenter,
1639 2221 1696 2273 in
1750 2218 2051 2289 voluptate
2078 2216 2194 2272 fer-

532 2318 627 2369 tur
653 2313 729 2368 ad
753 2312 935 2368 ﬁnem
960 2328 1096 2366 cum
1120 2311 1281 2365 bona
1304 2325 1430 2381 spe.
1467 2308 1648 2363 Debet
1676 2309 1853 2376 igitur
1885 2306 2190 2362 subiectus

530 2417 659 2457 esse
690 2401 994 2466 omnibus,
1030 2403 1089 2454 et
1119 2406 1407 2470 tanquam
1441 2397 1628 2452 mutui
1671 2397 1791 2451 dati
1836 2395 2068 2451 debitor
2087 2396 2193 2450 mi-

530 2491 787 2546 nistrare
820 2489 1124 2553 fratribus,
1155 2488 1426 2542 omnium
1459 2486 1616 2541 curis
1643 2485 1702 2540 in
1751 2485 1951 2540 anima
1973 2501 2084 2539 sua
2107 2500 2194 2539 re-

534 2579 766 2651 positis,
813 2578 1194 2648 reddensque
1251 2575 1514 2630 debitam
1575 2573 1906 2630 caritatem.
1949 2575 2188 2644 Oportet

537 2673 738 2724 autem
788 2667 969 2723 etiam
1020 2666 1395 2738 praepositos
1441 2662 1765 2734 spiritualis
1797 2663 1959 2718 chori
2010 2679 2189 2718 curae

529 2757 642 2812 sibi
659 2756 1059 2812 incumbentis
1086 2753 1565 2823 magnitudinem
1583 2753 2191 2824 intuentes,artesque

529 2845 871 2901 insidiantis
888 2844 1024 2899 ﬁdei
1057 2842 1314 2898 malitiae
1339 2843 1734 2909 attendentes,
1755 2841 1935 2909 digne
1958 2841 2187 2912 praesi-

524 2935 634 2992 dio
673 2951 781 2991 suo
808 2939 1051 2997 certare,
1081 2948 1188 2988 nec
1245 2931 1324 2987 ob
1357 2935 1707 3002 potestatem
1736 2945 2045 2985 assumere
2077 2930 2190 3001 spi-

524 3025 727 3081 ritum.
771 3026 887 3079 Hoc
919 3021 1080 3077 enim
1099 3021 1230 3077 loco
1247 3025 1332 3076 est
1364 3019 1714 3092 periculum.
1751 3021 1815 3074 Et
1845 3023 1982 3074 sunt
2010 3035 2184 3091 quos,

523 3130 662 3170 cum
694 3113 899 3169 ceteris
926 3112 1046 3166 iam
1079 3126 1141 3166 se
1173 3116 1476 3182 praestare
1531 3113 1828 3180 putarent.
1858 3123 2078 3180 eovque
2109 3107 2185 3164 ad

521 3208 827 3261 aeternam
853 3202 1068 3256 ducere
1094 3201 1300 3265 vitam,
1335 3199 1587 3262 latuerit,
1614 3197 1897 3268 superbia
1935 3213 1996 3252 se
2025 3197 2188 3269 ipsos

522 3292 780 3348 interire.
835 3290 1061 3344 Debent
1109 3289 1288 3358 igitur
1337 3287 1394 3340 in
1447 3285 1746 3358 praesidio
1796 3286 1927 3357 plus
1981 3285 2187 3340 ceteris

521 3380 847 3453 praepositi
873 3378 1166 3442 laborare,
1193 3376 1481 3432 humilius
1496 3381 1696 3430 autem
1723 3374 2009 3430 subiectis
2026 3375 2185 3444 cogi-

522 3475 666 3534 tare,
698 3473 877 3539 atque
908 3475 1116 3538 typum
1158 3465 1450 3520 servitutis
1490 3464 1653 3518 viam
1687 3480 1859 3518 suam
1897 3464 2184 3535 praebere

523 3557 821 3620 fratribus,
851 3562 1027 3627 atque
1057 3554 1397 3624 depositum
1425 3553 1523 3607 Dei
1555 3551 1902 3607 existimare
1935 3567 2060 3617 eos,
2081 3552 2184 3624 qui

523 3647 633 3703 sibi
655 3645 976 3702 concrediti
1009 3649 1164 3698 sunt.
1202 3643 1425 3697 Etenim
1460 3643 1505 3696 si
1543 3642 1624 3697 ita
1656 3657 1716 3696 se
1748 3642 1989 3708 habent,
2023 3657 2184 3696 exer-

520 3742 717 3793 centes
759 3733 939 3789 simul
979 3739 1251 3789 sanctum
1295 3731 1625 3786 ministerio
1667 3746 1775 3786 suo
1815 3730 2088 3799 chorum,
2126 3736 2183 3786 et

519 3826 852 3882 doctrinam
883 3823 1213 3878 secundum
1243 3821 1531 3892 cuiusque
1554 3821 1961 3874 necessitatem
1979 3820 2178 3890 palam

518 3919 942 3988 proponentes,
964 3911 1039 3968 ad
1073 3910 1426 3965 salvandum
1459 3909 1676 3981 cuique
1707 3916 2177 3964 consentaneum

519 4005 814 4069 ordinem,
844 4003 900 4056 in
933 4001 1169 4056 occulto
1211 4016 1350 4054 vero
1395 3999 1795 4053 humilitatem
1839 4004 2178 4053 exercentes

517 4096 575 4150 in
610 4099 830 4159 mente,
858 4098 1145 4161 tanquam
1165 4089 1338 4160 probi
1363 4088 1609 4142 ministri
1639 4087 1820 4141 fidem
1848 4093 2174 4165 servantes,

520 4197 808 4251 magnam
828 4180 1264 4236 sibilucrantur
1297 4177 1400 4232 tali
1441 4177 1562 4231 vita
1597 4176 1952 4231 mercedem.
1999 4177 2176 4248 209

519 4272 610 4327 Sic
656 4271 835 4338 igitur
878 4283 1085 4323 eorum
1118 4283 1324 4321 curam
1378 4281 1578 4337 gerere
1632 4264 1872 4328 debent,
1922 4269 1984 4319 ut
2030 4265 2174 4321 boni

515 4359 782 4428 magistri
817 4371 1136 4428 puerorum
1170 4359 1530 4418 tenerorum,
1565 4354 1668 4424 qui
1705 4352 1818 4406 sibi
1847 4353 2173 4410 concraditi

515 4454 652 4502 sunt
673 4463 708 4502 a
738 4445 1005 4518 patribus
1020 4459 1246 4498 eorum.
1271 4446 1416 4498 Nam
1441 4441 1542 4510 illi,
1567 4457 1892 4513 puerorum
1909 4442 2170 4500 indolem

2304 1868 2460 1934 τιμὴν
2512 1861 2652 1935 μηδὲ
2710 1861 2888 1930 δόξαν,
2944 1867 3079 1925 ὅπως
3138 1870 3209 1937 μὴ
3257 1868 3398 1939 παρὰ
3448 1869 3506 1918 τὸ
3558 1873 3916 1939 γεγραμμένον

2305 1951 2853 2025 ἀνθρωπάρεσκος
2910 1959 3163 2025 φαίνοιτο,
3223 1955 3572 2026 σχηματίζων
3623 1955 3806 2007 ἑαυτὸν
3869 1955 3922 2008 έν

2306 2039 2886 2114 ὁφθαλμοδουλείᾳ
2915 2042 2980 2113 ³),
3014 2040 3152 2114 μηδὲ
3183 2042 3492 2116 ἀνθρώποις,
3534 2043 3639 2095 ἀλλ’
3675 2047 3745 2106 ὡς
3775 2046 3925 2116 αύτῷ

2307 2138 2378 2199 τῷ
2431 2135 2595 2202 κυρίῳ
2659 2127 2934 2196 δουλεύων,
2989 2137 3078 2184 καὶ
3127 2137 3219 2190 τὴν
3278 2132 3616 2204 τεθλιμμένην
3672 2131 3924 2205 βαδίζων

2305 2216 2428 2271 ὁδόν
2462 2240 2475 2251 ·
2511 2219 2582 2271 ἑνὶ
2627 2222 2668 2288 ‘)
2702 2229 2774 2290 τῷ
2825 2220 3016 2273 ἐκείνου
3060 2222 3204 2292 ζυγῷ
3251 2224 3528 2295 προθύμως
3578 2223 3778 2282 ύποθεὶς
3831 2227 3925 2276 τὸν

2305 2309 2525 2380 αύχένα,
2566 2315 2656 2361 καὶ
2701 2307 2986 2381 βαστάζων
3031 2307 3126 2362 διά
3171 2311 3360 2375 τέλους,
3413 2309 3460 2361 ἐν
3505 2308 3666 2384 ἡδονῇ
3711 2316 3924 2384 φέρεται

2302 2402 2430 2470 πρὸς
2478 2402 2535 2450 τὸ
2583 2399 2726 2460 τέλος
2772 2402 2901 2471 μετὰ
2949 2399 3149 2467 ἀγαθῆς
3189 2397 3417 2460 ἐλπίδος.
3466 2397 3550 2452 δεῖ
3588 2397 3675 2452 οὖν
3725 2403 3926 2454 ύποτε-

2300 2489 2501 2559 τάχθαι
2547 2493 2702 2552 πᾶσι,
2752 2492 2842 2539 καὶ
2887 2490 3119 2560 καθάπερ
3176 2485 3383 2540 δανείου
3444 2495 3720 2563 χρεώστην
3768 2493 3929 2563 θερα-

2301 2579 2471 2628 πεύειν
2530 2580 2645 2636 τούς
2705 2573 2976 2648 ἀδελφοὺς,
3040 2580 3128 2637 τὰς
3173 2578 3298 2650 ὑπὲρ
3367 2580 3566 2631 πάντων
3625 2577 3918 2651 φροντίδας

2303 2664 2664 2736 ἐναποθέμενον
2704 2673 2764 2737 τῇ
2818 2665 2999 2738 ψυχῇ,
3036 2671 3125 2718 xui
3176 2665 3575 2741 ἀποπληροῦντα
3623 2673 3716 2726 τὴν
3770 2669 3920 2741 ὀφει-

2300 2753 2516 2825 λομένην
2569 2754 2773 2825 ἀγάπην
2805 2771 2816 2783 ’
2855 2760 2963 2826 χρὴ
3019 2751 3078 2807 δὲ
3129 2759 3218 2806 xui
3268 2759 3384 2818 τοὺς
3430 2765 3762 2829 προεστῶτας
3819 2766 3922 2810 τοῦ

2299 2851 2651 2914 πνευματικοῦ
2690 2851 2859 2918 χοροῦ
2897 2846 2955 2895 τὸ
2995 2846 3204 2915 μέγεθος
3249 2852 3333 2906 τῆς
3375 2845 3540 2898 αὐτῶν
3585 2854 3919 2911 σκοποῦντας

2301 2928 2573 3007 φροντίδος
2609 2934 2657 3003 ⁵)
2698 2937 2788 2983 καὶ
2841 2939 2932 2992 τῆς
2968 2930 3344 3007 έφεδρευούσης
3381 2939 3468 2992 τὴν
3502 2940 3683 2987 πίστιν
3726 2941 3926 3000 κακίας

2300 3020 2669 3094 λογιζομένους
2706 3024 2797 3082 τάς
2835 3024 3048 3093 τέχνας,
3091 3021 3248 3084 ἀξίως
3285 3031 3376 3083 τῆς
3416 3023 3731 3086 ἐπιστασίας

2298 3112 2554 3177 νίζεσθαι,
2598 3115 2668 3182 μὴ
2697 3114 2826 3185 πρὸς
2857 3115 2948 3169 τὴν
2989 3110 3226 3173 ἐξουσίαν
3268 3113 3600 3180 ἀναιροῦντας
3650 3119 3923 3188 φρόνημα,

2297 3197 2540 3261 κίνδυνος
2566 3202 2664 3271 γὰρ
2700 3198 2920 3251 ἐνταῦθα
2950 3216 2967 3232 ⁶
2991 3205 3079 3252 καὶ
3109 3219 3238 3262 τινες
3271 3198 3378 3260 ἤδη
3412 3199 3684 3264 δοκοῦντες
3724 3205 3769 3274 ⁸)
3812 3205 3928 3258 ἐτέ-

2296 3308 2398 3362 ρων
2433 3290 2769 3360 προεστάναι,
2812 3293 2898 3340 καὶ
2945 3292 3156 3350 τούτους
3203 3289 3288 3341 ἐπὶ
3335 3296 3427 3348 τὴν
3476 3291 3712 3363 οὐράνιον
3758 3294 3925 3345 εὐθύ-

2299 3395 2403 3428 σειν
2457 3380 2612 3444 ζωήν,
2667 3378 2845 3429 ἔλαθον
2913 3379 3012 3430 ὑπὸ
3071 3384 3398 3450 φρονήματος
3446 3380 3658 3443 ἑαυτούς
3723 3381 3925 3436 ἀπολέ-

2300 3485 2494 3527 σαντες.
2531 3463 2615 3518 δεῖ
2638 3463 2724 3518 οὖν
2755 3466 2804 3518 ἐν
2830 3474 2890 3538 τῇ
2929 3466 3215 3540 ἐπιστασίᾳ
3244 3470 3462 3540 μείζονα
3489 3473 3578 3542 μὲν
3611 3479 3708 3522 τῶν
3738 3472 3920 3527 οἰλλων

2295 3559 2416 3616 τούς
2457 3564 2785 3629 προεστῶτας
2826 3563 3016 3621 πονεῖν,
3055 3563 3388 3628 ταπεινότερα
3433 3556 3492 3611 δε
3528 3568 3624 3611 τῶν
3671 3558 3917 3633 ἀρχομ-

2293 3664 2387 3696 νων
2414 3651 2631 3718 φρονεῖν,
2666 3650 2752 3696 καὶ
2786 3648 2946 3697 τύπον
2988 3643 3221 3706 δουλείας
3256 3651 3342 3699 τὸν
3376 3647 3562 3700 ἑαυτοῦ
3606 3647 3725 3720 βίον
3763 3670 3910 3723 παρ-

2293 3737 2432 3804 έχειν
2479 3742 2588 3794 τοῖς
2643 3732 2901 3806 ἀδελφοῖς,
2970 3739 3419 3809 παρακαταθήκην
3481 3740 3596 3790 θεοῦ
3653 3744 3907 3809 νομίζον-

2292 3841 2379 3882 τας
2427 3825 2588 3893 ἔχειν,
2631 3824 2721 3884 οῦς
2773 3823 3187 3882 ἐπιστεύθησαν.·
3238 3826 3278 3878 εἰ
3327 3829 3428 3899 γὰρ
3486 3828 3646 3888 οὕτως
3699 3831 3901 3900 ἔχοιεν,

2292 3919 2696 3984 συγκροτοῦντες
2732 3915 2818 3963 τὸν
2868 3915 2999 3984 ἱερὸν
3051 3922 3112 3986 τῇ
3167 3917 3411 3987 θεραπείᾳ
3446 3921 3624 3990 χορὸν,
3672 3924 3764 3970 καὶ
3803 3924 3905 3978 τὴν

2289 4005 2377 4072 μὲν
2406 3997 2646 4072 διδαχὴν
2677 4005 2812 4053 κατὰ
2831 4007 2923 4059 τὴν
2949 4003 3168 4055 ἑκάστου
3194 4009 3380 4078 χρείαν
3411 4005 3461 4056 ἐν
3493 4015 3688 4078 φανερῷ
3717 4013 3906 4061 ποιού-

2288 4108 2450 4161 μενοι,
2483 4095 2607 4162 πρὸς
2647 4095 2705 4142 τὸ
2749 4095 2932 4154 σώζειν
2975 4097 3066 4150 τὴν
3108 4092 3327 4146 ἑκάστου
3369 4098 3669 4166 πρέπουσαν
3725 4097 3898 4162 τάξιν,

2289 4181 2335 4230 ἓν
2369 4188 2440 4250 τῷ
2478 4188 2690 4253 κρυπτῷ
2724 4177 2780 4232 δὲ
2823 4185 2957 4233 κατά
2996 4178 3232 4234 διάνοιαν
3265 4187 3358 4240 τὴν
3390 4189 3896 4258 ταπεινοφροσύνην,

2285 4271 2516 4339 καθάπερ
2568 4270 2881 4342 εὐγνώμονες
2948 4267 3128 4324 δοῦλοι
3192 4280 3467 4344 τηροῦντες
3528 4279 3620 4332 τὴν
3686 4281 3896 4344 πίστιν,

2282 4362 2444 4429 μέγαν
2501 4357 2702 4420 ἑαυτοῖς
2753 4358 3057 4433 ἐργάζονται
3112 4369 3184 4431 τῷ
3240 4364 3457 4432 τοιούτῳ
3487 4361 3589 4434 βίῳ
3646 4366 3843 4434 μισθόν
3884 4405 3896 4418 .

2282 4447 2441 4507 οὕτως
2487 4444 2573 4499 οὖν
2626 4445 2760 4521 [δεῖ]
2805 4449 2853 4518 ⁷)
2903 4447 3259 4519 ἐπιμελεῖσθαι
3302 4450 3488 4515 αὐτῶν,
3535 4455 3603 4513 ώς
3643 4454 3704 4503 ἄν
3756 4473 3900 4526 χρη-

514 4541 870 4608 spectantes,
922 4534 1017 4590 alii
1093 4533 1365 4597 verbera,
1420 4531 1514 4587 alii
1581 4531 2003 4603 correptiones,
2073 4534 2170 4589 alii

2297 4540 2397 4587 rroi
2444 4533 2777 4608 παιδαγωγοὶ
2825 4533 3028 4590 παίδων
3078 4537 3306 4604 ἁπαλῶν,
3361 4540 3450 4600 ούς
3503 4542 3898 4599 ἐπιστεύθησαν

512 4625 774 4691 laudem,
809 4624 905 4680 alii
939 4622 1095 4679 aliud
1125 4621 1470 4676 huiusmodi
1506 4619 1781 4690 afferunt,
1810 4637 2002 4693 neque
2031 4638 2167 4677 cum

512 4716 936 4787 studio,neque
961 4727 1097 4768 cum
1124 4710 1263 4767 odio
1290 4710 1622 4782 quidquam
1648 4725 1846 4765 eorern
1864 4711 2164 4776 faciundo,

511 4803 619 4860 sed
651 4804 801 4859 sicut
831 4802 910 4858 rei
939 4800 1239 4869 convenit,
1273 4804 1328 4854 et
1355 4799 1520 4870 pueri
1553 4797 1820 4870 postulat
1847 4803 2081 4862 natura,
2106 4804 2169 4854 ut

508 4895 657 4950 ﬁant
685 4890 863 4949 huius
888 4892 1044 4946 vitae
1070 4889 1347 4945 homines
1361 4885 1779 4960 honesti.[Sic]
1798 4903 1904 4943 nos
1923 4903 2167 4960 quoque

508 4987 741 5055 oportet
765 4981 930 5038 omni
961 4979 1098 5036 odio
1130 4978 1190 5034 in
1221 4978 1462 5035 fratrem
1496 4975 1782 5048 omnique
1823 4978 2166 5048 arrogantia

2279 4628 2421 4698 παρά
2467 4635 2566 4678 τών
2611 4632 2841 4702 πατέρων
2881 4627 3049 4679 αὐτῶν
3083 4632 3302 4682 ’ἐκεῖνοι
3349 4632 3471 4703 γάρ,
3530 4639 3630 4682 τῶν
3679 4630 3897 4684 παίδων

2279 4717 2371 4776 τάς
2417 4715 2544 4777 ἔξεις
2585 4724 2915 4782 σκοποῦντες,
2973 4726 3044 4788 τῷ
3098 4721 3187 4788 μὲν
3234 4719 3455 4789 πληγὰς,
3501 4727 3570 4790 τῷ
3615 4717 3675 4772 δὲ
3709 4724 3898 4775 νουθε-

2280 4808 2417 4869 σίας,
2463 4813 2533 4875 τῷ
2583 4802 2641 4857 δε
2688 4808 2913 4872 ἔπαινον,
2955 4814 3025 4876 τῷ
3066 4801 3125 4858 δε
3167 4807 3290 4860 ἄλλο
3339 4828 3385 4861 τι
3435 4815 3668 4861 τοιοῦτον
3723 4830 3894 4884 προσ-

2276 4895 2516 4963 άγουσιν,
2553 4891 2703 4947 οῦδὲν
2744 4899 2860 4948 οὔτε
2897 4898 3020 4969 πρὸς
3062 4898 3222 4969 χάριν
3263 4900 3378 4950 οὔτε
3418 4901 3545 4970 πρὸς
3592 4897 3889 4970 ἀπέχθειαν

2279 4983 2472 5032 τούτων
2516 4990 2798 5049 ποιοῦντες,
2845 4981 2952 5035 ἀλλ’
2991 4985 3060 5046 ὡς
3093 4982 3250 5044 ἀνῆκε
3288 4992 3379 5038 τοῦ
3418 4987 3753 5060 πράγματος,
3800 4982 3893 5041 καὶ

1845 5166 2099 5222 VARIAE
2131 5165 2417 5224 LECTION
2425 5169 2507 5225 ES
2519 5210 2530 5223 .

583 5328 633 5399 ¹)
671 5326 842 5399 coni.
887 5323 1032 5399 add.
1076 5324 1133 5388 ἢ,
1163 5321 1224 5399 in
1271 5320 1382 5376 cod
1413 5317 1821 5399 desideratur;
1853 5349 1919 5358 —
1961 5319 2006 5399 ιὶ
2038 5319 2130 5375 Sic
2178 5320 2312 5399 cod.
2362 5351 2413 5361 -
2443 5320 2488 5392 ³)
2522 5321 2791 5399 Emegd_.,
2833 5322 2968 5378 cod.
3010 5321 3494 5399 ὄφθαλμωδοᾼυλείᾳ.
3528 5356 3596 5366 -
3650 5325 3697 5399 ξ)
3732 5327 3881 5385 Cod.

502 5381 782 5468 ἆνὶί-ζῖ)
812 5381 1248 5460 Εωθηάηοοό.
1285 5387 1581 5466 φροντίδας.
1609 5421 1678 5432 -
1707 5391 1750 5461 ⁸)
1783 5381 2053 5456 Emend.
2092 5391 2226 5446 cod.
2261 5381 2532 5454 δοκῶντὶς.
2566 5421 2634 5433 -
2661 5391 2701 5464 ⁷)
2735 5381 2958 5451 diioui.
3002 5381 3398 5461 cod.,'addidi
3428 5381 3501 5454 ex
3527 5381 3688 5454 coni:

2070 5515 2326 5573 NOTAE.

505 5646 888 5788 xxtitl)l,Mi:irc.
915 5645 1002 5711 1x,
1035 5644 1104 5701 34
1151 5659 1168 5712 ;
1201 5643 1264 5710 X,
1301 5641 1370 5699 43
1400 5656 1472 5716 sq
1503 5656 1540 5710 .;
1563 5639 1762 5702 Matth.
1787 5641 1891 5710 XX,
1923 5640 1994 5697 26
2042 5655 2158 5714 sq.,

2345 5641 2424 5715 (2)
2451 5642 2597 5715 Eph.
2633 5641 2722 5714 VI,
2754 5644 2806 5711 6,
2835 5651 2889 5715 7;
2917 5645 3039 5704 Col.
3072 5643 3162 5718 Ill,
3193 5641 3283 5704 22.
