4086 6194
260 291 375 347 425

1737 290 2150 348 EPISTOLAE.

3534 301 3642 357 426

250 416 275 466 6
304 421 402 467 τοῦ
451 408 651 475 παιδὸς
693 411 899 465 ἀπαιτεῖ
926 416 1139 484 τρόπος,
1181 410 1252 472 εἰς
1300 414 1356 465 τό
1399 414 1642 483 γενέσθαι
1675 413 1842 466 αὐτού

1983 415 2248 485 seposita
2272 414 2350 471 ad
2380 415 2669 489 cuiusque
2702 418 2984 478 virtutem
3013 436 3084 478 ac
3114 425 3376 479 mentem
3404 438 3640 480 accom-

248 512 346 556 τοῦ
401 502 529 576 βίου
588 506 773 556 τούτου
833 504 1072 573 σεμνούς.
1128 502 1309 575 [οὕτω]
1342 502 1386 573 ¹)
1434 506 1523 555 καὶ
1574 504 1714 574 ἡμᾶς
1758 508 1864 575 χρὴ

250 598 354 644 πᾶν
401 599 560 664 μῖσος
600 582 741 643 κατὰ
799 597 892 643 τοῦ
940 586 1166 662 ἀδελφοῦ
1215 594 1305 641 καὶ
1356 595 1531 643 πᾶσαν
1578 588 1862 644 αὐθάδειαν

250 681 606 753 ἀποθεμένους
648 684 777 753 πρὸς
809 684 901 739 τὴν
947 679 1150 751 ἑκάστῳ
1191 680 1235 751 ³)
1268 677 1492 751 δύναμιν
1532 686 1623 733 καὶ
1652 686 1861 754 γνώμην

250 771 503 843 ἁρμόζειν
549 772 635 823 τὸν
675 770 829 841 λόγον
861 786 873 799 ·
900 773 956 822 τό
1012 773 1057 837 ³)
1110 772 1200 841 μὲν
1251 768 1583 842 ἐπιτίμησον,
1626 775 1681 823 τό
1723 772 1767 843 ⁸)
1802 768 1861 824 δι

244 863 583 924 νουθέτησον,
654 857 803 911 ἄλλον
859 857 1242 929 παρακάλεσον,
1300 862 1426 930 πρὸς
1484 864 1579 917 τὴν
1636 860 1859 912 ἑκάστου

244 954 455 1023 χρείαν,
484 949 721 1021 καθάπερ
771 947 946 1020 ἰατρός
990 945 1187 1017 ἀγαθὸς
1231 949 1513 1019 προσάγων
1557 951 1615 1000 τὸ
1647 951 1857 1024 φάρμα-

246 1057 356 1093 κον.
415 1036 605 1098 ἄκεῖνος
661 1039 752 1108 μὲν
802 1038 929 1109 γάρ,
984 1038 1113 1109 πρὸς
1173 1039 1239 1087 τὰ
1284 1037 1425 1093 πάθη
1500 1045 1729 1103 σκοπῶν,
1785 1046 1857 1107 τῷ

250 1131 341 1199 μὲν
393 1132 576 1199 πρᾷον,
639 1133 713 1195 τῷ
767 1121 826 1178 δε
886 1121 1233 1199 σφοδρότερον
1290 1126 1510 1183 έπίθηκε
1562 1128 1854 1197 φάρμακον,

247 1213 419 1269 οὐδενὶ
456 1224 554 1267 τῶν
599 1217 876 1286 θεραπείας
920 1210 1172 1285 δεομένων
1220 1212 1533 1287 ἀχθόμενος,
1567 1213 1695 1267 ἀλλά
1740 1222 1856 1276 ταῖς

242 1306 471 1375 πληγαῖς
524 1308 615 1356 καὶ
661 1311 773 1365 τοῖς
823 1322 1065 1376 σωμασιν
1112 1302 1356 1375 ἁρμόζων
1391 1308 1485 1362 τὴν
1525 1308 1738 1375 τέχνην.
1788 1308 1853 1356 σὺ

239 1391 299 1447 δε
356 1392 633 1446 ἀκολούθει
686 1402 749 1465 τῇ
825 1398 985 1466 χρείᾳ
1039 1400 1132 1445 τοῦ
1183 1398 1511 1466 πράγματος,
1567 1394 1706 1455 ὅπως
1763 1397 1850 1451 τὴν

232 1484 426 1554 ψυχὴν
472 1490 564 1535 τοῦ
591 1484 716 1555 πρός
766 1484 823 1535 σε
855 1480 1135 1554 βλέποντος
1183 1483 1423 1553 μαθητοῦ
1452 1481 1619 1544 καλῶς
1670 1483 1850 1534 έκπαιο

233 1569 437 1634 δεύσας
482 1571 723 1643 λαμπρὰν
766 1576 860 1630 τὴν
918 1569 1112 1632 ἐκείνης
1163 1569 1349 1645 ἀρετὴν
1380 1572 1728 1645 προσαγάγῃς
1779 1579 1851 1642 τῷ

228 1667 416 1734 πατρί,
486 1660 806 1734 κληρονόμον
873 1659 1017 1722 ἄξιον
1086 1667 1171 1720 τῆς
1226 1659 1421 1712 ἐκείνου
1482 1656 1704 1731 δωρεᾶς.
1764 1657 1849 1711 ἐὰν

226 1750 393 1811 οὕτως
466 1752 627 1821 ἔχητε
682 1752 814 1822 πρὸς
880 1746 1152 1813 ἀλλήλους,
1216 1749 1266 1800 οῖ
1322 1767 1376 1800 τε
1422 1746 1704 1819 ἐφεστῶτες
1759 1752 1849 1800 καὶ

226 1842 275 1891 οί
322 1841 529 1899 τούτοις
581 1843 845 1913 χρώμενοι
898 1833 1269 1902 διδασκάλοις,
1322 1839 1371 1890 οἱ
1413 1840 1503 1909 μὲν
1554 1839 1849 1909 πειθόμενοι

220 1931 361 2000 μετά
412 1934 594 2001 χαρᾶς
656 1933 759 1987 τοῖς
806 1930 1247 1998 ἐπιταττομένοις,
1298 1928 1347 1979 οἱ
1392 1922 1451 1978 δὲ
1489 1925 1607 1997 μεθ’
1651 1923 1847 1986 ἡδονῆς

221 2021 349 2079 τούς
438 2014 688 2089 ἀδελφούς
745 2014 828 2068 ἐπὶ
900 2018 959 2067 τό
1015 2015 1203 2068 τέλειον
1277 2018 1678 2087 προσαγόμενοι,
1757 2021 1846 2068 καὶ

217 2114 341 2167 ταῖς
372 2113 555 2167 τιμαῖς
600 2104 840 2165 ἀλλήλοις
892 2106 1198 2176 προηγῆσθε
1228 2104 1295 2176 ⁵),
1344 2107 1431 2156 τόν
1488 2112 1584 2155 τῶν
1617 2104 1845 2175 ἀγγέλων

217 2196 309 2249 in":
338 2204 448 2267 γῆς
490 2196 718 2256 ζήσεσθε
744 2193 887 2266 βίον.
918 2190 1107 2266 μηδεὶς
1139 2190 1227 2246 οὖν
1273 2196 1320 2246 ἓν
1357 2195 1477 2265 ύμῖν
1507 2193 1845 2265 γνωριζέσθω

215 2294 405 2357 τῦφος,
438 2283 570 2336 ἀλλά
600 2283 826 2343 ἁπλότης
854 2288 941 2335 καὶ
991 2284 1210 2355 ὁμόνοια
1255 2287 1343 2334 καὶ
1382 2279 1623 2343 διάθεσις
1654 2278 1843 2342 οἰδολος

218 2379 591 2447 συγκροτείτω
640 2376 724 2425 τόν
776 2377 959 2446 χορόν.
1000 2374 1219 2424 πειθέτω
1262 2368 1322 2424 δὲ
1374 2372 1588 2431 ἕκαστος
1638 2370 1837 2437 ἑαυτόν,

211 2468 280 2524 ὡς
326 2464 386 2516 ού
430 2470 523 2515 τοῦ
566 2466 806 2523 συνόντος
844 2459 1069 2533 ἀδελφοῦ
1108 2466 1261 2533 μόνον
1302 2464 1452 2513 ἔσται
1487 2457 1841 2514 καταδεέστε-

208 2573 327 2627 ρος,
370 2552 504 2605 ἀλλὰ
532 2558 623 2605 καὶ
662 2554 854 2613 παντὸς
893 2550 1189 2625 ἀνθρώπου.
1232 2559 1384 2603 τοῦτο
1421 2554 1522 2623 γὰρ
1562 2556 1839 2621 γινώσκων

210 2648 473 2718 μαθητὴς
502 2649 657 2705 ὅντώς
686 2647 834 2697 ἔσται
863 2652 1102 2719 Χριστοῦ
1131 2661 1142 2673 ·
1178 2645 1203 2695 6
1233 2646 1348 2718 γὰρ
1392 2643 1566 2714 ὑψῶν
1608 2642 1839 2696 ἑαυτὸν

208 2736 592 2792 ταπεινωθή
618 2752 827 2801 σεται,
859 2738 968 2785 καὶ
997 2734 1022 2785 6
1054 2741 1373 2785 ταπεινῶν
1414 2732 1650 2785 ἑαυτὸν
1681 2732 1838 2804 641m-

208 2828 529 2883 θήσεται.
562 2828 651 2875 καὶ
680 2823 861 2876 πάλιν·
898 2825 922 2875 ὀ
978 2823 1169 2875 θέλων
1200 2821 1257 2873 έν
1287 2824 1439 2894 ύμῖν
1470 2818 1645 2874 εἶναι
1683 2830 1840 2896 πρῶ-

204 2934 342 2979 τος,
376 2917 573 2966 ἔσται
600 2914 849 2965 πάντων
880 2915 1168 2984 ἔσχατος
1197 2916 1302 2963 καὶ
1338 2912 1589 2963 πάντων
1622 2907 1838 2963 διάκο-

203 3023 338 3065 νος.
370 3005 549 3064 καθὼς
578 3007 705 3054 καί·
748 3003 775 3054 6
815 3003 955 3064 υἱός
995 3009 1104 3054 τοῦ
1154 3000 1493 3075 ἀνθρῶπου
1533 3000 1647 3053 οὐκ
1689 2997 1838 3059 ἦλθε

204 3092 731 3156 διακονηθῆναι,
775 3090 929 3143 ἀλλὰ
970 3087 1390 3157 διακονῆσαι,
1446 3094 1553 3142 καὶ
1602 3087 1836 3142 δοῦναι

202 3188 332 3241 τὴν
390 3181 615 3253 ψυχὴν
655 3181 856 3233 αὐτοῦ
905 3180 1135 3254 λύτρον
1190 3179 1333 3232 ἀντὶ
1373 3178 1638 3231 πολλῶν.
1680 3184 1770 3231 καὶ
1810 3180 1835 3230 ό

202 3269 512 3331 ἀπόστολος
546 3288 558 3300 ο
615 3270 682 3322 ού
720 3270 841 3342 γάρ
882 3268 1147 3331 ἑαυτούς
1185 3271 1633 3341 κηρύσσομεν,
1676 3268 1833 3320 ἀλλὰ

206 3362 511 3434 Χριστὸν
555 3360 833 3429 Ἰησοῦν,
865 3361 1114 3430 κύριον,
1148 3358 1419 3419 ἑαυτοὺς
1450 3354 1518 3410 δὲ
1559 3353 1833 3417 δούλους

200 3454 386 3521 ὑμῶν
432 3445 547 3501 διὰ
585 3448 859 3507 Ἰησοῦν.
916 3445 1107 3509 εἰδότες
1138 3443 1225 3500 οὖν
1257 3456 1349 3509 τῆς
1380 3466 1433 3499 τε
1464 3451 1835 3507 ταπεινότητος

201 3543 328 3603 τούς
348 3540 616 3611 καρπούς,
635 3541 724 3590 καὶ
747 3542 838 3596 τῆν
862 3537 1061 3609 ζημίαν
1075 3538 1121 3605 ⁸)
1144 3544 1235 3590 τοῦ
1259 3539 1441 3608 τύφου,
1464 3537 1776 3607 μιμήσασθε
1788 3536 1832 3605 ⁷)

199 3635 289 3682 τὸν
348 3626 647 3692 δεσπότην,
700 3626 994 3697 ἀγαπῶντες
1048 3626 1323 3690 ἀλλήλους,
1368 3630 1457 3677 καὶ
1506 3628 1637 3695 μήτε
1682 3626 1834 3677 θάνα·

201 3738 313 3781 τον,
376 3720 518 3788 μήτε
565 3716 723 3774 ἄλλην
768 3718 885 3768 τινὰ
928 3720 1183 3789 τιμωρίαν
1236 3715 1309 3775 εἰς
1354 3713 1552 3785 ἀγαθὸν
1581 3713 1691 3786 μετ’
1746 3713 1834 3764 ἀλ·
1894 3776 1912 3783 _

198 3806 377 3865 λήλων
432 3805 627 3857 ὀκνεῖτε
672 3806 739 3876 ⁸),
792 3804 898 3855 ἀλλ’
957 3803 1018 3862 ἣν
1070 3800 1309 3856 ίϐάδισεν
1354 3801 1402 3854 έν
1452 3804 1577 3873 ἡμῖν
1633 3799 1757 3854 όδόν
1808 3804 1833 3854 6

205 3901 420 3969 σωτήρ,
493 3897 688 3952 ταύτην
743 3895 892 3965 ὑμεῖς
938 3896 1065 3965 πρὸς
1121 3892 1308 3946 έκεῖνον
1386 3888 1719 3964 βαδίζοντες,
1785 3890 1832 3942 ἐν

204 3993 429 4057 σώματι
470 3988 562 4036 καὶ
608 3983 761 4055 ψυχῇ
792 3989 889 4054 μιᾷ
932 3989 1149 4057 χωρεῖτε
1184 3984 1315 4054 πρὸς
1343 3986 1437 4039 την
1476 3981 1582 4031 ἄνω
1624 3979 1830 4047 κλῆσιν,

200 4075 522 4145 ἀγαπῶντες
582 4075 665 4123 τόν
721 4074 830 4124 θεὸν
883 4077 974 4123 καὶ
1027 4070 1274 4131 ἀλλήλους
1300 4087 1311 4099 ·
1356 4070 1535 4140 ἀγάπη
1585 4070 1686 4140 γὰρ
1741 4072 1831 4119 καὶ

198 4163 357 4235 φόϐος
391 4162 420 4212 6
464 4163 597 4235 πρὸς
648 4164 734 4213 τόν
784 4163 964 4234 κύριον
1009 4164 1067 4213 τό
1122 4168 1326 4232 πρῶτον
1372 4166 1463 4211 τοῦ
1512 4163 1670 4229 νόμου
1721 4156 1830 4209 έστὶ

199 4254 499 4324 πλήρωμα.
561 4246 645 4302 δεῖ
702 4246 791 4302 οὖν
834 4251 1052 4302 ἕκαστον
1102 4250 1245 4320 ὑμῶν
1304 4249 1539 4319 καθάπερ
1598 4246 1830 4321 ἰσχυράν

197 4360 319 4393 τινα
361 4344 460 4391 καὶ
492 4341 701 4413 στερεὰν
757 4335 999 4410 κρηπῖδα
1028 4340 1115 4391 τόν
1160 4336 1313 4409 φόϐον
1344 4356 1396 4389 τε
1436 4341 1525 4389 καὶ
1576 4339 1670 4393 τὴν
1702 4334 1831 4405 ἀγά-

195 4450 302 4487 πην
351 4428 408 4480 έν
438 4434 502 4499 τῇ
556 4426 742 4479 ἑαυτοῦ
771 4429 967 4480 τιθέναι
1006 4426 1187 4498 ψυχῇ,
1238 4431 1327 4478 καὶ
1360 4428 1553 4482 ταύτην
1585 4420 1830 4498 ἐπάρδειν

195 4522 383 4592 ίργοις
413 4536 469 4569 τε
522 4514 741 4587 ἀγαθοῖς
794 4522 884 4569 καὶ
931 4516 1064 4589 εὐχῇ
1116 4513 1344 4588 διαρκεῖ.
1401 4514 1458 4567 ού
1488 4517 1589 4585 γὰρ
1633 4513 1827 4579 ἁπλῶς,
1865 4520 1909 4574 Ι)

195 4606 323 4662 ούδὶ
384 4606 699 4677 αὐτομάτως
729 4608 854 4679 ἡμῖν
902 4608 931 4665 ἡ
968 4610 1093 4677 πρὸς
1126 4607 1236 4658 θεὸν
1289 4604 1467 4677 ἀγάπη
1532 4603 1831 4675 ἐγγίνεσθαι
1892 4662 1912 4671 ν

198 4703 453 4770 πέγυκεν,
513 4695 641 4747 ἀλλά
718 4691 813 4748 διὰ
876 4694 1075 4748 πολλῶν
1149 4696 1341 4764 πόνων,
1416 4698 1505 4745 καὶ
1591 4692 1827 4765 μεγάλων

199 4782 527 4861 φροντίδων,
580 4788 671 4837 καὶ
727 4789 1025 4857 συνεργείας
1077 4793 1169 4845 τῆς
1218 4791 1310 4836 τοῦ
1339 4789 1598 4857 Χριστοῦ,
1658 4783 1829 4842 καθὼς

1885 1807 1927 1862 Β

1873 3167 1913 3221 C

1978 504 2225 560 modare
2246 502 2517 559 verbum.
2545 507 2663 561 Hoc
2690 508 2980 579 vitupera,
3002 510 3145 567 illud
3165 513 3429 585 increpa,
3450 513 3636 569 alium

1976 593 2297 648 adhortare
2329 594 2664 651 secundum
2709 597 2971 653 cuiusvis
3000 599 3417 670 indigentiam.
3456 602 3634 674 quasi

1970 681 2171 737 bonus
2204 682 2473 739 medicus
2514 684 2808 741 adhibens
2849 688 3235 746 medicinam.
3269 694 3323 746 Is
3356 692 3516 747 enim
3554 690 3633 746 ad

1972 772 2290 842 passiones
2330 778 2633 843 spectans,
2667 774 2806 830 huic
2845 775 3057 845 levius,
3098 778 3178 835 illi
3221 780 3632 837 vehementius

1971 860 2253 931 proponit
2274 862 2804 927 medicamentum,
2830 864 3053 921 nemini
3080 883 3311 934 eorum,
3334 870 3437 940 qui
3464 885 3633 926 cura-

1972 947 2131 1004 tione
2177 949 2468 1019 indigent,
2520 951 2723 1016 iratus,
2776 954 2880 1007 sed
2925 954 3118 1025 plagis
3158 957 3630 1030 corporibusque

1970 1040 2440 1094 accommodans
2464 1044 2672 1095 artem.
2707 1043 2789 1096 Tu
2820 1046 3021 1099 autem
3043 1043 3124 1099 ita
3158 1061 3408 1117 sequere
3430 1062 3624 1103 rerum

1967 1128 2401 1196 necessitatem,
2434 1134 2513 1193 ut,
2543 1130 2747 1185 anima
2769 1130 3043 1201 discipuli
3073 1134 3151 1187 ad
3179 1137 3231 1189 te
3258 1134 3625 1205 respicientis

1965 1216 2120 1279 bene
2141 1216 2399 1284 exculta,
2421 1218 2745 1275 candidam
2772 1220 2900 1275 eius
2929 1220 3207 1277 virtutem
3234 1222 3504 1278 adducas
3520 1238 3629 1295 pa-

1967 1306 2057 1371 tri,
2091 1304 2347 1375 dignum
2379 1305 2722 1361 donationis
2753 1308 2879 1363 eius
2921 1308 3265 1367 haeredem.
3300 1311 3354 1367 Si
3387 1311 3488 1366 tali
3517 1327 3630 1367 vos

1962 1393 2222 1449 invicem
2275 1396 2457 1450 modo
2504 1395 2756 1461 habetis,
2789 1403 2845 1452 et
2898 1398 3245 1469 praepositi,
3289 1403 3346 1454 et
3392 1400 3498 1471 qui
3548 1400 3625 1455 iis

1966 1487 2212 1538 utuntur
2246 1484 2571 1555 magistris,
2604 1484 2663 1539 hi
2696 1501 2833 1541 cum
2866 1486 3089 1556 gaudio
3113 1487 3291 1543 iussis
3321 1488 3627 1560 obtempe-

1961 1577 2182 1637 rantes,
2213 1572 2290 1627 illi
2331 1588 2470 1628 cum
2505 1573 2808 1646 voluptate
2840 1574 3049 1631 fratres
3089 1576 3164 1632 ad
3198 1577 3625 1649 perfectionem

1961 1660 2538 1734 adducentes,atque
2553 1662 3143 1721 honoribusinvicem
3158 1666 3508 1737 praevenitis
3522 1670 3539 1729 (
3553 1672 3622 1737 1),

1960 1750 2316 1820 angelorum
2360 1751 2419 1805 in
2465 1756 2620 1807 terra
2653 1752 2864 1807 vivetis
2900 1753 3108 1809 vitam.
3140 1754 3309 1810 Nulla
3349 1755 3527 1825 igitur
3561 1756 3622 1811 in

1962 1840 2131 1895 vobis
2154 1845 2554 1909 cognoscatur
2582 1841 2885 1912 superbia,
2908 1842 3014 1897 sed
3033 1842 3383 1915 simplicitas
3405 1848 3463 1900 et
3482 1860 3620 1901 con—

1960 1929 2166 1985 cordia
2202 1934 2259 1985 et
2286 1930 2529 1985 animus
2567 1930 2686 1985 doli
2728 1946 2941 2001 expers
2977 1932 3304 2002 coniungat
3345 1932 3617 1989 chorum.

1960 2021 2176 2074 Doceat
2203 2024 2401 2073 autem
2425 2020 2683 2091 quisque
2716 2035 2776 2073 se
2809 2019 3031 2090 ipsum,
3062 2036 3181 2077 non
3207 2022 3383 2077 fratre
3401 2022 3619 2093 solum,

1956 2108 2059 2179 qui
2102 2124 2310 2163 secum
2352 2108 2547 2176 degat,
2578 2124 2638 2162 se
2666 2108 3007 2164 inferiorem
3041 2109 3186 2176 fore,
3233 2110 3342 2166 sed
3371 2115 3429 2167 et
3452 2112 3620 2167 omni

1954 2196 2217 2252 homine.
2259 2196 2319 2251 [d
2351 2196 2510 2252 enim
2542 2197 2644 2269 qui
2687 2199 3015 2267 cognoscit,
3047 2198 3097 2253 is
3137 2215 3272 2255 vere
3308 2200 3416 2255 erit
3443 2199 3622 2257 disci-

1956 2285 2132 2355 pulus
2157 2284 2390 2341 Christi.
2425 2288 2572 2341 Nam
2600 2287 2709 2356 qui
2732 2301 2794 2341 se
2817 2288 3070 2352 exaltat,
3094 2287 3532 2359 humiliabitur,
3564 2294 3619 2346 et

1952 2376 2061 2446 qui
2085 2390 2146 2431 se
2175 2375 2480 2439 humiliat,
2501 2374 2871 2431 exaltabitur
2896 2376 2996 2447 ('2),
3031 2380 3089 2432 et
3114 2377 3329 2433 iterum
3361 2393 3382 2433 :
3405 2378 3520 2447 Qui
3545 2394 3620 2436 ea:

1954 2463 2113 2520 vobis
2142 2465 2267 2521 vult
2301 2463 2533 2532 primus
2558 2479 2699 2529 esse,
2729 2464 2843 2521 erit
2873 2466 3136 2521 omnium
3168 2467 3521 2535 novissimus
3562 2472 3619 2525 et

1950 2554 2212 2609 omnium
2226 2552 2585 2624 minister(3)
2602 2554 2790 2609 .Sicut
2804 2555 3005 2609 etiam:
3024 2554 3216 2610 Filius
3232 2555 3485 2611 hominis
3496 2571 3615 2612 non

1950 2642 2107 2698 venit
2140 2642 2496 2711 ministrari,
2523 2643 2624 2699 sed
2648 2642 3014 2711 ministrare,
3037 2649 3093 2700 et
3114 2645 3292 2715 210
3318 2645 3468 2702 dare
3491 2646 3615 2702 ani-

1950 2747 2107 2787 mam
2128 2747 2298 2788 suam
2318 2732 2776 2802 redemptionem
2794 2748 2911 2803 pro
2935 2731 3137 2788 multis
3161 2733 3258 2805 (4).
3288 2735 3351 2788 Et
3368 2738 3619 2805 Aposto-

1948 2820 2041 2875 lus
2064 2839 2076 2875 :
2102 2821 2235 2876 Non
2250 2821 2403 2877 enim
2427 2821 2812 2890 nosmetipsos
2828 2822 3276 2891 praedicamus,
3298 2822 3394 2879 sed
3413 2823 3611 2879 Jesum

1951 2910 2255 2965 Christum
2277 2910 2593 2965 Dominum
2624 2916 2917 2975 nostrum,
2946 2925 3053 2966 nos
3074 2920 3273 2967 autem
3302 2926 3499 2967 servos
3522 2927 3613 2969 ve-

1948 3005 2070 3054 tros
2104 3013 2217 3068 per
2253 2999 2452 3055 Jesum
2505 3000 2608 3069 (5).
2652 2999 2917 3055 Scientes
2948 2998 3127 3069 igitur
3166 3005 3222 3055 et
3264 3000 3613 3057 humilitatis

1947 3087 2173 3143 fructus
2212 3091 2270 3142 et
2326 3087 2620 3142 damnum
2664 3088 3000 3159 superbiae,
3048 3087 3367 3144 imitamini
3420 3090 3614 3145 Domi-

1948 3193 2115 3245 num,
2167 3176 2480 3247 diligentes
2522 3192 2628 3231 vos
2677 3176 2952 3243 invicem,
2999 3180 3057 3232 et
3103 3192 3301 3249 neque
3352 3182 3608 3233 mortem

1947 3282 2142 3339 neque
2159 3266 2339 3322 aliam
2366 3265 2676 3337 quandam
2696 3265 3155 3337 castigationem
3174 3265 3252 3323 ad
3274 3266 3503 3322 bonum
3525 3266 3611 3322 in-

1908 3346 1911 3351 ’
1946 3356 2140 3411 vicem
2176 3355 2396 3419 timete,
2430 3354 2534 3409 sed
2565 3370 2751 3427 quam
2787 3353 3122 3410 ambulavit
3152 3355 3209 3409 in
3242 3353 3414 3410 nobis
3440 3354 3601 3410 viam

1948 3444 2237 3513 Salvator,
2279 3460 2412 3499 eam
2455 3460 2562 3499 vos
2595 3442 2672 3499 ad
2710 3443 2877 3498 illum
2920 3443 3247 3509 ambulate,
3290 3448 3345 3498 et
3380 3443 3440 3499 in
3479 3458 3612 3499 cor-

1946 3549 2089 3605 pore
2107 3534 2430 3604 animaque
2447 3548 2567 3589 una
2590 3531 2895 3604 procedite
2913 3532 2990 3588 ad
3004 3548 3331 3605 supernam
3354 3532 3611 3589 vocatioo

1948 3638 2108 3687 nem,
2138 3621 2453 3689 diligentes
2485 3624 2669 3677 Deum
2696 3625 2754 3676 et
2785 3637 2893 3676 vos
2923 3621 3201 3677 invicem.
3236 3625 3418 3676 Amor
3448 3620 3609 3677 enim

1946 3717 2001 3765 et
2025 3712 2199 3765 timor
2217 3711 2447 3765 Domini
2465 3709 2820 3780 primalegis
2834 3710 3402 3765 estconsummatio.
3427 3711 3611 3781 Opor-

1945 3804 2025 3854 tet
2057 3799 2235 3867 igitur
2264 3814 2568 3870 quemque
2610 3803 2876 3852 vestrum
2914 3802 3204 3869 tanquam
3238 3797 3384 3852 forte
3415 3797 3612 3869 quod-

1944 3887 2086 3942 dam
2100 3886 2941 3957 ﬁrmumquefundamentum
2966 3887 3240 3939 timorem
3264 3889 3606 3940 etamorem

1946 3992 2165 4048 ponere
2189 3978 2247 4030 in
2272 3975 2475 4029 anima
2498 3991 2627 4039 sua,
2648 3974 2884 4029 ethunc
2909 3974 3103 4043 rigare
3126 3974 3302 4028 bonis
3323 3972 3607 4044 operibus

1943 4072 1999 4121 et
2024 4064 2292 4120 oratione
2328 4063 2665 4119 sufficienti.
2701 4066 2900 4135 Neque
2931 4062 3091 4117 enim
3117 4062 3482 4133 simpliciter,
3512 4077 3610 4117 ne-

1941 4171 2059 4227 que
2084 4170 2195 4209 sua
2213 4158 2425 4225 sponte
2452 4168 2624 4208 amor
2639 4168 2784 4223 erga
2813 4154 2994 4207 Deum
3018 4152 3078 4206 in
3110 4150 3283 4206 nobis
3318 4151 3481 4206 nasci
3508 4166 3606 4205 so-

1940 4243 2041 4308 let,
2082 4242 2187 4297 sed
2218 4242 2419 4297 multis
2452 4240 2763 4297 laboribus
2790 4240 3200 4312 gravibusque
3230 4238 3388 4295 curis
3422 4244 3478 4295 et
3506 4254 3608 4295 co-

1942 4334 2290 4403 operatione
2338 4330 2565 4395 Christi,
2601 4330 2752 4385 sicut
2782 4330 2930 4385 dixit
2957 4328 3262 4400 Sapientia
3291 4343 3305 4385 :
3340 4328 3407 4385 Si
3446 4327 3605 4385 enim

1942 4421 2281 4493 quaesieras
2325 4435 2473 4483 eam,
2512 4419 2725 4491 inquit,
2764 4418 2938 4490 quasi
2974 4419 3313 4488 pecuniam,
3350 4424 3402 4474 et
3443 4417 3598 4473 sicut

1944 4510 2253 4566 thesauros
2285 4509 2557 4578 effoderis
2588 4508 2759 4564 illam
2790 4528 2810 4565 :
2838 4516 2980 4564 tunc
3006 4508 3308 4577 intelliges
3331 4507 3599 4562 timorem

1941 4599 2201 4665 Domini,
2217 4605 2269 4654 et
2293 4597 2599 4654 scientiam
2616 4597 2724 4653 Dei
2741 4597 3000 4653 invenies
3021 4596 3119 4667 (6).
3144 4596 3240 4651 Dei
3258 4611 3396 4650 vero
3416 4594 3602 4650 scien-

1946 4690 2089 4745 tiam
2139 4688 2446 4744 inveniens
2490 4693 2547 4742 et
2595 4687 2868 4742 timorem
2918 4684 3272 4754 intelligens,
3325 4681 3495 4739 facile
3546 4687 3603 4739 et

1944 4778 2109 4851 quod
2127 4778 2394 4850 sequitur
2416 4782 2571 4833 recte
2605 4776 2896 4848 perﬁcies,
2929 4774 3154 4831 scilicet
3173 4778 3233 4829 ut
3258 4772 3601 4845 proximum

1556 4942 1817 4999 VARIAE
1860 4940 2154 4997 LECTION
2162 4940 2268 4996 ES.

280 5102 328 5170 ¹)
372 5097 509 5170 οὕτω
538 5111 667 5170 om.
717 5095 871 5170 c_od._.
924 5095 1132 5170 addidi
1161 5111 1235 5152 ex
1266 5096 1436 5170 coni.
1462 5126 1527 5170 —_-
1588 5096 1631 5167 ²)
1662 5095 1751 5170 Sic
1805 5094 1976 5170 cod.,
2033 5091 2179 5148 forte
2223 5095 2430 5170 Amavis
2454 5088 2707 5170 ἑκάστου.
2740 5120 2826 5170 -Ὼ
2864 5087 3037 5170 3)_‘Sic
3092 5084 3452 5170 cod.,mforrte‘
3478 5083 3576 5155 leg

204 5156 415 5243 τῷί-
442 5169 493 5239 ⁴)
526 5169 618 5226 Sic
646 5168 806 5233 cod.,
838 5156 988 5225 forte
1017 5168 1131 5239 leg.
1164 5172 1270 5223 τὸν.
1301 5196 1370 5210 -
1404 5168 1448 5238 ι⁵)
1483 5156 1754 5231 Emend,
1787 5165 1923 5222 cod.
1950 5156 2322 5237 προηγεῖσθαι.
2357 5192 2425 5203 -
2452 5163 2496 5233 6)
2530 5163 2685 5227 Cor.,
2720 5158 2857 5218 cod.
2890 5156 3118 5232 ζυμίαν.
3156 5188 3225 5199 -
3256 5157 3301 5228 ⁷)
3334 5156 3477 5213 Cod.
3508 5176 3597 5229 μι-

212 5312 531 5385 μήσασθαι,
564 5329 587 5364 ι
616 5326 804 5385 supra
829 5310 1031 5371 adscr.
1069 5310 1203 5369 ead.
1238 5326 1311 5366 m.
1346 5342 1401 5354 —
1429 5311 1473 5381 ⁸)
1501 5311 1689 5380 Corr.,
1725 5308 1874 5366 cod.
1912 5307 2070 5365 ὀκνῆ
2090 5324 2177 5362 τι.

1806 5412 2035 5473 NOTAE.

332 5545 382 5611 t)
446 5545 620 5601 Rom.
657 5543 772 5611 XII,
808 5546 898 5602 t0.

332 5547 347 5598 t
446 5545 620 5601 Rom.
657 5544 772 5611 XII,
808 5546 857 5600 1(

294 5544 382 5761 ἑὲξ
431 5616 573 5672 Luc.
601 5617 731 5674 XIV.
770 5615 857 5671 It.

330 5688 357 5741 3
440 5687 622 5745 Marc.
661 5687 748 5754 1x,
780 5689 857 5745 34.

330 5687 380 5754 3)
440 5687 622 5745 Marc.
661 5687 748 5754 1x,
780 5689 867 5745 34.

2037 5537 2092 5605 4)
2128 5535 2327 5592 Matth.
2362 5536 2469 5601 XX,
2498 5534 2588 5591 28.

2043 5609 2094 5676 5)
2121 5608 2170 5663 ΙΙ
2196 5608 2327 5663 Cor.
2361 5605 2451 5673 IV,
2484 5610 2537 5661 5.

2045 5680 2099 5752 6)
2126 5681 2295 5737 Prov.
2331 5678 2399 5748 II,
2433 5681 2485 5735 4.
2521 5682 2573 5733 5.
