4086 6194
573 68 664 89 Ρ,
775 66 832 88 ’δ’

54 127 90 150 ,Υ
121 141 135 149 -
301 127 304 130 ’
326 127 416 149 ξΙΤλ

212 287 320 342 429

1684 289 2094 348 EPISTOLAE.

3477 293 3582 353 433

210 412 432 485 ἀγῶνας,
485 411 621 472 ὅπως
662 412 846 484 μικρὸν
876 409 1037 484 εύρὼν
1082 412 1108 465 6
1160 414 1256 476 τὰς
1284 411 1339 466 ἐκ
1395 421 1490 474 τῆς
1527 420 1630 486 γῆς
1659 416 1816 486 τιμὰς

1934 415 2152 482 Quodsi
2179 432 2351 474 amor
2383 418 2478 476 Dei
2512 419 2682 477 vobis
2715 421 2885 486 inest,
2921 433 3168 476 necesse
3199 416 3287 475 est
3311 421 3369 474 et
3389 422 3586 476 cetera

208 499 540 568 ύποϐάλλων,
593 505 682 554 καὶ
737 499 964 554 ἕντεῦθεν
1017 502 1258 575 ἁρπάσας
1312 505 1453 577 ὑμῶν
1523 506 1610 556 τὸν
1676 512 1815 570 νοῦν,

211 591 265 644 ἔκ
315 600 408 652 τῆς
463 599 562 643 τῶν
612 588 865 648 ἀληθινῶν
911 589 1171 663 ἀσχολίας
1217 591 1299 646 ἐπὶ
1350 596 1414 645 τὰ
1477 594 1678 666 μάταια
1729 598 1817 646 καὶ

213 679 408 742 πλάνης
472 681 642 753 μεστὰ
715 679 980 755 καταϐάλῃ
1009 683 1074 750 1).
1143 686 1215 755 μὴ
1275 684 1434 755 εὑρὼν
1511 679 1569 736 δὲ
1638 686 1818 754 καιρόν

211 768 342 832 ὅλως
397 766 540 842 μηδὶ
592 765 966 843 παρείσδυσιν,
1028 770 1095 832 εἰς
1141 774 1202 824 τό
1253 768 1498 824 δελεᾶσαι
1562 776 1684 834 τοὺς
1713 773 1817 824 ἄνω

211 865 327 920 ταῖς
406 857 613 929 ψυχαῖς
692 855 1064 932 διατρίϐοντας
1139 859 1367 913 ἀπόλωλε
1396 864 1443 929 ²)
1494 865 1584 914 καὶ
1649 868 1818 913 κεῖται

211 951 389 1020 νεκρός
417 964 430 977 ⁸
465 948 683 1010 θάνατος
711 950 812 1020 γάρ
853 945 1100 1002 διαϐόλου
1152 953 1208 1002 τό
1240 951 1501 1026 ἄπρακτον
1547 953 1690 1022 ἔχειν
1728 954 1818 1002 καὶ

215 1034 544 1108 ἀνενίργητον
588 1041 681 1095 τὴν
721 1042 908 1090 κακίαν
938 1055 949 1067 ·
975 1037 1180 1110 ἀγάπης
1221 1035 1308 1092 οὖν
1356 1039 1404 1092 ἐν
1453 1041 1574 1112 ὑμῖν
1620 1042 1820 1112 παρού-

225 1143 320 1186 σης
355 1132 446 1178 τοῦ
479 1127 594 1179 θεοῦ
627 1124 828 1198 ἀνάγκη
856 1133 945 1181 xui
973 1129 1040 1180 τὰ
1079 1128 1239 1181 λοιπά
1285 1131 1448 1202 ταύτῃ
1483 1131 1815 1194 συνέπεσθαι,

222 1217 280 1266 τὸ
313 1211 641 1288 φιλάδελφον,
685 1219 743 1268 τό
799 1223 986 1291 πρᾶον,
1036 1219 1096 1269 τὸ
1163 1215 1528 1290 ἀνυπόκριτον,
1588 1221 1645 1270 τό
1703 1221 1816 1290 περὶ

220 1306 309 1366 τὰς
355 1304 520 1376 εὐχὰς
566 1301 783 1377 διαρκὲς
824 1310 915 1358 καὶ
949 1304 1259 1373 σπουδαῖον,
1306 1313 1394 1360 xui
1443 1307 1617 1369 ἁπλῶς
1645 1312 1820 1360 πᾶσαν

212 1385 422 1464 ἀρετήν,
455 1395 524 1456 ὡς
556 1389 644 1446 οὖν
675 1394 903 1466 μεγάλου
958 1403 1048 1448 τοῦ
1102 1402 1368 1469 κτήματος
1420 1400 1557 1457 ὄντος
1586 1396 1819 1469 μεγάλων

210 1487 301 1534 xui
356 1487 527 1535 πόνων
575 1479 659 1536 δεῖ
715 1489 832 1558 περὶ
892 1489 985 1544 τὴν
1038 1493 1248 1552 κτῆσιν,
1309 1486 1368 1539 ού
1425 1489 1555 1562 πρὸς
1607 1483 1820 1550 ἔνδειξιν

209 1569 505 1643 ἀνθρώπων
556 1577 864 1644 χινομένων,
900 1571 1007 1627 ἀλλ’
1062 1575 1133 1638 εἰς
1190 1579 1247 1628 τό
1304 1575 1490 1650 ἀρέσαι
1543 1585 1614 1647 τῷ
1658 1580 1822 1649 κυρίῳ

208 1669 283 1732 τῷ
310 1663 380 1714 τὰ
411 1663 620 1734 κρυπτά
648 1659 836 1729 εἰδότι,
888 1667 1010 1737 πρὸς
1062 1664 1116 1716 ὃν
1147 1660 1228 1718 δεῖ
1263 1663 1468 1737 βλέπειν
1501 1663 1600 1730 ἀεί,
1631 1670 1721 1718 καὶ
1765 1667 1822 1717 τὸ

210 1747 363 1803 ἔνδον
396 1759 488 1810 τῆς
516 1750 700 1823 ψυχῆς
734 1749 1021 1825 διερεννᾷν,
1053 1758 1143 1806 καὶ
1188 1755 1561 1827 περιφράσσειν
1592 1761 1702 1815 τοῖς
1731 1762 1824 1817 τῆς

211 1838 485 1902 εὐσεϐείας
513 1838 803 1913 λογισμοῖς,
831 1841 969 1902 ὁπως
1020 1845 1089 1914 μὴ
1131 1840 1482 1917 παρείσδυσιν
1538 1843 1659 1918 εὑρη
1711 1846 1826 1895 τινὰ

207 1925 357 2002 μηδὲ
387 1934 573 2002 χώραν
620 1928 898 1992 ἔπιϐουλῆς
954 1931 979 1982 ὁ
1011 1927 1298 1997 ἀντίδικος,
1327 1932 1608 2004 γυμνάζειν
1649 1929 1708 1984 δί
1737 1935 1827 1984 xui

209 2019 510 2091 προσάγειν
557 2021 688 2091 πρὸς
742 2023 835 2078 τὴν
865 2027 958 2072 τοῦ
1009 2020 1172 2072 καλοῦ
1224 2026 1315 2073 καὶ
1345 2029 1574 2093 πονηροῦ
1605 2018 1827 2094 διάγνω-

212 2127 303 2160 σιν
332 2110 401 2160 τὰ
448 2108 776 2167 ἠσθενηκότα
825 2117 922 2172 τῆς
974 2109 1157 2182 ψυχῆς
1208 2109 1335 2182 μέλη
1373 2125 1387 2140 '
1426 2110 1711 2184 γυμνάζειν
1766 2107 1825 2164 δὲ

203 2197 380 2256 αὐτὴν
414 2193 554 2249 οἶδεν
581 2199 606 2249 6
649 2193 721 2269 τῷ
754 2199 850 2269 θεῷ
879 2197 1118 2271 έπόμενος
1145 2199 1191 2270 ³)
1221 2206 1336 2260 νοῦς
1367 2204 1456 2252 xui
1513 2204 1824 2263 συνοικίζων

199 2286 380 2357 ἐαυτῷ
439 2292 614 2339 πᾶσαν
661 2291 755 2345 τὴν
811 2286 997 2360 ψυχήν
1052 2291 1184 2363 πρὸς
1225 2291 1411 2341 ἐκεῖνον
1465 2288 1520 2341 ix
1575 2297 1667 2351 τῆς
1691 2293 1822 2364 πρὸς

201 2377 323 2428 θεὸν
378 2374 610 2447 ἀγάπης,
671 2381 762 2429 καὶ
812 2384 911 2429 τῶν
967 2385 1210 2450 κρυπτῶν
1263 2386 1353 2439 τῆς
1405 2377 1593 2454 ἀρετῆς
1622 2381 1821 2431 ἐννοιῶν

199 2470 298 2517 καὶ
336 2467 505 2540 ἔργων
557 2465 760 2527 ἐντολῆς
815 2465 1027 2539 ἰώμενος
1082 2470 1139 2519 τό
1179 2469 1372 2540 σαθρὸν
1429 2473 1519 2521 xui
1551 2469 1820 2522 συνάπτων

197 2552 270 2626 τῷ
310 2549 546 2625 δυνατῷ.
605 2553 714 2607 επεὶ
766 2550 854 2607 οὖν
907 2559 1006 2628 μία
1045 2553 1158 2608 ἐστὶ
1189 2559 1391 2631 φρουρὰ
1445 2563 1534 2610 xui
1575 2558 1820 2631 θεραπεία

195 2642 422 2715 ψυχῆς,
482 2645 542 2694 τό
595 2645 894 2715 μεμνῆσθαι
951 2645 1000 2696 ἔν
1051 2646 1197 2716 πόθῳ
1256 2647 1395 2710 θεοῦ,
1448 2651 1538 2698 xui
1593 2644 1672 2699 ἀεὶ
1719 2653 1819 2698 τῶν

199 2733 422 2804 ἀγαθῶν
456 2733 680 2804 ἔχεσθαι
721 2730 942 2801 ἔννοιῶν,
985 2737 1055 2805 μὴ
1093 2732 1400 2806 ἀποστῶμεν
1436 2743 1528 2798 τῆς
1570 2737 1821 2798 τοιαύτης

203 2818 480 2887 σπουδῆς,
533 2824 625 2879 ἤτε
676 2823 954 2888 ἑσθίοντες,
1008 2827 1100 2882 ἣτε
1151 2827 1400 2887 πίνοντες,
1444 2827 1536 2883 ἤτε
1565 2824 1819 2898 ἠρεμοῦν-

201 2931 301 2977 τες,
372 2914 470 2969 ἤτε
528 2917 793 2974 ποιοῦντες
848 2915 974 2977 ruﬁ
1035 2914 1394 2984 φθεγγόμενοι,
1456 2914 1595 2975 ὅπως
1652 2916 1822 2966 πάντα

199 3003 264 3053 τὰ
287 2999 429 3074 παρ’
471 2999 598 3067 ἡμῖν
627 2999 699 3062 εἰς
740 3003 835 3058 τὴν
864 3007 957 3053 τοῦ
1005 3003 1121 3053 θεοῦ
1154 3001 1367 3074 συντελῇ
1403 2998 1582 3067 δόξαν,
1630 3007 1718 3054 καὶ
1746 3008 1818 3075 μὴ

200 3092 272 3152 είς
317 3093 425 3147 τήν
469 3090 720 3162 ἡμετέραν
765 3089 948 3155 αὐτῶν,
1001 3085 1140 3162 μηδὲ
1187 3093 1284 3163 ἔχῃ
1333 3091 1378 3162 ⁴)
1425 3094 1543 3143 τινὰ
1579 3092 1740 3164 ῥύπον
1789 3092 1818 3150 ἢ

199 3175 412 3236 κηλῖδα
442 3179 587 3250 ἡμῶν
618 3179 644 3230 6
676 3176 794 3251 βίος
824 3178 879 3231 ἐκ
910 3187 1006 3240 τῆς
1061 3186 1151 3232 τοῦ
1195 3188 1422 3252 πονηροῦ
1471 3179 1743 3242 ἐπιϐουλῆς
1803 3201 1808 3205 ·

202 3273 289 3320 καὶ
347 3265 521 3328 ἄλλως
549 3268 598 3337 ⁸)
647 3263 706 3320 δε
754 3275 860 3329 τοῖς
903 3267 1148 3340 ἀγαπῶσι
1199 3272 1284 3321 τὸν
1317 3272 1428 3322 θεόν
1483 3271 1688 3333 εὔκολος
1730 3275 1820 3323 καὶ

203 3354 342 3420 ἡδύς
418 3365 519 3408 τῶν
570 3356 783 3410 ἐντολῶν
832 3359 857 3410 6
911 3363 1082 3423 πόνος,
1149 3358 1361 3432 ἐλαφρὸν
1408 3364 1495 3412 καὶ
1539 3364 1822 3432 ἐπέραστον

204 3446 329 3519 ἡμῖν
364 3449 461 3499 τὸν
494 3443 672 3517 ἀγῶνα
717 3454 807 3507 τῆς
864 3451 994 3521 πρὸς
1037 3446 1224 3500 ἐκεῖνον
1281 3451 1541 3512 ποιούσης
1590 3448 1819 3520 ἀγάπης,

206 3533 298 3588 διὰ
352 3542 520 3588 τοῦτο
575 3541 664 3589 καὶ
694 3537 719 3588 6
751 3540 976 3611 πονηρὸς
1025 3538 1196 3589 πάντα
1245 3535 1556 3610 ἀγωνίζεται
1609 3543 1819 3614 τρόπον,

208 3625 450 3678 ἐκϐαλεῖν
505 3627 592 3677 τὸν
623 3632 715 3678 τοῦ
767 3630 958 3700 κυρίου
991 3624 1143 3698 φόϐον
1199 3625 1300 3679 ἀπὸ
1331 3635 1429 3679 τῶν
1479 3627 1694 3699 ψυχῶν,
1735 3633 1824 3680 καὶ

208 3710 473 3767 διαλῦσαι
505 3718 598 3772 τὴν
649 3717 779 3786 πρὸς
833 3717 1019 3767 ἐκεῖνον
1068 3714 1278 3787 ἀγάπην
1333 3712 1552 3777 ἡδοναῖς
1602 3721 1825 3791 παρανό-

210 3823 327 3876 μοις
414 3807 503 3855 xui
577 3809 810 3878 τερπνοῖς
887 3803 1214 3874 ἀγκίστροις,

210 3897 423 3965 γυμνὴν
493 3900 593 3944 τῶν
667 3901 1026 3966 πνευματικῶν
1104 3893 1269 3945 ὃπλων
1287 3894 1330 3965 ⁸)
1406 3899 1496 3947 xui
1569 3896 1827 3968 ἄφρουρον

211 3982 388 4036 λαϐὼν
438 3986 538 4040 τὴν
565 3981 772 4054 ψυχήν,
829 3986 947 4043 τούς
992 3988 1180 4044 πόνους
1207 3984 1353 4055 ἡμῶν
1384 3981 1684 4057 διαφθείρῃ,
1734 3990 1828 4044 τήν

215 4071 267 4124 ix
317 4079 429 4133 τῆς
481 4077 578 4141 γῆς
632 4073 758 4142 ἡμῖν
813 4067 971 4134 δόξαν
1025 4073 1312 4143 ἔπεισάγων
1363 4081 1425 4146 τῇ
1459 4073 1700 4146 οὐρανίῳ,
1739 4079 1828 4126 xui

215 4159 474 4213 ίπιθολῶν
509 4163 575 4211 τὰ
627 4164 816 4220 ὄντοως
865 4161 998 4214 καλὰ
1044 4169 1147 4222 τοῖς
1187 4158 1436 4214 δοκοῦσιν
1486 4159 1613 4214 εἶναι
1657 4162 1830 4224 καλοῖς

1292 3804 1614 3876 φιλονεικῶν,
1690 3808 1828 3869 ὅπως

216 4257 274 4322 τῇ
319 4257 434 4302 τῶν
470 4247 817 4322 ἀπατωμένων
862 4255 1142 4323 φαντασίᾳ.
1194 4247 1358 4312 δεινὸς
1408 4253 1506 4325 γάρ
1558 4252 1668 4304 ἐστι
1717 4257 1827 4317 xui,

216 4341 596 4414 ῥᾳθυμοῦντας
627 4339 669 4391 εἰ
697 4339 743 4409 ⁷)
776 4340 896 4414 εύρη
934 4345 1055 4402 τοὺς
1103 4339 1356 4412 φύλακας,
1400 4341 1587 4412 κλέψαι
1625 4347 1826 4416 καιρόν,

216 4435 303 4481 xui
361 4426 680 4480 ἐπεισελθεῖν
737 4435 848 4492 τοῖς
894 4437 989 4491 τῆς
1031 4428 1212 4502 ἀρετῆς
1245 4435 1436 4495 πόνοις,
1491 4434 1579 4482 xui
1630 4450 1832 4502 συγκα-

220 4523 515 4596 τασπεῖραι
552 4525 625 4588 τῷ
656 4522 784 4589 σίτῳ
816 4521 880 4570 τὰ
918 4517 1104 4570 ἑαυτοῦ
1137 4519 1370 4583 ζιζάνια,
1403 4515 1668 4591 λοιδορίαν
1699 4519 1830 4590 λέγω

221 4613 307 4660 καὶ
372 4612 538 4679 τῦφον
590 4611 678 4658 καὶ
730 4603 1030 4669 κενοδοξίαν
1081 4613 1171 4659 καὶ
1202 4616 1360 4680 τιμῆς
1411 4607 1688 4679 ἐπιθυμίαν
1743 4613 1832 4661 καὶ

223 4699 326 4769 ἔριν
355 4699 454 4748 καὶ
485 4697 550 4746 τὰ
578 4693 734 4747 λοιπὰ
770 4703 864 4758 τῆς
902 4701 1089 4757 κακίας
1121 4693 1593 4769 δημιουργήματα.
1636 4693 1719 4749 δεῖ
1746 4693 1832 4750 οὖν

227 4783 575 4859 ὶγρηγορέναι
632 4790 720 4837 καὶ
778 4791 950 4858 τηρεῖν
999 4787 1245 4838 πάντοθεν
1277 4789 1362 4838 τὸν
1417 4785 1628 4857 ἐχθρόν,
1674 4788 1832 4852 ὅπως,

1928 503 2116 570 illum,
2149 509 2433 580 consequi
2464 525 2735 566 amorem
2780 509 3131 578 fraternum,
3166 507 3582 564 mansuetudi-

1927 608 2086 658 nem,
2123 595 2544 662 sinceritatem,
2579 598 2637 653 in
2675 599 2943 654 oratione
2971 596 3498 669 perseverantiam,
3528 600 3587 652 et

1926 680 2136 750 zelum,
2195 689 2252 740 et
2294 686 2544 742 omnino
2589 702 2834 742 omnem
2876 687 3170 742 virtutem.
3231 685 3344 742 Sed
3392 701 3585 758 quum

1929 786 2188 842 magnus
2230 774 2302 829 sit
2337 774 2668 841 thesaurus,
2716 775 2918 844 magni
2963 775 3144 829 etiam
3187 774 3307 830 sint
3347 773 3586 831 labores

1928 875 2172 916 necesse
2206 869 2292 918 est
2340 864 2416 919 ad
2462 879 2601 919 eum
2641 862 3126 936 adipiscendum,
3171 864 3276 934 qui
3335 879 3457 920 non
3506 862 3586 919 ad

1927 951 2382 1008 ostentationem
2416 953 2578 1025 apud
2603 953 2879 1009 homines
2914 952 3078 1020 ﬁant,
3117 951 3226 1008 sed
3256 954 3320 1007 ut
3347 951 3585 1024 placea.

1931 1056 2066 1096 mus
2103 1041 2352 1096 Domino
2382 1043 2484 1114 qui
2514 1043 2678 1098 novit
2702 1041 3076 1105 abscondita,
3115 1057 3297 1113 quem
3345 1056 3586 1112 semper

1929 1129 2221 1200 respicere
2246 1130 2558 1196 debemus,
2579 1138 2636 1188 et
2655 1130 2938 1187 interiora
2963 1131 3148 1186 animi
3171 1129 3441 1194 scrutari.
3467 1129 3586 1200 pie-

1930 1217 2189 1290 tatisque
2217 1219 2450 1275 munire
2481 1219 2962 1290 cogitationibus,
2990 1234 3064 1275 ne
3091 1217 3400 1274 introitum
3423 1217 3589 1273 inve-

1930 1307 2057 1364 niat
2076 1323 2271 1380 neque
2286 1307 2486 1365 locum
2511 1308 2867 1365 insidiarum
2892 1308 3290 1371 adversarius,
3315 1320 3588 1363 exercere

1930 1411 2072 1452 vero
2103 1401 2160 1452 et
2187 1397 2403 1453 ducere
2433 1396 2513 1453 ad
2543 1397 2687 1454 boni
2717 1403 2771 1454 et
2800 1397 2944 1454 mali
2989 1397 3395 1468 cognitionem
3429 1409 3586 1451 mor-

1931 1485 2074 1541 bida
2086 1485 2325 1541 animae
2343 1487 2631 1543 membra.
2643 1489 2922 1543 Exercere
2935 1490 3136 1541 autem
3151 1501 3274 1541 eam
3290 1485 3399 1540 scit
3413 1486 3590 1540 Deum

1933 1590 2192 1646 sequens
2213 1591 2384 1630 mens
2417 1580 2473 1632 et
2494 1581 2678 1632 totam
2709 1577 2977 1631 animam
3017 1574 3131 1630 sibi
3180 1573 3471 1646 copulans
3510 1571 3589 1629 ad

1934 1663 2101 1718 illum
2127 1679 2197 1719 ex
2227 1663 2324 1719 Dei
2352 1679 2578 1731 amore,
2614 1668 2670 1720 et
2695 1663 2942 1720 occultis
2966 1663 3191 1719 virtutis
3219 1659 3592 1732 cogitationi-

1863 1770 1903 1824 Β
1935 1753 2048 1808 bus
2081 1753 2626 1826 mandatorumque
2655 1752 2938 1825 operibus
2961 1753 3269 1824 putridum
3295 1765 3519 1807 sanans
3535 1754 3592 1805 et

1934 1848 2228 1914 quantum
2254 1843 2386 1900 licet
2409 1844 2805 1914 conjungens.
2836 1843 3032 1909 Quum
3089 1845 3290 1898 autem
3341 1855 3465 1896 una
3516 1840 3592 1895 sit

1937 1932 2210 1988 custodia
2239 1937 2294 1988 et
2322 1948 2465 1988 cura
2491 1934 2748 1998 animae,
2782 1931 2882 1988 Dei
2911 1930 3134 1987 scilicet
3175 1945 3314 1986 cum
3353 1928 3590 1984 deside-

1937 2021 2025 2076 rio
2057 2021 2376 2088 recordari,
2410 2026 2464 2077 et
2509 2036 2748 2094 semper
2798 2019 2972 2076 bonis
3017 2017 3480 2092 cogitationibus
3505 2017 3592 2073 in-

1935 2108 2199 2176 haerere,
2232 2126 2306 2165 ne
2337 2109 2688 2166 excidemus
2720 2108 2817 2166 tali
2843 2107 2991 2173 zelo,
3025 2107 3150 2163 sive
3172 2107 3440 2172 edentes,
3465 2104 3591 2162 sive

1934 2198 2230 2267 bibentes,
2263 2199 2381 2254 sive
2411 2199 2603 2264 otiosi,
2651 2198 2700 2254 si
2751 2203 2998 2268 agentes
3040 2195 3287 2269 aliquid,
3338 2195 3459 2250 sive
3502 2193 3592 2250 lo-

1932 2293 2204 2360 quentes,
2235 2292 2297 2342 ut
2327 2287 2554 2357 omnia,
2581 2303 2739 2360 quae
2789 2285 3065 2351 facimus,
3094 2285 3154 2340 in
3197 2284 3295 2340 Dei
3345 2281 3589 2339 laudem

1931 2377 2167 2442 cedant,
2196 2392 2317 2433 non
2345 2376 2406 2432 in
2434 2381 2699 2432 nostram
2722 2375 3014 2448 ipsorum,
3044 2389 3236 2446 neque
3275 2371 3424 2445 quid
3468 2386 3593 2427 sor-

1931 2465 2142 2521 didum
2170 2466 2261 2522 vel
2291 2464 2711 2522 immunditiae
2737 2464 2859 2520 vita
2880 2468 3084 2521 nostra
3109 2479 3180 2519 ex
3205 2460 3433 2518 diaboli
3453 2460 3592 2517 insi-

1930 2555 2044 2610 diis
2075 2556 2286 2612 trahat.
2314 2559 2621 2611 Praeterea
2645 2555 2832 2610 Deum
2877 2551 3266 2623 diligentibus
3304 2549 3499 2607 facilis
3530 2553 3588 2606 et

1930 2645 2127 2700 suavis
2157 2644 2580 2700 mandatorum
2609 2643 2801 2709 labor,
2839 2658 3028 2716 quum
3067 2641 3196 2697 leve
3240 2645 3296 2696 et
3328 2637 3591 2696 amabile

1932 2735 2105 2790 nobis
2144 2741 2443 2790 certamen
2485 2731 2698 2789 reddat
2735 2731 2894 2787 illius
2942 2745 3131 2786 amor.
3166 2731 3361 2795 Quare
3410 2727 3590 2784 etiam

1930 2823 2208 2880 diabolus
2230 2823 2393 2879 omni
2425 2821 2606 2877 modo
2636 2821 2857 2889 nititur,
2891 2825 2952 2876 ut
2986 2820 3259 2875 timorem
3293 2815 3531 2873 Domini
3557 2831 3589 2871 e

1930 2913 2213 2969 cordibus
2265 2911 2496 2975 evellat,
2551 2915 2606 2966 et
2660 2925 2930 2965 amorem
2977 2923 3121 2977 erga
3169 2905 3338 2962 illum
3373 2904 3591 2961 illicitis

1932 3001 2334 3074 voluptatibus
2355 2999 2766 3072 suavibusque
2786 2997 2983 3053 hamis
3005 2995 3322 3062 dissolvat,
3347 2999 3592 3051 conten-

1931 3091 2155 3164 ditque,
2191 3095 2270 3155 ut,
2304 3105 2441 3145 cum
2475 3089 2743 3143 animam
2775 3086 3006 3143 nudam
3050 3081 3461 3158 spiritualibus
3500 3097 3593 3138 ar-

1932 3181 2044 3236 mis
2072 3185 2123 3235 et
2143 3178 2570 3235 incustoditam
2597 3175 3070 3250 deprehenderit,
3094 3179 3332 3231 nostros
3352 3171 3590 3229 labores

1931 3270 2161 3342 perdat,
2196 3273 2492 3324 terrenam
2519 3265 2694 3323 nobis
2721 3265 2974 3335 gloriam
3017 3279 3128 3336 pro
3168 3263 3406 3320 coelesti
3451 3275 3594 3331 sug-

1929 3374 2162 3429 gerens,
2190 3362 2248 3414 et
2277 3357 2610 3413 obscurans
2623 3371 2778 3428 quae
2801 3369 2939 3410 vere
2956 3352 3206 3426 pulchra
3227 3352 3402 3424 213
3429 3352 3589 3416 sunt,

1939 3448 2008 3504 iis
2030 3463 2186 3520 quae
2215 3445 2462 3519 polchra
2493 3461 2616 3501 esse
2659 3445 2932 3500 videntur
2966 3441 3388 3512 imaginatiuni
3419 3439 3594 3495 dece-

1932 3535 2502 3609 ptorum.Terribilis
2526 3535 2685 3590 enim
2701 3539 2789 3590 est
2811 3533 3261 3605 et,negligentes
3285 3530 3332 3586 si
3354 3530 3594 3587 invene-

1935 3627 2006 3682 rit
2031 3625 2329 3689 custodes,
2362 3625 2421 3680 in
2447 3623 2891 3695 opportunitate
2931 3620 3276 3693 arripienda
3325 3626 3382 3676 et
3419 3619 3594 3673 virtu-

1936 3719 2007 3772 tis
2037 3715 2345 3771 laboribus
2373 3711 2712 3783 irrependo,
2737 3716 2794 3766 et
2837 3709 3027 3765 tritico
3072 3725 3182 3763 sua
3231 3707 3456 3764 zizania
3501 3707 3593 3761 in-

1936 3803 2302 3866 terserendo,
2323 3799 2704 3856 maledictum
2728 3798 2948 3854 scilicet
2964 3796 3383 3868 etsuperbiam
3399 3794 3596 3849 etina-

1936 3910 2074 3950 nem
2108 3891 2361 3962 gloriam
2386 3888 2699 3944 ethonoris
2717 3886 3061 3958 cupidinem
3081 3883 3594 3940 etcontentionem

1938 3989 1994 4040 et
2014 3992 2207 4038 cetera
2239 3978 2500 4035 malitiae
2531 3977 2816 4033 facinora.
2852 3977 3094 4046 Oportet
3140 3973 3316 4041 igitur
3355 3969 3593 4040 vigilem

1937 4087 2066 4129 esse
2096 4075 2152 4125 et
2178 4067 2442 4139 undique
2491 4064 2792 4122 custodire
2847 4063 3182 4127 inimicum,
3229 4068 3308 4126 ut,
3360 4057 3594 4116 etiamsi

1941 4159 2281 4216 machinam
2313 4155 2624 4230 quandam
2662 4152 3042 4226 impudenter
3070 4149 3374 4215 adhibeat,
3401 4147 3598 4221 prius-

1937 4265 2124 4322 quam
2155 4247 2422 4303 animam
2450 4244 2665 4316 capiat,
2696 4259 2833 4299 eum
2866 4240 3312 4314 propulsemus.
3344 4241 3598 4295 Memen-

1940 4347 2056 4396 tote
2085 4353 2222 4394 vero
2253 4335 2399 4392 mihi
2431 4335 2612 4390 etiam
2661 4347 2916 4404 semper,
2960 4329 3127 4403 quod
3172 4328 3319 4385 Abel
3355 4330 3472 4384 Deo
3504 4340 3597 4382 sa-

1940 4429 2229 4485 criﬁcium
2255 4426 2328 4480 de
2375 4422 2650 4497 primitiis
2693 4421 2898 4477 ovium
2947 4426 3003 4476 et
3060 4418 3309 4490 adipum
3357 4413 3593 4481 obtulit,

1864 4502 1909 4556 D
1941 4521 2083 4576 Cain
2112 4531 2255 4571 vero
2285 4515 2359 4569 de
2390 4513 2678 4569 fructibus
2710 4516 2922 4578 terrae,
2947 4509 3051 4565 sed
3081 4523 3201 4563 non
3221 4508 3295 4562 de
3324 4503 3598 4577 primitiis

1944 4604 2342 4663 iructuum.El
2357 4601 2853 4672 respeximnquit,
2867 4599 3018 4655 Deus
3031 4597 3111 4653 ad
3121 4595 3417 4663 sacriﬁcia
3431 4592 3596 4657 Abel,

1943 4698 2024 4756 ad
2049 4710 2298 4752 munera
2329 4693 2478 4750 Cain
2492 4698 2689 4749 autem
2703 4708 2819 4747 non
2845 4687 3215 4758 respexitU).
3236 4687 3399 4750 Quae
3421 4683 3598 4753 igitur

1947 4787 2222 4841 historiae
2250 4782 2472 4838 utilitas
2499 4780 2526 4836 ἵ
2560 4781 3016 4851 Discitur,quam
3048 4773 3449 4846 beneplacens
3479 4772 3599 4827 Deo

1946 4889 2126 4930 omne
2152 4873 2242 4936 sit,
2269 4870 2432 4944 quod
2465 4885 2601 4926 cum
2633 4868 2841 4924 timore
2880 4876 2935 4921 et
2968 4863 3088 4919 ﬁde
3115 4864 3198 4929 tit,
3231 4875 3426 4932 neque
3456 4874 3599 4914 vero

1948 4963 2007 5020 id
2033 4961 2198 5036 quod
2228 4965 2578 5031 sumptuose
2615 4956 2744 5013 sine
2768 4970 2972 5011 amore
3005 4951 3324 5025 perficitur.
3352 4951 3466 5005 Nec
3499 4947 3602 5004 ali-

1949 5057 2034 5109 ter
2063 5050 2366 5107 Abraham
2399 5064 2434 5104 a
2468 5043 2890 5105 Melchisedech
2920 5040 3397 5099 benedictionem
3431 5051 3601 5092 acce-

1951 5142 2054 5214 pit,
2082 5138 2381 5196 nisietiam
2405 5136 2698 5210 primitias
2719 5140 2776 5190 et
2797 5133 3002 5206 opima
3021 5130 3278 5187 offerens
3305 5125 3601 5186 sacerdoti

224 4875 318 4926 κᾶν
365 4871 647 4947 προσϐάλῃ
692 4875 808 4925 τινὰ
846 4879 1094 4945 μηχανὴν
1125 4873 1212 4926 ὑπ’
1270 4873 1671 4946 ἀναισχυντίας,
1714 4880 1835 4950 πρὶν

228 4962 479 5033 ἅψασθαι
545 4968 637 5022 τῆς
700 4961 905 5034 ψυχῆς,
969 4961 1430 5034 ἀποκρούσασθαι.
1498 4966 1838 5036 μνημονεύετε

236 5048 293 5105 δέ
322 5070 418 5125 μοι
451 5060 688 5124 συνεχῶς
733 5051 1001 5119 κάκείνων,
1035 5052 1116 5105 ὃτι
1146 5051 1300 5105 Ἀϐελ
1334 5055 1424 5124 μεν
1453 5057 1736 5126 προσέφερε
1767 5061 1838 5124 τῷ

239 5142 332 5213 θεῷ
366 5143 560 5195 θυσίαν
600 5139 702 5195 ἀπὸ
754 5147 1096 5215 πρωτοτόκων
1147 5141 1418 5214 προϐάτων
1465 5148 1554 5196 καὶ
1587 5144 1834 5210 στεάτων,

1595 5284 1860 5341 VARIAE
1899 5281 2302 5340 LECTlONES.

314 5412 360 5485 ¹)
392 5411 540 5485 Οριί.
595 5409 919 5485 καταϐάλλη.
1139 5409 1283 5485 Cod.
1339 5409 1599 5485 (ξιπώλωλεἶ
1631 5441 1698 5450 -
1801 5408 1973 5485 COd._
1999 5409 2262 5480 ἑπόμενος.
2298 5437 2365 5446 -
2396 5406 2442 5476 ⁸)
2489 5405 2674 5485 Corr.,
2733 5401 2868 5485 cod.
2895 5403 3098 5474 ἔχειν.
3133 5427 3201 5440 —-
3230 5397 3276 5469 ⁸)
3326 5391 3599 5458 Emend..

369 5524 384 5540 .
413 5482 584 5545 ἄλλος.
613 5511 683 5527 -
710 5483 755 5554 ⁸)
784 5474 927 5540 Cod.
959 5474 1125 5537 ὅπλων
1156 5512 1223 5525 —-
1247 5483 1293 5556 ⁷)
1317 5482 1360 5536 εἰ
1389 5497 1511 5541 om.
1538 5474 1840 5546 librarius,
1872 5479 2000 5540 sed.
2031 5474 2115 5536 ω’.
2149 5493 2300 5535 corr.
2333 5474 2518 5549 supra
2547 5474 2743 5534 adscr.
2776 5475 2850 5529 οἱ.

325 5689 404 5764 (1)
433 5690 648 5750 Genes.
687 5687 780 5756 Iv,
812 5691 864 5746 4,
1147 5687 1158 5698 .
1776 5596 2037 5656 NOTAE.
