4086 6194
565 224 667 282 431

1888 220 1947 277 S.
1988 218 2290 276 MACABJI
2329 218 2664 276 AEGYPTII
3790 228 3875 285 432

560 350 661 407 Dei
689 350 769 422 (t)
798 347 1043 422 ;opima
1064 352 1264 407 autem
1292 349 1435 406 dicit
1459 352 1515 405 et
1538 348 1830 422 primitias
1853 348 2214 405 substantia-

2329 347 2454 401 Κάίν
2486 342 2545 400 δὲ
2575 346 2675 399 ἀπὸ
2705 352 2917 421 καρπῶν
2947 350 3044 406 τῆς
3070 351 3138 416 γῆ
3152 364 3192 409 ς,
3225 342 3332 397 ἀλλ’
3364 343 3455 397 οὐκ
3485 344 3578 400 ἀπὸ
3621 356 3707 402 τῶν
3751 360 3867 427 πρὼ.

559 454 697 497 rum
728 442 924 512 ipsam
955 440 1225 497 animam
1252 443 1309 496 et
1331 440 1529 512 ipsam
1580 444 1862 503 mentem,
1905 439 2211 509 imperans

559 529 756 595 nobis,
787 545 861 584 ne
883 529 1348 599 pusillanimiter
1370 529 1755 583 immolemus
1786 527 1905 581 Deo
1928 526 2138 583 laudes
2159 530 2216 581 et

561 633 789 691 preces.
821 633 1015 690 neque
1045 618 1224 674 obvia
1249 633 1526 690 quaeque
1572 617 1822 672 Domino
1866 614 2213 680 offeramus,

562 707 670 762 sed
702 706 863 778 quod
893 707 1188 778 opiimum
1219 712 1308 762 est
1334 706 1789 771 animae,immo
1806 706 2215 777 potiusipsam

562 800 748 852 totam
769 795 998 851 tradere
1048 813 1186 851 cum
1227 797 1393 851 omni
1430 811 1635 852 amore
1681 800 1735 850 et
1775 794 2100 858 alacritate,
2158 798 2220 849 ut

563 899 799 957 semper
831 885 1033 940 nutriti
1058 884 1308 956 Spiritus
1331 885 1540 955 gratia,
1566 891 1621 940 et
1648 883 1945 950 virtutem,
1965 899 2120 956 quae
2148 899 2221 938 ex

561 974 788 1029 Christo
808 977 915 1040 est,
939 981 1307 1030 assumentes
1336 973 1609 1047 expedite
1640 989 1953 1029 curramus
1977 988 2218 1028 cursum

560 1062 788 1125 salutis,
823 1078 1082 1135 eumque
1108 1062 1343 1119 facilem
1366 1068 1423 1119 et
1444 1078 1697 1117 suavem
1717 1061 2068 1127 reddamus,
2094 1077 2221 1117 cur-

561 1165 694 1205 sum
720 1150 940 1206 scilicet
966 1151 1240 1218 iustitiae,
1266 1150 1594 1223 opitulante
1613 1151 1786 1206 nobis
1816 1152 1930 1205 Deo
1954 1150 2030 1205 ad
2056 1150 2223 1206 labo—

558 1254 696 1295 rum
721 1239 1010 1310 studium,
1044 1245 1099 1297 et
1131 1240 1472 1312 perﬁciente
1489 1256 1592 1312 per
1606 1256 1715 1296 nos
1724 1240 1991 1311 justitiae
2011 1255 2219 1311 opera.

2326 456 2423 489 των
2453 443 2685 511 καρπῶν.
2714 439 2823 487 καὶ
2864 430 3113 496 ἐπεῖδε,
3153 436 3336 505 φησί,
3380 434 3405 485 ό
3447 436 3581 499 θεὸς
3614 439 3708 492 ἐπὶ
3752 451 3876 506 ταῖς

2328 527 2593 586 θυσίαις
2643 520 2961 588 τού”Αϐελ,
3032 525 3133 575 ἐπὶ
3193 518 3264 575 δε
3321 528 3455 584 τοῖς
3512 521 3729 599 δώροις
3780 541 3876 585 τοῦ

2330 617 2487 668 Κάίν
2526 614 2592 666 ού
2631 616 2978 686 προσὲσχε
3008 633 3020 646 ·
3054 615 3104 665 τί
3131 616 3302 664 τοίνυν
3342 621 3432 673 τῆς
3463 615 3683 690 ἱστορίας
3707 622 3756 671 τὸ
3779 626 3877 694 κέρ.

2329 700 2449 769 δος;
2476 704 2555 756 ὅτι
2581 706 2691 755 ἔστι
2713 705 2913 775 μαθεῖν,
2938 704 3007 763 ὡς
3027 701 3302 775 εὐάρεστον
3325 709 3395 773 τῷ
3421 704 3511 773 θεῷ
3533 705 3878 784 πάντοτε[τό]¹)

2327 796 2459 866 μετὰ
2484 791 2641 865 φόϐου
2676 797 2765 844 καὶ
2797 796 3042 857 πίστεως,
3076 791 3133 843 ού
3164 793 3223 843 τό
3255 790 3536 853 πολυτελῶς
3565 794 3675 846 ἄνευ
3703 795 3877 867 ἀγάπης

2327 886 2613 955 γινόμενον.
2659 877 2783 934 οὔδε
2815 880 3056 953 Ἀϐρααμ
3086 882 3228 955 παρά
3275 887 3366 932 τοῦ
3398 880 3713 952 Μελχισεδὲκ
3751 886 3883 949 ἄλλως

2330 968 2538 1035 ἐδέξατο
2568 974 2661 1028 τὴν
2692 969 2948 1041 εύλογίαν,
2999 968 3127 1021 ἀλλά
3164 972 3254 1021 καὶ
3300 971 3389 1030 τὰς
3436 967 3675 1045 ἀπαρχὰς
3716 978 3795 1027 καὶ
3832 978 3883 1028 τὰ

2329 1065 2514 1133 καίρια
2539 1062 2889 1135 προσενέγκας
2941 1056 3012 1130 τῷ
3063 1060 3185 1131 ἱερεῖ
3232 1065 3324 1111 τοῦ
3361 1058 3476 1110 θεοῦ
3506 1079 3519 1092 ·
3550 1062 3611 1112 τὰ
3656 1065 3819 1135 καίρια
3839 1061 3885 1116 δι

2329 1149 2465 1221 λέγει
2514 1154 2604 1201 καὶ
2660 1151 2726 1201 τα
2780 1146 3052 1221 ἀκροθίνια
3095 1154 3193 1200 τῶν
3242 1148 3585 1221 ὑπαρχόντων
3614 1153 3761 1209 αὐτὴν
3805 1157 3881 1211 τὴν

2330 1233 2515 1312 ψυχὴν
2541 1244 2630 1291 καὶ
2660 1241 2746 1290 τὸν
2776 1245 2892 1290 νοῦν
2942 1236 3117 1308 αὐτόν,
3149 1236 3363 1289 κελεύων
3392 1237 3436 1309 ²)
3468 1238 3609 1309 ἡμῖν,
3641 1243 3705 1310 μή
3734 1259 3884 1312 μικρο-

558 1336 777 1401 πρεπῶς-
827 1330 963 1382 θύειν
1035 1330 1106 1400 τῷ
1166 1331 1261 1401 θεῷ
1332 1333 1426 1392 τὰς
1489 1330 1708 1391 αἰνέσας
1758 1334 1843 1382 καὶ
1896 1331 1986 1390 τὰς
2042 1328 2229 1401 εὐχάς,
2284 1324 2424 1401 μηδέ
2452 1331 2495 1400 ³)
2554 1330 2620 1380 τὰ
2666 1331 2899 1399 τυχόντα
2926 1334 2998 1398 τῷ
3042 1323 3272 1399 δεσπότῃ
3306 1328 3608 1401 προσάγειν,
3654 1326 3811 1381 ἀλλἐἴ
3833 1349 3878 1384 τι

559 1421 762 1490 καίριον
814 1426 909 1480 τῆς
954 1418 1160 1491 ψυχῆς,
1210 1418 1400 1490 μᾶλλον
1442 1415 1500 1472 δὲ
1550 1419 1712 1478 αὐτὴν
1762 1418 1882 1477 ὅλην
1932 1417 2231 1471 ἀνατιθέναι
2298 1419 2429 1490 μετά
2479 1418 2657 1479 πάσης
2730 1415 2935 1488 ἀγάπης
2991 1418 3079 1467 καὶ
3130 1418 3447 1488 προθυμίας,
3492 1417 3625 1479 ὅπως
3681 1416 3754 1471 ἀεὶ
3799 1438 3887 1493 τρε-

561 1510 769 1578 φόμενοι
819 1514 879 1578 τῇ
935 1514 1026 1559 τοῦ
1081 1510 1372 1580 πνεύματος
1419 1509 1609 1583 χάριτι
1659 1512 1745 1561 καὶ
1780 1505 2003 1579 δύναμιν
2062 1513 2154 1566 τὴν
2187 1508 2244 1560 ἐκ
2297 1514 2389 1559 τοῦ
2443 1507 2682 1579 Χριστοῦ
2754 1503 3261 1577 προσλαμϐάνοντες,
3318 1508 3587 1579 τρέχωμεν
3638 1505 3678 1577 ⁴)
3722 1503 3890 1579 ῥᾳδίως

555 1599 642 1647 τόν
698 1600 960 1670 σωτηρίου
985 1598 1029 1666 ⁵)
1074 1593 1291 1670 δρόμον,
1362 1605 1551 1669 κοῦφον
1609 1602 1697 1649 καὶ
1748 1594 1883 1657 ἡδὺν
1946 1605 2227 1667 ποιοῦντες,
2284 1600 2370 1649 τὸν
2438 1597 2564 1668 ὑπὲρ
2618 1603 2708 1655 τῆς
2767 1592 3133 1660 δικαιοσύνης,
3192 1593 3740 1657 συναντιλαμϐάνοντος
3785 1597 3887 1667 ἡμῖν

555 1690 648 1737 τοῦ
682 1686 798 1737 θεοῦ
831 1688 958 1759 πρὸς
987 1689 1081 1744 τὴν
1112 1694 1211 1738 τῶν
1241 1690 1407 1739 πόνων
1437 1683 1698 1752 σπουδήν,
1727 1692 1818 1740 καὶ
1843 1686 2217 1749 ἀποτελοῦντος
2245 1683 2321 1740 δι’
2348 1686 2494 1758 ἡμῶν
2520 1687 2589 1737 τὰ
2611 1692 2703 1745 τῆς
2733 1680 3075 1744 δικαιοσύνης
3107 1685 3253 1756 ἔργα.

629 1775 695 1828 Ει
719 1773 866 1829 haec
891 1773 1135 1844 quidem
1168 1775 1482 1832 hactenus.
1508 1777 1586 1831 De
1612 1776 1840 1832 virtutis
1860 1781 2061 1833 autem
2083 1792 2214 1848 par-
2246 1776 2291 1830 D

558 1860 732 1927 tibus,
761 1878 1067 1935 quaenam
1092 1863 1300 1921 melior
1330 1865 1404 1921 sit
1433 1863 1839 1922 existimanda
1878 1872 2093 1938 etprae
2126 1880 2218 1921 ce-

559 1950 696 2007 teris
722 1951 1082 2023 expetenda,
1108 1968 1415 2024 quaenam
1467 1960 1603 2026 post
1652 1969 1786 2010 eam
1828 1954 2113 2019 secunda,
2162 1956 2219 2009 et

559 2044 787 2097 ceterae
812 2040 1095 2113 deinceps
1128 2041 1420 2111 singulae,
1450 2042 1567 2099 dici
1599 2045 1823 2115 nequit.
1862 2042 2040 2115 214
2070 2045 2217 2099 Nam

558 2128 688 2201 pari
718 2128 945 2185 honore
970 2129 1122 2185 inter
1161 2146 1224 2185 se
1256 2138 1412 2198 sunt,
1437 2136 1493 2188 et
1518 2133 1769 2188 invicem
1806 2133 2107 2189 studiosos
2140 2132 2216 2187 ad

558 2218 862 2289 fastigium
888 2218 1135 2274 ducunt.
1163 2222 1391 2276 Etenim
1419 2222 1766 2294 simplicitas
1815 2222 1891 2279 ad
1934 2221 2217 2277 obedien-

562 2307 705 2364 tiam
737 2307 1027 2378 perducit,
1059 2308 1396 2366 obedientia
1412 2311 1487 2365 ad
1512 2309 1713 2374 fidem,
1739 2310 1890 2367 ﬁdes
1915 2310 1991 2366 ad
2021 2326 2213 2382 spem,

562 2411 701 2467 spes
730 2396 810 2452 ad
840 2396 1365 2465 ministrationem,
1395 2403 1451 2454 et
1480 2398 1629 2456 haec
1659 2400 1738 2455 ad
1767 2400 2165 2456 humilitatem
2195 2417 2214 2467 ;

561 2499 599 2540 a
627 2499 749 2555 qua
771 2486 1173 2542 mansuetudo
1194 2487 1491 2558 excipiens
1519 2489 1595 2545 ad
1619 2488 1906 2558 gaudium
1928 2490 2213 2561 perducit,

561 2571 851 2643 gaudium
880 2572 959 2628 ad
989 2575 1319 2637 caritatem.
1353 2577 1569 2633 caritas
1603 2578 2218 2643 adorationem,etita

564 2666 773 2716 mutuo
802 2660 1116 2717 devinctae
1130 2666 1186 2719 et
1206 2663 2004 2738 devincienteseum,quieas
2028 2667 2219 2739 possi-

560 2749 681 2814 det,
710 2749 789 2805 ad
809 2749 1008 2821 ipsum
1034 2752 1369 2823 perducunt
1389 2754 2174 2826 reidesiderataefastigium
2201 2773 2213 2812 ε

562 2840 714 2895 sicut
740 2855 772 2895 e
796 2841 1092 2897 contrario
1113 2843 1379 2915 nequitia
1405 2860 1545 2899 suos
1568 2846 1795 2901 amicos
1822 2861 1927 2917 per
1947 2847 2219 2918 proprias

560 2927 748 2999 ipsius
772 2934 976 3001 partes
994 2930 1072 2986 ad
1092 2936 1419 2988 extremam
1448 2933 1732 2990 malitiam
1756 2934 2020 2990 deducit.
2037 2937 2219 3007 Opor-

559 3021 639 3074 tet
658 3022 862 3075 autem
881 3034 987 3074 vos
1010 3020 1202 3091 magis
1220 3021 1475 3078 orationi
1495 3038 1741 3095 operam
1762 3039 2006 3081 navare.
2032 3024 2217 3096 Siqui.

2402 1779 2502 1827 Καὶ
2553 1782 2715 1826 ταῦτα
2773 1775 2863 1846 μὲν
2929 1777 3095 1847 μέχρι
3153 1774 3338 1824 τούτου
3372 1788 3384 1801 ·
3423 1777 3540 1847 περὶ
3592 1768 3647 1826 δι
3695 1780 3784 1825 τῶν
3817 1780 3893 1834 τῆς

2327 1862 2515 1935 ἀρετῆς
2567 1871 2749 1935 μερῶν,
2813 1869 2961 1914 ποῖον
3012 1858 3096 1914 δεῖ
3142 1868 3376 1936 κρεῖττον
3404 1862 3651 1933 ἡγεῖσθαι
3689 1865 3768 1914 καὶ
3814 1864 3894 1933 πρὸ

2334 1961 2432 2005 τῶν
2485 1952 2648 2005 ἄλλων
2698 1948 3043 2018 ἐπιτηδεύειν,
3070 1958 3218 2003 ποῖον
3253 1948 3311 2005 δι
3339 1954 3530 2004 τούτου
3562 1948 3801 2026 δεύτερον,
3823 1953 3896 2001 καὶ

2326 2045 2390 2094 τὰ
2463 2041 2591 2094 ἄλλα
2658 2040 2837 2114 ἐφεξῆς
2906 2042 3023 2093 καθ’
3085 2041 3324 2105 ἕκαστον,
3416 2040 3512 2092 ούκ
3578 2042 3711 2093 ἔστιν
3765 2039 3897 2092 εἰπεῖν

2327 2129 2555 2189 ἀλλήλων
2614 2133 2714 2203 γὰρ
2747 2132 3011 2204 ὀμοτίμως
3041 2131 3277 2202 ἔχονται,
3309 2134 3404 2183 καὶ
3438 2126 3513 2182 δι’
3569 2127 3781 2188 ἀλλήλων
3832 2131 3898 2180 ἐπὶ

2325 2223 2419 2277 τὴν
2477 2224 2707 2293 κορυφὴν
2760 2223 2880 2281 τοὺς
2932 2222 3236 2291 χρωμένους
3289 2216 3657 2291 ἀνάγουσιν.ἡ
3689 2221 3770 2290 μεν
3818 2218 3899 2289 γάρ

2326 2307 2547 2369 ἁπλότης
2600 2314 2662 2379 τῇ
2723 2308 2925 2380 ὑπακοῇ
2982 2304 3382 2380 παραδίδωσιν,
3442 2310 3473 2366 ἡ
3530 2303 3591 2360 δι
3640 2308 3821 2363 ὑπακοὴ
3849 2312 3898 2376 τῇ

2328 2404 2523 2464 πίστει,
2574 2398 2706 2457 αὕτη
2738 2398 2781 2470 ⁸)
2814 2395 2873 2451 δε
2920 2406 2981 2470 τῇ
3031 2394 3227 2463 ἐλπίδι,
3266 2402 3358 2450 καὶ
3409 2400 3440 2457 ἠ
3475 2396 3617 2459 ἐλπὶς
3663 2405 3721 2469 τῇ
3753 2392 3902 2448 διακο-

2325 2494 2429 2561 νίᾳ,
2507 2487 2715 2546 κάκείνη
2778 2494 2839 2560 τῇ
2920 2490 3272 2553 ταπεινότητι,
3333 2489 3487 2561 παρά
3554 2483 3611 2539 δι
3660 2484 3901 2544 ταύτηςῆ

2326 2581 2561 2650 πρᾳότης
2608 2575 3094 2649 παραλαμϐάνουσα
3154 2584 3211 2648 τῇ
3274 2582 3432 2650 χαρᾴ
3484 2574 3811 2650 προσάγει,ἠ
3858 2566 3905 2623 δὲ

2326 2669 2475 2739 χαρά
2520 2662 2580 2738 τῇ
2644 2664 2843 2739 ἀγάπη,
2902 2670 2991 2717 καὶ
3038 2667 3067 2723 ἡ
3114 2664 3290 2737 ἀγάπη
3353 2672 3421 2739 τῇ
3471 2665 3627 2737 εὐχῇ,
3659 2668 3744 2715 καὶ
3772 2661 3906 2720 οὕτως

2330 2755 2558 2813 ἀλλήλων
2607 2755 2953 2828 ἑξηρτημέναι
2995 2759 3084 2807 καὶ
3133 2752 3505 2828 έξαρτήσασαι
3543 2757 3629 2806 τὸν
3672 2751 3904 2824 ἐχόμενον,

2329 2844 2405 2897 ἐπ’
2453 2844 2616 2903 αὐτὴν
2670 2842 2923 2915 ἀνάγουσι
2974 2851 3067 2896 τοῦ
3117 2845 3446 2915 ποθουμένου
3503 2848 3596 2902 τὴν
3653 2844 3858 2913 κορυφήν
3893 2852 3903 2864 ⁵

2328 2935 2560 3007 καθάπερ
2617 2932 2705 2985 ἀπ’
2765 2932 3055 2991 ἐναντίωνὴ
3116 2937 3344 3007 πονηρία
3372 2937 3494 2994 τοὺς
3548 2932 3733 2992 ἑαυτῆς
3760 2929 3908 3002 φίλους

2332 3020 2425 3075 διὰ
2466 3030 2565 3075 τῶν
2617 3023 2812 3075 οἰκείων
2870 3023 3035 3084 αὐτῆς
3080 3030 3246 3095 μερῶν
3286 3021 3370 3074 ἐπὶ
3417 3026 3514 3081 τὴν
3554 3022 3779 3093 ἐσχάτην
3809 3035 3915 3069 κατ-

560 3104 701 3163 dem
740 3122 811 3163 ea
849 3106 973 3163 dux
1000 3108 1301 3180 quaedam
1338 3116 1426 3166 est
1455 3112 1515 3166 in
1565 3111 1747 3167 choro
1787 3112 2094 3169 virtutum.
2119 3117 2220 3169 Per

2332 3114 2446 3183 άγει
2492 3116 2700 3167 κακίαν.
2734 3109 2817 3164 δεῖ
2846 3108 2905 3164 δὲ
2956 3113 3095 3185 ὑμᾶς
3123 3110 3272 3165 πλέον
3321 3120 3389 3185 τῇ
3443 3111 3578 3184 εύχῇ
3631 3123 3913 3185 προσκαρτε-

561 3210 745 3266 quam
760 3200 1053 3252 etceteras
1071 3197 1305 3253 virtutes
1319 3218 1352 3255 a
1367 3199 1486 3256 Deo
1501 3200 1680 3273 petim
1692 3217 1779 3265 us,
1798 3208 1859 3257 ut
1874 3202 2222 3258 communio

562 3290 741 3355 atque
763 3284 1104 3341 coniunctio
1125 3286 1362 3353 existat,
1387 3305 1493 3361 per
1512 3290 1823 3362 mysticam
1848 3292 2221 3347 sanctitatem

563 3377 619 3427 et
636 3372 1001 3442 spiritualem
1026 3376 1337 3447 quandam
1363 3380 1774 3451 operationem
1789 3378 2221 3436 etineﬂ‘abilem

562 3459 1038 3531 dispositionem.
1090 3463 1221 3518 eius
1267 3466 1366 3537 qui
1425 3466 1483 3520 in
1524 3466 1859 3522 orationem
1906 3468 2219 3525 incumbit.

565 3548 815 3618 Spiritus
847 3550 1006 3606 enim
1032 3551 1171 3607 inde
1192 3552 1411 3609 ducem
1436 3560 1492 3610 et
1526 3554 1768 3611 militiae
1791 3557 2020 3612 socium
2052 3574 2224 3613 assu-

564 3651 735 3693 mens
766 3638 1100 3696 incenditur
1125 3641 1202 3697 ad
1248 3642 1460 3699 Dimini
1492 3660 1785 3708 amorem,
1817 3651 1875 3701 et
1908 3647 2075 3702 ardet
2124 3648 2224 3703 de-

564 3725 800 3794 siderio,
820 3727 1122 3784 fastidium
1143 3732 1429 3787 orationis
1449 3748 1568 3789 non
1593 3734 1924 3803 inveniens,
1942 3738 2046 3791 sed
2072 3753 2223 3793 sem-

563 3829 668 3888 per
689 3815 767 3871 ad
788 3832 1059 3874 amorem
1094 3819 1235 3875 boni
1262 3820 1670 3879 inﬂammatus
1701 3828 1757 3879 et
1798 3825 2061 3881 animam
2100 3826 2225 3882 ala-

562 3904 1162 3977 critalerefrigerans,
1193 3909 1591 3967 sicutdictum
1615 3917 1700 3967 est
1735 3929 1746 3966 :
1784 3914 1896 3980 Qui
1909 3914 2090 3970 edunt
2111 3931 2220 3982 me,

562 3994 763 4050 adhuc
777 3997 1058 4060 esurient.
1078 4001 1131 4054 et
1143 3998 1473 4070 qm'bibunt
1488 4016 1596 4064 me,
1612 4003 1810 4059 adhuc
1823 4004 2025 4060 sitient
2051 4004 2151 4075 (2),
2168 4006 2226 4059 et

566 4082 708 4138 alibi
744 4102 755 4141 :
792 4085 1014 4140 Dedisti
1043 4087 1330 4143 laetitiam
1362 4089 1426 4144 in
1458 4090 1632 4144 corde
1661 4106 1783 4147 meo
1813 4092 1914 4164 (3),
1948 4098 2003 4147 et
2030 4094 2222 4149 Domi-

565 4184 681 4225 nus
714 4189 726 4228 :
760 4172 1022 4242 Regnum
1054 4176 1345 4233 caelorum
1369 4179 1528 4235 intra
1552 4194 1644 4234 vos
1666 4184 1750 4235 est
1782 4181 1880 4251 (4).
1904 4182 2220 4247 Quodnam

562 4272 817 4328 regnum
840 4259 983 4316 dicit
1002 4262 1157 4318 intra
1183 4279 1294 4318 nos
1309 4281 1457 4332 esse,
1476 4268 1848 4323 nisiomnino
1865 4269 2027 4326 illam
2047 4271 2221 4327 desu-

566 4361 672 4417 per
719 4360 824 4417 per
854 4348 1134 4419 Spiritum
1180 4351 1441 4409 infusam
1489 4355 1812 4412 animabus
1857 4358 2137 4415 laetitiam
2193 4360 2222 4415 ?

2330 3208 2457 3277 ρεῖν.
2509 3201 2613 3253 οἷον
2670 3203 2771 3274 γὰρ
2832 3204 3115 3273 κορυφαῖός
3164 3220 3243 3263 τις
3274 3208 3348 3272 τῷ
3402 3208 3557 3276 χορῷ
3609 3208 3703 3252 τῶν
3755 3196 3915 3271 ἀρετῶν

2332 3290 2462 3349 αύτὴ
2521 3291 2774 3362 τυγχάνει
2809 3308 2819 3319 ·
2853 3287 2925 3343 δι’
2976 3291 3038 3353 ἧς
3069 3295 3159 3343 καὶ
3188 3292 3277 3351 τὰς
3305 3290 3503 3353 λοιπὰς
3559 3289 3739 3362 ἀρετὰς
3772 3286 3917 3338 αἰτού-

2333 3382 2465 3452 μεθα
2520 3381 2664 3454 παρὰ
2720 3387 2810 3431 τοῦ
2867 3381 3005 3443 θεοῦ,
3066 3382 3128 3440 ὡς
3175 3387 3415 3433 κοινωνεῖ
3483 3384 3575 3432 καὶ
3641 3378 3920 3430 συνάπτεται

2335 3466 2409 3520 δι’
2454 3468 2732 3540 ἁγιότητος
2780 3475 3049 3539 μυστικῆς
3100 3473 3190 3520 καὶ
3236 3475 3603 3533 πνευματικῆς
3650 3485 3780 3526 τινος
3813 3462 3920 3533 ἐνερ-

2332 3562 2472 3628 γείας
2498 3562 2587 3611 καὶ
2615 3554 2901 3619 διαθέσεως
2934 3556 3165 3633 ἀρῥήτου
3194 3558 3219 3608 ό
3251 3565 3312 3630 τῇ
3354 3557 3495 3630 εὐχῇ
3532 3558 3915 3631 προσκαρτερῶν.

2334 3651 2391 3699 τὸ
2422 3650 2523 3721 γὰρ
2565 3654 2765 3719 πνεῦμα
2805 3645 2974 3698 λαϐὼν
3017 3645 3242 3699 ἐντεῦθεν
3283 3644 3493 3719 ὁδηγὸν
3538 3651 3629 3699 καὶ
3673 3647 3922 3716 σύμμαχον

2335 3734 2569 3807 φλέγεται
2627 3738 2757 3809 πρὸς
2806 3740 2898 3793 τὴν
2933 3742 3023 3787 τοῦ
3074 3740 3258 3808 κυρίου
3326 3735 3570 3807 ἀγάπην,
3626 3740 3711 3787 καὶ
3749 3733 3838 3793 ζέει
3864 3736 3922 3796 τῷ

2335 3826 2498 3896 πόθῳ,
2540 3827 2688 3896 κόρον
2720 3832 2813 3886 τῆς
2858 3822 3020 3895 εὐχῆς
3049 3824 3154 3896 οὐχ
3214 3825 3502 3897 εὑρίσκων,
3537 3823 3647 3876 ἀλλ’
3701 3821 3774 3874 ἀεὶ
3817 3820 3925 3891 πρὸς

2334 3917 2420 3966 τὸν
2467 3916 2632 3988 ἔρωτα
2686 3921 2777 3965 τοῦ
2831 3911 3034 3980 ἀγαθοῦ
3094 3911 3457 3984 ἐκκαιόμενος,
3521 3918 3611 3967 καὶ
3662 3906 3823 3987 ἄρδων
3870 3910 3917 3975 τῇ

2334 4005 2601 4076 προθυμία
2628 4006 2717 4060 τὴν
2746 4001 2946 4074 ψνχὴν,
2992 4003 3161 4063 καθὼς
3192 4005 3404 4076 εἴρηται
3425 4021 3437 4032 ⁸
3486 4006 3550 4055 οὶ
3591 4022 3657 4075 τρ
3677 3998 3927 4072 ώγοντές

2333 4112 2405 4165 με
2466 4095 2559 4145 ἔτι
2606 4093 3160 4155 πεινάσουσι,καὶ
3214 4093 3273 4144 οἱ
3328 4091 3803 4161 πίνοντές⁷)μι
3848 4088 3925 4137 ἔτι

2335 4176 3400 4254 διψήσουσι’καὶἀλλαχοῦ·ἔδωκας
3432 4172 3931 4257 εῦφροσύνηνεὶς

2332 4275 2443 4329 τὴν
2487 4267 2761 4343 καρδίαν
2800 4289 2941 4341 μου.
2972 4270 3354 4343 καὶόκύριος·
3400 4274 3433 4329 ἡ
3483 4269 3795 4344 βασιλεία
3827 4270 3929 4329 τῶν

2331 4360 2619 4435 ούρανῶν
2660 4358 2839 4419 ἐντὸς
2877 4359 3050 4431 ὑμῶν
3089 4356 3255 4411 ἐστι.
3286 4365 3411 4412 τίνα
3438 4357 3501 4413 δι
3527 4360 3665 4432 λέγει
3689 4354 3930 4431 βασιλείαν

566 4436 719 4523 Haec
749 4436 907 4492 enim
921 4443 1009 4493 est
1024 4442 1083 4494 ut
1096 4438 1244 4495 illud
1257 4446 1315 4496 et
1340 4443 1682 4515 exemplum
1697 4451 1752 4501 et
1768 4446 1983 4517 pignus
1998 4450 2217 4505 aeterni

2332 4447 2469 4510 ἐντός
2495 4450 2640 4520 ἡμῶν
2671 4446 2818 4510 εἶναι,
2849 4447 2878 4506 ἢ
2910 4449 3111 4509 πάντως
3137 4450 3229 4506 τήν
3257 4448 3460 4501 ἄνωθεν
3496 4446 3594 4501 διὰ
3621 4454 3711 4500 τοῦ
3734 4446 3931 4514 πνεύμα-

565 4522 792 4594 gaudii,
825 4541 947 4597 quo
972 4532 1316 4586 sanctorum
1348 4533 1587 4589 animae
1613 4535 1672 4589 in
1696 4542 1946 4592 venturo
1978 4540 2218 4596 saeculo

564 4611 966 4684 perfruuntur.
992 4615 1348 4677 Consolatur
1376 4624 1553 4691 igitur
1597 4640 1708 4679 nos
1769 4625 2057 4683 Dominus
2115 4645 2221 4701 per

563 4703 971 4775 operationem
1002 4707 1251 4779 Spiritus
1276 4710 1335 4766 in
1366 4712 1531 4767 omni
1577 4714 1957 4772 tribulatione
1993 4724 2217 4785 nostra,

566 4797 627 4880 ut
645 4792 833 4850 salvet
861 4810 996 4861 nos,
1045 4800 1102 4853 et
1130 4797 1205 4854 de
1236 4800 1654 4871 spiritualibus
1708 4804 1883 4861 bonis
1931 4811 1987 4863 et
2032 4807 2220 4880 ipsius

562 4879 943 4941 charismatis
965 4884 1139 4942 nobis
1170 4890 1591 4949 communicet.
1635 4892 1748 4961 Qui
1778 4895 1958 4961 enim,
2000 4879 2216 4969 inquit,

2328 4556 2413 4599 τος
2453 4536 2783 4608 ἐγγινομένην
2832 4542 2949 4598 ταῖς
3003 4535 3214 4607 ψυχαῖς
3263 4537 3646 4613 εύφροσύνηνς
3684 4535 3807 4591 αὕτη
3836 4530 3922 4603 γάρ

2328 4625 2468 4679 ἐστιν
2491 4626 2595 4678 οἷον
2623 4624 2796 4697 ἐκείνῳ
2818 4626 2862 4697 ⁸)
2891 4629 2983 4678 καὶ
3005 4621 3199 4697 δεῖγμα
3227 4631 3316 4679 καὶ
3347 4626 3603 4703 ἀρῥαϐὼν
3634 4634 3724 4686 τῆς
3748 4623 3932 4676 αἰωνίου

2327 4720 2518 4787 χαρᾶς,
2551 4716 2614 4777 ἧς
2666 4714 3021 4767 ἀπολαύουσιν
3054 4716 3109 4767 αἱ
3156 4722 3255 4767 τῶν
3308 4716 3483 4788 ἁγίων
3516 4716 3567 4769 ἓν
3617 4724 3689 4787 τῷ
3718 4704 3933 4786 προσδο-

2327 4808 2538 4877 κωμένῳ
2582 4804 2731 4857 αἰῶνι
2776 4803 2974 4876 ψυχαί.
3024 4803 3316 4877 παρακαλεί
3376 4802 3470 4858 οὖν
3534 4808 3675 4878 ἡμᾶς
3726 4802 3933 4870 όκύριος

2331 4892 2425 4948 διὰ
2466 4903 2562 4957 τῆς
2608 4893 2859 4967 ἐνεργείας
2887 4899 2978 4947 τοῦ
3022 4896 3311 4967 πνεύματος
3345 4893 3436 4948 ἐπὶ
3478 4897 3635 4968 πάσῃ
3683 4898 3741 4966 τῇ
3784 4884 3932 4958 θλίψει

1898 5058 2155 5114 VARIAE
2195 5058 2488 5116 LECTION
2496 5058 2598 5114 ES.

636 5179 678 5250 ί)
705 5182 764 5233 τὸ
789 5196 922 5266 om;
945 5182 1103 5266 cod,
1131 5185 1339 5266 addidi
1366 5203 1438 5243 ex
1470 5188 1628 5266 coni.
1664 5221 1732 5231 —
1765 5194 1807 5258 ³)
1834 5196 1993 5266 Corr.
2024 5195 2158 5251 cod.
2191 5195 2497 5249 κελεύειν.
2530 5224 2597 5234 -
2623 5194 2666 5266 3)
2691 5191 2879 5261 Corr.,
2919 5192 3054 5266 co_d.
3088 5197 3160 5251 Εη
3191 5188 3270 5247 δὲ.
3303 5222 3379 5233 -
3412 5194 3457 5263 ⁸)
3486 5195 3673 5266 Corp.
3704 5190 3930 5266 0041’?"

573 5268 760 5324 χομον.
789 5283 857 5293 -
884 5253 929 5325 ⁵)
982 5256 1170 5327 Corr.,
1222 5258 1354 5315 cod.
1404 5265 1682 5334 σωτηρίον.
1717 5253 1854 5333 -’⁶)
1887 5266 2076 5334 Corr.,
2115 5266 2251 5324 cod.
2296 5266 2454 5326 αὐτὴ.
2480 5297 2549 5307 -
2579 5266 2625 5337 ⁷)
2649 5253 2839 5331 Corr.,
2864 5253 3030 5322 'cod.
3081 5269 3369 5327 πείνοντες.
3401 5253 3475 5308 -ἔ
3508 5265 3555 5339 ⁸)
3589 5253 3687 5322 Sic
3717 5262 3843 5321 cod.
3864 5253 3927 5299 ’-

2096 5408 2347 5465 NOTAE.

638 5528 715 5597 (1)
754 5528 973 5587 Genes.
1000 5530 1152 5598 XIV,
1186 5535 1269 5589 t8.

636 5598 715 5671 (2)
759 5599 931 5658 Eccli.
959 5603 1145 5668 XXIV,
1175 5604 1263 5662 29.

2408 5540 2488 5683 (εγ
2529 5539 2753 5597 Psalm.
2787 5540 2882 5606 ιν,
2914 5544 2967 5595 7.

2410 5616 2465 5679 (4
2520 5610 2660 5669 Luc.
2693 5612 2850 5676 xvn,
2884 5611 2967 5666 2-1.

2410 5610 2488 5679 (4)
2520 5610 2660 5669 Luc.
2693 5612 2850 5676 XVII,
2884 5611 2973 5666 2-1.
