4086 6194
246 257 352 314 433

1709 260 2102 320 EPISTOLAE
2113 306 2125 319 .

3505 270 3613 327 434

245 383 415 455 ἡμῶν,
458 380 531 443 εἰς
570 382 629 433 τὸ
665 387 834 433 σῶσαι
871 384 960 434 καὶ
991 379 1310 453 μεταδοῦναι
1343 390 1443 436 τῶν
1488 395 1846 456 πνευματικῶν

1973 387 2305 444 ransolatur
2315 403 2418 444 nos
2429 389 2493 446 in
2505 390 2666 448 omni
2679 393 2928 452 veritate
2940 396 3242 462 nostra,ut
3253 395 3547 466 possimus
3561 401 3617 454 et

242 471 458 544 ἀγαθῶν
495 475 588 522 καὶ
625 477 723 522 τῶν
761 469 948 522 ἑαυτοῦ
986 474 1336 545 χαρισμάτων
1367 490 1378 502 ·
1401 475 1426 525 6
1465 475 1846 544 παρακαλῶν

243 560 762 632 γάρ,φησίν,ἠμᾶς
792 558 891 612 ἐπὶ
921 562 1096 634 πάσῃ
1128 569 1201 634 τῇ
1234 561 1510 636 ἀληθείᾳ
1535 565 1730 636 ἡμῶν,
1761 565 1849 628 εἰς

248 654 313 702 τό
355 645 689 702 δύνασθαι
725 649 895 720 ἡμᾶς
933 650 1337 724 παρακαλεῖν
1375 656 1522 714 τοῦς
1560 655 1617 705 ἐν
1669 656 1843 728 πάσῃ

251 737 490 809 θλίψειο
514 744 632 790 καίο
657 739 688 796 ἡ
720 735 966 812 καρδία
993 758 1113 810 μου
1139 744 1247 792 καὶ
1271 741 1304 799 ἡ
1336 741 1635 815 σάρξμου
1661 743 1848 814 ἠγαλο

248 825 567 877 λιάσαντο
607 823 705 876 ἐπὶ
739 827 878 877 θεὸν
919 825 1304 888 ξῶντα·καὶ’
1347 831 1472 882 ὡσεὶ
1505 829 1548 900 1)
1582 833 1846 890 στέατος

1959 476 2073 547 ipsi
2087 478 2390 562 consolari
2399 494 2514 546 eos,
2537 483 2644 552 qui
2656 483 2718 538 in
2746 485 2914 540 omni
2925 501 3212 553 pressura
3226 493 3361 542 sunt
3394 487 3493 558 (1).
3514 487 3612 542 Et:

1961 565 2079 620 Cor
2108 581 2296 623 meum
2328 575 2380 623 et
2412 584 2551 624 caro
2583 587 2710 627 mea
2741 575 3165 631 exultauerunt
3203 575 3264 631 in
3297 577 3479 633 Deum
3529 574 3615 630 vi-

1959 668 2095 710 vum
2112 654 2300 725 ('2).Et:
2315 657 2466 712 sicut
2478 659 2654 729 adipe
2670 668 2720 716 et
2740 662 2790 732 2
2807 664 2849 732 1
2868 663 3292 735 5pinguedine
3306 666 3619 734 repleatur

1959 745 2162 800 anima
2190 760 2318 801 mea
2341 746 2438 817 (3).
2465 749 2616 803 Haec
2631 751 2838 806 omnia
2876 753 3158 808 laetitiam
3182 759 3237 809 et
3261 753 3618 810 consolatio-

1961 846 2101 887 nem
2133 848 2203 888 ex
2235 834 2451 906 Spiritu
2484 853 2587 906 per
2613 840 2956 908 aenigmata
2994 841 3277 898 indicant.

247 920 353 967 καὶ
395 919 702 975 πιότητος
731 912 1128 974 ἓκπλησθείη
1162 917 1206 988 ³)
1233 919 1262 976 ἡ
1294 916 1479 989 ψυχή
1512 937 1631 991 μου
1660 938 1672 950 ·
1705 926 1872 972 ταῦτα
1918 922 2088 974 πάντα
2131 927 2224 981 τὴν
2255 925 2311 976 ἐκ
2354 932 2444 976 τοῦ
2476 929 2767 998 πνεύματος
2797 928 3121 1003 εὐφροσύνην
3152 936 3239 984 καὶ
3287 931 3618 1007 παράκλησιν

254 1000 325 1056 δι’
351 1002 674 1075 αἰνιγμάτων
703 1000 1024 1076 παραδηλοῖ.

325 1088 538 1150 Ἐπειδὴ
609 1096 780 1144 τοίνυν
846 1088 1134 1160 δέδεικται,
1203 1099 1285 1156 τίς
1346 1097 1372 1148 6
1429 1104 1524 1157 τῆς
1590 1095 1854 1160 εὐσεϐείας

263 1186 466 1245 σκοπός,
506 1183 562 1234 ὃν
599 1186 710 1254 χρή
750 1185 1063 1256 προκεῖσθαι
1088 1189 1198 1246 τοῖς
1226 1187 1311 1236 τόν
1355 1187 1558 1258 θεοφιλῆ
1605 1184 1721 1258 βίον
1762 1187 1858 1258 ζῇν

255 1272 594 1342 αἱρουμένοις,
663 1273 714 1332 ὅς
789 1270 902 1324 ἔστι
962 1271 1152 1344 ψυχῆς
1223 1275 1550 1348 καθαρισμὸς
1615 1281 1702 1328 καὶ
1767 1283 1859 1328 τοῦ

249 1363 537 1431 πνεύματος
591 1356 666 1413 δι’
722 1363 882 1435 ἔργων
951 1359 1159 1432 ἀγαθῶν
1224 1371 1524 1437 προτροπῆς
1581 1364 1856 1429 ἐνοίκησις,

243 1450 469 1510 ἕκαστος
499 1451 641 1522 ὑμῶν
671 1453 809 1502 κατά
837 1453 922 1502 τὸν
953 1451 1262 1522 ὑπαχθέντα
1293 1456 1487 1506 σκοπὸν
1526 1457 1864 1528 παρασκευά-

247 1557 346 1600 σας
371 1543 472 1597 τήν
510 1539 718 1610 ψυχήν,
749 1543 838 1592 καὶ
876 1543 1126 1612 μέγιστον
1167 1543 1284 1594 θεοῦ
1322 1549 1553 1606 ποιήσας
1587 1547 1753 1617 ἔρωτα
1792 1544 1856 1616 ³),

242 1629 416 1689 οὕτως
483 1625 724 1681 ἀποδότω
790 1629 970 1682 ἑαυτὸν
1035 1636 1148 1690 ταῖς
1205 1634 1394 1702 εὐχαῖς
1450 1638 1539 1686 καὶ
1593 1639 1862 1696 νηστείαις

244 1720 386 1770 κατὰ
455 1720 512 1769 τό
571 1717 731 1770 αὐτοῦ
797 1718 1015 1789 θέλημα,
1091 1725 1406 1791 μεμνημένοι
1471 1729 1562 1774 τοῦ
1625 1743 1859 1798 παρακα-

241 1807 461 1868 λοῦντος
519 1810 579 1858 τό
635 1803 976 1868 ἀδιαλείπτως
1024 1811 1440 1882 προσεύχεσθαι,
1483 1816 1572 1865 καὶ
1613 1821 1675 1885 τῇ
1723 1813 1854 1886 εύχῇ

243 1904 758 1968 προσκαρτεροῦντες
813 1901 903 1949 καὶ
959 1905 1071 1959 ταῖς
1116 1905 1206 1950 τοῦ
1267 1905 1451 1974 κυρίου
1505 1901 1856 1973 ἐπαγγελίαις,

243 1989 356 2062 ἄν
395 1992 442 2059 ⁸)
469 2009 635 2062 φησι·
669 1994 816 2062 πόσῳ
843 1989 1032 2062 μᾶλλον
1063 1981 1328 2050 ποιήσει
1355 1997 1468 2052 τὴν
1499 1991 1856 2053 ἐκδίκησιν

243 2081 269 2132 ὁ
322 2081 465 2140 θεὸς
508 2087 624 2131 τῶν
665 2077 961 2152 βοώντων
1015 2085 1175 2152 πρὸς
1213 2081 1418 2133 αὐτὸν
1455 2088 1688 2144 νυκτός
1741 2089 1854 2137 καὶ

239 2161 536 2240 ἡμέρας·
573 2168 742 2238 ἔλεγε
778 2170 902 2243 γάρ,
944 2172 1095 2240 φησί,
1136 2174 1246 2222 καί
1280 2171 1660 2244 παραϐολὴν
1698 2177 1860 2247 πρὸς

236 2261 312 2310 τὸ
354 2255 495 2310 δεῖν
536 2259 812 2310 πάντοτε
849 2261 1174 2329 εὔχεσθαι
1220 2264 1327 2311 καὶ
1369 2265 1450 2331 μὴ
1494 2260 1798 2315 ὶκκακεῖν
1843 2282 1855 2296 ·

237 2349 329 2400 ὅτι
355 2343 419 2399 δε
443 2348 474 2405 ἡ
508 2352 627 2418 περί
648 2351 741 2406 τὴν
767 2346 932 2419 εὐχὴν
965 2343 1174 2406 σπουδὴ
1204 2349 1404 2421 μεγάλα
1432 2351 1736 2425 χαρίζεται,
1771 2359 1861 2406 καὶ

236 2437 376 2489 αὐτὸ
405 2439 464 2488 τὸ
495 2444 699 2508 πνεῦμα
725 2444 838 2499 ταῖς
861 2435 1066 2508 ψυχαῖς
1087 2435 1349 2506 ἕνοικίζει,
1383 2436 1539 2498 δηλοί
1563 2450 1760 2514 σαφῶς,
1787 2438 1861 2495 δι’

237 2526 310 2577 ὧν
363 2529 652 2599 προτρέπει
696 2527 836 2598 ἡμᾶς
868 2527 895 2578 ό
934 2524 1218 2588 ἀπόστολος
1263 2527 1421 2599 λέγων
1449 2545 1460 2557 ·
1496 2525 1613 2582 διὰ
1649 2533 1861 2596 πάσης

236 2623 634 2689 προσευχῆς
690 2619 804 2667 καί
862 2611 1152 2678 δεήσεως
1207 2623 1748 2691 προσευχόμενος
1804 2621 1863 2674 ἰν

239 2707 446 2756 παντί
484 2711 687 2778 καιρῷ
726 2702 786 2756 ἰν
817 2707 1160 2775 πνεύματι,
1195 2711 1308 2759 καὶ
1339 2706 1425 2768 εἰς
1479 2707 1635 2761 αὐτὸ
1672 2717 1857 2763 τοῦτο

236 2793 744 2867 ἀγρυπνοῦντες
795 2795 852 2846 ἑν
892 2796 1062 2868 πάσῃ
1114 2803 1692 2870 προσκαρτερήσει
1753 2804 1863 2852 καὶ

242 2881 312 2938 δε
331 2889 364 2942 ἡ
391 2901 514 2936 σει·
543 2884 685 2944 ὅστις
702 2884 750 2953 ⁵)
772 2891 871 2935 τῶν
893 2880 1123 2957 ἀδελφῶν
1145 2887 1310 2957 τούτῳ
1329 2887 1370 2954 ⁴⁵)
1393 2894 1462 2956 τῷ
1483 2891 1626 2960 μέρει
1639 2888 1768 2948 αύτῆ
1783 2891 1865 2959 ς⁷)

241 2974 440 3027 ἔαυτόν
493 2967 822 3037 ἀποδίδωσι,
850 2980 922 3044 τῷ
970 2981 1066 3034 τῆς
1095 2973 1257 3045 εὐχῆς
1299 2974 1450 3046 λέγω,
1483 2976 1639 3029 καλὸν
1667 2980 1865 3036 θησαυ-

238 3066 332 3138 ρὸν
396 3063 629 3135 περιέπει
677 3065 764 3113 καὶ
820 3061 1040 3135 ἐραστοῦ
1093 3068 1346 3135 μεγίστου
1402 3065 1447 3136 ⁸)
1497 3069 1762 3137 κτήματος
1818 3068 1864 3139 ⁹)

253 3157 424 3225 μόνον
475 3154 702 3221 συντόνῳ
747 3155 836 3203 καὶ
875 3150 1001 3223 ὀρθῇ
1055 3149 1376 3221 συνειδήσει,
1429 3151 1682 3227 μηδαμοῦ
1733 3160 1866 3210 κατά

237 3247 332 3300 τὴν
401 3239 643 3292 διάνοιαν
690 3239 942 3300 ἑκουσίως
987 3240 1450 3313 περιπλανώμενος,
1499 3240 1642 3313 μηδε
1688 3247 1863 3320 ὥσπερ

239 3332 502 3385 ἀκούσιον
535 3325 824 3390 ἀποδιδοὺς
855 3331 920 3398 ¹⁰)
963 3329 1049 3382 ὑπ’
1082 3329 1314 3402 ἀνάγκης
1350 3337 1526 3406 χρέος,
1561 3333 1666 3385 ἀλλ’
1699 3337 1865 3408 ἔρωτα

237 3427 328 3474 καὶ
389 3421 550 3471 πόθον
594 3417 906 3487 ἀποπληρῶν
955 3427 1046 3480 τῆς
1093 3419 1303 3492 ψυχῆς,
1343 3426 1433 3474 καὶ
1476 3426 1593 3486 τοὺς
1633 3425 1862 3496 ἀγαθοὺς

241 3519 333 3571 τῆς
400 3515 711 3583 παραμονῆς
759 3511 988 3575 καρπούς
1041 3515 1205 3561 πᾶσιν
1258 3506 1553 3572 ἐπιδεικνύς
1590 3529 1603 3541 °
1633 3519 1742 3586 χρὴ
1805 3511 1864 3569 δε

241 3605 334 3652 καὶ
395 3601 524 3659 τοὺς
575 3597 788 3660 λοιπούς
844 3593 1055 3650 διδόναι
1113 3606 1184 3668 τῷ
1239 3601 1456 3671 τοιούτῳ
1512 3607 1710 3674 καιρόν,
1774 3609 1863 3657 καὶ
1907 3615 1918 3626 ⁸

248 3690 584 3760 συγχαίρειν
752 3693 1025 3759 παραμονῇ
1076 3694 1171 3748 τῆς
1215 3696 1541 3759 προσευχῆς,
1591 3691 1728 3752 ὅπως
1775 3699 1864 3746 καὶ

245 3781 406 3830 αῦτοι
431 3777 748 3847 μετάσχωσι
789 3782 888 3826 τῶν
928 3773 1136 3846 ἀγαθῶν
1175 3783 1407 3849 καρπῶν,
1449 3776 1538 3829 ἁτε
1577 3775 1644 3836 δὴ
1687 3799 1862 3832 κοινω-

243 3871 320 3918 νοὶ
375 3871 473 3916 τοῦ
512 3866 751 3916 τοιούτου
798 3861 918 3936 βίου
967 3871 1037 3934 τῷ
1091 3862 1416 3923 συνήδεσθαι
1460 3872 1722 3938 γεγονότες
1770 3870 1860 3940 “)-

246 3952 418 4008 δώσει
473 3949 536 4005 δε
589 3957 678 4005 καὶ
731 3951 885 4013 αὐτὸς
943 3955 968 4004 ό
1016 3956 1194 4026 κύριος
1245 3961 1353 4017 τοίς
1413 3955 1668 4021 αἰτοῦσιν,
1727 3958 1864 4018 ὅπως

245 4043 511 4114 εὔχεσθαι
533 4038 632 4104 δεῖ,
657 4044 792 4094 κατά
816 4045 872 4095 τὸ
894 4042 1156 4116 εἰρημένον
1181 4059 1194 4073 ο
1226 4043 1250 4094 6
1279 4039 1516 4104 διδούς
1554 4044 1752 4116 εὐχὴν
1784 4047 1864 4118 τῷ

246 4132 613 4204 εύχομενῳ.
669 4126 751 4183 δεῖ
793 4127 880 4182 οὖν
929 4131 1088 4183 αἰτεῖν
1135 4136 1224 4183 καὶ
1269 4129 1482 4199 εἰδέναι,
1529 4134 1592 4194 ὡς
1633 4142 1864 4210 κρεῖττον

2039 1101 2236 1166 Quum
2262 1102 2439 1172 igitur
2484 1105 2966 1164 demonstratum
2993 1108 3085 1178 sit,
3115 1109 3251 1180 quis
3279 1109 3352 1164 sit
3383 1109 3616 1180 pietatis

1969 1187 2124 1254 ﬁnis,
2148 1206 2330 1262 quem
2363 1208 2698 1264 proponere
2746 1196 2855 1252 sibi
2885 1196 3106 1253 debent
3137 1199 3321 1253 vitam
3353 1200 3470 1253 Deo
3494 1197 3621 1268 pla-

1970 1285 2198 1334 centem
2221 1279 2502 1350 eligentes
2525 1284 2627 1353 qui
2657 1289 2745 1340 est
2779 1286 3018 1341 animae
3048 1286 3324 1357 purgatio
3357 1291 3414 1341 et
3439 1285 3623 1356 Spiri-

1973 1373 2064 1422 tus
2089 1383 2193 1440 per
2222 1369 2697 1428 exhortationem
2725 1373 2802 1429 ad
2828 1373 2990 1430 bona
3022 1389 3204 1446 opera
3235 1373 3619 1440 inhabitatio,

1973 1458 2388 1530 unusquisque
2403 1462 2662 1517 vestrum
2677 1461 2752 1517 ad
2768 1464 3133 1535 propositum
3153 1464 3336 1520 ﬁnem
3353 1465 3621 1520 animum

1971 1554 2305 1619 praeparet,
2337 1554 2391 1604 et
2412 1551 2505 1605 Dei
2533 1566 2804 1608 amorem
2826 1569 3134 1609 summum
3157 1553 3437 1619 reddens,
3457 1553 3536 1608 ita
3557 1568 3619 1608 se

1970 1636 2537 1695 dedatorationibus
2555 1641 2858 1696 etieiuniis
2890 1641 3223 1698 secundum
3257 1644 3382 1696 eius
3415 1641 3623 1697 volun-

1971 1729 2170 1792 tatem,
2192 1743 2488 1783 memores
2513 1731 2637 1784 eius
2655 1730 2758 1802 qui
2780 1731 3071 1799 hortatur,
3097 1738 3156 1786 ut
3178 1731 3303 1786 sine
3321 1729 3622 1785 intermis-

1970 1815 2136 1870 sione
2183 1832 2424 1872 oremus
2473 1825 2526 1872 et
2557 1818 2613 1873 in
2647 1821 2978 1875 orationem
3024 1819 3440 1876 incumbentes
3473 1823 3529 1874 et
3559 1819 3620 1873 in

1969 1903 2202 1959 Domini
2219 1907 2535 1977 promissa,
2554 1907 2654 1963 ubi
2680 1925 2692 1962 :
2718 1914 2944 1981 quanto
2965 1911 3180 1978 magis,
3201 1908 3411 1981 inquit,
3431 1909 3621 1977 faciet

1969 1993 2290 2050 vindictam
2305 1997 2460 2051 Deus
2472 1997 2862 2052 clamantium
2876 1999 2956 2053 ait
2967 2013 3026 2054 se
3039 1999 3132 2055 die
3145 2013 3216 2053 ac
3230 1997 3508 2066 nocte(4).
3525 1996 3620 2050 Di-

1970 2083 2135 2139 cebat
2166 2090 2383 2150 autem,
2419 2085 2629 2157 inquit,
2663 2088 3044 2155 parabolam,
3079 2087 3358 2158 quoniam
3385 2090 3620 2154 oportet

1969 2187 2198 2242 semper
2226 2189 2404 2230 orare
2454 2181 2507 2230 et
2554 2191 2674 2231 non
2704 2177 2954 2243 deﬁcere
2981 2176 3078 2245 (5).
3114 2175 3286 2241 Quod
3320 2190 3460 2230 vero
3488 2189 3622 2230 ora-

1971 2261 2149 2318 tionis
2162 2262 2322 2318 zelus
2345 2263 2850 2334 magnalargitur,
2875 2269 2952 2329 et,
2973 2265 3100 2336 ipse
3114 2263 3370 2336 Spiritus
3400 2263 3621 2319 animis

1974 2356 2035 2406 ut
2062 2351 2536 2420 inhabitet,facit,
2553 2361 2755 2424 aperte
2768 2355 3093 2409 ostendunt
3113 2354 3440 2426 ea,quibus
3467 2355 3622 2424 Apo-

1973 2440 2160 2495 stolus
2206 2457 2315 2496 nos
2348 2442 2689 2499 exhortatur
2732 2442 2970 2498 dicens:
3000 2458 3110 2513 per
3139 2459 3366 2500 omnem
3400 2441 3624 2498 oratio-

1972 2543 2094 2584 nem
2105 2535 2158 2585 et
2175 2529 2624 2588 obsecrationem
2636 2539 2875 2588 orantes
2887 2532 3035 2588 omni
3050 2540 3302 2602 tempore
3316 2532 3378 2587 in
3395 2530 3622 2599 Spiritu

1973 2618 2096 2675 etin
2114 2619 2240 2690 ipso
2259 2619 2568 2690 vigilantes
2581 2621 2641 2676 in
2673 2621 2834 2677 omni
2858 2622 3152 2679 instantia
3179 2628 3233 2677 et
3259 2621 3622 2677 observatio-

1973 2709 2490 2782 ne(6).Quisquise
2521 2709 2802 2767 fratribus
2820 2711 2957 2766 huic
2986 2711 3137 2782 parti
3150 2711 3456 2779 ,orationis
3471 2708 3622 2765 scili-

1975 2803 2086 2863 cet,
2120 2813 2183 2852 se
2205 2797 2385 2864 dedit,
2411 2799 2727 2870 pulchrum
2762 2800 3111 2856 thesaurum
3141 2804 3369 2863 tractat,
3401 2799 3506 2872 qui
3530 2802 3620 2854 est

1975 2887 2260 2942 amatoris
2275 2888 2572 2944 maximae
2586 2889 2990 2960 possessionis
3011 2888 3432 2944 tantummodo
3447 2888 3623 2943 ﬁrma

1977 2992 2047 3031 ac
2096 2982 2254 3032 recta
2305 2977 2692 3044 conscientia,
2749 2992 3052 3050 nusquam
3100 2979 3160 3034 in
3189 2984 3384 3032 mente
3410 2977 3623 3032 volun-

1977 3065 2117 3120 tarie
2171 3066 2650 3135 circumvagans,
2700 3082 2893 3138 neque
2941 3067 3116 3138 quasi
3175 3067 3426 3122 invitum
3453 3064 3619 3120 debi-

1977 3160 2100 3210 tum
2176 3155 2518 3210 necessario
2581 3155 2835 3216 solvens,
2882 3155 2985 3210 sed
3035 3169 3305 3211 amorem
3354 3160 3410 3210 et
3467 3153 3623 3209 desi-

1973 3244 2205 3299 derium
2232 3243 2417 3300 animi
2468 3242 2734 3315 explens,
2783 3243 3098 3316 bonosque
3148 3241 3622 3314 perseverantiae
3673 3291 3676 3294 .

1973 3332 2200 3388 fructus
2225 3333 2508 3388 omnibus
2529 3333 2869 3389 ostendens.
2897 3337 3140 3406 Oportet
3161 3337 3358 3389 autem
3392 3337 3448 3387 et
3473 3335 3624 3386 cete-

1973 3436 2072 3477 ros
2097 3421 2193 3477 tali
2219 3421 2362 3477 dare
2381 3427 2642 3493 tempus,
2666 3427 2722 3476 et
2741 3422 3121 3495 congaudere
3140 3419 3622 3492 perseverantiae

1972 3510 2032 3566 in
2058 3515 2346 3576 oratione,
2374 3511 2640 3583 utetipsi
2659 3511 2957 3568 bonorum
2982 3512 3276 3567 fructuum
3301 3508 3622 3582 participes

1972 3601 2348 3670 ﬁant,utpote
2365 3606 2671 3656 consortes
2686 3601 2817 3657 talis
2840 3602 2990 3658 vitae
3005 3601 3139 3657 facti
3154 3597 3618 3670 congaudendo.

1978 3689 2304 3744 Dabitvero
2334 3695 2389 3744 et
2411 3691 2536 3760 ipse
2570 3691 2856 3744 Dominus
2896 3689 3252 3760 petentibus,
3280 3703 3402 3759 quo
3438 3685 3620 3741 modo

1974 3783 2446 3849 oporteatorare,
2479 3778 2812 3832 secundum
2846 3777 3009 3848 quod
3036 3777 3213 3848 216
3237 3776 3462 3830 dictum
3494 3779 3620 3829 est:

1975 3867 2079 3938 qui
2087 3865 2190 3920 dat
2204 3865 2544 3934 petitionem
2559 3867 2781 3934 petenti
2793 3867 2894 3935 (7).
2920 3864 3212 3921 Debemus
3236 3864 3411 3932 igitur
3427 3867 3623 3932 petere

1974 3960 2030 4010 et
2089 3955 2259 4019 scire,
2319 3961 2545 4026 quanto
2575 3953 2789 4009 melius
2829 3955 2898 4018 is,
2928 3954 3031 4024 qui
3086 3954 3146 4008 in
3176 3953 3505 4008 orationem
3539 3951 3626 4004 in-

1975 4043 2506 4112 cumbitnegotium
2524 4048 2902 4108 tantum,cum
2923 4057 3145 4112 magna
3157 4039 3552 4097 sollicitudine
3568 4043 3624 4094 et

1974 4133 2138 4188 omni
2155 4132 2369 4187 virtute
2390 4137 2692 4187 certamen
2723 4131 3008 4188 sustineat
3032 4147 3044 4198 ;
3081 4145 3304 4199 magna
3323 4128 3481 4184 enim
3503 4143 3625 4184 cer-

245 4228 301 4292 τῇ
354 4219 498 4291 εύχῇ
545 4227 1052 4293 προσκαρτεροῦντα,
1102 4221 1375 4293 πράγματι
1428 4224 1684 4295 τοσούτῳ,
1736 4226 1861 4296 μετὰ

1977 4220 2202 4278 tamiua
2224 4235 2478 4291 magnos
2507 4221 2686 4276 etiam
2714 4221 3020 4293 postulant
3043 4219 3301 4285 labores,
3330 4217 3623 4290 quoniam

246 4309 450 4370 πολλῆς
511 4304 748 4370 σπουδῆς
811 4314 897 4362 καὶ
956 4312 1134 4373 πάσης
1178 4307 1446 4382 δυνάμεως
1512 4312 1736 4365 ἐναθλιῖν
1793 4321 1866 4384 τῷ

249 4397 422 4470 ἀγῶνι
450 4416 462 4427 ·
497 4400 562 4450 τὰ
581 4399 684 4470 γὰρ
714 4397 913 4469 μεγάλα
944 4392 1075 4451 ἆθλα
1098 4397 1332 4471 μεγάλων
1361 4396 1534 4453 δεῖται
1563 4407 1654 4454 καὶ
1679 4405 1863 4466 πόνων,

250 4483 439 4545 ἐπειδὴ
471 4487 706 4558 μάλιστα
742 4489 772 4545 ἡ
813 4493 973 4540 κακία
1013 4495 1120 4549 τοῖς
1158 4491 1414 4550 τοιούτοις
1452 4486 1713 4564 ἐφεδρεύει
1743 4510 1866 4542 παν-

252 4579 512 4649 ταχόθεν,
561 4577 999 4652 περιεργαζομένη
1050 4583 1138 4630 καὶ
1184 4583 1574 4652 περιτρέχουσα
1627 4584 1716 4631 καὶ
1765 4579 1866 4640 ζη-

253 4674 430 4718 τοῦσα
483 4665 791 4738 περιτρέψαι
845 4670 938 4723 τὴν
989 4663 1266 4726 σπουδήν·
1318 4666 1506 4720 ἐκεῖθεν
1565 4667 1724 4730 ὕπνος
1779 4673 1867 4720 καὶ

257 4753 500 4829 βάρισις
543 4758 806 4826 σώματος,
847 4758 936 4807 καὶ
982 4754 1164 4827 ψυχῆς
1203 4754 1454 4828 μαλακία,
1502 4752 1722 4823 ἀκηδέα,
1766 4755 1870 4808 ὀλι-

1977 4310 2240 4366 maxime
2264 4309 2491 4366 malitia
2515 4310 2729 4366 talibus
2760 4311 3024 4382 undique
3048 4309 3376 4373 insidietur,
3395 4307 3627 4362 curiose

1975 4401 2550 4469 agens,circumiens
2565 4406 2619 4455 et
2632 4399 3092 4456 sollicitudinem
3107 4398 3346 4454 demere
3363 4400 3628 4463 tentans;

1976 4489 2112 4544 inde
2145 4505 2394 4544 somnus
2420 4496 2476 4542 et
2499 4489 2757 4558 gravitas
2780 4489 3050 4560 corporis
3080 4493 3136 4542 et
3165 4489 3405 4543 animae
3440 4485 3632 4540 molli-

1977 4578 2104 4643 ties,
2139 4577 2367 4642 acedia,
2391 4578 2641 4640 incuria,
2668 4579 3092 4643 inconstantia,
3126 4582 3184 4632 et
3209 4583 3440 4631 ceterae
3465 4573 3631 4630 mali-

1979 4670 2093 4724 tiae
2140 4669 2456 4739 passiones
2508 4673 2564 4722 et
2624 4667 3022 4738 operationes,
3067 4667 3289 4738 quibus
3340 4663 3631 4719 occiditur

1983 4757 2187 4812 anima
2214 4772 2288 4812 ex
2317 4761 2482 4829 parte
2513 4761 2682 4825 rapta
2708 4761 2762 4810 et
2784 4755 2861 4812 ad
2885 4754 3069 4828 ipsius
3097 4752 3410 4809 inimicum
3438 4757 3631 4806 trans-

1603 4889 1862 4946 VABIAE
1898 4889 2301 4948 LECTIONES.

415 5005 607 5082 Corr_.,
657 5003 792 5082 cod.
839 5007 1122 5082 §;_'¢X._—
1144 5005 1202 5082 _’)
1233 5006 1612 5082 Corr.,_cod.
1633 5006 1987 5082 ifininqeﬁn-
2023 5040 2086 5049 —
2141 5009 2186 5079 ³)
2215 5011 2402 5075 Corr.,
2426 5009 2567 5082 cod.
2600 5014 2853 5082 μεγίστην
2882 5009 3021 5062 θείου
3050 5008 3537 5082 ποιήσαςᾲέρωτος.
3571 5035 3639 5082 -_-—

254 5076 299 5146 ‘)
332 5077 430 5132 Sic
457 5074 595 5132 cod.
634 5105 698 5114 —
729 5075 774 5147 ⁸)
831 5074 974 5132 Cod.
1007 5078 1071 5138 ὦς
1101 5074 1198 5138 τίς.
1231 5108 1299 5118 —-
1329 5078 1375 5149 ⁸)
1428 5074 1698 5150 Εωοηάξ,
1749 5079 1880 5135 cod.
1933 5082 2150 5136 τούτων.
2170 5074 2244 5122 ’-
2296 5083 2344 5150 ⁷)
2389 5074 2682 5148 Emend;
2703 5080 2838 5138 cod.
2892 5088 3002 5142 τῆς.
3060 5111 3125 5119 -
3185 5081 3230 5147 ⁸)
3277 5074 3462 5142 Corn,
3495 5075 3634 5134 cod.

3188 5169 3214 5202 ο

260 5221 499 5289 μεγίτου.
528 5247 598 5258 -
627 5217 673 5287 ⁹)
703 5217 889 5284 Coni.,
932 5218 1066 5276 cod.
1100 5223 1393 5293 Στήματος.
1425 5251 1496 5265 -
1527 5222 1595 5294 ιο)
1619 5223 1801 5293 Corr.,
1833 5227 1968 5284 cod.
2002 5219 2288 5286 ἀποδίδως.
2317 5255 2385 5266 —
2417 5225 2489 5297 ﬂ)
2522 5222 2794 5290 Emend.,
2838 5222 2971 5280 cod.
3005 5227 3238 5296 γεγονότ.

1828 5343 2076 5400 NOTAE.

378 5451 430 5522 l)
468 5449 515 5506 Il
546 5449 678 5505 Cor.
706 5449 751 5516 Ι,
774 5449 831 5508 4.

369 5521 426 5592 2)
466 5520 685 5592 Psalm.
709 5521 978 5591 LXXXIII,
1010 5525 1064 5580 2.

374 5590 412 5649 3'
468 5590 688 5649 Psalm.
725 5594 878 5658 LXII,
916 5590 970 5651 ϐ.

374 5593 428 5737 δὲ
467 5665 608 5722 Luc.
636 5663 818 5732 XVIII,
847 5666 901 5720 7.

373 5663 427 5732 4)
467 5665 608 5722 Luc.
636 5663 818 5732 XVIII,
847 5666 901 5720 7.

2093 5527 2150 5599 6)
2181 5527 2328 5599 Eph.
2367 5529 2453 5594 vx.
2488 5527 2574 5584 ιε.

2098 5457 2151 5520 5)
2175 5455 2324 5514 Ibid.
2357 5455 2517 5513 XVIII
2528 5498 2540 5520 ,
2572 5459 2629 5515 1.

2098 5461 2128 5513 5
2175 5457 2324 5514 Ibid.
2357 5457 2540 5520 XVIII.
2572 5459 2629 5515 1.

2069 5457 2151 5672 ἓϐξ
2181 5527 2328 5599 Eph.
2367 5529 2453 5594 Vl,
2488 5527 2574 5584 18.

2091 5605 2122 5656 7
2176 5599 2396 5658 Psalm.
2429 5599 2534 5667 CV,
2565 5600 2648 5657 l5.
