4086 6194
463 274 572 332 435

1782 278 1839 334 S.
1882 275 2189 333 MACAHII
2226 276 2562 333 AEGYPTII

3712 259 3815 316 436

460 401 626 473 fuga.
661 402 904 477 Oportet
932 401 1111 474 igitur
1136 404 1197 460 in
1226 404 1517 475 oratione,
1546 409 1610 461 ut
1636 405 1971 477 sapientem
2005 420 2114 475 gu-

2240 407 2410 479 ywpt’u,
2474 403 2889 475 ἀνυπομονησία,
2956 403 3046 451 καὶ
3119 398 3185 450 τὰ
3247 392 3404 446 λοιπά
3468 398 3561 452 τῆς
3634 391 3819 448 κακίας

465 491 871 562 bernatorem,
890 494 1180 549 collocare
1203 496 1493 560 animum,
1517 512 1626 551 nec
1654 511 1920 567 unquam
1954 511 2116 549 men-

463 583 1039 639 temturbationibus
1065 585 1307 655 maligni
1328 587 1571 653 spiritus
1596 586 1903 657 praebere,
1922 600 2115 658 neque

467 672 622 728 illius
673 672 957 728 ﬂuctibus
1007 674 1394 742 circumferri,
1452 677 1554 730 sed
1605 676 1775 731 rectis
1820 674 2007 729 oculis
2039 674 2114 730 ad

466 766 707 834 portum
739 762 1059 819 coelestem
1082 764 1376 834 respicere
1426 770 1483 821 et
1509 765 1776 820 animam
1821 764 2115 833 integram

466 850 718 906 reddere
765 852 903 917 Deo,
934 854 1034 924 qui
1089 869 1222 909 eam
1256 855 1365 927 ipsi
1394 854 1766 922 congredidit
1801 861 1855 907 et
1887 853 2114 922 repetit.

470 942 671 1011 Neque
721 942 878 995 enim
935 942 996 995 in
1027 957 1224 1011 genua
1255 943 1669 1013 procumbere,
1699 943 1833 998 etin
1865 942 2114 998 modum

469 1043 677 1084 eorum
692 1028 794 1099 qui
809 1030 999 1085 iacent
1013 1030 1072 1085 in
1085 1032 1355 1087 oratione
1367 1032 1623 1098 extendi,
1646 1037 2116 1088 consentaneum

474 1122 564 1172 est
586 1117 923 1188 Scripturae
939 1126 996 1174 et
1011 1119 1473 1192 beneplacitum,
1492 1127 1688 1177 mente
1708 1120 1915 1193 procul
1940 1136 1976 1176 a
2000 1123 2117 1175 Deo

472 1211 965 1277 vagante,verum
979 1223 1222 1264 omnem
1238 1209 1673 1279 cogitationum
1689 1208 2116 1280 negligentiam

472 1298 530 1349 et
584 1294 874 1365 injustum
925 1312 1170 1353 sensum
1200 1299 1596 1371 expostulare,
1643 1304 1953 1370 totamque
1979 1313 2117 1353 cum

474 1398 724 1454 corpore
745 1385 1013 1441 animam
1028 1386 1279 1442 orationi
1297 1387 1547 1444 tradere.
1573 1389 1742 1460 Atqui
1759 1387 1935 1443 etiam
1955 1402 2119 1458 prae-

473 1472 653 1543 positi
682 1472 896 1528 debent
930 1474 1029 1529 tali
1052 1475 1348 1546 opitulari,
1384 1484 1439 1530 et
1467 1493 1605 1531 cum
1638 1475 1803 1532 omni
1832 1475 2122 1531 sollicitu-

473 1560 612 1615 dine
642 1566 697 1616 et
728 1562 1099 1633 correptione
1133 1565 1353 1619 nutrire
1384 1565 1609 1620 orantis
1636 1565 1712 1621 ad
1745 1565 2119 1638 propositum

473 1649 792 1715 fervorem,
859 1657 914 1705 et
960 1651 1273 1721 diligenter
1328 1653 1481 1709 illius
1528 1655 1792 1709 animam
1839 1669 2119 1724 purgare.

2224 478 2366 551 πάθη
2396 498 2485 545 καὶ
2516 496 2859 565 ἐνεργήματα,
2900 487 2974 542 δι’
3024 487 3059 539 ἅ
3100 483 3384 538 ἀπόλλυται
3423 483 3452 539 ἡ
3487 478 3640 550 ψυχὴ
3692 478 3830 529 κατά

2226 588 2377 656 μέρος
2418 583 2749 657 ἁρπαζομένη
2792 586 2881 632 καὶ
2920 576 3285 650 αύτομολοῦσα
3327 575 3452 646 πρὸς
3491 572 3578 621 τόν
3632 567 3825 640 ἐχθρόν

2227 673 2455 734 ἐαυτῆςο
2488 677 2597 744 χρὴ
2650 669 2737 724 οὖν
2791 670 3065 742 ἐφεστάναι
3113 674 3173 739 τῇ
3231 667 3533 735 προσευχῇ,
3593 658 3827 744 καθάπερ

2228 766 2384 835 σοφὸν
2441 742 2778 835 κυέερνήτην,
2835 763 2917 811 τόν
2967 758 3239 828 λογισμόν,
3285 747 3537 824 μηδαμοῦ
3583 752 3671 805 τὴν
3712 742 3833 797 διά-

2226 873 2365 905 νοιαν
2424 848 2698 905 ἐνδιδόντα
2753 853 2883 922 πρός
2944 850 3033 908 τὰς
3099 852 3190 897 τοῦ
3250 847 3477 912 πονηροῦ
3540 839 3831 907 πνεύματος

2226 943 2482 1015 ταραχάς,
2538 936 2678 1013 μηδέ
2735 945 2838 998 τοῖς
2885 936 3075 989 ἐκείνου
3127 935 3330 1003 κύμασι
3388 928 3833 1001 συμπεριφερόμε-

2225 1051 2329 1096 νον,
2390 1030 2496 1082 ἀλλ’
2548 1030 2669 1082 εύθύ
2724 1027 2983 1100 βλέποντα
3030 1028 3160 1096 πρὸς
3202 1025 3288 1074 τόν
3337 1020 3441 1071 ἄνω
3487 1016 3686 1087 λιμένα,
3740 1018 3835 1065 καὶ

2225 1120 2411 1192 ψυχὴν
2459 1118 2697 1193 ἀκέραιον
2751 1118 2794 1186 ¹)
2846 1111 3175 1168 ἀποδιδόντα
3219 1118 3292 1181 τῷ
3346 1109 3691 1161 πιστεύσαντι
3742 1106 3838 1155 καὶ

2229 1209 2535 1262 ἀπαιτοῦντι
2566 1210 2661 1279 θεῷ
2686 1224 2699 1237 ·
2734 1206 2791 1258 ού
2830 1208 2931 1277 γὰρ
2981 1208 3037 1256 τό
3093 1208 3261 1255 πεσεῖν
3288 1198 3374 1250 ἐπὶ
3402 1201 3523 1268 γόνυ
3563 1198 3652 1245 xui
3694 1196 3837 1263 σχή-

2227 1321 2355 1374 ματι
2403 1308 2502 1351 τῶν
2551 1296 2622 1351 δι’
2677 1297 2842 1369 εὐχὴν
2885 1298 3127 1367 κειμένων
3175 1289 3486 1343 ἐκτετάσθαι
3545 1279 3838 1374 σπουδαῖον

2229 1372 2290 1462 τῇ
2336 1396 2507 1463 γραφῇ
2554 1392 2643 1440 καὶ
2699 1389 2744 1456 ²)
2803 1384 3097 1459 εὐάρεστον,
3148 1389 3243 1442 τῆς
3300 1376 3536 1463 διανοίας
3592 1372 3685 1435 ἔξω
3739 1377 3839 1422 τοῦ

2234 1479 2348 1530 θεοῦ
2391 1476 2717 1547 πλανωμένης
2766 1476 2833 1546 ³),
2881 1471 3007 1525 ἀλλά
3054 1473 3111 1523 τό
3160 1474 3333 1521 πᾶσαν
3382 1462 3697 1518 ἑκκαλοῦντα
3732 1467 3839 1511 τῶν

2229 1566 2495 1639 λογισμῶν
2537 1566 2799 1640 ῥαθυμίαν
2839 1582 2890 1615 τε
2933 1566 3022 1613 καὶ
3066 1556 3251 1612 ἄδικον
3290 1558 3505 1619 ἔννοιαν,
3539 1552 3658 1609 ὅλην
3704 1550 3843 1618 μετά

2232 1664 2322 1707 τοῦ
2366 1660 2609 1727 σώματος
2639 1650 2929 1706 ἀποδοῦναι
2976 1654 3070 1708 τὴν
3117 1648 3304 1719 ψυχὴν
3340 1651 3451 1703 ταῖς
3490 1641 3695 1713 εύχαῖς.
3742 1643 3842 1690 καὶ

473 1740 690 1793 Eorum
745 1740 927 1804 enim,
963 1742 1064 1812 qui
1097 1740 1181 1796 ita
1212 1758 1272 1797 se
1304 1742 1548 1810 habent,
1582 1743 1808 1799 fructus
1838 1744 2121 1799 virtutum

2240 1749 2354 1807 τούς
2425 1752 2759 1819 προεστῶτας
2843 1738 2901 1793 δὲ
2988 1743 3097 1813 χρὴ
3191 1730 3678 1803 συναντιλαμϐάνειν
3762 1736 3842 1796 τῷ

474 1843 666 1899 quum
697 1827 951 1883 inﬁrmis
982 1830 1487 1896 ostenditur,'non
1536 1832 1732 1888 solum
1762 1834 1835 1899 ei,
1867 1834 1973 1905 qui
2003 1833 2123 1889 iam

474 1916 744 1989 profecit,
762 1917 866 1972 sed
884 1917 1061 1973 etiam
1085 1919 1346 1989 parvulis
1360 1926 1416 1975 et
1432 1920 1702 1977 doctrina
1716 1921 2123 1992 indigentibus

474 2006 541 2062 ﬁt
571 2005 750 2071 utilis,
778 2006 1099 2062 consolans
1120 2024 1222 2063 eos
1255 2013 1308 2063 et
1339 2009 1416 2065 ad
1443 2010 1829 2066 imitationem
1863 2012 2125 2068 excitans

475 2111 704 2162 eorum,
738 2111 894 2167 quae
922 2096 1140 2151 vident.
1204 2099 1445 2153 Fructus
1472 2104 1669 2154 autem
1704 2100 1972 2155 sincerae
1994 2117 2121 2157 ora-

476 2184 652 2241 tionis
700 2188 838 2240 sunt
889 2184 1258 2255 simplicitas,
1302 2186 1556 2252 dilectio,
1596 2188 1923 2254 humilitas,
1962 2188 2126 2245 forti-

481 2274 648 2340 tudo,
672 2274 1031 2339 innocentia,
1048 2282 1281 2347 etquae
1310 2282 1450 2332 sunt
1471 2278 1789 2343 eiusmodi,
1814 2295 1967 2350 quos
1989 2285 2126 2335 ante

480 2362 761 2418 caelestes
784 2362 1009 2418 fructus
1025 2364 1294 2435 perhanc
1320 2368 1499 2421 vitam
1525 2366 1756 2422 solliciti
1784 2367 1841 2423 in
1858 2369 2126 2425 oratione

478 2451 923 2509 hominislabor
938 2452 1034 2509 hic
1052 2455 1366 2524 germinat.
1395 2456 1637 2512 Talibus
1670 2458 1857 2513 oratio
1880 2463 2130 2515 ornatur

478 2540 790 2596 fructibus.
812 2541 1040 2607 Quibus
1059 2559 1272 2599 carens
1296 2543 1538 2601 inanem
1559 2546 1805 2616 suscipit
1836 2546 2125 2602 laborem.

486 2630 657 2700 217
694 2632 808 2685 Nec
839 2630 1033 2686 solum
1066 2634 1277 2697 oratio,
1312 2634 1416 2688 sed
1437 2636 1615 2691 etiam
1644 2635 1841 2691 omnis
1872 2636 2131 2708 philoso-

480 2719 657 2791 phiae
687 2719 799 2785 via,
834 2736 864 2775 e
888 2720 985 2775 tali
1018 2723 1283 2789 germine
1311 2729 1466 2785 nata.
1494 2740 1625 2779 vere
1649 2723 1905 2781 iustitiae
1933 2730 2020 2781 est
2038 2726 2132 2783 via

482 2807 634 2864 etad
659 2813 887 2865 rectum
906 2810 1176 2880 perducit
1196 2811 1402 2867 ﬁnem.
1423 2811 1537 2867 lllis
1563 2818 1765 2868 autem
1791 2814 1891 2885 qui
1917 2814 2132 2886 spolia-

485 2900 577 2952 tus
598 2902 704 2961 est,
735 2898 787 2953 ei
811 2913 1035 2954 vanum
1068 2914 1289 2955 nomen
1323 2900 1694 2974 relinquitur,
1726 2908 1781 2958 et
1815 2903 2132 2960 stultarum

483 2987 779 3057 virginum
812 2988 1022 3043 similis
1054 2996 1163 3055 est,
1209 2990 1428 3062 quibus
1458 2997 1723 3063 tempore
1758 2993 2132 3049 necessitatis

2234 1835 2471 1904 τοιούτῳ,
2516 1837 2605 1884 xui.
2654 1828 2746 1884 διὰ
2774 1832 2947 1889 πάσης
2995 1823 3234 1887 σπουδῆς
3283 1828 3371 1875 καὶ
3409 1823 3680 1880 νουθεσίας
3719 1821 3844 1891 τρέ-

2234 1942 2340 1995 φειν
2389 1926 2482 1979 τὴν
2535 1926 2651 1996 περὶ
2698 1924 2756 1972 τό
2804 1922 3133 1993 προκείμενον
3190 1921 3281 1966 τοῦ
3334 1912 3616 1983 εὐχομένου
3659 1908 3846 1959 ἐπιθυ-

2232 2016 2375 2084 μίαν,
2425 2015 2514 2063 καὶ
2558 2012 2823 2083 καθαίρειν
2864 2004 3091 2082 ἀκριϐῶς
3129 2008 3223 2063 τὴν
3248 2004 3436 2055 τούτου
3466 1998 3651 2070 ψυχήν
3676 2014 3689 2025 ·
3732 2002 3843 2047 τῶν

2232 2104 2332 2175 γὰρ
2375 2099 2537 2160 οὓτως
2587 2098 2844 2171 ἐχομένων
2897 2098 2923 2148 ό
2971 2097 3167 2170 καρπός
3215 2100 3313 2145 τῶν
3353 2090 3542 2163 ἀρετῶν
3588 2093 3697 2145 τοῖς
3750 2104 3846 2136 νο-

2235 2173 2419 2243 σούσιν
2459 2185 2875 2260 ἐπιδεικνύμενος
2913 2185 2972 2238 ού
3010 2193 3080 2255 τῷ
3117 2181 3442 2255 προκόψαντι
3471 2182 3643 2250 μόνον,
3710 2173 3850 2226 ἀλλά

2233 2284 2323 2332 καὶ
2365 2287 2475 2341 τοῖς
2517 2280 2592 2331 ἔτι
2630 2281 2831 2337 νηπίοις
2869 2279 2958 2327 καὶ
3005 2271 3264 2344 δεομένοις
3306 2266 3658 2325 διδασκαλίας
3700 2268 3850 2336 χρή-

2240 2388 2389 2441 σιμος
2438 2372 2638 2439 γίνεται
2695 2368 2763 2437 ⁴),
2811 2362 3124 2437 παρακαλῶν
3174 2361 3357 2420 αύτούς
3403 2362 3493 2410 καὶ
3538 2353 3851 2429 προτρέπων

2237 2458 2309 2519 εἰς
2357 2462 2603 2530 μίμησιν,
2654 2456 2720 2506 ὧν
2761 2456 2945 2529 ὁρῶσι.
2989 2456 3177 2525 καρποὶ
3222 2446 3280 2502 δὲ
3333 2448 3633 2522 εἰλικρινοῦς
3676 2443 3854 2513 εὐχῆς

2238 2548 2487 2614 ἁπλότης,
2567 2546 2766 2619 ἀγάπη,
2832 2544 3293 2616 ταπεινοφροσύνῃ,
3371 2541 3637 2611 καρτερία,
3713 2533 3858 2585 ἀκα-

2239 2642 2347 2703 κία,
2403 2641 2492 2688 καὶ
2543 2638 2609 2688 τὰ
2663 2641 2899 2699 τοιαῦτα,
2955 2632 2990 2684 ἄ
3036 2635 3136 2703 πρό
3201 2638 3296 2682 τῶν
3360 2627 3575 2679 αἰωνίων
3632 2630 3855 2695 καρπῶν

2240 2728 2383 2799 παρά
2410 2728 2495 2777 τὸν
2524 2723 2640 2797 βίον
2674 2726 2699 2776 ό
2739 2731 2829 2776 τοῦ
2872 2717 3162 2774 σπουδαίου
3202 2722 3320 2790 περὶ
3357 2720 3451 2775 τὴν
3491 2714 3654 2787 εὐχὴν
3692 2718 3861 2773 πόνος

2241 2814 2463 2867 ἐνταῦθα
2529 2812 2832 2885 βλαστάνει.
2901 2813 3099 2869 τούτοις
3159 2808 3293 2880 εύχή
3347 2803 3727 2864 καλλωπίζεται
3812 2802 3860 2871 ³)

2241 2910 2350 2965 τοῖς
2402 2909 2621 2977 καρποῖς
2670 2920 2683 2934 ⁸
2735 2900 3006 2974 ἀποροῦσα
3049 2894 3108 2950 δε
3147 2898 3342 2948 τούτων
3374 2895 3593 2966 μάταιον
3623 2894 3737 2961 ἔχει
3768 2892 3860 2941 τόν

2242 2998 2415 3045 πόνον.
2467 2996 2556 3043 xui
2599 2990 2693 3043 οὐκ
2739 2990 2871 3061 εύχή
2920 2994 3095 3061 μόνον,
3147 2984 3275 3037 ἀλλὰ
3313 2989 3402 3036 καὶ
3450 2988 3597 3035 πᾶσα
3645 2979 3865 3051 φιλοσο-

482 3090 605 3132 non
619 3076 1034 3133 aderatoleum
1050 3078 1107 3133 in
1125 3079 1388 3135 thalamo
1404 3080 1634 3150 (1).Non
1649 3082 1808 3136 enim
1825 3081 2129 3138 habebant

2244 3087 2362 3154 φίας
2414 3077 2554 3146 ὁδός,
2612 3082 2855 3137 τοιαύτην
2915 3080 3003 3150 μὲν
3056 3079 3262 3149 ἔχουσα
3314 3077 3409 3131 τὴν
3455 3070 3710 3145 βλάστην,
3780 3065 3869 3122 δι-

480 3165 543 3223 in
558 3166 776 3222 animis
803 3165 1024 3232 lumen,
1055 3168 1286 3223 virtutis
1307 3168 1585 3234 fructum,
1606 3186 1802 3242 neque
1821 3170 2133 3228 lucernam

487 3255 737 3327 Spiritus
765 3255 823 3308 in
855 3261 1074 3313 mente.
1108 3258 1298 3321 Quare
1333 3264 1387 3313 et
1417 3258 1626 3314 stultas
1660 3258 1868 3315 merito
1894 3261 2135 3316 vocavit

484 3358 587 3397 eas
604 3343 930 3413 Scriptura,
950 3343 1261 3400 deﬁciente
1290 3361 1497 3401 earum
1520 3347 1754 3414 virtute,
1778 3348 2133 3421 priusquam

484 3430 715 3486 veniret
737 3447 1017 3501 sponsus,
1047 3436 1105 3486 et
1136 3440 1450 3504 propterea
1483 3434 1732 3491 miseras
1754 3435 2020 3492 thalamo
2044 3455 2134 3492 su.

486 3533 673 3591 perno
705 3518 970 3574 exclusit.
1004 3522 1129 3576 Non
1163 3522 1319 3576 enim
1346 3522 1403 3577 in
1430 3523 1573 3593 ipsis
1596 3524 1858 3580 studium
1901 3526 2135 3595 virgini-

488 3607 623 3663 tatis
636 3608 947 3678 reputavit,
966 3624 1155 3681 quum
1169 3611 1438 3680 operatio
1456 3612 1705 3683 Spiritus
1719 3614 1861 3685 ipsis
1883 3614 2133 3672 deesset.

489 3698 556 3752 Et
584 3695 757 3751 valde
790 3699 1019 3752 merito.
1052 3699 1279 3754 Etenim
1310 3716 1466 3770 quae
1519 3701 1735 3757 utilitas
1767 3703 1896 3758 vitis
1924 3706 2135 3771 cultae,

490 3786 538 3841 si
568 3784 794 3841 fructus
808 3785 1042 3852 desunt,
1081 3794 1319 3860 propter
1348 3790 1786 3862 quoslaborem
1814 3794 2139 3863 subitagri-

487 3874 620 3931 cola
643 3874 671 3928 ‘I
699 3878 857 3940 Quae
900 3874 1120 3931 utilitas
1171 3876 1373 3932 ieiunii
1403 3883 1459 3934 et
1489 3880 1776 3935 orationis
1821 3886 1878 3937 et
1912 3882 2141 3951 vigilia-

489 3978 647 4029 rum,
681 3964 729 4018 si
747 3980 863 4036 pax
882 3963 1122 4021 deestet
1154 3966 1393 4023 dilectio
1421 3971 1479 4023 et
1501 3969 1677 4023 ceteri
1710 3972 1934 4038 gratiae
1956 3972 2139 4042 Spiri-

490 4058 582 4107 tus
642 4050 888 4118 fructus,
947 4069 1100 4126 quos
1133 4061 1376 4110 sanctus
1428 4064 1739 4114 enumerat
1765 4061 2082 4130 Apostolus
2113 4060 2141 4115 ‘l

491 4142 726 4198 Omnem
740 4143 897 4197 enim
914 4142 1163 4197 sustinet
1179 4144 1441 4199 laborem
1460 4154 1700 4218 propter
1714 4164 1779 4203 ea
1797 4156 2020 4204 amator
2042 4166 2140 4205 su-

489 4245 706 4300 pernae
725 4231 1190 4302 patriae,quibus
1208 4233 1456 4303 Spiritus
1472 4235 1873 4291 attrahitur.Et
1892 4238 2138 4306 gratia‘e,

490 4332 647 4389 quae
664 4317 797 4373 inde
814 4318 1407 4391 nascitur,particeps
1421 4322 1614 4378 factus
1630 4325 1888 4381 fructum
1906 4326 2075 4382 affert
2089 4334 2144 4383 et

492 4419 629 4461 cum
663 4406 885 4474 gaudio
920 4405 1129 4461 fruitur
1148 4408 1378 4466 cultura
1410 4411 1555 4479 agri,
1592 4430 1775 4484 quam
1804 4414 1863 4469 in
1906 4415 2144 4472 humili-

494 4500 612 4549 tate
646 4510 757 4549 sua
786 4499 842 4549 et
893 4495 1092 4550 studio
1144 4512 1394 4569 operum
1425 4500 1671 4571 Spiritus
1700 4503 1881 4559 coluit
1929 4508 2140 4575 gratia.

496 4584 737 4653 Oportet
758 4583 933 4654 igitur
953 4584 1189 4641 labores
1220 4588 1504 4644 orationis
1532 4595 1587 4644 et
1617 4590 1816 4647 ieiunii
1843 4600 1898 4648 et
1928 4600 2145 4650 cetero-

493 4687 628 4727 rum
650 4686 902 4743 Operum
919 4691 1054 4730 cum
1079 4677 1267 4733 multo
1286 4678 1505 4747 gaudio
1527 4685 1582 4735 et
1603 4680 1764 4737 bona
1786 4698 1891 4754 spe
1917 4683 2139 4750 subire,

494 4760 672 4817 ﬂores
722 4778 863 4819 vero
910 4764 1186 4821 laborum
1234 4772 1290 4823 et
1342 4767 1566 4823 fructus
1617 4770 1855 4825 credere
1892 4771 2144 4841 Spiritus

499 4865 628 4906 esse
642 4852 1206 4922 operationes.Quae
1221 4856 1414 4929 siquis
1429 4857 1535 4911 sibi
1552 4857 1926 4915 adscribatet
1941 4861 2146 4916 omnia

496 4941 616 4997 suis
638 4940 947 5000 laboribus
969 4943 1273 5012 attribuat,
1288 4962 1397 5018 pro
1414 4946 1493 5001 im
1506 4948 2012 5005 marcescibilibus
2032 4950 2147 5005 fru-

2244 3173 2530 3233 καιοσύνης
2557 3174 2714 3231 ὄντως
2744 3167 2883 3221 ἐστὶν
2912 3163 3054 3236 ὁδός,
3084 3171 3172 3217 xui
3198 3167 3322 3238 πρὸς
3358 3162 3507 3236 ὀρθόν
3534 3162 3648 3231 ἄγει
3673 3157 3825 3219 τέλος
3849 3179 3863 3191 ·

2244 3264 2437 3313 τούτων
2514 3256 2573 3313 δε
2624 3258 2943 3330 ἐστερημένῳ
3018 3258 3158 3308 κενὸν
3233 3258 3394 3325 ὄνομα
3467 3248 3866 3312 καταλείπεται,

2243 3355 2334 3402 καὶ
2394 3356 2508 3410 ταῖς
2567 3355 2769 3420 μωραίς
2830 3346 3005 3406 ἐοικὼς
3068 3346 3361 3417 παρθένοις,
3423 3341 3500 3401 αἶς
3565 3339 3708 3410 παρά
3777 3340 3871 3389 τόν

2245 3441 2423 3511 καιρόν
2454 3446 2545 3499 τῆς
2582 3442 2765 3512 χρείας
2804 3436 2861 3489 ού
2902 3443 3073 3509 παρῆν
3113 3432 3160 3485 ἐν
3190 3442 3260 3505 τῷ
3298 3439 3532 3504 νυμφῶνι
3570 3431 3627 3480 τὸ
3663 3426 3867 3480 ἔλαιον.

2246 3528 2304 3580 ού
2331 3530 2429 3599 γὰρ
2464 3523 2607 3598 εἶχον
2658 3529 2705 3578 ἓν
2749 3533 2859 3587 ταῖς
2900 3524 3109 3596 ψυχαῖς
3160 3526 3219 3574 τό
3260 3530 3385 3593 φῶς,
3431 3524 3517 3571 τόν
3548 3525 3642 3578 τῆς
3672 3514 3874 3589 ἀρετῆς

2246 3620 2463 3690 καρπόν,
2498 3613 2623 3668 οὐδὲ
2646 3618 2734 3667 τόν
2760 3621 2850 3667 τοῦ
2890 3617 3181 3685 πνεύματος
3219 3613 3266 3663 ἓν
3298 3618 3358 3683 τῇ
3396 3605 3604 3678 διανοίᾳ
3640 3605 3867 3677 λύχνον.

2248 3706 2358 3757 ὅθεν
2415 3709 2506 3756 xui.
2558 3706 2737 3775 μωρὰς
2787 3703 2998 3763 εἰκότως
3045 3702 3308 3773 ὠνόμασεν
3358 3701 3387 3758 ἡ
3441 3700 3638 3769 γραφή,
3692 3693 3871 3751 συλη-

2250 3797 2468 3855 σθείσης
2506 3794 2549 3862 ⁸)
2591 3792 2758 3845 αὐτῶν
2796 3800 2891 3854 τῆς
2931 3791 3111 3865 ἀρετῆς
3143 3796 3264 3862 πρὶν
3302 3788 3461 3840 ἐλθεῖν
3502 3789 3587 3837 τόν
3615 3787 3867 3855 νυμφίον,

2248 3889 2337 3936 xui
2377 3878 2411 3934 δ
2418 3884 2471 3934 ιά
2508 3889 2659 3934 τοῦτο
2698 3889 2786 3933 τού
2828 3882 2931 3933 ἅνω
2969 3887 3236 3952 νυμφῶνος
3275 3880 3367 3938 τὰς
3407 3874 3584 3936 ἀθλίας
3623 3870 3873 3924 ἀπέκλει·

2252 3992 2355 4026 σεν.
2402 3971 2459 4023 ού
2489 3973 2591 4043 γὰρ
2623 3969 2894 4041 ἐλογίσατο
2924 3969 3107 4031 αύταίς
3150 3973 3242 4026 τὴν
3296 3962 3538 4023 σπουδὴν
3588 3971 3677 4024 τῆς
3730 3981 3872 4035 παρ-

2253 4064 2420 4123 θενίας
2450 4068 2541 4112 τοῦ
2571 4066 2642 4132 μὴ
2693 4067 2934 4132 παρεῖναι
2962 4063 3055 4117 τὴν
3104 4065 3215 4131 τοῦη
3244 4058 3531 4128 πνεύματος
3579 4056 3867 4123 ἐνέργειαν.

2250 4156 2337 4203 καὶ
2395 4152 2529 4202 πάνυ
2583 4146 2822 4211 δικαίως.
2875 4153 2925 4201 τί
2974 4150 3073 4219 γὰρ
3131 4145 3303 4218 ὄφελος
3364 4143 3592 4217 ἀμπέλου
3634 4159 3868 4198 πεπονη-

2251 4245 2427 4313 μένης,
2474 4247 2682 4311 καρπῶν
2727 4243 2798 4311 μη
2849 4243 3136 4309 παρόντων,
3185 4235 3253 4286 ὧν
3292 4235 3451 4287 ἕνεκεν
3481 4234 3724 4303 ὑπομένει
3777 4232 3870 4281 τόν

2252 4334 2403 4383 πόνον
2449 4329 2474 4380 ό
2523 4333 2788 4400 γεωργός;
2834 4332 2885 4379 τί
2916 4323 3101 4399 κέρδος
3142 4328 3386 4385 νηστείας
3416 4326 3505 4374 καὶ
3548 4329 3863 4393 προσευχῆς

2253 4423 2342 4470 xui
2388 4416 2695 4489 ἀγρυπνίας,
2724 4417 2927 4492 εἰρήνης
2967 4414 3205 4477 ἀπούσης
3258 4418 3346 4466 xui
3394 4410 3600 4483 ἀγάπης
3642 4414 3734 4462 καὶ
3767 4418 3872 4461 τῶν

2252 4506 2441 4559 λοιπῶν
2468 4512 2559 4566 τῆς
2588 4512 2678 4557 τοῦ
2706 4508 2995 4576 πνεύματος
3021 4506 3238 4575 χάριτος
3268 4508 3501 4574 καρπῶν,
3532 4498 3617 4559 οὖς
3656 4498 3681 4549 ό
3712 4497 3873 4569 ἇγιος

2255 4593 2629 4669 ἀπαριθμεῑται
2684 4593 3006 4663 ἀπόστολος;
3067 4593 3238 4645 πάντα
3287 4592 3388 4665 γὰρ
3435 4591 3723 4661 ὑφίσταται
3771 4590 3875 4638 πό-

2254 4703 2336 4737 νον
2366 4686 2557 4735 τούτων
2588 4684 2747 4736 ἕνεκεν
2787 4684 2812 4735 ό
2865 4692 2957 4743 τῆς
3002 4681 3103 4734 ἂνω
3151 4686 3335 4753 χώρας
3378 4678 3623 4753 ἐραστής,
3671 4672 3746 4727 δι’
3798 4674 3871 4725 ὧν

2257 4771 2513 4844 ἐφέλκεται
2564 4776 2621 4824 τό
2676 4779 2894 4842 πνεῦμα.
2946 4775 3035 4824 xui
3082 4778 3176 4832 τῆς
3224 4770 3410 4822 ἐκεῖθεν
3459 4763 3872 4838 μεταλαμϐάνων

2257 4863 2479 4933 χάριτος
2508 4868 2827 4933 καρποφορεῖ
2854 4865 2944 4913 xui
2983 4859 3231 4911 ἀπολαύει
3269 4856 3380 4930 μετ’
3420 4854 3741 4929 εὐφροσύνης
3773 4860 3873 4913 τῆς

2256 4954 2530 5022 γεωργίας,
2582 4952 2643 5009 ἦν
2684 4949 2731 5002 έν
2781 4957 2843 5022 τῇ
2891 4949 3077 5003 ἑαυτοῦ
3131 4947 3571 5019 ταπεινοφροσύνῃ
3618 4947 3708 4994 xui
3759 4942 3873 4994 ἐπι-

1816 5128 2071 5183 VARIAE
2110 5128 2514 5186 LECTIONES.

570 5238 917 5333 1_)‘E_mend.,
968 5256 1101 5333 cod,
1159 5256 1451 5333 ἀκαίραιον.
1482 5288 1552 5298 -
1600 5258 1642 5330 ι)
1692 5264 1782 5312 xui.
1802 5261 1861 5315 in
1910 5260 2043 5333 cod.
2072 5259 2278 5333 delere
2300 5259 2533 5333 studuit
2562 5274 2680 5316 rec.
2734 5274 2815 5333 ω.
2849 5258 2990 5331 -³)
3032 5255 3305 5333 Emend.,
3352 5252 3489 5333 cod.
3518 5250 3860 5333 πλανομένηςε

492 5360 559 5402 τέ
591 5320 633 5399 ί)
665 5330 753 5383 AO
783 5320 1058 5398 γενήσεται
1077 5329 1103 5382 ?
1130 5330 1264 5402 cod.
1285 5320 1530 5402 '7svji‘rut.
1561 5320 1635 5370 -ί
1657 5332 1704 5401 ⁵)
1739 5332 2005 5397 Emend,
2040 5332 2172 5387 cod.
2200 5330 2590 5393 καλλοπίξεται.
2616 5362 2684 5371 -
2712 5332 2755 5402 ⁸)
2790 5320 2983 5398 Corr.,'
3006 5328 3141 5385 cod.
3174 5347 3230 5384 σ.
3254 5320 3530 5390 ,εσθήσης.
3564 5320 3771 5380 literas
3801 5320 3866 5372 υλ

502 5400 703 5457 blattis
734 5402 1053 5458 exstinctas
1086 5401 1243 5457 coni.
1276 5400 1503 5458 addidi.

2042 5536 2297 5594 NOTAE.

505 5660 583 5737 (l)
614 5658 812 5721 Matth.
841 5660 997 5731 XXV,
1027 5663 1047 5719 l
1086 5674 1223 5735 sqq.
