4058 6194
193 346 302 406 4B7

1678 339 2085 398 EPISTOLAE.

3457 339 3563 397 438

194 472 374 546 μελείᾳ
400 478 500 524 τῶν
529 471 690 543 ἔργων
721 470 752 529 ἡ
786 475 878 522 τοῦ
918 472 1209 544 πνεύματος
1256 470 1546 544 έγεώργησε
1595 470 1758 542 χάρις
1781 486 1794 500 ·

1940 468 2107 524 :tibus
2128 467 2242 524 illis
2264 468 2450 526 fastus
2467 470 2563 527 tali
2578 476 2634 528 et
2653 469 2935 542 superbia
2947 466 3248 542 quaedam
3269 467 3560 540 gignitur.

197 559 280 616 δεῖ
310 557 400 614 οὗν
429 564 550 622 τοὺς
588 562 678 632 μεν
725 563 916 622 πόνους
953 567 1044 622 τῆς
1087 560 1255 633 εὐχῆς
1302 565 1390 614 καὶ
1419 564 1666 620 νηστείας
1706 560 1798 609 καὶ

197 661 296 704 τῶν
348 651 546 703 λοιπῶν
592 651 756 722 ἔργων
795 651 926 720 μετὰ
976 650 1169 712 πολλῆς
1219 648 1413 711 ἡδονῆς
1462 654 1552 702 καὶ
1603 647 1804 719 ἀγαθῆς

197 737 410 802 ἱλπίδος
441 739 785 811 ὑφίστασθαι,
823 739 890 790 τὰ
920 734 980 792 δε
1010 737 1139 797 ἄνθη
1194 747 1292 791 τῶν
1325 744 1512 806 πόνων,
1568 743 1658 790 καὶ
1688 739 1804 796 τοὺς

198 832 456 902 καρπούς,
513 834 604 880 τοῦ
655 829 946 900 πνεύματος
1017 825 1146 882 εἶναι
1199 831 1462 882 πιστεύειν
1510 827 1758 901 ἐνεργείας
1789 841 1802 855 ⁸

203 918 243 972 εἰ
291 921 395 992 γὰρ
452 916 615 987 ἐαυτῷ
662 935 740 977 τις
793 915 1057 988 λογίζοιτο
1102 925 1288 984 ταῦτα,
1321 923 1412 970 καὶ
1460 920 1518 970 τὸ
1553 921 1655 969 πᾶν
1687 913 1808 966 ἀνα-

205 1010 312 1064 θείη
354 1013 466 1069 τοῖς
513 1009 713 1070 πόνοις,
761 1003 876 1058 ἀντὶ
917 1002 1018 1058 τῶν
1051 1005 1324 1080 ἀκηράτων
1357 1006 1557 1060 ἐκείνων
1595 1011 1807 1078 καρπῶν

210 1096 480 1158 ἀλαζονεία
544 1103 617 1167 τῷ
696 1097 917 1168 τοιούτῳ
978 1099 1068 1148 καὶ
1117 1099 1356 1170 φρόνημά
1407 1098 1524 1163 τι¹)
1578 1096 1759 1168 φύεται
1791 1109 1804 1122 ⁸

215 1193 374 1238 ταῦτα
401 1181 463 1238 δε
513 1186 580 1236 τὰ
625 1186 769 1243 πάθη
819 1186 1051 1259 καθάπερ
1084 1206 1166 1247 τις
1213 1181 1458 1245 σηπεδὼν
1484 1184 1530 1258 ²)
1569 1191 1681 1244 ταῖς
1710 1189 1808 1235 τῶν

212 1276 428 1329 εύκόλων
477 1274 690 1348 ψυχαῖς
739 1275 1033 1348 ἐμφυόμενα
1073 1273 1363 1352 διαφθείρει
1406 1281 1496 1328 καὶ
1554 1273 1811 1327 ἀπόλλυσι

207 1370 327 1427 τοῦς
357 1368 568 1427 πόνους.
613 1369 665 1418 τί
700 1360 788 1418 οὖν
841 1370 951 1437 χρὴ
1010 1373 1175 1418 ποιεῖν
1232 1369 1319 1418 τὸν
1377 1366 1449 1436 τῷ
1483 1367 1578 1433 θεῷ
1632 1369 1805 1434 καὶτῇ

206 1453 401 1508 έκείνου
479 1454 652 1515 ζῶντα
711 1450 925 1520 ἰλπίδι;
978 1457 1097 1517 τούς
1145 1458 1235 1527 μεν
1291 1457 1416 1529 ὑπὲρ
1482 1463 1572 1516 τῆς
1631 1453 1813 1523 ἀρετῆς

206 1543 418 1616 ἀγῶνας
469 1543 583 1615 μεθ’
642 1539 838 1604 ἡδονῆς
897 1545 1186 1616 ὑπομένειν,
1241 1549 1336 1603 τήν
1397 1543 1656 1620 λύτρωσιν
1719 1550 1815 1604 τῆς

205 1633 399 1705 ψυχῆς
442 1633 498 1686 ἑκ
553 1640 652 1684 τῶν
707 1633 906 1698 παθῶν,
964 1638 1055 1687 καὶ
1113 1637 1237 1709 πρὸς
1289 1637 1383 1692 τὴν
1439 1631 1729 1706 ἀκροτάτην
1769 1633 1813 1702 ³)

208 1729 308 1775 τῶν
390 1719 583 1795 ἀρετῶν
663 1717 850 1774 ἄνοδον
929 1730 1022 1785 τῆς
1079 1722 1414 1790 τελειότητος,
1488 1722 1566 1774 ἰπ⁸
1644 1720 1817 1793 ἐκείνῳ

1914 557 2079 612 Tales
2112 562 2308 613 autem
2339 563 2651 631 passiones
2679 564 2741 614 ut
2767 559 3018 630 putredo
3048 559 3351 631 quaedam
3376 559 3434 614 in
3463 575 3562 612 so-

1915 646 2196 702 cordibus
2229 648 2444 703 animis
2477 651 2650 704 insita
2683 649 2918 704 labores
2944 649 3302 720 disperdunt
3332 653 3389 704 et
3430 663 3561 703 cor-

1916 743 2222 807 rumpunt.
2247 737 2544 802 Quidnam
2566 738 2744 806 igitur
2764 737 2952 793 facere
2970 737 3148 793 debet
3171 737 3220 792 is
3239 737 3344 809 qui
3368 739 3484 792 Deo
3507 739 3564 792 et

1917 825 2043 896 spei
2065 826 2194 880 eius
2217 827 2396 882 vivit?
2420 826 2753 884 Certamina
2780 826 3007 881 virtutis
3030 842 3165 880 cum
3192 826 3414 896 gaudio
3438 841 3566 880 sus-

1920 914 2122 980 tinere,
2165 915 2582 986 purgationem
2619 915 2852 971 animae
2885 930 2920 970 a
2956 914 3358 985 passionibus,
3391 918 3449 969 et
3485 913 3566 970 ad

1920 1019 2227 1058 summum
2251 1004 2532 1059 virtutum
2567 1005 2823 1074 gradum
2855 1001 3254 1075 perfectionis,
3289 1003 3468 1072 218
3503 1001 3565 1056 in

1918 1091 2051 1164 ipso
2073 1108 2240 1164 spem
2255 1108 2496 1166 ponere,
2518 1098 2572 1148 et
2594 1092 2747 1148 illius
2767 1090 3455 1161 benignitaticonﬁdere.
3479 1090 3567 1145 Ita

1920 1182 2079 1238 enim
2115 1188 2362 1254 paratus
2392 1187 2447 1238 et
2481 1182 2680 1238 fruens
2711 1197 2801 1248 ea,
2832 1196 3016 1253 quam
3053 1177 3317 1243 credidit,
3357 1178 3567 1248 gratia,

1923 1270 2050 1328 sine
2074 1271 2280 1328 labore
2307 1269 2506 1338 currit,
2529 1271 2868 1343 despiciens
2898 1267 3222 1325 adversarii
3252 1266 3568 1331 malitiam,

1922 1362 2145 1434 quippe
2181 1377 2367 1433 quum
2396 1362 2517 1417 iam
2555 1361 2629 1416 sit
2661 1359 3008 1432 peregrinus
3043 1357 3139 1413 ille
3179 1361 3237 1412 et
3267 1355 3497 1411 solutus
3539 1371 3575 1410 a

1921 1453 2306 1525 passionibus
2332 1451 2524 1519 gratia
2545 1449 2770 1506 Christi.
2805 1450 2963 1506 Sicut
2989 1447 3170 1512 enim,
3195 1446 3300 1518 qui
3332 1445 3574 1516 iniquas

1924 1542 2356 1613 passionesper
2369 1539 2702 1609 neglectum
2723 1539 3019 1594 bonorum
3042 1537 3099 1591 in
3114 1537 3386 1608 ipsarum
3407 1536 3578 1587 natu-

1924 1647 2056 1687 ram
2088 1629 2489 1692 introducunt,
2513 1633 2568 1684 et
2593 1629 2652 1683 in
2683 1627 2828 1700 ipsis
2861 1641 2999 1682 cum
3029 1623 3420 1680 delectatione
3447 1635 3579 1676 ver-

1928 1719 2331 1784 santur,facile
2343 1718 2518 1790 quasi
2533 1719 2800 1772 innatam
2815 1721 2873 1772 et
2886 1715 3190 1788 propriam
3207 1711 3578 1782 voluptatem

210 1812 579 1883 παρίστασθαι
625 1815 720 1868 τήν
775 1806 984 1878 έλπίδα,
1015 1815 1101 1863 καὶ
1149 1819 1208 1884 τῇ
1247 1813 1367 1886 παρ’
1400 1813 1592 1863 ἐκείνου
1644 1810 1814 1883 φιλαν-

1940 1813 1986 1865 in
2003 1826 2066 1865 se
2079 1809 2433 1879 suscipiunt,
2452 1806 2876 1862 fructiﬁcantes
2891 1803 3200 1860 avaritiam
3217 1808 3270 1856 et
3285 1798 3577 1855 invidiam

215 1903 427 1974 θρωπίᾳ
500 1902 783 1953 πιστεύειν.
857 1900 1017 1961 οὕτως
1071 1903 1174 1974 γὰρ
1234 1904 1718 1976 παρεσκευασμένος
1773 1900 1818 1970 ⁸)

214 1994 310 2042 καὶ
365 1987 674 2050 ἀπολαύσας
721 1995 836 2055 τῆς,
869 1989 968 2059 6⁸)
1018 1994 1352 2055 πεπίστευκε,
1399 1991 1642 2064 χάριτος,
1697 1988 1822 2041 ἀπό-

218 2099 318 2140 νως
348 2081 546 2152 τρέχει,
601 2086 932 2152 καταφρονῶν
985 2085 1075 2139 τῆς
1117 2086 1210 2131 τοῦ
1241 2081 1437 2153 ἐχθροῦ
1490 2083 1700 2143 κακίας,
1734 2077 1824 2130 οἶτε

220 2165 292 2226 δὴ
341 2168 480 2231 ξένος
537 2169 721 2229 ἐκεῖνος
779 2172 868 2220 καὶ
926 2167 1302 2241 λελυτρωμένος
1358 2176 1458 2220 τῶν
1521 2169 1698 2220 παθῶν
1757 2174 1820 2239 τῇ

217 2263 314 2310 τοῦ
352 2265 589 2331 Χριστοῦ
635 2258 823 2330 χάριτι
849 2272 862 2288 ⁸
900 2259 1072 2331 ὥσπερ
1099 2261 1202 2331 γὰρ
1251 2258 1394 2310 οἰτά
1437 2258 1640 2329 πονηρά
1678 2258 1821 2314 πάθη

219 2343 319 2400 διὰ
345 2355 440 2408 τῆς
490 2355 591 2399 τῶν
641 2347 810 2399 καλῶν
855 2347 1119 2422 ῥαθυμίας
1167 2354 1229 2420 τῆ
1277 2346 1469 2400 έαυτῶν
1519 2344 1828 2418 έπεισάγον-

217 2455 302 2498 τες
323 2437 369 2508 ⁸)
396 2439 570 2508 φύσει,
601 2440 691 2488 καὶ
749 2433 1103 2509 διατρίϐοντες
1154 2435 1203 2489 έν
1233 2435 1407 2496 αὐτοῖς
1450 2437 1578 2508 μετὰ
1621 2441 1822 2510 χαρᾶς,

219 2525 516 2579 ἐπιτελοῦσι
569 2521 769 2600 ῥᾳδίως
821 2527 994 2600 ὧσπερ
1048 2528 1162 2580 τινὰ
1217 2527 1440 2598 ἔμφυτον
1497 2521 1692 2584 ἡδονὴν
1736 2529 1827 2578 καὶ

219 2615 438 2679 οἰκείαν,
485 2618 834 2689 καρπούμενοι
882 2614 1172 2678 πλεονεξίαν
1219 2619 1308 2668 καὶ
1359 2617 1446 2667 τόν
1503 2616 1683 2687 φθόνον
1737 2619 1828 2667 καὶ

226 2710 320 2764 τήν
377 2709 634 2777 πονηρίαν
678 2708 765 2756 καὶ
810 2706 875 2756 τὰ
926 2703 1083 2757 λοιπά
1146 2707 1278 2778 μέρη
1329 2711 1422 2767 τῆς
1472 2703 1830 2776 ἀντικειμένης

225 2799 436 2860 κακίας,
467 2795 625 2854 οὕτως
668 2797 760 2846 καὶ
789 2794 838 2846 oi
888 2801 980 2846 τοῦ
1010 2800 1245 2865 Χριστοῦ
1299 2799 1390 2846 καὶ
1441 2802 1537 2866 τῇς
1584 2793 1829 2854 ἀληθείας

223 2883 441 2957 έργάται
491 2879 586 2935 διά
632 2902 685 2936 τε
715 2890 810 2944 τῆς
866 2887 1092 2946 πίστεως
1119 2888 1209 2936 καὶ
1262 2891 1362 2935 τῶν
1392 2891 1484 2945 τῆς
1532 2882 1714 2958 ἀρετῆς
1739 2887 1828 2935 πός

220 2993 320 3023 νων
362 2976 432 3024 τὰ
455 2973 582 3047 ύπερ
612 2976 706 3030 τὴν
756 2975 909 3045 φύσιν
957 2971 1125 3024 αὐτῶν
1178 2971 1354 3044 ἀγαθά
1403 2975 1546 3045 παρὰ
1593 2979 1687 3034 τῆς
1739 2979 1832 3024 τοῦ

224 3063 520 3134 πνεύματος
556 3064 778 3134 χάριτος
821 3060 934 3133 μεθ’
980 3057 1178 3124 ἡδονῆς
1217 3060 1446 3137 ἀρρήτου
1485 3068 1830 3136 καρποῦνται,

1929 1905 1988 1955 et
2006 1898 2293 1954 malitiam
2313 1903 2369 1953 et
2383 1903 2607 1952 ceteras
2629 1899 2826 1968 partes
2845 1893 3222 1950 adversariae
3238 1887 3579 1962 pravitatis;

1933 1988 2010 2044 ita
2037 1996 2092 2044 et
2109 1986 2316 2046 Christi
2344 1992 2400 2042 et
2431 1984 2691 2041 veritatis
2713 1984 2966 2039 cultores
2990 1999 3093 2054 per
3119 1981 3301 2036 tidem
3325 1984 3381 2034 et
3402 1977 3584 2032 virtu-

1933 2077 2007 2133 tis
2033 2076 2270 2132 labores
2295 2075 2457 2132 bona
2480 2090 2592 2130 sua
2625 2071 3100 2146 supernaturalia
3131 2085 3268 2124 cum
3294 2062 3584 2123 ineffabili

1935 2167 2156 2237 gaudio
2186 2164 2562 2228 fructificant,
2593 2168 2649 2218 et
2678 2163 2804 2217 sine
2830 2160 3035 2216 labore
3059 2159 3356 2214 sinceram
3385 2160 3439 2210 et
3468 2155 3581 2208 im-

1935 2255 2219 2313 mobilem
2235 2254 2415 2309 tidem
2437 2251 2634 2325 perfici
2644 2255 2768 2312 unt,
2785 2247 3220 2306 immutabilem
3239 2260 3472 2318 pacem,
3489 2257 3584 2297 ve-

1935 2362 2066 2403 ram
2095 2345 2444 2411 bonitatem,
2477 2347 2533 2398 et
2564 2346 2756 2398 cetera
2779 2340 3005 2404 omnia,
3033 2335 3254 2410 quibus
3286 2332 3492 2389 anima
3521 2345 3584 2385 se

1937 2437 2068 2508 ipsa
2088 2433 2294 2490 melior
2306 2432 2479 2497 facta,
2496 2435 2553 2487 et
2570 2429 2773 2486 fortior
2788 2426 3115 2484 adversarii
3133 2423 3375 2486 malitia,
3394 2420 3587 2476 taber-

1939 2525 2221 2582 naculum
2240 2539 2452 2595 purum
2469 2537 2531 2577 se
2545 2521 2737 2592 ipsam
2752 2517 2989 2574 exhibet
3004 2512 3291 2571 adorabili
3305 2517 3360 2567 et
3378 2515 3587 2565 sancto

1941 2614 2202 2688 Spiritui,
2235 2630 2270 2670 a
2299 2629 2420 2686 quo
2446 2608 2848 2666 immortalem
2881 2605 3089 2661 Christi
3111 2617 3322 2676 pacem
3351 2597 3589 2671 accipit,

1941 2722 2048 2779 per
2076 2720 2260 2777 quam
2299 2701 2561 2772 iungitur
2595 2703 2650 2754 et
2677 2696 2990 2770 copulatur
3030 2691 3300 2749 Domino.
3335 2691 3592 2758 Accepta

1942 2800 2142 2851 autem
2181 2793 2430 2865 Spiritus
2472 2790 2682 2860 gratia,
2723 2793 2779 2842 et
2811 2787 2930 2841 Deo
2979 2783 3298 2838 coniuncta
3337 2781 3396 2832 et
3438 2791 3592 2865 unus

1945 2884 2194 2956 Spiritus
2220 2862 2359 2938 cum
2391 2896 2462 2936 eo
2488 2879 2662 2942 facta,
2693 2891 2813 2931 non
2836 2874 3029 2930 solum
3057 2862 3593 2956 propriaevirtutis

1943 2954 2127 3046 opera
2149 2970 2318 3027 facile
2350 2967 2598 3041 perficit,
2623 2965 2766 3020 nihil
2789 2968 3022 3018 certans
3047 2964 3254 3015 contra
3280 2954 3594 3010 inimicum

1946 3041 2009 3117 ut
2051 3061 2253 3118 fortior
2291 3059 2396 3114 fiat
2443 3056 2596 3112 illius
2635 3051 2887 3118 insidiis,
2929 3049 3054 3114 sed,
3101 3045 3266 3120 quod
3318 3041 3594 3098 omnium

225 3157 314 3204 καὶ
382 3150 582 3212 ἀπόνως
651 3150 942 3204 ἰπιτελοῦσι
1000 3155 1092 3210 τὴν
1172 3149 1361 3204 ἄδολον
1434 3157 1528 3204 καὶ
1583 3152 1828 3224 ἄτρεπτον

1947 3152 2278 3209 maximum
2317 3152 2430 3215 est,
2472 3142 2794 3202 Salvatoris
2829 3139 3143 3212 passiones
3182 3136 3241 3190 in
3283 3148 3345 3187 se
3393 3130 3592 3200 ipsam

226 3245 430 3308 πίστιν,
483 3244 578 3298 τὴν
633 3239 1000 3312 ἀμετάπτωτον
1039 3241 1267 3317 εἰρήνην,
1317 3245 1412 3300 τὴν
1442 3245 1600 3304 ὄντως
1643 3241 1835 3313 ἀγαθό-

226 3350 382 3398 τητα,
438 3332 505 3382 τά
559 3349 614 3383 τε
666 3329 825 3383 λοιπά
875 3331 1060 3395 πάντα,
1117 3327 1192 3383 δι’
1258 3328 1324 3382 ὧν
1380 3330 1535 3402 ψυχὴ
1588 3335 1835 3406 κρείττων

231 3424 423 3482 ἑαυτῆς
478 3424 721 3492 γινομένη
794 3426 883 3472 καὶ
942 3427 1036 3482 τῆς
1100 3427 1192 3472 τοῦ
1250 3421 1447 3495 ἓχθροῦ
1506 3416 1837 3494 δυνατωτέρα

229 3515 442 3578 κακίας,
519 3509 818 3584 οἰκητήριον
893 3510 1122 3584 καθαρόν
1205 3508 1391 3568 ἑαυτὴν
1467 3513 1691 3586 παρέχει
1766 3519 1838 3582 τῷ

232 3607 580 3672 προσκυνητῷ
635 3603 726 3652 καὶ
756 3598 891 3671 ἁγίῳ
932 3601 1207 3672 πνεύματι,
1237 3599 1360 3671 παρ’
1410 3598 1471 3651 οὗ
1512 3603 1606 3658 τὴν
1649 3598 1838 3652 ἀθάνα-

234 3709 315 3742 τον
367 3697 463 3742 τοῦ
524 3689 750 3762 Χριστοῦ
819 3687 1054 3742 λαϐοῦσα
1111 3689 1339 3764 εἰρήνην,
1394 3690 1712 3742 συνάπτεται
1766 3681 1839 3741 δι’

236 3783 400 3841 αὐτῆς
454 3782 545 3830 καὶ
601 3777 987 3850 προσκολλᾶται
1017 3778 1088 3848 τῷ
1119 3782 1283 3852 κυρίῳ
1314 3794 1331 3810 ·
1363 3776 1600 3830 λαϐοῦσα
1647 3775 1707 3831 δὲ
1752 3782 1840 3836 τὴν

237 3875 324 3920 τοῦ
373 3869 670 3939 πνεύματος
721 3869 883 3940 χάριν
929 3871 1020 3919 καὶ
1051 3865 1363 3925 κολληθεῖσα
1390 3874 1460 3938 τῷ
1501 3868 1617 3929 θεῶ,
1650 3871 1740 3920 καὶ
1771 3867 1843 3929 εἰς

239 3957 283 4008 ἰν
342 3962 551 4026 πνεῦμα
601 3955 711 4028 μετ’
762 3955 922 4008 αὐτοῦ
972 3959 1241 4028 γενομένη,
1303 3955 1364 4007 ού
1415 3960 1571 4027 μόνον
1621 3958 1686 4007 τὰ
1752 3964 1843 4017 τῆς

242 4045 436 4107 οἰκείας
491 4043 678 4118 ἀρετῆς
707 4047 835 4116 ἔργα
885 4040 1088 4120 ῥᾳδίως
1137 4043 1375 4110 ἐπιτελεῖ,
1432 4041 1598 4116 μηδεν
1658 4042 1845 4116 ἀγωνι-

243 4133 428 4205 ζομένη
489 4136 620 4205 πρὸς
677 4135 762 4184 τόν
817 4131 1008 4206 ἐχθρὸν
1055 4140 1147 4185 τοῦ
1200 4137 1446 4207 κρείττων
1501 4140 1595 4194 τῆς
1651 4132 1841 4186 έκείνου

247 4224 526 4295 τυγχάνειν
589 4220 885 4288 ἐπιϐουλῆς,
947 4220 1075 4274 ἀλλά
1140 4224 1198 4274 τὸ
1256 4222 1458 4274 πάντων
1514 4221 1712 4295 μεῖζον,
1782 4225 1848 4276 τὰ

244 4319 332 4363 τοῦ
389 4318 627 4384 σωτῆρος
680 4310 752 4372 εἰς
804 4310 990 4369 έαυτὴν
1048 4307 1365 4381 ἀναδέχεται
1411 4312 1576 4375 πάθη,
1627 4316 1716 4364 καὶ
1775 4312 1847 4363 ἐν-

247 4405 414 4472 τρυφᾴ
464 4402 663 4460 τούτοις
707 4399 854 4452 πλέον
905 4400 936 4458 ἡ
998 4401 1046 4452 οἱ
1098 4401 1311 4473 ἐρασταὶ
1367 4407 1458 4451 τοῦ
1495 4398 1618 4472 βίου
1659 4403 1847 4454 τούτου

1944 3241 2217 3314 suscipit,
2237 3238 2362 3296 etin
2384 3235 2496 3292 illis
2512 3233 2706 3304 magis
2719 3229 3062 3292 delectatur,
3082 3239 3264 3315 quam
3290 3224 3591 3315 amatores

1945 3331 2094 3387 vitae
2120 3330 2299 3387 huius
2329 3326 2610 3382 humanis
2626 3319 2957 3378 honoribus
2987 3321 3043 3372 et
3067 3313 3258 3385 gloria
3287 3314 3342 3366 et
3373 3313 3592 3377 regnis.

1947 3419 2292 3478 Christianis
2322 3416 2479 3472 enim
2508 3429 2614 3486 per
2634 3411 2856 3467 bonam
2881 3402 3394 3462 conversationem
3417 3404 3472 3452 et
3493 3397 3600 3450 do-

1949 3525 2092 3566 num
2115 3507 2364 3579 Spiritus
2387 3503 2572 3560 sancti
2606 3501 2664 3556 in
2693 3493 3104 3555 intellectualis
3129 3489 3336 3548 aetatis
3362 3500 3601 3579 mensus

1948 3576 2792 3668 ram,gratiam,inquam,ipsis
2806 3587 2944 3642 data
2955 3579 3330 3656 m,provectis
3344 3576 3533 3668 gloria
3547 3577 3604 3668 et

1950 3662 2194 3744 deliciae
2208 3690 2264 3740 et
2279 3683 2442 3738 omni
2463 3662 2828 3736 iucunditate
2845 3674 3050 3730 melior
3065 3671 3342 3739 voluptas
3356 3671 3442 3718 est
3461 3662 3601 3718 odio

1949 3777 2157 3833 haberi
2173 3770 2732 3846 propterChristum,
2751 3764 3174 3828 tundi,omnem
3190 3751 3599 3846 contumeliam

1953 3872 2007 3921 et
2044 3842 2441 3937 ignominiam
2473 3863 2713 3929 propter
2747 3852 2930 3908 tidem
2963 3850 3020 3904 in
3065 3851 3249 3902 Deum
3285 3842 3602 3937 sustinere.

1953 3929 2150 4021 oqu
2174 3952 2334 4008 enim
2368 3963 2504 4020 spes
2525 3943 2724 4000 omnis
2751 3941 2888 3996 huic
2911 3938 2985 3993 sit
3014 3937 3074 3992 in
3096 3929 3525 3990 resurrectione
3550 3933 3606 3982 et

1955 4016 2167 4100 futuris
2180 4039 2355 4096 bouis
2379 4016 2593 4109 posita,
2609 4027 2971 4088 contumelia
2995 4023 3194 4082 omnis
3216 4025 3273 4078 et
3289 4016 3525 4089 ﬂagella
3548 4021 3608 4109 et.

1957 4132 2135 4204 219
2169 4102 2607 4202 persecutiones
2637 4126 2694 4176 et
2719 4125 2947 4174 ceterae
2977 4113 3287 4188 passiones
3312 4120 3503 4179 usque
3527 4102 3607 4204 ad

1956 4195 2194 4279 (ἱξεῖτιῇ
2225 4232 2438 4275 omnes
2468 4212 2714 4270 deliciae
2744 4215 2798 4265 et
2835 4206 3067 4280 requies
3097 4207 3154 4258 et
3182 4201 3436 4274 pignora
3467 4195 3609 4249 sunt

1958 4310 2298 4368 coelestium
2333 4306 2770 4361 thesaurorum.
2815 4295 2989 4354 Beati
3018 4294 3176 4350 enim
3207 4289 3357 4353 estis,
3392 4282 3606 4357 inquit,

1959 4417 2089 4457 cum
2103 4415 2194 4455 ma
2203 4395 2513 4454 ledircerint
2530 4391 2681 4449 vobis
2695 4397 2744 4447 et
2757 4385 3044 4460 persecuti
3058 4399 3152 4440 vos
3161 4378 3394 4452 fuerint
3410 4388 3610 4432 omnes

248 4496 356 4550 ταῖς
401 4492 548 4564 παρὰ
586 4497 685 4542 τῶν
732 4488 1013 4562 ἀνθρώπων
1052 4497 1228 4562 τιμαῖς
1275 4493 1366 4542 καὶ
1405 4485 1582 4552 δόξαις
1612 4496 1700 4543 καὶ
1751 4487 1828 4544 δυι

1959 4489 2234 4547 homines
2247 4493 2298 4543 et
2313 4484 2676 4542 dixerintom
2687 4495 2758 4535 ne
2771 4478 2994 4533 malum
3008 4474 3324 4531 adversum
3343 4481 3440 4524 vos
3454 4479 3614 4520 men-

251 4585 509 4638 ναστείαις
556 4593 569 4607 ·
639 4587 965 4652 χριστιανῶν
1027 4581 1127 4651 γὰρ
1186 4575 1279 4631 διὰ
1334 4579 1598 4640 πολιτείας
1653 4579 1851 4651 ἀγαθῆς

255 4673 476 4729 καὶτῆς
529 4676 622 4720 τοῦ
660 4671 950 4739 πνεύματος
1006 4665 1225 4743 δωρεας,
1281 4667 1353 4728 εἰς
1399 4672 1458 4720 τό
1522 4676 1616 4729 τῆς
1667 4678 1852 4731 νοητῆς

260 4754 453 4817 ἡλικίας
496 4761 702 4829 μέτρον,
745 4765 839 4818 τῆς
892 4753 1176 4828 δεδομένης
1225 4756 1389 4819 αὐτῆς
1438 4759 1678 4832 χάριτος,
1729 4777 1852 4830 προ-

266 4846 498 4897 ελθόντων
549 4841 683 4899 δόξα
711 4849 801 4897 καὶ
833 4850 996 4919 τρυφὴ
1033 4850 1122 4898 καὶ
1169 4849 1340 4907 πάσης
1384 4843 1580 4908 ἡδονῆς
1610 4851 1852 4920 κρείττων

268 4930 542 4997 ἀπόλαυσις
594 4937 650 4987 τό
678 4936 954 5006 μισεῖσθαι
1003 4931 1098 4988 διὰ
1151 4939 1402 5011 Χριστόν,
1432 4939 1489 4988 τὸ
1532 4935 1852 5000 ἐλαύνεσθαι,

271 5025 320 5073 τὸ
372 5029 543 5076 πᾶσαν
595 5021 743 5096 ὕϐριν
793 5029 880 5077 καὶ
912 5023 1177 5095 αἰσχύνην
1215 5025 1342 5097 ύπερ
1385 5032 1478 5087 τῆς
1520 5023 1590 5087 εἰς
1634 5026 1744 5077 θεόν
1773 5029 1858 5077 πί-

276 5127 418 5172 στεως
463 5112 731 5186 ὑπομένειν
767 5127 780 5139 ⁸
820 5121 910 5174 τῆς
976 5115 1079 5189 γὰρ
1139 5109 1344 5177 ἑλπίδος
1398 5113 1515 5175 ὅλης
1569 5115 1726 5174 οὔσης
1783 5121 1856 5184 τῷ

1963 4581 2180 4639 tientes,
2196 4582 2520 4648 prapterme
2531 4569 2804 4640 ;gaudete
2815 4571 2869 4622 et
2882 4566 3166 4626 exultate,
3182 4557 3449 4648 quoniam
3465 4568 3616 4648 iner-

1962 4683 2052 4724 ces
2069 4643 2266 4722 vestra
2279 4643 2515 4730 copiosa
2528 4668 2609 4716 est
2624 4659 2686 4714 in
2708 4655 2881 4714 caelis
2903 4655 3005 4724 (l).
3034 4646 3456 4719 EtApostolus:
3479 4643 3614 4730 Non

1961 4758 2151 4812 solum
2166 4729 2384 4816 autern,
2402 4751 2502 4807 sed
2519 4756 2572 4805 et
2586 4748 2913 4818 gloriantes
2929 4742 2991 4796 in
3008 4734 3496 4794 tribulationibus
3510 4729 3613 4801 (2);

1963 4857 2020 4902 et
2035 4844 2176 4900 alibi
2198 4861 2210 4899 :
2238 4841 2516 4897 Libenter
2534 4837 2721 4907 igitur
2746 4829 3057 4904 gloriabor
3072 4827 3134 4882 in
3158 4818 3614 4907 infirmitatibus

1965 4934 2127 5001 meis,
2148 4937 2209 4987 ut
2231 4929 2522 4986 inhabitet
2532 4905 2596 4982 in
2613 4939 2702 4980 me
2716 4923 2901 4980 virtus
2920 4917 3166 4976 Christi.
3189 4905 3615 5001 Propterquod

1961 4997 2172 5095 placeo
2191 5018 2336 5076 mihi
2355 5019 2414 5074 in
2438 5010 2907 5084 inﬁrmitatibus,
2929 5009 2991 5064 in
3015 4999 3406 5062 contumeliis.
3429 4997 3493 5053 in
3514 5010 3618 5051 ne-

1968 5092 2353 5175 cessitatibus,
2372 5110 2432 5163 in
2447 5104 2812 5168 carceribus;
2833 5115 2962 5155 cum
2982 5097 3136 5152 enim
3156 5092 3451 5162 inﬁrmor,
3476 5092 3618 5142 tunc

1588 5255 1845 5312 VARIAE
1887 5252 2288 5312 LECTIONES.

348 5389 531 5444 iCOd.
596 5388 1058 5466 φρονήματι
1115 5388 1572 5466 Emend..__cod.
1624 5385 1946 5466 τισηπξεδῴν.
1981 5418 2048 5466 -έ
2078 5387 2124 5456 ⁸)
2175 5383 2448 5453 Emend.,
2504 5382 2640 5439 cod.
2690 5379 2999 5454 ἀκρότατον.
3044 5404 3109 5416 —-
3160 5372 3206 5444 ‘)
3261 5372 3442 5433 Corn,
3488 5365 3620 5424 cod.

281 5465 703 5534 παρασκευασμέν

707 5460 782 5523 οε.
810 5492 880 5504 -
907 5463 952 5524 ⁸)
983 5460 1099 5520 Sic.
1130 5461 1268 5520 cod.
1303 5492 1371 5504 —
1397 5462 1446 5534 °)
1478 5463 1662 5532 Corr.,
1692 5460 1826 5518 cod.
1860 5460 2246 5531 έπεισάγονται.

1822 5602 2072 5662 NOTAE.

355 5726 427 5803 (l)
453 5727 623 5790 lath.
651 5729 716 5799 ν.
754 5730 839 5788 11.

2055 5727 2132 5802 (2)
2162 5727 2333 5788 Rom.
2364 5723 2430 5794 ν,
2458 5727 2514 5782 3.
