4086 6194
492 300 598 361 439

1779 302 1839 359 S.
1887 299 2192 358 MACARII
2238 298 2572 354 AEGYPTII
3748 301 3850 357 440

490 434 703 499 potens
725 442 852 483 sum
868 426 1037 499 (t).Et
1055 428 1461 485 iteruszicut
1484 429 1592 486 Dei
1603 430 1863 485 ministri
1874 430 1936 484 in
1957 428 2151 484 multa

2265 427 2479 496 τοιούτῳ
2526 426 2651 498 πρὸς
2677 432 2737 497 τῇ
2788 422 3073 478 ἀναστάσει
3120 430 3208 479 xui
3261 434 3365 487 τοὶς
3412 425 3683 498 μέλλουσιν
3732 426 3859 498 ἀγα-

489 518 784 588 patienlia
796 518 1059 588 (2).Haec
1072 519 1224 572 enim
1241 520 1431 588 gratia
1446 520 1691 591 Spiritus
1708 525 1880 575 totam
1896 519 2152 573 animam

494 621 823 678 occupans,
855 612 910 661 et
951 604 1204 677 impleas
1232 606 1663 662 habitationem
1704 608 1927 677 gaudio
1959 612 2015 661 et
2048 606 2152 659 vir-

491 698 637 760 tute,
669 695 875 750 dulces
901 694 1093 750 reddit
1140 695 1377 750 animae
1417 696 1648 751 Domini
1684 696 2016 768 passiones,
2049 710 2153 765 spe

494 783 830 839 futurorum
862 785 1194 856 praesentis
1217 784 1439 839 doloris
1462 802 1706 840 sensum
1739 786 2151 853 exstinguens.

493 873 559 927 In
578 877 701 928 tam
723 873 1025 927 excelsam
1051 874 1226 943 igitur
1254 874 1523 928 virtutem
1550 881 1601 928 et
1622 874 1913 929 honorem
1937 888 2157 944 coope-

492 962 722 1017 ratione
756 962 1007 1032 Spiritus
1041 962 1346 1032 pervenire
1378 963 1685 1034 cupientes
1718 964 1797 1017 ita
1826 977 2153 1018 conversa-

495 1050 663 1115 mini,
708 1065 952 1105 omnem
992 1050 1263 1106 laborem
1298 1056 1353 1106 et
1402 1057 1707 1107 certamen
1748 1068 1885 1107 cum
1930 1050 2154 1121 gaudio

500 1141 849 1207 subeuntes,
865 1139 1101 1208 utdigni
1116 1140 1441 1195 videamini
1456 1141 1888 1197 iuhabitatione
1906 1140 2155 1212 Spiritus

496 1227 559 1283 in
577 1228 773 1293 nobis,
789 1234 844 1283 et
859 1228 1184 1285 hereditate
1207 1245 1346 1284 cum
1362 1229 1587 1285 Christo
1610 1246 1997 1302 nequaquam
2018 1229 2153 1285 elati

494 1316 937 1389 nequelevitate
952 1317 1245 1385 dissoluti,
1264 1324 1324 1374 ut
1349 1334 1540 1390 neque
1556 1318 1666 1390 ipsi
1683 1319 1933 1388 cadatis,
1959 1333 2153 1390 neque

496 1405 627 1462 aliis
672 1412 946 1461 auctores
979 1407 1204 1476 peccati
1253 1407 1429 1461 ﬁatis.
1467 1408 1520 1463 Si
1549 1407 1653 1477 qui
1695 1423 1834 1463 vero
1880 1407 2151 1462 nondum

496 1509 771 1549 summae
803 1494 1090 1549 orationis
1116 1494 1405 1550 habentes
1438 1499 1727 1561 tenorem,
1763 1510 1958 1567 neque
1988 1494 2150 1550 debi-

497 1585 622 1637 tam
648 1581 785 1636 huic
809 1583 969 1653 operi
997 1583 1370 1651 diligentiam
1397 1588 1451 1640 et
1476 1584 1774 1650 virtutem,
1805 1585 1919 1640 hac
1944 1586 2153 1639 virtute

496 1670 939 1726 destituuntur:
970 1672 1026 1726 in
1051 1672 1259 1727 ceteris
1288 1673 2022 1743 impleantobedientiam,
2044 1688 2153 1744 pro

496 1758 722 1814 viribus
768 1761 1111 1824 servientes,
1152 1761 1426 1817 lubenter
1465 1769 1805 1833 operantes,
1841 1762 2153 1831 diligenter
2187 1784 2222 1835 Β

496 1848 903 1904 ministrantes
954 1866 1091 1904 cum
1125 1850 1367 1917 gaudio,
1402 1866 1520 1905 non
1567 1851 1840 1906 mercede
1883 1850 2148 1916 honoris,

494 1951 689 2008 neque
722 1944 962 2009 propter
993 1938 1325 1995 humanam
1361 1940 1636 2009 gloriam,
1680 1956 1873 2011 neque
1908 1946 2152 2011 propter

498 2024 815 2081 mollitiam
836 2026 923 2083 vel
938 2029 1275 2083 socordiam
1296 2028 1533 2085 labores
1553 2029 1938 2093 remittentes,
1958 2044 2151 2101 neque

496 2117 564 2168 ut
586 2113 793 2169 alienis
814 2114 1171 2185 corporibus
1190 2122 1245 2171 et
1262 2116 1585 2172 animabus
1606 2118 1784 2189 220
1809 2118 2148 2181 servientes,

499 2202 607 2257 sed
640 2207 702 2258 ut
734 2203 946 2259 Christi
978 2206 1189 2269 servis,
1217 2210 1279 2261 ut
1310 2208 1529 2261 nostris
1564 2207 1916 2271 visceribus,
1959 2212 2017 2261 ut
2044 2223 2153 2278 pu-

497 2306 632 2347 rum
682 2297 737 2347 et
768 2292 1065 2348 sincerum
1109 2310 1264 2365 opus
1312 2302 1573 2351 vestrum
1618 2301 1908 2369 appareat
1947 2312 2152 2353 coram

498 2379 637 2436 Deo.
658 2383 842 2437 Nemo
862 2397 998 2436 vero
1014 2382 1086 2437 de
1107 2382 1402 2439 bonorum
1422 2400 1674 2456 operum
1700 2386 1896 2440 studio
1910 2385 2148 2451 dictitet,

498 2483 623 2524 non
670 2485 847 2539 posse
884 2486 945 2524 se
978 2470 1259 2541 perﬁcere
1290 2488 1361 2527 ea
1405 2488 1561 2543 quae
1593 2474 1859 2529 animam
1901 2474 2149 2530 salvent.

497 2560 699 2628 Neque
731 2558 892 2613 enim
925 2561 1073 2613 Deus
1096 2559 1493 2630 impossibilia
1520 2562 1773 2631 iniungit
1804 2564 2014 2632 servis,
2046 2563 2152 2619 sed

496 2648 620 2699 tam
641 2645 1055 2702 abundantem
1080 2654 1133 2702 et
1155 2648 1391 2718 largum
1410 2651 1958 2708 ostenditamorem
1982 2659 2036 2707 et
2052 2653 2154 2708 bo-

496 2732 744 2789 nitatem
786 2735 1048 2802 Deitatis,
1091 2742 1147 2792 et
1188 2738 1510 2810 unicuique
1550 2756 1657 2811 pro
1698 2740 2001 2796 voluntate
2045 2757 2156 2797 sua

500 2820 885 2878 tribuatboni
907 2824 1137 2896 aliquid
1159 2825 1353 2882 facere
1374 2843 1572 2898 posse,
1597 2834 1653 2884 et
1675 2844 1874 2895 nemo,
1904 2830 2006 2901 qui
2032 2835 2154 2885 stu-

499 2909 667 2965 dium
700 2910 881 2967 habet
918 2913 1145 2977 satutis,
1179 2921 1470 2986 potestate
1509 2922 1724 2972 careat.
1771 2917 2153 2990 Quicumque,

496 2997 912 3071 inquit,polum
928 3002 1154 3059 dederit
1172 3018 1365 3075 aquae
1378 3005 1648 3076 frigidae
1660 3007 1721 3061 in
1738 3008 1973 3063 nomine
1983 3009 2158 3063 disci-

2269 516 2393 578 θοίς,
2426 512 2574 587 ὕϐρις
2621 519 2769 565 πᾶσα
2798 518 2887 565 καὶ
2934 524 3189 586 μάστιγες
3241 520 3330 568 καὶ
3379 511 3607 588 διωγμοὶ
3664 520 3753 568 καὶ
3797 519 3867 569 τὰ

2264 602 2422 655 λοιπὰ
2451 603 2590 660 πάθη
2631 607 2795 674 μέχρι
2834 611 2926 655 τοῦ
2958 612 3188 677 σταυροῦ
3218 608 3389 657 πάντα
3420 608 3587 679 τρυφὴ
3619 609 3707 655 καὶ
3740 603 3863 655 ἀνά-

2264 711 2461 753 παυσις
2485 697 2574 744 καὶ
2612 700 2711 743 τῶν
2742 691 2991 767 οὐρανίων
3036 692 3259 768 ἐνέχυρα
3310 696 3622 765 θησαυρῶν’
3656 696 3860 765 μακά-

2263 801 2404 854 ριοι
2441 784 2541 854 γὰρ
2574 783 2738 851 ἐστι,
2796 787 2971 853 φησίν,
3026 785 3173 835 ὁταν
3213 781 3641 837 ὀνειδίσωσιν
3697 784 3865 853 ὑμᾶς

2264 875 2370 923 xui
2405 867 2623 933 διώξω
2642 890 2706 922 σι
2735 874 2918 933 πάντες
2959 874 3006 924 οἱ
3036 874 3316 946 ἄνθρωποι,
3342 878 3449 925 καὶ
3481 875 3711 925 εῖπωσι
3742 878 3857 923 πᾶν

2263 962 2547 1032 πονηρὸν
2582 960 2764 1031 ῥῆμα
2800 962 2933 1013 καθ’
2978 962 3167 1033 ὑμῶν,
3195 958 3617 1034 ψευδόμεν[οι,
3650 962 3867 1013 ἕνεκεν

2264 1048 2528 1120 ἑ]μοῦ¹)’
2561 1052 2904 1120 χαίρετε²)
2935 1055 3046 1103 καὶ
3085 1049 3508 1121 ἀγαλλιᾶσθε,
3541 1049 3640 1101 ὃτι
3669 1051 3694 1102 ὁ
3724 1068 3872 1121 μισ-

2268 1139 2374 1199 θός
2415 1138 2585 1208 ὑμῶν
2626 1138 2826 1201 πολὺς
2867 1138 2924 1189 ἐν
2964 1146 3099 1201 τοῖς
3139 1139 3445 1212 οὐρανοῖς
3479 1160 3491 1171 ο
3525 1143 3614 1190 καὶ
3645 1139 3671 1188 ό
3702 1136 3872 1191 ἀπόσ-

2266 1225 2437 1286 τολος·
2496 1226 2561 1277 οῦ
2601 1231 2793 1299 μόνον
2833 1224 2923 1293 δέ,
2978 1226 3132 1280 ἀλλά
3181 1232 3288 1280 καὶ
3326 1233 3743 1299 καυχώμενοι
3805 1226 3863 1279 ἐν

2266 1323 2405 1375 ταῖς
2446 1313 2729 1385 θλίψεσι.
2763 1321 2849 1367 καὶ
2880 1315 3115 1387 ἀλλαχοῦ
3141 1333 3153 1346 ⁸
3184 1312 3435 1375 ἣδιστα
3473 1312 3579 1368 οὖν
3618 1321 3867 1387 καυχή-

2268 1423 2466 1475 σομαι
2510 1404 2566 1456 ἐν
2606 1410 2747 1466 ταῖς
2786 1403 3157 1466 ἀσθενείαις
3185 1424 3325 1476 μου,
3356 1406 3458 1457 ἵνα
3496 1408 3866 1463 ἐπισκηνώ-

2269 1512 2343 1566 σῃ
2386 1491 2655 1565 ἐπ’ἐμεὴ
2692 1489 2972 1566 δύναμις
3010 1502 3122 1546 τοῦ
3162 1501 3482 1568 Χριστοῦο
3512 1491 3617 1546 διὸ
3648 1490 3871 1546 εῦδκῶ

2266 1582 2322 1633 ἐν
2358 1581 2751 1646 ἀσθενείαις,
2788 1582 2843 1634 ἐν
2883 1581 3169 1655 ὕϐρεσιν,
3200 1582 3258 1635 ἐν
3300 1582 3629 1654 ἀνάγκαις,
3663 1581 3720 1633 ἐν
3758 1604 3863 1654 φυο

2265 1671 2518 1733 λακαίς’
2550 1673 2692 1725 ὅταν
2729 1674 2848 1746 γάρ
2892 1671 3161 1735 ἀσθενῶ,
3195 1677 3335 1725 τότε
3374 1670 3650 1734 δυνατός
3688 1672 3857 1743 εἰμι’

2264 1766 2353 1812 καὶ
2382 1761 2557 1813 πάλιν*
2588 1764 2665 1821 ὡς
2697 1763 2839 1813 θεοῦ
2871 1758 3172 1814 διάκονοι
3210 1761 3266 1814 ἐν
3298 1763 3585 1834 ὑπομονῇ
3628 1760 3824 1833 πολλῇ
3850 1780 3862 1792 ’

2264 1851 2396 1909 αὕτη
2428 1854 2526 1923 γὰρ
2557 1853 2585 1909 ἡ
2615 1852 2777 1923 χάρις
2802 1858 2891 1903 τοῦ
2913 1854 3202 1923 πνεύματος
3241 1851 3360 1910 ὃλην
3385 1859 3740 1922 κατασχοῦσα
3763 1856 3861 1909 τὴν

2262 1940 2448 2011 ψυχὴν
2479 1945 2565 1991 xui
2592 1939 2921 2012 πληρώσασα
2942 1944 2997 1993 τό
3023 1940 3326 2013 οἰκητήριον
3350 1948 3441 2003 τῆς
3466 1940 3786 2014 εὐφροσύνης
3807 1958 3861 1992 τι

2262 2035 2351 2082 καὶ
2378 2026 2665 2101 δυνάμεως,
2696 2028 2889 2100 γλυκέα
2910 2030 2953 2095 ³)
2984 2037 3122 2082 ποιεῖ
3151 2037 3212 2101 τῇ
3246 2029 3401 2101 ψυχῇ
3453 2031 3519 2081 τά
3557 2036 3647 2081 τοῦ
3678 2034 3867 2103 κυρίου

2264 2120 2571 2189 παθήματα,
2603 2126 2664 2190 τῇ
2700 2126 2796 2169 τῶν
2818 2117 3099 2189 μελλόντων
3129 2114 3306 2170 ἐλπίδι
3332 2127 3424 2180 τῆς
3450 2121 3719 2191 παρούσης
3745 2114 3876 2170 ὀδύ-

2262 2228 2355 2270 νης
2376 2207 2670 2280 ἀφαιροῦσα
2690 2212 2782 2265 τὴν
2805 2209 3077 2265 αἴσθησιν,
3104 2210 3173 2269 ὡς
3198 2203 3285 2259 οὖν
3312 2205 3388 2279 ἐφ’
3415 2208 3579 2269 οὕτως
3600 2206 3808 2278 ὑψηλὴν
3827 2208 3871 2278 ⁸)

2267 2294 2487 2369 δύναμιν
2520 2301 2607 2348 xui
2639 2292 2795 2358 δόξαν
2826 2295 3086 2367 μέλλοντες
3139 2294 3332 2347 ἀνιέναι
3360 2303 3421 2368 τῇ
3457 2300 3728 2369 πνεργείᾳ
3773 2302 3868 2347 τοῦ

2264 2388 2573 2457 πνεύματος,
2646 2384 2827 2455 ο[ῦ]τω
2909 2384 3239 2437 πολιτεύεσθε
3271 2384 3337 2454 ⁸),
3417 2382 3640 2457 πάντια]
3716 2389 3872 2436 πόνον

2263 2478 2350 2525 καὶ
2425 2472 2600 2544 ἀγῶνα
2654 2471 2833 2546 με[τά]
2888 2472 3114 2547 χα[ρά]ς
3172 2474 3533 2545 ὑφιστάμενοι,
3604 2476 3729 2547 πρὸς
3785 2472 3871 2546 [τὸ

2263 2562 2425 2633 άξι]οι
2470 2570 2689 2635 φανῆναι
2739 2563 2855 2635 τῆ[ς
2895 2562 2967 2636 ἐ]ν
3020 2565 3143 2634 ἡμῖν
3192 2558 3474 2634 ἐπιδημίας
3504 2569 3593 2614 τοῦ
3646 2564 3874 2633 πνεῦμα-

2264 2671 2371 2717 τος,
2423 2656 2513 2703 καὶ
2559 2660 2653 2713 τῆς
2683 2653 2814 2724 μετά
2842 2659 2933 2704 τοῦ
2991 2653 3221 2723 Χριστοῦ
3252 2651 3641 2724 κλη[ρονομίας]
3671 2650 3714 2721 ⁸)
3764 2671 3872 2723 μη-

2267 2738 2441 2813 δαμοῦ
2489 2743 2859 2813 χαυνούμενοι,
2910 2738 3051 2812 μηδι
3081 2740 3396 2813 ἐκλυόμενοι,
3454 2739 3554 2793 ἀπὸ
3583 2742 3869 2815 ῥαθυμίας,

2264 2834 2395 2904 πρὸς
2426 2834 2479 2882 τό
2524 2835 2654 2901 μήτε
2696 2830 2845 2882 αὐτοὶ
2898 2837 3091 2897 πεσεῖν,
3152 2838 3283 2903 μητι
3328 2836 3437 2892 τοῖς
3488 2829 3657 2890 ἄλλοις
3705 2832 3871 2882 αἴτιοι

2266 2927 2358 2973 τοῦ
2410 2920 2723 2992 ἁμαρτάνειν
2770 2922 3032 2991 γενέσθαι.
3092 2916 3225 2973 εἰδέ
3275 2939 3401 2981 τινες
3446 2925 3605 2992 μήπω
3637 2922 3722 2971 τόν
3778 2927 3873 2981 τῆς

2268 3011 2435 3083 οἷκρας
2495 3009 2657 3081 εὐχῆς
2715 3012 2921 3081 ἔχοντες
2980 3014 3140 3075 τόνον,
3202 3005 3343 3081 μηδὲ
3397 3014 3488 3067 τὴν
3543 3008 3877 3081 οφειλομένην

494 3088 644 3159 puli,
659 3104 831 3146 amen
848 3090 979 3146 dico
995 3092 1173 3149 vobis.
1191 3109 1311 3149 non
1322 3095 1519 3163 perdel
1536 3096 1852 3152 mercedem
1867 3112 2034 3152 suam
2050 3096 2152 3168 (3).

2269 3119 2340 3170 τῳ
2383 3101 2657 3171 πράγματι
2703 3096 2943 3158 σπουδήν
2974 3118 3027 3152 τε
3056 3103 3145 3151 καὶ
3193 3095 3438 3171 δύναμιν,
3491 3098 3879 3170 ἁπολιμπάνονο

500 3175 654 3241 Quid
668 3176 781 3233 hoc
795 3179 1085 3236 mandato
1102 3182 1401 3252 potentius
1415 3182 1443 3238 εἴ
1460 3183 1758 3253 Frigidum
1776 3190 1983 3256 potum
2003 3201 2157 3241 mer-

497 3280 595 3321 ces
625 3266 899 3322 coelestis
942 3272 1231 3340 sequitur.
1268 3274 1330 3326 Et
1367 3271 1496 3327 vide
1534 3273 1675 3328 mihi
1717 3274 1938 3328 amoris
1968 3274 2156 3330 homi-

497 3368 645 3409 num
677 3353 1063 3412 immensum.
1101 3358 1419 3425 Quamdiu,
1453 3361 1666 3433 inquit,
1694 3362 1922 3432 fecistis
1948 3367 2056 3417 uni
2083 3379 2158 3421 ex

503 3441 615 3506 his,
630 3442 1013 3511 mihifecistis
1028 3447 1125 3517 (4).
1143 3448 1485 3503 Mandatum
1500 3451 1741 3521 quidem
1758 3468 2031 3522 parvum,
2050 3453 2154 3509 sed

499 3529 874 3586 obedientiae
900 3533 1114 3589 utilitas
1132 3552 1374 3607 magna,
1403 3554 1558 3611 quae
1582 3555 1617 3594 a
1639 3542 1756 3595 Deo
1778 3540 2157 3597 abundanter

500 3618 790 3676 redditur.
821 3622 1027 3695 Itaque
1054 3624 1201 3680 nihil
1223 3625 1375 3682 ultra
1399 3628 1549 3683 vires
1576 3629 1858 3700 postulat.
1895 3630 2009 3685 Sed
2032 3632 2155 3687 sive

506 3723 761 3781 parvum
791 3712 912 3767 sive
945 3728 1232 3783 magnum
1259 3715 1423 3781 iacis,
1455 3722 1506 3772 te
1530 3720 1799 3791 sequitur
1821 3736 1927 3790 pro
1955 3720 2156 3777 volun-

502 3802 617 3853 tate
647 3814 896 3855 merces.
930 3802 984 3858 Si
1020 3804 1077 3857 in
1107 3805 1352 3861 nomine
1382 3822 1451 3862 ac
1485 3808 1695 3863 timore
1726 3809 1850 3881 Dei,
1887 3810 2153 3881 splendi-

498 3886 644 3942 dum
658 3890 1251 3960 atqueinamissibile
1273 3895 1786 3964 advenitdonum;
1809 3900 1898 3953 sin
1926 3915 2061 3955 vero
2078 3899 2155 3955 ad

497 3977 955 4034 ostentationem
1000 3986 1056 4035 et
1099 3981 1351 4051 gloriam
1386 3984 1723 4051 hominum,
1769 3987 1909 4042 audi
1954 3988 2155 4058 ipsum

498 4065 817 4121 Dominum
841 4069 1137 4125 iurantem
1164 4090 1175 4125 :
1213 4074 1398 4129 Amen
1422 4074 1554 4129 dico
1589 4076 1775 4146 vobis,
1805 4082 2155 4146 receperunt

498 4154 821 4210 mercedem
840 4158 1122 4229 suam(5).
1142 4161 1218 4213 Ne
1242 4160 1416 4230 igitur
1432 4160 1545 4215 hoc
1565 4163 1885 4232 patiamur,
1908 4166 2157 4221 mandat

500 4239 810 4310 discipulis
841 4246 965 4299 suis
997 4252 1054 4300 et
1078 4246 1250 4301 nobis
1283 4264 1386 4319 per
1410 4249 1538 4305 illos
1572 4266 1584 4302 :
1620 4251 1934 4316 Attendite,
1967 4269 2042 4309 ne
2074 4254 2155 4310 fa-

502 4327 669 4382 ciatis
718 4331 1189 4389 misericordiam
1244 4344 1495 4393 vestram
1529 4344 1633 4393 aut
1679 4340 2007 4398 orationem
2053 4349 2156 4399 aut

503 4414 789 4471 ieiunium
815 4425 1072 4475 vestrum
1092 4437 1295 4477 coram
1314 4424 1695 4493 hominibus;
1720 4428 1989 4501 alioquin
2008 4448 2153 4489 mer-

503 4502 699 4559 cedem
731 4521 850 4561 non
885 4507 1173 4565 habebitis
1204 4512 1364 4581 apud
1383 4520 1617 4583 patrem
1651 4524 1930 4585 vestrum,
1958 4522 2063 4592 qui
2091 4524 2154 4577 in

504 4593 682 4649 caelis
709 4599 795 4649 es!
831 4596 929 4669 (6).
962 4598 1043 4653 Ita
1073 4598 1377 4672 despicere
1408 4603 1570 4659 iubet
1603 4612 1782 4678 atque
1814 4608 2016 4679 fugere
2043 4611 2155 4667 bos

504 4682 789 4741 mortales
807 4687 1271 4761 mortaliumque
1292 4691 1519 4759 laudes,
1539 4700 1595 4751 et
1610 4704 2076 4755 marcescentem
2098 4706 2153 4756 et

2266 3209 2355 3241 ται
2402 3192 2598 3250 ταύτης
2644 3196 2736 3251 τῆς
2787 3186 2994 3262 ἀρετῆς,
3045 3187 3094 3240 ἐν
3125 3195 3227 3249 τοῖς
3271 3187 3443 3249 οἰλλοις
3495 3187 3876 3261 πληρούτωσαν

2267 3282 2362 3336 τὴν
2401 3278 2656 3342 ὑπακοήν,
2706 3279 2841 3329 κατὰ
2891 3273 3113 3349 δύναμιν
3161 3273 3536 3342 διακονοῦντες,
3588 3278 3875 3350 προθύμως

2268 3367 2625 3439 ἐργαζόμενοι,
2701 3362 3006 3428 σπουδαίως
3060 3368 3421 3438 θεραπεύοντες
3473 3365 3585 3438 μεθ’
3656 3362 3874 3436 ἡδονῆς,

2266 3461 2337 3528 μὴ
2397 3458 2482 3507 ἐπὶ
2537 3457 2711 3525 μισθῷ
2758 3464 2933 3526 τιμῆς,
2994 3451 3133 3528 μηδὲ
3186 3463 3276 3516 τῆς
3332 3454 3653 3529 ἀνθρωπίνης
3708 3451 3877 3517 δόξης

2268 3544 2430 3607 ἕνεκα,
2507 3540 2644 3615 μηδέ
2702 3540 2996 3606 ἓνδιδόντες
3052 3544 3152 3595 ὑπὸ
3209 3542 3464 3616 μαλακίας
3521 3547 3551 3602 ἣ
3610 3543 3878 3617 ῥαθυμίας

2268 3640 2374 3693 τοῖς
2404 3636 2600 3698 πόνοις,
2654 3629 2795 3706 μηδὲ
2854 3634 2924 3694 ὡς
2956 3631 3239 3705 ἀλλοτρίοις
3286 3639 3498 3704 σώμασι
3527 3637 3615 3683 καὶ
3667 3632 3877 3704 ψυχαῖς

2266 3723 2691 3795 ῦπηρετοῦμενοι,
2754 3720 2859 3775 ἀλλ’
2910 3724 2975 3782 ὡς
3031 3729 3267 3796 Χριστοῦ
3321 3718 3548 3786 δούλοις,
3586 3724 3656 3782 ὡς
3683 3723 3876 3792 ἠμετέ-

2264 3830 2376 3884 ροις
2404 3813 2450 3881 ⁷)
2482 3810 2829 3883 σπλάγχνοις,
2887 3812 2970 3863 ἶνα
3024 3814 3251 3883 καθαρόν
3285 3812 3428 3883 ὑμῶν
3480 3814 3535 3863 τό
3585 3814 3729 3885 ἔργον
3788 3815 3880 3863 καὶ

2266 3896 2453 3952 ἄδολον
2507 3898 2777 3973 ἀποφανθῇ
2827 3908 2898 3971 τῷ
2959 3901 3074 3969 θεῷ.
3108 3900 3515 3972 προφασιζέσθω
3570 3896 3629 3952 δε
3684 3896 3880 3971 μηδεὶς

2264 3993 2395 4065 πρὸς
2438 3989 2605 4041 καλῶν
2660 3992 2818 4061 ἔργων
2874 3985 3133 4055 σποῦδην,
3192 3992 3256 4050 ὡς
3310 3986 3568 4052 ἀδύνατος
3626 3989 3877 4042 ἐπιτελεῖν

2265 4081 2331 4130 τὰ
2380 4078 2616 4139 σώζοντα
2669 4082 2762 4135 τὴν
2814 4077 3022 4149 ψυχήν.
3077 4074 3200 4130 οῦδε
3255 4080 3355 4150 γὰρ
3403 4080 3427 4129 ό
3462 4080 3576 4139 θεὸς
3616 4075 3882 4131 ἀδνύοιτον

2267 4166 2527 4220 ἐπιτάττει
2576 4173 2685 4230 τοῖς
2732 4163 2959 4233 δούλοις,
3012 4165 3117 4219 ἀλλ’
3168 4167 3332 4229 οὕτως
3383 4166 3737 4238 ἕκκεχυμένην
3792 4173 3883 4220 καὶ

2264 4256 2522 4309 πλουσίαν
2577 4252 2740 4308 ἔδειξε
2787 4261 2878 4315 τὴν
2925 4254 3133 4327 ἀγάπην
3182 4261 3272 4309 καὶ
3309 4254 3613 4328 ἀγαθότητα
3652 4263 3743 4317 τῆς
3778 4258 3888 4310 θεό-

2265 4365 2445 4409 τητος,
2505 4348 2572 4407 ὡς
2630 4346 2834 4417 ἑκάστῳ
2890 4349 3024 4398 κατά
3081 4351 3138 4398 τό
3199 4345 3396 4418 θελημα
3464 4344 3773 4419 παρασχεῖν
3830 4350 3887 4399 τό

2264 4438 2509 4508 πράττειν
2531 4455 2582 4487 τι
2615 4432 2876 4488 δύνασθαι
2908 4434 3121 4508 ἀγαθόν,
3153 4440 3242 4487 καὶ
3272 4432 3474 4507 μηδένα
3504 4443 3602 4486 τῶν
3636 4432 3888 4495 σπουδὴν

2266 4524 2491 4595 ἐχοντων
2524 4526 2752 4583 σωθῆναι
2807 4521 3117 4597 διαμαρτεῖν
3149 4532 3239 4577 τοῦ
3267 4521 3531 4576 δύνασθαι
3570 4539 3584 4553 ⁸
3624 4524 3681 4584 ὃς
3706 4525 3753 4594 8)
3783 4527 3877 4593 ἄν,

2266 4634 2416 4687 φησι,
2449 4620 2687 4689 ποτίσῃ
2722 4622 3034 4690 ποτήριον
3075 4614 3336 4689 ψυχροῦ
3375 4619 3584 4686 μόνον,
3617 4613 3709 4676 εἰς
3752 4618 3885 4668 ὄνο-

2266 4724 2348 4777 μα
2378 4706 2696 4776 μαθητοῦ,
2732 4704 2896 4778 ἀμὴν
2940 4704 3101 4776 λέγω
3130 4705 3299 4777 ὑμῖν,
3329 4703 3397 4756 οῦ
3442 4706 3521 4775 μὴ
3555 4701 3878 4758 ἀπολέσει

1822 4842 2083 4899 VARIAE
2125 4846 2412 4905 LECTION
2422 4849 2523 4905 ES.

577 4934 853 5027 12:939le
880 4939 1050 5027 uncis
1081 4940 1339 5027 iqglESEP,
1372 4944 1433 5027 in
1464 4944 1669 5027 codice
1708 4945 1911 5027 blattis
1954 4965 2153 5027 paene
2171 4954 2517 5027 exstinctae,
2545 4954 2842 5027 probabili
2873 4971 2909 5011 a
2939 4953 3118 5011 nobis
3168 4954 3511 5027 coniectura
3534 4953 3594 5027 in
3646 4958 3892 5027 textum

503 5012 805 5099 restitutae
839 5015 1093 5099 suut.:
1122 5014 1165 5085 ²)
1215 5015 1479 5099 Emend.”
1535 5017 1692 5099 codd
1729 5012 2099 5099 χαίρεταῖητ
2198 5026 2470 5099 Emend..
2501 5012 2664 5099 cod.
2718 5027 2958 5099 γλυκεῖα.
2995 5058 3064 5099 A—
3102 5026 3156 5099 ‘)_
3186 5025 3391 5099 _C0ni.,
3452 5024 3585 5099 cod.
3637 5024 3892 5097 ἐφόῦτως

507 5076 812 5149 ἔφ’ὑψηλὴν·
840 5110 911 5125 -
942 5084 984 5153 ⁵)
1017 5076 1289 5155 Emend,
1322 5076 1875 5145 commitmaeai.
1909 5076 2047 5165 4°)
2075 5076 2486 5153 suam;
2516 5076 3105 5155 saeuissime.
3129 5076 3653 5154 ausisausis...
3671 5076 3892 5169 ’ρᾶέιῖἑ

3122 5188 3152 5226 η

509 5218 1515 5354 ἒξὲἰίὶἓξξῗδῗυὲἐὲ.ἲὲεέάρςριιὲρδίιί
1545 5231 1885 5292 coniectura
1912 5251 1947 5291 a
1974 5236 2151 5294 nobis
2184 5238 2244 5295 in
2294 5242 2519 5297 textum
2549 5242 2873 5298 restitutae.
2908 5271 2980 5284 —
3003 5241 3049 5314 ⁷)
3072 5218 3359 5314 ὑμετέροις,
3388 5258 3417 5297 η
3451 5253 3637 5311 supra
3666 5239 3879 5296 adscr.

506 5290 641 5348 ead.
668 5307 753 5348 m.
786 5294 900 5365 -⁸)
932 5297 1089 5365 Cor.,
1117 5290 1253 5354 cod.
1274 5297 1385 5361 Ὦς.

2060 5407 2307 5465 NOTAE.

602 5585 658 5657 2)
690 5587 734 5639 II
761 5588 891 5643 Cor.
926 5585 1095 5657 Vl,4.

606 5652 661 5729 3)
692 5658 887 5715 Matth.
922 5662 983 5730 Χ,
998 5652 1105 5721 ⁷42.

578 5509 661 5729 Et;
686 5511 733 5568 II
760 5515 889 5573 Cor.
927 5518 1031 5586 XII,
1062 5518 1095 5574 9
1120 5536 1212 5594 sq.

602 5585 635 5637 2
690 5587 734 5639 II
761 5588 891 5643 Cor.
926 5589 1011 5657 v1,
1040 5593 1095 5646 4.

590 5652 639 5729 ,3
692 5658 887 5715 Matth.
922 5662 983 5729 Χ,
1017 5662 1105 5721 42.

2370 5604 2426 5670 5)
2454 5605 2657 5663 Matth.
2692 5604 2783 5670 VI,
2810 5610 2865 5662 2.

2370 5534 2426 5672 4;
2464 5533 2667 5590 Matth.
2703 5534 2859 5601 XXV,
2891 5536 2980 5591 40.

2370 5609 2399 5660 5
2454 5605 2657 5663 Matth.
2692 5604 2783 5670 VI,
2810 5610 2865 5662 2.

2342 5533 2426 5748 ξέζ
2454 5533 2667 5663 mi:
2692 5534 2855 5670 i‘I’f‘ét

2367 5676 2421 5749 ο)
2451 5676 2653 5736 Matth.
2683 5676 2779 5745 VI,
2804 5678 2855 5734 ι.
