4058 6194
202 281 306 341 Mt

1720 276 2127 340 EPISTOLAE.

3516 254 3623 348 442

207 414 316 461 τὸν
347 410 590 481 μισθόν
620 407 847 461 αὑτοῦ·
878 410 931 460 τί
960 414 1055 469 τῆς
1083 405 1290 467 ἐντολῆς
1314 406 1509 467 ταύτης
1534 402 1814 459 δυνατώτε-

1929 408 2251 477 fugientem
2271 423 2380 464 nos
2402 408 2676 478 gloriam,
2696 409 2861 467 illam
2888 426 3029 467 vero
3054 412 3244 469 solam
3270 428 3582 485 quaerere,

214 518 307 575 ρον
335 515 348 564 ;
403 497 606 572 ψυχρῷ
652 500 884 571 ποτηρίῳ
913 498 1103 569 μισθὸς
1133 496 1436 570 ἐπουράνιος
1479 495 1652 547 ἕπεται
1682 512 1695 525 '
1727 500 1816 549 καὶ

218 606 312 659 μοι
340 592 527 639 σκόπει
566 593 659 647 τῆς
707 584 1093 658 φιλανθρωπίας
1139 588 1197 636 τὸ
1245 584 1463 657 ἄμετρον
1494 603 1505 615 ·
1532 582 1613 655 ἐφ’
1664 586 1816 636 ὅσον

202 674 293 728 ἑνὶ
326 677 598 739 τούτων,
628 678 808 746 φησίν,
843 672 1225 740 ἐποιήσατε,
1257 673 1408 746 ἐμοὶ
1437 671 1812 731 ἐποιήσατε.

199 768 255 815 τὸ
310 768 404 835 μὲν
449 766 715 835 ἐπίταγμα
761 767 966 838 μικρὸν,
1018 766 1075 815 τὸ
1122 760 1180 815 δὲ
1223 770 1313 823 τῆς
1357 763 1592 823 ὑπακοῆς
1632 758 1816 835 κέρδος

198 853 350 919 πολύ,
431 858 521 905 καὶ
596 854 740 926 παρὰ
817 854 911 923 θεῷ
988 852 1245 912 πλουσίως
1316 847 1812 923 ἀνταποδιδόμενον.

1927 498 2098 552 cuius
2132 514 2326 570 neque
2361 498 2739 570 pulchritudo
2772 500 2885 555 dici
2924 517 3115 573 neque
3158 502 3295 557 ﬁnis
3333 504 3585 560 inveniri

1928 592 2136 657 potest,
2164 603 2269 657 per
2293 603 2480 659 quam
2509 593 2564 642 et
2592 589 2702 659 ipsi
2735 590 3064 661 poterimus
3098 592 3422 663 participes
3459 593 3587 648 ﬁeri

1927 674 2318 730 ineffabilium
2355 676 2590 731 illorum
2630 678 3048 748 mysteriorum
3088 680 3145 735 in
3182 680 3413 736 Christo
3447 682 3589 738 Jesu

1929 763 2184 819 Domino
2221 772 2443 833 nostro,
2477 766 2567 821 cui
2600 766 2789 838 gloria
2816 767 2872 822 in
2907 768 3147 825 saecula
3180 770 3583 827 saeculorum.

1928 854 2139 909 Amen.

200 944 334 996 ὥστε
383 938 537 995 ούόεν
589 943 717 1012 ὑπὲρ
778 938 999 1013 δύναμιν
1043 939 1271 994 ἀπαιτεῖ.
1324 938 1451 993 ἀλλὰ
1502 942 1596 992 κᾶν
1648 944 1834 1015 μικρὸν
1887 943 1981 993 κᾶν
2029 946 2163 1014 μέγα
2224 950 2406 1006 ποιεῖς,
2462 944 2639 995 ἕπεταί
2696 963 2780 996 σοι
2846 946 2982 997 κατὰ
3040 951 3133 1004 τὴν
3190 953 3492 1022 προαίρεσιν
3559 950 3586 1001 ὁ

204 1034 394 1105 μισθός
428 1050 441 1061 ο
482 1033 567 1083 ἐὰν
618 1034 709 1103 μὲν
757 1033 857 1105 γὰρ
910 1030 981 1092 εἰς
1035 1034 1198 1102 ὄνομα
1250 1034 1340 1081 καὶ
1406 1028 1557 1100 φόϐον
1618 1032 1754 1093 θεοῦ,
1830 1030 2045 1106 λαμπρὰ
2099 1036 2187 1084 καὶ
2264 1031 2599 1104 ἀναφαίρετος
2660 1029 2808 1090 ἦλθεν
2883 1035 2913 1092 ἡ
2977 1031 3184 1109 δωρεά·
3248 1034 3331 1088 ἐὰν
3389 1034 3448 1090 δὲ
3521 1039 3591 1099 εἰς

210 1118 457 1183 επίδειξιν
506 1125 597 1173 καὶ
644 1117 800 1183 δόξαν
849 1118 1152 1194 ἀνθρώπων,
1202 1121 1427 1171 ἄκουσον
1483 1118 1729 1192 ὀμνύντος
1779 1119 1940 1172 αὐτοῦ
1994 1128 2085 1173 τοῦ
2135 1126 2357 1193 κυρίου·
2411 1126 2578 1193 ἀμὴν
2632 1122 2791 1193 λέγω
2846 1124 3020 1193 ὑμῖν,
3083 1123 3417 1196 ἀπέχουσι
3483 1130 3589 1178 τὸν

212 1212 442 1281 μισθὸν
476 1210 591 1261 at}?
612 1217 688 1260 ῶν
718 1227 730 1237 ⁶

794 1210 876 1260 ἵνα
928 1205 1016 1261 οὖν
1078 1213 1149 1280 μὴ
1213 1216 1367 1261 τοῦτο
1421 1209 1684 1280 πάθωμεν,
1752 1209 2097 1284 παραγγελλει
2156 1218 2260 1271 τοῖς
2320 1212 2577 1281 μαθηταῖς
2645 1211 2825 1277 αὐτοῦ,
2884 1217 2972 1263 καὶ
3030 1207 3101 1263 δι’
3163 1212 3363 1265 ἐκείνων
3418 1216 3583 1286 ἡμῖν·

205 1297 439 1371 βλέπετε,
498 1304 570 1370 μὴ
632 1305 813 1357 ποιῆτε
869 1302 960 1356 τὴν
1021 1297 1371 1369 ἐλεημοσύνην
1446 1298 1586 1370 ὑμῶν
1661 1298 1691 1356 ἣ
1749 1302 1841 1357 τὴν
1899 1299 2063 1370 εὐχὴν
2138 1303 2167 1356 ἦ
2230 1304 2316 1357 τὴν
2374 1305 2616 1357 νηστείαν
2675 1301 2815 1372 ὑμῶν
2872 1303 3158 1375 ἔμπροσθεν
3210 1311 3310 1354 τῶν
3387 1301 3587 1374 ἀνθρώ-

206 1408 351 1442 πων.
386 1388 441 1440 εἰ
472 1384 753 1459 δεμήγε,
786 1387 1164 1460 μισθόνούκ
1195 1389 1386 1458 ἔχετε
1425 1388 1609 1460 παρὰ
1638 1394 1719 1457 τῷ
1757 1393 1967 1463 πατρὶ
2007 1390 2281 1459 ύμώντῷ
2314 1386 2376 1439 ἐν
2414 1395 2564 1450 τοῖς
2604 1389 2947 1462 οὐρανοῖς
2982 1390 3585 1463 οὖτωςάποστρέφεσθαι

199 1478 392 1530 κελεύει
444 1482 535 1530 καὶ
593 1480 794 1549 φεύγειν
848 1480 968 1537 τούς
1023 1479 1238 1537 θνητούς
1293 1478 1511 1536 τούτους
1566 1480 1655 1527 καὶ
1714 1479 1855 1547 παρὰ
1912 1479 2105 1535 θνητῶν
2156 1478 2415 1545 ἐπαίνους,
2482 1482 2572 1529 καὶ
2631 1482 2723 1535 τὴν
2781 1483 3166 1551 μαραινομένην
3215 1484 3303 1531 καὶ
3359 1483 3578 1551 φεύγου-

204 1587 299 1619 σαν
328 1569 377 1637 1)
428 1568 569 1639 ἡμᾶς
614 1562 796 1631 δόξαν,
829 1568 1001 1629 ζητεῖν
1061 1561 1119 1618 δε
1170 1570 1322 1637 μόνον
1354 1563 1570 1629 ἐκείνην,
1597 1565 1660 1625 ἧς
1694 1566 1735 1636 1|)
1782 1563 1907 1618 ούδέ
1944 1566 2124 1627 καλλος
2152 1568 2291 1618 ἔστιν
2321 1566 2477 1618 εἰπεῖν
2535 1563 2658 1618 οὐδὲ
2708 1568 2751 1637 ³)
2807 1572 2966 1641 πέρας
3012 1570 3195 1641 εὑρεῖν,
3262 1565 3334 1621 δι’
3390 1570 3453 1631 ἧς
3497 1573 3588 1623 καὶ

204 1657 359 1708 αὐτοὶ
404 1653 747 1727 δυνησόμεθα
790 1662 971 1727 τυχεῖν
1028 1663 1128 1706 τῶν
1174 1654 1407 1730 ἀρρήτων
1462 1659 1767 1728 μυστηρίων
1823 1653 2050 1721 ἐκείνων,
2104 1654 2151 1707 ἐν
2209 1663 2425 1730 Χριστῷ
2478 1653 2657 1715 Ἰησοῦ
2713 1665 2785 1727 τῷ
2832 1662 2996 1733 κυρίῳ
3056 1660 3218 1730 ἡμῶν,
3276 1660 3314 1729 ᾦ
3380 1660 3410 1716 ἡ
3462 1655 3594 1721 δόξα

207 1746 272 1806 εἰς
298 1750 423 1809 τοὺς
446 1746 641 1808 αἰῶνας
664 1754 763 1798 τῶν
791 1750 990 1797 αιώνων
1016 1761 1027 1774 ·
1064 1743 1221 1817 ἀμήν.

1559 1859 1814 1915 VARIAE
1856 1858 2258 1917 LECTIONES.

288 2006 330 2077 ³)
359 2004 453 2061 Sic
477 1976 623 2062 cod.
656 2035 726 2045 —
752 2006 799 2073 ³)
825 2006 1009 2074 Corr.,
1038 2002 1172 2059 cod.
1205 2001 1287 2061 ἣν.
1330 2033 1397 2043 --
1428 2002 1473 2073 ³)
1507 2001 1596 2058 Sic
1626 2001 1758 2058 cod.
1792 1998 1916 2056 οὐδὲ
1946 2000 2175 2056 -ούδὲ.
2208 2005 2375 2059 Forte
2400 2004 2823 2074 corrigendum
2858 2007 2975 2057 οὔτε
3007 2036 3071 2047 -
3094 2008 3229 2060 οὔτε.

1824 2416 1993 2511 III.

831 2629 1356 2721 EPISTOLA
1440 2630 1997 2720 CUIUSDAM
2083 2633 2413 2721 BEATI
2498 2634 2965 2723 MACARII

1473 2826 1551 2872 UT
1596 2826 1857 2872 VIDETUR
1908 2826 2317 2873 ALEXANDRINI
2328 2859 2341 2872 .

871 3069 1044 3120 Lucae
1076 3069 1337 3120 Holstenii
1372 3068 1541 3119 codex
1570 3068 1894 3133 Regularum
1930 3072 2200 3134 Augustae
2225 3070 2435 3119 Vindel.
2470 3071 2589 3119 1759
2616 3070 2679 3124 Τ.
2710 3071 2750 3127 l,
2783 3086 2840 3134 p.
2878 3072 2955 3120 21.

276 3188 467 3239 Exstat
497 3187 629 3237 haec
664 3185 891 3298 epistola
912 3186 966 3234 in
997 3184 1129 3235 Bibl.
1152 3185 1524 3248 Burgundicae
1543 3184 1899 3245 Bruxeliensis
1923 3185 2023 3234 cod
2049 3200 2149 3234 ms.
2186 3185 2253 3233 N°
2285 3186 2436 3236 15010
2476 3186 2709 3237 chartae.
2733 3186 2885 3237 Saec.
2923 3189 3013 3237 XV
3038 3188 3129 3238 fol.
3162 3189 3240 3245 67,
3263 3189 3308 3238 2.
3347 3188 3618 3241 Codicem-

276 3252 345 3298 lin
374 3250 678 3298 conferrem
740 3247 960 3298 ruxellis
987 3261 1208 3298 versans
1240 3247 1528 3298 impeditus
1558 3260 1692 3296 sum.
1722 3247 1797 3297 Cf.
1826 3247 2199 3297 Pamonsam
2223 3262 2386 3298 sunra
2418 3248 2517 3298 col.
2557 3251 2774 3298 403-404.

217 3252 345 3316 quin
374 3250 678 3303 conferrem

740 3247 960 3298 ruxellis
987 3261 1208 3298 versans
1240 3244 1692 3311 impeditussum.
1722 3247 1797 3297 Cf.
1826 3247 2199 3297 Pamonsam
2223 3262 2386 3312 supra
2418 3248 2517 3299 col.
2557 3251 2774 3299 403-404.

190 3563 675 3634 Incipitepistola
691 3558 1308 3619 beatiMachariidata
1321 3559 1847 3631 admonere/103(1).
1882 3562 1928 3617 Α
1958 3560 2325 3617 absconsum
2358 3578 2620 3634 namque
2653 3562 2713 3619 in
2744 3563 2826 3618 eis
2848 3568 2936 3619 est
2961 3577 3258 3619 venenum
3288 3562 3617 3621 bestiarum

257 3654 587 3721 Lignorum
606 3650 780 3721 copia
795 3651 1095 3718 ingentem
1110 3649 1323 3704 excitat
1340 3648 1680 3715 ﬂammam,
1698 3649 1851 3704 mul-

191 3741 378 3797 titudo
435 3746 641 3796 autem
691 3754 970 3794 escarum
1020 3738 1231 3793 emittit
1277 3738 1847 3809 concupiscentiam.

191 3831 451 3885 Pessima
492 3827 979 3899 concupiscentia
1033 3842 1311 3881 escarum
1363 3831 1418 3882 et
1465 3826 1846 3883 inobedienta

198 3925 439 3988 generat
480 3924 756 3973 mortem.
799 3917 1076 3986 [ndigens
1116 3922 1319 3971 venter
1369 3917 1427 3971 in
1476 3916 1848 3971 orationibus

193 4008 563 4078 vigilantiam
591 4010 851 4077 praestat
877 4011 932 4060 et
954 4020 1239 4061 coronam
1282 4005 1522 4060 animae
1575 4004 1848 4076 acquirit,

190 4098 448 4167 repletus
510 4099 713 4151 autem
772 4110 1053 4149 somnum
1114 4094 1344 4149 inducit
1400 4093 1845 4163 gravissimum.

189 4186 404 4242 Oculus
460 4183 658 4255 gulosi
708 4183 980 4240 convivia
1031 4186 1348 4249 scrutatur,
1390 4183 1600 4238 oculus
1649 4189 1849 4240 autem

190 4275 532 4347 sapientum
568 4273 889 4329 meditatur
919 4272 1367 4328 continentiam.
1405 4272 1849 4328 Formidolosus

190 4364 353 4420 miles
390 4362 687 4420 horrescit
725 4362 803 4418 ad
836 4361 1042 4417 tubam
1081 4376 1238 4432 quae
1277 4360 1497 4417 bellum
1530 4360 1847 4431 signiﬁcat,

187 4458 237 4508 et
253 4452 527 4525 gulosus,
561 4451 609 4506 si
642 4450 1067 4506 abstinentiam
1093 4450 1540 4521 praedicantem
1573 4449 1847 4516 audierit,

186 4557 303 4598 non
342 4542 601 4598 libenter
639 4538 954 4596 auscultat.
1011 4538 1283 4594 Flamma
1326 4554 1461 4594 cum
1512 4541 1846 4609 marcescit,

189 4629 468 4686 elucescit
520 4630 732 4685 iterum
795 4628 842 4683 si
897 4627 1191 4697 acceperit
1254 4626 1506 4697 lignum,
1555 4634 1609 4683 et
1667 4626 1849 4686 libido

193 4719 384 4791 sopita
409 4733 659 4774 rursum
683 4716 893 4772 crescit
912 4716 970 4770 in
1004 4715 1333 4772 saturitate.
1359 4718 1486 4773 Non
1510 4718 1848 4774 miserearis

1959 3650 2418 3721 nequissimum.
2480 3651 2663 3721 Magis
2725 3654 3151 3724 appropinqua
3193 3652 3316 3722 igni
3358 3654 3613 3721 ardenti,

1958 3754 2142 3809 quam
2175 3739 2411 3794 mulieri
2438 3739 2725 3795 novellae.
2755 3743 2901 3795 Cum
2936 3740 3016 3794 sis
3052 3741 3305 3805 iuvenis,
3340 3741 3475 3813 fuge
3512 3744 3620 3797 im-

1959 3832 2161 3897 petum
2190 3826 2454 3882 libidinis
2496 3833 2553 3883 et
2592 3827 3137 3882 confabulationem
3182 3828 3463 3883 mulieris.
3508 3830 3619 3893 Qui

1960 3914 2335 3986 repleverunt
2388 3922 2672 3980 ventrem,
2715 3920 2772 3970 et
2812 3916 3218 3986 promiserunt
3257 3916 3616 3985 castitatem,

1959 4004 2069 4059 sibi
2103 4005 2486 4059 mentiuntur.
2522 4006 2732 4060 Forma
2754 4003 3216 4073 pulchritudinis
3237 4005 3405 4075 peius
3427 4021 3615 4077 quam

1959 4093 2220 4166 procella
2275 4092 2623 4165 submergit.
2686 4094 2921 4165 Species
2976 4093 3262 4160 mulieris,
3321 4094 3371 4149 si
3432 4095 3619 4152 semel

1960 4187 2219 4238 mentem
2252 4182 2611 4248 contriverit,
2641 4183 2819 4238 etiam
2852 4184 3042 4253 ipsam
3071 4188 3328 4239 mentem
3355 4189 3621 4241 contem-

1958 4288 2097 4328 nere
2125 4272 2463 4344 persuadet.
2490 4274 2555 4328 Ut
2580 4272 2761 4338 enim,
2794 4272 2840 4327 si
2870 4272 3057 4345 paleis
3079 4278 3410 4329 remoretur
3439 4274 3616 4345 ignis,

1958 4363 2174 4417 excitat
2187 4361 2522 4428 ﬂammam;
2546 4362 2628 4417 sic
2645 4362 2935 4418 memoria
2969 4360 3231 4418 mulieris
3253 4379 3615 4435 permanens

1958 4450 2263 4506 succendit
2304 4451 2949 4522 concupiscentiam.Ut
2985 4452 3145 4507 enim
3186 4452 3492 4509 cumulata
3511 4469 3618 4511 na-

1960 4539 2045 4593 vis
2082 4545 2385 4595 undarum
2425 4540 2544 4595 ictu
2582 4538 2873 4603 obruitur,
2918 4540 3000 4593 sic
3054 4539 3245 4596 multa
3301 4541 3616 4612 possidens

1960 4628 2291 4683 monachus
2321 4643 2442 4684 non
2484 4627 2831 4685 salvabitur.
2864 4627 3019 4683 Nihil
3058 4628 3377 4698 possidens
3409 4646 3617 4688 mona-

1957 4717 2107 4772 chus
2140 4716 2359 4773 athleta
2380 4716 2828 4789 insuperabilis,
2860 4716 3005 4771 nihil
3048 4716 3373 4788 possidens
3404 4734 3611 4777 mona-

192 4808 440 4879 corpori,
462 4807 513 4862 si
545 4804 1187 4862 lassitudinedefecerit
1214 4821 1226 4859 :
1258 4820 1450 4877 equus
1466 4806 1845 4863 consentiens
1884 4799 1929 4855 Β
1958 4806 2106 4862 chus
2134 4820 2345 4861 cursor
2368 4805 2533 4870 levis,
2568 4805 2848 4861 velociter
2869 4804 2947 4860 ad
2971 4804 3243 4861 bravium
3276 4805 3609 4864 vocationis

194 4893 462 4966 indigens
492 4910 717 4968 corpus
753 4909 862 4951 nec
896 4909 1279 4952 ascensorem
1318 4894 1515 4951 deiicit
1555 4911 1844 4967 unquam.

193 4983 687 5058 Concupiscentia
718 4983 892 5054 gulae
928 4988 1121 5040 mater
1165 4988 1258 5040 est
1299 4983 1599 5039 libidinis.
1637 4983 1846 5041 Oleum

195 5073 368 5129 nutrit
392 5072 686 5145 lampada
719 5072 1000 5129 lucernae
1031 5076 1086 5129 et
1115 5073 1315 5142 ignem
1340 5072 1677 5130 reaccendit
1706 5088 1846 5130 con-

196 5160 472 5219 fabulatio
516 5160 802 5218 mulieris.
834 5162 1039 5219 Facies
1073 5162 1336 5218 mulieris
1366 5162 1580 5232 sagitta
1612 5166 1700 5218 est
1723 5166 1843 5219 tru-

196 5250 439 5321 culenta,
455 5250 880 5322 inﬁgitvnlnus
906 5251 967 5308 in
988 5251 1280 5309 animam.
1302 5253 1679 5309 Utvenenum
1702 5250 1841 5321 fuge

198 5340 740 5399 oonfabulationem
759 5340 1045 5409 mulieris,
1076 5342 1128 5398 si
1142 5346 1345 5399 castus
1370 5355 1506 5398 esse
1531 5339 1789 5397 volueris
1822 5357 1836 5408 ;

1957 4894 2241 4968 pervenit.
2265 4898 2492 4951 Avarus
2513 4895 2849 4951 monachus
2873 4894 3109 4966 operari
3139 4893 3387 4963 negligit
3413 4910 3428 4961 ;
3461 4894 3612 4953 nihil

1953 4984 2268 5054 possidens
2295 4983 2631 5040 monachus
2654 4986 2792 5055 post
2808 4998 2962 5054 opus
2982 4982 3361 5038 moderatum
3390 4984 3610 5041 oratio-

1953 5072 2129 5130 nibus
2146 5079 2201 5129 et
2229 5072 2583 5129 lectionibus
2612 5076 2803 5128 vacat.
2835 5074 3069 5127 Avarus
3096 5071 3449 5141 zmonachus
3480 5072 3609 5130 the-

1951 5163 2212 5219 saurizat
2241 5161 2357 5218 sibi
2382 5161 2532 5217 iram
2563 5160 2619 5216 in
2653 5161 2748 5217 die
2782 5159 3022 5216 ultionis
3057 5176 3070 5226 ;
3103 5159 3250 5215 nihil
3284 5159 3604 5231 possidens

1950 5251 2285 5307 monachus
2331 5250 2686 5306 thesaurizat
2724 5249 2784 5305 in
2824 5248 2990 5305 coelo
3038 5252 3095 5304 et
3141 5247 3311 5304 dabit
3356 5248 3601 5307 laudem

1949 5356 2088 5397 cum
2127 5338 2355 5413 angelis
2392 5340 2529 5397 Deo.
2572 5338 2850 5397 Gloriatio
2890 5336 3171 5395 monachi
3208 5336 3494 5409 patientia
3540 5337 3604 5396 in

1762 5464 2017 5523 NOTAE.

264 5590 338 5662 (ί)
374 5592 467 5650 Sic
502 5588 849 5652 inscribitur
875 5588 1132 5667 epistola
1157 5590 1217 5650 in
1257 5588 1390 5652 cod.
1448 5606 1563 5650 ms.
1618 5588 1977 5650 Bruxellensi
2024 5590 2112 5648 N°.
2168 5589 2357 5649 t5010.
2414 5591 2631 5649 Vocem
2694 5587 2909 5662 Incipit
2962 5603 3085 5649 om.
3140 5588 3244 5651 Ed.
3288 5588 3600 5651 Holstenii.

204 5677 346 5737 Emr.
