4086 6194
438 241 542 296 443

1718 228 1771 282 S.
1817 225 1916 280 MA
1929 222 2125 281 GABII
2166 218 2505 280 AEGYPTII

3753 222 3857 280 444

439 360 920 418 tribulationibus
939 355 1372 414 eius.Gloriatio
1388 351 2090 421 monachilonganimitas
2131 349 2176 402 Α
2206 363 2367 402 suae.
2401 346 2817 418 Sicutpondus
2851 347 2992 402 salis
3023 347 3860 418 deprimitviruminﬁrmum,

439 468 577 507 cum
607 451 913 506 charitate.
949 447 1223 503 Gloriatio
1257 444 1535 500 monachi
1571 442 1764 497 nullas
1786 458 1878 495 res
1920 456 2091 510 prae-

442 542 623 596 sentis
663 540 816 593 vitae
857 535 1186 609 possidere.
1229 533 1507 589 Gloriatio
1549 529 1825 586 monachi
1857 527 2092 596 vigiliae

442 635 499 686 et
536 631 709 684 tletus
746 630 803 683 in
846 626 1230 682 orationibus.
1276 621 1556 679 Gloriatio
1601 618 1882 674 monachi
1925 633 2095 672 man-

443 720 699 774 suetudo
743 725 798 773 et
855 715 1049 771 cordis
1110 713 1430 768 silentium.
1476 709 1751 765 Gloriatio
1795 705 2094 768 monachi,

444 808 695 881 quando
723 806 1042 862 Dominum
1067 820 1139 858 ex
1174 808 1290 857 toto
1313 800 1491 855 corde
1513 798 1802 863 dilexerit,
1827 801 1880 851 et
1902 795 2097 867 proxi-

445 914 615 953 mum
649 912 825 951 suum
857 904 1145 965 tanquam
1174 891 1465 961 seipsum.
1499 887 1780 943 Gloriatio
1819 884 2097 940 monachi

447 985 813 1042 abstinentia
854 997 1126 1038 escarum
1176 986 1230 1034 et
1282 995 1352 1032 ea
1412 976 1788 1046 multiloquio
1837 974 2097 1042 linguae.

448 1074 730 1134 Gloriatio
763 1069 1064 1134 monachi,
1098 1067 1346 1139 quando
1374 1065 1714 1137 proximum
1745 1079 1920 1116 suum
1953 1061 2102 1115 sicut

451 1171 714 1240 seipsum
742 1163 975 1234 patitur.
1008 1157 1281 1213 Gloriatio
1312 1153 1609 1222 monachi,
1644 1150 1890 1223 quando
1922 1149 2103 1240 verba

451 1238 576 1315 eius
595 1252 875 1325 operibus
889 1245 1524 1303 consonant.Gloriatio
1541 1240 1842 1302 monachi,
1856 1238 2104 1311 quando

450 1349 508 1403 in
534 1346 665 1400 loco
694 1356 801 1394 suo
837 1341 1143 1409 permanet
1170 1341 1225 1388 et
1255 1335 1370 1388 huc
1403 1332 1660 1400 illucque
1685 1344 1805 1383 non
1828 1334 2103 1395 vagatur.

452 1431 730 1491 Gloriatio
774 1425 1051 1482 monachi
1087 1420 1530 1490 longanimitas.
1575 1418 1737 1471 Sicut
1775 1415 2010 1485 lampas
2049 1415 2109 1469 in

451 1525 582 1580 loco
628 1518 958 1578 tenebroso,
1003 1514 1150 1567 sicut
1191 1510 1278 1565 sol
1319 1510 1585 1574 radians,
1641 1506 1722 1560 sic
1775 1503 2108 1559 monachus

454 1616 650 1669 mente
679 1607 882 1662 sobria
912 1609 966 1657 et
997 1601 1173 1656 corde
1206 1597 1473 1671 pervigili
1516 1597 1575 1650 in
1619 1599 1884 1665 tempore
1905 1593 2109 1648 salutis

2205 435 2288 490 sic
2329 451 2581 491 somnus
2623 436 3010 491 monachum.
3058 438 3216 492 Sicut
3279 437 3492 508 spinae
3552 441 3608 492 et
3666 437 3864 493 tribuli

2205 541 2351 594 agro
2382 525 2607 595 opimo,
2629 525 2713 579 sic
2744 531 2798 580 et
2829 526 3219 596 cogitationes
3251 532 3456 596 turpes
3481 526 3777 598 pessimae
3806 529 3866 582 in

2204 613 2383 668 corde
2425 613 2721 667 monachi.
2765 613 2927 669 Sicut
2968 615 3124 669 tinea
3165 615 3518 670 exterminat
3557 617 3870 671 vestimen-

2207 707 2353 764 tum,
2396 702 2480 755 sic
2522 702 2935 757 distractiones
2975 703 3242 758 animam
3300 703 3601 758 monachi.
3645 702 3768 759 Noli
3815 713 3868 760 te

2206 791 2350 845 dare
2378 791 2447 845 ad
2480 790 2847 862 colloquium
2881 791 3220 858 mulierum,
3251 808 3323 846 ne
3346 793 3456 847 ﬁas
3482 799 3802 863 separatus
3833 810 3871 849 a

2208 895 2393 948 regno
2427 881 2523 934 Dei
2557 896 2571 945 ;
2605 885 2659 935 et
2681 897 2753 934 ne
2780 880 2916 935 velis
2943 881 3138 936 dicere
3169 897 3180 934 :
3214 881 3426 952 loquar
3451 898 3588 937 cum
3621 881 3872 938 muliere

2209 968 2550 1024 etmundus
2583 985 2736 1023 sum.
2780 970 3100 1024 Monachus
3140 971 3377 1041 sapiens
3420 971 3544 1025 suis
3585 971 3871 1026 manibus

2211 1063 2490 1129 operatur
2529 1063 2585 1112 et
2623 1059 2841 1113 victum
2884 1058 2991 1113 sibi
3044 1060 3466 1131 quotidianum
3516 1061 3771 1131 acquirit
3819 1068 3876 1116 et

2211 1148 2475 1204 lucratus
2506 1157 2592 1200 est
2613 1147 2913 1202 orationes
2945 1154 3000 1202 et
3028 1148 3253 1203 ieiunia
3279 1165 3388 1204 sua
3429 1167 3442 1214 ;
3486 1149 3534 1204 si
3564 1155 3767 1204 autem
3796 1150 3873 1205 ab

2215 1235 2331 1292 alio
2371 1236 2663 1305 acceperit
2703 1237 2944 1300 victum,
2987 1237 3130 1308 quid
3164 1239 3405 1307 prodest
3443 1238 3604 1308 quod
3645 1245 3778 1294 orat
3817 1245 3876 1295 et

2215 1324 2420 1393 vigilat
2447 1325 2474 1377 ‘I
2504 1325 2662 1379 Sicut
2701 1326 3102 1379 mercenarius
3141 1325 3336 1380 malus
3377 1327 3577 1380 nudus
3616 1327 3816 1382 evadit
3857 1345 3872 1394 ;

2217 1414 2360 1485 quia
2374 1414 2659 1483 scriptum
2675 1420 2788 1468 est:
2809 1414 3021 1469 Melius
3034 1420 3116 1470 est
3133 1415 3279 1469 dare
3293 1431 3470 1486 quam
3484 1417 3754 1485 accipere
3768 1417 3875 1485 (2).

2221 1503 2332 1568 Qui
2372 1502 2538 1571 legis,
2582 1503 2840 1572 intellige
2871 1503 2928 1556 in
2991 1504 3242 1558 Domino
3295 1519 3555 1576 semper.
3596 1505 3877 1572 Explica

2222 1592 2460 1660 epistola
2479 1591 2631 1647 beati
2643 1591 2940 1648 Macharii
2952 1591 3182 1648 abbatis
3195 1592 3336 1648 data
3348 1594 3430 1649 ad
3441 1595 3841 1665 monac/105(3)
3854 1637 3869 1649 .
3895 1622 3899 1626 -

2025 1717 2276 1772 NOTAE.

533 1831 612 1900 (2)
662 1830 782 1882 Act.
811 1843 910 1900 xx,
941 1829 1030 1900 g5.

657 1900 745 1956 Sic
771 1884 906 1954 cod;
940 1891 1336 1951 Bruxellensis
1362 1912 1379 1958 ;
1403 1889 1633 1946 abbatis
1660 1888 1805 1942 data
1834 1885 1914 1943 ad
1942 1884 2264 1941 monachos
2289 1901 2410 1941 om.
2448 1885 2550 1940 Ed.
2581 1884 2880 1941 Holstenii.
2912 1885 3061 1941 EDIT.

457 2063 3874 2096 _———————-——_————'—'———_————_—————

2084 2247 2236 2336 IV.

1486 2473 2004 2563 EPISTOLA
2093 2470 2841 2561 SUPPOSITICIA

851 2683 957 2740 sub
985 2680 1222 2736 nomine
1253 2675 1558 2734 Μαι-ἡαγῆ
1585 2690 1619 2731 a
1650 2671 2004 2730 Petitdidier
2033 2672 2212 2737 edita,
2244 2671 2325 2728 ad
2354 2672 2528 2740 ﬁdem
2553 2671 2817 2727 codicum
2850 2671 2944 2728 hic
2971 2671 3164 2729 denuo
3194 2683 3489 2729 excussa.‘

534 2936 659 2987 Cod.
695 2950 793 2983 ms.
827 2933 956 2982 Bibl.
985 2932 1130 2981 Caes.
1170 2927 1559 2980 Vindob.4800,
1592 2924 1718 2973 olim
1748 2923 1866 2972 cod.
1896 2922 2057 2971 theol.
2086 2924 2194 2987 361.
2221 2921 2754 2987 meinbranac:_$aec.
2787 2922 2900 2970 XIV
2930 2921 3024 2974 fol.
3097 2956 3110 2968 .
3181 2959 3192 2970 .
3263 2960 3274 2970 .
3346 2959 3358 2971 .
3428 2961 3438 2971 .
3509 2960 3522 2972 .
3592 2961 3603 2971 .
3676 2961 3686 2972 .
3764 2963 3776 2973 .
3850 2934 3890 2975 Α

535 2984 659 3050 éod.
691 3012 789 3046 ms.
829 2996 955 3044 Bibl.
995 2991 1365 3054 Burgundicae
1406 2987 1762 3054 Bruxeliensis
1793 2987 2037 3054 13315011
2074 2985 2306 3054 chartae.
2363 2985 2508 3033 Saec.
2541 2984 2631 3032 XV
2673 2984 2767 3038 fol.
2845 3022 2855 3033 .
2927 3021 2937 3031 .
3011 3021 3022 3032 .
3095 3021 3106 3032 .
3177 3020 3189 3032 .
3261 3022 3271 3032 .
3345 3022 3355 3032 .
3429 3023 3439 3032 .
3511 3023 3521 3032 .
3592 3021 3605 3034 .
3679 3023 3690 3034 .
3769 3025 3781 3035 .
3857 2989 3892 3054 β

535 3047 708 3112 Εᾶἱῐίο
745 3057 1052 3109 l’etitdidier
1087 3047 1267 3107 e'cod.
1311 3067 1408 3100 ms.
1446 3051 1691 3101 abbatiae
1722 3049 1778 3098 S.
1817 3049 1996 3097 Vitoni
2022 3047 2283 3097 adornata

540 3195 741 3246 Prodiit
766 3192 990 3256 epistola
1024 3190 1153 3257 haec
1180 3204 1207 3257 e
1232 3201 1328 3257 ms.
1355 3186 1471 3257 cod‘.
1509 3181 1833 3257 agmine-‘3
1870 3182 2067 3257 νηοηρ
2098 3180 2620 3257 i_S'-\/:anne)nin.li‘bro
2653 3181 2744 3257 qu'i
2776 3180 3102 3257 inscribitur“
3118 3198 3133 3230 :
3157 3182 3473 3257 femqtques
3498 3195 3587 3230 sur
3607 3183 3656 3257 lg
3689 3183 3877 3257 bibtig-

477 3243 768 3323 thequedes
788 3243 993 3323 duteurs
1020 3247 1611 3323 ecclesiastigufsﬂemM.‘
1631 3245 1854 3323 DuoPiIn,
1885 3260 1982 3323 par
2008 3243 3034 3323 DLMatbieu-Ret'ildidierinf’aris,1692.
3063 3244 3119 3292 Τ.
3157 3244 3196 3292 ΙΙ
3226 3259 3278 3308 p.
3303 3243 3394 3293 220
3424 3258 3575 3310 seqq.
3611 3247 3798 3296 Exstat
3826 3248 3878 3296 in

473 3307 598 3375 66d.
633 3324 674 3368 A
702 3320 792 3368 fol.
826 3320 932 3376 146,
969 3318 1034 3371 2;
1068 3317 1119 3362 in
1148 3314 1264 3362 cod.
1296 3307 1329 3359 Β
1357 3311 1445 3359 fol.
1479 3311 1556 3364 68,
1595 3310 1639 3356 t.
1673 3307 1748 3357 cr.
1788 3308 2161 3356 Pannoniis.
2196 3319 2360 3370 supra
2381 3307 2486 3358 col.
2525 3307 2760 3356 tos-404.

544 3533 750 3606 Incipit
779 3528 1030 3602 epistola
1069 3525 1226 3582 beati
1259 3525 1275 3560 ¹
1311 3522 1584 3580 Macharii
1614 3521 1691 3578 ad
1726 3520 2058 3576 monachos
2083 3522 2125 3576 ².
2159 3520 2207 3578 Β
2241 3519 2496 3588 auferre,
2538 3525 2594 3576 et
2645 3520 2806 3578 dicat
2846 3536 3082 3593 semper
3124 3538 3136 3577 :
3180 3522 3472 3594 quoniam
3513 3522 3897 3596 iniquitatem

542 3622 818 3696 Inprimis
855 3618 1100 3691 quidem
1114 3612 1395 3686 siceperit
1414 3613 1594 3668 homo
1609 3612 1873 3683 seipsum
1899 3613 1920 3645 ⁸
1944 3625 2128 3679 agno-

475 3731 639 3772 scere
665 3727 770 3767 cur
795 3714 1029 3765 creatus
1059 3707 1152 3770 sit,
1182 3709 1236 3758 et
1269 3701 1612 3774 exquisierit
1637 3700 1921 3755 factorem
1947 3716 2127 3754 suum

475 3807 658 3862 deum
681 3802 724 3866 ⁴,
751 3806 890 3856 tunc
913 3798 1053 3851 sciet
1083 3797 1103 3830 ⁵
1137 3794 1398 3866 penitere
1430 3791 1504 3846 de
1527 3791 1660 3854 hiis,
1685 3805 1800 3862 que
1829 3788 2131 3844 commisit

473 3897 535 3952 in
560 3898 820 3963 tempore
850 3883 1215 3957 negligencie
1236 3898 1361 3946 sue,
1384 3887 1437 3937 et
1460 3881 1540 3935 sic
1563 3879 1810 3934 demum
1833 3877 2130 3948 benignus

475 3985 626 4041 deus
650 3984 670 4016 θ
699 3980 800 4035 dat
827 3978 905 4032 illi
943 3973 1249 4030 tristiciam
1287 3987 1396 4044 pro
1437 3969 1714 4041 peccatis,
1758 3973 1814 4023 et
1854 3974 1990 4039 post
2028 3968 2133 4024 ite-

475 4088 613 4130 rum
651 4086 756 4142 per
795 4083 967 4122 suam
1008 4062 1434 4132 benignitatem
1478 4060 1580 4114 (lat
1630 4057 1707 4113 illi
1749 4056 2130 4112 aﬂlictionem

479 4160 747 4232 corporis
769 4159 828 4212 in
859 4158 879 4190 ⁷
911 4153 1167 4214 ieiuniis,
1205 4151 1264 4204 in
1294 4150 1338 4182 ’τ’
1375 4147 1612 4216 vigiliis,
1643 4151 1699 4201 et
1727 4147 2076 4201 oracionum
2112 4149 2131 4181 ⁸

477 4247 835 4307 instanciam
869 4246 912 4308 9,
937 4248 992 4296 et
1022 4243 1433 4308 contemptum
1475 4237 1524 4270 ¹⁰
1566 4234 1794 4299 mundi,
1838 4240 1900 4289 ut
1939 4235 2131 4290 libens

477 4339 675 4396 illatas
705 4333 952 4388 iniurias
986 4331 1028 4365 ¹¹
1064 4327 1322 4390 sufferat,
1367 4330 1422 4380 et
1451 4324 1590 4379 odio
1629 4323 1848 4378 habeat
1878 4325 1922 4359 ¹²
1955 4340 2134 4380 omne

478 4423 851 4492 refrigerium
879 4416 1270 4489 corporale,et
1291 4414 1496 4485 diligat
1527 4414 1571 4448 ¹³
1617 4413 1922 4485 planctum
1945 4413 2134 4484 magis

481 4527 669 4587 quam
693 4510 903 4565 risum.
949 4507 1088 4561 Post
1126 4505 1235 4559 hec
1277 4502 1493 4558 tribuet
1531 4501 1610 4556 illi
1651 4502 2037 4569 desiderium,
2081 4507 2136 4558 et

482 4605 711 4663 ﬂetum.
745 4605 800 4655 et
821 4596 1212 4653 humilitatem
1240 4594 1286 4628 ¹⁸
1319 4591 1515 4647 cordis
1548 4593 1614 4658 ³⁵,
1639 4597 1699 4646 ut
1724 4591 1950 4646 trahem
1979 4591 2134 4648 oculi

484 4693 576 4750 sui
610 4688 964 4753 consideret,
993 4699 1114 4741 non
1157 4684 1201 4718 ¹⁶
1234 4682 1474 4738 alterius
1507 4679 1795 4737 festucam
1839 4682 2058 4736 nitatur
2091 4681 2132 4715 17

2238 3624 2436 3664 meam
2479 3624 2590 3678 ego
2632 3610 2676 3644 ¹⁸
2717 3624 3019 3679 cognosco
3052 3612 3119 3676 η,
3153 3616 3210 3667 et
3250 3618 3556 3683 peccatum
3599 3615 3645 3647 ³ο
3686 3629 3900 3670 meum

2240 3703 2447 3753 contra
2481 3714 2574 3752 me
2601 3705 2688 3754 est
2727 3715 2984 3771 semper,
3017 3705 3072 3755 et
3099 3706 3162 3755 ut
3187 3700 3307 3757 diei
3333 3703 3374 3737 “
3420 3702 3609 3758 exitus
3640 3704 3730 3757 sui
3779 3720 3902 3759 me-

2241 3802 2373 3842 mor
2403 3787 2497 3851 sit,
2532 3795 2585 3842 et
2613 3788 2923 3860 quomodo
2954 3788 3014 3844 in
3047 3795 3372 3862 conspectu
3402 3791 3496 3846 dei
3526 3793 3572 3826 ²²
3605 3807 3902 3847 occursu-

2241 3892 2343 3932 rus
2377 3878 2470 3942 sit,
2504 3882 2560 3933 et
2583 3877 2801 3934 iudicia
2826 3886 3082 3950 etpenas
3104 3879 3402 3935 describat
3422 3881 3468 3914 ’³
3495 3881 3553 3935 in
3569 3888 3905 3952 conspectu

2242 3966 2458 4021 mentis
2499 3981 2625 4030 sue,
2665 3982 2774 4022 nec
2813 3983 2933 4024 non
2974 3969 3163 4024 eciam
3205 3970 3250 4004 ³⁸
3291 3969 3502 4024 merita
3540 3973 3596 4024 et
3631 3968 3901 4025 honores

2240 4054 2539 4126 quidandi
2557 4060 2695 4110 sunt
2718 4058 2940 4112 sanctis
2957 4057 3155 4128 (-I).Sic
3168 4063 3367 4113 autem
3381 4058 3906 4131 cognoverit,quia

2242 4159 2343 4199 cor
2381 4144 2536 4199 illius
2578 4145 2820 4201 ﬁrmum
2869 4152 2956 4202 est
2995 4147 3053 4202 in
3109 4146 3316 4202 timore
3373 4146 3621 4217 domini,
3664 4152 3724 4203 et
3779 4164 3904 4204 non

2241 4233 2480 4289 dimittit
2503 4235 2703 4291 locum
2736 4252 2932 4302 suum,
2967 4237 3068 4291 sed
3101 4235 3324 4292 fortiter
3349 4236 3567 4292 resistit
3594 4237 3668 4305 (2)
3691 4236 3909 4292 adver-

2245 4323 2402 4378 sario
2425 4339 2552 4389 suo,
2579 4323 2670 4379 ille
2697 4324 2992 4396 perfectus
3019 4325 3356 4381 monachus
3381 4330 3435 4381 et
3477 4325 3647 4381 miles
3689 4324 3906 4381 Christi

2244 4417 2505 4467 vocatur.
2542 4414 2609 4468 Ut
2640 4413 2801 4468 enim
2834 4413 3138 4470 cumulata
3168 4415 3214 4449 ³⁵
3246 4414 3418 4470 navis
3453 4413 3756 4470 undarum
3783 4415 3910 4470 ictu

2245 4501 2536 4566 obruitur,
2565 4501 2646 4556 sic
2682 4502 2870 4559 multa
2885 4503 3204 4574 possidens
3221 4503 3687 4559 monachusnon
3711 4504 3910 4560 salva-

2245 4590 2425 4646 bitur.
2444 4590 2592 4646 Nihil
2611 4591 2935 4662 possidens
2962 4592 3297 4648 monachus
3311 4593 3840 4664 viatorexpeditus
3860 4594 3910 4627 ³⁵

2247 4683 2354 4734 est.
2385 4677 2534 4733 Nihil
2559 4679 2877 4750 possidens
2907 4680 3242 4737 monachus
3271 4681 3446 4752 quasi
3479 4680 3680 4753 aquila
3704 4680 3782 4736 ad
3809 4696 3914 4737 ex-

1838 4779 2093 4833 VARIAE
2134 4777 2424 4834 LECTION
2437 4779 2537 4835 ES.

564 4889 582 4926 ¹
620 4884 775 4944 beati
805 4899 925 4941 om.
960 4884 1006 4937 A
1112 4886 1130 4916 ι
1163 4880 1200 4933 Β
1232 4878 1444 4949 Incipit
1473 4878 1598 4933 alia
1624 4877 1869 4947 epistola
1897 4877 2152 4933 eiusdem
2185 4874 2490 4931 Macharii
2507 4875 2756 4940 abbatis,
2788 4891 2900 4947 que
2927 4881 3121 4933 tamen
3143 4879 3205 4932 in
3231 4877 3437 4933 multis
3459 4891 3740 4947 magnam
3770 4894 3914 4934 con-

493 4959 852 5019 venientiam
898 4955 1071 5011 habet
1123 4968 1255 5008 cum
1297 4949 1886 5022 predictaiepistola.

495 5037 516 5069 θ
550 5035 587 5088 C
626 5031 924 5087 dominus.
1056 5025 1159 5078 7in
1197 5019 1320 5079 om:
1345 5024 1403 5076 C.
1508 5021 1551 5054 7‘
1583 5021 1641 5073 in
1695 5036 1816 5074 om.
1867 5019 1926 5073 C.

496 5106 536 5140 “
574 5105 611 5156 Β
643 5097 1051 5157 contumelias.

497 5248 726 5303 (ictum.
835 5242 875 5276 ²¹
907 5240 948 5292 C
979 5239 1155 5293 diem.
1232 5237 1277 5270 ²²
1310 5236 1350 5289 C
1377 5233 1621 5289 domini.

1979 4952 1997 4982 ³
2031 4949 2071 5002 Β
2097 4948 2491 5014 semetipsum.

2027 5022 2046 5053 ⁸
2097 5019 2135 5074 C
2193 5019 2580 5074 orationibus.

1160 5095 1205 5172 ξ’
1249 5097 1284 5147 Β
1317 5091 1560 5172 ethidio
1605 5091 1796 5172 (iubet.
1875 5093 1918 5126 ¹³
2106 5091 2324 5172 diligit.

492 5175 826 5230 militatem.
908 5171 953 5203 ¹⁵
995 5165 1190 5222 cordis
1216 5180 1336 5218 om.
1372 5161 1431 5217 C.
1515 5164 1561 5197 1⁸
1603 5164 1640 5215 C
1680 5167 1899 5218 etnon.
1981 5164 2022 5197 ¹⁷
2052 5165 2095 5216 Α
2127 5163 2436 5219 desideret.

498 5248 726 5289 lirium.
835 5242 875 5276 ιι
907 5240 948 5289 C
979 5239 1155 5289 diem.
1232 5237 1277 5270 ²²
1310 5236 1350 5289 C
1377 5233 1621 5289 domini.
1727 5235 1773 5269 ³³
1799 5232 1887 5288 BC
1919 5234 2221 5289 describit.
2320 5237 2364 5271 ιι
2390 5249 2436 5289 θ(

2058 5251 2221 5288 ηοῑι.

2586 4949 2604 4981 ⁸
2634 4950 2672 5002 C
2697 4949 3028 5004 dominum.
3121 4950 3141 4984 ⁵
3174 4950 3287 5004 Pro
3322 4955 3462 5004 tunc
3520 4950 3658 5005 sciet
3709 4951 3803 5004 ΑΒ
3831 4956 3909 5006 et.

2685 5022 2704 5053 9
2738 5020 2821 5074 BC
2870 5020 3190 5076 instancia.
3296 5022 3342 5055 ¹⁰
3388 5021 3471 5075 BC
3545 5027 3910 5088 contemptu.

2407 5091 2452 5125 ¹⁸
2487 5091 2530 5144 Β
2565 5091 3067 5157 humiliacionem,
3104 5095 3142 5146 (2
3177 5091 3659 5148 humiliacionem
3707 5099 3766 5147 et
3799 5093 3913 5148 liu-

2546 5162 2591 5196 ¹³
2667 5177 2771 5231 ego
2799 5177 2920 5216 om.
2955 5163 3013 5217 C.
3094 5165 3140 5199 ¹⁹
3197 5163 3236 5217 C
3267 5179 3543 5233 agnosco.
3623 5165 3667 5202 ³ο
3697 5163 3782 5217 BC
3809 5165 3912 5219 de-

2320 5237 2364 5271 “
2390 5234 2576 5306 eciam
2606 5247 2727 5289 om.
2756 5235 2826 5288 Α.
2929 5235 2975 5271 ⁸⁸
3007 5236 3087 5290 Ex
3140 5235 3322 5304 conj.,
3357 5250 3468 5306 pro
3508 5235 3820 5292 cumulata
3855 5239 3901 5290 Α

493 5319 847 5377 multarum,
885 5313 925 5364 Β
957 5326 1090 5366 cum
1123 5308 1313 5363 multa
1339 5310 1614 5376 portans,
1647 5305 1686 5360 C
1719 5321 1849 5362 cum
1878 5306 2090 5362 multa.
2169 5307 2216 5340 ³⁵
2247 5313 2289 5361 Α
2317 5305 2664 5376 expeditior.

2023 5405 2251 5460 NOTAE

564 5513 642 5581 (I)
673 5510 814 5565 Hinc
848 5502 1562 5581 incip_itdi_screparehaec
1580 5501 1657 5558 ab
1671 5517 1762 5568 ea,
1782 5516 1968 5575 quam
1988 5502 2100 5557 sub
2127 5505 2146 5557 l

492 5575 894 5650 vulgavimus,
923 5575 1194 5650 epistola.

569 5645 646 5728 (Ξ)
670 5654 832 5718 Quae
860 5645 1080 5708 abhinc
1104 5661 1294 5722 usque
1321 5645 1401 5704 ad
1424 5645 1608 5704 ﬁnem
1633 5647 1985 5719 sequuntur,
2001 5658 2138 5716 spu-

2261 5503 2349 5558 ria
2381 5507 2535 5576 sunt,
2567 5507 2622 5559 et
2652 5517 2682 5558 e
2715 5502 2950 5560 Macarii
2996 5501 3426 5574 (Alexandrini)
3458 5501 3708 5576 epistola
3738 5502 3808 5557 N0
3832 5503 3912 5558 III

2257 5589 2388 5631 com
2398 5574 2598 5646 pilata.
