4086 6194
174 243 278 304 445
930 231 944 244 ’
1732 238 1845 300 PB]

1955 241 2023 299 iS.

3487 250 3593 306 446

173 372 333 427 celsa
358 373 403 408 ²⁷
428 370 717 444 pervolat.
738 371 900 426 Tunc
917 369 1239 425 descendit
1259 369 1336 425 ad
1359 383 1552 434 escas,
1577 369 1826 440 quando
1858 369 1903 424 A
1942 369 2192 440 optimo,
2215 368 2300 423 sic
2321 368 2719 441 cogitationes
2750 374 2956 446 turpes
2983 373 3044 430 in
3075 375 3254 431 corde
3281 375 3588 433 monachi.

171 459 476 531 compellit
506 460 860 515 necessitas.
889 459 1156 514 Prudens
1179 458 1512 514 monachus
1538 472 1659 514 non
1688 456 1830 513 adu-

173 550 392 606 labitur
421 555 670 622 propter
691 547 1060 603 voluntatem
1095 547 1317 604 ventris
1346 547 1653 603 divitibus.
1681 545 1830 602 Nihil

170 637 490 712 possidens
516 637 853 693 monachus
879 653 1086 693 cursor
1111 637 1254 693 levis
1273 631 1558 707 ‘sagacius
1601 635 1674 691 ad
1699 635 1834 690 bra-

172 729 326 784 vium
362 742 623 798 superne
650 725 991 782 vocacionis
1033 725 1262 781 domini
1294 727 1342 762 ²⁸
1373 725 1696 798 perveniet.
1731 725 1833 778 Ve-

173 834 266 874 rus
283 815 627 872 monachus
641 821 778 888 post
794 831 948 887 opus
968 815 1345 871 moderatum
1369 813 1756 870 oracionibus
1779 816 1836 868 et

173 907 540 962 leccionibus
568 909 762 960 vacat.
813 903 964 960 Nihil
991 904 1308 976 possidens
1342 903 1680 960 monachus
1709 903 1832 958 the-

175 996 428 1052 saurizat
454 997 502 1031 ιο
534 994 594 1049 in
625 993 774 1058 celo,
837 993 995 1049 canit
1049 993 1300 1048 domino
1323 994 1370 1028 ³ο
1410 992 1620 1048 laudes
1641 991 1736 1047 die
1765 1006 1836 1046 ac

175 1085 416 1142 noctein
435 1085 648 1138 timore
669 1082 920 1138 domini.
951 1082 1240 1138 Gloriacio
1267 1081 1548 1138 monachi
1594 1081 1836 1153 pacien-

179 1175 264 1230 cia
291 1175 332 1209 ³¹
363 1188 501 1228 cum
531 1171 842 1227 charitate.
877 1171 1170 1226 Gloriacio
1203 1170 1507 1234 monachi,
1541 1185 1678 1226 cum
1706 1169 1838 1224 nul-

177 1265 262 1320 las
287 1278 380 1318 res
425 1260 731 1316 desiderat
772 1260 1066 1331 presentis
1110 1260 1223 1316 vite
1265 1259 1574 1331 possidere
1605 1261 1673 1310 ³³.
1710 1257 1839 1314 Glo-

173 1353 352 1408 riacio
401 1349 684 1406 monachi
738 1348 1145 1405 mansuetudo
1189 1354 1245 1404 et
1300 1349 1474 1404 ﬁdes.
1538 1347 1839 1404 Gloriacio

173 1439 456 1496 monachi
481 1440 674 1508 vigilie
705 1442 763 1494 et
788 1439 835 1472 ³⁸
865 1436 1036 1493 ﬂetus
1064 1439 1121 1492 in
1169 1437 1579 1494 oracionibus.
1614 1436 1838 1492 Gloria-

172 1530 261 1586 cio
317 1528 628 1593 monachi,
674 1527 923 1599 quando
975 1527 1156 1582 deum
1219 1526 1266 1561 ³⁴
1304 1541 1373 1582 ex
1407 1532 1526 1582 toto
1554 1525 1731 1582 corde
1755 1524 1840 1578 di-

172 1619 402 1683 lexerit,
438 1623 494 1672 et
520 1617 868 1688 proximum
921 1631 1100 1670 suum
1147 1615 1300 1670 sicut
1353 1631 1414 1670 se
1441 1615 1662 1684 ipsum.
1709 1613 1840 1669 Glo-

171 1709 356 1763 riacio
418 1704 702 1761 monachi
755 1703 1129 1760 abstinencia
1161 1703 1208 1738 ⁸⁸
1235 1717 1512 1758 escarum
1544 1709 1601 1758 et
1621 1717 1741 1758 non
1789 1703 1837 1737 ⁸⁸
1867 1695 1907 1750 Β

172 1794 630 1867 multiloquium
661 1793 882 1863 tingue.
918 1791 1215 1848 Gloriacio
1247 1792 1550 1857 monachi,
1589 1791 1839 1864 quando

173 1885 359 1940 verba
379 1884 514 1953 ejus
538 1883 822 1954 operibus
839 1887 1194 1937 consonant.
1222 1880 1515 1938 Gloriacio
1533 1881 1836 1949 monachi,

172 1973 502 2046 quandoin
529 1971 661 2027 loco
688 1987 802 2026 suo
821 1972 868 2006 ³⁷
896 1976 1210 2043 permanet
1228 1977 1284 2026 et
1300 1970 1416 2026 huc
1439 1969 1699 2042 illucque
1718 1985 1840 2025 non

174 2060 762 2133 vagatur.Gloriacio
776 2060 1056 2117 monachi
1071 2059 1491 2131 longanimitas
1507 2075 1644 2115 cum
1658 2058 1842 2116 humi-

172 2154 336 2210 litate
367 2158 426 2208 et
447 2152 663 2222 gratia.
706 2152 867 2207 Sicut
913 2149 1152 2221 lampas
1185 2151 1232 2188 ³⁸
1267 2148 1589 2222 splendida
1616 2147 1678 2204 in
1708 2148 1842 2205 loco

172 2241 521 2308 tenebroso,
564 2245 623 2296 et
669 2241 820 2296 sicut
872 2238 965 2294 sol
1016 2238 1264 2294 radians
1328 2237 1682 2310 splendidus
1726 2242 1839 2306 est,

173 2333 258 2388 sic
291 2330 636 2388 monachus
668 2329 966 2401 perfectus
1027 2330 1085 2383 in
1120 2327 1438 2384 sobrietate
1464 2332 1520 2382 et
1569 2327 1841 2383 castitate

173 2429 224 2478 et
259 2420 448 2476 corde
476 2418 743 2490 pervigili
792 2418 854 2472 in
882 2423 1150 2488 tempore
1177 2415 1551 2489 psalmorum
1578 2417 1645 2470 ”.
1681 2416 1842 2474 Sicut

1944 459 2102 514 Sicut
2132 458 2291 513 tinea
2339 459 2695 516 exterminat
2716 462 3160 528 vestimentum,
3191 465 3273 520 sic
3303 465 3592 522 detractio

1943 547 2210 602 animam
2226 548 2274 581 ‘0
2296 548 2576 604 monachi
2597 550 2664 603 ⁴¹.
2692 551 2818 606 Noli
2834 559 2885 607 te
2900 552 3042 609 dare
3065 555 3139 609 ad
3156 553 3531 627 colloquium
3545 557 3593 592 ⁴²

1945 635 2209 690 mulieris
2241 637 2308 701 ⁴³,
2343 652 2415 692 ne
2469 637 2549 692 sis
2583 645 2897 711 separatus
2924 658 2958 696 a
2985 658 3169 712 regno
3199 643 3292 698 dei
3335 646 3402 710 ⁸⁸,
3437 649 3594 700 etne

1942 724 2088 778 velis
2120 723 2314 780 dicere
2346 741 2357 780 :
2415 725 2629 798 loquor
2655 744 2789 782 cum
2852 730 3096 786 muliere
3130 732 3175 766 ⁸⁵
3220 736 3277 788 et
3331 733 3594 790 mundus

1945 828 2100 868 sum.
2135 813 2464 869 Monachus
2492 816 2731 886 sapiens
2763 817 2890 872 suis
2921 819 3204 874 manibus
3236 826 3520 893 operatur
3540 826 3596 878 et

1945 901 2168 957 victum
2192 901 2302 958 sibi
2329 904 2721 960 cottidianum
2779 907 2826 942 ⁸⁸
2860 908 3110 978 acquirit
3165 910 3207 944 ⁸⁷
3250 915 3306 965 et
3333 910 3596 968 lucratus

1945 995 2037 1046 est
2061 992 2374 1046 oraciones
2405 999 2460 1047 et
2492 993 2713 1049 ieiunia
2731 1010 2845 1050 sua
2896 996 2962 1050 ⁸⁸.
3019 996 3075 1051 Si
3115 1003 3315 1054 autem
3373 1001 3451 1054 ab
3475 1000 3592 1056 alio

1947 1081 2242 1152 acceperit
2272 1082 2318 1115 ‘9
2350 1081 2594 1150 victum,
2628 1083 2774 1154 quid
2819 1084 3083 1156 prodest,
3117 1087 3281 1158 quod
3307 1088 3512 1158 vigilat
3542 1094 3598 1145 et

1947 1175 2078 1224 orat
2106 1170 2133 1224 ?
2185 1169 2278 1224 Sic
2335 1176 2422 1225 est
2455 1175 2516 1226 ut
2547 1173 2953 1228 mercenarius
2982 1173 3168 1228 durus
3200 1179 3254 1230 et
3299 1176 3496 1231 malus
3527 1180 3598 1233 ⁵ο.

1948 1257 2098 1324 Quia
2123 1261 2410 1330 scriptum
2433 1265 2558 1315 est:
2603 1259 2818 1316 melius
2871 1267 2958 1318 est
3012 1262 3157 1320 dare
3209 1279 3393 1336 quam
3449 1267 3602 1322 acci-

1948 1362 2111 1418 pere.
2135 1347 2451 1416 Lignorum
2480 1365 2723 1420 quoque
2752 1351 2795 1385 ⁵³
2819 1351 2993 1421 copia
3021 1351 3322 1422 ingentem
3348 1355 3604 1410 suscitat

1949 1435 2301 1501 ﬂammam;
2330 1437 2648 1492 multitudo
2697 1445 2897 1494 autem
2945 1454 3222 1495 escarum
3256 1442 3604 1498 inobedien-

1947 1525 2100 1579 ciam
2137 1525 2288 1596 parit
2315 1531 2372 1580 et
2421 1533 2694 1583 mortem.
2746 1527 3024 1597 [ndigens
3055 1535 3257 1585 venter
3285 1532 3333 1566 ⁵³
3380 1531 3439 1586 in
3472 1548 3604 1590 ora-

1948 1613 2224 1670 cionibus
2256 1614 2636 1684 vigilanciam
2667 1617 2714 1652 ⁸³
2747 1621 2970 1689 prestat
3001 1623 3057 1673 et
3080 1633 3368 1675 coronam
3400 1621 3600 1678 anime

1948 1703 2232 1774 acquirit;
2292 1703 2551 1776 repletus
2581 1711 2783 1760 autem
2816 1706 2968 1760 escis
2999 1722 3325 1778 sompnum
3374 1709 3606 1766 inducit

1949 1797 2006 1847 et
2036 1791 2642 1861 gravitatem.0culus
2657 1793 3144 1862 gulosiconvivia
3173 1804 3595 1867 perscrutatur,

1948 1880 2159 1936 oculus
2190 1887 2391 1936 autem
2427 1883 2788 1954 sapientium
2847 1884 2894 1919 ⁶⁴
2948 1885 3267 1941 meditatur
3292 1889 3602 1944 continen-

1950 1969 2106 2024 ciam
2139 1976 2494 2041 martyrum.
2547 1971 2992 2027 Formidolosus
3027 1972 3196 2028 miles
3238 1973 3526 2032 horrescit
3555 1979 3603 2014 ³⁸

1951 2058 2184 2124 tubam,
2208 2074 2325 2130 que
2347 2058 2571 2115 bellum
2599 2060 2647 2096 ⁸⁸
2672 2060 2967 2130 signiﬁcat
2991 2077 3005 2125 ;
3037 2067 3091 2117 et
3118 2063 3368 2130 gulosus
3393 2080 3608 2123 mona-

1953 2147 2102 2202 chus
2122 2147 2169 2202 si
2201 2147 2640 2204 abstinenciam
2667 2149 3075 2221 predicantem
3101 2151 3148 2186 ⁸⁷
3176 2152 3455 2221 audierit,
3483 2171 3607 2212 non

1952 2235 2207 2291 libenter
2235 2236 2553 2293 auscultat.
2586 2238 2874 2308 Flamma,
2907 2255 3044 2295 cum
3072 2241 3284 2297 arserit
3313 2243 3386 2308 ⁸⁸,
3414 2243 3607 2300 eluce-

1951 2326 2062 2381 scit
2083 2327 2297 2381 iterum
2331 2325 2378 2380 si
2412 2326 2669 2399 accipiat
2717 2326 2972 2398 lignum,
3006 2334 3062 2385 et
3098 2331 3295 2401 sopita
3339 2331 3526 2389 libido
3557 2333 3604 2369 "

1950 2430 2190 2469 rursum
2213 2415 2462 2484 ignescit
2489 2418 2538 2450 ⁶⁰
2561 2415 2621 2472 in
2661 2418 2968 2474 saturitate
2998 2434 3298 2476 escarum.
3327 2421 3604 2492 Explicit

171 2509 423 2584 pondus
441 2507 583 2563 salis
599 2505 1838 2579 deprimitviruminﬁrmum,sicsompnus
1946 2503 2198 2574 epistola
2223 2503 2530 2562 Macharii
2556 2505 2702 2563 data
2731 2505 2812 2563 ad
2839 2508 3160 2566 monachos
3190 2511 3260 2564 σί.

173 2600 230 2655 in
293 2597 486 2655 oculis
537 2594 842 2653 monachi.
871 2595 1031 2652 Sicut
1061 2593 1233 2667 spine
1256 2599 1312 2650 et
1365 2593 1566 2651 tribuli
1597 2593 1657 2649 in
1688 2609 1836 2665 agro

1536 2718 1796 2775 VARIAE
1842 2718 2011 2775 LECT
2013 2719 2131 2776 ΙΟΝ
2140 2720 2240 2776 ES.

197 2853 290 2888 ’³⁷
318 2849 408 2907 ad
433 2848 669 2906 excelsa
695 2862 816 2904 om.
849 2849 913 2904 A.
990 2847 1038 2882 ³⁸
1070 2849 1106 2902 Β
1136 2845 1250 2902 dei.
1324 2847 1371 2881 ²⁹
1403 2846 1835 2918 Βίιὴεεαανίιαι

1962 2847 1985 2881 °
2020 2845 2202 2900 Bdeo.
2281 2846 2324 2881 ³³
2361 2844 2509 2918 ᾼίείι
2533 2846 2861 2918 paciencia.
2940 2847 2987 2884 ³⁸
3020 2851 3056 2903 Β
3092 2863 3230 2904 cum
3264 2849 3458 2906 nullas
3500 2866 3596 2909 res

174 2925 493 2993 presentis
527 2920 642 2977 vite
687 2919 1005 2993 desiderat,
1061 2919 1100 2993 β
1156 2933 1294 2993 cum
1340 2917 1534 2993 nullas
1565 2933 1656 2972 res
1695 2916 1990 2993 presentis
2039 2918 2156 2993 gite
2210 2916 2906 2993 possidere'desiderat.‘
2961 2921 3008 2954 ³⁸
3041 2919 3240 2993 vigilie
3282 2927 3337 2976 et
3391 2937 3510 2977 om.
3546 2925 3608 2979 C.

178 2992 225 3029 “
253 2997 294 3051 C
325 2992 661 3049 dominum.

765 2991 812 3025 ³³
845 2993 884 3047 C
924 2989 1301 3046 abstinencie.
1382 2991 1431 3023 ³⁸
1463 3005 1580 3044 ηοη
1602 3004 1723 3045 om.
1759 2990 1845 3043 AC

1955 2989 1990 3022 ³⁷
2026 2990 2065 3044 C
2093 2987 2153 3042 in
2200 2987 2392 3044 locum
2423 3005 2616 3043 suum.
2695 2990 2743 3023 ⁸⁸
2769 2991 2850 3046 BC
2885 2987 3191 3056 lampada.
3273 2994 3318 3027 39
3353 2995 3391 3045 ι]

3420 2994 3611 3062 pervi-

177 3065 276 3136 gili
308 3064 1050 3136 interpretaturpsalmqs.
1130 3061 1178 3096 ⁴⁰
1207 3061 1246 3114 Β
1269 3059 1576 3136 inanima.
1656 3060 1697 3136 ff
1731 3061 1883 3136 sicut
1914 3058 2069 3136 tinea
2101 3088 2164 3098 —
2191 3059 2470 3136 monachi
2498 3059 2710 3136 om.‘C..
2791 3061 2836 3096 “
2869 3062 2912 3136 A_
2940 3061 3258 3136 coiloquia.
3307 3063 3383 3136 Ar“
3417 3058 3455 3118 Ε
3477 3079 3612 3119 mu-

180 3134 343 3194 lieri.
427 3136 476 3170 “
502 3134 542 3190 C
571 3135 816 3190 domini.

913 3134 959 3168 ‘5
981 3133 1020 3186 Β
1041 3149 1172 3214 cum
1201 3131 1569 3213 mulierihus.
1648 3132 1705 3214 ⁴ξ
1732 3130 2228 3214 Ββροιὶάραηῃγη.
2250 3131 2349 3214 ﬂ"
2381 3131 2420 3185 C
2449 3131 2738 3214 adquirit,
2771 3137 2824 3187 et
2859 3131 2944 3187 sic
2978 3130 3218 3214 ubique.
3240 3134 3346 3214 ,βξ
3361 3149 3466 3190 sua
3484 3149 3611 3190 om.

179 3217 244 3264 Α.
279 3209 403 3264 Pro
423 3214 479 3262 et
511 3207 782 3262 lucratus
803 3211 886 3260 est
905 3207 1211 3260 oraciones
1225 3211 1276 3260 et
1295 3203 1512 3258 ieiunia
1533 3218 1642 3257 sua
1674 3207 1707 3254 Β
1729 3209 1784 3257 et
1811 3201 2426 3274 lucratur(orationes
2449 3210 2500 3258 et
2531 3201 2758 3258 ieiunia
2784 3218 2893 3259 sua
2920 3219 3040 3258 om.
3073 3201 3158 3270 Η).
3235 3205 3284 3240 ⁴⁰
3315 3207 3350 3260 Β
3378 3219 3615 3274 accepe-

182 3283 261 3336 rit
295 3279 381 3337 ab
412 3278 556 3334 alio.

179 3353 227 3388 ⁸⁸
285 3355 334 3406 Α
400 3348 824 3418 perhorrescit.
904 3349 952 3382 ⁵⁸
998 3346 1038 3402 C
1084 3347 1258 3403 bella.
1338 3345 1395 3418 "A
1441 3347 1487 3399 A

635 3278 685 3312 ευ
713 3275 793 3331 BC
819 3277 1015 3332 malus
1042 3282 1094 3332 ei
1121 3275 1345 3346 durus.
1414 3275 1454 3308 ⁵¹
1491 3289 1722 3346 quoque
1755 3289 1876 3328 om.
1915 3272 2022 3346 BC.

2099 3273 2146 3306 ⁵³
2179 3275 2217 3328 C
2255 3288 2480 3330 veram.
2555 3274 2670 3329 ⁸³Α
2713 3274 3005 3345 vigiliam.
3087 3276 3134 3310 5‘
3179 3281 3224 3330 Α
3251 3273 3611 3345 sapientum.

1537 3344 1874 3415 predicare.
1952 3345 2000 3378 ⁵⁸
2047 3344 2086 3398 C
2136 3345 2469 3401 marcescit.
2545 3346 2592 3380 ⁸⁸
2666 3348 2711 3400 Α
2765 3344 2960 3402 subito
3026 3346 3224 3409 libido.
3284 3344 3347 3404 C.
3427 3347 3601 3406 libid.

180 3424 225 3459 ⁸⁸
254 3415 518 3495 ignescit
545 3435 665 3476 om.
691 3419 731 3474 C
807 3419 851 3455 ⁸³
884 3418 1029 3476 data
1059 3418 1139 3475 ad
1158 3416 1476 3474 monachos
1499 3422 1692 3485 om.A;
1727 3415 2263 3485 Erplicitepistota
2284 3415 2585 3474 Macharii
2608 3417 2753 3474 data
2780 3419 2860 3474 ad
2889 3419 3209 3475 monachos
3244 3433 3372 3475 om.
3401 3419 3460 3474 C.

187 3592 3612 3634 Μ

893 3795 1694 3917 ΜΑΚΑΡΙΟΥ
1770 3795 2077 3914 ΤΟΥ
2151 3791 2988 3911 ΑΙΓΥΠΤΙΟΥ

1743 4038 2083 4130 ΕΥΧΑΙ

958 4397 1464 4524 SANCTI
1571 4393 2187 4517 MACARII
2273 4385 2908 4515 fEGYPTII

1707 4693 2160 4784 PRECES.

208 5091 274 5154 (Β
305 5087 660 5154 bibliothecas
693 5087 946 5154 Cesareie
978 5084 1406 5154 Vindoboxgmsis
1436 5082 1629 5154 codice
1651 5094 1751 5134 ms.
1783 5081 1945 5154 incol.

1983 5095 2143 5147 grmc.
2177 5079 2436 5147 gCXXXl,
2476 5079 3178 5147 ol_im_LX_XVl,ichartaceo_.
3205 5084 3449 5147 antiquo,
3505 5083 3612 5134 in-t

269 5125 1221 5218 £1323;“QEEFepFEEfEQWmm'EEiEY
1227 5125 1410 5218 lii-1.1.1:
1438 5125 1732 5218 BET'HtéFJ
1740 5125 2090 5218 'pisifg'iiﬁ:
2098 5125 2163 5194 {ie
2183 5125 3124 5218 ᾗξζὲἑὶξόᾳιῖίξρῖῑξρξ’3ξῖιίέᾇῖιῖζ
3133 5125 3474 5218 gazam;
3505 5125 3634 5198 ’ἶιιῖἷ

287 5207 474 5265 ’τεοθε
495 5214 712 5262 Macarii
742 5212 832 5262 fol.
860 5213 939 5268 60,
962 5213 986 5260 1
1011 5225 1090 5275 sq.
1121 5211 1390 5274 leguntur,
1413 5224 1469 5260 se
1510 5207 1998 5261 uentihus‘centicis‘
2014 5207 2082 5258 ad
2098 5212 2343 5258 sanctum
2358 5208 2651 5258 Antonium
2675 5210 2727 5256 et
2757 5207 2822 5257 ad
2839 5207 3086 5257 sanctum
3131 5207 3414 5258 Onut‘rium
3467 5222 3634 5272 quare

270 5230 506 5327 ἵίοιουὶἱ
535 5275 778 5327 Eavntii
809 5274 929 5324 illas
957 5287 1074 5324 esse
1106 5273 1391 5324 verisimile
1411 5226 1540 5322 mihi
1598 5273 1773 5322 visum
1830 5273 1954 5327 est.)

336 5277 506 5328 ενοιήὶ
535 5275 778 5339 Egyptii
809 5274 929 5324 illas
957 5273 1074 5324 esse
1106 5273 1391 5324 verisimile
1411 5273 1540 5322 mihi
1598 5273 1773 5322 visum
1830 5273 1954 5333 est.)

583 5391 763 5464 Εὐχή
801 5397 912 5444 τοῦ
951 5389 1146 5462 ἁγίου
1186 5393 1555 5465 Μακαρίαν.

281 5478 367 5533 Ὠ
414 5483 565 5547 Θεὸς,
633 5479 754 5532 ἰλάσ
783 5481 904 5537 θητι
953 5498 1045 5551 μοι
1092 5486 1166 5550 τῷ
1219 5478 1530 5554 ἁμαρτωλῷ,
1595 5479 1678 5532 ὅτι
1727 5470 1878 5530 οὐδὶν

206 5568 450 5627 hmines:
516 5568 714 5641 ἀγαθὸν
757 5568 968 5622 ἕνώπιόν
1023 5588 1142 5627 σου.
1187 5568 1477 5642 Ἀναρῦσοιί
1523 5585 1588 5641 με
1633 5566 1735 5621 ἀπὸ
1784 5573 1876 5619 τοῦ

207 5665 487 5735 Πονηροῦ,
547 5662 638 5712 καὶ
703 5657 926 5722 ἀξίωσὸν
987 5675 1054 5732 με
1119 5657 1472 5736 ἁκατακρίτως
1529 5655 1753 5732 ἀνοίγειν
1815 5658 1874 5710 τὸ

2451 5385 2655 5443 Oratio
2676 5386 2871 5443 sancti
2887 5385 3166 5443 Macarii.

2059 5476 2101 5532 0
2129 5475 2305 5539 Deus,
2327 5475 2603 5531 miserere
2629 5474 2745 5530 mei
2773 5475 3123 5546 peccatoris,
3150 5475 3297 5548 quia
3317 5476 3467 5534 nihil
3490 5477 3636 5535 boni

1988 5565 2097 5621 feci
2122 5579 2329 5622 coram
2376 5567 2446 5619 te.
2500 5565 2648 5620 Erue
2695 5578 2790 5620 me
2827 5579 2864 5621 a
2911 5563 3076 5631 Malo,
3129 5572 3184 5622 et
3231 5565 3482 5637 dignare
3538 5581 3638 5623 me

1986 5654 2308 5713 clementer
2333 5652 2565 5727 aperire
2593 5668 2664 5712 os
2716 5668 2924 5713 meum
2947 5653 3288 5728 indignum,
3314 5660 3374 5716 et
3398 5660 3638 5716 cantar-
