4058 6194
169 270 278 328 449

1430 282 1774 346 HOMILUE.
1813 319 1881 331 —
1924 290 2099 347 HOM.
2140 290 2185 347 Ι.

3435 306 3541 363 450

1288 462 3527 495 Β

193 467 3531 511 Ἦ

1348 671 1479 721 ΤΟΥ
1515 673 1603 722 ΕΝ
1642 674 1859 725 ΑΓῙΟῙΣ
1886 676 2143 727 ΠΑΤΡΟΣ
2176 680 2369 729 ΗΜΩΝ

824 852 1628 977 ΜΑΚΑΡΙΟΥ
1704 814 2011 981 ΤΟΥ
2085 864 2919 987 ΑΙΓΥΠΤΙΟΥ

1141 1094 1604 1185 ΟΜΙΛΙΑΙ
1721 1099 2561 1206 ΠΝΕΥΜΑΤΙΚΑΙ,

1124 1300 1310 1355 ΠΔΝΥ
1345 1308 1626 1357 ΠΟΛΛΗΣ
1661 1310 1989 1361 ΩΦΕΛΕΙΑΣ
2030 1314 2587 1375 ΠΕΠΛΗΡΩΜΕΝΑΙ,

449 1479 608 1529 ΠΕΡΙ
648 1480 777 1530 ΤΗΣ
820 1480 1299 1533 ΟΦΕΙΛΟΜΕΝΗΣ
1341 1483 1455 1532 ΚΑΙ
1496 1487 2071 1539 ΣΠΟΥΔΔΖΟΜΕΝΗΣ
2108 1492 2258 1541 ΤΟΙΣ
2298 1494 2718 1543 ΧΡΙΣΤΙΑΝΟΙΣ
2757 1496 3239 1547 ΤΕΛΕΙΟΤΙῙΤΟΣ.

597 1843 730 1988 S.
858 1845 1006 1992 P.
1088 1850 1254 1990 N.
1349 1850 1781 1994 MAG;

1901 1852 2164 1995 RII
2284 1854 2866 2001 [ΕΟῩΤ
2881 1861 3143 2003 PII

1174 2187 1689 2278 HUMlLl/E
1774 2188 2536 2311 SPlRlTUALES,

1179 2428 1608 2493 PERMAGNA
1654 2432 2065 2495 UTILITATE
2110 2435 2512 2513 ΒΕΕΕΒΤᾸΞ,

298 2614 401 2676 DE
446 2612 973 2676 INTEGRITATE
1015 2614 1200 2688 QUAS
1244 2616 1488 2679 DECET
1531 2617 2062 2696 CHRISTIANOS,
2108 2620 2393 2691 CUIQUE
2437 2620 2755 2682 OPERAM
2800 2621 3014 2684 DARE
3058 2623 3383 2685 DEBENT.

1095 2796 1404 2865 (GALLAND.
1445 2798 1566 2854 Vet.
1599 2798 1855 2856 Patrum
1889 2798 2177 2856 Biblioth.
2214 2801 2254 2856 t.
2284 2800 2391 2867 Vll,
2424 2814 2485 2872 p.
2522 2799 2600 2871 3.)

705 3176 953 3227 ΟΜΙΛΙΔ
994 3176 1237 3225 ΠΡΩΤΗ.

166 3260 599 3335 Ἀλλῃγορικὴ
638 3262 1067 3333 παράφρασις
1096 3268 1212 3321 τῆς
1239 3262 1415 3335 παρὰ
1454 3268 1536 3331 τῷ
1572 3260 1773 3322 Ἐζεκ-

233 3334 334 3393 ιήλ
499 3331 1701 3406 προφήτῂομγραμμένης’ὀπτασίας.

231 3440 303 3492 A'.
357 3440 461 3492 ’ῐῐν
517 3438 760 3499 Ἐξεκιὴλ
827 3443 1097 3511 προφήτης
1146 3438 1400 3491 ὀπτασίαν
1448 3444 1538 3491 καὶ
1593 3441 1777 3513 ὅρασιν

169 3529 319 3582 ἔνθεον
361 3533 458 3581 καὶ
506 3524 717 3591 ἔνδοξον
763 3529 1047 3601 θεωρήσας,
1107 3524 1446 3600 διηγήσατο·
1479 3534 1569 3581 καὶ
1623 3531 1776 3602 ἔγρα-

166 3616 251 3687 ψεν
306 3617 575 3671 ὀπτασίαν
638 3622 944 3690 μυστηρίων
1007 3616 1271 3675 ἁλαλήτων
1322 3621 1607 3689 γέαουσαν.
1656 3615 1779 3671 Εἶδε

311 3710 360 3759 ἓν
438 3714 512 3776 τῷ
577 3702 745 3777 πεδίῳ
801 3704 946 3778 ἅρμα
1005 3705 1295 3779 Χερουϐὶμ,
1372 3713 1611 3782 τέσσαρα
1668 3708 1781 3768 ζῶα

174 3798 530 3867 armaarma?
584 3798 633 3847 ἰν
710 3794 912 3866 ἑκάστῳ
981 3794 1098 3866 ζώῳ
1178 3798 1409 3869 τέσσαρα
1498 3800 1776 3871 πρόσωπα,

175 3888 376 3955 ἔχοντα,
437 3886 498 3935 τὸ
548 3882 597 3935 ἓν
661 3886 941 3954 πρόσωπον
990 3883 1209 3949 λέοντος,
1270 3888 1361 3936 καὶ
1410 3887 1467 3936 τὸ
1516 3885 1565 3936 ἓν
1612 3888 1781 3957 προσ,

178 3992 305 4026 ωπον
360 3972 520 4026 ἀετοῦ
557 3976 648 4025 καὶ
695 3976 754 4024 τό
810 3972 978 4045 ἕτερον
1008 3977 1243 4045 μόσχου,
1302 3979 1392 4025 καὶ
1439 3972 1561 4025 ἄλλο
1614 3978 1781 4045 πρόσ-

178 4082 302 4115 ωπον
368 4062 668 4137 ἀνθρώπου.
722 4065 823 4114 Καὶ
875 4064 1127 4135 πτέρυγες
1198 4062 1541 4115 καθ’ἓκαστον
1618 4066 1782 4132 πρόσ-

179 4170 305 4204 ωπον
360 4154 427 4211 ὡς
472 4155 544 4221 μὴ
601 4151 883 4203 ἐννοεῖσθαί
938 4169 1041 4203 τινι
1088 4152 1155 4203 τὰ
1208 4153 1519 4224 ἔμπροσθεν,
1578 4152 1607 4210 ἣ
1669 4150 1782 4203 ὀπί-

183 4242 316 4296 σθια.
360 4241 444 4292 Τὰ
490 4246 632 4291 νῶτα
680 4237 849 4290 αὐτῶν
898 4237 1171 4312 ὀφθαλμῶν
1215 4240 1392 4311 ἔγεμον
1418 4256 1433 4271 ο
1467 4244 1557 4291 καὶ
1584 4241 1639 4292 αἱ
1666 4258 1781 4292 κοι-

180 4328 277 4381 λίαι
346 4330 543 4400 ὁμοίως
618 4326 983 4401 πεπλήρωνται
1054 4327 1321 4400 ὀμμάτων.
1388 4333 1489 4382 Καὶ
1570 4327 1663 4380 οὐκ
1721 4326 1781 4386 ἦν

181 4423 331 4479 τόπος
359 4437 465 4484 τις,
510 4418 567 4478 ὃς
610 4416 704 4468 οὐκ
751 4418 925 4488 ἔγεμεν
970 4416 1263 4489 ὀφθαλμῶν.
1302 4422 1399 4471 Καὶ
1429 4422 1619 4491 τροχοὶ
1665 4418 1781 4469 καθ’

2312 3173 2453 3245 1-3
2484 3173 2769 3230 HOMILIA
2801 3173 3036 3230 PRIMA.

2078 3262 2426 3332 Allegorica
2458 3262 2872 3334 interpretatio
2902 3262 3143 3319 visionis
3171 3263 3337 3334 apud

2340 3333 2707 3391 Ezechielem
2740 3335 3069 3405 descripta.

1958 3438 1999 3494 Ι.
2027 3441 2215 3506 Quum
2241 3440 2500 3496 Ezechiel
2522 3440 2813 3513 propheta
2833 3442 3101 3498 divinam
3125 3442 3535 3515 illustremque

1888 3528 2172 3584 visionem
2187 3530 2596 3599 viderat‘,eam
2613 3529 2941 3586 litterarum
2957 3532 3353 3587 monumentis
3366 3547 3539 3589 man~

1888 3616 2056 3673 davit
2084 3633 2154 3672 ac
2193 3618 2522 3689 descripsit,
2555 3619 2857 3690 mysteriis
2898 3619 3181 3676 humanae
3213 3622 3398 3677 menti
3429 3622 3539 3677 im-

1889 3706 2106 3776 perviis
2148 3706 2445 3761 refertam.
2495 3706 2643 3762 Vidit
2702 3708 2862 3761 enim
2910 3707 2971 3762 in
3031 3723 3251 3779 campo
3298 3725 3543 3783 currum

1890 3793 2225 3858 Cherubim,
2265 3799 2527 3864 quatuor
2557 3794 2843 3850 animalia
2882 3795 3229 3864 spiritualia.
3275 3796 3541 3860 Quorum

1890 3881 2141 3951 singulis
2182 3888 2349 3937 erant
2378 3887 2639 3954 quatuor
2669 3882 2869 3948 facies,
2908 3884 3003 3937 uni
3038 3883 3282 3954 quidem
3320 3883 3534 3953 leonis,

1888 3969 2055 4026 alteri
2093 3970 2328 4042 aquilae,
2373 3970 2540 4025 tertio
2579 3971 2763 4036 vituli,
2808 3976 3023 4042 quarto
3062 3972 3322 4027 hominis
3361 3971 3542 4027 facies

1890 4067 2031 4115 erat.
2060 4058 2317 4127 Singulis
2340 4074 2584 4132 quoque
2610 4059 2875 4115 faciebus
2899 4065 3067 4116 erant
3096 4059 3225 4126 alae,
3258 4065 3320 4116 ut
3344 4075 3541 4131 neque

1889 4149 2205 4214 anteriora,
2255 4164 2450 4221 neque
2505 4150 2833 4220 posteriora
2879 4149 3161 4219 cognosci
3221 4150 3538 4221 potuerint.

1889 4241 2075 4307 Terga
2119 4237 2357 4293 illorum
2402 4237 2592 4293 oculis
2642 4237 2867 4310 plena:
2914 4244 2971 4294 et
3004 4243 3247 4310 pectora
3277 4238 3546 4295 similiter

1890 4326 2078 4382 oculis
2100 4325 2513 4391 abundabant,
2539 4341 2649 4382 nec
2676 4326 2830 4381 ullus
2854 4332 2978 4383 erat
3005 4326 3194 4391 locus,
3221 4327 3327 4399 qui
3354 4326 3545 4383 oculis

1893 4430 2012 4471 non
2028 4414 2200 4471 fuerit
2217 4414 2619 4485 plenissimus.
2644 4417 2862 4471 Etrotas
2886 4416 3222 4471 secundum
3235 4430 3544 4489 quamque

185 4507 231 4558 ἓν
252 4512 531 4581 πρόσωπον
561 4510 721 4577 τρεῖς,
772 4506 837 4566 ὡς
867 4504 915 4557 ἓν
945 4513 1150 4580 τροχῷ.
1184 4510 1284 4559 Καὶ
1333 4504 1381 4557 ἐν
1430 4513 1540 4568 τοῖς
1568 4511 1781 4578 τροχοῖς

1897 4503 2103 4560 faciem
2130 4510 2263 4569 tres,
2293 4504 2353 4559 in
2380 4504 2630 4559 modum
2660 4509 2806 4559 rotae
2831 4524 2843 4563 :
2879 4510 2933 4561 et
2958 4506 3017 4559 in
3042 4505 3185 4561 rotis
3211 4506 3402 4562 inerat
3428 4504 3547 4576 spi-

190 4591 244 4652 ἦν
266 4604 486 4669 πνεῦμα,
519 4598 612 4646 καὶ
663 4589 795 4647 εἶδεν
821 4596 887 4655 ὡς
938 4596 1179 4667 ὁμοίωμα
1235 4593 1532 4666 ἀνθρώπου,
1576 4600 1667 4647 καὶ
1719 4597 1785 4647 τὰ

192 4684 281 4735 ὑπὸ
333 4688 451 4745 τοὺς
506 4678 681 4745 πόδας
730 4682 910 4749 αὐτοῦ,
988 4685 1058 4745 ὡς
1109 4685 1253 4757 ἔργον
1314 4688 1620 4755 σαπφείρου.
1684 4686 1783 4737 Καὶ

196 4772 321 4844 ἔφερε
368 4776 431 4825 τὸ
482 4772 634 4843 ἅρμα
683 4772 751 4823 τὰ
808 4770 1105 4846 Χερουϐὶμ,
1164 4777 1255 4824 καὶ
1301 4774 1367 4825 τὰ
1418 4772 1528 4832 ζῶα
1570 4775 1655 4824 τὸν
1700 4770 1785 4824 ἔπ-

197 4864 466 4934 οχούμενον
497 4865 790 4919 Amm».
825 4860 901 4913 Οὗ
931 4860 992 4913 ἂν
1024 4858 1255 4913 ἐϐούλετο
1284 4864 1618 4934 πορεύεσθαι,
1649 4863 1786 4914 κατὰ

200 4955 460 5021 πρόσωπόν
513 4952 651 5007 ἕστε.
704 4954 806 5003 Καὶ
863 4946 997 5002 εἶδεν
1040 4951 1283 5002 ὑποκάτω
1344 4958 1441 5003 τῶν
1496 4949 1782 5025 Χερουϐὶμ,

201 5039 259 5099 ὣς
309 5047 468 5112 χεῖρα
525 5037 798 5111 ἀνθρώπου
852 5036 1325 5102 ὑποϐαστάζουσαν
1372 5044 1461 5092 καὶ
1506 5042 1780 5112 φέρουσαν.

265 5128 333 5181 Β’.
384 5129 485 5183 Καὶ
545 5135 701 5180 τοῦτο
750 5129 871 5200 ὅπερ
927 5124 1063 5180 εἶδεν
1112 5129 1137 5179 ὁ
1176 5132 1451 5202 προφήτης
1503 5126 1551 5179 ἐν
1601 5126 1782 5181 fxo-rai-

208 5232 295 5280 σει,
344 5216 583 5275 ἀληθινὸν
650 5213 711 5275 ἦν
770 5222 859 5269 καὶ
914 5215 1149 5289 βέϐαιον.
1210 5214 1575 5271 ’Υπεδείκνυτο
1621 5214 1680 5269 δέ
1734 5237 1786 5270 τι

207 5303 353 5375 ἕτερον
380 5311 467 5359 καὶ
510 5312 863 5379 προετυποῡτο
902 5308 1157 5377 μυστικὸν
1206 5312 1295 5359 καὶ
1336 5308 1504 5359 θεῑκὸν
1545 5312 1782 5381 πρᾶγμα,

208 5400 474 5471 μυστήριον
524 5395 978 5468 ἀποκεκρυμμένον
1027 5395 1231 5459 ἀληθῶς
1279 5394 1381 5449 ἀπὸ
1427 5405 1527 5449 τῶν
1578 5405 1784 5468 γενεῶν,

210 5478 277 5533 ἄπ’
315 5483 548 5558 ἐσχάτων
594 5481 654 5538 δε
700 5492 798 5539 τῶν
844 5489 1038 5557 χρόνον
1091 5486 1373 5560 φανερωθεν
1419 5485 1505 5540 ἰπὶ
1549 5492 1647 5548 τῆς
1677 5484 1787 5539 ἐπι-

274 5652 290 5687 ¹
326 5652 524 5712 Ezech.
555 5668 592 5721 ι,
631 5658 654 5709 ι
687 5666 841 5726 seq.;
870 5667 933 5724 x,
966 5654 999 5707 2
1026 5666 1153 5724 seq.

471 5760 714 5819 PATROL.
753 5757 859 5818 Gn.
901 5758 1149 5821 XXXIV.

1892 4592 2060 4647 ritus.
2094 4595 2157 4647 Et
2183 4592 2323 4647 vidit
2349 4598 2639 4664 tanquam
2671 4591 3123 4647 similitudinem
3164 4593 3447 4657 hominis,
3490 4599 3545 4649 et

1891 4697 2025 4754 qua:
2057 4681 2266 4735 subtus
2301 4681 2483 4753 pedes
2521 4681 2652 4751 ejus
2684 4685 2854 4736 erant
2894 4684 3178 4752 tanquam
3212 4697 3367 4753 opus
3410 4696 3549 4751 sap-

1892 4770 2067 4843 phiri.
2102 4773 2167 4824 Et
2197 4769 2421 4825 ferebat
2452 4784 2661 4824 currus
2703 4768 3044 4833 Cherubim,
3078 4769 3363 4823 animalia
3402 4783 3544 4825 vero

1894 4859 2253 4915 insidentem
2283 4860 2621 4915 Dominum.
2651 4860 3021 4930 Quocunque
3062 4858 3340 4928 progredi
3382 4857 3546 4913 vole-

1893 4949 2058 5015 bant,
2106 4949 2166 5004 in
2216 4947 2426 5004 faciem
2474 4954 2617 5003 erat.
2668 4950 2733 5003 Et
2770 4946 2918 5002 vidit
2966 4946 3178 5001 subtus
3223 4946 3545 5002 Cherubim

1891 5038 2074 5093 veluti
2097 5052 2346 5092 manum
2368 5035 2649 5100 hominis,
2674 5039 3001 5107 gestantem
3029 5039 3083 5089 et
3106 5034 3469 5089 fulcientem.

1965 5127 2025 5181 ll.
2078 5128 2144 5181 Et
2182 5126 2295 5181 hoc
2333 5125 2499 5197 quod
2542 5124 2692 5179 vidit
2736 5124 3031 5195 propheta
3076 5124 3133 5177 in
3179 5123 3396 5178 ecstasi
3440 5137 3549 5179 seu

1894 5222 2135 5287 stupore
2188 5215 2562 5279 constitutus,
2610 5228 2819 5268 verum
2868 5228 2939 5267 ac
2990 5218 3217 5267 certum
3268 5216 3413 5267 erat.
3466 5212 3549 5268 Si-

1895 5304 2296 5376 gniﬁcabatur
2316 5304 2473 5358 enim
2502 5319 2571 5359 ac
2594 5301 3073 5358 adumbrabatur
3094 5302 3214 5357 alia
3240 5302 3546 5373 quaedam,

1896 5410 2017 5450 non
2050 5392 2251 5447 minus
2290 5408 2532 5462 arcana,
2575 5406 2759 5463 quam
2801 5390 3008 5445 divina
3046 5405 3160 5459 res,
3199 5390 3551 5461 mysterium

1899 5482 2119 5539 scilicet
2147 5498 2183 5538 a
2213 5480 2698 5552 generationibus
2721 5494 2925 5536 revera
2948 5478 3391 5547 absconditum.
3428 5495 3553 5538 ma-

3211 5764 3269 5817 15
