4058 6194
547 254 644 313 lbi

1855 245 1917 304 S.
1958 239 2257 301 MACARII
2291 238 2608 299 JEGYPTII

3802 241 3906 302 432

543 381 955 440 nifestandum
986 382 1184 436 tamen
1214 375 1437 432 ultimis
1470 372 1839 445 temporibus
1871 351 1933 427 in
1959 369 2165 442 appari

2306 371 2513 441 φανείας
2538 375 2629 421 τοῦ
2674 375 2939 443 Χριστοῦ.
2977 374 3169 440 Ψυχῆς
3196 369 3295 444 γὰρ
3340 372 3631 444 μυστήριον
3680 369 3902 445 ἐθεώρει,

544 473 703 531 tione
728 470 959 528 Christi.
978 466 1225 524 Videbat
1243 466 1404 521 enim
1423 463 1773 535 mysterium
1797 460 2033 526 animae,
2058 474 2194 531 quae

546 562 865 617 Dominum
898 573 1075 613 suum
1097 554 1469 627 amplexura,
1502 557 1558 608 et
1587 553 1839 608 thronus
1870 549 2072 619 gloriae
2104 547 2195 603 fu-

543 655 673 706 tura
694 654 837 706 erat.
863 648 1076 703 Anima
1099 644 1417 716 siquidem,
1446 657 1581 714 quae
1607 640 1681 695 de
1708 639 1957 710 Spiritus
1980 635 2191 703 sancti,

541 736 936 810 praeparantis
977 735 1139 790 illam
1179 732 1291 788 sibi
1316 732 1376 787 in
1408 730 1610 786 sedem
1650 734 1707 786 et
1734 727 2190 789 habitationem,

539 826 901 897 participare
922 823 1150 879 lumine
1167 822 1352 893 digna
1368 819 1659 891 judicata,
1678 823 1734 872 et
1749 815 2191 888 pulchritudine

540 912 956 971 inenarrabilis
1008 912 1209 984 glorias
1258 911 1387 981 ejus
1441 909 1735 964 illustrata
1786 911 1892 971 est,
1954 910 2074 960 tota
2125 902 2192 960 ﬁt

538 1001 767 1071 lumen,
796 1008 923 1059 tota
945 1001 1129 1058 facies
1158 1004 1214 1055 et
1243 1003 1366 1054 tota
1388 996 1596 1053 oculus
1622 1018 1634 1050 :
1670 1012 1778 1051 nec
1800 994 1923 1069 ulla
1952 1000 2037 1050 est
2058 995 2188 1064 ejus

536 1108 702 1164 pars,
734 1108 868 1165 quas
908 1090 1094 1146 oculis
1136 1087 1541 1162 spiritualibus
1572 1085 1811 1141 luminis
1851 1083 2029 1156 plena
2066 1098 2189 1139 non

537 1184 649 1238 sit:
692 1182 807 1236 hoc
837 1185 943 1248 est,
986 1178 1151 1234 nulla
1190 1177 1320 1249 ejus
1354 1192 1494 1248 pars
1529 1174 1787 1230 tenebris
1826 1172 2040 1238 offusa,
2084 1172 2189 1227 sed

535 1275 662 1328 tota
686 1269 888 1325 lumen
922 1273 977 1323 et
1009 1268 1255 1339 Spiritus
1286 1264 1516 1329 effecta,
1548 1270 1603 1320 et
1632 1266 1755 1319 tota
1792 1260 2045 1327 oculata,
2078 1277 2188 1318 nec

538 1361 919 1427 anteriorem,
945 1372 1056 1412 nec
1090 1354 1481 1427 posteriorem
1513 1358 1742 1425 partem
1778 1351 1959 1406 ullam
1986 1350 2184 1419 habet,

538 1447 645 1504 sed
672 1447 939 1517 undique
968 1446 1026 1500 in
1054 1443 1203 1500 facie
1233 1449 1340 1506 est,
1363 1442 1762 1497 descendente
1790 1457 1969 1512 super
1999 1440 2181 1503 illam,

535 1542 590 1592 et
626 1552 686 1591 1n
725 1551 796 1590 ea
837 1534 1128 1588 insidente
1159 1530 1443 1587 inefiabili
1495 1529 1939 1600 pulchritudine
1982 1527 2185 1598 gloriae

532 1624 775 1680 luminis
792 1622 1021 1678 Christi.
1048 1617 1648 1691 thuemadmodum
1669 1618 1757 1673 sol
1779 1618 2183 1689 undequaque

2304 465 2395 518 τῆς
2462 458 2752 530 μελλούσης
2831 454 3091 530 δέχεσθαι
3151 461 3236 510 τὸν
3294 458 3481 522 ἑαυτῆς
3544 460 3758 533 Κύριθν,
3816 466 3907 511 καὶ

2307 547 2485 618 θρόνος
2533 544 2688 609 δόξης
2737 547 2876 617 αύτῷ
2924 549 3183 619 γενέσθαι.
3247 552 3401 618 Ψυχὴ
3435 550 3534 620 γὰρ
3580 550 3607 606 ὁ
3651 548 3908 611 καταξιω-

2306 634 2456 686 θείσα
2527 644 2839 695 κοινωνῆσαι
2894 643 2963 705 τῷ
3042 638 3301 708 Πνεύματι
3354 643 3445 688 τοῦ
3498 640 3661 708 φωτός
3719 636 3904 702 αὐτοῦ,

2302 727 2392 775 καὶ
2438 723 2869 796 καταλαμφθεῐσα
2923 725 3022 777 ὑπὸ
3091 732 3183 777 τοῦ
3251 723 3471 787 κάλλους
3525 734 3620 787 τῆς
3675 724 3908 799 ἀῤῥὴτου

2303 808 2463 875 δόξης
2494 813 2675 878 αὐτοῦ,
2729 813 3062 885 ἑτόιμάσαντι
3110 814 3270 872 αὐτὴν
3319 813 3483 884 ἑαυτῷ
3526 813 3598 875 εἰς
3642 809 3907 887 καθέδραν

2300 905 2389 954 καὶ
2419 901 2741 977 οἰκητήριον,
2773 902 2862 961 ὅλη
2909 911 3012 975 φῶς
3058 906 3277 974 γίνεται,
3326 907 3415 955 καὶ
3462 902 3551 960 ὅλη
3600 909 3903 977 πρόσωπον,

2299 996 2389 1043 καὶ
2420 991 2508 1050 ὅλη
2562 992 2856 1064 ὀφθαλμός·
2886 996 2976 1044 καὶ
3019 989 3168 1045 οὐδὲν
3213 994 3375 1054 αὐτῆς
3424 996 3577 1066 μέρος
3624 996 3695 1064 μὴ
3746 996 3903 1065 γέμον

2299 1089 2398 1132 τῶν
2453 1090 2811 1153 πνευματικῶν
2860 1080 3133 1153 ὀφθαλμῶν
3176 1088 3265 1133 τοῦ
3318 1086 3484 1153 φωτός
3516 1102 3531 1115 ο
3569 1080 3710 1133 τοῦτ’
3757 1084 3902 1133 ἔστιν

2299 1166 2449 1222 οὐδὲν
2508 1170 2895 1243 ἐσκοτισμένον,
2966 1170 3071 1222 ἀλλ’
3126 1170 3215 1228 ὅλη
3304 1166 3377 1223 δι’
3457 1170 3575 1223 ὅλου
3629 1179 3736 1243 φῶς
3811 1176 3903 1223 καὶ

2297 1267 2500 1331 πνεῦμα
2550 1259 2964 1333 ἁπεργασθεῐσα,
3019 1264 3107 1312 καὶ
3156 1260 3244 1318 ὅλη
3302 1259 3574 1333 ὀφθαλμῶν
3632 1265 3896 1333 γέμουσα,

2296 1351 2366 1419 μὴ
2397 1350 2601 1419 ἔχουσα
2654 1345 2713 1400 δὲ
2742 1349 2957 1423 ὕστερόν
2989 1368 3039 1400 τι
3070 1352 3099 1407 ἦ
3149 1350 3358 1401 ὄπισθεν
3388 1353 3558 1423 μέρος,
3612 1347 3739 1400 ἀλλὰ
3768 1350 3900 1401 πάν-

2297 1455 2358 1494 τη
2407 1439 2543 1489 κατὰ
2593 1443 2869 1512 πρόσωπον
2922 1439 3177 1509 τυγχάνει
3222 1438 3376 1501 ούσα,
3418 1437 3786 1499 ἐπιϐεϐηκότος
3816 1438 3895 1491 ἐπ’

2295 1526 2454 1584 αὐτὴν
2504 1532 2593 1579 καὶ
2652 1529 3073 1588 ἑπικαθεσθέντος
3123 1535 3212 1580 τοῦ
3271 1526 3497 1602 ἀρρήτου
3529 1528 3751 1589 κάλλους
3799 1538 3899 1589 τῆς

2296 1610 2452 1677 δόξης
2507 1623 2598 1667 τοῦ
2630 1619 2809 1687 φωτὸς,
2870 1624 2961 1668 τοῦ
3007 1623 3265 1690 Χριστοῦ.
3324 1620 3426 1668 Καὶ
3476 1616 3647 1689 ὥσπερ
3681 1618 3706 1668 6
3749 1616 3898 1679 ἠλίος

534 1713 626 1769 sui
646 1712 877 1776 similis,
898 1710 953 1783 4
973 1709 1200 1765 nullam
1222 1715 1448 1781 partem
1470 1714 1772 1779 posteram
1787 1714 1889 1762 aut
1910 1706 2165 1777 imperfe

2295 1706 2458 1762 πάντη
2519 1706 2691 1776 ὅμοιός
2719 1704 2849 1770 ἐστι,
2904 1709 2975 1777 μὴ
3029 1708 3164 1776 ἔχων
3211 1725 3261 1756 τι
3291 1709 3445 1778 μέρος
3488 1705 3703 1779 ὕστερον
3734 1709 3763 1765 ἦ
3821 1705 3897 1758 ἐλ-

530 1806 689 1859 ctam
718 1800 918 1866 habet,
950 1800 1055 1855 sed
1080 1805 1238 1854 totus
1263 1797 1509 1854 omnino
1539 1796 1765 1851 lumine
1792 1801 2084 1861 coruscat,
2125 1801 2181 1851 et

531 1897 689 1961 totus
728 1890 932 1946 lumen
964 1894 1069 1955 est,
1108 1904 1180 1944 ex
1211 1886 1505 1942 similibus
1535 1884 1806 1956 partibus
1846 1885 2178 1951 conﬂatus;

528 1985 631 2037 aut
676 1978 1195 2052 quemadmodum
1245 1976 1419 2045 ignis,
1465 1974 1665 2046 ipsum
1719 1972 1937 2028 scilicet
1972 1972 2175 2028 lumen

526 2067 705 2141 ignis,
740 2072 901 2123 totus
936 2066 1050 2122 sibi
1090 2064 1299 2121 similis
1330 2069 1436 2129 est,
1476 2079 1584 2118 nec
1622 2064 1905 2127 anterius,
1944 2066 2047 2117 aut
2075 2078 2178 2127 po-

528 2157 760 2223 sterius,
783 2162 887 2212 aut
910 2155 1133 2225 majus,
1163 2159 1266 2209 aut
1295 2153 1492 2208 minus
1514 2151 1660 2224 quid
1682 2152 1740 2206 in
1766 2167 1826 2206 se
1844 2151 2025 2207 habet
2052 2169 2064 2207 :
2094 2152 2179 2207 sic

525 2252 581 2301 et
620 2247 846 2311 anima,
880 2242 1163 2299 ineffabili
1209 2241 1650 2314 pulchritudine
1692 2241 1894 2311 gloriae
1931 2240 2176 2296 luminis

523 2333 695 2390 faciei
737 2333 947 2389 Christi
976 2331 1230 2403 perfecte
1271 2330 1579 2396 illustrata,
1612 2336 1668 2385 et
1707 2330 1958 2401 Spiritus
1986 2331 2175 2387 sancti

524 2423 779 2495 perfecte
814 2423 1108 2492 particeps
1138 2419 1313 2485 facta,
1347 2425 1565 2490 etquae
1602 2419 1767 2474 ﬁeret
1791 2418 2080 2474 habitatio
2120 2426 2175 2475 et

524 2512 695 2567 sedes
732 2510 827 2565 Dei
861 2510 1043 2579 digna
1067 2508 1353 2578 iudicata,
1387 2513 1507 2563 tota
1532 2510 1764 2572 oculus,
1796 2513 1915 2563 tota
1944 2507 2168 2575 lumen,

526 2606 646 2657 tota
675 2599 876 2664 facies,
914 2604 1037 2655 tota
1071 2597 1260 2667 gloria
1289 2603 1344 2653 et
1382 2602 1500 2652 tota
1524 2596 1767 2668 spiritus
1794 2597 1877 2661 ﬁt,
1912 2597 1991 2651 ita
2019 2612 2170 2667 prae-

521 2693 772 2759 parante
795 2704 929 2743 eam
952 2686 1204 2753 Christo,
1230 2686 1469 2751 ferente,
1494 2691 1726 2756 agente,
1758 2689 2047 2756 portante,
2078 2702 2171 2757 ge-

520 2782 737 2845 stante,
760 2777 960 2848 sicque
979 2782 1303 2831 exornante
1317 2791 1386 2830 ac
1407 2775 1725 2830 decorante
1739 2774 1899 2830 illam
1914 2763 2172 2846 pulchri-

518 2866 724 2921 tudine
743 2864 1035 2936 spirituali
1058 2882 1071 2931 ;
1096 2864 1501 2935 inquitenim:
1527 2863 1743 2919 Manus
1765 2862 2018 2919 hominis
2040 2869 2169 2919 erat

515 2955 718 3010 subtus
748 2954 1065 3010 Cherubim
1084 2958 1125 3007 ³.
1149 2953 1298 3018 Quia
1323 2953 1448 3025 ipse
1478 2956 1566 3008 est
1592 2952 1697 3024 qui
1727 2953 1787 3008 in
1809 2969 1879 3009 ea
1908 2952 2165 3020 vehitur,

519 3049 575 3100 et
599 3044 701 3116 qui
732 3043 892 3100 viam
919 3043 972 3098 ei
1002 3045 1453 3098 commonstrat.

595 3221 680 3276 IlI.
710 3222 976 3287 Quatuor
998 3224 1198 3275 autem
1226 3220 1325 3276 illa
1346 3219 1630 3275 animalia
1653 3236 1894 3276 currum
1917 3220 2165 3277 ferentia

512 3313 724 3381 typum
756 3325 879 3379 prae
897 3325 959 3364 se
992 3308 1260 3363 ferebant
1281 3310 1719 3379 praecipuarum
1748 3309 1965 3363 animae
1991 3310 2165 3365 ratio-

508 3397 664 3452 nalis
680 3398 963 3467 partium.
987 3396 1511 3461 Quemadmodum
1535 3397 1693 3451 enim
1713 3397 1916 3468 aquila
1933 3398 2160 3453 caeteris

509 3485 724 3541 avibus
749 3484 1116 3549 dominatur,
1160 3491 1216 3539 et
1244 3484 1338 3539 leo
1368 3485 1704 3554 agrestibus
1742 3485 1898 3551 feris,
1927 3502 1997 3541 ac
2040 3493 2163 3542 tau-

504 3589 607 3630 rus
640 3573 968 3630 mansuetis
1002 3573 1384 3635 animalibus,
1409 3580 1464 3629 et
1494 3575 1676 3630 homo
1704 3577 1987 3631 creaturis
2009 3592 2159 3647 prae-

505 3668 621 3720 stat
652 3683 666 3725 :
702 3664 785 3719 sic
814 3668 869 3719 et
894 3664 1111 3720 animas
1143 3669 1279 3717 sunt
1311 3664 1611 3733 potentias,
1646 3664 1776 3719 alite
1810 3664 1937 3720 aliis
1968 3665 2161 3721 excel-

500 3752 801 3810 lentiores.
841 3754 980 3809 Dico
1018 3757 1241 3818 autem,
1278 3751 1665 3822 voluntatem,
1704 3756 2155 3823 conscientiam,

503 3850 767 3899 mentem
813 3847 868 3898 et
906 3842 1194 3914 diligendi
1233 3841 1376 3896 vim.
1424 3845 1525 3897 Per
1565 3841 1693 3897 illas
1737 3844 1898 3897 enim
1948 3860 2157 3900 currus

500 3934 718 3989 animae
737 3932 1125 4002 gubernatur,
1158 3936 1211 3985 et
1236 3928 1297 3985 in
1323 3930 1412 3985 his
1438 3932 1751 4003 requiescit
1786 3935 1955 3987 Deus.
1980 3934 2157 3989 Aliter

500 4036 643 4078 vero
683 4028 739 4077 et
778 4021 855 4076 ad
887 4020 1189 4076 caelestem
1222 4026 1562 4074 sanctorum
1605 4020 1927 4076 Ecclesiam
1960 4029 2155 4077 trans-

495 4109 632 4165 ferri
681 4110 796 4164 hoc
844 4114 1056 4180 potest.
1112 4111 1173 4162 Et
1225 4108 1744 4178 quemadmodum
1807 4110 1947 4164 illuc
1990 4112 2149 4177 dicit,

496 4198 660 4268 quod
685 4197 975 4252 animalia
998 4201 1169 4252 erant
1197 4196 1372 4251 valde
1398 4194 1700 4263 sublimia,
1727 4199 1909 4265 plena
1940 4200 2145 4265 oculis,

495 4300 604 4341 nec
616 4286 888 4354 cuiquam
903 4285 1113 4339 licebat
1129 4284 1625 4350 comprehendere
1637 4300 1937 4340 numerum
1953 4288 2145 4343 oculo-

492 4388 648 4443 rum,
674 4379 780 4428 aut
800 4372 1222 4427 sublimitatem
1243 4374 1262 4405 ³
1284 4409 1299 4436 ,
1327 4373 1471 4443 quia
1491 4372 1705 4427 horum
1725 4377 1983 4441 cognitio
2006 4377 2147 4433 data

492 4478 614 4516 non
646 4466 733 4516 est
757 4477 771 4528 ;
801 4459 1388 4532 etquemadmodum
1412 4460 1609 4515 sidera
1630 4461 1688 4515 in
1716 4462 1867 4517 caelo
1886 4470 2145 4521 contem-

488 4550 641 4622 plari
672 4555 727 4606 et
752 4550 1037 4606 admirari
1065 4548 1274 4604 datum
1311 4553 1398 4605 est
1429 4550 1712 4605 omnibus
1745 4550 2093 4609 hominibus
2126 4574 2138 4610 :

459 4684 461 4687 τ
488 4656 807 4696 numerum
828 4654 968 4695 vero
990 4654 1199 4694 eorum
1218 4654 1580 4707 cognoscere
1597 4639 1653 4693 in
1675 4639 1893 4695 nullius
1916 4641 2142 4698 viribus

487 4735 613 4787 est:
658 4728 871 4785 eodem
910 4727 1093 4783 modo
1133 4727 1195 4781 in
1225 4726 1523 4782 etelestem
1557 4734 1899 4783 sanctorum
1954 4733 2142 4787 Eccle-

485 4822 638 4875 siam
678 4817 909 4890 ingredi
940 4816 1186 4887 quidem
1214 4821 1270 4871 et
1297 4815 1611 4871 refocillari
1642 4817 1926 4873 omnibus
1957 4827 2137 4878 certa-

483 4924 622 4965 men
649 4908 883 4963 inituris
906 4906 1037 4962 licet
1068 4925 1079 4965 :
1115 4921 1479 4975 cognoscere
1510 4921 1650 4961 vero
1674 4911 1729 4962 et
1750 4911 2135 4980 comprehen-

482 4998 623 5053 dere
671 5012 1014 5063 numerum,
1065 4994 1172 5050 soli
1230 4997 1345 5050 Deo
1393 4994 1727 5061 ascribitur,
1776 4996 1976 5068 illique
2026 5000 2137 5056 soli

480 5087 775 5143 tribuitur.
822 5086 1023 5141 Fertur
1069 5084 1248 5154 igitur
1283 5089 1339 5139 et
1385 5084 1614 5140 vehitur
1658 5086 1923 5141 insidens
1962 5088 2056 5143 ille
2100 5105 2135 5146 a

479 5190 656 5231 curru
708 5179 766 5229 et
822 5175 1039 5230 throno
1089 5173 1461 5230 oculatorum
1518 5174 1892 5241 animalium,
1948 5182 2049 5234 aut
2097 5195 2133 5235 a

474 5263 741 5335 qualibet
760 5264 987 5331 anima,
1010 5278 1147 5334 quae
1170 5262 1283 5333 ipsi
1306 5262 1555 5317 thronus
1579 5269 1636 5318 et
1652 5264 1823 5320 sedes
1847 5265 1999 5322 facta
2021 5272 2127 5333 est,

475 5357 533 5408 et
573 5368 709 5424 quas
740 5352 949 5408 oculus
988 5356 1045 5407 et
1073 5351 1279 5407 lumen
1332 5351 1569 5423 exsistit,
1615 5367 1752 5408 cum
1794 5356 2133 5414 ascenderit

543 5637 565 5675 ³
594 5633 799 5694 Ezech.
833 5651 887 5709 χ,
912 5638 965 5694 4.
1044 5635 1067 5673 ⁸
1094 5635 1239 5694 ibid.
1270 5636 1358 5694 l2.

2199 3081 2237 3136 C

2293 1792 2483 1860 λεῖπον,
2540 1792 2644 1846 ἀλλ’
2699 1794 2809 1855 ὅλος
2843 1794 2894 1857 ἐξ
2940 1794 3057 1847 ὅλου
3112 1790 3435 1858 δεδόξασται
3484 1802 3553 1865 τῷ
3604 1800 3753 1867 φωτὶ,
3804 1801 3896 1848 xui

2292 1881 2407 1944 ὅλος
2478 1892 2581 1955 φῶς
2636 1886 2791 1949 ἔστιν,
2867 1885 3176 1957 ὅμοιοφερὴς
3248 1886 3567 1955 τυγχάνων·
3622 1888 3651 1943 ἦ
3716 1886 3892 1958 ὥσπερ

2292 1979 2414 2044 πῦρ,
2446 1973 2570 2024 αὐτὸ
2602 1976 2658 2024 τό
2708 1981 2811 2045 φῶς
2841 1981 2931 2025 τοῦ
2978 1977 3161 2046 πυρὸς,
3204 1973 3315 2025 ὅλον
3356 1975 3530 2046 ὅμοιον
3578 1975 3719 2043 αὑτῷ
3753 1972 3890 2039 ἔστι,

2290 2065 2379 2112 καὶ
2408 2060 2503 2113 ούκ
2530 2064 2641 2133 ἔχει
2685 2061 2732 2113 ἐν
2787 2061 2951 2133 ἑαυτῷ
2997 2071 3219 2137 πρῶτον,
3254 2066 3284 2120 ἦ
3314 2064 3557 2133 ἔσχατον,
3605 2066 3636 2121 ἦ
3686 2063 3894 2135 μεῖζον,

2290 2154 2378 2202 καὶ
2429 2150 2636 2203 ἔλαττον
2669 2166 2684 2182 ⁸
2724 2152 2858 2203 οὕτω
2909 2156 2997 2205 xui
3048 2151 3203 2223 ψυχὴ
3239 2154 3268 2210 ὴ
3330 2152 3763 2225 καταλαμφθεῖσα
3814 2172 3896 2205 τε·

2288 2236 2433 2301 λείως
2476 2242 2574 2292 ὑπὸ
2627 2248 2718 2293 τοῦ
2769 2240 2994 2315 ἀρρήτου
3045 2240 3264 2302 κάλλους
3310 2250 3405 2302 τῆς
3448 2237 3605 2304 δόξης
3657 2249 3751 2294 τοῦ
3782 2263 3893 2313 φω-

2287 2331 2370 2388 τὸς
2426 2336 2517 2381 τοῦ
2574 2334 2857 2402 προσώπου
2911 2336 3003 2382 τοῦ
3055 2337 3312 2402 Χριστοῦ,
3372 2335 3457 2383 xui
3517 2336 3895 2389 κοινωνήσασα

2290 2420 2547 2489 Πνεύματι
2596 2417 2728 2489 ἁγίῳ
2780 2418 3001 2486 τέλείως,
3044 2424 3133 2471 καὶ
3184 2424 3583 2493 κατοικητήριον
3626 2425 3715 2472 xui
3772 2422 3893 2492 θρό-

2283 2526 2365 2567 νος
2417 2514 2549 2559 Θεοῦ
2605 2507 2991 2569 καταξιωθεϊσα
3036 2510 3296 2578 γενέσθαι,
3342 2508 3431 2566 ὅλη
3483 2508 3766 2581 ὀφθαλμός,
3800 2524 3891 2572 καὶ

2284 2594 2373 2652 ὅλη
2404 2604 2527 2667 φῶς,
2562 2600 2651 2647 καὶ
2693 2595 2781 2653 ὅλη
2826 2602 3125 2668 πρόσωπον,
3174 2602 3264 2649 xui
3296 2596 3386 2655 ὅλη
3438 2593 3589 2662 δόξα,
3645 2604 3735 2651 καὶ
3790 2600 3886 2657 ὅλη

2281 2692 2483 2757 πνεῦμα
2519 2689 2738 2756 γίνεται,
2794 2685 2952 2745 οὕτως
3004 2685 3160 2743 αὐτὴν
3212 2687 3693 2748 κατασκευάζοντος
3744 2695 3885 2763 Χρι-

2285 2781 2431 2838 στοῦ,
2476 2780 2568 2826 τοῦ
2622 2777 2859 2848 φέροντος
2918 2779 3007 2827 xui
3055 2776 3292 2846 ἄγοντος,
3347 2781 3437 2828 xui
3494 2774 3884 2849 βαστάζοντος,

2279 2868 2371 2915 xui
2399 2871 2675 2936 φοροῦντος
2705 2863 2885 2927 αὐτὴν,
2918 2868 3007 2915 xui
3044 2863 3179 2915 οὕτω
3224 2864 3636 2938 εύτρεπίζοντος,
3666 2871 3758 2919 καὶ
3790 2888 3887 2919 κα-

2280 2960 2670 3024 τακοσμοῦντος
2698 2952 2871 3005 κάλλει
2901 2962 3257 3025 πνευματικῷ·
3293 2958 3381 3005 καὶ
3410 2957 3511 3026 γάρ
3541 2974 3692 3026 φησι,
3718 2963 3763 3011 Χ
3783 2962 3883 3032 εὶρ

2278 3041 2611 3113 ἀνθρώπου
2651 3042 2952 3094 ὑποκάτω
2999 3037 3070 3099 ἦν
3109 3050 3228 3094 τῶν
3267 3042 3598 3115 Χερουϐὶμ
3628 3059 3640 3072 '
3678 3046 3761 3097 ὅτι
3787 3046 3885 3098 αύ-

2273 3136 2362 3192 τός
2391 3133 2530 3183 ἐστιν
2562 3133 2586 3181 ό
2616 3129 2664 3181 ἐν
2711 3132 2837 3202 αὐτῇ
2872 3129 3287 3203 βασταζόμενος,
3320 3137 3409 3184 xui
3457 3129 3664 3205 ὁδηγῶν
3689 3134 3883 3194 αὐτήν.

2346 3219 2424 3276 Γ’.
2463 3223 2635 3272 Τύπον
2691 3217 2750 3272 δε
2807 3222 2977 3294 ἔφερον
3031 3223 3096 3272 τὰ
3141 3224 3339 3295 τέσαρα
3386 3222 3498 3282 ζῶα
3550 3225 3618 3275 τὰ
3662 3226 3885 3297 φέροντα

2274 3311 2330 3359 τὸ
2384 3307 2545 3382 ἅρμα,
2597 3307 2765 3359 αὐτῶν
2810 3316 2911 3359 τῶν
2969 3310 3289 3381 ἡγεμονικῶν
3322 3309 3584 3381 λογισμῶν
3627 3319 3720 3373 τῆς
3767 3312 3885 3383 ψυ-

2272 3404 2400 3468 χῆς.
2451 3396 2649 3472 Ὠσπερ
2702 3401 2802 3472 γὰρ
2834 3400 2859 3448 6
2888 3397 3034 3458 ἀετός
3090 3397 3357 3471 βασιλεύει
3386 3407 3486 3452 τῶν
3527 3398 3731 3473 ὀρνέων,
3784 3408 3884 3455 καὶ

2274 3487 2298 3536 ὁ
2327 3484 2449 3538 λέων
2493 3495 2592 3537 τῶν
2646 3485 2839 3560 ἀγρίων
2892 3489 3105 3559 θηρίων,
3158 3494 3247 3540 καὶ
3296 3490 3322 3540 ό
3349 3496 3536 3561 ταῦρος
3590 3498 3688 3541 τῶν
3753 3492 3886 3562 ἠμέ-

2270 3594 2371 3648 ρων
2426 3575 2589 3640 ζώων,
2644 3576 2792 3626 καὶὸ
2830 3577 3102 3648 ἅνθρωπος
3157 3586 3256 3629 τῶν
3312 3580 3649 3649 κτισμάτων·
3710 3580 3884 3643 οὕτως

2271 3663 2373 3715 εἰσὶ
2403 3669 2491 3715 xui
2522 3666 2570 3715 οἱ
2601 3662 3005 3737 βασιλικώτεροι
3049 3665 3296 3738 λογισμοὶ
3325 3676 3415 3728 τῆς
3461 3667 3644 3739 ψυχῆς
3683 3682 3696 3696 ⁸
3736 3668 3881 3741 λέγω

2271 3749 2350 3821 δε,
2404 3756 2462 3805 τὸ
2514 3753 2727 3824 θέλημα,
2782 3755 2813 3812 ἡ
2867 3752 3191 3820 συνείδησις,
3238 3757 3429 3821 όνοῦς,
3480 3760 3509 3815 ἡ
3560 3757 3873 3829 ἀγαπητική

2270 3839 2493 3914 δύναμις
2528 3857 2540 3868 ·
2582 3840 2653 3894 δι’
2712 3842 2880 3895 αὐτῶν
2934 3847 3033 3918 γὰρ
3060 3847 3119 3896 τό
3163 3842 3308 3918 ἅρμα
3334 3853 3425 3905 τῆς
3468 3844 3649 3917 ψυχῆς
3678 3848 3879 3921 κυϐερ-

2265 3938 2435 3997 νᾶται,
2494 3936 2584 3982 καὶ
2640 3931 2711 3993 εἰς
2751 3935 2970 3994 τούτους
3012 3935 3396 3986 ἐπαναπαύεται
3443 3935 3469 3985 ὁ
3524 3940 3665 3995 Θεὸς.
3736 3938 3872 3990 Κατ’

2264 4020 2413 4072 ἄλλον
2464 4016 2523 4073 δι
2572 4026 2776 4093 τρόπον,
2813 4020 2885 4083 εἰς
2931 4026 3023 4079 τὴν
3071 4024 3373 4095 ἐπουράνιον
3406 4022 3718 4081 Ἐκκλησίαν
3768 4031 3871 4085 τὴν

2263 4118 2361 4160 τῶν
2404 4109 2566 4180 ἁγίων
2615 4109 2947 4182 λαμϐάνεται.
3018 4116 3113 4164 Καὶ
3184 4113 3358 4184 ὥσπερ
3417 4111 3518 4164 ἐκεῖ
3571 4112 3730 4183 λέγει,
3784 4114 3871 4168 ὃτι

2261 4200 2346 4248 Τὰ
2376 4198 2503 4257 ζῶα
2533 4195 2602 4256 ἧν
2633 4199 2845 4269 ὑψηλὰ
2872 4200 3031 4265 λίαν,
3059 4204 3338 4272 γέμοντα
3366 4200 3723 4273 ὀφθαλμῶν,
3753 4211 3868 4258 καὶ

2259 4285 2370 4337 οῦκ
2412 4283 2483 4345 ἦν
2525 4283 2797 4341 δυνατόν
2838 4308 2965 4341 τινι
2995 4288 3389 4342 καταλαϐεῖν
3425 4294 3534 4342 τόν
3562 4288 3867 4364 ἀριθμὸν

2258 4383 2373 4425 τῶν
2414 4375 2770 4449 ὀφθαλμῶν,
2806 4378 2835 4438 ἠ
2879 4382 2945 4431 τὸ
2984 4378 3163 4449 ύψος,
3218 4384 3296 4432 ὅτι
3325 4379 3420 4431 ούκ
3450 4375 3607 4438 ἐδόθη
3657 4385 3866 4436 τούτων

2256 4464 2285 4521 ἡ
2320 4474 2506 4535 γνῶσις
2529 4487 2541 4499 ·
2571 4472 2660 4518 καὶ
2690 4470 2862 4539 ὥσπερ
2894 4470 2960 4519 τὰ
2989 4467 3039 4519 ἐν
3068 4465 3269 4541 ούρανῷ
3300 4470 3492 4543 ἄστρα,
3524 4473 3580 4522 τό
3611 4472 3703 4541 μὲν
3737 4474 3868 4525 θεω-

2252 4561 2359 4627 ρεῖν
2386 4560 2476 4607 καὶ
2504 4557 2788 4627 θαυμάζειν
2820 4553 2975 4615 ἐδόθη
3008 4564 3170 4610 πᾶσιν
3198 4557 3509 4631 ἀνθρώποις,
3544 4562 3603 4611 τό
3634 4557 3695 4614 δε
3726 4558 3867 4616 εἶδέ·

2252 4664 2336 4695 ναι
2362 4648 2447 4695 τὸν
2477 4647 2698 4719 ἀριθμόν
2730 4645 2898 4697 αὐτῶν
2929 4643 3102 4699 οὐδενὶ
3135 4643 3357 4700 δυνατόν
3381 4666 3395 4681 ο
3423 4650 3510 4699 τόν
3540 4647 3698 4700 αὐτὸν
3739 4655 3867 4722 τρὸ·

2250 4751 2344 4785 πον
2374 4736 2456 4785 ἐπὶ
2485 4742 2578 4796 τῆς
2618 4734 2924 4809 ἐπουρανίου
2955 4735 3264 4797 Ἐκκλησίας
3294 4745 3395 4789 τῶν
3449 4736 3631 4808 ἁγίων,
3664 4742 3725 4790 τό
3765 4743 3866 4810 μεν

2251 4821 2490 4875 εἰσελθεῖν
2538 4829 2627 4875 καὶ
2682 4823 2957 4877 ἀπολαύειν
3011 4828 3083 4887 εἰς
3132 4825 3296 4885 αὐτὴν
3342 4831 3477 4878 πᾶσι
3505 4833 3617 4887 τοίς
3666 4825 3865 4899 βουλο-

2248 4915 2421 4982 μένοις
2452 4911 2815 4984 ἀγωνίσασθαι
2866 4911 3025 4973 ὶδόθη
3051 4933 3064 4948 ·
3098 4918 3158 4967 τὸ
3191 4912 3250 4968 δὲ
3301 4912 3430 4968 ἰδεῖν
3484 4919 3572 4967 xui
3626 4918 3863 4971 καταλα-

2247 4999 2350 5052 ϐεῖν
2407 5006 2494 5054 τόν
2548 5001 2790 5075 ἀριθμόν,
2852 5004 2991 5075 αὐτῷ
3040 5008 3179 5076 μόνῷ
3240 5012 3355 5075 Θεῷ
3404 5003 3717 5075 ἀπονέμεται
3773 5028 3860 5078 γι-

2243 5096 2483 5146 νώσκειν.
2536 5090 2752 5163 ”Αγεται
2798 5099 2968 5145 τοίνυν
3017 5100 3105 5147 xui
3155 5098 3362 5168 φέρεται
3414 5096 3440 5146 ὅ
3494 5093 3858 5168 ἐποχούμενος

2244 5181 2344 5232 ύπὸ
2398 5189 2491 5233 τοῦ
2542 5180 2790 5254 ἅρματος,
2846 5188 2936 5235 xui
2991 5191 3083 5236 τοῦ
3140 5186 3322 5255 θρόνου
3356 5192 3455 5236 τῶν
3507 5183 3855 5259 όλοφθάλμων

2244 5269 2408 5335 ζώων,
2438 5274 2555 5329 ἤτοι
2598 5271 2677 5343 ὑφ’
2728 5272 2956 5335 ἑκάστης
3000 5272 3187 5345 ψυχῆς
3217 5278 3493 5346 γινομένης
3538 5272 3685 5345 αύτῷ
3732 5278 3854 5350 θρό-

2239 5378 2327 5412 νου
2380 5365 2471 5413 καὶ
2521 5357 2802 5436 καθέδρας,
2852 5366 2942 5415 xui
2988 5365 3151 5426 όῦσης
3198 5363 3465 5437 ὀφθαλμοῦ
3505 5368 3596 5417 xui
3650 5370 3848 5438 φωτός,
