4086 6194
37 221 66 239 4-

153 329 256 386 453

1422 317 1763 378 HOMILIAS.
1803 345 1873 362 -
1913 317 2087 375 HOM.
2129 318 2169 374 ι.

3415 319 3523 376 454

150 455 478 518 ἕπιϐεϐηκὼς
518 453 651 527 αὑτῇ
699 456 791 506 καὶ
838 454 1067 525 ἡνιοχῶν
1091 457 1206 514 ταῖς
1252 452 1422 513 ἡνίαις
1469 457 1562 503 τοῦ
1596 450 1754 502 Πνεύ-

1870 460 2044 516 super
2073 443 2535 510 illam,habenis
2565 444 2814 516 Spiritus
2839 459 2976 501 eam
2997 460 3233 516 regens,
3267 451 3324 502 et
3343 449 3523 518 prout

151 565 332 618 ματος,
384 550 476 598 καὶ
519 546 692 606 καθὼς
737 542 1031 607 ἐπίσταται,
1077 538 1287 613 ὁδηγῶν
1331 540 1514 599 αὑτήν.
1553 538 1753 612 ⁶Ωσπερ

149 638 252 710 γὰρ
311 637 380 688 τὰ
434 635 548 695 ζῶα
600 637 666 687 τά
725 635 1068 706 πνευματικὰ,
1129 631 1234 704 ούχ
1291 632 1418 684 ὅπου
1487 627 1755 682 ἐϐούλοντο

149 726 466 797 πορεύεσθαι
507 723 830 796 ἐπορεύοντο,
883 721 991 775 ἀλλ’
1044 723 1174 776 ὅπου
1221 717 1342 780 ἤδει
1371 725 1460 772 καὶ
1508 719 1680 778 ἢθελεν
1728 718 1754 769 ὅ

149 813 531 888 ἐπικαθήμενος
579 819 670 866 καὶ
718 815 960 866 εὐθύνων.
1017 812 1168 865 Ούτω
1232 815 1323 864 καὶ
1371 811 1609 875 ἐνταῦθα,
1663 806 1754 860 αὐο

148 907 237 966 τὸς
284 906 495 976 ἡνιοχεῖ
545 907 636 956 καὶ
691 901 808 974 ἄγει
854 899 1064 974 ὁδηγῶν
1111 907 1181 972 τῷ
1234 901 1496 971 Πνιύματι
1551 898 1709 952 αὑτοῦ
1737 910 1750 924 ⁸

151 992 316 1056 οὕτως
373 997 466 1046 καὶ
521 994 846 1066 πορεύονται,
914 991 973 1044 ού
1027 993 1165 1044 κατά
1216 993 1276 1044 τό
1337 991 1504 1042 αὑτῶν
1559 988 1756 1060 θελημα

150 1083 236 1136 ὅτι
287 1081 566 1155 βούλονται
623 1081 672 1135 ἕν
725 1089 798 1152 τῷ
863 1081 1102 1155 οὐρανῷ·
1159 1085 1248 1134 καὶ
1297 1079 1601 1154 ἒρῥιμμένου
1663 1086 1754 1132 τού

157 1176 393 1244 σώματος
443 1173 654 1243 ἡνιοχεῖ
706 1175 796 1224 καὶ
847 1169 1044 1224 ἐλαύνει
1109 1169 1158 1222 ἕν
1221 1177 1330 1230 τοῖς
1394 1169 1630 1244 οὐρανοῖς
1683 1165 1755 1239 τῷ

152 1265 446 1335 φρονήματι
500 1265 591 1319 τὴν
639 1259 865 1332 ψυχήνθ
916 1264 1008 1312 καὶ
1049 1259 1203 1313 πάλιν
1241 1260 1324 1312 ὅτε
1368 1257 1636 1331 βούλεται,
1679 1260 1755 1332 ἕρ-

147 1369 308 1422 χεται
357 1349 404 1402 ἐν
428 1357 501 1421 τῷ
549 1355 757 1423 σώματι
798 1354 1029 1412 καὶτοῖς
1071 1348 1346 1422 λογισμοῖς
1369 1365 1382 1379 ’
1418 1349 1498 1400 ὅτε
1541 1343 1600 1400 δὲ
1633 1345 1757 1419 βού-

145 1439 292 1492 λεται
341 1439 414 1500 εἰς
453 1440 520 1492 τὰ
561 1443 763 1514 πέρατα
801 1446 896 1502 τῆς
943 1446 1068 1510 γῆς,
1109 1444 1200 1491 καὶ
1251 1436 1604 1508 ἀποκαλύψεις
1655 1457 1758 1508 μυ-

148 1533 384 1601 στηρίων
424 1525 690 1581 δείκνυσιν
728 1527 887 1600 αὐτῇ.
930 1527 998 1580 Ὠ
1033 1535 1126 1581 τοῦ
1165 1527 1321 1580 καλοῦ
1359 1533 1449 1580 καὶ
1485 1532 1753 1599 χρηστοῦ,

141 1623 308 1690 μόνου
369 1620 594 1690 ἡνιόχου
646 1617 928 1676 ἀληθινοῦι
973 1617 1124 1670 Ούτω
1165 1613 1223 1670 δε
1270 1617 1759 1680 καταξιωθήσονται

143 1711 236 1760 καὶ
285 1709 357 1760 τὰ
413 1713 636 1780 σώματα
682 1705 731 1758 ἕν
774 1713 836 1780 τῇ
887 1705 1194 1770 ἀναστάσει,
1249 1713 1344 1768 τῆς
1393 1705 1578 1778 ψυχῆς
1622 1706 1757 1758 οὑτω

142 1805 234 1849 νῦν
295 1793 786 1870 προδοξαζομὲνης,
848 1800 941 1850 καὶ
997 1804 1070 1868 τῷ
1145 1798 1406 1867 Πνεύματι
1477 1794 1758 1868 ἀνακιρνω-
1792 1836 1835 1892 Β

142 1890 329 1960 μένης.
371 1888 373 1890 ’

215 2010 299 2069 A'.
336 2008 463 2064 Ὀτι
513 2005 572 2064 δι
617 2011 854 2084 οὑράνιον
885 2017 984 2083 φῶς
1011 2013 1279 2082 γίγνονται
1325 2010 1381 2062 αἱ
1430 2008 1610 2082 ψυχαὶ
1657 2016 1756 2061 τῶν

142 2096 390 2166 δικὰίων,
453 2099 607 2162 αύτὸς
663 2100 689 2152 ὅ
753 2102 944 2176 Κύριος
1006 2106 1117 2161 τοῖς
1182 2098 1484 2160 ἀποστόλοις
1548 2098 1754 2170 ἔλεγεν·

136 2188 358 2262 Ὑμεῖς
396 2191 545 2242 ἕστε
585 2192 649 2242 τὸ
689 2196 808 2263 φῶς
848 2196 958 2242 τοῦ
997 2194 1269 2261 κόσμου.
1299 2188 1579 2261 Αύτὸςγὰρ
1603 2186 1758 2262 ἀπερ-

139 2280 448 2352 γασάμενος
505 2277 695 2340 αύτούς
763 2286 887 2352 φῶς,
952 2275 1026 2332 δι’
1076 2278 1243 2332 αὑτῶν
1297 2278 1617 2351 φωτίζεσθαι
1667 2281 1754 2328 τὸν

139 2375 345 2442 κόσμον
369 2369 658 2443 προσέταξε
681 2374 822 2435 ’καὶ,
858 2368 946 2422 Ού
983 2373 1279 2434 καίουσι,
1309 2371 1462 2441 φησὶ,
1493 2367 1750 2439 λύχνον,

137 2464 254 2512 καὶ
292 2459 600 2511 τιθέασιν
636 2459 755 2510 ὑπό
785 2460 894 2510 τὸν
932 2454 1192 2532 μόδιον,
1226 2457 1350 2510 ἀλλ’
1390 2456 1630 2515 ίπὶτήν
1659 2456 1755 2508 λυ-

142 2550 489 2618 χνίαν,καὶ
517 2545 764 2618 λάμπει
795 2553 961 2600 πᾶσι
991 2554 1125 2609 τοῖς
1153 2546 1212 2598 ἐν
1240 2554 1310 2619 τῇ
1345 2545 1556 2618 οἰκίᾳ⁸
1591 2545 1752 2598 οὑτω

140 2635 468 2708 λαμψάτω
504 2639 572 2687 1'6
603 2643 722 2708 φῶς
751 2636 924 2708 ὑμῶν
955 2633 1328 2709 ἓμπροσθεν
1368 2643 1486 2686 τῶν
1519 2635 1752 2705 ἀνθρώ-

141 2745 266 2776 πων
299 2741 314 2755 ·
354 2723 472 2776 ἀντὶ
512 2731 624 2790 τοῦ,
671 2729 756 2783 Μὴ
808 2723 1041 2797 κρύψατε
1079 2728 1137 2778 τὸ
1173 2721 1314 2797 δόμα
1343 2726 1369 2776 ὅ
1399 2722 1599 2776 ἐλάϐετε
1627 2709 1752 2796 παρ⁹

141 2814 287 2884 ipsa,
331 2813 470 2866 ἀλλά
512 2808 634 2866 δότε
673 2820 809 2867 πᾶσι
858 2820 966 2875 τοῖς
1014 2812 1345 2887 βουλομένοις
1369 2831 1381 2844 ·
1418 2819 1508 2866 καὶ
1557 2813 1747 2866 πάλιν·

138 2908 194 2960 ὀ
249 2904 508 2975 λύχνος
555 2910 671 2956 τοῦ
724 2909 1047 2976 σώματος,
1107 2902 1285 2956 ἐστὶν
1324 2905 1350 2956 6
1403 2903 1749 2976 ὀφθαλμός.

142 2981 336 3066 ἐἀνῇ
373 2991 755 3066 όὸφθαλμός
787 3011 901 3045 σου
933 2996 1266 3065 φωτείνὸς,
1300 2993 1444 3046 ὅλον
1475 2996 1542 3046 τὸ
1577 2995 1756 3066 σῶμά

143 3099 255 3135 σου
296 3085 762 3154 πεγὼτισται·
800 3081 853 3134 εί
892 3077 960 3134 δε
994 3083 1021 3134 ὁ
1060 3080 1530 3154 ὀφθαλμόςσου
1573 3102 1756 3140 πονη-

141 3174 263 3242 ρὸς,
299 3170 450 3223 ὅλον
489 3172 560 3226 τὸ
593 3171 776 3242 σῶμά
810 3189 926 3223 σου
958 3175 1304 3224 σκοτεινὸν
1333 3173 1544 3226 ἔσται.
1579 3168 1756 3225 Εἰοῦν
1794 3195 1834 3251 C

143 3264 208 3312 τὸ
265 3268 402 3334 φῶς
438 3263 512 3312 τὸ
546 3260 614 3312 ἂν
653 3264 774 3326 σοὶ,
823 3263 1080 3326 σκότος,
1123 3263 1191 3313 1'6
1232 3265 1459 3322 σκότος
1507 3265 1754 3330 πόσονε

143 3349 347 3425 Ὠσπερ
380 3350 486 3423 οιὸιρ
509 3355 606 3400 τοῦ
633 3353 869 3422 σώματος
894 3351 944 3402 οἱ
965 3348 1219 3423 ὀφθαλμοὶ
1245 3358 1350 3422 φῶς
1367 3351 1491 3420 εἱσι,
1523 3357 1611 3405 καὶ
1633 3355 1756 3406 ἐπὰν

145 3440 189 3490 οἱ
225 3437 494 3511 ὀφθαλμοὶ
540 3439 704 3508 ὑγιεῖς
757 3434 905 3505 ὦσεν,
947 3438 1059 3491 ὅλον
1102 3443 1160 3491 τό
1211 3447 1365 3512 σῶμα
1403 3446 1754 3512 πεφώτισταιο

147 3527 266 3581 inira
327 3523 398 3581 δέ
452 3530 760 3600 παρεμπέσῃ
818 3546 871 3580 τι
919 3532 1010 3581 καὶ
1087 3531 1458 3595 σκοτισθῶσιν,
1536 3530 1648 3583 ὅλον
1702 3534 1758 3583 τό

151 3626 298 3690 σῶμα
341 3621 611 3669 σκοτεινόν
651 3615 823 3669 ίστινο
864 3616 1026 3679 οὑτως
1064 3619 1114 3671 oi
1161 3617 1463 3685 ἀπόστολοι,
1505 3619 1758 3693 ὀφθαλμοὶ

147 3712 230 3760 καὶ
258 3716 374 3780 φῶς
421 3706 543 3758 ὅλου
592 3713 684 3759 τοῦ
711 3710 913 3778 κόσμου
955 3705 1226 3766 ἐτέθησαν.
1282 3707 1490 3780 Ἔλεγεν
1534 3705 1621 3762 οὖν
1665 3710 1758 3762 αύ-

151 3803 252 3857 τοίς
303 3793 683 3870 παραγγελλων
725 3798 753 3848 6
798 3799 1028 3872 Κύριος·
1093 3796 1236 3852 Ἐὰν
1293 3799 1483 3870 ὑμεῖς
1537 3806 1754 3862 στῆτε,

151 3891 250 3938 καὶ
277 3891 364 3958 μή
407 3893 902 3960 παρατραπῆτε,
963 3893 1084 3958 φῶς
1121 3890 1299 3949 ὄντες
1335 3894 1445 3940 τοῦ
1485 3891 1757 3960 κόσμου,

153 3970 296 4027 ἰδού
347 3975 508 4028 ὅλον
533 3978 604 4027 1'6
657 3982 1266 4048 σῶμαπεφὼτισται
1311 3983 1425 4030 τοῦ
1473 3982 1749 4050 κόσμου,

154 4063 217 4116 Εἰ
245 4062 323 4118 δι
354 4066 553 4137 ὑμεῖς
589 4065 651 4116 οἱ
680 4068 858 4126 ὅντες
897 4074 1012 4138 φῶς
1042 4069 1482 4134 σκοτισθῆτε,
1511 4072 1579 4122 1'6
1622 4073 1761 4122 σκό·

153 4174 253 4216 τος
275 4160 495 4208 πόσον
517 4197 530 4222 ,
559 4157 586 4208 ὅ
616 4153 804 4208 ἔστιν
834 4157 860 4207 ὁ
889 4159 1128 4229 κόσμος
1152 4171 1166 4222 ;
1193 4162 1298 4217 Φῶς
1318 4153 1407 4209 οὑν
1427 4162 1690 4230 γενόμενοι
1711 4159 1760 4210 οἱ

153 4246 459 4311 ἀπόστολοι,
511 4253 618 4318 φῶς
662 4243 984 4305 διηκόνησαν
1031 4253 1142 4307 τοῖς
1184 4249 1522 4312 πιστεύσασι,
1563 4249 1656 4309 τὰς
1701 4244 1762 4302 δε

153 4334 379 4409 ιερδίας
427 4334 602 4388 αὐτῶν
648 4340 964 4407 φωτίσαντες
1009 4343 1081 4406 τῷ
1124 4333 1411 4408 ἐπουρανίῳ
1453 4343 1544 4388 τοῦ
1597 4339 1760 4390 ΙΙνεύ-

152 4445 308 4496 ματος
367 4429 527 4498 φωτὶ,
605 4423 740 4498 ᾧπερ
797 4429 888 4477 καὶ
960 4423 1109 4477 αὑτοὶ
1182 4428 1560 4499 πεφωτισμένοι
1615 4425 1762 4498 ἒτύγ-

153 4534 338 4586 χανον.
1797 4553 1842 4609 D

217 4622 288 4676 ιεό
350 4623 462 4675 Καὶ
494 4619 619 4682 ἅλας
659 4619 810 4673 αὑτοὶ
856 4620 1182 4695 ὑπάρχοντες
1211 4623 1400 4696 ἤρτυον
1446 4626 1534 4676 καὶ
1581 4622 1760 4687 ἣλιζον

154 4716 322 4764 πᾶσαν
356 4709 555 4782 ψυχὴν
591 4711 947 4763 πιστεύουσαν
984 4718 1056 4781 τῷ
1094 4709 1248 4762 ἅλατι
1285 4718 1376 4764 τού
1414 4711 1568 4783 ἁγίου
1607 4714 1763 4765 Πνεύ-

156 4819 335 4871 ματος.
404 4798 586 4870 Ἔλεγε
640 4800 742 4875 γὰρ
793 4798 972 4860 αὐτοῖς
1011 4802 1036 4851 6
1089 4798 1554 4874 ΚύριοςοὙμεῖς
1621 4800 1764 4854 ἐστε

157 4895 218 4941 τὸ
269 4890 438 4950 ἅλας
481 4896 597 4948 τῆς
625 4895 767 4960 γῆς,
818 4895 918 4960 γῆν
960 4889 1054 4950 τὰς
1101 4887 1288 4960 ψυχὰς
1334 4897 1434 4941 τῶν
1483 4889 1763 4963 ἀνθρώπων

161 4978 346 5031 καλῶν.
410 4981 737 5034 Διηκὸνησαν
785 4979 886 5049 γὰρ
913 4976 964 5030 ἐν
1012 4983 1126 5039 ταῖς
1150 4977 1358 5049 ψυχαῖς
1418 4986 1518 5030 τῶν
1569 4978 1765 5052 ἀνθρὼ-

159 5085 260 5118 πων
308 5073 372 5120 τὸ
418 5067 720 5139 ἐπουράνιον
770 5065 898 5128 ἅλας
945 5073 1038 5119 τοῦ
1089 5069 1404 5138 Πνεύματος,
1452 5067 1764 5143 ἀρτύσαντες

162 5155 369 5221 αὐτούς,
423 5160 512 5208 καὶ
563 5153 831 5216 ἀσήπτους
875 5159 967 5208 καὶ
1009 5155 1206 5217 ἀσινεῖς
1262 5155 1681 5230 ἀπεργασάμενοι
1710 5162 1765 5210 ἐκ

164 5243 348 5306 πολλῆς
411 5239 708 5305 δυσωδίας.
759 5242 961 5318 Ὠσπερ
1016 5247 1118 5317 γὰρ
1167 5248 1341 5317 κρέας,
1400 5243 1484 5298 ἰὰν
1539 5251 1611 5319 μὴ
1662 5250 1760 5322 ἔχῃ

165 5332 304 5399 ἃλας,
367 5337 655 5400 σέσηπται,
707 5337 798 5386 καὶ
845 5332 1034 5395 πολλῆς
1090 5330 1366 5396 δυσωδίας
1414 5341 1763 5409 μεμέστωται,

164 5422 294 5475 ὥστε
321 5425 522 5485 πάντας
573 5421 996 5496 ἀποστρέφεσθαι
1026 5421 1080 5476 ἔκ
1109 5432 1203 5486 τῆς
1240 5429 1498 5486 κακίστης
1551 5425 1720 5500 ὀσμῆς
1749 5469 1762 5482 .

165 5516 249 5563 καὶ
308 5510 579 5574 σκώληκες
629 5512 877 5585 ἕρπουσιν
928 5512 1000 5574 εἰς
1049 5515 1109 5565 τὸ
1164 5517 1393 5576 σεππός
1449 5519 1618 5588 κρέας,
1677 5521 1766 5570 καὶ

244 5707 484 5766 ‘Matth.
516 5724 572 5776 ν,
611 5709 697 5766 14.
773 5708 796 5745 ⁵
837 5706 986 5766 ibid.
1027 5708 1221 5767 £3.16.

1301 5710 1373 5748 Μ
1405 5711 1602 5770 Matth.
1633 5727 1713 5782 vr,
1737 5711 1828 5780 22,
1860 5714 1927 5770 23
1962 5727 1977 5779 ;
2010 5712 2151 5771 Luc.
2177 5727 2255 5780 xx,
2284 5711 2372 5770 34.

1867 535 2030 590 novit
2068 535 2193 589 dux
2234 534 2340 590 vim
2380 534 2433 589 ei
2472 535 2786 590 exsistens.
2814 537 3338 601 Quemadmodum
3360 538 3520 592 enim

1866 622 2152 679 animalia
2203 623 2553 694 spiritualia,
2614 639 2734 679 non
2788 640 3152 698 quocunque
3216 625 3518 691 volebant,

1865 711 2424 784 progrediebantur,
2468 712 2575 769 sed
2613 727 2684 769 eo
2723 729 2844 785 quo
2894 714 3120 771 sciebat
3179 720 3236 771 et
3287 715 3524 772 volebat

1864 801 1980 866 ille,
2021 802 2124 874 qui
2165 801 2464 858 insidebat
2515 807 2570 857 et
2607 801 2904 871 dirigebat
2945 819 2957 858 :
3001 804 3084 859 sic
3135 819 3373 876 quoque
3429 804 3522 860 hic

1865 889 1993 962 ipse
2031 889 2303 946 habenas
2345 894 2498 945 tenet
2537 905 2606 946 ac
2646 891 3010 956 moderatur,
3052 897 3106 948 et
3144 893 3309 948 viam
3351 909 3522 950 mon-

1866 984 2059 1034 strans
2079 978 2315 1034 ducitin
2338 978 2558 1050 Spiritu
2577 994 2716 1034 suo:
2736 979 2818 1033 sic
2850 995 3094 1051 quoque
3126 982 3520 1052 progrediun-

1868 1072 1958 1124 tur
1996 1083 2106 1140 pro
2147 1084 2269 1124 non
2309 1085 2418 1124 suo
2457 1067 2686 1133 habitu,
2716 1083 2838 1140 quo
2874 1068 3101 1134 volunt,
3142 1069 3203 1125 in
3243 1071 3411 1126 coelo.
3457 1073 3523 1126 Et

1865 1156 2099 1227 abjecto
2123 1173 2374 1228 corpore
2399 1156 2566 1213 ducit
2595 1163 2650 1212 et
2672 1158 2821 1226 regit
2847 1157 2908 1212 in
2940 1157 3107 1213 cmlis
3133 1158 3399 1214 animam
3431 1174 3523 1217 sa-

1865 1246 2090 1318 pientia
2118 1261 2129 1300 :
2154 1251 2212 1301 et
2242 1261 2448 1302 rursus
2479 1245 2726 1318 quando
2750 1245 2914 1309 libet,
2943 1247 3102 1302 venit
3129 1246 3188 1302 in
3216 1262 3437 1319 corpus
3467 1253 3525 1304 et

1867 1334 2290 1405 cogitationes;
2315 1334 2564 1406 quando
2586 1337 2786 1390 autem
2810 1333 2956 1390 libet
2983 1334 3044 1389 in
3075 1335 3227 1390 ﬁnes
3250 1341 3437 1402 terrm,
3470 1339 3528 1391 et

1865 1423 2259 1479 revelationes
2293 1423 2712 1494 mysteriorum
2739 1422 2995 1478 ostendit
3017 1423 3118 1478 illi.
3144 1425 3186 1480 Ο
3212 1424 3440 1480 bonum
3471 1430 3528 1481 et

1867 1511 2068 1568 utilem
2103 1518 2159 1568 et
2185 1512 2381 1568 solum
2419 1528 2625 1567 verum
2649 1512 2998 1582 agitatorem
3033 1512 3045 1567 ι
3080 1513 3301 1568 Eodem
3324 1518 3526 1570 autem

1867 1603 1925 1656 et
1953 1616 2207 1673 corpora
2228 1602 2288 1657 in
2316 1599 2749 1656 resurrectione
2767 1601 2951 1671 digna
2967 1600 3400 1672 judicabuntur
3424 1602 3527 1658 ho-

1867 1704 2034 1756 nore,
2054 1707 2236 1762 quem
2263 1705 2422 1747 nunc
2444 1690 2668 1756 anima,
2693 1705 2827 1762 qum
2850 1689 3094 1762 Spiritui
3109 1692 3397 1764 permista
3414 1695 3522 1758 est,

1867 1780 2034 1852 prius
2065 1779 2335 1852 percipit.

1939 2011 2024 2066 IV.
2059 2009 2232 2077 Quod
2266 2013 2468 2066 autem
2495 2009 2555 2065 in
2582 2008 2820 2066 caeleste
2859 2009 3063 2066 lumen
3104 2009 3363 2067 evadant
3399 2011 3523 2068 ani-

1867 2115 1980 2156 mm
2005 2101 2326 2171 justorum,
2357 2099 2483 2171 ipse
2533 2100 2820 2156 Dominus
2865 2099 3152 2172 apostolis
3187 2100 3330 2156 dicit
3359 2120 3371 2160 :
3414 2100 3524 2158 ’νος

1865 2190 2000 2246 estis
2015 2190 2125 2245 lux
2159 2189 2370 2244 mundi
2399 2190 2444 2243 ⁸.
2473 2187 2605 2260 Ipse
2633 2188 2814 2255 enim,
2836 2188 2940 2260 qui
2962 2187 3153 2244 effecit
3171 2205 3274 2245 eos
3302 2188 3520 2258 lucem,

1865 2293 1970 2350 per
2008 2277 2140 2333 illos
2179 2276 2504 2332 illuminari
2547 2277 2842 2332 mundum
2877 2277 3057 2347 jussit
3110 2293 3180 2333 ac
3219 2280 3521 2350 prmcepit.

1862 2367 2000 2423 Non
2029 2367 2368 2422 accendunt
2405 2365 2726 2431 lucernam,
2758 2366 2970 2437 inquit,
3003 2371 3056 2421 et
3091 2373 3324 2436 ponunt
3349 2368 3524 2426 illam

1861 2457 2062 2511 subter
2082 2456 2363 2520 modium,
2385 2454 2486 2511 sed
2507 2470 2688 2523 super
2703 2455 3155 2519 candelabrum,
3171 2460 3223 2511 et
3238 2457 3391 2512 lucet
3407 2473 3524 2513 om-

1861 2545 2056 2610 nibus,
2073 2545 2177 2617 qui
2199 2549 2341 2599 sunt
2361 2545 2422 2600 in
2441 2545 2644 2599 domo:
2658 2545 2744 2599 sic
2761 2545 2957 2600 luceat
2982 2545 3092 2601 lux
3105 2551 3299 2601 vestra
3322 2561 3524 2603 coram

1863 2633 2195 2690 hominibus
2234 2634 2274 2698 ⁵,
2313 2633 2428 2688 hoc
2467 2638 2574 2698 est,
2611 2648 2684 2688 ne
2743 2632 3014 2688 ocultetis
3067 2632 3318 2699 donum,
3360 2635 3526 2706 quod

1861 2722 2228 2793 accepistisa
2268 2737 2383 2783 me,
2420 2721 2528 2776 sed
2570 2721 2707 2777 date
2747 2722 3031 2777 omnibus
3069 2722 3430 2778 volentibus.
3462 2726 3525 2779 Et

1858 2826 2067 2869 rursus
2099 2827 2110 2865 :
2142 2811 2414 2867 Lucerna
2448 2810 2715 2878 corporis
2753 2814 2837 2866 est
2873 2811 3100 2868 oculus.
3144 2810 3292 2866 Cum
3338 2813 3526 2883 igitur

1861 2902 2070 2958 oculus
2085 2905 2220 2955 tuus
2229 2901 2416 2968 fuerit
2429 2899 2874 2962 lucidus,totum
2887 2915 3118 2972 quoque
3129 2916 3343 2971 corpus
3356 2904 3522 2958 tuum

1869 2990 1920 3062 5
1937 2989 2196 3045 lucidum
2213 2991 2344 3045 erit.
2356 2988 2523 3056 Quod
2533 2988 2585 3042 si
2598 2989 2796 3043 malus
2811 2989 2941 3053 erit,
2952 2995 3133 3044 totum
3152 3004 3384 3061 quoque
3393 3006 3525 3046 cor-

1860 3095 1976 3150 pus
2007 3083 2172 3134 tuum
2201 3077 2571 3134 tenebrosum
2590 3077 2722 3132 erit.
2747 3076 2812 3132 Si
2833 3077 3024 3146 igitur
3043 3079 3261 3142 lumen,
3285 3079 3445 3148 quod
3457 3078 3520 3134 in

1868 3173 1920 3226 te
1967 3172 2071 3234 est,
2115 3167 2369 3224 tenebratD
2406 3171 2566 3230 sunt,
2611 3165 2864 3223 tenebras
2902 3172 3145 3237 quantm
3170 3166 3522 3236 futura”?

1867 3256 2389 3324 Quemadmodum
2417 3257 2576 3311 enim
2599 3254 3253 3328 oculicorporislumen
3279 3261 3438 3323 sunt,
3467 3261 3523 3314 et

1865 3345 2115 3420 quando
2145 3345 2305 3402 oculi
2343 3345 2678 3402 incolumes
2710 3361 2781 3401 ac
2812 3345 2942 3400 sani
2975 3352 3134 3415 sunt,
3181 3350 3368 3402 totum
3399 3363 3524 3403 cor-

1867 3451 1981 3508 pus
2005 3434 2377 3491 illuminatur
2408 3450 2422 3501 ;
2457 3435 2503 3489 si
2537 3449 2676 3490 vero
2706 3433 2852 3506 quid
2891 3433 3136 3505 incidat,
3172 3439 3234 3490 ut
3263 3436 3523 3492 tenebris

1867 3523 2276 3590 oﬂ'undantur,
2309 3529 2502 3580 totum
2531 3539 2752 3595 corpus
2784 3523 3167 3580 tenebrosum
3207 3523 3476 3582 redditur
3509 3541 3520 3580 :

1869 3614 1955 3669 sic
1985 3613 2262 3685 apostoli,
2285 3612 2443 3669 oculi
2471 3618 2525 3668 et
2553 3612 2756 3668 lumen
2781 3614 2960 3668 totius
2983 3613 3195 3668 mundi
3223 3614 3527 3672 constituti

1869 3719 1940 3760 ac
1965 3701 2386 3758 ordinatisunt
2418 3719 2429 3756 :
2456 3701 2602 3756 dixit
2630 3702 2807 3770 igitur
2838 3702 2908 3756 iis
2949 3701 3300 3772 prmcipiens
3335 3703 3528 3758 Domi—

1867 3808 1982 3848 nus
2015 3808 2027 3846 :
2063 3791 2130 3846 Si
2159 3806 2279 3853 vos,
2311 3792 2416 3862 qui
2438 3792 2574 3846 estis
2603 3790 2710 3845 lu;c
2728 3791 2960 3854 mundi,
2976 3792 3523 3860 perseveraveritis,

1868 3896 1975 3938 nec
1987 3881 2337 3950 deﬂectatis,
2354 3893 2484 3935 ecce
2495 3882 2678 3934 totum
2698 3894 2915 3949 corpus
2929 3879 3139 3934 mundi
3149 3880 3522 3935 illustratum

1869 3976 1952 4027 est
1983 3988 2003 4026 :
2033 3969 2084 4024 si
2113 3984 2242 4024 vero
2265 3983 2384 4032 vos,
2419 3967 2520 4039 qui
2539 3968 2679 4022 estis
2704 3968 2832 4032 lux,
2859 3967 3123 4036 caligine
3143 3967 3530 4037 obducti/ue-

1868 4059 2017 4124 ritis,
2045 4063 2285 4128 quantm
2313 4057 2540 4126 futurae
2561 4056 2835 4120 tenebrae,
2863 4071 2998 4127 gum
3026 4061 3168 4111 sunt
3214 4057 3472 4112 mundus
3499 4058 3528 4116 ?

1871 4150 1993 4203 Lux
2017 4147 2194 4217 igitur
2223 4162 2361 4200 cum
2389 4151 2586 4200 essent
2625 4145 2764 4200 facti
2815 4143 3092 4215 apostoli,
3140 4143 3332 4200 lucem
3382 4161 3531 4218 prm-

1869 4237 2128 4292 buerunt
2192 4233 2595 4300 credentibus,
2637 4233 3038 4289 illuminantes
3086 4232 3325 4290 illorum
3382 4249 3534 4306 prm-

1869 4324 2074 4382 cordia
2104 4323 2327 4380 caelesti
2358 4322 2610 4395 Spiritus
2634 4321 2881 4393 lumine,
2917 4338 3040 4395 quo
3069 4329 3125 4380 et
3157 4323 3269 4396 ipsi
3313 4321 3533 4380 illumi-

1869 4415 1993 4472 nati
2025 4418 2212 4470 erant.

1945 4629 2004 4683 V.
2051 4629 2114 4683 Et
2155 4625 2242 4683 sal
2274 4641 2411 4682 cum
2453 4629 2653 4681 essent
2692 4624 2826 4697 ipsi,
2866 4625 3230 4682 condiebant
3269 4630 3325 4681 et
3364 4625 3534 4682 salie—

1872 4716 2017 4773 bant
2038 4731 2284 4772 omnem
2303 4715 2570 4770 animam
2595 4714 2960 4782 credentem,
2987 4714 3110 4770 sale
3132 4714 3380 4786 Spiritus
3401 4730 3538 4769 san-

1873 4807 1970 4862 cti.
2001 4805 2155 4861 Dixit
2184 4805 2344 4860 enim
2372 4803 2443 4858 iis
2498 4804 2784 4858 Dominus
2809 4818 2822 4856 :
2859 4804 2966 4858 Vos
2995 4803 3132 4860 estis
3161 4804 3256 4858 sal
3289 4809 3463 4859 terrm
3491 4805 3533 4868 ⁸,

1875 4899 2091 4951 terram
2140 4909 2364 4949 vocans
2395 4892 2628 4948 animas
2656 4891 3533 4962 proborum,hominum;sub-

1874 4982 2300 5040 ministrabant
2338 4981 2499 5036 enim
2542 4979 2760 5036 animis
2800 4980 3118 5036 hominum
3151 4981 3237 5036 sal
3290 4980 3538 5052 Spiritus

1873 5072 2130 5137 cmleste,
2171 5070 2518 5126 condientes
2551 5068 2706 5135 illos,
2751 5074 2808 5124 et
2848 5086 2883 5125 a
2924 5068 3242 5140 putredine
3281 5085 3350 5124 ac
3377 5083 3537 5124 noxa

1874 5159 2151 5233 eximulto
2178 5157 2358 5214 fetore
2386 5158 2781 5214 vindicantes.
2819 5158 3346 5222 Quemadmodum
3372 5157 3531 5212 enim

1875 5266 2038 5316 caro,
2066 5249 2113 5304 si
2147 5247 2269 5304 sale
2295 5264 2415 5303 non
2439 5248 2512 5302 sit
2536 5262 2880 5319 conspersa,
2925 5248 3224 5317 putrescit,
3251 5251 3308 5302 et
3349 5245 3538 5301 multo

1875 5339 2056 5396 fetore
2082 5337 2362 5409 repletur,
2395 5335 2547 5392 adeo
2576 5341 2639 5390 ut
2669 5351 2878 5392 omnes
2916 5340 3260 5391 avertantur
3298 5335 3378 5391 ob
3410 5350 3542 5404 gra-

1874 5445 2012 5486 vem
2041 5427 2288 5484 odorem
2313 5441 2325 5491 ;
2355 5430 2410 5480 et
2442 5440 2673 5481 vermes
2703 5424 2972 5496 irrepunt
2995 5425 3055 5480 in
3082 5440 3323 5480 carnem
3358 5423 3544 5495 putri-

1875 5519 2038 5588 dam,
2065 5515 2306 5587 illicque
2336 5519 2682 5586 pascuntur,
2711 5512 3058 5580 comedunt,
3087 5518 3142 5571 et
3171 5514 3232 5570 in
3259 5527 3548 5572 caverun-

2451 5709 2472 5746 ⁸
2502 5705 2698 5767 Matth.
2734 5723 2792 5777 v,
2820 5709 2908 5767 13.
