  <div class='ocr_page' id='page_1' title='image "/cluster/home/n/w/nwhite01/storage/ocr_20150623/34/hvd.32044073501835/237.png"; bbox 0 0 4058 6194; ppageno 0'>
   <div class='ocr_carea' id='block_1_1' title="bbox 563 326 666 380">
    <p class='ocr_par' dir='ltr' id='par_1_1' title="bbox 563 326 666 380">
     <span class='ocr_line' id='line_1_1' title="bbox 563 326 666 380; baseline -0.01 0"><span class='ocrx_word' id='word_1_1' title='bbox 563 326 666 380; x_wconf 74' lang='grc'>455</span> 
     </span>
    </p>
   </div>
   <div class='ocr_carea' id='block_1_2' title="bbox 1869 309 2631 373">
    <p class='ocr_par' dir='ltr' id='par_1_2' title="bbox 1869 309 2631 373">
     <span class='ocr_line' id='line_1_2' title="bbox 1869 309 2631 373; baseline -0.008 0"><span class='ocrx_word' id='word_1_2' title='bbox 1869 316 1927 373; x_wconf 91' lang='lat' dir='ltr'>S.</span> <span class='ocrx_word' id='word_1_3' title='bbox 1971 313 2275 373; x_wconf 79' lang='lat' dir='ltr'>MACARII</span> <span class='ocrx_word' id='word_1_4' title='bbox 2297 348 2301 353; x_wconf 65' lang='grc' dir='ltr'>ι</span> <span class='ocrx_word' id='word_1_5' title='bbox 2323 309 2631 369; x_wconf 64' lang='lat' dir='ltr'>lEGYPTII</span> 
     </span>
    </p>
   </div>
   <div class='ocr_carea' id='block_1_3' title="bbox 3831 308 3940 365">
    <p class='ocr_par' dir='ltr' id='par_1_3' title="bbox 3831 308 3940 365">
     <span class='ocr_line' id='line_1_3' title="bbox 3831 308 3940 365; baseline 0 0"><span class='ocrx_word' id='word_1_6' title='bbox 3831 308 3940 365; x_wconf 79' lang='grc'>456</span> 
     </span>
    </p>
   </div>
   <div class='ocr_carea' id='block_1_4' title="bbox 558 433 2213 513">
    <p class='ocr_par' dir='ltr' id='par_1_4' title="bbox 558 439 2213 513">
     <span class='ocr_line' id='line_1_4' title="bbox 558 439 2213 513; baseline -0.005 -11"><span class='ocrx_word' id='word_1_7' title='bbox 558 445 631 502; x_wconf 92' lang='lat' dir='ltr'>lis</span> <span class='ocrx_word' id='word_1_8' title='bbox 688 444 1042 502; x_wconf 89' lang='lat' dir='ltr'>delitescunt</span> <span class='ocrx_word' id='word_1_9' title='bbox 1081 459 1094 497; x_wconf 87' lang='lat'><strong>:</strong></span> <span class='ocrx_word' id='word_1_10' title='bbox 1140 458 1189 498; x_wconf 81' lang='grc' dir='ltr'>ει</span> <span class='ocrx_word' id='word_1_11' title='bbox 1211 457 1353 498; x_wconf 86' lang='lat' dir='ltr'>vero</span> <span class='ocrx_word' id='word_1_12' title='bbox 1384 440 1794 513; x_wconf 83' lang='lat' dir='ltr'>supervenerit</span> <span class='ocrx_word' id='word_1_13' title='bbox 1823 440 1932 507; x_wconf 91' lang='lat' dir='ltr'>sal,</span> <span class='ocrx_word' id='word_1_14' title='bbox 1995 439 2213 495; x_wconf 86' lang='lat' dir='ltr'>interﬁ-</span> 
     </span>
    </p>
   </div>
   <div class='ocr_carea' id='block_1_5' title="bbox 2326 433 3939 513">
    <p class='ocr_par' dir='ltr' id='par_1_5' title="bbox 2330 433 3939 507">
     <span class='ocr_line' id='line_1_5' title="bbox 2330 433 3939 507; baseline -0.002 -18"><span class='ocrx_word' id='word_1_15' title='bbox 2330 435 2432 489; x_wconf 81' lang='grc' dir='ltr'><em>ἐκεῖ</em></span> <span class='ocrx_word' id='word_1_16' title='bbox 2486 436 2773 507; x_wconf 80' lang='grc' dir='ltr'><em>έννέμονται</em></span> <span class='ocrx_word' id='word_1_17' title='bbox 2822 439 2908 489; x_wconf 87' lang='grc' dir='ltr'><em>καὶ</em></span> <span class='ocrx_word' id='word_1_18' title='bbox 2960 438 3200 490; x_wconf 73' lang='grc' dir='ltr'><em>ἐσθίουσι</em></span> <span class='ocrx_word' id='word_1_19' title='bbox 3256 438 3344 487; x_wconf 80' lang='grc' dir='ltr'><em>καὶ</em></span> <span class='ocrx_word' id='word_1_20' title='bbox 3398 433 3747 507; x_wconf 82' lang='grc' dir='ltr'><em>φωλεύουσιν·</em></span> <span class='ocrx_word' id='word_1_21' title='bbox 3812 434 3939 486; x_wconf 78' lang='grc' dir='ltr'>ὶπάν</span> 
     </span>
    </p>
   </div>
   <div class='ocr_carea' id='block_1_6' title="bbox 562 529 2219 604">
    <p class='ocr_par' dir='ltr' id='par_1_6' title="bbox 562 529 2219 604">
     <span class='ocr_line' id='line_1_6' title="bbox 562 529 2219 604; baseline -0.004 -15"><span class='ocrx_word' id='word_1_22' title='bbox 562 535 798 590; x_wconf 88' lang='lat' dir='ltr'>ciuntur</span> <span class='ocrx_word' id='word_1_23' title='bbox 845 538 901 589; x_wconf 93' lang='lat' dir='ltr'>et</span> <span class='ocrx_word' id='word_1_24' title='bbox 956 535 1207 604; x_wconf 86' lang='lat' dir='ltr'>pereunt</span> <span class='ocrx_word' id='word_1_25' title='bbox 1258 530 1376 586; x_wconf 90' lang='lat' dir='ltr'>illic</span> <span class='ocrx_word' id='word_1_26' title='bbox 1435 529 1829 603; x_wconf 90' lang='lat' dir='ltr'>depascentes</span> <span class='ocrx_word' id='word_1_27' title='bbox 1879 545 2129 594; x_wconf 83' lang='lat' dir='ltr'>vermes,</span> <span class='ocrx_word' id='word_1_28' title='bbox 2164 534 2219 583; x_wconf 89' lang='lat' dir='ltr'>et</span> 
     </span>
    </p>
   </div>
   <div class='ocr_carea' id='block_1_7' title="bbox 562 617 2218 693">
    <p class='ocr_par' dir='ltr' id='par_1_7' title="bbox 562 617 2218 693">
     <span class='ocr_line' id='line_1_7' title="bbox 562 617 2218 693; baseline -0.005 -14"><span class='ocrx_word' id='word_1_29' title='bbox 562 623 755 693; x_wconf 78' lang='lat' dir='ltr'>gravis</span> <span class='ocrx_word' id='word_1_30' title='bbox 796 622 946 678; x_wconf 90' lang='lat' dir='ltr'>odor</span> <span class='ocrx_word' id='word_1_31' title='bbox 979 620 1177 677; x_wconf 87' lang='lat' dir='ltr'>fetoris</span> <span class='ocrx_word' id='word_1_32' title='bbox 1206 624 1403 677; x_wconf 84' lang='lat' dir='ltr'>cessat</span> <span class='ocrx_word' id='word_1_33' title='bbox 1436 635 1447 674; x_wconf 92' lang='lat'><strong>:</strong></span> <span class='ocrx_word' id='word_1_34' title='bbox 1483 624 1700 676; x_wconf 85' lang='lat' dir='ltr'>natura</span> <span class='ocrx_word' id='word_1_35' title='bbox 1735 619 2035 691; x_wconf 85' lang='lat' dir='ltr'>siquidem</span> <span class='ocrx_word' id='word_1_36' title='bbox 2072 617 2218 673; x_wconf 91' lang='lat' dir='ltr'>salis</span> 
     </span>
    </p>
   </div>
   <div class='ocr_carea' id='block_1_8' title="bbox 562 707 2219 779">
    <p class='ocr_par' dir='ltr' id='par_1_8' title="bbox 562 707 2219 779">
     <span class='ocr_line' id='line_1_8' title="bbox 562 707 2219 779; baseline -0.004 -12"><span class='ocrx_word' id='word_1_37' title='bbox 562 717 672 779; x_wconf 92' lang='lat' dir='ltr'>est,</span> <span class='ocrx_word' id='word_1_38' title='bbox 697 720 757 767; x_wconf 93' lang='lat' dir='ltr'>ut</span> <span class='ocrx_word' id='word_1_39' title='bbox 787 711 1087 767; x_wconf 73' lang='lat' dir='ltr'>interimat</span> <span class='ocrx_word' id='word_1_40' title='bbox 1106 725 1359 774; x_wconf 82' lang='lat' dir='ltr'>vermes,</span> <span class='ocrx_word' id='word_1_41' title='bbox 1388 714 1443 765; x_wconf 92' lang='lat' dir='ltr'>et</span> <span class='ocrx_word' id='word_1_42' title='bbox 1476 708 1722 764; x_wconf 82' lang='lat' dir='ltr'>fetorem</span> <span class='ocrx_word' id='word_1_43' title='bbox 1745 708 1907 764; x_wconf 89' lang='lat' dir='ltr'>tollat</span> <span class='ocrx_word' id='word_1_44' title='bbox 1948 724 1961 760; x_wconf 89' lang='lat'><strong>:</strong></span> <span class='ocrx_word' id='word_1_45' title='bbox 2005 707 2219 763; x_wconf 92' lang='lat' dir='ltr'>eodem</span> 
     </span>
    </p>
   </div>
   <div class='ocr_carea' id='block_1_9' title="bbox 562 797 2220 875">
    <p class='ocr_par' dir='ltr' id='par_1_9' title="bbox 562 797 2220 875">
     <span class='ocr_line' id='line_1_9' title="bbox 562 797 2220 875; baseline -0.003 -18"><span class='ocrx_word' id='word_1_46' title='bbox 562 816 806 875; x_wconf 89' lang='lat' dir='ltr'>quoque</span> <span class='ocrx_word' id='word_1_47' title='bbox 849 800 1032 857; x_wconf 93' lang='lat' dir='ltr'>modo</span> <span class='ocrx_word' id='word_1_48' title='bbox 1071 799 1269 856; x_wconf 93' lang='lat' dir='ltr'>omnis</span> <span class='ocrx_word' id='word_1_49' title='bbox 1310 799 1536 862; x_wconf 89' lang='lat' dir='ltr'>anima,</span> <span class='ocrx_word' id='word_1_50' title='bbox 1561 814 1680 854; x_wconf 91' lang='lat' dir='ltr'>non</span> <span class='ocrx_word' id='word_1_51' title='bbox 1720 798 1961 854; x_wconf 90' lang='lat' dir='ltr'>condita</span> <span class='ocrx_word' id='word_1_52' title='bbox 2001 797 2220 868; x_wconf 82' lang='lat' dir='ltr'>Spiritu</span> 
     </span>
    </p>
   </div>
   <div class='ocr_carea' id='block_1_10' title="bbox 562 885 2221 961">
    <p class='ocr_par' dir='ltr' id='par_1_10' title="bbox 562 885 2221 961">
     <span class='ocr_line' id='line_1_10' title="bbox 562 885 2221 961; baseline -0.003 -15"><span class='ocrx_word' id='word_1_53' title='bbox 562 896 792 957; x_wconf 89' lang='lat' dir='ltr'>sancto,</span> <span class='ocrx_word' id='word_1_54' title='bbox 842 888 1219 961; x_wconf 73' lang='lat' dir='ltr'>cmlestisque</span> <span class='ocrx_word' id='word_1_55' title='bbox 1273 887 1431 958; x_wconf 88' lang='lat' dir='ltr'>salis,</span> <span class='ocrx_word' id='word_1_56' title='bbox 1475 888 1589 943; x_wconf 91' lang='lat' dir='ltr'>hoc</span> <span class='ocrx_word' id='word_1_57' title='bbox 1640 891 1752 955; x_wconf 89' lang='lat' dir='ltr'>est,</span> <span class='ocrx_word' id='word_1_58' title='bbox 1794 885 2072 958; x_wconf 61' lang='lat' dir='ltr'>potentiae</span> <span class='ocrx_word' id='word_1_59' title='bbox 2122 887 2221 941; x_wconf 89' lang='lat' dir='ltr'>Dei</span> 
     </span>
    </p>
   </div>
   <div class='ocr_carea' id='block_1_11' title="bbox 563 973 2221 1051">
    <p class='ocr_par' dir='ltr' id='par_1_11' title="bbox 563 973 2221 1051">
     <span class='ocr_line' id='line_1_11' title="bbox 563 973 2221 1051; baseline -0.002 -16"><span class='ocrx_word' id='word_1_60' title='bbox 563 979 862 1051; x_wconf 78' lang='lat' dir='ltr'>particeps</span> <span class='ocrx_word' id='word_1_61' title='bbox 900 994 1022 1034; x_wconf 91' lang='lat' dir='ltr'>non</span> <span class='ocrx_word' id='word_1_62' title='bbox 1064 977 1239 1041; x_wconf 88' lang='lat' dir='ltr'>facta.</span> <span class='ocrx_word' id='word_1_63' title='bbox 1283 976 1598 1049; x_wconf 84' lang='lat' dir='ltr'>putredine</span> <span class='ocrx_word' id='word_1_64' title='bbox 1639 976 1899 1040; x_wconf 90' lang='lat' dir='ltr'>vitiatur,</span> <span class='ocrx_word' id='word_1_65' title='bbox 1930 992 1999 1031; x_wconf 89' lang='lat' dir='ltr'>ac</span> <span class='ocrx_word' id='word_1_66' title='bbox 2039 973 2221 1031; x_wconf 80' lang='lat' dir='ltr'>fetore</span> 
     </span>
    </p>
   </div>
   <div class='ocr_carea' id='block_1_12' title="bbox 564 1064 2224 1141">
    <p class='ocr_par' dir='ltr' id='par_1_12' title="bbox 564 1064 2224 1141">
     <span class='ocr_line' id='line_1_12' title="bbox 564 1064 2224 1141; baseline -0.003 -17"><span class='ocrx_word' id='word_1_67' title='bbox 564 1084 887 1141; x_wconf 89' lang='lat' dir='ltr'>pravarum</span> <span class='ocrx_word' id='word_1_68' title='bbox 921 1067 1352 1137; x_wconf 81' lang='lat' dir='ltr'>cogitationum</span> <span class='ocrx_word' id='word_1_69' title='bbox 1386 1066 1632 1138; x_wconf 88' lang='lat' dir='ltr'>c0pioso</span> <span class='ocrx_word' id='word_1_70' title='bbox 1664 1065 1941 1138; x_wconf 90' lang='lat' dir='ltr'>repletur,</span> <span class='ocrx_word' id='word_1_71' title='bbox 1975 1064 2127 1121; x_wconf 92' lang='lat' dir='ltr'>adeo</span> <span class='ocrx_word' id='word_1_72' title='bbox 2161 1068 2224 1119; x_wconf 90' lang='lat' dir='ltr'>ut</span> 
     </span>
    </p>
   </div>
   <div class='ocr_carea' id='block_1_13' title="bbox 562 1154 2222 1226">
    <p class='ocr_par' dir='ltr' id='par_1_13' title="bbox 562 1154 2222 1226">
     <span class='ocr_line' id='line_1_13' title="bbox 562 1154 2222 1226; baseline -0.004 -11"><span class='ocrx_word' id='word_1_73' title='bbox 562 1162 860 1215; x_wconf 85' lang='lat' dir='ltr'>avertatur</span> <span class='ocrx_word' id='word_1_74' title='bbox 900 1156 1081 1212; x_wconf 82' lang='lat' dir='ltr'>facies</span> <span class='ocrx_word' id='word_1_75' title='bbox 1132 1156 1233 1211; x_wconf 90' lang='lat' dir='ltr'>Dei</span> <span class='ocrx_word' id='word_1_76' title='bbox 1274 1172 1309 1212; x_wconf 89' lang='lat' dir='ltr'>a</span> <span class='ocrx_word' id='word_1_77' title='bbox 1362 1156 1530 1226; x_wconf 83' lang='lat' dir='ltr'>gravi</span> <span class='ocrx_word' id='word_1_78' title='bbox 1582 1154 1763 1210; x_wconf 80' lang='lat' dir='ltr'>fetore</span> <span class='ocrx_word' id='word_1_79' title='bbox 1813 1170 2103 1210; x_wconf 81' lang='lat' dir='ltr'>venarum</span> <span class='ocrx_word' id='word_1_80' title='bbox 2152 1169 2222 1210; x_wconf 89' lang='lat' dir='ltr'>ac</span> 
     </span>
    </p>
   </div>
   <div class='ocr_carea' id='block_1_14' title="bbox 563 1242 2221 1315">
    <p class='ocr_par' dir='ltr' id='par_1_14' title="bbox 563 1242 2221 1315">
     <span class='ocr_line' id='line_1_14' title="bbox 563 1242 2221 1315; baseline -0.003 -13"><span class='ocrx_word' id='word_1_81' title='bbox 563 1246 1017 1303; x_wconf 88' lang='lat' dir='ltr'>tenebrosarum</span> <span class='ocrx_word' id='word_1_82' title='bbox 1052 1245 1507 1315; x_wconf 81' lang='lat' dir='ltr'>cogitationum,</span> <span class='ocrx_word' id='word_1_83' title='bbox 1537 1249 1591 1300; x_wconf 91' lang='lat' dir='ltr'>et</span> <span class='ocrx_word' id='word_1_84' title='bbox 1622 1243 2006 1300; x_wconf 78' lang='lat' dir='ltr'>affectionum</span> <span class='ocrx_word' id='word_1_85' title='bbox 2027 1242 2221 1298; x_wconf 90' lang='lat' dir='ltr'>eidem</span> 
     </span>
    </p>
   </div>
   <div class='ocr_carea' id='block_1_15' title="bbox 565 1332 2222 1404">
    <p class='ocr_par' dir='ltr' id='par_1_15' title="bbox 565 1332 2222 1404">
     <span class='ocr_line' id='line_1_15' title="bbox 565 1332 2222 1404; baseline -0.002 -13"><span class='ocrx_word' id='word_1_86' title='bbox 565 1335 781 1391; x_wconf 65' lang='lat' dir='ltr'>anima:</span> <span class='ocrx_word' id='word_1_87' title='bbox 807 1334 1245 1390; x_wconf 62' lang='lat' dir='ltr'>inhaerentium.</span> <span class='ocrx_word' id='word_1_88' title='bbox 1292 1334 1354 1389; x_wconf 88' lang='lat' dir='ltr'>Et</span> <span class='ocrx_word' id='word_1_89' title='bbox 1393 1333 1557 1389; x_wconf 81' lang='lat' dir='ltr'>noxii</span> <span class='ocrx_word' id='word_1_90' title='bbox 1588 1339 1767 1404; x_wconf 91' lang='lat' dir='ltr'>atque</span> <span class='ocrx_word' id='word_1_91' title='bbox 1807 1332 2066 1404; x_wconf 91' lang='lat' dir='ltr'>improbi</span> <span class='ocrx_word' id='word_1_92' title='bbox 2098 1347 2222 1387; x_wconf 90' lang='lat' dir='ltr'>ver-</span> 
     </span>
    </p>
   </div>
   <div class='ocr_carea' id='block_1_16' title="bbox 563 1422 2222 1496">
    <p class='ocr_par' dir='ltr' id='par_1_16' title="bbox 563 1422 2222 1496">
     <span class='ocr_line' id='line_1_16' title="bbox 563 1422 2222 1496; baseline -0.002 -16"><span class='ocrx_word' id='word_1_93' title='bbox 563 1440 710 1487; x_wconf 86' lang='lat' dir='ltr'>mes,</span> <span class='ocrx_word' id='word_1_94' title='bbox 751 1424 854 1496; x_wconf 88' lang='lat' dir='ltr'>qui</span> <span class='ocrx_word' id='word_1_95' title='bbox 894 1428 1031 1479; x_wconf 92' lang='lat' dir='ltr'>sunt</span> <span class='ocrx_word' id='word_1_96' title='bbox 1053 1423 1289 1495; x_wconf 90' lang='lat' dir='ltr'>spiritus</span> <span class='ocrx_word' id='word_1_97' title='bbox 1332 1422 1593 1489; x_wconf 71' lang='lat' dir='ltr'>malitiae,</span> <span class='ocrx_word' id='word_1_98' title='bbox 1634 1428 1689 1477; x_wconf 92' lang='lat' dir='ltr'>et</span> <span class='ocrx_word' id='word_1_99' title='bbox 1717 1427 2035 1492; x_wconf 83' lang='lat' dir='ltr'>potestates</span> <span class='ocrx_word' id='word_1_100' title='bbox 2063 1427 2222 1476; x_wconf 89' lang='lat' dir='ltr'>tene-</span> 
     </span>
    </p>
   </div>
   <div class='ocr_carea' id='block_1_17' title="bbox 563 1509 2220 1581">
    <p class='ocr_par' dir='ltr' id='par_1_17' title="bbox 563 1509 2220 1581">
     <span class='ocr_line' id='line_1_17' title="bbox 563 1509 2220 1581; baseline -0.001 -14"><span class='ocrx_word' id='word_1_101' title='bbox 563 1514 807 1568; x_wconf 91' lang='lat' dir='ltr'>brarum</span> <span class='ocrx_word' id='word_1_102' title='bbox 830 1513 887 1567; x_wconf 89' lang='lat' dir='ltr'>in</span> <span class='ocrx_word' id='word_1_103' title='bbox 920 1527 989 1566; x_wconf 89' lang='lat' dir='ltr'>ea</span> <span class='ocrx_word' id='word_1_104' title='bbox 1020 1511 1420 1575; x_wconf 89' lang='lat' dir='ltr'>inambulant,</span> <span class='ocrx_word' id='word_1_105' title='bbox 1462 1509 1578 1565; x_wconf 91' lang='lat' dir='ltr'>illic</span> <span class='ocrx_word' id='word_1_106' title='bbox 1620 1516 1966 1581; x_wconf 89' lang='lat' dir='ltr'>pascuntur,</span> <span class='ocrx_word' id='word_1_107' title='bbox 2010 1509 2220 1565; x_wconf 87' lang='lat' dir='ltr'>delite-</span> 
     </span>
    </p>
   </div>
   <div class='ocr_carea' id='block_1_18' title="bbox 564 1599 2221 1672">
    <p class='ocr_par' dir='ltr' id='par_1_18' title="bbox 564 1599 2221 1672">
     <span class='ocr_line' id='line_1_18' title="bbox 564 1599 2221 1672; baseline -0.001 -17"><span class='ocrx_word' id='word_1_108' title='bbox 564 1607 739 1656; x_wconf 91' lang='lat' dir='ltr'>scunt</span> <span class='ocrx_word' id='word_1_109' title='bbox 776 1606 830 1656; x_wconf 91' lang='lat' dir='ltr'>et</span> <span class='ocrx_word' id='word_1_110' title='bbox 869 1606 1104 1672; x_wconf 89' lang='lat' dir='ltr'>repunt,</span> <span class='ocrx_word' id='word_1_111' title='bbox 1148 1608 1328 1671; x_wconf 88' lang='lat' dir='ltr'>atque</span> <span class='ocrx_word' id='word_1_112' title='bbox 1361 1616 1495 1655; x_wconf 92' lang='lat' dir='ltr'>eam</span> <span class='ocrx_word' id='word_1_113' title='bbox 1536 1599 1909 1654; x_wconf 88' lang='lat' dir='ltr'>devorantet</span> <span class='ocrx_word' id='word_1_114' title='bbox 1949 1614 2221 1654; x_wconf 89' lang='lat' dir='ltr'>corrum-</span> 
     </span>
    </p>
   </div>
   <div class='ocr_carea' id='block_1_19' title="bbox 562 1688 2221 1759">
    <p class='ocr_par' dir='ltr' id='par_1_19' title="bbox 562 1688 2221 1759">
     <span class='ocr_line' id='line_1_19' title="bbox 562 1688 2221 1759; baseline -0.001 -16"><span class='ocrx_word' id='word_1_115' title='bbox 562 1695 709 1759; x_wconf 89' lang='lat' dir='ltr'>punt</span> <span class='ocrx_word' id='word_1_116' title='bbox 743 1706 755 1743; x_wconf 90' lang='lat'><strong>:</strong></span> <span class='ocrx_word' id='word_1_117' title='bbox 790 1690 1058 1745; x_wconf 82' lang='lat' dir='ltr'>Fetorem</span> <span class='ocrx_word' id='word_1_118' title='bbox 1097 1690 1254 1745; x_wconf 81' lang='lat' dir='ltr'>enim</span> <span class='ocrx_word' id='word_1_119' title='bbox 1301 1688 1711 1757; x_wconf 66' lang='lat' dir='ltr'>praebuerunt,</span> <span class='ocrx_word' id='word_1_120' title='bbox 1741 1690 1796 1743; x_wconf 85' lang='lat' dir='ltr'>et</span> <span class='ocrx_word' id='word_1_121' title='bbox 1849 1690 2221 1756; x_wconf 80' lang='lat' dir='ltr'>pulruerunt</span> 
     </span>
    </p>
   </div>
   <div class='ocr_carea' id='block_1_20' title="bbox 562 1758 2297 1845">
    <p class='ocr_par' dir='ltr' id='par_1_20' title="bbox 562 1758 2297 1845">
     <span class='ocr_line' id='line_1_20' title="bbox 562 1758 2297 1845; baseline -0.002 -12"><span class='ocrx_word' id='word_1_122' title='bbox 562 1758 773 1833; x_wconf 60' lang='lat' dir='ltr'>bibices</span> <span class='ocrx_word' id='word_1_123' title='bbox 803 1777 976 1832; x_wconf 71' lang='lat' dir='ltr'>mm”.</span> <span class='ocrx_word' id='word_1_124' title='bbox 1012 1775 1073 1832; x_wconf 93' lang='lat' dir='ltr'>Si</span> <span class='ocrx_word' id='word_1_125' title='bbox 1098 1792 1234 1832; x_wconf 92' lang='lat' dir='ltr'>vero</span> <span class='ocrx_word' id='word_1_126' title='bbox 1268 1777 1345 1831; x_wconf 87' lang='lat' dir='ltr'>ad</span> <span class='ocrx_word' id='word_1_127' title='bbox 1368 1777 1551 1831; x_wconf 87' lang='lat' dir='ltr'>Deum</span> <span class='ocrx_word' id='word_1_128' title='bbox 1582 1775 1909 1845; x_wconf 85' lang='lat' dir='ltr'>confugiat,</span> <span class='ocrx_word' id='word_1_129' title='bbox 1944 1776 2221 1830; x_wconf 87' lang='lat' dir='ltr'>credatet</span> <span class='ocrx_word' id='word_1_130' title='bbox 2256 1758 2297 1812; x_wconf 76' lang='grc' dir='ltr'>Β</span> 
     </span>
    </p>
   </div>
   <div class='ocr_carea' id='block_1_21' title="bbox 559 1864 2215 1938">
    <p class='ocr_par' dir='ltr' id='par_1_21' title="bbox 559 1864 2215 1938">
     <span class='ocr_line' id='line_1_21' title="bbox 559 1864 2215 1938; baseline -0.001 -17"><span class='ocrx_word' id='word_1_131' title='bbox 559 1871 721 1938; x_wconf 88' lang='lat' dir='ltr'>petat</span> <span class='ocrx_word' id='word_1_132' title='bbox 752 1866 939 1921; x_wconf 90' lang='lat' dir='ltr'>salem</span> <span class='ocrx_word' id='word_1_133' title='bbox 968 1865 1124 1934; x_wconf 75' lang='lat' dir='ltr'>vitaa,</span> <span class='ocrx_word' id='word_1_134' title='bbox 1157 1865 1386 1921; x_wconf 90' lang='lat' dir='ltr'>bonum</span> <span class='ocrx_word' id='word_1_135' title='bbox 1418 1881 1487 1920; x_wconf 91' lang='lat' dir='ltr'>ac</span> <span class='ocrx_word' id='word_1_136' title='bbox 1527 1865 1863 1920; x_wconf 90' lang='lat' dir='ltr'>humanum</span> <span class='ocrx_word' id='word_1_137' title='bbox 1910 1864 2215 1934; x_wconf 88' lang='lat' dir='ltr'>Spiritum,</span> 
     </span>
    </p>
   </div>
   <div class='ocr_carea' id='block_1_22' title="bbox 562 1952 2217 2011">
    <p class='ocr_par' dir='ltr' id='par_1_22' title="bbox 562 1952 2217 2011">
     <span class='ocr_line' id='line_1_22' title="bbox 562 1952 2217 2011; baseline -0.001 0"><span class='ocrx_word' id='word_1_138' title='bbox 562 1961 687 2011; x_wconf 90' lang='lat' dir='ltr'>tum</span> <span class='ocrx_word' id='word_1_139' title='bbox 716 1956 958 2010; x_wconf 88' lang='lat' dir='ltr'>veniens</span> <span class='ocrx_word' id='word_1_140' title='bbox 994 1954 1081 2011; x_wconf 90' lang='lat' dir='ltr'>sal</span> <span class='ocrx_word' id='word_1_141' title='bbox 1123 1954 1361 2010; x_wconf 59' lang='lat' dir='ltr'>caeleste</span> <span class='ocrx_word' id='word_1_142' title='bbox 1390 1954 1671 2010; x_wconf 90' lang='lat' dir='ltr'>interimit</span> <span class='ocrx_word' id='word_1_143' title='bbox 1707 1959 1883 2008; x_wconf 90' lang='lat' dir='ltr'>tetros</span> <span class='ocrx_word' id='word_1_144' title='bbox 1924 1952 2053 2008; x_wconf 89' lang='lat' dir='ltr'>illos</span> <span class='ocrx_word' id='word_1_145' title='bbox 2092 1969 2217 2009; x_wconf 89' lang='lat' dir='ltr'>ver-</span> 
     </span>
    </p>
   </div>
   <div class='ocr_carea' id='block_1_23' title="bbox 560 2042 2211 2115">
    <p class='ocr_par' dir='ltr' id='par_1_23' title="bbox 560 2042 2211 2115">
     <span class='ocr_line' id='line_1_23' title="bbox 560 2042 2211 2115; baseline -0.001 -16"><span class='ocrx_word' id='word_1_146' title='bbox 560 2060 707 2110; x_wconf 91' lang='lat' dir='ltr'>mes,</span> <span class='ocrx_word' id='word_1_147' title='bbox 735 2050 790 2100; x_wconf 95' lang='lat' dir='ltr'>et</span> <span class='ocrx_word' id='word_1_148' title='bbox 822 2042 1061 2099; x_wconf 88' lang='lat' dir='ltr'>sublato</span> <span class='ocrx_word' id='word_1_149' title='bbox 1093 2044 1356 2115; x_wconf 87' lang='lat' dir='ltr'>pessimo</span> <span class='ocrx_word' id='word_1_150' title='bbox 1397 2043 1601 2109; x_wconf 85' lang='lat' dir='ltr'>fetore,</span> <span class='ocrx_word' id='word_1_151' title='bbox 1625 2042 1949 2112; x_wconf 83' lang='lat' dir='ltr'>exstinguit</span> <span class='ocrx_word' id='word_1_152' title='bbox 1971 2058 2211 2112; x_wconf 68' lang='lat' dir='ltr'>graveo~</span> 
     </span>
    </p>
   </div>
   <div class='ocr_carea' id='block_1_24' title="bbox 558 2130 2219 2203">
    <p class='ocr_par' dir='ltr' id='par_1_24' title="bbox 558 2130 2219 2203">
     <span class='ocr_line' id='line_1_24' title="bbox 558 2130 2219 2203; baseline -0.001 -16"><span class='ocrx_word' id='word_1_153' title='bbox 558 2132 803 2189; x_wconf 90' lang='lat' dir='ltr'>lentiam</span> <span class='ocrx_word' id='word_1_154' title='bbox 834 2134 1045 2188; x_wconf 88' lang='lat' dir='ltr'>virtute</span> <span class='ocrx_word' id='word_1_155' title='bbox 1078 2134 1353 2203; x_wconf 75' lang='lat' dir='ltr'>potentiae</span> <span class='ocrx_word' id='word_1_156' title='bbox 1378 2131 1518 2187; x_wconf 89' lang='lat' dir='ltr'>salis</span> <span class='ocrx_word' id='word_1_157' title='bbox 1551 2148 1563 2187; x_wconf 92' lang='lat'><strong>:</strong></span> <span class='ocrx_word' id='word_1_158' title='bbox 1590 2137 1643 2187; x_wconf 94' lang='lat' dir='ltr'>et</span> <span class='ocrx_word' id='word_1_159' title='bbox 1666 2133 1748 2187; x_wconf 89' lang='lat' dir='ltr'>sic</span> <span class='ocrx_word' id='word_1_160' title='bbox 1779 2130 1875 2187; x_wconf 91' lang='lat' dir='ltr'>illa</span> <span class='ocrx_word' id='word_1_161' title='bbox 1902 2130 2219 2187; x_wconf 89' lang='lat' dir='ltr'>incolumis</span> 
     </span>
    </p>
   </div>
   <div class='ocr_carea' id='block_1_25' title="bbox 560 2220 2220 2291">
    <p class='ocr_par' dir='ltr' id='par_1_25' title="bbox 560 2220 2220 2291">
     <span class='ocr_line' id='line_1_25' title="bbox 560 2220 2220 2291; baseline -0.002 -13"><span class='ocrx_word' id='word_1_162' title='bbox 560 2227 616 2278; x_wconf 90' lang='lat' dir='ltr'>et</span> <span class='ocrx_word' id='word_1_163' title='bbox 645 2222 833 2277; x_wconf 68' lang='lat' dir='ltr'>illaesa</span> <span class='ocrx_word' id='word_1_164' title='bbox 853 2222 1065 2277; x_wconf 84' lang='lat' dir='ltr'>effecta</span> <span class='ocrx_word' id='word_1_165' title='bbox 1087 2237 1192 2291; x_wconf 84' lang='lat' dir='ltr'>per</span> <span class='ocrx_word' id='word_1_166' title='bbox 1214 2237 1421 2276; x_wconf 87' lang='lat' dir='ltr'>verum</span> <span class='ocrx_word' id='word_1_167' title='bbox 1445 2220 1553 2285; x_wconf 89' lang='lat' dir='ltr'>sal,</span> <span class='ocrx_word' id='word_1_168' title='bbox 1582 2222 1640 2275; x_wconf 91' lang='lat' dir='ltr'>in</span> <span class='ocrx_word' id='word_1_169' title='bbox 1672 2238 1849 2276; x_wconf 90' lang='lat' dir='ltr'>usum</span> <span class='ocrx_word' id='word_1_170' title='bbox 1877 2227 1932 2276; x_wconf 90' lang='lat' dir='ltr'>et</span> <span class='ocrx_word' id='word_1_171' title='bbox 1960 2221 2220 2275; x_wconf 89' lang='lat' dir='ltr'>ministe-</span> 
     </span>
    </p>
   </div>
   <div class='ocr_carea' id='block_1_26' title="bbox 560 2310 2219 2382">
    <p class='ocr_par' dir='ltr' id='par_1_26' title="bbox 560 2310 2219 2382">
     <span class='ocr_line' id='line_1_26' title="bbox 560 2310 2219 2382; baseline -0.001 -16"><span class='ocrx_word' id='word_1_172' title='bbox 560 2312 714 2366; x_wconf 91' lang='lat' dir='ltr'>rium</span> <span class='ocrx_word' id='word_1_173' title='bbox 746 2311 999 2366; x_wconf 78' lang='lat' dir='ltr'>ccelestis</span> <span class='ocrx_word' id='word_1_174' title='bbox 1037 2310 1272 2365; x_wconf 92' lang='lat' dir='ltr'>Domini</span> <span class='ocrx_word' id='word_1_175' title='bbox 1313 2310 1643 2366; x_wconf 84' lang='lat' dir='ltr'>ordinatur.</span> <span class='ocrx_word' id='word_1_176' title='bbox 1686 2312 1998 2382; x_wconf 87' lang='lat' dir='ltr'>Propterea</span> <span class='ocrx_word' id='word_1_177' title='bbox 2038 2310 2219 2365; x_wconf 91' lang='lat' dir='ltr'>etiam</span> 
     </span>
    </p>
   </div>
   <div class='ocr_carea' id='block_1_27' title="bbox 558 2399 2219 2472">
    <p class='ocr_par' dir='ltr' id='par_1_27' title="bbox 558 2399 2219 2472">
     <span class='ocr_line' id='line_1_27' title="bbox 558 2399 2219 2472; baseline -0.001 -17"><span class='ocrx_word' id='word_1_178' title='bbox 558 2400 619 2455; x_wconf 90' lang='lat' dir='ltr'>in</span> <span class='ocrx_word' id='word_1_179' title='bbox 670 2400 817 2472; x_wconf 79' lang='lat' dir='ltr'>lege,</span> <span class='ocrx_word' id='word_1_180' title='bbox 862 2399 1140 2471; x_wconf 87' lang='lat' dir='ltr'>exemplo</span> <span class='ocrx_word' id='word_1_181' title='bbox 1202 2404 1374 2455; x_wconf 84' lang='lat' dir='ltr'>utens</span> <span class='ocrx_word' id='word_1_182' title='bbox 1433 2401 1610 2465; x_wconf 87' lang='lat' dir='ltr'>Deus,</span> <span class='ocrx_word' id='word_1_183' title='bbox 1652 2400 1824 2470; x_wconf 80' lang='lat' dir='ltr'>iussit</span> <span class='ocrx_word' id='word_1_184' title='bbox 1872 2416 2085 2455; x_wconf 91' lang='lat' dir='ltr'>omnes</span> <span class='ocrx_word' id='word_1_185' title='bbox 2141 2399 2219 2454; x_wconf 89' lang='lat' dir='ltr'>vi-</span> 
     </span>
    </p>
   </div>
   <div class='ocr_carea' id='block_1_28' title="bbox 562 2488 1214 2543">
    <p class='ocr_par' dir='ltr' id='par_1_28' title="bbox 562 2488 1214 2543">
     <span class='ocr_line' id='line_1_28' title="bbox 562 2488 1214 2543; baseline 0 0"><span class='ocrx_word' id='word_1_186' title='bbox 562 2489 773 2543; x_wconf 89' lang='lat' dir='ltr'>ctimas</span> <span class='ocrx_word' id='word_1_187' title='bbox 801 2488 923 2543; x_wconf 92' lang='lat' dir='ltr'>sale</span> <span class='ocrx_word' id='word_1_188' title='bbox 952 2488 1115 2543; x_wconf 90' lang='lat' dir='ltr'>saliri</span> <span class='ocrx_word' id='word_1_189' title='bbox 1146 2490 1214 2543; x_wconf 83' lang='grc'>¹⁰.</span> 
     </span>
    </p>
   </div>
   <div class='ocr_carea' id='block_1_29' title="bbox 2330 522 3943 600">
    <p class='ocr_par' dir='ltr' id='par_1_29' title="bbox 2330 522 3943 600">
     <span class='ocr_line' id='line_1_29' title="bbox 2330 522 3943 600; baseline -0.002 -22"><span class='ocrx_word' id='word_1_190' title='bbox 2330 524 2390 579; x_wconf 72' lang='grc' dir='ltr'><em>δὲ</em></span> <span class='ocrx_word' id='word_1_191' title='bbox 2418 526 2537 598; x_wconf 83' lang='grc' dir='ltr'><em>ἔλθῃ</em></span> <span class='ocrx_word' id='word_1_192' title='bbox 2588 530 2647 578; x_wconf 90' lang='grc' dir='ltr'>τό</span> <span class='ocrx_word' id='word_1_193' title='bbox 2677 526 2825 591; x_wconf 77' lang='grc' dir='ltr'><em>ἅλας,</em></span> <span class='ocrx_word' id='word_1_194' title='bbox 2860 525 3193 600; x_wconf 77' lang='grc' dir='ltr'>ἀναιροῦνται</span> <span class='ocrx_word' id='word_1_195' title='bbox 3238 529 3327 577; x_wconf 88' lang='grc' dir='ltr'>καὶ</span> <span class='ocrx_word' id='word_1_196' title='bbox 3374 523 3689 576; x_wconf 76' lang='grc' dir='ltr'>ἀπόλλυνται</span> <span class='ocrx_word' id='word_1_197' title='bbox 3737 525 3788 575; x_wconf 82' lang='grc' dir='ltr'>οἱ</span> <span class='ocrx_word' id='word_1_198' title='bbox 3836 522 3943 575; x_wconf 83' lang='grc' dir='ltr'><em>ἐκεῖ</em></span> 
     </span>
    </p>
   </div>
   <div class='ocr_carea' id='block_1_30' title="bbox 2327 608 3941 688">
    <p class='ocr_par' dir='ltr' id='par_1_30' title="bbox 2327 608 3941 688">
     <span class='ocr_line' id='line_1_30' title="bbox 2327 608 3941 688; baseline -0.001 -22"><span class='ocrx_word' id='word_1_199' title='bbox 2327 620 2593 688; x_wconf 90' lang='grc' dir='ltr'><em>νεμόμενοι</em></span> <span class='ocrx_word' id='word_1_200' title='bbox 2642 615 2927 682; x_wconf 77' lang='grc' dir='ltr'>σκώληκες,</span> <span class='ocrx_word' id='word_1_201' title='bbox 2991 620 3081 668; x_wconf 82' lang='grc' dir='ltr'><em>καὶ</em></span> <span class='ocrx_word' id='word_1_202' title='bbox 3132 614 3270 687; x_wconf 80' lang='grc' dir='ltr'><em>όσμή</em></span> <span class='ocrx_word' id='word_1_203' title='bbox 3321 622 3415 674; x_wconf 84' lang='grc' dir='ltr'><em>τῆς</em></span> <span class='ocrx_word' id='word_1_204' title='bbox 3459 608 3733 675; x_wconf 78' lang='grc' dir='ltr'>δυσωδίας</span> <span class='ocrx_word' id='word_1_205' title='bbox 3781 614 3941 665; x_wconf 86' lang='grc' dir='ltr'><em>παύε-</em></span> 
     </span>
    </p>
   </div>
   <div class='ocr_carea' id='block_1_31' title="bbox 2330 702 3939 779">
    <p class='ocr_par' dir='ltr' id='par_1_31' title="bbox 2330 702 3939 779">
     <span class='ocr_line' id='line_1_31' title="bbox 2330 702 3939 779; baseline -0.002 -22"><span class='ocrx_word' id='word_1_206' title='bbox 2330 724 2437 770; x_wconf 89' lang='grc' dir='ltr'><em>ται,</em></span> <span class='ocrx_word' id='word_1_207' title='bbox 2490 706 2541 776; x_wconf 70' lang='grc' dir='ltr'>(ἡ</span> <span class='ocrx_word' id='word_1_208' title='bbox 2588 706 2689 779; x_wconf 78' lang='grc' dir='ltr'>γὰρ</span> <span class='ocrx_word' id='word_1_209' title='bbox 2739 708 2890 777; x_wconf 76' lang='grc' dir='ltr'><em>φύσις</em></span> <span class='ocrx_word' id='word_1_210' title='bbox 2937 712 3029 757; x_wconf 85' lang='grc' dir='ltr'>τοῦ</span> <span class='ocrx_word' id='word_1_211' title='bbox 3070 705 3275 768; x_wconf 83' lang='grc' dir='ltr'><em>οἷλατος,</em></span> <span class='ocrx_word' id='word_1_212' title='bbox 3326 702 3621 777; x_wconf 82' lang='grc' dir='ltr'><em>ἀναιρετική</em></span> <span class='ocrx_word' id='word_1_213' title='bbox 3680 705 3796 754; x_wconf 75' lang='grc' dir='ltr'><em>ἐστι</em></span> <span class='ocrx_word' id='word_1_214' title='bbox 3839 710 3939 754; x_wconf 86' lang='grc' dir='ltr'><em>τῶν</em></span> 
     </span>
    </p>
   </div>
   <div class='ocr_carea' id='block_1_32' title="bbox 2332 790 3939 865">
    <p class='ocr_par' dir='ltr' id='par_1_32' title="bbox 2332 790 3939 865">
     <span class='ocr_line' id='line_1_32' title="bbox 2332 790 3939 865; baseline -0.003 -18"><span class='ocrx_word' id='word_1_215' title='bbox 2332 794 2637 858; x_wconf 76' lang='grc' dir='ltr'>σκωλήκων,</span> <span class='ocrx_word' id='word_1_216' title='bbox 2670 800 2759 847; x_wconf 85' lang='grc' dir='ltr'><em>καὶ</em></span> <span class='ocrx_word' id='word_1_217' title='bbox 2790 804 2882 856; x_wconf 82' lang='grc' dir='ltr'><em>τῆς</em></span> <span class='ocrx_word' id='word_1_218' title='bbox 2923 791 3203 855; x_wconf 79' lang='grc' dir='ltr'>δυσωδίας</span> <span class='ocrx_word' id='word_1_219' title='bbox 3243 792 3583 865; x_wconf 78' lang='grc' dir='ltr'><em>ἀφανιστικη)</em></span> <span class='ocrx_word' id='word_1_220' title='bbox 3616 808 3630 821; x_wconf 91' lang='grc'><strong>·</strong></span> <span class='ocrx_word' id='word_1_221' title='bbox 3662 796 3749 843; x_wconf 87' lang='grc' dir='ltr'>τόν</span> <span class='ocrx_word' id='word_1_222' title='bbox 3781 790 3939 843; x_wconf 68' lang='grc' dir='ltr'><em>αὐτόν</em></span> 
     </span>
    </p>
   </div>
   <div class='ocr_carea' id='block_1_33' title="bbox 2329 880 3940 957">
    <p class='ocr_par' dir='ltr' id='par_1_33' title="bbox 2329 880 3940 957">
     <span class='ocr_line' id='line_1_33' title="bbox 2329 880 3940 957; baseline -0.002 -21"><span class='ocrx_word' id='word_1_223' title='bbox 2329 888 2515 957; x_wconf 80' lang='grc' dir='ltr'>τρόπον</span> <span class='ocrx_word' id='word_1_224' title='bbox 2581 887 2670 934; x_wconf 85' lang='grc' dir='ltr'>καὶ</span> <span class='ocrx_word' id='word_1_225' title='bbox 2721 890 2870 937; x_wconf 83' lang='grc' dir='ltr'><em>πᾶσα</em></span> <span class='ocrx_word' id='word_1_226' title='bbox 2927 883 3081 957; x_wconf 73' lang='grc' dir='ltr'>ψυχὴ</span> <span class='ocrx_word' id='word_1_227' title='bbox 3150 886 3179 942; x_wconf 82' lang='grc' dir='ltr'>ἡ</span> <span class='ocrx_word' id='word_1_228' title='bbox 3237 888 3309 953; x_wconf 75' lang='grc' dir='ltr'><em>μὴ</em></span> <span class='ocrx_word' id='word_1_229' title='bbox 3368 882 3619 954; x_wconf 79' lang='grc' dir='ltr'><em>ηλισμένη</em></span> <span class='ocrx_word' id='word_1_230' title='bbox 3674 890 3747 952; x_wconf 83' lang='grc' dir='ltr'><em>τῷ</em></span> 
     </span>
    </p>
   </div>
   <div class='ocr_carea' id='block_1_34' title="bbox 2331 970 3945 1047">
    <p class='ocr_par' dir='ltr' id='par_1_34' title="bbox 2331 970 3945 1047">
     <span class='ocr_line' id='line_1_34' title="bbox 2331 970 3945 1047; baseline -0.002 -22"><span class='ocrx_word' id='word_1_231' title='bbox 2331 975 2611 1045; x_wconf 84' lang='grc' dir='ltr'><em>Πνεύματι,</em></span> <span class='ocrx_word' id='word_1_232' title='bbox 2660 980 2748 1026; x_wconf 84' lang='grc' dir='ltr'><em>καὶ</em></span> <span class='ocrx_word' id='word_1_233' title='bbox 2795 978 2866 1046; x_wconf 76' lang='grc' dir='ltr'><em>μὴ</em></span> <span class='ocrx_word' id='word_1_234' title='bbox 2923 978 3227 1047; x_wconf 85' lang='grc' dir='ltr'><em>μετέχουσα</em></span> <span class='ocrx_word' id='word_1_235' title='bbox 3268 979 3358 1025; x_wconf 82' lang='grc' dir='ltr'><em>τοῦ</em></span> <span class='ocrx_word' id='word_1_236' title='bbox 3406 971 3594 1032; x_wconf 80' lang='grc' dir='ltr'><em>ἅλατος</em></span> <span class='ocrx_word' id='word_1_237' title='bbox 3641 979 3733 1023; x_wconf 79' lang='grc' dir='ltr'>τοῦ</span> <span class='ocrx_word' id='word_1_238' title='bbox 3786 970 3945 1023; x_wconf 76' lang='grc' dir='ltr'><em>ἕπου-</em></span> 
     </span>
    </p>
   </div>
   <div class='ocr_carea' id='block_1_35' title="bbox 2330 1059 3941 1135">
    <p class='ocr_par' dir='ltr' id='par_1_35' title="bbox 2330 1059 3941 1135">
     <span class='ocr_line' id='line_1_35' title="bbox 2330 1059 3941 1135; baseline -0.001 -22"><span class='ocrx_word' id='word_1_239' title='bbox 2330 1067 2531 1135; x_wconf 84' lang='grc' dir='ltr'><em>ρανίου,</em></span> <span class='ocrx_word' id='word_1_240' title='bbox 2584 1062 2725 1115; x_wconf 84' lang='grc' dir='ltr'><em>τοῦτ’</em></span> <span class='ocrx_word' id='word_1_241' title='bbox 2779 1065 2894 1115; x_wconf 84' lang='grc' dir='ltr'><em>ἔστι</em></span> <span class='ocrx_word' id='word_1_242' title='bbox 2946 1071 3037 1123; x_wconf 87' lang='grc' dir='ltr'><em>τῆς</em></span> <span class='ocrx_word' id='word_1_243' title='bbox 3090 1059 3355 1133; x_wconf 79' lang='grc' dir='ltr'><em>δυνάμεως</em></span> <span class='ocrx_word' id='word_1_244' title='bbox 3412 1068 3503 1113; x_wconf 83' lang='grc' dir='ltr'><em>τοῦ</em></span> <span class='ocrx_word' id='word_1_245' title='bbox 3554 1067 3711 1127; x_wconf 84' lang='grc' dir='ltr'><em>Θεοῦ,</em></span> <span class='ocrx_word' id='word_1_246' title='bbox 3775 1064 3941 1118; x_wconf 76' lang='grc' dir='ltr'><em>σέση-</em></span> 
     </span>
    </p>
   </div>
   <div class='ocr_carea' id='block_1_36' title="bbox 2330 1148 3943 1223">
    <p class='ocr_par' dir='ltr' id='par_1_36' title="bbox 2330 1148 3943 1223">
     <span class='ocr_line' id='line_1_36' title="bbox 2330 1148 3943 1223; baseline -0.002 -20"><span class='ocrx_word' id='word_1_247' title='bbox 2330 1171 2477 1217; x_wconf 89' lang='grc' dir='ltr'><em>πται,</em></span> <span class='ocrx_word' id='word_1_248' title='bbox 2531 1156 2623 1204; x_wconf 85' lang='grc' dir='ltr'><em>καὶ</em></span> <span class='ocrx_word' id='word_1_249' title='bbox 2664 1148 2940 1213; x_wconf 82' lang='grc' dir='ltr'>δυσωδίας</span> <span class='ocrx_word' id='word_1_250' title='bbox 2980 1152 3169 1213; x_wconf 88' lang='grc' dir='ltr'><em>πολλῆς</em></span> <span class='ocrx_word' id='word_1_251' title='bbox 3207 1151 3472 1223; x_wconf 77' lang='grc' dir='ltr'>λογισμῶν</span> <span class='ocrx_word' id='word_1_252' title='bbox 3510 1157 3749 1223; x_wconf 77' lang='grc' dir='ltr'>πονηρῶν</span> <span class='ocrx_word' id='word_1_253' title='bbox 3789 1148 3943 1221; x_wconf 77' lang='grc' dir='ltr'><em>έμπί·</em></span> 
     </span>
    </p>
   </div>
   <div class='ocr_carea' id='block_1_37' title="bbox 2330 1239 3941 1313">
    <p class='ocr_par' dir='ltr' id='par_1_37' title="bbox 2330 1239 3941 1313">
     <span class='ocr_line' id='line_1_37' title="bbox 2330 1239 3941 1313; baseline -0.002 -21"><span class='ocrx_word' id='word_1_254' title='bbox 2330 1240 2430 1298; x_wconf 86' lang='grc' dir='ltr'>πλη</span> <span class='ocrx_word' id='word_1_255' title='bbox 2455 1239 2533 1313; x_wconf 93' lang='grc' dir='ltr'>[σ]</span> <span class='ocrx_word' id='word_1_256' title='bbox 2568 1260 2673 1307; x_wconf 90' lang='grc' dir='ltr'><em>ται,</em></span> <span class='ocrx_word' id='word_1_257' title='bbox 2703 1243 2836 1293; x_wconf 83' lang='grc' dir='ltr'><em>ὥστε</em></span> <span class='ocrx_word' id='word_1_258' title='bbox 2862 1240 3281 1313; x_wconf 75' lang='grc' dir='ltr'>ἀποστρέφεσθαι</span> <span class='ocrx_word' id='word_1_259' title='bbox 3304 1242 3361 1291; x_wconf 93' lang='grc' dir='ltr'>τό</span> <span class='ocrx_word' id='word_1_260' title='bbox 3388 1243 3663 1313; x_wconf 86' lang='grc' dir='ltr'><em>πρόσωπον</em></span> <span class='ocrx_word' id='word_1_261' title='bbox 3688 1244 3781 1290; x_wconf 82' lang='grc' dir='ltr'>τοῦ</span> <span class='ocrx_word' id='word_1_262' title='bbox 3803 1244 3941 1290; x_wconf 80' lang='grc' dir='ltr'>Θεοῦ</span> 
     </span>
    </p>
   </div>
   <div class='ocr_carea' id='block_1_38' title="bbox 2332 1326 3943 1401">
    <p class='ocr_par' dir='ltr' id='par_1_38' title="bbox 2332 1326 3943 1401">
     <span class='ocr_line' id='line_1_38' title="bbox 2332 1326 3943 1401; baseline -0.002 -21"><span class='ocrx_word' id='word_1_263' title='bbox 2332 1328 2433 1381; x_wconf 86' lang='grc' dir='ltr'>ἀπό</span> <span class='ocrx_word' id='word_1_264' title='bbox 2490 1337 2585 1391; x_wconf 90' lang='grc' dir='ltr'><em>τῆς</em></span> <span class='ocrx_word' id='word_1_265' title='bbox 2643 1327 2821 1391; x_wconf 81' lang='grc' dir='ltr'><em>δεινῆς</em></span> <span class='ocrx_word' id='word_1_266' title='bbox 2878 1326 3155 1389; x_wconf 81' lang='grc' dir='ltr'>δυσωδίας</span> <span class='ocrx_word' id='word_1_267' title='bbox 3212 1336 3312 1381; x_wconf 87' lang='grc' dir='ltr'><em>τῶν</em></span> <span class='ocrx_word' id='word_1_268' title='bbox 3370 1332 3604 1401; x_wconf 84' lang='grc' dir='ltr'>ματαίων</span> <span class='ocrx_word' id='word_1_269' title='bbox 3667 1326 3943 1398; x_wconf 75' lang='grc' dir='ltr'>λογισμῶν</span> 
     </span>
    </p>
   </div>
   <div class='ocr_carea' id='block_1_39' title="bbox 2330 1415 3940 1488">
    <p class='ocr_par' dir='ltr' id='par_1_39' title="bbox 2330 1415 3940 1488">
     <span class='ocr_line' id='line_1_39' title="bbox 2330 1415 3940 1488; baseline -0.002 -18"><span class='ocrx_word' id='word_1_270' title='bbox 2330 1426 2419 1470; x_wconf 81' lang='grc' dir='ltr'>τοῦ</span> <span class='ocrx_word' id='word_1_271' title='bbox 2478 1423 2720 1484; x_wconf 91' lang='grc' dir='ltr'><em>σκότους,</em></span> <span class='ocrx_word' id='word_1_272' title='bbox 2789 1424 2879 1471; x_wconf 81' lang='grc' dir='ltr'><em>καὶ</em></span> <span class='ocrx_word' id='word_1_273' title='bbox 2935 1427 3031 1471; x_wconf 85' lang='grc' dir='ltr'><em>τῶν</em></span> <span class='ocrx_word' id='word_1_274' title='bbox 3090 1419 3269 1471; x_wconf 86' lang='grc' dir='ltr'><em>παθῶν</em></span> <span class='ocrx_word' id='word_1_275' title='bbox 3326 1425 3427 1469; x_wconf 85' lang='grc' dir='ltr'><em>τῶν</em></span> <span class='ocrx_word' id='word_1_276' title='bbox 3485 1415 3533 1468; x_wconf 78' lang='grc' dir='ltr'>ἐν</span> <span class='ocrx_word' id='word_1_277' title='bbox 3589 1424 3649 1488; x_wconf 74' lang='grc' dir='ltr'><em>τῇ</em></span> <span class='ocrx_word' id='word_1_278' title='bbox 3716 1418 3940 1487; x_wconf 74' lang='grc' dir='ltr'><em>τοιαύτῃ</em></span> 
     </span>
    </p>
   </div>
   <div class='ocr_carea' id='block_1_40' title="bbox 2329 1502 3942 1579">
    <p class='ocr_par' dir='ltr' id='par_1_40' title="bbox 2329 1502 3942 1579">
     <span class='ocr_line' id='line_1_40' title="bbox 2329 1502 3942 1579; baseline -0.001 -20"><span class='ocrx_word' id='word_1_279' title='bbox 2329 1506 2483 1579; x_wconf 74' lang='grc' dir='ltr'>ψυχῇ</span> <span class='ocrx_word' id='word_1_280' title='bbox 2527 1511 2875 1562; x_wconf 74' lang='grc' dir='ltr'>ἐνοικούντων.</span> <span class='ocrx_word' id='word_1_281' title='bbox 2917 1512 3017 1561; x_wconf 82' lang='grc' dir='ltr'>Καὶ</span> <span class='ocrx_word' id='word_1_282' title='bbox 3047 1510 3095 1560; x_wconf 86' lang='grc' dir='ltr'>οἱ</span> <span class='ocrx_word' id='word_1_283' title='bbox 3135 1512 3289 1559; x_wconf 83' lang='grc' dir='ltr'><em>κακοὶ</em></span> <span class='ocrx_word' id='word_1_284' title='bbox 3318 1511 3408 1559; x_wconf 84' lang='grc' dir='ltr'><em>καὶ</em></span> <span class='ocrx_word' id='word_1_285' title='bbox 3450 1502 3610 1558; x_wconf 78' lang='grc' dir='ltr'><em>δεινοὶ</em></span> <span class='ocrx_word' id='word_1_286' title='bbox 3651 1504 3942 1574; x_wconf 78' lang='grc' dir='ltr'><em>σκώληκες,</em></span> 
     </span>
    </p>
   </div>
   <div class='ocr_carea' id='block_1_41' title="bbox 2314 1591 3945 1669">
    <p class='ocr_par' dir='ltr' id='par_1_41' title="bbox 2314 1591 3945 1669">
     <span class='ocr_line' id='line_1_41' title="bbox 2314 1591 3945 1669; baseline -0.002 -20"><span class='ocrx_word' id='word_1_287' title='bbox 2314 1597 2365 1648; x_wconf 86' lang='grc' dir='ltr'>οἶ</span> <span class='ocrx_word' id='word_1_288' title='bbox 2408 1601 2519 1650; x_wconf 86' lang='grc' dir='ltr'><em>ἐστι</em></span> <span class='ocrx_word' id='word_1_289' title='bbox 2573 1602 2639 1650; x_wconf 89' lang='grc' dir='ltr'>τά</span> <span class='ocrx_word' id='word_1_290' title='bbox 2680 1601 2949 1669; x_wconf 87' lang='grc' dir='ltr'><em>πνεύματα</em></span> <span class='ocrx_word' id='word_1_291' title='bbox 2992 1606 3087 1659; x_wconf 86' lang='grc' dir='ltr'><em>τῆς</em></span> <span class='ocrx_word' id='word_1_292' title='bbox 3134 1601 3406 1669; x_wconf 81' lang='grc' dir='ltr'>πονηρίας,</span> <span class='ocrx_word' id='word_1_293' title='bbox 3456 1601 3546 1647; x_wconf 83' lang='grc' dir='ltr'>καὶ</span> <span class='ocrx_word' id='word_1_294' title='bbox 3593 1597 3647 1647; x_wconf 81' lang='grc' dir='ltr'><em>αἱ</em></span> <span class='ocrx_word' id='word_1_295' title='bbox 3689 1591 3945 1667; x_wconf 78' lang='grc' dir='ltr'><em>δυνάμεις</em></span> 
     </span>
    </p>
   </div>
   <div class='ocr_carea' id='block_1_42' title="bbox 2330 1683 3945 1761">
    <p class='ocr_par' dir='ltr' id='par_1_42' title="bbox 2330 1683 3945 1761">
     <span class='ocr_line' id='line_1_42' title="bbox 2330 1683 3945 1761; baseline -0.002 -23"><span class='ocrx_word' id='word_1_296' title='bbox 2330 1695 2420 1738; x_wconf 84' lang='grc' dir='ltr'>τοῦ</span> <span class='ocrx_word' id='word_1_297' title='bbox 2472 1692 2708 1751; x_wconf 77' lang='grc' dir='ltr'>σκότους,</span> <span class='ocrx_word' id='word_1_298' title='bbox 2760 1686 2966 1759; x_wconf 75' lang='grc' dir='ltr'><em>έναύτῃ</em></span> <span class='ocrx_word' id='word_1_299' title='bbox 3020 1686 3454 1761; x_wconf 80' lang='grc' dir='ltr'><em>ὶμπεριπατοῡσι,</em></span> <span class='ocrx_word' id='word_1_300' title='bbox 3502 1684 3653 1737; x_wconf 87' lang='grc' dir='ltr'><em>κάκεῖ</em></span> <span class='ocrx_word' id='word_1_301' title='bbox 3709 1683 3945 1755; x_wconf 58' lang='grc' dir='ltr'><em>ἢνὲμον-</em></span> 
     </span>
    </p>
   </div>
   <div class='ocr_carea' id='block_1_43' title="bbox 2328 1772 3944 1848">
    <p class='ocr_par' dir='ltr' id='par_1_43' title="bbox 2328 1772 3944 1848">
     <span class='ocr_line' id='line_1_43' title="bbox 2328 1772 3944 1848; baseline -0.001 -21"><span class='ocrx_word' id='word_1_302' title='bbox 2328 1796 2432 1840; x_wconf 91' lang='grc' dir='ltr'><em>ται,</em></span> <span class='ocrx_word' id='word_1_303' title='bbox 2466 1782 2555 1827; x_wconf 80' lang='grc' dir='ltr'><em>καὶ</em></span> <span class='ocrx_word' id='word_1_304' title='bbox 2599 1775 2907 1848; x_wconf 79' lang='grc' dir='ltr'>φωλεύουσι,</span> <span class='ocrx_word' id='word_1_305' title='bbox 2951 1780 3039 1827; x_wconf 84' lang='grc' dir='ltr'><em>καὶ</em></span> <span class='ocrx_word' id='word_1_306' title='bbox 3071 1776 3309 1848; x_wconf 81' lang='grc' dir='ltr'><em>ἓρπουσι,</em></span> <span class='ocrx_word' id='word_1_307' title='bbox 3368 1780 3457 1827; x_wconf 84' lang='grc' dir='ltr'><em>καὶ</em></span> <span class='ocrx_word' id='word_1_308' title='bbox 3487 1774 3649 1831; x_wconf 77' lang='grc' dir='ltr'><em>αύτῆν</em></span> <span class='ocrx_word' id='word_1_309' title='bbox 3705 1772 3944 1825; x_wconf 75' lang='grc' dir='ltr'><em>ἐσθίουσι</em></span> 
     </span>
    </p>
   </div>
   <div class='ocr_carea' id='block_1_44' title="bbox 2329 1865 3943 1941">
    <p class='ocr_par' dir='ltr' id='par_1_44' title="bbox 2329 1865 3943 1941">
     <span class='ocr_line' id='line_1_44' title="bbox 2329 1865 3943 1941; baseline -0.001 -25"><span class='ocrx_word' id='word_1_310' title='bbox 2329 1870 2417 1916; x_wconf 89' lang='grc' dir='ltr'><em>καὶ</em></span> <span class='ocrx_word' id='word_1_311' title='bbox 2449 1867 2743 1939; x_wconf 77' lang='grc' dir='ltr'><em>φθείρουσι.</em></span> <span class='ocrx_word' id='word_1_312' title='bbox 2778 1866 3223 1941; x_wconf 75' lang='grc' dir='ltr'><em>Προσώζεσαν</em></span> <span class='ocrx_word' id='word_1_313' title='bbox 3262 1867 3407 1937; x_wconf 73' lang='grc' dir='ltr'><em>γὰρ,</em></span> <span class='ocrx_word' id='word_1_314' title='bbox 3452 1868 3748 1936; x_wconf 79' lang='grc' dir='ltr'><em>φησὶ,καὶ</em></span> <span class='ocrx_word' id='word_1_315' title='bbox 3787 1865 3943 1915; x_wconf 75' lang='grc' dir='ltr'><em>ἐσοί-</em></span> 
     </span>
    </p>
   </div>
   <div class='ocr_carea' id='block_1_45' title="bbox 2329 1950 3941 2027">
    <p class='ocr_par' dir='ltr' id='par_1_45' title="bbox 2329 1950 3941 2027">
     <span class='ocr_line' id='line_1_45' title="bbox 2329 1950 3941 2027; baseline -0.002 -22"><span class='ocrx_word' id='word_1_316' title='bbox 2329 1972 2545 2010; x_wconf 89' lang='grc' dir='ltr'><em>πησαν</em></span> <span class='ocrx_word' id='word_1_317' title='bbox 2607 1957 2668 2007; x_wconf 85' lang='grc' dir='ltr'>οὶ</span> <span class='ocrx_word' id='word_1_318' title='bbox 2724 1956 3031 2027; x_wconf 82' lang='grc' dir='ltr'><em>μώλωπές</em></span> <span class='ocrx_word' id='word_1_319' title='bbox 3096 1974 3237 2026; x_wconf 92' lang='grc' dir='ltr'><em>μου.</em></span> <span class='ocrx_word' id='word_1_320' title='bbox 3280 1954 3436 2007; x_wconf 82' lang='grc' dir='ltr'><em>Ἐπάν</em></span> <span class='ocrx_word' id='word_1_321' title='bbox 3466 1950 3524 2005; x_wconf 71' lang='grc' dir='ltr'><em>δὲ</em></span> <span class='ocrx_word' id='word_1_322' title='bbox 3553 1955 3832 2027; x_wconf 77' lang='grc' dir='ltr'><em>προσφύγῃ</em></span> <span class='ocrx_word' id='word_1_323' title='bbox 3867 1960 3941 2022; x_wconf 72' lang='grc' dir='ltr'><em>τῷ</em></span> 
     </span>
    </p>
   </div>
   <div class='ocr_carea' id='block_1_46' title="bbox 2330 2041 3938 2116">
    <p class='ocr_par' dir='ltr' id='par_1_46' title="bbox 2330 2041 3938 2116">
     <span class='ocr_line' id='line_1_46' title="bbox 2330 2041 3938 2116; baseline -0.001 -22"><span class='ocrx_word' id='word_1_324' title='bbox 2330 2050 2463 2113; x_wconf 74' lang='grc' dir='ltr'><em>Θεῷ,</em></span> <span class='ocrx_word' id='word_1_325' title='bbox 2496 2050 2585 2095; x_wconf 86' lang='grc' dir='ltr'><em>καὶ</em></span> <span class='ocrx_word' id='word_1_326' title='bbox 2638 2046 2922 2116; x_wconf 77' lang='grc' dir='ltr'>πιστεύσῃ,</span> <span class='ocrx_word' id='word_1_327' title='bbox 2971 2048 3059 2096; x_wconf 82' lang='grc' dir='ltr'><em>καὶ</em></span> <span class='ocrx_word' id='word_1_328' title='bbox 3113 2044 3305 2116; x_wconf 75' lang='grc' dir='ltr'><em>αἰτήσῃ</em></span> <span class='ocrx_word' id='word_1_329' title='bbox 3340 2046 3397 2095; x_wconf 89' lang='grc' dir='ltr'>τό</span> <span class='ocrx_word' id='word_1_330' title='bbox 3446 2042 3573 2104; x_wconf 79' lang='grc' dir='ltr'><em>ἅλας</em></span> <span class='ocrx_word' id='word_1_331' title='bbox 3626 2049 3717 2101; x_wconf 81' lang='grc' dir='ltr'><em>τῆς</em></span> <span class='ocrx_word' id='word_1_332' title='bbox 3770 2041 3938 2106; x_wconf 75' lang='grc' dir='ltr'><em>ζωῆς,</em></span> 
     </span>
    </p>
   </div>
   <div class='ocr_carea' id='block_1_47' title="bbox 2328 2128 3939 2204">
    <p class='ocr_par' dir='ltr' id='par_1_47' title="bbox 2328 2128 3939 2204">
     <span class='ocr_line' id='line_1_47' title="bbox 2328 2128 3939 2204; baseline -0.001 -21"><span class='ocrx_word' id='word_1_333' title='bbox 2328 2134 2385 2183; x_wconf 85' lang='grc' dir='ltr'>τό</span> <span class='ocrx_word' id='word_1_334' title='bbox 2439 2131 2632 2203; x_wconf 70' lang='grc' dir='ltr'><em>ἀγαθὸν</em></span> <span class='ocrx_word' id='word_1_335' title='bbox 2676 2137 2766 2185; x_wconf 83' lang='grc' dir='ltr'><em>καὶ</em></span> <span class='ocrx_word' id='word_1_336' title='bbox 2821 2133 3175 2204; x_wconf 76' lang='grc' dir='ltr'><em>φιλάνθρωπον</em></span> <span class='ocrx_word' id='word_1_337' title='bbox 3232 2138 3458 2201; x_wconf 80' lang='grc' dir='ltr'>Πνεῦμα,</span> <span class='ocrx_word' id='word_1_338' title='bbox 3518 2134 3632 2182; x_wconf 89' lang='grc' dir='ltr'><em>τότε</em></span> <span class='ocrx_word' id='word_1_339' title='bbox 3679 2128 3825 2182; x_wconf 77' lang='grc' dir='ltr'><em>έλθόν</em></span> <span class='ocrx_word' id='word_1_340' title='bbox 3876 2133 3939 2181; x_wconf 87' lang='grc' dir='ltr'>τό</span> 
     </span>
    </p>
   </div>
   <div class='ocr_carea' id='block_1_48' title="bbox 2328 2217 3945 2295">
    <p class='ocr_par' dir='ltr' id='par_1_48' title="bbox 2328 2217 3945 2295">
     <span class='ocr_line' id='line_1_48' title="bbox 2328 2217 3945 2295; baseline 0 -24"><span class='ocrx_word' id='word_1_341' title='bbox 2328 2219 2453 2282; x_wconf 82' lang='grc' dir='ltr'><em>ἃλας</em></span> <span class='ocrx_word' id='word_1_342' title='bbox 2484 2225 2541 2272; x_wconf 91' lang='grc' dir='ltr'>τό</span> <span class='ocrx_word' id='word_1_343' title='bbox 2595 2221 2829 2292; x_wconf 69' lang='grc' dir='ltr'>οὐράνιον</span> <span class='ocrx_word' id='word_1_344' title='bbox 2863 2220 3060 2295; x_wconf 87' lang='grc' dir='ltr'><em>ἀναιρεῖ</em></span> <span class='ocrx_word' id='word_1_345' title='bbox 3115 2225 3237 2282; x_wconf 85' lang='grc' dir='ltr'><em>τοὺς</em></span> <span class='ocrx_word' id='word_1_346' title='bbox 3270 2217 3466 2280; x_wconf 81' lang='grc' dir='ltr'><em>δεινούς</em></span> <span class='ocrx_word' id='word_1_347' title='bbox 3500 2218 3789 2287; x_wconf 79' lang='grc' dir='ltr'><em>σκώληκας,</em></span> <span class='ocrx_word' id='word_1_348' title='bbox 3847 2224 3945 2271; x_wconf 85' lang='grc' dir='ltr'><em>καὶ</em></span> 
     </span>
    </p>
   </div>
   <div class='ocr_carea' id='block_1_49' title="bbox 2330 2307 3944 2383">
    <p class='ocr_par' dir='ltr' id='par_1_49' title="bbox 2330 2307 3944 2383">
     <span class='ocr_line' id='line_1_49' title="bbox 2330 2307 3944 2383; baseline -0.002 -23"><span class='ocrx_word' id='word_1_349' title='bbox 2330 2308 2565 2381; x_wconf 69' lang='grc' dir='ltr'><em>ἀφανίζει</em></span> <span class='ocrx_word' id='word_1_350' title='bbox 2594 2314 2687 2369; x_wconf 74' lang='grc' dir='ltr'>τὴν</span> <span class='ocrx_word' id='word_1_351' title='bbox 2732 2313 2961 2383; x_wconf 81' lang='grc' dir='ltr'><em>πονηρὰν</em></span> <span class='ocrx_word' id='word_1_352' title='bbox 3011 2307 3308 2373; x_wconf 81' lang='grc' dir='ltr'><em>δυσωδίαν,</em></span> <span class='ocrx_word' id='word_1_353' title='bbox 3359 2314 3449 2361; x_wconf 82' lang='grc' dir='ltr'><em>καὶ</em></span> <span class='ocrx_word' id='word_1_354' title='bbox 3501 2310 3739 2379; x_wconf 80' lang='grc' dir='ltr'><em>καθαίρει</em></span> <span class='ocrx_word' id='word_1_355' title='bbox 3771 2307 3944 2365; x_wconf 67' lang='grc' dir='ltr'><em>αὐτὴν</em></span> 
     </span>
    </p>
   </div>
   <div class='ocr_carea' id='block_1_50' title="bbox 2328 2397 3946 2473">
    <p class='ocr_par' dir='ltr' id='par_1_50' title="bbox 2328 2397 3946 2473">
     <span class='ocr_line' id='line_1_50' title="bbox 2328 2397 3946 2473; baseline -0.002 -21"><span class='ocrx_word' id='word_1_356' title='bbox 2328 2407 2389 2455; x_wconf 79' lang='grc' dir='ltr'><em>τῆ</em></span> <span class='ocrx_word' id='word_1_357' title='bbox 2443 2399 2669 2473; x_wconf 74' lang='grc' dir='ltr'>ἐνεργείᾳ</span> <span class='ocrx_word' id='word_1_358' title='bbox 2719 2408 2814 2462; x_wconf 83' lang='grc' dir='ltr'><em>τῆς</em></span> <span class='ocrx_word' id='word_1_359' title='bbox 2865 2398 3129 2463; x_wconf 77' lang='grc' dir='ltr'><em>δυνάμεως</em></span> <span class='ocrx_word' id='word_1_360' title='bbox 3182 2400 3342 2451; x_wconf 72' lang='grc' dir='ltr'><em>αὐτοῦ</em></span> <span class='ocrx_word' id='word_1_361' title='bbox 3372 2416 3382 2428; x_wconf 91' lang='grc'><strong>·</strong></span> <span class='ocrx_word' id='word_1_362' title='bbox 3419 2403 3509 2450; x_wconf 82' lang='grc' dir='ltr'><em>καὶ</em></span> <span class='ocrx_word' id='word_1_363' title='bbox 3568 2397 3729 2457; x_wconf 75' lang='grc' dir='ltr'><em>οὕτως</em></span> <span class='ocrx_word' id='word_1_364' title='bbox 3781 2398 3946 2468; x_wconf 71' lang='grc' dir='ltr'><em>ὑγιής</em></span> 
     </span>
    </p>
   </div>
   <div class='ocr_carea' id='block_1_51' title="bbox 2329 2484 3942 2563">
    <p class='ocr_par' dir='ltr' id='par_1_51' title="bbox 2329 2484 3942 2563">
     <span class='ocr_line' id='line_1_51' title="bbox 2329 2484 3942 2563; baseline -0.002 -24"><span class='ocrx_word' id='word_1_365' title='bbox 2329 2494 2418 2540; x_wconf 87' lang='grc' dir='ltr'><em>καὶ</em></span> <span class='ocrx_word' id='word_1_366' title='bbox 2468 2488 2652 2550; x_wconf 77' lang='grc' dir='ltr'><em>ἀσινὴς</em></span> <span class='ocrx_word' id='word_1_367' title='bbox 2708 2489 3122 2563; x_wconf 72' lang='grc' dir='ltr'><em>ἀπεργασθεῖσα,</em></span> <span class='ocrx_word' id='word_1_368' title='bbox 3164 2489 3264 2539; x_wconf 84' lang='grc' dir='ltr'><em>ὑπό</em></span> <span class='ocrx_word' id='word_1_369' title='bbox 3320 2494 3412 2539; x_wconf 80' lang='grc' dir='ltr'>τοῦ</span> <span class='ocrx_word' id='word_1_370' title='bbox 3468 2485 3654 2548; x_wconf 84' lang='grc' dir='ltr'><em>ἂλατος</em></span> <span class='ocrx_word' id='word_1_371' title='bbox 3686 2493 3776 2537; x_wconf 80' lang='grc' dir='ltr'><em>τοῦ</em></span> <span class='ocrx_word' id='word_1_372' title='bbox 3811 2484 3942 2543; x_wconf 85' lang='grc' dir='ltr'><em>ἀλη-</em></span> 
     </span>
    </p>
   </div>
   <div class='ocr_carea' id='block_1_52' title="bbox 569 2574 3932 2651">
    <p class='ocr_par' dir='ltr' id='par_1_52' title="bbox 569 2574 3932 2651">
     <span class='ocr_line' id='line_1_52' title="bbox 569 2574 3932 2651; baseline -0 -23"><span class='ocrx_word' id='word_1_373' title='bbox 569 2578 731 2639; x_wconf 82' lang='grc' dir='ltr'><em>θινοῦ,</em></span> <span class='ocrx_word' id='word_1_374' title='bbox 792 2577 858 2637; x_wconf 85' lang='grc' dir='ltr'><em>εἰς</em></span> <span class='ocrx_word' id='word_1_375' title='bbox 908 2586 1111 2651; x_wconf 82' lang='grc' dir='ltr'><em>χρῆσιν</em></span> <span class='ocrx_word' id='word_1_376' title='bbox 1164 2582 1252 2629; x_wconf 84' lang='grc' dir='ltr'><em>καὶ</em></span> <span class='ocrx_word' id='word_1_377' title='bbox 1292 2578 1581 2651; x_wconf 78' lang='grc' dir='ltr'>ὑπηρεσίαν</span> <span class='ocrx_word' id='word_1_378' title='bbox 1636 2577 1703 2648; x_wconf 78' lang='grc' dir='ltr'><em>τῷ</em></span> <span class='ocrx_word' id='word_1_379' title='bbox 1754 2576 2040 2650; x_wconf 80' lang='grc' dir='ltr'>ἐπουρανίῳ</span> <span class='ocrx_word' id='word_1_380' title='bbox 2101 2580 2345 2649; x_wconf 82' lang='grc' dir='ltr'><em>Λεσπότῃ</em></span> <span class='ocrx_word' id='word_1_381' title='bbox 2399 2576 2844 2632; x_wconf 80' lang='grc' dir='ltr'><em>ἀποκαθίσταται.</em></span> <span class='ocrx_word' id='word_1_382' title='bbox 2906 2580 3001 2631; x_wconf 90' lang='grc' dir='ltr'><em>Διά</em></span> <span class='ocrx_word' id='word_1_383' title='bbox 3056 2586 3211 2630; x_wconf 77' lang='grc' dir='ltr'><em>τουτο</em></span> <span class='ocrx_word' id='word_1_384' title='bbox 3267 2578 3369 2649; x_wconf 74' lang='grc' dir='ltr'>γάρ</span> <span class='ocrx_word' id='word_1_385' title='bbox 3431 2581 3522 2627; x_wconf 77' lang='grc' dir='ltr'><em>καὶ</em></span> <span class='ocrx_word' id='word_1_386' title='bbox 3565 2574 3613 2627; x_wconf 73' lang='grc' dir='ltr'>ἓν</span> <span class='ocrx_word' id='word_1_387' title='bbox 3672 2574 3742 2645; x_wconf 81' lang='grc' dir='ltr'><em>τῷ</em></span> <span class='ocrx_word' id='word_1_388' title='bbox 3784 2579 3932 2647; x_wconf 78' lang='grc' dir='ltr'><em>νόμῳ</em></span> 
     </span>
    </p>
   </div>
   <div class='ocr_carea' id='block_1_53' title="bbox 562 2661 2609 2740">
    <p class='ocr_par' dir='ltr' id='par_1_53' title="bbox 562 2661 2609 2740">
     <span class='ocr_line' id='line_1_53' title="bbox 562 2661 2609 2740; baseline 0.002 -23"><span class='ocrx_word' id='word_1_389' title='bbox 562 2661 914 2738; x_wconf 74' lang='grc' dir='ltr'><em>ὑποδείγματι</em></span> <span class='ocrx_word' id='word_1_390' title='bbox 943 2673 1211 2740; x_wconf 79' lang='grc' dir='ltr'><em>χρώμενον</em></span> <span class='ocrx_word' id='word_1_391' title='bbox 1242 2668 1267 2718; x_wconf 94' lang='lat'>6</span> <span class='ocrx_word' id='word_1_392' title='bbox 1300 2670 1451 2732; x_wconf 85' lang='grc' dir='ltr'><em>Θεὸς,</em></span> <span class='ocrx_word' id='word_1_393' title='bbox 1484 2665 1677 2719; x_wconf 75' lang='grc' dir='ltr'><em>ἰκέλευε</em></span> <span class='ocrx_word' id='word_1_394' title='bbox 1710 2673 1884 2719; x_wconf 87' lang='grc' dir='ltr'><em>πᾶσαν</em></span> <span class='ocrx_word' id='word_1_395' title='bbox 1919 2669 2104 2719; x_wconf 79' lang='grc' dir='ltr'><em>θυσίαν</em></span> <span class='ocrx_word' id='word_1_396' title='bbox 2135 2666 2286 2718; x_wconf 80' lang='grc' dir='ltr'><em>ἅλατι</em></span> <span class='ocrx_word' id='word_1_397' title='bbox 2318 2666 2609 2727; x_wconf 80' lang='grc' dir='ltr'><em>ἁλίζεσθαι.</em></span> 
     </span>
    </p>
   </div>
   <div class='ocr_carea' id='block_1_54' title="bbox 634 2791 2214 2864">
    <p class='ocr_par' dir='ltr' id='par_1_54' title="bbox 634 2791 2214 2864">
     <span class='ocr_line' id='line_1_54' title="bbox 634 2791 2214 2864; baseline 0 -18"><span class='ocrx_word' id='word_1_398' title='bbox 634 2791 722 2846; x_wconf 89' lang='lat' dir='ltr'>Vl.</span> <span class='ocrx_word' id='word_1_399' title='bbox 752 2792 995 2863; x_wconf 87' lang='lat' dir='ltr'>Oportet</span> <span class='ocrx_word' id='word_1_400' title='bbox 1023 2791 1200 2863; x_wconf 87' lang='lat' dir='ltr'>igitur</span> <span class='ocrx_word' id='word_1_401' title='bbox 1238 2793 1501 2864; x_wconf 91' lang='lat' dir='ltr'>primum</span> <span class='ocrx_word' id='word_1_402' title='bbox 1545 2792 1848 2847; x_wconf 89' lang='lat' dir='ltr'>victimam</span> <span class='ocrx_word' id='word_1_403' title='bbox 1892 2791 2137 2847; x_wconf 90' lang='lat' dir='ltr'>mactari</span> <span class='ocrx_word' id='word_1_404' title='bbox 2177 2806 2214 2846; x_wconf 92' lang='lat' dir='ltr'>a</span> 
     </span>
    </p>
   </div>
   <div class='ocr_carea' id='block_1_55' title="bbox 560 2880 2214 2949">
    <p class='ocr_par' dir='ltr' id='par_1_55' title="bbox 560 2880 2214 2949">
     <span class='ocr_line' id='line_1_55' title="bbox 560 2880 2214 2949; baseline -0.001 -14"><span class='ocrx_word' id='word_1_405' title='bbox 560 2880 892 2948; x_wconf 79' lang='lat' dir='ltr'>sacerdote,</span> <span class='ocrx_word' id='word_1_406' title='bbox 913 2887 968 2935; x_wconf 90' lang='lat' dir='ltr'>et</span> <span class='ocrx_word' id='word_1_407' title='bbox 1000 2882 1170 2949; x_wconf 85' lang='lat' dir='ltr'>mori,</span> <span class='ocrx_word' id='word_1_408' title='bbox 1203 2887 1260 2937; x_wconf 89' lang='lat' dir='ltr'>et</span> <span class='ocrx_word' id='word_1_409' title='bbox 1285 2886 1421 2937; x_wconf 90' lang='lat' dir='ltr'>tunc</span> <span class='ocrx_word' id='word_1_410' title='bbox 1443 2881 1768 2936; x_wconf 90' lang='lat' dir='ltr'>dissectam</span> <span class='ocrx_word' id='word_1_411' title='bbox 1806 2880 1927 2936; x_wconf 89' lang='lat' dir='ltr'>sale</span> <span class='ocrx_word' id='word_1_412' title='bbox 1964 2880 2214 2944; x_wconf 91' lang='lat' dir='ltr'>condiri,</span> 
     </span>
    </p>
   </div>
   <div class='ocr_carea' id='block_1_56' title="bbox 559 2969 2218 3041">
    <p class='ocr_par' dir='ltr' id='par_1_56' title="bbox 559 2969 2218 3041">
     <span class='ocr_line' id='line_1_56' title="bbox 559 2969 2218 3041; baseline -0.001 -16"><span class='ocrx_word' id='word_1_413' title='bbox 559 2969 779 3025; x_wconf 90' lang='lat' dir='ltr'>deinde</span> <span class='ocrx_word' id='word_1_414' title='bbox 845 2971 929 3025; x_wconf 90' lang='lat' dir='ltr'>sic</span> <span class='ocrx_word' id='word_1_415' title='bbox 955 2971 1077 3039; x_wconf 90' lang='lat' dir='ltr'>igni</span> <span class='ocrx_word' id='word_1_416' title='bbox 1137 2970 1393 3041; x_wconf 88' lang='lat' dir='ltr'>imponi.</span> <span class='ocrx_word' id='word_1_417' title='bbox 1423 2971 1537 3025; x_wconf 84' lang='lat' dir='ltr'>Nisi</span> <span class='ocrx_word' id='word_1_418' title='bbox 1582 2970 1741 3025; x_wconf 89' lang='lat' dir='ltr'>enim</span> <span class='ocrx_word' id='word_1_419' title='bbox 1790 2970 1954 3040; x_wconf 85' lang='lat' dir='ltr'>prius</span> <span class='ocrx_word' id='word_1_420' title='bbox 2002 2973 2218 3025; x_wconf 91' lang='lat' dir='ltr'>mactet</span> 
     </span>
    </p>
   </div>
   <div class='ocr_carea' id='block_1_57' title="bbox 558 3058 2215 3130">
    <p class='ocr_par' dir='ltr' id='par_1_57' title="bbox 558 3058 2215 3130">
     <span class='ocr_line' id='line_1_57' title="bbox 558 3058 2215 3130; baseline -0.001 -16"><span class='ocrx_word' id='word_1_421' title='bbox 558 3064 613 3114; x_wconf 89' lang='lat' dir='ltr'>et</span> <span class='ocrx_word' id='word_1_422' title='bbox 639 3058 874 3116; x_wconf 90' lang='lat' dir='ltr'>occidat</span> <span class='ocrx_word' id='word_1_423' title='bbox 920 3075 1095 3114; x_wconf 91' lang='lat' dir='ltr'>ovem</span> <span class='ocrx_word' id='word_1_424' title='bbox 1127 3060 1426 3123; x_wconf 83' lang='lat' dir='ltr'>sacerdos,</span> <span class='ocrx_word' id='word_1_425' title='bbox 1470 3074 1592 3115; x_wconf 91' lang='lat' dir='ltr'>non</span> <span class='ocrx_word' id='word_1_426' title='bbox 1643 3058 1870 3125; x_wconf 90' lang='lat' dir='ltr'>salitur,</span> <span class='ocrx_word' id='word_1_427' title='bbox 1899 3074 2095 3130; x_wconf 90' lang='lat' dir='ltr'>neque</span> <span class='ocrx_word' id='word_1_428' title='bbox 2138 3058 2215 3113; x_wconf 90' lang='lat' dir='ltr'>ad</span> 
     </span>
    </p>
   </div>
   <div class='ocr_carea' id='block_1_58' title="bbox 558 3148 1679 3205">
    <p class='ocr_par' dir='ltr' id='par_1_58' title="bbox 558 3148 1679 3205">
     <span class='ocr_line' id='line_1_58' title="bbox 558 3148 1679 3205; baseline -0.002 -1"><span class='ocrx_word' id='word_1_429' title='bbox 558 3148 981 3205; x_wconf 89' lang='lat' dir='ltr'>holocaustum</span> <span class='ocrx_word' id='word_1_430' title='bbox 1024 3150 1274 3203; x_wconf 90' lang='lat' dir='ltr'>Domino</span> <span class='ocrx_word' id='word_1_431' title='bbox 1305 3148 1625 3203; x_wconf 87' lang='lat' dir='ltr'>adducitur</span> <span class='ocrx_word' id='word_1_432' title='bbox 1667 3165 1679 3202; x_wconf 95' lang='lat'>:</span> 
     </span>
    </p>
   </div>
   <div class='ocr_carea' id='block_1_59' title="bbox 558 3234 2217 3306">
    <p class='ocr_par' dir='ltr' id='par_1_59' title="bbox 558 3234 2217 3306">
     <span class='ocr_line' id='line_1_59' title="bbox 558 3234 2217 3306; baseline -0.003 -12"><span class='ocrx_word' id='word_1_433' title='bbox 558 3237 828 3294; x_wconf 90' lang='lat' dir='ltr'>animam</span> <span class='ocrx_word' id='word_1_434' title='bbox 866 3234 1249 3292; x_wconf 90' lang='lat' dir='ltr'>accedentem</span> <span class='ocrx_word' id='word_1_435' title='bbox 1281 3250 1418 3291; x_wconf 90' lang='lat' dir='ltr'>vero</span> <span class='ocrx_word' id='word_1_436' title='bbox 1460 3234 1718 3290; x_wconf 84' lang='lat' dir='ltr'>Pontiﬁci</span> <span class='ocrx_word' id='word_1_437' title='bbox 1755 3236 1999 3299; x_wconf 79' lang='lat' dir='ltr'>Christo,</span> <span class='ocrx_word' id='word_1_438' title='bbox 2043 3250 2217 3306; x_wconf 87' lang='lat' dir='ltr'>opor-</span> 
     </span>
    </p>
   </div>
   <div class='ocr_carea' id='block_1_60' title="bbox 560 3324 2215 3394">
    <p class='ocr_par' dir='ltr' id='par_1_60' title="bbox 560 3324 2215 3394">
     <span class='ocr_line' id='line_1_60' title="bbox 560 3324 2215 3394; baseline -0.001 -13"><span class='ocrx_word' id='word_1_439' title='bbox 560 3330 639 3381; x_wconf 90' lang='lat' dir='ltr'>tet</span> <span class='ocrx_word' id='word_1_440' title='bbox 681 3326 929 3381; x_wconf 87' lang='lat' dir='ltr'>mactari</span> <span class='ocrx_word' id='word_1_441' title='bbox 971 3324 1047 3379; x_wconf 90' lang='lat' dir='ltr'>ab</span> <span class='ocrx_word' id='word_1_442' title='bbox 1090 3339 1182 3389; x_wconf 93' lang='lat' dir='ltr'>eo,</span> <span class='ocrx_word' id='word_1_443' title='bbox 1224 3330 1280 3379; x_wconf 91' lang='lat' dir='ltr'>et</span> <span class='ocrx_word' id='word_1_444' title='bbox 1324 3324 1786 3393; x_wconf 83' lang='lat' dir='ltr'>cogitationibus</span> <span class='ocrx_word' id='word_1_445' title='bbox 1828 3340 1897 3380; x_wconf 92' lang='lat' dir='ltr'>ac</span> <span class='ocrx_word' id='word_1_446' title='bbox 1936 3324 2215 3394; x_wconf 71' lang='lat' dir='ltr'>pessimus</span> 
     </span>
    </p>
   </div>
   <div class='ocr_carea' id='block_1_61' title="bbox 557 3412 2212 3482">
    <p class='ocr_par' dir='ltr' id='par_1_61' title="bbox 557 3412 2212 3482">
     <span class='ocr_line' id='line_1_61' title="bbox 557 3412 2212 3482; baseline -0.001 -14"><span class='ocrx_word' id='word_1_447' title='bbox 557 3414 713 3479; x_wconf 66' lang='lat' dir='ltr'>vitas,</span> <span class='ocrx_word' id='word_1_448' title='bbox 748 3412 843 3469; x_wconf 90' lang='lat' dir='ltr'>cui</span> <span class='ocrx_word' id='word_1_449' title='bbox 882 3412 1139 3477; x_wconf 89' lang='lat' dir='ltr'>vivebat,</span> <span class='ocrx_word' id='word_1_450' title='bbox 1179 3412 1293 3467; x_wconf 89' lang='lat' dir='ltr'>hoc</span> <span class='ocrx_word' id='word_1_451' title='bbox 1335 3418 1445 3477; x_wconf 91' lang='lat' dir='ltr'>est,</span> <span class='ocrx_word' id='word_1_452' title='bbox 1482 3417 1724 3482; x_wconf 89' lang='lat' dir='ltr'>peccato</span> <span class='ocrx_word' id='word_1_453' title='bbox 1778 3414 1950 3475; x_wconf 86' lang='lat' dir='ltr'>mori,</span> <span class='ocrx_word' id='word_1_454' title='bbox 1990 3418 2047 3467; x_wconf 91' lang='lat' dir='ltr'>et</span> <span class='ocrx_word' id='word_1_455' title='bbox 2087 3417 2212 3467; x_wconf 91' lang='lat' dir='ltr'>tan-</span> 
     </span>
    </p>
   </div>
   <div class='ocr_carea' id='block_1_62' title="bbox 557 3500 2212 3572">
    <p class='ocr_par' dir='ltr' id='par_1_62' title="bbox 557 3500 2212 3572">
     <span class='ocr_line' id='line_1_62' title="bbox 557 3500 2212 3572; baseline -0.001 -17"><span class='ocrx_word' id='word_1_456' title='bbox 557 3516 746 3572; x_wconf 89' lang='lat' dir='ltr'>quam</span> <span class='ocrx_word' id='word_1_457' title='bbox 774 3502 958 3556; x_wconf 87' lang='lat' dir='ltr'>vitam</span> <span class='ocrx_word' id='word_1_458' title='bbox 972 3507 1288 3570; x_wconf 82' lang='lat' dir='ltr'>oportetex</span> <span class='ocrx_word' id='word_1_459' title='bbox 1304 3516 1375 3555; x_wconf 89' lang='lat' dir='ltr'>ea</span> <span class='ocrx_word' id='word_1_460' title='bbox 1397 3501 1596 3569; x_wconf 89' lang='lat' dir='ltr'>egredi</span> <span class='ocrx_word' id='word_1_461' title='bbox 1616 3516 1835 3572; x_wconf 89' lang='lat' dir='ltr'>pravas</span> <span class='ocrx_word' id='word_1_462' title='bbox 1850 3500 2212 3557; x_wconf 81' lang='lat' dir='ltr'>affectiones.</span> 
     </span>
    </p>
   </div>
   <div class='ocr_carea' id='block_1_63' title="bbox 557 3587 2216 3661">
    <p class='ocr_par' dir='ltr' id='par_1_63' title="bbox 557 3587 2216 3661">
     <span class='ocr_line' id='line_1_63' title="bbox 557 3587 2216 3661; baseline 0.001 -18"><span class='ocrx_word' id='word_1_463' title='bbox 557 3589 1083 3653; x_wconf 81' lang='lat' dir='ltr'>Quemadmodum</span> <span class='ocrx_word' id='word_1_464' title='bbox 1125 3588 1285 3644; x_wconf 91' lang='lat' dir='ltr'>enim</span> <span class='ocrx_word' id='word_1_465' title='bbox 1315 3605 1552 3660; x_wconf 91' lang='lat' dir='ltr'>corpus,</span> <span class='ocrx_word' id='word_1_466' title='bbox 1598 3596 1920 3661; x_wconf 88' lang='lat' dir='ltr'>postquam</span> <span class='ocrx_word' id='word_1_467' title='bbox 1960 3587 2216 3645; x_wconf 80' lang='lat' dir='ltr'>evolavit</span> 
     </span>
    </p>
   </div>
   <div class='ocr_carea' id='block_1_64' title="bbox 558 3677 2215 3750">
    <p class='ocr_par' dir='ltr' id='par_1_64' title="bbox 558 3677 2215 3750">
     <span class='ocr_line' id='line_1_64' title="bbox 558 3677 2215 3750; baseline 0 -17"><span class='ocrx_word' id='word_1_468' title='bbox 558 3677 781 3741; x_wconf 88' lang='lat' dir='ltr'>anima,</span> <span class='ocrx_word' id='word_1_469' title='bbox 812 3682 1111 3733; x_wconf 90' lang='lat' dir='ltr'>mortuum</span> <span class='ocrx_word' id='word_1_470' title='bbox 1162 3683 1267 3743; x_wconf 89' lang='lat' dir='ltr'>est,</span> <span class='ocrx_word' id='word_1_471' title='bbox 1295 3694 1403 3733; x_wconf 92' lang='lat' dir='ltr'>nec</span> <span class='ocrx_word' id='word_1_472' title='bbox 1446 3678 1704 3750; x_wconf 88' lang='lat' dir='ltr'>amplius</span> <span class='ocrx_word' id='word_1_473' title='bbox 1748 3680 1888 3733; x_wconf 89' lang='lat' dir='ltr'>vivit</span> <span class='ocrx_word' id='word_1_474' title='bbox 1927 3680 2061 3743; x_wconf 87' lang='lat' dir='ltr'>vita,</span> <span class='ocrx_word' id='word_1_475' title='bbox 2091 3694 2215 3749; x_wconf 91' lang='lat' dir='ltr'>qua</span> 
     </span>
    </p>
   </div>
   <div class='ocr_carea' id='block_1_65' title="bbox 557 3766 2213 3839">
    <p class='ocr_par' dir='ltr' id='par_1_65' title="bbox 557 3766 2213 3839">
     <span class='ocr_line' id='line_1_65' title="bbox 557 3766 2213 3839; baseline -0.001 -16"><span class='ocrx_word' id='word_1_476' title='bbox 557 3767 812 3833; x_wconf 90' lang='lat' dir='ltr'>vivebat,</span> <span class='ocrx_word' id='word_1_477' title='bbox 829 3783 1022 3839; x_wconf 90' lang='lat' dir='ltr'>neque</span> <span class='ocrx_word' id='word_1_478' title='bbox 1041 3766 1229 3832; x_wconf 91' lang='lat' dir='ltr'>audit,</span> <span class='ocrx_word' id='word_1_479' title='bbox 1264 3783 1458 3839; x_wconf 89' lang='lat' dir='ltr'>neque</span> <span class='ocrx_word' id='word_1_480' title='bbox 1472 3767 1771 3823; x_wconf 90' lang='lat' dir='ltr'>ambulat:</span> <span class='ocrx_word' id='word_1_481' title='bbox 1790 3769 1873 3823; x_wconf 91' lang='lat' dir='ltr'>sic</span> <span class='ocrx_word' id='word_1_482' title='bbox 1888 3773 2213 3839; x_wconf 87' lang='lat' dir='ltr'>postquam</span> 
     </span>
    </p>
   </div>
   <div class='ocr_carea' id='block_1_66' title="bbox 561 3856 2212 3925">
    <p class='ocr_par' dir='ltr' id='par_1_66' title="bbox 561 3856 2212 3925">
     <span class='ocr_line' id='line_1_66' title="bbox 561 3856 2212 3925; baseline -0.001 -13"><span class='ocrx_word' id='word_1_483' title='bbox 561 3856 840 3912; x_wconf 86' lang='lat' dir='ltr'>mactavit</span> <span class='ocrx_word' id='word_1_484' title='bbox 870 3862 926 3912; x_wconf 91' lang='lat' dir='ltr'>et</span> <span class='ocrx_word' id='word_1_485' title='bbox 970 3856 1163 3925; x_wconf 89' lang='lat' dir='ltr'>gratia</span> <span class='ocrx_word' id='word_1_486' title='bbox 1220 3858 1453 3912; x_wconf 89' lang='lat' dir='ltr'>virtutis</span> <span class='ocrx_word' id='word_1_487' title='bbox 1493 3873 1611 3912; x_wconf 68' lang='lat' dir='ltr'>suae</span> <span class='ocrx_word' id='word_1_488' title='bbox 1651 3859 1945 3913; x_wconf 90' lang='lat' dir='ltr'>interemit</span> <span class='ocrx_word' id='word_1_489' title='bbox 1984 3856 2212 3912; x_wconf 92' lang='lat' dir='ltr'>mundo</span> 
     </span>
    </p>
   </div>
   <div class='ocr_carea' id='block_1_67' title="bbox 556 3945 2212 4010">
    <p class='ocr_par' dir='ltr' id='par_1_67' title="bbox 556 3945 2212 4010">
     <span class='ocr_line' id='line_1_67' title="bbox 556 3945 2212 4010; baseline 0 -9"><span class='ocrx_word' id='word_1_490' title='bbox 556 3947 739 4002; x_wconf 90' lang='lat' dir='ltr'>vitam</span> <span class='ocrx_word' id='word_1_491' title='bbox 769 3951 1035 4002; x_wconf 89' lang='lat' dir='ltr'>nostram</span> <span class='ocrx_word' id='word_1_492' title='bbox 1072 3946 1322 4001; x_wconf 68' lang='lat' dir='ltr'>caelestis</span> <span class='ocrx_word' id='word_1_493' title='bbox 1355 3945 1619 4002; x_wconf 80' lang='lat' dir='ltr'>Pontifex</span> <span class='ocrx_word' id='word_1_494' title='bbox 1647 3948 1930 4010; x_wconf 89' lang='lat' dir='ltr'>Christus,</span> <span class='ocrx_word' id='word_1_495' title='bbox 1962 3948 2212 4002; x_wconf 88' lang='lat' dir='ltr'>moritur</span> 
     </span>
    </p>
   </div>
   <div class='ocr_carea' id='block_1_68' title="bbox 553 4034 2211 4107">
    <p class='ocr_par' dir='ltr' id='par_1_68' title="bbox 553 4034 2211 4107">
     <span class='ocr_line' id='line_1_68' title="bbox 553 4034 2211 4107; baseline 0.001 -17"><span class='ocrx_word' id='word_1_496' title='bbox 553 4034 656 4090; x_wconf 91' lang='lat' dir='ltr'>illa</span> <span class='ocrx_word' id='word_1_497' title='bbox 682 4036 813 4090; x_wconf 73' lang='lat' dir='ltr'>vitae</span> <span class='ocrx_word' id='word_1_498' title='bbox 842 4050 1155 4105; x_wconf 74' lang='lat' dir='ltr'>perversm,</span> <span class='ocrx_word' id='word_1_499' title='bbox 1173 4035 1508 4090; x_wconf 88' lang='lat' dir='ltr'>secundum</span> <span class='ocrx_word' id='word_1_500' title='bbox 1523 4052 1709 4107; x_wconf 90' lang='lat' dir='ltr'>quam</span> <span class='ocrx_word' id='word_1_501' title='bbox 1726 4036 1981 4101; x_wconf 87' lang='lat' dir='ltr'>vivebat,</span> <span class='ocrx_word' id='word_1_502' title='bbox 2014 4042 2211 4091; x_wconf 89' lang='lat' dir='ltr'>etam-</span> 
     </span>
    </p>
   </div>
   <div class='ocr_carea' id='block_1_69' title="bbox 553 4124 2210 4196">
    <p class='ocr_par' dir='ltr' id='par_1_69' title="bbox 553 4124 2210 4196">
     <span class='ocr_line' id='line_1_69' title="bbox 553 4124 2210 4196; baseline 0 -17"><span class='ocrx_word' id='word_1_503' title='bbox 553 4124 780 4194; x_wconf 69' lang='lat' dir='ltr'>pliuse</span> <span class='ocrx_word' id='word_1_504' title='bbox 798 4140 989 4195; x_wconf 89' lang='lat' dir='ltr'>neque</span> <span class='ocrx_word' id='word_1_505' title='bbox 1005 4124 1193 4188; x_wconf 90' lang='lat' dir='ltr'>audit,</span> <span class='ocrx_word' id='word_1_506' title='bbox 1209 4139 1401 4195; x_wconf 93' lang='lat' dir='ltr'>neque</span> <span class='ocrx_word' id='word_1_507' title='bbox 1424 4124 1705 4196; x_wconf 88' lang='lat' dir='ltr'>loquitur.</span> <span class='ocrx_word' id='word_1_508' title='bbox 1724 4140 1916 4195; x_wconf 88' lang='lat' dir='ltr'>neque</span> <span class='ocrx_word' id='word_1_509' title='bbox 1942 4130 2210 4179; x_wconf 83' lang='lat' dir='ltr'>versatur</span> 
     </span>
    </p>
   </div>
   <div class='ocr_carea' id='block_1_70' title="bbox 551 4210 2204 4282">
    <p class='ocr_par' dir='ltr' id='par_1_70' title="bbox 551 4210 2204 4282">
     <span class='ocr_line' id='line_1_70' title="bbox 551 4210 2204 4282; baseline 0.001 -18"><span class='ocrx_word' id='word_1_510' title='bbox 551 4210 612 4264; x_wconf 93' lang='lat' dir='ltr'>in</span> <span class='ocrx_word' id='word_1_511' title='bbox 646 4210 904 4265; x_wconf 87' lang='lat' dir='ltr'>tenebris</span> <span class='ocrx_word' id='word_1_512' title='bbox 956 4210 1183 4280; x_wconf 87' lang='lat' dir='ltr'>peccati</span> <span class='ocrx_word' id='word_1_513' title='bbox 1211 4228 1224 4276; x_wconf 88' lang='lat'><strong>;</strong></span> <span class='ocrx_word' id='word_1_514' title='bbox 1249 4213 1388 4282; x_wconf 91' lang='lat' dir='ltr'>quia</span> <span class='ocrx_word' id='word_1_515' title='bbox 1422 4227 1527 4281; x_wconf 82' lang='lat' dir='ltr'>per</span> <span class='ocrx_word' id='word_1_516' title='bbox 1566 4212 1821 4279; x_wconf 87' lang='lat' dir='ltr'>gratiam</span> <span class='ocrx_word' id='word_1_517' title='bbox 1873 4211 2204 4275; x_wconf 88' lang='lat' dir='ltr'>discedunt,</span> 
     </span>
    </p>
   </div>
   <div class='ocr_carea' id='block_1_71' title="bbox 552 4296 2207 4369">
    <p class='ocr_par' dir='ltr' id='par_1_71' title="bbox 552 4296 2207 4369">
     <span class='ocr_line' id='line_1_71' title="bbox 552 4296 2207 4369; baseline 0.002 -18"><span class='ocrx_word' id='word_1_518' title='bbox 552 4296 939 4353; x_wconf 88' lang='lat' dir='ltr'>velutanima</span> <span class='ocrx_word' id='word_1_519' title='bbox 968 4299 1121 4367; x_wconf 88' lang='lat' dir='ltr'>ejus,</span> <span class='ocrx_word' id='word_1_520' title='bbox 1153 4298 1324 4354; x_wconf 66' lang='lat' dir='ltr'>malae</span> <span class='ocrx_word' id='word_1_521' title='bbox 1382 4298 1747 4353; x_wconf 72' lang='lat' dir='ltr'>affectiones.</span> <span class='ocrx_word' id='word_1_522' title='bbox 1794 4302 1854 4354; x_wconf 81' lang='lat' dir='ltr'>Et</span> <span class='ocrx_word' id='word_1_523' title='bbox 1888 4299 2207 4369; x_wconf 80' lang='lat' dir='ltr'>Apostolus</span> 
     </span>
    </p>
   </div>
   <div class='ocr_carea' id='block_1_72' title="bbox 551 4384 2207 4457">
    <p class='ocr_par' dir='ltr' id='par_1_72' title="bbox 551 4384 2207 4457">
     <span class='ocr_line' id='line_1_72' title="bbox 551 4384 2207 4457; baseline 0.002 -18"><span class='ocrx_word' id='word_1_524' title='bbox 551 4384 845 4440; x_wconf 80' lang='lat' dir='ltr'>exclamat</span> <span class='ocrx_word' id='word_1_525' title='bbox 860 4386 1087 4451; x_wconf 91' lang='lat' dir='ltr'>,dicens</span> <span class='ocrx_word' id='word_1_526' title='bbox 1105 4406 1118 4443; x_wconf 90' lang='lat'>:</span> <span class='ocrx_word' id='word_1_527' title='bbox 1138 4387 1290 4441; x_wconf 78' lang='lat' dir='ltr'>Mihi</span> <span class='ocrx_word' id='word_1_528' title='bbox 1302 4386 1557 4441; x_wconf 84' lang='lat' dir='ltr'>mundus</span> <span class='ocrx_word' id='word_1_529' title='bbox 1584 4388 1908 4455; x_wconf 75' lang='lat' dir='ltr'>cruciﬁxus</span> <span class='ocrx_word' id='word_1_530' title='bbox 1922 4394 2023 4453; x_wconf 80' lang='lat' dir='ltr'>est,</span> <span class='ocrx_word' id='word_1_531' title='bbox 2039 4391 2207 4457; x_wconf 78' lang='lat' dir='ltr'>etego</span> 
     </span>
    </p>
   </div>
   <div class='ocr_carea' id='block_1_73' title="bbox 551 4474 2207 4547">
    <p class='ocr_par' dir='ltr' id='par_1_73' title="bbox 551 4474 2207 4547">
     <span class='ocr_line' id='line_1_73' title="bbox 551 4474 2207 4547; baseline 0.001 -18"><span class='ocrx_word' id='word_1_532' title='bbox 551 4474 774 4529; x_wconf 84' lang='lat' dir='ltr'>mundo</span> <span class='ocrx_word' id='word_1_533' title='bbox 804 4476 868 4528; x_wconf 87' lang='grc'>¹¹.</span> <span class='ocrx_word' id='word_1_534' title='bbox 899 4475 1113 4530; x_wconf 85' lang='lat' dir='ltr'>Anima</span> <span class='ocrx_word' id='word_1_535' title='bbox 1137 4476 1318 4540; x_wconf 87' lang='lat' dir='ltr'>enim,</span> <span class='ocrx_word' id='word_1_536' title='bbox 1352 4492 1485 4547; x_wconf 68' lang='lat' dir='ltr'>quas</span> <span class='ocrx_word' id='word_1_537' title='bbox 1515 4476 1576 4530; x_wconf 90' lang='lat' dir='ltr'>in</span> <span class='ocrx_word' id='word_1_538' title='bbox 1611 4476 1838 4531; x_wconf 91' lang='lat' dir='ltr'>mundo</span> <span class='ocrx_word' id='word_1_539' title='bbox 1869 4483 1925 4531; x_wconf 87' lang='lat' dir='ltr'>et</span> <span class='ocrx_word' id='word_1_540' title='bbox 1952 4477 2207 4532; x_wconf 88' lang='lat' dir='ltr'>tenebris</span> 
     </span>
    </p>
   </div>
   <div class='ocr_carea' id='block_1_74' title="bbox 551 4563 2207 4637">
    <p class='ocr_par' dir='ltr' id='par_1_74' title="bbox 551 4563 2207 4637">
     <span class='ocr_line' id='line_1_74' title="bbox 551 4563 2207 4637; baseline 0.002 -20"><span class='ocrx_word' id='word_1_541' title='bbox 551 4568 935 4634; x_wconf 89' lang='lat' dir='ltr'>peccatorum</span> <span class='ocrx_word' id='word_1_542' title='bbox 959 4563 1155 4618; x_wconf 86' lang='lat' dir='ltr'>adhuc</span> <span class='ocrx_word' id='word_1_543' title='bbox 1188 4563 1350 4627; x_wconf 90' lang='lat' dir='ltr'>vivit,</span> <span class='ocrx_word' id='word_1_544' title='bbox 1383 4563 1462 4619; x_wconf 91' lang='lat' dir='ltr'>ab</span> <span class='ocrx_word' id='word_1_545' title='bbox 1486 4580 1677 4637; x_wconf 89' lang='lat' dir='ltr'>eoque</span> <span class='ocrx_word' id='word_1_546' title='bbox 1707 4581 1827 4620; x_wconf 92' lang='lat' dir='ltr'>non</span> <span class='ocrx_word' id='word_1_547' title='bbox 1849 4570 1936 4620; x_wconf 90' lang='lat' dir='ltr'>est</span> <span class='ocrx_word' id='word_1_548' title='bbox 1968 4566 2207 4621; x_wconf 86' lang='lat' dir='ltr'>mortiﬁ-</span> 
     </span>
    </p>
   </div>
   <div class='ocr_carea' id='block_1_75' title="bbox 549 4653 2207 4726">
    <p class='ocr_par' dir='ltr' id='par_1_75' title="bbox 549 4653 2207 4726">
     <span class='ocr_line' id='line_1_75' title="bbox 549 4653 2207 4726; baseline 0.001 -17"><span class='ocrx_word' id='word_1_549' title='bbox 549 4658 700 4718; x_wconf 91' lang='lat' dir='ltr'>cata,</span> <span class='ocrx_word' id='word_1_550' title='bbox 749 4653 854 4709; x_wconf 88' lang='lat' dir='ltr'>sed</span> <span class='ocrx_word' id='word_1_551' title='bbox 888 4653 1088 4708; x_wconf 86' lang='lat' dir='ltr'>adhuc</span> <span class='ocrx_word' id='word_1_552' title='bbox 1113 4654 1382 4709; x_wconf 89' lang='lat' dir='ltr'>animam</span> <span class='ocrx_word' id='word_1_553' title='bbox 1412 4655 1673 4719; x_wconf 65' lang='lat' dir='ltr'>malitias,</span> <span class='ocrx_word' id='word_1_554' title='bbox 1698 4654 1813 4709; x_wconf 92' lang='lat' dir='ltr'>hoc</span> <span class='ocrx_word' id='word_1_555' title='bbox 1863 4660 1970 4723; x_wconf 88' lang='lat' dir='ltr'>est,</span> <span class='ocrx_word' id='word_1_556' title='bbox 2001 4665 2207 4726; x_wconf 92' lang='lat' dir='ltr'>poten-</span> 
     </span>
    </p>
   </div>
   <div class='ocr_carea' id='block_1_76' title="bbox 549 4742 2203 4813">
    <p class='ocr_par' dir='ltr' id='par_1_76' title="bbox 549 4742 2203 4813">
     <span class='ocr_line' id='line_1_76' title="bbox 549 4742 2203 4813; baseline 0.001 -16"><span class='ocrx_word' id='word_1_557' title='bbox 549 4742 692 4798; x_wconf 88' lang='lat' dir='ltr'>tiam</span> <span class='ocrx_word' id='word_1_558' title='bbox 717 4742 1166 4797; x_wconf 89' lang='lat' dir='ltr'>tenebrosarum</span> <span class='ocrx_word' id='word_1_559' title='bbox 1190 4744 1415 4813; x_wconf 86' lang='lat' dir='ltr'>peccati</span> <span class='ocrx_word' id='word_1_560' title='bbox 1443 4742 1825 4797; x_wconf 69' lang='lat' dir='ltr'>affectionum</span> <span class='ocrx_word' id='word_1_561' title='bbox 1844 4744 1900 4798; x_wconf 91' lang='lat' dir='ltr'>in</span> <span class='ocrx_word' id='word_1_562' title='bbox 1926 4760 1989 4797; x_wconf 93' lang='lat' dir='ltr'>se</span> <span class='ocrx_word' id='word_1_563' title='bbox 2002 4744 2203 4811; x_wconf 91' lang='lat' dir='ltr'>habet,</span> 
     </span>
    </p>
   </div>
   <div class='ocr_carea' id='block_1_77' title="bbox 551 4830 2206 4903">
    <p class='ocr_par' dir='ltr' id='par_1_77' title="bbox 551 4830 2206 4903">
     <span class='ocr_line' id='line_1_77' title="bbox 551 4830 2206 4903; baseline 0.001 -17"><span class='ocrx_word' id='word_1_564' title='bbox 551 4831 704 4887; x_wconf 89' lang='lat' dir='ltr'>etab</span> <span class='ocrx_word' id='word_1_565' title='bbox 727 4830 828 4886; x_wconf 88' lang='lat' dir='ltr'>illa</span> <span class='ocrx_word' id='word_1_566' title='bbox 850 4833 1125 4896; x_wconf 86' lang='lat' dir='ltr'>nutritur,</span> <span class='ocrx_word' id='word_1_567' title='bbox 1155 4847 1277 4886; x_wconf 90' lang='lat' dir='ltr'>non</span> <span class='ocrx_word' id='word_1_568' title='bbox 1308 4836 1395 4887; x_wconf 84' lang='lat' dir='ltr'>est</span> <span class='ocrx_word' id='word_1_569' title='bbox 1420 4832 1493 4887; x_wconf 91' lang='lat' dir='ltr'>de</span> <span class='ocrx_word' id='word_1_570' title='bbox 1533 4847 1782 4903; x_wconf 87' lang='lat' dir='ltr'>corpore</span> <span class='ocrx_word' id='word_1_571' title='bbox 1833 4832 2062 4899; x_wconf 87' lang='lat' dir='ltr'>Christi,</span> <span class='ocrx_word' id='word_1_572' title='bbox 2098 4848 2206 4887; x_wconf 92' lang='lat' dir='ltr'>nec</span> 
     </span>
    </p>
   </div>
   <div class='ocr_carea' id='block_1_78' title="bbox 546 4920 2204 4991">
    <p class='ocr_par' dir='ltr' id='par_1_78' title="bbox 546 4920 2204 4991">
     <span class='ocr_line' id='line_1_78' title="bbox 546 4920 2204 4991; baseline 0.001 -16"><span class='ocrx_word' id='word_1_573' title='bbox 546 4920 731 4976; x_wconf 90' lang='lat' dir='ltr'>estde</span> <span class='ocrx_word' id='word_1_574' title='bbox 769 4935 1017 4991; x_wconf 87' lang='lat' dir='ltr'>corpore</span> <span class='ocrx_word' id='word_1_575' title='bbox 1056 4920 1223 4985; x_wconf 87' lang='lat' dir='ltr'>lucis,</span> <span class='ocrx_word' id='word_1_576' title='bbox 1258 4921 1363 4976; x_wconf 92' lang='lat' dir='ltr'>sed</span> <span class='ocrx_word' id='word_1_577' title='bbox 1410 4927 1500 4976; x_wconf 76' lang='lat' dir='ltr'>est</span> <span class='ocrx_word' id='word_1_578' title='bbox 1544 4936 1761 4991; x_wconf 89' lang='lat' dir='ltr'>corpus</span> <span class='ocrx_word' id='word_1_579' title='bbox 1821 4922 2204 4977; x_wconf 88' lang='lat' dir='ltr'>tenebrarum</span> 
     </span>
    </p>
   </div>
   <div class='ocr_carea' id='block_1_79' title="bbox 544 5010 2192 5082">
    <p class='ocr_par' dir='ltr' id='par_1_79' title="bbox 544 5010 2192 5082">
     <span class='ocr_line' id='line_1_79' title="bbox 544 5010 2192 5082; baseline 0.001 -17"><span class='ocrx_word' id='word_1_580' title='bbox 544 5014 599 5065; x_wconf 90' lang='lat' dir='ltr'>et</span> <span class='ocrx_word' id='word_1_581' title='bbox 656 5026 727 5065; x_wconf 80' lang='lat' dir='ltr'>ex</span> <span class='ocrx_word' id='word_1_582' title='bbox 779 5010 1048 5082; x_wconf 90' lang='lat' dir='ltr'>portione</span> <span class='ocrx_word' id='word_1_583' title='bbox 1089 5010 1474 5065; x_wconf 89' lang='lat' dir='ltr'>tenebrarum</span> <span class='ocrx_word' id='word_1_584' title='bbox 1523 5010 1723 5065; x_wconf 90' lang='lat' dir='ltr'>adhuc</span> <span class='ocrx_word' id='word_1_585' title='bbox 1762 5017 1869 5065; x_wconf 90' lang='lat' dir='ltr'>est.</span> <span class='ocrx_word' id='word_1_586' title='bbox 1911 5011 2192 5075; x_wconf 86' lang='lat' dir='ltr'>Quemad-</span> 
     </span>
    </p>
   </div>
   <div class='ocr_carea' id='block_1_80' title="bbox 543 5099 2203 5170">
    <p class='ocr_par' dir='ltr' id='par_1_80' title="bbox 543 5099 2203 5170">
     <span class='ocr_line' id='line_1_80' title="bbox 543 5099 2203 5170; baseline 0.001 -16"><span class='ocrx_word' id='word_1_587' title='bbox 543 5099 792 5154; x_wconf 89' lang='lat' dir='ltr'>modum</span> <span class='ocrx_word' id='word_1_588' title='bbox 815 5114 846 5153; x_wconf 90' lang='lat' dir='ltr'>e</span> <span class='ocrx_word' id='word_1_589' title='bbox 872 5114 1187 5162; x_wconf 88' lang='lat' dir='ltr'>converso,</span> <span class='ocrx_word' id='word_1_590' title='bbox 1216 5099 1317 5170; x_wconf 90' lang='lat' dir='ltr'>qui</span> <span class='ocrx_word' id='word_1_591' title='bbox 1342 5099 1563 5155; x_wconf 89' lang='lat' dir='ltr'>habent</span> <span class='ocrx_word' id='word_1_592' title='bbox 1588 5099 1855 5155; x_wconf 88' lang='lat' dir='ltr'>animam</span> <span class='ocrx_word' id='word_1_593' title='bbox 1886 5099 2059 5165; x_wconf 90' lang='lat' dir='ltr'>lucis,</span> <span class='ocrx_word' id='word_1_594' title='bbox 2089 5101 2203 5156; x_wconf 88' lang='lat' dir='ltr'>hoc</span> 
     </span>
    </p>
   </div>
   <div class='ocr_carea' id='block_1_81' title="bbox 542 5186 2204 5260">
    <p class='ocr_par' dir='ltr' id='par_1_81' title="bbox 542 5186 2204 5260">
     <span class='ocr_line' id='line_1_81' title="bbox 542 5186 2204 5260; baseline 0.001 -17"><span class='ocrx_word' id='word_1_595' title='bbox 542 5193 649 5251; x_wconf 90' lang='lat' dir='ltr'>est,</span> <span class='ocrx_word' id='word_1_596' title='bbox 704 5188 978 5244; x_wconf 89' lang='lat' dir='ltr'>virtutem</span> <span class='ocrx_word' id='word_1_597' title='bbox 1036 5186 1287 5258; x_wconf 90' lang='lat' dir='ltr'>Spiritus</span> <span class='ocrx_word' id='word_1_598' title='bbox 1336 5188 1546 5253; x_wconf 91' lang='lat' dir='ltr'>sancti,</span> <span class='ocrx_word' id='word_1_599' title='bbox 1589 5203 1659 5244; x_wconf 84' lang='lat' dir='ltr'>ex</span> <span class='ocrx_word' id='word_1_600' title='bbox 1719 5189 1991 5260; x_wconf 89' lang='lat' dir='ltr'>portione</span> <span class='ocrx_word' id='word_1_601' title='bbox 2052 5189 2204 5246; x_wconf 91' lang='lat' dir='ltr'>lucis</span> 
     </span>
    </p>
   </div>
   <div class='ocr_carea' id='block_1_82' title="bbox 545 5280 707 5334">
    <p class='ocr_par' dir='ltr' id='par_1_82' title="bbox 545 5280 707 5334">
     <span class='ocr_line' id='line_1_82' title="bbox 545 5280 707 5334; baseline 0.012 -3"><span class='ocrx_word' id='word_1_602' title='bbox 545 5280 707 5334; x_wconf 72' lang='lat' dir='ltr'>sunL</span> 
     </span>
    </p>
   </div>
   <div class='ocr_carea' id='block_1_83' title="bbox 614 5452 2199 5528">
    <p class='ocr_par' dir='ltr' id='par_1_83' title="bbox 614 5452 2199 5528">
     <span class='ocr_line' id='line_1_83' title="bbox 614 5452 2199 5528; baseline 0.002 -19"><span class='ocrx_word' id='word_1_603' title='bbox 614 5452 731 5509; x_wconf 83' lang='lat' dir='ltr'>VII.</span> <span class='ocrx_word' id='word_1_604' title='bbox 769 5452 884 5510; x_wconf 93' lang='lat' dir='ltr'>Sed</span> <span class='ocrx_word' id='word_1_605' title='bbox 912 5452 1071 5511; x_wconf 90' lang='lat' dir='ltr'>dicat</span> <span class='ocrx_word' id='word_1_606' title='bbox 1091 5452 1331 5526; x_wconf 88' lang='lat' dir='ltr'>aliquis,</span> <span class='ocrx_word' id='word_1_607' title='bbox 1363 5468 1485 5527; x_wconf 91' lang='lat' dir='ltr'>quo</span> <span class='ocrx_word' id='word_1_608' title='bbox 1513 5459 1689 5528; x_wconf 87' lang='lat' dir='ltr'>pacto</span> <span class='ocrx_word' id='word_1_609' title='bbox 1735 5457 2001 5516; x_wconf 88' lang='lat' dir='ltr'>animam</span> <span class='ocrx_word' id='word_1_610' title='bbox 2050 5457 2199 5515; x_wconf 88' lang='lat' dir='ltr'>dicis</span> 
     </span>
    </p>
   </div>
   <div class='ocr_carea' id='block_1_84' title="bbox 609 5674 1785 5751">
    <p class='ocr_par' dir='ltr' id='par_1_84' title="bbox 609 5674 1785 5751">
     <span class='ocr_line' id='line_1_84' title="bbox 609 5674 1785 5751; baseline 0.002 -16"><span class='ocrx_word' id='word_1_611' title='bbox 609 5677 629 5719; x_wconf 76' lang='lat'><strong>’</strong></span> <span class='ocrx_word' id='word_1_612' title='bbox 674 5674 834 5735; x_wconf 85' lang='lat' dir='ltr'>Psal.</span> <span class='ocrx_word' id='word_1_613' title='bbox 875 5691 1097 5744; x_wconf 80' lang='lat' dir='ltr'>xxxvn,</span> <span class='ocrx_word' id='word_1_614' title='bbox 1130 5680 1183 5733; x_wconf 90' lang='lat'>6.</span> <span class='ocrx_word' id='word_1_615' title='bbox 1277 5678 1323 5715; x_wconf 71' lang='grc' dir='ltr'>ιο</span> <span class='ocrx_word' id='word_1_616' title='bbox 1355 5677 1493 5737; x_wconf 88' lang='lat' dir='ltr'>Lev.</span> <span class='ocrx_word' id='word_1_617' title='bbox 1529 5695 1589 5748; x_wconf 83' lang='grc' dir='ltr'>ιι,</span> <span class='ocrx_word' id='word_1_618' title='bbox 1616 5681 1671 5751; x_wconf 84' lang='grc'><em>2,</em></span> <span class='ocrx_word' id='word_1_619' title='bbox 1702 5681 1785 5739; x_wconf 82' lang='lat' dir='ltr'>l3.</span> 
     </span>
    </p>
   </div>
   <div class='ocr_carea' id='block_1_85' title="bbox 1866 5680 2293 5753">
    <p class='ocr_par' dir='ltr' id='par_1_85' title="bbox 1866 5680 2293 5753">
     <span class='ocr_line' id='line_1_85' title="bbox 1866 5680 2293 5753; baseline 0.012 -14"><span class='ocrx_word' id='word_1_620' title='bbox 1866 5683 1909 5718; x_wconf 82' lang='grc'>¹¹</span> <span class='ocrx_word' id='word_1_621' title='bbox 1943 5680 2066 5753; x_wconf 87' lang='lat' dir='ltr'>Gal.</span> <span class='ocrx_word' id='word_1_622' title='bbox 2095 5697 2173 5749; x_wconf 76' lang='grc' dir='ltr'><em>νι,</em></span> <span class='ocrx_word' id='word_1_623' title='bbox 2205 5682 2293 5744; x_wconf 69' lang='lat' dir='ltr'>ﬂ.</span> 
     </span>
    </p>
   </div>
   <div class='ocr_carea' id='block_1_86' title="bbox 2394 2787 3942 2862">
    <p class='ocr_par' dir='ltr' id='par_1_86' title="bbox 2394 2787 3942 2862">
     <span class='ocr_line' id='line_1_86' title="bbox 2394 2787 3942 2862; baseline -0.001 -18"><span class='ocrx_word' id='word_1_624' title='bbox 2394 2789 2465 2854; x_wconf 77' lang='grc' dir='ltr'>ς’.</span> <span class='ocrx_word' id='word_1_625' title='bbox 2520 2797 2605 2843; x_wconf 88' lang='grc' dir='ltr'><em>Δεῖ</em></span> <span class='ocrx_word' id='word_1_626' title='bbox 2650 2787 2737 2842; x_wconf 81' lang='grc' dir='ltr'>οὖν</span> <span class='ocrx_word' id='word_1_627' title='bbox 2784 2798 2986 2861; x_wconf 83' lang='grc' dir='ltr'><em>πρῶτον</em></span> <span class='ocrx_word' id='word_1_628' title='bbox 3050 2793 3270 2850; x_wconf 83' lang='grc' dir='ltr'><em>τυθῆναι</em></span> <span class='ocrx_word' id='word_1_629' title='bbox 3307 2790 3408 2842; x_wconf 78' lang='grc' dir='ltr'>ὑπὸ</span> <span class='ocrx_word' id='word_1_630' title='bbox 3458 2796 3548 2842; x_wconf 82' lang='grc' dir='ltr'>τοῦ</span> <span class='ocrx_word' id='word_1_631' title='bbox 3599 2792 3793 2862; x_wconf 77' lang='grc' dir='ltr'><em>ἱερέως,</em></span> <span class='ocrx_word' id='word_1_632' title='bbox 3844 2795 3942 2843; x_wconf 77' lang='grc' dir='ltr'><em>καὶ</em></span> 
     </span>
    </p>
   </div>
   <div class='ocr_carea' id='block_1_87' title="bbox 2327 2876 3941 2950">
    <p class='ocr_par' dir='ltr' id='par_1_87' title="bbox 2327 2876 3941 2950">
     <span class='ocr_line' id='line_1_87' title="bbox 2327 2876 3941 2950; baseline 0.001 -20"><span class='ocrx_word' id='word_1_633' title='bbox 2327 2878 2621 2941; x_wconf 87' lang='grc' dir='ltr'><em>ἀποθανεῖν,</em></span> <span class='ocrx_word' id='word_1_634' title='bbox 2675 2884 2763 2931; x_wconf 86' lang='grc' dir='ltr'><em>καὶ</em></span> <span class='ocrx_word' id='word_1_635' title='bbox 2815 2884 2930 2932; x_wconf 89' lang='grc' dir='ltr'><em>τότε</em></span> <span class='ocrx_word' id='word_1_636' title='bbox 2973 2879 3254 2939; x_wconf 81' lang='grc' dir='ltr'><em>ἁλισθῆναι</em></span> <span class='ocrx_word' id='word_1_637' title='bbox 3305 2878 3563 2950; x_wconf 74' lang='grc' dir='ltr'><em>μελισθεν,</em></span> <span class='ocrx_word' id='word_1_638' title='bbox 3621 2876 3713 2931; x_wconf 81' lang='grc' dir='ltr'><em>εἷθ’</em></span> <span class='ocrx_word' id='word_1_639' title='bbox 3770 2878 3941 2941; x_wconf 79' lang='grc' dir='ltr'><em>οὕτως</em></span> 
     </span>
    </p>
   </div>
   <div class='ocr_carea' id='block_1_88' title="bbox 2328 2967 3937 3042">
    <p class='ocr_par' dir='ltr' id='par_1_88' title="bbox 2328 2967 3937 3042">
     <span class='ocr_line' id='line_1_88' title="bbox 2328 2967 3937 3042; baseline -0.001 -22"><span class='ocrx_word' id='word_1_640' title='bbox 2328 2967 2394 3028; x_wconf 87' lang='grc' dir='ltr'><em>εἰς</em></span> <span class='ocrx_word' id='word_1_641' title='bbox 2420 2972 2476 3020; x_wconf 89' lang='grc' dir='ltr'><em>τὸ</em></span> <span class='ocrx_word' id='word_1_642' title='bbox 2524 2976 2627 3042; x_wconf 81' lang='grc' dir='ltr'>πύρ</span> <span class='ocrx_word' id='word_1_643' title='bbox 2658 2969 3003 3022; x_wconf 71' lang='grc' dir='ltr'><em>ἐπιτίθεσθαι.</em></span> <span class='ocrx_word' id='word_1_644' title='bbox 3054 2970 3174 3021; x_wconf 83' lang='grc' dir='ltr'>Ἐἀν</span> <span class='ocrx_word' id='word_1_645' title='bbox 3203 2970 3305 3042; x_wconf 78' lang='grc' dir='ltr'>γὰρ</span> <span class='ocrx_word' id='word_1_646' title='bbox 3357 2972 3430 3039; x_wconf 81' lang='grc' dir='ltr'><em>μὴ</em></span> <span class='ocrx_word' id='word_1_647' title='bbox 3492 2972 3737 3039; x_wconf 88' lang='grc' dir='ltr'><em>πρότερον</em></span> <span class='ocrx_word' id='word_1_648' title='bbox 3795 2970 3937 3041; x_wconf 79' lang='grc' dir='ltr'><em>θύσῃ</em></span> 
     </span>
    </p>
   </div>
   <div class='ocr_carea' id='block_1_89' title="bbox 2325 3056 3938 3131">
    <p class='ocr_par' dir='ltr' id='par_1_89' title="bbox 2325 3056 3938 3131">
     <span class='ocr_line' id='line_1_89' title="bbox 2325 3056 3938 3131; baseline 0.001 -23"><span class='ocrx_word' id='word_1_649' title='bbox 2325 3063 2415 3109; x_wconf 86' lang='grc' dir='ltr'><em>καὶ</em></span> <span class='ocrx_word' id='word_1_650' title='bbox 2460 3059 2730 3130; x_wconf 85' lang='grc' dir='ltr'><em>θανατώσῃ</em></span> <span class='ocrx_word' id='word_1_651' title='bbox 2782 3060 2839 3109; x_wconf 91' lang='grc' dir='ltr'>τό</span> <span class='ocrx_word' id='word_1_652' title='bbox 2896 3056 3155 3131; x_wconf 81' lang='grc' dir='ltr'><em>πρόϐατον</em></span> <span class='ocrx_word' id='word_1_653' title='bbox 3205 3059 3230 3108; x_wconf 98' lang='lat'>6</span> <span class='ocrx_word' id='word_1_654' title='bbox 3287 3058 3466 3129; x_wconf 83' lang='grc' dir='ltr'><em>ἱερεὺς,</em></span> <span class='ocrx_word' id='word_1_655' title='bbox 3519 3057 3623 3128; x_wconf 77' lang='grc' dir='ltr'>οὐχ</span> <span class='ocrx_word' id='word_1_656' title='bbox 3672 3056 3938 3122; x_wconf 75' lang='grc' dir='ltr'><em>ἁλίζεται,</em></span> 
     </span>
    </p>
   </div>
   <div class='ocr_carea' id='block_1_90' title="bbox 1724 3146 2213 3221">
    <p class='ocr_par' dir='ltr' id='par_1_90' title="bbox 1724 3148 2213 3203">
     <span class='ocr_line' id='line_1_90' title="bbox 1724 3148 2213 3203; baseline 0.002 -1"><span class='ocrx_word' id='word_1_657' title='bbox 1724 3148 1810 3202; x_wconf 91' lang='lat' dir='ltr'>sic</span> <span class='ocrx_word' id='word_1_658' title='bbox 1850 3152 1903 3203; x_wconf 92' lang='lat' dir='ltr'>et</span> <span class='ocrx_word' id='word_1_659' title='bbox 1944 3153 2213 3203; x_wconf 90' lang='lat' dir='ltr'>nostram</span> 
     </span>
    </p>
   </div>
   <div class='ocr_carea' id='block_1_91' title="bbox 2326 3146 3942 3221">
    <p class='ocr_par' dir='ltr' id='par_1_91' title="bbox 2326 3146 3942 3219">
     <span class='ocr_line' id='line_1_91' title="bbox 2326 3146 3942 3219; baseline 0 -22"><span class='ocrx_word' id='word_1_660' title='bbox 2326 3151 2442 3199; x_wconf 76' lang='grc' dir='ltr'><em>οὔτε</em></span> <span class='ocrx_word' id='word_1_661' title='bbox 2468 3147 2540 3208; x_wconf 86' lang='grc' dir='ltr'><em>εἰς</em></span> <span class='ocrx_word' id='word_1_662' title='bbox 2579 3146 2936 3219; x_wconf 80' lang='grc' dir='ltr'><em>όλοκάρπωσιν</em></span> <span class='ocrx_word' id='word_1_663' title='bbox 2994 3154 3065 3217; x_wconf 84' lang='grc' dir='ltr'><em>τῷ</em></span> <span class='ocrx_word' id='word_1_664' title='bbox 3110 3150 3340 3218; x_wconf 83' lang='grc' dir='ltr'><em>Δεσπότῃ</em></span> <span class='ocrx_word' id='word_1_665' title='bbox 3394 3148 3734 3219; x_wconf 76' lang='grc' dir='ltr'><em>προσάγεται.</em></span> <span class='ocrx_word' id='word_1_666' title='bbox 3780 3146 3942 3198; x_wconf 76' lang='grc' dir='ltr'><em>Οὕτω</em></span> 
     </span>
    </p>
   </div>
   <div class='ocr_carea' id='block_1_92' title="bbox 2326 3234 3944 3310">
    <p class='ocr_par' dir='ltr' id='par_1_92' title="bbox 2326 3234 3944 3310">
     <span class='ocr_line' id='line_1_92' title="bbox 2326 3234 3944 3310; baseline -0.001 -24"><span class='ocrx_word' id='word_1_667' title='bbox 2326 3240 2415 3297; x_wconf 74' lang='grc' dir='ltr'><em>καὶ</em></span> <span class='ocrx_word' id='word_1_668' title='bbox 2444 3240 2538 3293; x_wconf 81' lang='grc' dir='ltr'>τήν</span> <span class='ocrx_word' id='word_1_669' title='bbox 2590 3236 2843 3307; x_wconf 77' lang='grc' dir='ltr'><em>ἡμετέραν</em></span> <span class='ocrx_word' id='word_1_670' title='bbox 2876 3234 3062 3306; x_wconf 72' lang='grc' dir='ltr'><em>ψυχὴν</em></span> <span class='ocrx_word' id='word_1_671' title='bbox 3115 3238 3544 3310; x_wconf 80' lang='grc' dir='ltr'><em>προσερχομένην</em></span> <span class='ocrx_word' id='word_1_672' title='bbox 3599 3243 3669 3305; x_wconf 80' lang='grc' dir='ltr'><em>τῷ</em></span> <span class='ocrx_word' id='word_1_673' title='bbox 3700 3234 3944 3305; x_wconf 80' lang='grc' dir='ltr'>ἀληθινῷ</span> 
     </span>
    </p>
   </div>
   <div class='ocr_carea' id='block_1_93' title="bbox 2327 3321 3942 3398">
    <p class='ocr_par' dir='ltr' id='par_1_93' title="bbox 2327 3321 3942 3398">
     <span class='ocr_line' id='line_1_93' title="bbox 2327 3321 3942 3398; baseline -0.001 -22"><span class='ocrx_word' id='word_1_674' title='bbox 2327 3323 2563 3398; x_wconf 87' lang='grc' dir='ltr'><em>ἀρχιερεῖ</em></span> <span class='ocrx_word' id='word_1_675' title='bbox 2618 3328 2844 3398; x_wconf 81' lang='grc' dir='ltr'><em>Χριστῷ,</em></span> <span class='ocrx_word' id='word_1_676' title='bbox 2904 3321 2987 3377; x_wconf 85' lang='grc' dir='ltr'><em>δεῖ</em></span> <span class='ocrx_word' id='word_1_677' title='bbox 3034 3326 3254 3384; x_wconf 82' lang='grc' dir='ltr'><em>τυθῆναι</em></span> <span class='ocrx_word' id='word_1_678' title='bbox 3314 3324 3400 3377; x_wconf 77' lang='grc' dir='ltr'>ὑπ’</span> <span class='ocrx_word' id='word_1_679' title='bbox 3468 3324 3647 3389; x_wconf 74' lang='grc' dir='ltr'><em>αὐτοῦ,</em></span> <span class='ocrx_word' id='word_1_680' title='bbox 3704 3328 3797 3375; x_wconf 80' lang='grc' dir='ltr'><em>καὶ</em></span> <span class='ocrx_word' id='word_1_681' title='bbox 3863 3330 3942 3393; x_wconf 77' lang='grc' dir='ltr'><em>τῷ</em></span> 
     </span>
    </p>
   </div>
   <div class='ocr_carea' id='block_1_94' title="bbox 2327 3412 3944 3486">
    <p class='ocr_par' dir='ltr' id='par_1_94' title="bbox 2327 3412 3944 3486">
     <span class='ocr_line' id='line_1_94' title="bbox 2327 3412 3944 3486; baseline 0.001 -22"><span class='ocrx_word' id='word_1_682' title='bbox 2327 3419 2619 3485; x_wconf 77' lang='grc' dir='ltr'><em>φρονήματι</em></span> <span class='ocrx_word' id='word_1_683' title='bbox 2672 3412 2964 3479; x_wconf 81' lang='grc' dir='ltr'><em>ἀποθανεῖν,</em></span> <span class='ocrx_word' id='word_1_684' title='bbox 3025 3418 3113 3466; x_wconf 80' lang='grc' dir='ltr'><em>καὶ</em></span> <span class='ocrx_word' id='word_1_685' title='bbox 3166 3422 3229 3484; x_wconf 74' lang='grc' dir='ltr'><em>τῇ</em></span> <span class='ocrx_word' id='word_1_686' title='bbox 3261 3418 3486 3486; x_wconf 77' lang='grc' dir='ltr'><em>κακίστη</em></span> <span class='ocrx_word' id='word_1_687' title='bbox 3542 3414 3672 3485; x_wconf 75' lang='grc' dir='ltr'><em>ζωῇ,</em></span> <span class='ocrx_word' id='word_1_688' title='bbox 3815 3413 3944 3479; x_wconf 78' lang='grc' dir='ltr'><em>ἔζη,</em></span> 
     </span>
    </p>
   </div>
   <div class='ocr_carea' id='block_1_95' title="bbox 2324 3498 3947 3576">
    <p class='ocr_par' dir='ltr' id='par_1_95' title="bbox 2324 3498 3947 3576">
     <span class='ocr_line' id='line_1_95' title="bbox 2324 3498 3947 3576; baseline 0.002 -24"><span class='ocrx_word' id='word_1_689' title='bbox 2324 3505 2561 3553; x_wconf 88' lang='grc' dir='ltr'><em>τουτέστι</em></span> <span class='ocrx_word' id='word_1_690' title='bbox 2614 3510 2673 3574; x_wconf 75' lang='grc' dir='ltr'><em>τῇ</em></span> <span class='ocrx_word' id='word_1_691' title='bbox 2727 3502 2981 3576; x_wconf 84' lang='grc' dir='ltr'><em>ἀμαρκίᾳ,</em></span> <span class='ocrx_word' id='word_1_692' title='bbox 3035 3508 3125 3556; x_wconf 80' lang='grc' dir='ltr'><em>καὶ</em></span> <span class='ocrx_word' id='word_1_693' title='bbox 3180 3502 3354 3575; x_wconf 83' lang='grc' dir='ltr'><em>ὥσπερ</em></span> <span class='ocrx_word' id='word_1_694' title='bbox 3404 3503 3537 3563; x_wconf 78' lang='grc' dir='ltr'><em>ζωὴν</em></span> <span class='ocrx_word' id='word_1_695' title='bbox 3586 3502 3802 3564; x_wconf 78' lang='grc' dir='ltr'><em>ἐξελθεῖν</em></span> <span class='ocrx_word' id='word_1_696' title='bbox 3856 3498 3947 3555; x_wconf 78' lang='grc' dir='ltr'>δεῖ</span> 
     </span>
    </p>
   </div>
   <div class='ocr_carea' id='block_1_96' title="bbox 2326 3589 3945 3665">
    <p class='ocr_par' dir='ltr' id='par_1_96' title="bbox 2326 3589 3945 3665">
     <span class='ocr_line' id='line_1_96' title="bbox 2326 3589 3945 3665; baseline 0.001 -24"><span class='ocrx_word' id='word_1_697' title='bbox 2326 3589 2377 3652; x_wconf 81' lang='grc' dir='ltr'><em>ἐξ</em></span> <span class='ocrx_word' id='word_1_698' title='bbox 2426 3590 2606 3654; x_wconf 85' lang='grc' dir='ltr'><em>αύτῆς,</em></span> <span class='ocrx_word' id='word_1_699' title='bbox 2652 3596 2739 3649; x_wconf 80' lang='grc' dir='ltr'>τὴν</span> <span class='ocrx_word' id='word_1_700' title='bbox 2770 3600 2869 3644; x_wconf 81' lang='grc' dir='ltr'>τῶν</span> <span class='ocrx_word' id='word_1_701' title='bbox 2908 3594 3087 3644; x_wconf 83' lang='grc' dir='ltr'><em>παθῶν</em></span> <span class='ocrx_word' id='word_1_702' title='bbox 3136 3598 3413 3665; x_wconf 76' lang='grc' dir='ltr'><em>πονηρίαν.</em></span> <span class='ocrx_word' id='word_1_703' title='bbox 3468 3591 3668 3664; x_wconf 85' lang='grc' dir='ltr'><em>Ὠσπερ</em></span> <span class='ocrx_word' id='word_1_704' title='bbox 3718 3594 3825 3664; x_wconf 68' lang='grc' dir='ltr'><em>’γὰρ</em></span> <span class='ocrx_word' id='word_1_705' title='bbox 3880 3595 3945 3643; x_wconf 91' lang='grc' dir='ltr'>τό</span> 
     </span>
    </p>
   </div>
   <div class='ocr_carea' id='block_1_97' title="bbox 2328 3679 3940 3753">
    <p class='ocr_par' dir='ltr' id='par_1_97' title="bbox 2328 3679 3940 3753">
     <span class='ocr_line' id='line_1_97' title="bbox 2328 3679 3940 3753; baseline 0.001 -22"><span class='ocrx_word' id='word_1_706' title='bbox 2328 3687 2497 3751; x_wconf 83' lang='grc' dir='ltr'><em>σῶμα,</em></span> <span class='ocrx_word' id='word_1_707' title='bbox 2532 3679 2654 3731; x_wconf 60' lang='lat' dir='ltr'>tua»</span> <span class='ocrx_word' id='word_1_708' title='bbox 2699 3680 2871 3753; x_wconf 75' lang='grc' dir='ltr'><em>ἐξέλθῃ</em></span> <span class='ocrx_word' id='word_1_709' title='bbox 2918 3683 2948 3739; x_wconf 79' lang='grc' dir='ltr'>ἡ</span> <span class='ocrx_word' id='word_1_710' title='bbox 3005 3681 3185 3753; x_wconf 70' lang='grc' dir='ltr'><em>ψυχὴ,</em></span> <span class='ocrx_word' id='word_1_711' title='bbox 3220 3681 3460 3747; x_wconf 81' lang='grc' dir='ltr'><em>ἀπέθανε,</em></span> <span class='ocrx_word' id='word_1_712' title='bbox 3511 3686 3601 3733; x_wconf 83' lang='grc' dir='ltr'><em>καὶ</em></span> <span class='ocrx_word' id='word_1_713' title='bbox 3641 3680 3818 3733; x_wconf 79' lang='grc' dir='ltr'><em>ούκέτι</em></span> <span class='ocrx_word' id='word_1_714' title='bbox 3868 3683 3940 3753; x_wconf 71' lang='grc' dir='ltr'>ζῇ</span> 
     </span>
    </p>
   </div>
   <div class='ocr_carea' id='block_1_98' title="bbox 2323 3769 3944 3842">
    <p class='ocr_par' dir='ltr' id='par_1_98' title="bbox 2323 3769 3944 3842">
     <span class='ocr_line' id='line_1_98' title="bbox 2323 3769 3944 3842; baseline 0.002 -23"><span class='ocrx_word' id='word_1_715' title='bbox 2323 3776 2384 3840; x_wconf 75' lang='grc' dir='ltr'><em>τῇ</em></span> <span class='ocrx_word' id='word_1_716' title='bbox 2422 3770 2527 3841; x_wconf 73' lang='grc' dir='ltr'>ζωῇ</span> <span class='ocrx_word' id='word_1_717' title='bbox 2580 3769 2627 3820; x_wconf 81' lang='grc' dir='ltr'>ἐν</span> <span class='ocrx_word' id='word_1_718' title='bbox 2682 3770 2859 3841; x_wconf 74' lang='grc' dir='ltr'><em>ᾖέζη,</em></span> <span class='ocrx_word' id='word_1_719' title='bbox 2895 3774 3011 3822; x_wconf 75' lang='grc' dir='ltr'><em>οὔτε</em></span> <span class='ocrx_word' id='word_1_720' title='bbox 3060 3769 3255 3836; x_wconf 84' lang='grc' dir='ltr'><em>ἀκούει,</em></span> <span class='ocrx_word' id='word_1_721' title='bbox 3311 3774 3427 3823; x_wconf 81' lang='grc' dir='ltr'><em>οὔτε</em></span> <span class='ocrx_word' id='word_1_722' title='bbox 3478 3777 3747 3842; x_wconf 88' lang='grc' dir='ltr'><em>περιπατεῖ</em></span> <span class='ocrx_word' id='word_1_723' title='bbox 3800 3787 3812 3799; x_wconf 92' lang='grc'><strong>·</strong></span> <span class='ocrx_word' id='word_1_724' title='bbox 3850 3771 3944 3822; x_wconf 82' lang='grc' dir='ltr'>οὖ-</span> 
     </span>
    </p>
   </div>
   <div class='ocr_carea' id='block_1_99' title="bbox 2324 3860 3943 3932">
    <p class='ocr_par' dir='ltr' id='par_1_99' title="bbox 2324 3860 3943 3932">
     <span class='ocr_line' id='line_1_99' title="bbox 2324 3860 3943 3932; baseline 0.002 -24"><span class='ocrx_word' id='word_1_725' title='bbox 2324 3876 2422 3919; x_wconf 80' lang='grc' dir='ltr'>τως</span> <span class='ocrx_word' id='word_1_726' title='bbox 2461 3860 2584 3909; x_wconf 77' lang='grc' dir='ltr'>ἑπάν</span> <span class='ocrx_word' id='word_1_727' title='bbox 2625 3860 2757 3931; x_wconf 89' lang='grc' dir='ltr'><em>θύσῃ</em></span> <span class='ocrx_word' id='word_1_728' title='bbox 2818 3865 2908 3911; x_wconf 85' lang='grc' dir='ltr'><em>καὶ</em></span> <span class='ocrx_word' id='word_1_729' title='bbox 2950 3862 3226 3932; x_wconf 85' lang='grc' dir='ltr'><em>θανατώσῃ</em></span> <span class='ocrx_word' id='word_1_730' title='bbox 3288 3868 3359 3930; x_wconf 85' lang='grc' dir='ltr'><em>τῷ</em></span> <span class='ocrx_word' id='word_1_731' title='bbox 3404 3864 3586 3931; x_wconf 84' lang='grc' dir='ltr'><em>κόσμῳ</em></span> <span class='ocrx_word' id='word_1_732' title='bbox 3639 3864 3734 3917; x_wconf 77' lang='grc' dir='ltr'><em>τὴν</em></span> <span class='ocrx_word' id='word_1_733' title='bbox 3790 3864 3943 3919; x_wconf 76' lang='grc' dir='ltr'><em>ςωήν</em></span> 
     </span>
    </p>
   </div>
   <div class='ocr_carea' id='block_1_100' title="bbox 2322 3946 3944 4023">
    <p class='ocr_par' dir='ltr' id='par_1_100' title="bbox 2322 3946 3944 4023">
     <span class='ocr_line' id='line_1_100' title="bbox 2322 3946 3944 4023; baseline 0.001 -25"><span class='ocrx_word' id='word_1_734' title='bbox 2322 3948 2348 3997; x_wconf 92' lang='grc' dir='ltr'>ό</span> <span class='ocrx_word' id='word_1_735' title='bbox 2401 3946 2699 4019; x_wconf 76' lang='grc' dir='ltr'><em>ἐπουράνιος</em></span> <span class='ocrx_word' id='word_1_736' title='bbox 2747 3946 3023 4021; x_wconf 82' lang='grc' dir='ltr'><em>ἀρχιερεὺς</em></span> <span class='ocrx_word' id='word_1_737' title='bbox 3077 3952 3303 4023; x_wconf 84' lang='grc' dir='ltr'><em>Χριστός</em></span> <span class='ocrx_word' id='word_1_738' title='bbox 3349 3957 3410 4020; x_wconf 72' lang='grc' dir='ltr'><em>τῇ</em></span> <span class='ocrx_word' id='word_1_739' title='bbox 3458 3952 3646 4022; x_wconf 77' lang='grc' dir='ltr'><em>χάριτι</em></span> <span class='ocrx_word' id='word_1_740' title='bbox 3694 3955 3793 4009; x_wconf 78' lang='grc' dir='ltr'><em>τῆς</em></span> <span class='ocrx_word' id='word_1_741' title='bbox 3842 3946 3944 4000; x_wconf 81' lang='grc' dir='ltr'><em>δυ-</em></span> 
     </span>
    </p>
   </div>
   <div class='ocr_carea' id='block_1_101' title="bbox 2319 4036 3937 4110">
    <p class='ocr_par' dir='ltr' id='par_1_101' title="bbox 2319 4036 3937 4110">
     <span class='ocr_line' id='line_1_101' title="bbox 2319 4036 3937 4110; baseline 0.002 -25"><span class='ocrx_word' id='word_1_742' title='bbox 2319 4038 2517 4107; x_wconf 82' lang='grc' dir='ltr'><em>νάμεως</em></span> <span class='ocrx_word' id='word_1_743' title='bbox 2569 4036 2751 4103; x_wconf 78' lang='grc' dir='ltr'><em>αὐτοῦ,</em></span> <span class='ocrx_word' id='word_1_744' title='bbox 2804 4036 3123 4095; x_wconf 77' lang='grc' dir='ltr'><em>ἀποθνήσκει</em></span> <span class='ocrx_word' id='word_1_745' title='bbox 3169 4045 3228 4110; x_wconf 76' lang='grc' dir='ltr'><em>τῇ</em></span> <span class='ocrx_word' id='word_1_746' title='bbox 3292 4038 3399 4109; x_wconf 73' lang='grc' dir='ltr'>ζωῇ</span> <span class='ocrx_word' id='word_1_747' title='bbox 3449 4045 3543 4097; x_wconf 81' lang='grc' dir='ltr'><em>τῆς</em></span> <span class='ocrx_word' id='word_1_748' title='bbox 3589 4041 3844 4108; x_wconf 84' lang='grc' dir='ltr'><em>πονηρίας</em></span> 
     </span>
    </p>
   </div>
   <div class='ocr_carea' id='block_1_102' title="bbox 2319 4125 3943 4192">
    <p class='ocr_par' dir='ltr' id='par_1_102' title="bbox 2319 4125 3943 4192">
     <span class='ocr_line' id='line_1_102' title="bbox 2319 4125 3943 4192; baseline 0.001 -15"><span class='ocrx_word' id='word_1_749' title='bbox 2319 4126 2432 4188; x_wconf 77' lang='grc' dir='ltr'><em>ἔζη,</em></span> <span class='ocrx_word' id='word_1_750' title='bbox 2475 4131 2561 4178; x_wconf 78' lang='grc' dir='ltr'><em>καὶ</em></span> <span class='ocrx_word' id='word_1_751' title='bbox 2607 4125 2779 4178; x_wconf 87' lang='grc' dir='ltr'><em>ούκέτι</em></span> <span class='ocrx_word' id='word_1_752' title='bbox 2818 4129 2934 4178; x_wconf 70' lang='grc' dir='ltr'><em>οὔτε</em></span> <span class='ocrx_word' id='word_1_753' title='bbox 2973 4126 3171 4191; x_wconf 86' lang='grc' dir='ltr'><em>ἀκούει,</em></span> <span class='ocrx_word' id='word_1_754' title='bbox 3232 4130 3350 4179; x_wconf 77' lang='grc' dir='ltr'><em>οὔτε</em></span> <span class='ocrx_word' id='word_1_755' title='bbox 3400 4126 3559 4192; x_wconf 86' lang='grc' dir='ltr'><em>λαλεῖ,</em></span> <span class='ocrx_word' id='word_1_756' title='bbox 3613 4128 3731 4178; x_wconf 79' lang='grc' dir='ltr'><em>οὔτε</em></span> <span class='ocrx_word' id='word_1_757' title='bbox 3786 4126 3943 4179; x_wconf 89' lang='grc' dir='ltr'><em>πολι-</em></span> 
     </span>
    </p>
   </div>
   <div class='ocr_carea' id='block_1_103' title="bbox 2319 4211 3942 4287">
    <p class='ocr_par' dir='ltr' id='par_1_103' title="bbox 2319 4211 3942 4287">
     <span class='ocr_line' id='line_1_103' title="bbox 2319 4211 3942 4287; baseline 0.002 -22"><span class='ocrx_word' id='word_1_758' title='bbox 2319 4217 2518 4266; x_wconf 87' lang='grc' dir='ltr'><em>τεύεται</em></span> <span class='ocrx_word' id='word_1_759' title='bbox 2557 4217 2606 4266; x_wconf 79' lang='grc' dir='ltr'>ἓν</span> <span class='ocrx_word' id='word_1_760' title='bbox 2640 4222 2708 4285; x_wconf 84' lang='grc' dir='ltr'><em>τῷ</em></span> <span class='ocrx_word' id='word_1_761' title='bbox 2751 4220 2924 4268; x_wconf 89' lang='grc' dir='ltr'><em>σκότει</em></span> <span class='ocrx_word' id='word_1_762' title='bbox 2962 4224 3058 4276; x_wconf 81' lang='grc' dir='ltr'><em>τῆς</em></span> <span class='ocrx_word' id='word_1_763' title='bbox 3096 4214 3353 4287; x_wconf 81' lang='grc' dir='ltr'><em>ἁμαρτίας</em></span> <span class='ocrx_word' id='word_1_764' title='bbox 3378 4230 3391 4245; x_wconf 78' lang='grc'><strong><em>⁸</em></strong></span> <span class='ocrx_word' id='word_1_765' title='bbox 3438 4217 3519 4267; x_wconf 88' lang='grc' dir='ltr'><em>ὅτι</em></span> <span class='ocrx_word' id='word_1_766' title='bbox 3558 4211 3655 4267; x_wconf 80' lang='grc' dir='ltr'><em>διὰ</em></span> <span class='ocrx_word' id='word_1_767' title='bbox 3691 4222 3788 4277; x_wconf 79' lang='grc' dir='ltr'><em>τῆς</em></span> <span class='ocrx_word' id='word_1_768' title='bbox 3829 4220 3942 4287; x_wconf 67' lang='grc' dir='ltr'>χοίο</span> 
     </span>
    </p>
   </div>
   <div class='ocr_carea' id='block_1_104' title="bbox 2317 4302 3941 4378">
    <p class='ocr_par' dir='ltr' id='par_1_104' title="bbox 2317 4302 3941 4378">
     <span class='ocr_line' id='line_1_104' title="bbox 2317 4302 3941 4378; baseline 0.002 -24"><span class='ocrx_word' id='word_1_769' title='bbox 2317 4322 2459 4373; x_wconf 89' lang='grc' dir='ltr'><em>ριτος</em></span> <span class='ocrx_word' id='word_1_770' title='bbox 2498 4302 2785 4376; x_wconf 78' lang='grc' dir='ltr'><em>ἐξέρχεται,</em></span> <span class='ocrx_word' id='word_1_771' title='bbox 2827 4303 3001 4377; x_wconf 85' lang='grc' dir='ltr'><em>ὣσπερ</em></span> <span class='ocrx_word' id='word_1_772' title='bbox 3032 4303 3187 4375; x_wconf 71' lang='grc' dir='ltr'>ψυχὴ</span> <span class='ocrx_word' id='word_1_773' title='bbox 3243 4304 3425 4370; x_wconf 74' lang='grc' dir='ltr'><em>αὐτῆς,</em></span> <span class='ocrx_word' id='word_1_774' title='bbox 3482 4306 3511 4362; x_wconf 79' lang='grc' dir='ltr'><strong>ἠ</strong></span> <span class='ocrx_word' id='word_1_775' title='bbox 3546 4310 3779 4378; x_wconf 88' lang='grc' dir='ltr'><em>πονηρία</em></span> <span class='ocrx_word' id='word_1_776' title='bbox 3832 4314 3941 4357; x_wconf 82' lang='grc' dir='ltr'>τῶν</span> 
     </span>
    </p>
   </div>
   <div class='ocr_carea' id='block_1_105' title="bbox 2317 4391 3942 4466">
    <p class='ocr_par' dir='ltr' id='par_1_105' title="bbox 2317 4391 3942 4466">
     <span class='ocr_line' id='line_1_105' title="bbox 2317 4391 3942 4466; baseline 0.004 -24"><span class='ocrx_word' id='word_1_777' title='bbox 2317 4394 2515 4446; x_wconf 83' lang='grc' dir='ltr'><em>παθών.</em></span> <span class='ocrx_word' id='word_1_778' title='bbox 2550 4398 2648 4445; x_wconf 83' lang='grc' dir='ltr'>Καὶ</span> <span class='ocrx_word' id='word_1_779' title='bbox 2674 4394 2699 4444; x_wconf 90' lang='grc' dir='ltr'>ό</span> <span class='ocrx_word' id='word_1_780' title='bbox 2733 4391 3048 4454; x_wconf 89' lang='grc' dir='ltr'><em>Ἀπόστολος</em></span> <span class='ocrx_word' id='word_1_781' title='bbox 3080 4392 3186 4465; x_wconf 78' lang='grc' dir='ltr'>βοᾷ</span> <span class='ocrx_word' id='word_1_782' title='bbox 3213 4393 3371 4465; x_wconf 76' lang='grc' dir='ltr'><em>λέγων</em></span> <span class='ocrx_word' id='word_1_783' title='bbox 3401 4432 3413 4444; x_wconf 95' lang='grc'><strong><em>.</em></strong></span> <span class='ocrx_word' id='word_1_784' title='bbox 3451 4393 3633 4465; x_wconf 81' lang='grc' dir='ltr'>Ἐμοὶ</span> <span class='ocrx_word' id='word_1_785' title='bbox 3673 4398 3745 4445; x_wconf 89' lang='grc' dir='ltr'>κό</span> <span class='ocrx_word' id='word_1_786' title='bbox 3768 4413 3899 4466; x_wconf 81' lang='grc' dir='ltr'>σμο</span> <span class='ocrx_word' id='word_1_787' title='bbox 3920 4416 3942 4456; x_wconf 89' lang='grc' dir='ltr'>ς</span> 
     </span>
    </p>
   </div>
   <div class='ocr_carea' id='block_1_106' title="bbox 2243 4480 3943 4572">
    <p class='ocr_par' dir='ltr' id='par_1_106' title="bbox 2243 4480 3943 4572">
     <span class='ocr_line' id='line_1_106' title="bbox 2243 4480 3943 4572; baseline 0.001 -40"><span class='ocrx_word' id='word_1_788' title='bbox 2243 4519 2286 4572; x_wconf 79' lang='lat' dir='ltr'>D</span> <span class='ocrx_word' id='word_1_789' title='bbox 2318 4480 2749 4554; x_wconf 84' lang='grc' dir='ltr'><em>ἐσταύρωται,</em></span> <span class='ocrx_word' id='word_1_790' title='bbox 2794 4481 2964 4553; x_wconf 74' lang='grc' dir='ltr'>κάγὼ</span> <span class='ocrx_word' id='word_1_791' title='bbox 3005 4490 3087 4552; x_wconf 83' lang='grc' dir='ltr'><em>τῷ</em></span> <span class='ocrx_word' id='word_1_792' title='bbox 3124 4487 3364 4555; x_wconf 84' lang='grc' dir='ltr'><em>κόσμῳ.</em></span> <span class='ocrx_word' id='word_1_793' title='bbox 3390 4487 3548 4554; x_wconf 80' lang='grc' dir='ltr'>Ψυχὴ</span> <span class='ocrx_word' id='word_1_794' title='bbox 3572 4484 3726 4554; x_wconf 70' lang='grc' dir='ltr'>γὰρὴ</span> <span class='ocrx_word' id='word_1_795' title='bbox 3757 4481 3943 4554; x_wconf 72' lang='grc' dir='ltr'><em>ἀκμήν</em></span> 
     </span>
    </p>
   </div>
   <div class='ocr_carea' id='block_1_107' title="bbox 2318 4569 3941 4646">
    <p class='ocr_par' dir='ltr' id='par_1_107' title="bbox 2318 4569 3941 4646">
     <span class='ocr_line' id='line_1_107' title="bbox 2318 4569 3941 4646; baseline 0.002 -25"><span class='ocrx_word' id='word_1_796' title='bbox 2318 4569 2467 4629; x_wconf 79' lang='grc' dir='ltr'><em>ζῶσα</em></span> <span class='ocrx_word' id='word_1_797' title='bbox 2513 4569 2560 4622; x_wconf 79' lang='grc' dir='ltr'>ἐν</span> <span class='ocrx_word' id='word_1_798' title='bbox 2616 4578 2688 4640; x_wconf 80' lang='grc' dir='ltr'><em>τῷ</em></span> <span class='ocrx_word' id='word_1_799' title='bbox 2746 4575 2950 4643; x_wconf 89' lang='grc' dir='ltr'><em>κόσμῳ,</em></span> <span class='ocrx_word' id='word_1_800' title='bbox 3000 4576 3089 4624; x_wconf 81' lang='grc' dir='ltr'><em>καὶ</em></span> <span class='ocrx_word' id='word_1_801' title='bbox 3139 4572 3211 4641; x_wconf 80' lang='grc' dir='ltr'><em>τῷ</em></span> <span class='ocrx_word' id='word_1_802' title='bbox 3266 4576 3441 4624; x_wconf 87' lang='grc' dir='ltr'><em>σκότει</em></span> <span class='ocrx_word' id='word_1_803' title='bbox 3497 4580 3588 4632; x_wconf 83' lang='grc' dir='ltr'><em>τῆς</em></span> <span class='ocrx_word' id='word_1_804' title='bbox 3646 4571 3941 4646; x_wconf 80' lang='grc' dir='ltr'><em>ἁμαρτίας,</em></span> 
     </span>
    </p>
   </div>
   <div class='ocr_carea' id='block_1_108' title="bbox 2316 4659 3944 4734">
    <p class='ocr_par' dir='ltr' id='par_1_108' title="bbox 2316 4659 3944 4734">
     <span class='ocr_line' id='line_1_108' title="bbox 2316 4659 3944 4734; baseline 0.002 -25"><span class='ocrx_word' id='word_1_805' title='bbox 2316 4664 2404 4710; x_wconf 86' lang='grc' dir='ltr'><em>καὶ</em></span> <span class='ocrx_word' id='word_1_806' title='bbox 2442 4663 2511 4730; x_wconf 80' lang='grc' dir='ltr'><em>μὴ</em></span> <span class='ocrx_word' id='word_1_807' title='bbox 2558 4661 2915 4712; x_wconf 89' lang='grc' dir='ltr'><em>θανατωθεῖσα</em></span> <span class='ocrx_word' id='word_1_808' title='bbox 2967 4659 3054 4712; x_wconf 82' lang='grc' dir='ltr'><em>ἀπ’</em></span> <span class='ocrx_word' id='word_1_809' title='bbox 3120 4660 3302 4725; x_wconf 74' lang='grc' dir='ltr'><em>αὐτοῦ,</em></span> <span class='ocrx_word' id='word_1_810' title='bbox 3345 4661 3450 4713; x_wconf 73' lang='grc' dir='ltr'><em>ἀλλ’</em></span> <span class='ocrx_word' id='word_1_811' title='bbox 3492 4663 3567 4713; x_wconf 77' lang='grc' dir='ltr'><em>ἔτι</em></span> <span class='ocrx_word' id='word_1_812' title='bbox 3605 4666 3699 4719; x_wconf 73' lang='grc' dir='ltr'><em>τήν</em></span> <span class='ocrx_word' id='word_1_813' title='bbox 3741 4661 3944 4734; x_wconf 70' lang='grc' dir='ltr'>ψυχὴν</span> 
     </span>
    </p>
   </div>
   <div class='ocr_carea' id='block_1_109' title="bbox 2316 4747 3945 4823">
    <p class='ocr_par' dir='ltr' id='par_1_109' title="bbox 2316 4747 3945 4823">
     <span class='ocr_line' id='line_1_109' title="bbox 2316 4747 3945 4823; baseline 0.004 -25"><span class='ocrx_word' id='word_1_814' title='bbox 2316 4754 2405 4807; x_wconf 85' lang='grc' dir='ltr'><em>τῆς</em></span> <span class='ocrx_word' id='word_1_815' title='bbox 2456 4752 2661 4816; x_wconf 79' lang='grc' dir='ltr'><em>κακίας,</em></span> <span class='ocrx_word' id='word_1_816' title='bbox 2718 4747 2857 4800; x_wconf 83' lang='grc' dir='ltr'><em>τοῦτ’</em></span> <span class='ocrx_word' id='word_1_817' title='bbox 2920 4747 3031 4800; x_wconf 70' lang='grc' dir='ltr'><em>ἔστι</em></span> <span class='ocrx_word' id='word_1_818' title='bbox 3093 4753 3186 4806; x_wconf 79' lang='grc' dir='ltr'>την</span> <span class='ocrx_word' id='word_1_819' title='bbox 3244 4748 3499 4823; x_wconf 74' lang='grc' dir='ltr'><em>ἐνέργειαν</em></span> <span class='ocrx_word' id='word_1_820' title='bbox 3556 4757 3650 4803; x_wconf 78' lang='grc' dir='ltr'>τοῦ</span> <span class='ocrx_word' id='word_1_821' title='bbox 3713 4756 3945 4816; x_wconf 84' lang='grc' dir='ltr'><em>σκότους</em></span> 
     </span>
    </p>
   </div>
   <div class='ocr_carea' id='block_1_110' title="bbox 2315 4836 3942 4911">
    <p class='ocr_par' dir='ltr' id='par_1_110' title="bbox 2315 4836 3942 4911">
     <span class='ocr_line' id='line_1_110' title="bbox 2315 4836 3942 4911; baseline 0.003 -22"><span class='ocrx_word' id='word_1_822' title='bbox 2315 4844 2413 4889; x_wconf 85' lang='grc' dir='ltr'>τῶν</span> <span class='ocrx_word' id='word_1_823' title='bbox 2458 4839 2633 4889; x_wconf 84' lang='grc' dir='ltr'><em>παθῶν</em></span> <span class='ocrx_word' id='word_1_824' title='bbox 2675 4845 2767 4898; x_wconf 83' lang='grc' dir='ltr'><em>τῆς</em></span> <span class='ocrx_word' id='word_1_825' title='bbox 2816 4836 3077 4911; x_wconf 81' lang='grc' dir='ltr'><em>ἁμαρτίας</em></span> <span class='ocrx_word' id='word_1_826' title='bbox 3124 4838 3173 4890; x_wconf 79' lang='grc' dir='ltr'>έν</span> <span class='ocrx_word' id='word_1_827' title='bbox 3214 4838 3369 4911; x_wconf 80' lang='grc' dir='ltr'><em>ἑαυτῇ</em></span> <span class='ocrx_word' id='word_1_828' title='bbox 3416 4842 3639 4911; x_wconf 79' lang='grc' dir='ltr'><em>ἔχουσα,</em></span> <span class='ocrx_word' id='word_1_829' title='bbox 3692 4846 3787 4893; x_wconf 83' lang='grc' dir='ltr'>καὶ</span> <span class='ocrx_word' id='word_1_830' title='bbox 3847 4840 3942 4895; x_wconf 77' lang='grc' dir='ltr'>ὑπ’</span> 
     </span>
    </p>
   </div>
   <div class='ocr_carea' id='block_1_111' title="bbox 2316 4925 3945 5004">
    <p class='ocr_par' dir='ltr' id='par_1_111' title="bbox 2316 4925 3945 5004">
     <span class='ocr_line' id='line_1_111' title="bbox 2316 4925 3945 5004; baseline 0.003 -27"><span class='ocrx_word' id='word_1_831' title='bbox 2316 4925 2476 4989; x_wconf 69' lang='grc' dir='ltr'><em>αὐτῆς</em></span> <span class='ocrx_word' id='word_1_832' title='bbox 2530 4930 2925 4998; x_wconf 83' lang='grc' dir='ltr'><em>ποιμαινομένη,</em></span> <span class='ocrx_word' id='word_1_833' title='bbox 2968 4926 3063 4979; x_wconf 79' lang='grc' dir='ltr'>οὐκ</span> <span class='ocrx_word' id='word_1_834' title='bbox 3101 4930 3213 4980; x_wconf 76' lang='grc' dir='ltr'><em>ἔστι</em></span> <span class='ocrx_word' id='word_1_835' title='bbox 3252 4936 3344 4981; x_wconf 84' lang='grc' dir='ltr'>τοῦ</span> <span class='ocrx_word' id='word_1_836' title='bbox 3388 4934 3624 5001; x_wconf 82' lang='grc' dir='ltr'><em>σώματος</em></span> <span class='ocrx_word' id='word_1_837' title='bbox 3664 4938 3759 4981; x_wconf 83' lang='grc' dir='ltr'><em>τοῦ</em></span> <span class='ocrx_word' id='word_1_838' title='bbox 3802 4937 3945 5004; x_wconf 79' lang='grc' dir='ltr'><em>Χρι-</em></span> 
     </span>
    </p>
   </div>
   <div class='ocr_carea' id='block_1_112' title="bbox 2316 5015 3942 5089">
    <p class='ocr_par' dir='ltr' id='par_1_112' title="bbox 2316 5015 3942 5089">
     <span class='ocr_line' id='line_1_112' title="bbox 2316 5015 3942 5089; baseline 0.003 -23"><span class='ocrx_word' id='word_1_839' title='bbox 2316 5023 2463 5079; x_wconf 82' lang='grc' dir='ltr'><em>στοῦ,</em></span> <span class='ocrx_word' id='word_1_840' title='bbox 2516 5015 2609 5067; x_wconf 86' lang='grc' dir='ltr'><em>ούκ</em></span> <span class='ocrx_word' id='word_1_841' title='bbox 2666 5018 2778 5067; x_wconf 82' lang='grc' dir='ltr'><em>ἔστι</em></span> <span class='ocrx_word' id='word_1_842' title='bbox 2826 5022 2917 5067; x_wconf 84' lang='grc' dir='ltr'>τοῦ</span> <span class='ocrx_word' id='word_1_843' title='bbox 2968 5021 3211 5087; x_wconf 86' lang='grc' dir='ltr'><em>σώματος</em></span> <span class='ocrx_word' id='word_1_844' title='bbox 3239 5025 3332 5069; x_wconf 85' lang='grc' dir='ltr'><em>τοῦ</em></span> <span class='ocrx_word' id='word_1_845' title='bbox 3389 5022 3598 5089; x_wconf 78' lang='grc' dir='ltr'><em>φωτός·</em></span> <span class='ocrx_word' id='word_1_846' title='bbox 3652 5016 3763 5069; x_wconf 83' lang='grc' dir='ltr'><em>ἀλλ’</em></span> <span class='ocrx_word' id='word_1_847' title='bbox 3823 5023 3942 5071; x_wconf 78' lang='grc' dir='ltr'><em>ἔστι</em></span> 
     </span>
    </p>
   </div>
   <div class='ocr_carea' id='block_1_113' title="bbox 2316 5103 3943 5181">
    <p class='ocr_par' dir='ltr' id='par_1_113' title="bbox 2316 5103 3943 5181">
     <span class='ocr_line' id='line_1_113' title="bbox 2316 5103 3943 5181; baseline 0.004 -27"><span class='ocrx_word' id='word_1_848' title='bbox 2316 5112 2469 5175; x_wconf 88' lang='grc' dir='ltr'><em>σῶμα</em></span> <span class='ocrx_word' id='word_1_849' title='bbox 2506 5112 2597 5157; x_wconf 83' lang='grc' dir='ltr'>τοῦ</span> <span class='ocrx_word' id='word_1_850' title='bbox 2639 5110 2855 5165; x_wconf 90' lang='grc' dir='ltr'><em>σκότους</em></span> <span class='ocrx_word' id='word_1_851' title='bbox 2896 5108 2986 5155; x_wconf 82' lang='grc' dir='ltr'><em>καὶ</em></span> <span class='ocrx_word' id='word_1_852' title='bbox 3039 5124 3094 5157; x_wconf 87' lang='grc' dir='ltr'><em>εκ</em></span> <span class='ocrx_word' id='word_1_853' title='bbox 3149 5113 3238 5166; x_wconf 79' lang='grc' dir='ltr'><em>τῆς</em></span> <span class='ocrx_word' id='word_1_854' title='bbox 3291 5103 3511 5181; x_wconf 86' lang='grc' dir='ltr'><em>μερίδος</em></span> <span class='ocrx_word' id='word_1_855' title='bbox 3562 5114 3656 5159; x_wconf 81' lang='grc' dir='ltr'>τοῦ</span> <span class='ocrx_word' id='word_1_856' title='bbox 3712 5113 3943 5170; x_wconf 84' lang='grc' dir='ltr'><em>σκότους</em></span> 
     </span>
    </p>
   </div>
   <div class='ocr_carea' id='block_1_114' title="bbox 2312 5190 3940 5267">
    <p class='ocr_par' dir='ltr' id='par_1_114' title="bbox 2312 5190 3940 5267">
     <span class='ocr_line' id='line_1_114' title="bbox 2312 5190 3940 5267; baseline 0.003 -23"><span class='ocrx_word' id='word_1_857' title='bbox 2312 5190 2483 5265; x_wconf 80' lang='grc' dir='ltr'><em>ἀκμὴν</em></span> <span class='ocrx_word' id='word_1_858' title='bbox 2538 5191 2700 5249; x_wconf 74' lang='grc' dir='ltr'><em>ἔστιν.</em></span> <span class='ocrx_word' id='word_1_859' title='bbox 2777 5190 2977 5267; x_wconf 82' lang='grc' dir='ltr'><em>Ὠσπερ</em></span> <span class='ocrx_word' id='word_1_860' title='bbox 3036 5199 3127 5246; x_wconf 77' lang='grc' dir='ltr'><em>καὶ</em></span> <span class='ocrx_word' id='word_1_861' title='bbox 3202 5195 3376 5261; x_wconf 81' lang='grc' dir='ltr'><em>πάλιν,</em></span> <span class='ocrx_word' id='word_1_862' title='bbox 3433 5198 3481 5248; x_wconf 86' lang='grc' dir='ltr'>οἱ</span> <span class='ocrx_word' id='word_1_863' title='bbox 3555 5198 3771 5267; x_wconf 80' lang='grc' dir='ltr'><em>ἔχοντες</em></span> <span class='ocrx_word' id='word_1_864' title='bbox 3842 5203 3940 5257; x_wconf 69' lang='grc' dir='ltr'><em>τὴν</em></span> 
     </span>
    </p>
   </div>
   <div class='ocr_carea' id='block_1_115' title="bbox 2316 5280 3939 5358">
    <p class='ocr_par' dir='ltr' id='par_1_115' title="bbox 2316 5280 3939 5358">
     <span class='ocr_line' id='line_1_115' title="bbox 2316 5280 3939 5358; baseline 0.004 -25"><span class='ocrx_word' id='word_1_865' title='bbox 2316 5280 2496 5353; x_wconf 65' lang='grc' dir='ltr'>ψυχὴν</span> <span class='ocrx_word' id='word_1_866' title='bbox 2572 5290 2663 5335; x_wconf 82' lang='grc' dir='ltr'>τοῦ</span> <span class='ocrx_word' id='word_1_867' title='bbox 2716 5286 2896 5354; x_wconf 80' lang='grc' dir='ltr'><em>φωτός,</em></span> <span class='ocrx_word' id='word_1_868' title='bbox 2977 5283 3117 5335; x_wconf 82' lang='grc' dir='ltr'><em>τοῦτ’</em></span> <span class='ocrx_word' id='word_1_869' title='bbox 3178 5286 3289 5336; x_wconf 82' lang='grc' dir='ltr'><em>ἔστι</em></span> <span class='ocrx_word' id='word_1_870' title='bbox 3364 5287 3457 5342; x_wconf 77' lang='grc' dir='ltr'><em>τὴν</em></span> <span class='ocrx_word' id='word_1_871' title='bbox 3535 5281 3763 5358; x_wconf 88' lang='grc' dir='ltr'><em>δύναμιν</em></span> <span class='ocrx_word' id='word_1_872' title='bbox 3842 5294 3939 5339; x_wconf 85' lang='grc' dir='ltr'><em>τοῦ</em></span> 
     </span>
    </p>
   </div>
   <div class='ocr_carea' id='block_1_116' title="bbox 2313 5368 3935 5448">
    <p class='ocr_par' dir='ltr' id='par_1_116' title="bbox 2313 5368 3935 5448">
     <span class='ocr_line' id='line_1_116' title="bbox 2313 5368 3935 5448; baseline 0.004 -27"><span class='ocrx_word' id='word_1_873' title='bbox 2313 5369 2466 5441; x_wconf 78' lang='grc' dir='ltr'><em>ἁγίου</em></span> <span class='ocrx_word' id='word_1_874' title='bbox 2520 5374 2839 5443; x_wconf 80' lang='grc' dir='ltr'><em>Πνεύματος,</em></span> <span class='ocrx_word' id='word_1_875' title='bbox 2892 5372 2948 5425; x_wconf 78' lang='grc' dir='ltr'><em>ἐκ</em></span> <span class='ocrx_word' id='word_1_876' title='bbox 3005 5380 3097 5434; x_wconf 83' lang='grc' dir='ltr'><em>τῆς</em></span> <span class='ocrx_word' id='word_1_877' title='bbox 3148 5368 3365 5448; x_wconf 85' lang='grc' dir='ltr'><em>μερίδος</em></span> <span class='ocrx_word' id='word_1_878' title='bbox 3421 5373 3526 5426; x_wconf 81' lang='grc' dir='ltr'><em>εἰσί</em></span> <span class='ocrx_word' id='word_1_879' title='bbox 3584 5382 3678 5427; x_wconf 84' lang='grc' dir='ltr'>τοῦ</span> <span class='ocrx_word' id='word_1_880' title='bbox 3738 5380 3935 5447; x_wconf 73' lang='grc' dir='ltr'><em>φωτός.</em></span> 
     </span>
    </p>
   </div>
   <div class='ocr_carea' id='block_1_117' title="bbox 2383 5459 3936 5536">
    <p class='ocr_par' dir='ltr' id='par_1_117' title="bbox 2383 5459 3936 5536">
     <span class='ocr_line' id='line_1_117' title="bbox 2383 5459 3936 5536; baseline 0.004 -25"><span class='ocrx_word' id='word_1_881' title='bbox 2383 5459 2455 5514; x_wconf 91' lang='grc' dir='ltr'>Ζ’.</span> <span class='ocrx_word' id='word_1_882' title='bbox 2491 5459 2630 5515; x_wconf 82' lang='grc' dir='ltr'>Ἀλλ’</span> <span class='ocrx_word' id='word_1_883' title='bbox 2658 5459 2760 5536; x_wconf 78' lang='grc' dir='ltr'><em>ἐρεῖ</em></span> <span class='ocrx_word' id='word_1_884' title='bbox 2782 5480 2861 5522; x_wconf 89' lang='grc' dir='ltr'>τις</span> <span class='ocrx_word' id='word_1_885' title='bbox 2886 5478 2898 5491; x_wconf 87' lang='lat'><strong>&#39;</strong></span> <span class='ocrx_word' id='word_1_886' title='bbox 2938 5468 3049 5523; x_wconf 83' lang='grc' dir='ltr'>Πῶς</span> <span class='ocrx_word' id='word_1_887' title='bbox 3082 5470 3235 5536; x_wconf 88' lang='grc' dir='ltr'><em>σῶμα</em></span> <span class='ocrx_word' id='word_1_888' title='bbox 3263 5468 3355 5515; x_wconf 84' lang='grc' dir='ltr'><em>τοῦ</em></span> <span class='ocrx_word' id='word_1_889' title='bbox 3388 5466 3609 5525; x_wconf 89' lang='grc' dir='ltr'><em>σκότους</em></span> <span class='ocrx_word' id='word_1_890' title='bbox 3640 5462 3808 5536; x_wconf 75' lang='grc' dir='ltr'><em>λέγεις</em></span> <span class='ocrx_word' id='word_1_891' title='bbox 3838 5469 3936 5524; x_wconf 72' lang='grc' dir='ltr'><em>τὴν</em></span> 
     </span>
    </p>
   </div>
  </div>
