4086 6194
197 265 308 322 457

1483 265 1826 324 HOMILUE.
1872 302 1939 314 —
1978 273 2154 332 HOM.
2189 277 2231 334 Ι.

3462 288 3569 346 458

192 391 405 462 ψυχὴν,
437 389 508 461 μὴ
537 386 702 440 οὖσαν
731 385 890 439 αὐτοῦ
919 389 1122 461 κτίσμα
1148 404 1163 454 ;
1192 385 1326 443 Ὧδε
1365 394 1666 464 προσέχων,
1717 398 1792 446 καὶ

1915 413 2134 470 corpus
2174 401 2577 469 tenebrarum,
2619 422 2756 464 cum
2787 423 2910 466 non
2951 410 3023 467 sit
3054 410 3131 468 ab
3165 411 3279 468 illis
3317 413 3570 484 genita?

197 480 366 554 ὀρθῶς
403 483 592 534 νόησον
620 496 633 509 ⁸
666 475 866 548 Ὠσπερ
895 474 1098 550 ἔνδυμα
1151 480 1375 551 ἱμάτιον,
1409 482 1437 533 ὃ
1485 491 1682 555 φορεῖς,
1717 484 1804 535 ἄλ-

194 569 279 630 λος
306 568 686 633 κατεσκεύασε,
715 569 804 618 καὶ
834 569 900 619 σὺ
931 563 1055 620 ἆύτό
1084 565 1418 641 ἒν[δέ]δυσαι
1449 588 1460 600 ·
1497 572 1689 642 ὁμοίως
1713 579 1802 626 καὶ

194 657 333 711 οἶκον
364 659 534 728 ἔτερος
563 652 877 727 ᾠκοδόμησε
927 662 1018 709 καὶ
1071 659 1264 722 ἔκτισε,
1299 663 1484 712 καὶσὺ
1543 662 1703 724 οἰκεῖς
1752 665 1800 714 ἑν

195 749 333 818 αὐτῷ
361 767 374 780 ·
411 751 498 799 τόν
555 745 712 798 αὐτὸν
767 749 959 816 τρόπον
1003 747 1092 799 καὶ
1142 748 1168 800 ό
1199 744 1377 820 Ἀδὰμ
1429 748 1668 824 παραϐὰς
1707 755 1800 809 τὴν

196 837 404 895 ἐντολὴν
453 841 548 889 τοῦ
578 841 733 900 Θεοῦ,
766 838 856 886 καὶ
905 833 1141 898 ἀκούσας
1184 844 1276 889 τοῦ
1333 847 1562 912 πονηροῦ
1621 843 1796 911 ὄφεως,

193 926 394 1000 ἐπράθη
447 929 537 977 καὶ
589 923 850 982 ἐπώλησεν
903 923 1084 977 ἑαυτὸν
1140 933 1211 995 τῷ
1275 923 1503 999 διαϐόλῳ
1533 945 1545 958 ’
1579 933 1670 982 καὶ
1726 927 1800 980 ἕν-

192 1012 420 1068 εδύσατο
472 1019 565 1071 τὴν
612 1012 799 1084 ψυχὴν
829 1013 855 1065 ό
883 1017 1128 1089 πονηρός,
1185 1018 1243 1067 τό
1287 1014 1444 1068 καλόν
1499 1021 1720 1090 κτίσμα,
1771 1019 1798 1070 ὃ

196 1106 578 1158 κατεσκεύασεν
637 1103 662 1154 ὁ
718 1104 866 1166 Θεὸς,
919 1106 1052 1177 πρὸς
1108 1108 1201 1162 τὴν
1257 1106 1417 1157 αύτοῦ
1474 1105 1667 1171 εἰκόνα,
1730 1109 1796 1168 ὡς

195 1199 290 1247 καὶ
318 1196 344 1245 ό
373 1191 693 1253 Ἀπόστολος
727 1191 860 1263 λέγει
892 1211 904 1224 ·
950 1189 1516 1265 Ἀπεκδυσάμενος
1555 1196 1660 1256 τὰς
1700 1193 1799 1268 ἀρ-

190 1286 321 1356 χὰς
375 1287 484 1335 καὶ
536 1280 859 1345 ἔξουσίας,
924 1280 1406 1356 ἐθριάμϐευσεν
1466 1283 1702 1346 αύτούς
1740 1286 1796 1336 ἐν

190 1381 272 1444 τῷ
313 1378 608 1445 σταυρῷ.
638 1372 733 1424 Διά
763 1377 916 1423 τοῦτο
945 1373 1046 1444 γὰρ
1078 1380 1167 1424 καὶ
1188 1375 1217 1430 ἧ
1251 1371 1452 1434 ἔλευσις
1478 1379 1570 1424 τοῦ
1602 1376 1796 1445 Κυρίου

185 1466 488 1534 γεγένηται,
549 1460 633 1512 ἶνα
699 1458 888 1533 ἐκϐάλῃ
963 1460 1172 1525 αύτούς,
1229 1466 1316 1514 καὶ
1400 1460 1632 1534 ἀπολάϐη
1709 1466 1795 1514 τόν

183 1549 325 1604 ἴδιον
369 1548 515 1603 οἶκον
566 1553 655 1602 καὶ
701 1551 844 1618 ναὸν,
893 1552 981 1601 τόν
1037 1549 1327 1624 ἄνθρωπον.
1373 1553 1572 1603 Τούτου
1628 1555 1794 1604 τοίνυν

184 1644 348 1693 ἕνεκεν
392 1648 550 1710 σῶμα
583 1638 786 1710 λέγεται
815 1641 845 1696 ἡ
894 1637 1049 1709 ψυχὴ
1083 1647 1175 1692 τοῦ
1217 1659 1442 1701 σκότους
1493 1648 1583 1701 τῆς
1631 1660 1796 1699 πονη-

1916 488 2057 544 Huic
2074 490 2368 548 adhibens
2390 500 2652 554 mentem
2672 497 2823 554 bene
2840 501 3150 566 attendito,
3169 503 3566 574 quemadmo-

1912 576 2059 633 dum
2091 585 2314 638 vestem
2347 589 2450 639 aut
2479 584 2922 654 indumentum,
2963 591 3130 662 quod
3161 596 3383 662 gestas,
3410 592 3566 649 alius

1912 667 2184 734 confecit,
2232 677 2288 726 et
2327 676 2389 727 tu
2433 688 2502 729 eo
2545 675 2846 741 indueris;
2902 678 3171 734 similiter
3214 688 3271 736 et
3311 680 3565 738 domum

1911 754 2063 810 alius
2089 757 2409 817 mdiﬁcavit
2437 767 2492 818 et
2521 765 2829 832 exstruxit,
2863 772 2920 822 et
2957 773 3018 823 tu
3049 767 3445 826 nihilominus
3481 771 3569 827 in-

1911 844 2146 902 habitas
2181 848 2347 904 illam
2383 867 2396 904 :
2437 851 2651 907 eodem
2699 854 2876 910 modo
2917 856 3110 912 Adam
3152 861 3566 928 transgressus

1910 935 2266 992 mandatum
2285 938 2404 1003 Dei,
2433 943 2489 995 et
2507 941 2934 1013 obtemperans
2959 945 3255 1002 malitioso
3283 947 3562 1019 serpenti,

1907 1023 2180 1080 vendidit
2203 1027 2468 1098 seipsum
2491 1028 2756 1094 diabolo,
2790 1030 3104 1105 induitque
3136 1039 3261 1089 tum
3292 1037 3561 1092 animam

1907 1108 2002 1166 ille
2027 1113 2394 1170 malitiosus:
2421 1117 2928 1187 elegantissimam
2954 1121 3174 1177 scilicet
3200 1129 3560 1192 creaturam,

1907 1215 2092 1272 quam
2138 1204 2487 1261 condiderat
2532 1209 2684 1262 Deus
2737 1209 2814 1263 ad
2861 1210 2954 1264 sui
3001 1209 3350 1280 imaginem,
3402 1217 3463 1268 ut
3506 1218 3565 1269 et

1907 1291 2224 1361 Apostolus
2249 1293 2421 1349 dicit:
2455 1295 2820 1365 Exspatians
2837 1298 3223 1370 principatus
3239 1307 3293 1357 et
3308 1307 3564 1370 potesta-

1908 1385 2043 1445 tem,
2064 1381 2456 1450 triumphavit
2473 1385 2546 1440 de
2566 1385 2691 1440 illis
2711 1389 2770 1442 in
2787 1401 2963 1444 cruce
2980 1389 3050 1443 η.
3075 1391 3387 1459 Propterea
3399 1391 3562 1446 enim

1905 1474 1962 1524 et
1999 1469 2294 1528 adventus
2336 1473 2566 1528 Domini
2613 1475 2861 1545 contigit
2902 1481 2965 1530 ut
3003 1477 3241 1546 ejiceret
3278 1479 3466 1549 ipsos,
3506 1485 3565 1536 et

1903 1559 2191 1629 reciperet
2218 1562 2525 1630 propriam
2556 1562 2806 1619 domum
2831 1571 2885 1619 et
2909 1565 3220 1637 templum,
3253 1567 3560 1624 hominem

1906 1646 2146 1704 scilicet.
2189 1649 2479 1713 Quocirca
2521 1651 2737 1706 dicitur
2779 1653 2982 1710 anima
3022 1670 3246 1725 corpus
3288 1658 3559 1712 tenebra-

179 1743 320 1810 ρίας,
347 1739 447 1795 ἕως
500 1735 561 1787 οὗ
607 1733 748 1786 ἔστιν
779 1732 826 1786 ἓν
857 1734 988 1807 αὐτῇ
1022 1737 1081 1787 τό
1133 1741 1321 1796 σκότος
1367 1745 1460 1797 τῆς
1507 1736 1790 1811 ἁμαρτίας,

1904 1751 2035 1790 rum
2065 1735 2322 1803 malitias,
2355 1741 2626 1810 quandiu
2654 1740 2714 1795 in
2746 1741 2845 1798 illa
2864 1748 3001 1798 sunt
3023 1743 3284 1799 tenebrae
3309 1746 3558 1816 peccati.

180 1827 265 1878 ὃτι
296 1824 407 1877 ἐκεῖ
443 1825 509 1896 ζῇ
566 1823 638 1886 εἰς
667 1825 755 1875 τὸν
803 1823 966 1876 αἰῶνα
1016 1827 1103 1876 τόν
1151 1829 1377 1897 πονηρόν
1408 1833 1500 1878 τοῦ
1551 1832 1790 1893 σκότους,

177 1921 272 1968 καὶ
323 1913 428 1966 ἐκεῖ
475 1914 810 1984 κεκράτηται,
866 1914 1040 1973 καθὼς
1111 1918 1201 1966 xui
1256 1915 1282 1966 ό
1339 1913 1561 1984 Παῦλος,
1641 1924 1795 1988 σῶμα

176 2004 468 2076 ἁμαρτίας,
499 2007 589 2054 καὶ
621 2009 773 2073 σῶμα
805 2002 1026 2054 θανάτου
1065 2002 1234 2055 καλῶν
1281 2002 1416 2074 λέγει
1445 2018 1458 2033 ·
1485 2002 1614 2056 Ἵνα
1652 2024 1791 2058 κατ-

175 2095 438 2168 αργηθῇ
480 2095 550 2144 τό
592 2099 771 2163 σῶμα
807 2099 880 2150 τῆ
906 2112 928 2154 ς
966 2091 1319 2163 ἁμαρτίας.
1351 2097 1451 2146 Καὶ
1479 2094 1655 2160 πάλιν,
1683 2099 1791 2156 Τίς

172 2202 250 2254 με
287 2182 569 2256 ῥύσεται
599 2179 662 2232 ἐκ
690 2188 798 2233 τοῦ
840 2186 1142 2253 σώματος
1181 2189 1290 2233 τοῦ
1333 2183 1610 2235 θανάτου
1651 2186 1794 2235 τού-

171 2291 293 2326 του
328 2288 343 2338 ;
389 2270 618 2342 Ὁμοίως
642 2269 794 2322 πάλιν
825 2271 854 2328 ἠ
888 2273 1226 2323 πιστεύσασα
1272 2279 1343 2340 τῷ
1371 2279 1484 2342 Θεῷ
1513 2271 1669 2343 ψυχὴ
1701 2277 1791 2326 καὶ

175 2361 233 2414 ἐκ
265 2369 365 2422 τῆς
414 2359 679 2432 ἁμαρτίας
727 2359 1006 2433 ῥυσθεῖσα,
1062 2363 1152 2411 καὶ
1200 2361 1562 2412 θανατωθεῖσα
1618 2359 1673 2412 ix
1697 2368 1791 2422 τῆς

177 2454 319 2513 ζωῆς
365 2456 460 2502 τοῦ
511 2453 748 2512 σκότους,
801 2452 890 2500 καὶ
930 2451 988 2500 τὸ
1021 2456 1128 2520 φῶς
1159 2455 1250 2500 τοῦ
1283 2446 1434 2518 ἀγίου
1490 2451 1789 2521 Πνεύματος

173 2540 356 2611 ὥσπερ
385 2539 529 2597 ζωὴν
581 2534 835 2601 λαϐοῦσα,
869 2540 959 2589 καὶ
1015 2534 1202 2589 ἐκεῖθεν
1235 2537 1472 2603 ζήσασα,
1529 2536 1631 2590 ἐκεῖ
1686 2538 1790 2590 λοι-

171 2631 276 2680 πόν
330 2623 617 2701 διατρίϐει,
679 2627 760 2678 ὅτι
814 2623 919 2678 ἐκεῖ
974 2627 1295 2698 κεκράτηται
1366 2633 1437 2696 τῷ
1494 2631 1626 2699 φωτὶ
1699 2635 1789 2687 τῆς

174 2719 444 2777 θεότητος.
503 2717 636 2768 Οῦτε
681 2715 784 2788 γὰρ
838 2717 1040 2786 φύσεως
1094 2722 1191 2776 τῆς
1251 2715 1489 2775 θεότητος
1560 2713 1700 2768 ἔστιν
1753 2718 1784 2774 ἠ

171 2806 358 2877 ψυχὴ,
402 2808 522 2857 οῦτε
551 2806 754 2875 φύσεως
802 2810 895 2855 τοῦ
933 2807 1150 2865 σκότους
1201 2812 1296 2864 τῆς
1344 2808 1620 2876 πονηρίας,
1679 2802 1786 2856 ἀλλ’

172 2899 290 2949 ἔστι
339 2899 547 2965 κτίσμα
597 2912 648 2946 τι
700 2895 891 2964 νοερόν,
946 2895 1030 2944 xui
1079 2894 1288 2964 ὡραῖον,
1347 2897 1434 2944 καὶ
1486 2897 1640 2964 μέγα,
1697 2897 1788 2946 καὶ

174 2986 512 3056 θαυμαστόν,
567 2986 655 3033 καὶ
714 2979 868 3034 καλόν
930 2981 1173 3052 ὁμοίωμα
1227 2986 1315 3034 καὶ
1385 2981 1532 3034 εἰκὼν
1604 2989 1737 3034 Θεοῦ
1771 2997 1784 3012 ο

170 3078 270 3127 xui
321 3069 422 3126 διὰ
468 3075 564 3151 τὴν
616 3068 918 3144 παράϐασιν
966 3069 1200 3128 εἰσῆλθεν
1256 3069 1328 3132 εἰς
1375 3069 1538 3128 αὐτὴν
1569 3073 1599 3129 ἡ
1632 3089 1788 3129 πονη-
1822 3117 1862 3175 C

167 3168 268 3237 ρία
295 3169 401 3214 τῶν
427 3161 605 3213 παθῶν
635 3166 726 3212 τοῦ
759 3163 996 3220 σκότους,

247 3268 330 3322 H’.
381 3270 453 3321 Τό
484 3266 684 3336 λοιπὸν,
828 3269 1204 3341 συγκέκραται,
1263 3270 1352 3319 καὶ
1410 3270 1702 3326 συνηνωται
1753 3269 1782 3327 ἠ

167 3359 332 3431 ψυχὴ
399 3355 448 3409 ἓν
479 3363 585 3418 τοῖς
617 3355 920 3429 θελήμασιν.
968 3361 1122 3408 Ἤτοι
1152 3351 1239 3407 οὖν
1291 3358 1350 3408 τό
1380 3363 1482 3428 φῶς
1531 3363 1622 3409 τοῦ
1654 3364 1788 3410 Θεοῦ

171 3449 222 3501 ἓν
275 3449 412 3519 αὐτῇ
473 3448 696 3517 ἔχουσα,
729 3450 819 3497 καὶ
871 3443 919 3497 ἓν
973 3444 1114 3514 αύτῷ
1166 3448 1314 3508 ζῶσα
1342 3443 1393 3497 ἐν
1426 3447 1623 3513 πάσαις
1677 3452 1787 3508 ταῖς

173 3537 410 3612 ἀρεταῖς,
461 3542 554 3588 τοῦ
603 3537 766 3607 φωτὸς
810 3542 906 3596 τῆς
959 3532 1294 3594 ἀναπαύσεώς
1352 3533 1492 3586 ἐστιν
1527 3552 1538 3563 ·
1568 3538 1686 3593 ἤτοι
1728 3539 1786 3588 τὸ

174 3632 370 3688 σκότος
415 3632 514 3686 τῆς
563 3624 826 3700 ἁμαρτίας
876 3626 1098 3696 ἔχουσα,
1132 3631 1223 3684 τῆς
1274 3628 1631 3698 κατακρίσεως
1659 3645 1787 3697 τυγ-

170 3719 354 3790 χάνει.
393 3718 584 3786 Ψυχὴν
613 3715 714 3786 γὰρ
759 3717 851 3772 τὴν
907 3712 1154 3765 θέλουσαν
1208 3712 1372 3773 ζῆσαι
1405 3715 1546 3787 παρά
1594 3721 1707 3785 Θεῷ
1738 3717 1786 3766 ἓν

175 3807 477 3859 ἀναπαύσει
552 3807 642 3855 καὶ
698 3807 826 3874 φωτὶ
897 3801 1111 3874 αἰωνίῳ,
1167 3801 1469 3874 προσελθεῖν
1538 3799 1637 3869 δεῖ,
1719 3806 1788 3866 ὡς

174 3901 514 3970 προείρηται,
573 3900 646 3963 τῷ
697 3889 925 3962 ἀληθινῷ
977 3889 1216 3966 ἀρχιερεῖ
1268 3898 1502 3965 Χριστῷ,
1556 3897 1646 3945 καὶ
1689 3913 1785 3946 τυ-

177 3989 336 4045 ϐῆναι
367 3987 459 4035 καὶ
514 3980 784 4034 ἀποθανεῖν
820 3988 892 4052 τῷ
925 3985 1130 4053 κόσμῳ,
1162 3985 1250 4033 xui
1307 3988 1368 4053 τῇ
1403 3985 1628 4055 προτέρᾳ
1677 3982 1783 4055 ζωῇ

173 4082 272 4128 τοῦ
314 4078 544 4131 σκότους
600 4077 694 4132 τῆς
741 4073 1013 4144 πονηρίας,
1065 4073 1155 4122 καὶ
1183 4071 1528 4142 μετατεθῆναι
1559 4072 1608 4122 ἐν
1639 4069 1787 4146 ἑτέρᾳ

174 4167 288 4236 ζωῇ
322 4167 416 4214 xui
456 4159 714 4233 ἀνατροφῇ
769 4161 899 4232 θεία.
932 4165 1130 4234 Ὥσπερ
1178 4160 1262 4212 ἐάν
1310 4179 1389 4222 τις
1438 4158 1672 4232 ἀποθάνῃ
1736 4159 1784 4211 ἰν

175 4252 346 4317 πόλει,
407 4254 527 4302 οὔτε
583 4257 748 4322 φωνῆς
803 4255 902 4299 τῶν
955 4249 1060 4300 ἐκεῖ
1134 4246 1329 4314 ἀκούει,
1395 4251 1513 4301 οὔτε
1583 4248 1782 4315 λαλιᾶς,

173 4346 296 4396 οὔτε
327 4345 504 4412 ἤχων,
549 4337 678 4391 ἀλλά
729 4336 973 4400 καθάπαξ
1021 4335 1261 4404 ἀπέθανε,
1307 4342 1397 4390 καὶ
1455 4341 1787 4410 μετατίθεται

174 4432 230 4484 ἐν
263 4431 420 4504 ἑτέρῳ
463 4433 625 4500 τόπῳ,
661 4428 782 4480 ἔνθα
812 4425 906 4479 ούκ
940 4425 1044 4478 εἰσὶ
1074 4431 1237 4499 φωναὶ
1285 4431 1372 4480 καὶ
1418 4432 1646 4502 κραυγαὶ
1693 4435 1787 4490 τῆς

175 4520 378 4581 πόλεως
429 4519 665 4578 ἐκείνης·
700 4517 836 4568 ούτω
888 4520 978 4568 καὶ
1026 4517 1056 4574 ἡ
1103 4515 1281 4588 ψυχὴ,
1337 4514 1460 4568 ίπὰν
1513 4518 1643 4589 τυθῇ
1699 4521 1789 4570 καὶ

175 4610 445 4682 ἀποθάνῃ,
501 4606 550 4658 ἐν
695 4602 957 4677 διατρίϐει
1011 4610 1098 4658 καὶ
1151 4605 1216 4670 ζῇ
1285 4605 1429 4658 πόλει
1481 4613 1572 4668 τῆς
1603 4611 1788 4669 κακίας

170 4708 280 4752 τῶν
338 4699 536 4766 παθῶν,
584 4695 758 4748 ούκέτι
818 4693 994 4748 ἀκούει
1043 4693 1091 4746 ἓν
1141 4693 1296 4768 ἑαυτῇ
1345 4703 1438 4757 τῆς
1487 4703 1652 4768 φωνῆς
1691 4705 1790 4748 τῶν

177 4786 548 4859 διαλογισμῶν
580 4791 672 4837 τοῦ
715 4788 932 4846 σκότους
967 4803 980 4816 ·
1016 4783 1109 4836 ούκ
1141 4786 1214 4836 ἔτι
1246 4783 1489 4836 ἀκούεται
1519 4783 1671 4836 λαλιὰ
1701 4789 1790 4838 xui

174 4880 392 4952 κραυγὴ
449 4878 676 4947 ματαίου
727 4870 1101 4944 διαλογισμοῦ,
1136 4877 1225 4925 καὶ
1282 4882 1526 4945 ταραχῆς
1557 4875 1792 4946 πνευμά-

175 4986 284 5019 των
333 4968 555 5025 σκότους
585 4979 598 4992 ⁶
654 4960 782 5014 ἀλλὰ
831 4963 1164 5034 μετατίθεται
1208 4961 1275 5022 εἰς
1331 4961 1475 5014 πόλιν
1537 4961 1794 5034 ἀγαθότη-

180 5074 273 5117 τος
329 5057 423 5105 καὶ
473 5052 678 5126 εἰρήνης
730 5055 948 5124 μεστὴν,
1003 5050 1076 5111 εἰς
1129 5050 1274 5104 πόλιν
1324 5053 1491 5124 φωτός
1533 5053 1792 5118 θεότητος,

182 5151 341 5198 xeich
394 5143 459 5214 ζῇ
528 5145 617 5194 καὶ
670 5139 869 5210 ἀκούει,
919 5139 1070 5193 κάκεῖ
1118 5139 1442 5193 πολιτεύεται
1490 5145 1580 5193 καὶ
1631 5140 1792 5205 λαλεῖ,

184 5239 277 5287 καὶ
341 5228 724 5304 διαλογίζεται,
771 5229 921 5283 κάκεῖ
971 5232 1248 5306 ἴργάζεται
1296 5232 1421 5303 ἔργα
1469 5231 1797 5303 πνευματικὰ

185 5327 280 5375 καὶ
326 5328 462 5376 Θεοῦ
487 5321 631 5386 ἄξια.

265 5687 315 5722 ¹³
344 5684 571 5744 Coloss.
608 5699 665 5752 ιι,
701 5685 792 5743 15.
873 5683 918 5722 ³³
951 5683 1118 5740 Rom.
1156 5695 1234 5747 τι,
1267 5683 1320 5736 6.

1904 1825 2046 1897 quia
2075 1825 2189 1882 illic
2227 1827 2366 1884 vivit
2395 1829 2454 1882 in
2489 1829 2709 1884 saeculo
2751 1830 3134 1888 tenebrarum
3167 1848 3471 1903 perverso,
3505 1838 3563 1889 et

1903 1913 2018 1969 illic
2049 1919 2224 1986 capta
2246 1923 2477 1972 tenetur
2504 1933 2516 1971 :
2549 1919 3073 1990 quemadmodum
3101 1927 3156 1977 et
3191 1921 3411 1977 Paulus
3434 1938 3563 1980 cor-

1904 2020 2017 2076 pus
2049 2007 2274 2076 peccati
2306 2013 2362 2061 et
2386 2021 2606 2078 corpus
2638 2008 2846 2063 mortis
2879 2009 3160 2080 appellat,
3189 2011 3395 2067 dicens
3430 2027 3442 2067 :
3484 2014 3558 2070 Ut

1902 2093 2252 2150 destruatur
2288 2110 2502 2165 corpus
2523 2097 2761 2166 peccati
2797 2098 2864 2152 1'.
2899 2099 2965 2152 Et
3001 2113 3208 2154 rursus
3239 2121 3251 2152 :
3296 2100 3436 2167 Quis
3471 2117 3560 2158 me

1905 2182 2180 2239 liberabit
2206 2198 2280 2240 ex
2304 2199 2553 2255 corpore
2578 2185 2786 2241 mortis
2808 2186 2992 2256 hujus
3015 2188 3062 2223 ¹⁴
3089 2188 3117 2244 7
3145 2188 3422 2245 Similiter
3446 2195 3504 2246 et
3525 2205 3557 2247 e

1902 2286 2193 2328 converso
2219 2273 2424 2330 anima
2445 2276 2564 2329 Deo
2585 2274 2858 2340 credens,
2888 2282 2944 2330 et
2965 2292 3001 2331 a
3018 2277 3247 2347 peccati
3275 2278 3557 2335 sordibus

1903 2361 2116 2427 oluta,
2141 2378 2211 2417 ac
2239 2377 2344 2433 per
2365 2369 2619 2418 mortem
2644 2362 2882 2420 sublata
2907 2380 2978 2420 ex
3000 2366 3121 2422 vita
3147 2366 3554 2434 tenebrarum,

1899 2455 2223 2521 postquam
2262 2450 2466 2506 lumen
2505 2451 2759 2522 Spiritus
2801 2452 2992 2509 sancti
3035 2458 3326 2526 tanquam
3366 2456 3555 2512 vitam

1899 2538 2215 2609 acceperit,
2261 2538 2378 2595 illic
2437 2541 2640 2596 vivens
2682 2539 2980 2614 reliquum
3032 2542 3166 2599 vitae
3215 2544 3367 2610 terit,
3411 2546 3556 2616 quia

1898 2625 1997 2683 llic
2035 2633 2214 2699 capta
2251 2632 2481 2684 tenetur
2519 2645 2556 2685 a
2594 2628 2825 2686 lumine
2871 2630 3100 2687 divino.
3144 2635 3346 2705 Neque
3387 2635 3548 2690 enim

1898 2723 2125 2773 naturae
2155 2718 2373 2772 divinas
2411 2721 2504 2774 est
2524 2719 2748 2788 anima,
2784 2734 2979 2790 neque
3020 2724 3250 2777 natura:
3280 2721 3554 2778 tenebra-

1899 2821 2034 2861 rum
2075 2805 2340 2872 malitiaa,
2381 2807 2486 2861 sed
2518 2811 2605 2862 est
2633 2807 2781 2878 quid
2812 2812 3099 2873 creatum,
3132 2809 3552 2882 intellectuale,

1897 2893 2242 2965 pulchrum,
2264 2894 2517 2969 insigne,
2544 2901 2601 2952 et
2622 2895 3076 2960 admirandum,
3109 2902 3289 2969 atque
3311 2898 3554 2968 elegans

1900 2983 2232 3038 similitudo
2272 2990 2329 3040 et
2365 2986 2567 3054 imago
2601 2985 2723 3052 Dei,
2754 2985 2816 3039 in
2856 3001 3044 3057 quam
3077 2993 3319 3057 propter
3356 2992 3553 3043 trans-

1899 3072 2268 3144 gressionem
2302 3072 2522 3129 invasit
2550 3073 2778 3130 malitia
2804 3073 3211 3139 aﬂ‘ectionum,
3240 3090 3379 3146 quae
3413 3082 3555 3134 sunt

1899 3163 2306 3219 tenebrarum.

1968 3269 2106 3325 VIII.
2148 3267 2486 3340 Reliquum,
2521 3285 2661 3325 cum
2699 3284 2824 3343 quo
2867 3269 3290 3328 commiscetur
3323 3271 3548 3341 anima,

1898 3359 2193 3430 cujusque
2222 3363 2451 3414 tenetur
2475 3357 2765 3424 dominio,
2809 3374 2946 3414 cum
2976 3375 3047 3415 eo
3075 3375 3316 3433 quoque
3347 3361 3553 3418 volun-

1899 3447 2121 3502 tatibus
2159 3446 2482 3516 conjuncta
2520 3451 2626 3503 est.
2662 3445 2794 3503 Sive
2823 3448 3000 3518 igitur
3025 3446 3220 3502 lucem
3263 3448 3362 3503 Dei
3387 3447 3447 3504 in
3490 3465 3552 3504 se

1898 3535 2136 3600 habeat,
2187 3541 2242 3591 et
2290 3535 2350 3590 in
2393 3534 2492 3590 illa
2531 3535 2692 3590 vivat
2736 3550 2983 3592 omnem
3019 3537 3301 3593 virtutum
3339 3539 3552 3594 orbem

1898 3623 2234 3696 complexa,
2265 3621 2396 3680 luce
2429 3624 2883 3695 acquiescentiaa
2906 3625 3178 3682 abundat
3207 3642 3220 3681 :
3251 3625 3372 3683 sive
3397 3632 3552 3682 tene-

1896 3697 2021 3771 bris
2040 3715 2266 3785 peccati
2283 3713 2570 3768 obvoluta
2587 3714 2682 3778 sit,
2706 3713 3231 3770 condemnationis
3251 3715 3552 3786 particeps

1897 3808 2003 3858 est.
2032 3803 2311 3858 Animam
2335 3801 2530 3870 igitur,
2554 3817 2690 3872 quas
2712 3801 2839 3857 vult
2863 3803 3058 3857 vivere
3089 3801 3254 3873 apud
3282 3805 3464 3857 Deum
3487 3803 3548 3858 in

1897 3892 2099 3965 requie
2125 3896 2180 3946 et
2199 3889 2328 3945 luce
2357 3894 2601 3955 interna,
2634 3890 2918 3945 accedere
2947 3895 3198 3961 oportet,
3226 3896 3288 3944 ut
3316 3889 3543 3946 dictum

1896 3987 2004 4045 est,
2053 3981 2130 4036 ad
2173 3995 2382 4035 verum
2423 3978 2771 4034 Pontiﬁcem
2814 3979 3127 4044 Christum,
3173 3980 3439 4044 mactari,
3490 3984 3548 4035 et

1895 4070 2047 4126 mori
2081 4067 2308 4124 mundo
2335 4083 2406 4123 ac
2433 4068 2612 4139 priori
2640 4067 2772 4123 vitae
2799 4068 3180 4124 tenebrarum
3209 4073 3266 4124 et
3294 4067 3550 4124 malitia—
3577 4081 3584 4086 ·

1896 4176 2051 4225 rum,
2093 4164 2275 4231 atque
2307 4157 2617 4228 transponi
2654 4157 2715 4211 in
2747 4155 2996 4212 alteram
3032 4156 3214 4214 vitam
3254 4161 3311 4213 et
3334 4157 3552 4213 educa-

1897 4250 2120 4305 tionem
2151 4247 2440 4302 divinam.
2477 4245 3030 4311 Quemadmodum,
3061 4247 3107 4301 si
3134 4245 3269 4318 quis
3299 4247 3552 4302 moritur

1898 4337 1960 4393 in
1998 4337 2247 4402 civitate,
2285 4350 2478 4406 neque
2520 4350 2695 4390 voces
2733 4334 2994 4399 illorum,
3029 4333 3136 4406 qui
3175 4334 3261 4391 ibi
3300 4335 3548 4405 degunt,

1897 4441 2092 4498 neque
2111 4439 2473 4490 sermonem,
2497 4439 2688 4496 neque
2713 4439 2930 4478 sonum
2951 4423 3140 4480 ullum
3163 4423 3422 4495 exaudit,
3449 4421 3555 4480 sed

1898 4527 2144 4589 prorsus
2186 4519 2459 4570 mortuus
2488 4517 2594 4579 est,
2628 4517 2684 4568 et
2723 4514 3132 4584 transponitur
3159 4512 3220 4569 in
3250 4513 3434 4569 alium
3465 4511 3558 4569 lo-

1899 4623 2058 4671 cum,
2103 4604 2204 4660 ubi
2246 4602 2423 4658 nullas
2464 4608 2601 4658 sunt
2643 4617 2843 4668 voces,
2884 4601 3031 4658 nulli
3071 4601 3364 4658 clamores
3399 4601 3556 4658 illius

1900 4695 2147 4752 civitatis
2177 4712 2190 4747 :
2224 4692 2308 4748 sic
2339 4699 2395 4747 et
2420 4691 2646 4757 anima,
2679 4696 3001 4762 postquam
3026 4696 3288 4747 mactata
3317 4695 3374 4747 et
3402 4705 3560 4747 mor-

1901 4789 2006 4840 tua
2057 4782 2226 4839 fuerit
2276 4780 2495 4837 civitati
2536 4779 2835 4835 malarum
2874 4777 3283 4845 affectionum,
3325 4780 3385 4834 in
3437 4794 3559 4849 qua

1901 4873 2158 4943 degebat
2188 4888 2257 4927 ac
2288 4869 2526 4925 vivebat
2565 4869 2750 4940 prius,
2783 4884 2903 4924 non
2935 4867 3196 4940 amplius
3226 4867 3469 4923 exaudit
3497 4867 3558 4923 in

1903 4980 1965 5018 se
1995 4963 2125 5034 ipsa
2147 4975 2356 5015 vocem
2385 4958 2817 5027 cogitationum
2850 4957 3259 5013 tenebrarum.
3284 4959 3412 5012 Non
3437 4971 3560 5012 am-

1903 5053 2057 5125 plius
2081 5049 2320 5107 auditur
2349 5063 2547 5103 sermo
2579 5059 2636 5103 et
2664 5045 2894 5102 clamor
2919 5045 3268 5102 frivolarum
3297 5045 3563 5117 disputa-

1904 5142 2157 5205 tionum,
2198 5139 2248 5209 7
2297 5141 2354 5193 et
2392 5136 2581 5192 turbae
2622 5136 2941 5206 spirituum
2981 5134 3365 5191 tenebrarum
3400 5153 3412 5186 :
3456 5133 3563 5188 sed

1905 5228 2255 5286 transfertur
2281 5225 2341 5281 in
2372 5225 2671 5281 civitatem
2701 5222 2984 5280 bonitatis
3014 5228 3071 5280 et
3098 5223 3260 5294 pacis
3290 5222 3557 5295 plenam,

1905 5320 1967 5375 in
1998 5318 2294 5374 civitatem
2336 5314 2553 5370 divina:
2591 5312 2778 5384 lucis;
2812 5312 2929 5368 illic
2961 5311 3104 5368 vivit
3135 5315 3191 5369 et
3229 5311 3420 5376 audit,
3446 5309 3565 5367 illic

1906 5411 2310 5471 conversatur,
2336 5403 2599 5476 loquitur
2623 5407 2680 5459 et
2709 5401 3118 5471 ratiocinatur,
3146 5400 3264 5459 illic
3285 5404 3566 5474 operatur

1910 5511 2095 5570 opera
2127 5492 2462 5568 spiritualia
2491 5495 2547 5550 et
2576 5494 2694 5550 Deo
2725 5490 2931 5562 digna.

1401 5679 1448 5716 ¹⁴
1481 5689 1650 5750 nom.
1679 5692 1775 5744 vn,
1809 5675 1899 5732 24.
