4058 6194
498 272 603 337 459

1802 265 1862 321 S.
1909 259 2219 320 MACARII
2266 258 2575 315 EGYPTII

3757 260 3871 316 460

568 398 652 453 ΙΧ.
696 398 945 453 Oremus
982 393 1161 464 igitur
1192 394 1249 448 et
1286 406 1418 456 nos,
1461 395 1523 448 ut
1563 406 1669 464 per
1703 392 1983 449 virtutem
2023 389 2151 461 ejus

2337 385 2420 439 6'.
2482 385 2927 460 Παρακαλέσωμεν
3001 387 3171 439 τοίνυν
3241 386 3331 437 καὶ
3391 384 3565 456 ἡμεῖς,
3645 386 3873 445 τυθῆναι

500 491 853 549 mactemur,
897 488 953 539 et
982 482 1312 538 moriamur
1352 482 1569 537 sasculo
1610 481 1851 537 malitias
1882 479 2154 536 tenebra—

501 593 656 641 rum,
707 576 889 645 inque
940 572 1112 627 nobis
1156 571 1573 639 exstinguatur
1618 570 1861 642 spiritus
1905 568 2152 642 peccati,

501 665 944 734 induamurque
971 666 1027 717 et
1055 660 1428 731 accipiamus
1457 660 1727 716 animam
1760 660 2011 731 Spiritus
2042 673 2157 712 cce-

504 754 684 817 lestis,
721 769 790 806 ac
832 750 1265 807 transferamur
1306 764 1376 803 ex
1412 749 1637 804 malitia
1680 748 2059 804 tenebrarum
2098 747 2157 801 in

2268 471 2361 527 διὰ
2407 482 2503 536 τῆς
2554 472 2823 548 δυνάμεως
2882 475 3061 541 αὐτοῦ,
3120 480 3209 527 καὶ
3266 473 3541 527 ἀποθανεῖν
3596 482 3670 546 τῷ
3723 476 3876 528 αἰῶνι

2266 572 2361 625 τῆς
2390 568 2639 636 πονηρίας
2686 572 2778 617 τοῦ
2812 569 3052 634 σκότους,
3108 568 3197 617 καὶ
3252 562 3585 636 ἀναιρεθῆναι
3638 566 3686 616 ἂν
3743 567 3875 637 ἡμῖν

2268 656 2325 704 τό
2374 660 2575 725 πνεῦμα
2620 662 2716 716 τῆς
2762 654 3046 727 ἁμαρτίας,
3105 658 3194 706 καὶ
3224 649 3551 706 ἐνδύσασθαι
3581 658 3671 706 καὶ
3699 652 3875 706 λαϐεῖν

2268 741 2449 813 ψυχὴν
2498 745 2789 816 Πνεύματος
2832 742 3098 819 οὐρανίου,
3151 746 3241 795 καὶ
3289 745 3633 815 μετατεθῆναι
3680 742 3735 794 ἐκ
3777 751 3879 801 τῆς

503 842 709 898 lumen
744 841 973 904 Christi,
1011 839 1088 895 ad
1124 838 1622 909 requiescendum
1658 839 1719 893 in
1750 838 1871 893 vita
1896 852 2001 909 per
2035 852 2160 891 om-

504 930 608 986 nia
639 929 887 985 saecula.
914 926 1101 982 Veluti
1124 926 1283 981 enim
1309 927 1365 980 in
1397 942 1573 981 cursu
1600 926 1929 981 stadiorum
1954 940 2160 979 currus

505 1024 880 1077 antevertens
923 1016 1189 1088 impedit,
1234 1016 1502 1086 reprimit
1544 1021 1723 1087 atque
1765 1014 2041 1088 prohibet
2081 1012 2163 1068 al-

505 1114 720 1173 terum,
756 1123 829 1161 ne
858 1105 1278 1179 progrediatur
1308 1108 1363 1159 et
1392 1104 1658 1176 palmam
1700 1103 2043 1176 praaripiat:
2079 1101 2163 1156 sic

508 1202 565 1253 et
602 1196 991 1267 cogitationes
1035 1194 1252 1249 animae
1291 1199 1347 1248 et
1387 1193 1618 1264 peccati
1659 1198 1908 1249 currunt
1953 1193 2015 1247 in
2060 1191 2164 1246 ho-

510 1287 690 1342 mine.
723 1286 777 1341 Si
809 1299 951 1353 ergo
975 1282 1286 1352 contingat
1311 1282 1731 1352 cogitationem
1760 1281 1987 1353 peccati
2017 1296 2164 1352 prae-

512 1375 739 1443 cedere,
784 1374 845 1427 id
886 1372 1155 1443 impedit,
1198 1371 1408 1428 avertit
1456 1377 1512 1427 et
1558 1370 1832 1443 prohibet
1871 1371 2162 1437 animam,

510 1479 585 1521 ne
617 1462 1066 1535 appropinquet
1100 1464 1238 1525 Deo,
1273 1464 1327 1516 et
1357 1460 1670 1516 victoriam
1704 1460 1994 1516 adversus
2027 1474 2166 1531 pec-

510 1559 712 1609 catum
744 1554 1039 1623 reportet;
1076 1550 1179 1605 ubi
1209 1564 1344 1605 vero
1376 1549 1664 1605 Dominus
1701 1550 1826 1621 ipse
1854 1547 2168 1605 inscendat

2288 1552 2369 1605 τὴν
2425 1547 2633 1619 ψυχὴν,
2689 1554 2779 1599 τοῦ
2832 1552 2903 1619 μὴ
2964 1551 3316 1620 προσεγγίσαι
3364 1554 3438 1617 τῷ
3493 1554 3624 1619 Θεῷ,
3678 1552 3770 1600 καὶ
3824 1550 3886 1600 τό

513 1647 567 1697 et
607 1640 899 1712 gubernet
935 1639 1228 1703 animam,
1274 1654 1511 1709 semper
1542 1638 1641 1693 illa
1680 1638 1990 1694 victoriam
2023 1652 2164 1693 con-

2288 1636 2393 1688 ιατ⁹
2443 1636 2605 1698 αὐτῆς
2650 1644 2793 1697 νῖκος
2844 1637 3075 1711 ἄρασθαι
3102 1638 3270 1689 ’ὅπου
3322 1631 3381 1688 δε
3412 1635 3567 1698 αὐτὸς
3621 1637 3646 1688 ό
3691 1639 3891 1709 Κύριος

516 1730 804 1801 sequitur,
828 1743 1041 1799 regens
1070 1728 1369 1783 etducens
1396 1728 1647 1783 scienter
1676 1744 1917 1783 currum
1949 1727 2165 1783 animas

2288 1724 2529 1779 ἱπιϐαίνει
2558 1731 2646 1779 καὶ
2675 1729 2884 1798 ἡνιοχεῖ
2912 1730 3005 1784 τὴν
3035 1725 3241 1798 ψυχὴν,
3288 1733 3506 1779 πάντοτε
3547 1725 3701 1787 αὐτὸς
3738 1731 3883 1797 νικᾷ,

514 1833 620 1890 per
650 1818 854 1874 omnia
871 1818 945 1873 ad
970 1816 1237 1872 coelestes
1264 1832 1333 1872 ac
1350 1816 1583 1872 divinas
1606 1816 2163 1887 contemplationes.

2288 1817 2510 1888 ἡνιοχῶν
2555 1820 2644 1867 xui
2693 1811 2903 1885 ὁδηγῶν
2952 1814 3316 1888 ἐπιστημόνως
3362 1818 3420 1868 τό
3470 1814 3615 1889 ἅρμα
3658 1822 3757 1877 τῆς
3786 1814 3893 1885 ψυ-

515 1911 643 1964 Non
676 1908 832 1963 enim
864 1907 1089 1962 bellum
1120 1907 1267 1977 gerit
1299 1911 1508 1962 contra
1539 1906 1850 1970 malitiam,
1894 1905 1999 1960 sed
2030 1921 2170 1960 cum

2288 1913 2389 1976 χῆς
2446 1905 2515 1967 εἰς
2574 1908 2630 1957 τό
2664 1904 2901 1979 οὐράνιον
2946 1909 3036 1957 καὶ
3066 1906 3231 1958 ἔνθεον
3280 1909 3521 1979 φρόνημα
3550 1901 3643 1957 διὰ
3670 1909 3887 1966 παντός.

518 2012 628 2070 pro
683 1996 928 2052 arbitrio
981 2000 1038 2051 et
1084 1995 1435 2051 auctoritate
1487 2011 1591 2050 sua
1646 1994 1887 2067 quidvis
1950 1993 2171 2063 agendi

2288 1997 2416 2047 Οὔτε
2471 1996 2573 2066 γὰρ
2627 1994 2838 2066 πολεμεῖ
2878 1998 3011 2068 πρὸς
3062 1998 3156 2053 τὴν
3207 1999 3416 2060 κακίαν,
3478 1992 3584 2045 ἀλλ’
3634 1993 3895 2056 αὐθέντης

515 2092 867 2161 potestatem
899 2085 1140 2149 habeat,
1176 2085 1482 2140 victoriam
1517 2086 1644 2155 ipse
1677 2090 1869 2156 parat.
1905 2087 2173 2153 Aguntur

2288 2088 2370 2135 καὶ
2401 2082 2747 2146 ἔξουσιαστὴς
2777 2086 3055 2156 τυγχάνων
3105 2082 3202 2149 ἀεὶ,
3235 2088 3331 2143 τὴν
3357 2088 3505 2141 νίκην
3536 2082 3695 2145 αὐτὸς
3723 2082 3886 2156 ἔργα·

516 2174 699 2245 igitur
738 2172 1078 2239 Cherubim,
1121 2188 1244 2229 non
1279 2189 1401 2245 quo
1446 2172 1728 2243 progredi
1768 2172 2011 2235 volunt;
2067 2171 2173 2226 sed

2288 2172 2449 2233 ζεται.
2495 2172 2709 2245 Ἀγεται
2736 2178 2906 2225 τοίνυν
2936 2175 3003 2226 τά
3044 2170 3315 2245 Χερουϐὶμ
3362 2172 3469 2244 οὐχ
3502 2172 3630 2225 ὃπου
3676 2172 3889 2226 θέλουσι

521 2279 644 2336 qua
675 2278 876 2317 sessor
901 2266 957 2317 et
990 2262 1257 2330 dirigens
1292 2261 1474 2327 ducit,
1515 2276 1756 2334 quoque
1796 2261 2033 2317 libuerit
2068 2260 2168 2325 illi,

2288 2265 2615 2335 πορεύεσθαι,
2659 2262 2766 2314 ἀλλ’
2799 2264 2926 2315 ὅπου
2957 2264 2984 2314 ό
3015 2261 3334 2324 ἐπιϐεϐηκὼς
3362 2266 3451 2315 καὶ
3482 2264 3508 2314 ό
3533 2263 3765 2334 ἡνιοχῶν
3796 2259 3893 2316 όδ-

521 2367 593 2409 eo
629 2350 1111 2423 progrediuntur,
1159 2356 1215 2405 et
1262 2350 1393 2406 illos
1438 2350 1687 2421 bajulat.
1738 2351 1953 2407 Manus
1994 2350 2171 2411 enim.

2288 2358 2421 2423 ηγεῑ,
2463 2357 2550 2404 xui
2590 2354 2718 2404 ὅπου
2752 2352 2881 2404 θέλει
2910 2351 3084 2417 αὐτὸς,
3116 2350 3219 2404 ἐκεῖ
3259 2354 3583 2425 πορεύονται,
3625 2356 3712 2403 καί
3750 2351 3895 2404 αὐτὰ

521 2441 733 2513 inquit,
757 2446 885 2497 erat
906 2439 1013 2494 sub
1034 2440 1159 2495 illis
1183 2440 1251 2494 ιδ.
1283 2442 1589 2495 Ducuntur
1610 2439 1827 2495 animae
1850 2444 2091 2504 sanctae,
2119 2442 2175 2494 et

2288 2440 2565 2513 βαστάζει.
2602 2446 2757 2513 Χεὶρ
2799 2443 2941 2514 γὰρ,
2978 2445 3152 2513 φησὶν,
3188 2439 3529 2515 ἀνθρώπου
3569 2442 3894 2494 ὑποκάτω

519 2533 807 2598 reguntur
850 2544 886 2583 a
933 2528 1154 2597 Spiritu
1195 2528 1425 2592 Christi,
1463 2529 1567 2599 qui
1618 2528 1818 2598 dirigit
1863 2528 2011 2595 illas,
2053 2544 2174 2599 quo

2288 2530 2488 2583 αὐτῶν
2529 2527 2621 2589 ἦν.
2672 2529 2925 2602 Ἀγονται
2955 2533 3010 2583 αἱ
3055 2531 3205 2602 ἅγιαι
3236 2530 3415 2603 ψυχαὶ
3445 2535 3534 2582 καὶ
3563 2526 3894 2601 όδηγοῦνταε

522 2617 670 2682 vult,
706 2621 763 2671 et
801 2616 1099 2671 interdum
1140 2633 1248 2688 pro
1280 2617 1583 2673 voluntate
1614 2634 1725 2673 sua
1762 2633 1868 2689 per
1906 2617 2175 2673 caelestes

2288 2622 2385 2673 ὑπὸ
2408 2627 2498 2672 τοῦ
2520 2623 2861 2692 ἡνιοχοῦντος
2891 2622 3187 2693 Πνεύματος
3207 2628 3299 2673 τοῦ
3322 2626 3577 2694 Χριστοῦ,
3607 2621 3735 2673 ὅπου
3761 2618 3894 2692 βούο

524 2706 937 2776 cogitationes,
989 2705 1285 2762 interdum
1330 2721 1434 2777 per
1476 2721 1696 2777 corpus
1732 2721 1744 2760 :
1777 2706 1877 2761 ubi
1916 2705 2173 2771 libuerit,

2288 2708 2445 2772 λεται,
2474 2711 2555 2763 ὅτε
2587 2709 2850 2782 βούλεται,
2881 2710 2931 2762 ἐν
2962 2710 3224 2782 οὐρανίοις
3251 2708 3530 2781 λογισμοῖς
3555 2730 3567 2744 ·
3597 2710 3680 2762 ὅτε
3708 2708 3902 2782 βούλε-

524 2795 642 2853 illic
689 2796 741 2850 ei
793 2793 1152 2851 ministrant.
1210 2794 1738 2860 Quemadmodum
1782 2795 1942 2850 enim
1994 2794 2175 2866 pedes

2288 2818 2375 2851 ται
2404 2798 2451 2851 ἐν
2482 2806 2554 2869 τῷ
2603 2804 2829 2870 σώματι,
2872 2800 2992 2851 ἔνθα
3046 2797 3310 2871 βούλεται,
3362 2797 3466 2851 ἐκεῖ
3514 2798 3654 2870 αὐτῷ
3710 2794 3902 2851 διακο-

524 2884 840 2940 volucrum
885 2888 1025 2939 sunt
1076 2884 1228 2939 alae:
1279 2884 1364 2938 sic
1404 2884 1643 2940 cmleste
1682 2883 1886 2939 lumen
1924 2884 2175 2955 Spiritus

2288 2896 2484 2943 νοῦσιν.
2512 2887 2710 2963 "nemp
2758 2889 2860 2961 γὰρ
2907 2894 3001 2940 τοῦ
3050 2896 3280 2941 πετεινοῦ
3328 2890 3377 2941 οἱ
3426 2884 3585 2948 πόδες
3628 2889 3694 2940 τὰ
3730 2890 3905 2963 πτερά

526 2973 741 3045 accipit
754 2972 879 3029 alas
891 2972 1319 3042 cogitationum
1336 2973 1659 3045 dignarum
1674 2974 2175 3045 animm,eamque

2291 2978 2420 3031 εἰσιν
2454 2998 2467 3011 ·
2498 2976 2632 3029 οὓτω
2684 2978 2741 3029 τό
2774 2976 3009 3051 οὐράνιον
3060 2984 3163 3048 φῶς
3192 2984 3283 3029 τοῦ
3336 2984 3630 3049 Πνεῦματος
3661 2974 3905 3049 ειναλαρις⁵

527 3062 730 3135 dirigit
754 3078 823 3119 ac
850 3062 1013 3119 ducit
1038 3069 1215 3135 prout
1244 3064 1369 3135 ipse
1397 3062 1580 3119 novit.

2291 3068 2430 3121 ϐαίνει
2457 3068 2522 3119 τὰ
2551 3068 2714 3140 πτερὰ
2757 3074 2855 3118 τῶν
2887 3065 3151 3138 λογισμῶν
3200 3074 3301 3118 τῶν
3346 3065 3501 3130 ἀξίων
3542 3064 3755 3139 ψυχῆς,
3802 3062 3903 3119 όδ-

2290 3165 2451 3231 ηγοῦν
2480 3161 2570 3211 καὶ
2608 3159 2858 3229 ἡνιοχοῦν
2890 3158 2958 3219 ὡς
2990 3152 3131 3210 οἶδεν
3163 3155 3313 3209 αὐτό.

2270 836 2459 892 κακίας
2514 839 2605 883 τοῦ
2662 837 2879 895 σκότους
2938 832 3005 893 εἰς
3065 835 3123 884 τό
3178 838 3281 903 φῶς
3334 838 3427 883 τοῦ
3481 839 3738 906 Χριστοῦ,
3784 836 3878 885 καὶ

2273 920 2634 978 ἀναπαυθῆναι
2685 923 2735 973 ἑν
2790 925 2895 994 ζωῇ
2954 921 3102 984 ὅλους
3152 920 3359 982 αἰῶνας.
3410 919 3610 994 Ὠσπερ
3662 924 3762 995 γὰρ
3828 924 3878 975 ἑν

2275 1007 2478 1082 σταδίῳ
2518 1012 2584 1062 τὰ
2629 1007 2840 1084 ἅρματα
2890 1016 3146 1087 τρέχουσι
3197 1015 3288 1062 καὶ
3312 1009 3672 1084 προλαμϐάνον
3721 1013 3882 1083 ἓμπο-

2276 1095 2417 1160 δίζει
2454 1103 2544 1151 καὶ
2594 1098 2769 1171 ἐπέχει
2812 1104 2901 1152 καὶ
2949 1099 3134 1152 κωλύει
3162 1100 3219 1152 τὸ
3266 1098 3450 1171 ἓτερον,
3495 1105 3588 1152 τοῦ
3634 1104 3707 1171 μὴ
3751 1119 3882 1175 προ-

2273 1188 2457 1259 κόψαι,
2507 1192 2595 1241 xui
2638 1188 2910 1262 προλαϐεῖν
2965 1189 3032 1250 εἰς
3087 1195 3227 1251 νῖκος
3258 1204 3271 1218 ⁸
3321 1186 3485 1250 οὓτως
3533 1190 3582 1240 οἱ
3639 1185 3882 1260 διαλογι-

2278 1282 2403 1350 σμοὶ
2435 1287 2531 1339 τῆς
2586 1277 2770 1350 ψυχῆς
2821 1283 2909 1331 καὶ
2966 1285 3057 1339 τῆς
3105 1277 3365 1351 ἁμαρτίας
3415 1281 3699 1349 τρέχουσιν
3728 1279 3777 1331 έν
3808 1287 3883 1348 τῷ

2276 1366 2529 1441 ἀνθρώπῳ
2559 1382 2573 1396 ⁸
2630 1366 2714 1421 ἐὰν
2757 1371 2846 1440 μεν
2904 1370 3046 1441 τύχη
3086 1366 3361 1441 προλαϐεῖν
3407 1369 3494 1419 τὸν
3534 1364 3884 1439 διαλογισμὸν

2276 1464 2367 1517 τῆς
2423 1456 2698 1529 ἁμαρτίας,
2778 1453 3054 1529 ἐμποδίζει
3125 1461 3215 1509 καὶ
3270 1455 3479 1528 ἀπέχει,
3537 1461 3626 1510 καὶ
3698 1456 3889 1510 κωλύει

604 3295 666 3349 Χ.
702 3295 785 3349 Tu
828 3293 1026 3363 igitur,
1068 3294 1313 3365 quando
1358 3295 1567 3351 auditu
1612 3294 1740 3351 haec
1774 3295 2053 3369 percipis,
2094 3312 2181 3352 re-

529 3382 691 3452 spice
739 3384 795 3436 te
834 3381 1056 3453 ipsum,
1106 3398 1182 3436 an
1224 3383 1538 3454 possideas
1577 3383 1704 3438 haec
1749 3384 1946 3455 reipsa
1984 3389 2041 3440 et
2087 3400 2181 3440 re-

527 3484 668 3524 vera
697 3470 755 3524 in
796 3470 1001 3525 anima
1028 3475 1128 3525 tua
1161 3488 1173 3525 :
1220 3486 1340 3525 non
1376 3472 1534 3527 enim
1568 3478 1707 3527 sunt
1738 3472 1918 3529 verba
1958 3472 2182 3545 simpli-

528 3556 671 3612 citer
718 3573 788 3612 ac
831 3557 991 3612 nude
1048 3559 1299 3629 prolata,
1352 3559 1455 3614 sed
1497 3575 1649 3631 opus
1699 3577 1831 3616 vere
1872 3561 1931 3617 in
1979 3563 2182 3618 anima

529 3645 802 3702 efﬁcitur.
842 3648 906 3701 Et
946 3646 992 3701 si
1035 3663 1152 3702 nou
1187 3648 1523 3719 possideas,
1568 3664 1635 3705 ac
1664 3654 1963 3706 tantorum
2009 3652 2183 3724 spiri-

527 3734 777 3791 tualium
802 3734 1103 3791 bonorum
1126 3752 1352 3807 egenus
1381 3740 1481 3808 sis,
1510 3739 1830 3806 tristitiam,
1866 3757 2184 3798 mmrorem

527 3840 597 3881 ac
618 3824 845 3880 luctum
872 3832 1229 3897 perpetuum
1251 3827 1492 3894 habeto,
1513 3828 1671 3883 velut
1695 3829 1893 3885 adhuc
1917 3836 2185 3886 mortuus

529 3930 565 3971 a
608 3930 813 3987 regno,
862 3920 917 3970 et
955 3916 1115 3971 velut
1160 3916 1489 3982 sauciatus,
1535 3920 1820 3975 continuo
1868 3920 2067 3975 clama
2109 3920 2186 3976 ad

496 4004 870 4087 .Dominum,
900 4009 955 4059 et
989 4011 1119 4075 pete
1154 4005 1540 4075 conﬁdenter,
1580 4012 1639 4062 ut
1681 4013 1731 4063 te
1764 4024 2006 4081 quoque
2050 4026 2191 4066 vera

525 4092 639 4149 hac
688 4092 807 4147 vita
862 4092 1160 4159 dignetur.
1218 4095 1747 4159 Quemadmodum
1798 4098 1959 4152 enim
2012 4099 2187 4168 Deus,

526 4182 629 4251 qui
655 4181 770 4235 hoc
792 4196 1010 4252 corpus
1034 4182 1326 4247 condidit,
1356 4198 1476 4237 non
1505 4199 1575 4238 ex
1606 4200 1717 4239 sua
1740 4185 1926 4255 ipsius
1950 4192 2188 4253 natura,

526 4283 722 4339 neque
774 4284 846 4324 ex
890 4285 1139 4341 corpore
1172 4270 1335 4326 dedit
1374 4270 1423 4325 ei
1460 4270 1685 4326 habere
1710 4273 1920 4339 vitam,
1962 4274 2163 4331 cibum

2302 4272 2424 4326 οὐδὲ
2454 4276 2507 4325 ἐκ
2560 4280 2650 4325 τοῦ
2705 4278 2946 4345 σώματος
2994 4269 3181 4326 ἔδωκεν
3231 4269 3371 4344 αὐτῷ
3420 4275 3561 4344 ἔχειν
3597 4276 3690 4331 τὴν
3741 4274 3908 4341 ζωὴν,

524 4361 756 4428 potum,
814 4358 1167 4412 indumenta
1228 4363 1284 4413 et
1342 4358 1751 4415 calceamenta
1807 4379 1820 4416 :
1873 4361 1998 4429 sed,
2052 4379 2175 4420 cur:

2300 4367 2392 4421 τὴν
2426 4360 2645 4434 βρῶσιν,
2688 4366 2777 4413 καὶ
2830 4366 2922 4420 τὴν
2966 4366 3143 4428 πόσιν,
3175 4365 3263 4414 καὶ
3310 4363 3378 4414 τὰ
3406 4358 3672 4435 ἓνδύματα
3712 4366 3807 4414 καὶ
3839 4365 3915 4415 τὰ

528 4459 747 4515 corpus
797 4450 1053 4501 creasset
1103 4461 1209 4516 per
1248 4462 1307 4500 se
1353 4448 1607 4512 nudum,
1656 4453 1708 4503 et
1751 4448 1865 4505 taie
1912 4452 2175 4522 quidem,

2298 4449 2636 4524 ὑποδήματα,
2709 4450 2837 4503 ἀλλὰ
2893 4457 3065 4504 πᾶσαν
3124 4454 3209 4509 τὴν
3268 4450 3562 4523 οἰκονομίαν
3612 4458 3703 4512 τῆς
3763 4452 3914 4513 ζωῆς

525 4534 692 4605 quod
720 4535 951 4606 absque
984 4534 1117 4602 illis,
1144 4550 1279 4607 quae
1308 4540 1475 4591 extra
1506 4552 1724 4609 corpus
1748 4545 1904 4605 sunt,
1938 4540 2051 4596 hoc
2077 4547 2184 4614 est,

529 4622 760 4696 absque
794 4623 948 4694 cibo,
978 4629 1122 4696 potu
1152 4630 1205 4679 et
1237 4626 1630 4692 vestimentis,
1666 4628 1859 4684 vivere
1890 4645 2011 4685 non
2051 4648 2186 4703 pos-

526 4718 632 4783 set,
666 4729 907 4770 omnem
954 4715 1448 4770 sustentationem
1481 4716 1617 4771 vitae
1648 4717 2013 4775 extrinsecus
2050 4736 2186 4776 con-

524 4801 702 4858 cessit
730 4817 742 4857 :
772 4803 939 4874 quod
972 4802 1020 4857 si
1052 4804 1110 4857 in
1137 4819 1245 4859 sua
1276 4804 1465 4875 ipsius
1496 4811 1715 4860 natura
1741 4806 1937 4863 solum
1966 4810 2181 4865 consti-

524 4892 673 4958 terit,
736 4891 897 4947 nullo
942 4892 1213 4948 exteriori
1269 4899 1601 4965 assumpto,
1663 4899 2066 4968 corrumpitur
2113 4915 2183 4955 ac

525 4978 720 5035 interit
770 4995 783 5035 :
838 4980 1051 5035 eodem
1094 4980 1277 5036 modo
1325 4985 1381 5037 et
1425 4981 1649 5047 anima,
1701 4984 1905 5039 divino
1958 4984 2183 5040 lumine

524 5068 825 5135 destituta,
864 5069 1108 5125 condita
1151 5085 1292 5124 vero
1347 5071 1679 5126 secundum
1712 5072 2037 5143 imaginem
2088 5075 2181 5129 Dei

525 5157 634 5228 (sic
674 5158 833 5213 enim
871 5160 987 5213 Deo
1035 5175 1106 5213 ex
1142 5158 1591 5231 dispensatione
1628 5160 1870 5232 placuit,
1907 5180 2041 5219 eam
2082 5165 2185 5221 ha-

524 5244 664 5302 bere
701 5246 879 5301 vitam
912 5248 1219 5318 (sternam)
1244 5262 1365 5302 non
1400 5263 1491 5313 ex,
1516 5250 1761 5321 prOpria
1792 5256 2028 5317 natura,
2077 5254 2180 5310 sed

526 5349 598 5389 ex
634 5335 825 5406 ipsius
870 5337 971 5391 Dei
1012 5335 1343 5404 divinitate,
1388 5353 1457 5393 ex
1502 5339 1783 5409 peculiari
1827 5342 2064 5413 Spiritu,
2114 5360 2185 5399 ac

528 5424 813 5495 peculiari
837 5424 1084 5493 lumine,
1116 5424 1298 5483 habet
1329 5427 1533 5483 cibum
1566 5444 1637 5484 ac
1668 5435 1877 5501 potum
1909 5432 2184 5504 spiritua-

2358 3292 2412 3347 I'.
2442 3295 2507 3345 Σὺ
2569 3294 2739 3344 τοίνυν
2792 3292 2914 3343 όταν
2962 3289 3159 3364 ἀκούῃς
3209 3298 3392 3357 ταῦτα,
3448 3293 3685 3364 πρόσχες
3743 3310 3903 3345 σεαυ-

2288 3390 2381 3453 τῷ,
2410 3382 2451 3434 εἰ
2502 3384 2756 3439 κέκτησαι
2809 3387 2977 3433 ταῦτα
3028 3378 3076 3433 ἓν
3135 3383 3264 3454 ἔργῳ
3321 3385 3410 3433 xui
3464 3379 3683 3453 ἀληθείᾳ
3738 3379 3790 3433 ἓν
3832 3389 3902 3454 τῇ

2288 3470 2442 3543 ψυχῇ
2504 3488 2636 3522 σουο
2694 3468 2751 3521 οὐ
2802 3471 2903 3544 γάρ
2959 3469 3088 3522 εἰσιν
3141 3468 3315 3531 ἁπλῶς
3370 3469 3516 3541 λόγοι
3568 3469 3905 3543 λαλούμενοι,

2291 3559 2397 3611 ἀλλ’
2430 3562 2575 3633 ἔργον
2630 3558 2869 3621 ἀληθείας
2902 3558 3037 3612 ἐστὶν
3076 3557 3124 3611 ἕν
3150 3566 3209 3631 τῇ
3238 3558 3393 3632 ψυχῇ
3439 3563 3761 3631 γιγνόμενον.
3797 3564 3907 3613 Καὶ

2293 3652 2336 3701 εὶ
2375 3650 2432 3701 οὐ
2485 3652 2759 3713 κέκτησαι,
2813 3647 2940 3701 ἀλλά
2985 3650 3278 3719 πτωχέύεις
3331 3650 3386 3701 ἑκ
3429 3656 3529 3700 τῶν
3576 3648 3906 3706 τηλικούτων

2293 3744 2649 3811 πνευματικῶν
2722 3737 2949 3810 ἀγαθῶν,
3004 3737 3169 3795 λύπην
3238 3741 3327 3789 καὶ
3374 3740 3557 3800 πένθος
3604 3742 3692 3790 xui
3742 3742 3906 3790 πόνον

2297 3827 2629 3881 ἀδιάλειπτον
2680 3825 2892 3899 ὀφείλεις
2936 3828 3076 3898 ἔχειν
3104 3842 3117 3856 ·
3153 3828 3216 3886 ὡς
3265 3824 3436 3899 ἀκμὴν
3479 3829 3656 3899 νεκρός
3682 3830 3752 3877 ῶν
3796 3825 3905 3879 ἀπὸ

2296 3928 2393 3981 τῆς
2424 3916 2716 3990 βασιλείας,
2752 3920 2839 3968 καὶ
2884 3918 2952 3977 ὡς
2990 3920 3329 3988 τραυματίας,
3380 3914 3457 3968 ἀεὶ
3507 3914 3611 3989 βόα
3645 3918 3778 3991 πρός
3810 3919 3906 3969 τόν

2301 4010 2510 4080 Κύριον,
2542 4010 2631 4058 καὶ
2680 4007 2811 4057 αἰτει
2840 4012 3060 4070 πιστῶς,
3096 4004 3179 4057 ἵνα
3226 4010 3315 4057 καὶ
3358 4002 3512 4066 αὐτός
3562 4005 3759 4067 ταύτης
3803 4013 3909 4066 τῆς

2302 4096 2549 4157 ἀληθινῆς
2602 4095 2736 4155 ζωῆς
2791 4093 3143 4165 καταξιωθῇς.
3202 4091 3402 4166 Ὠσπερ
3470 4096 3569 4169 γὰρ
3628 4098 3687 4146 τὸ
3746 4103 3911 4166 σῶμα

2300 4193 2452 4238 τοῦτο
2508 4185 2791 4246 ποιησαςό
2841 4186 2980 4249 Θεὸς,
3048 4182 3142 4235 οὐκ
3191 4181 3245 4234 ἐκ
3303 4191 3398 4245 τῆς
3453 4184 3615 4236 αὑτοῦ
3673 4186 3906 4255 φύσεως,

2268 4542 2475 4612 ,ἔξωθεν
2556 4537 2744 4593 ἔδωκεν
2826 4543 2987 4612 ἔχειν,
3060 4540 3186 4593 αὐτὸ
3252 4540 3373 4594 καθ’
3422 4541 3574 4594 ἑαυτό
3630 4544 3688 4594 τὸ
3748 4550 3916 4614 σῶμα

2293 4634 2485 4703 γυμνὸν
2516 4636 2764 4697 ποιήσας,
2820 4636 2912 4683 xui
2954 4634 3119 4704 χωρὶς
3148 4637 3249 4683 τῶν
3294 4630 3475 4695 ἔξωθεν
3517 4638 3609 4684 τοῦ
3661 4636 3913 4704 σώματος

2296 4724 2451 4771 ὄντων
2509 4721 2671 4781 ζῆσαι
2724 4721 2782 4770 τὸ
2834 4728 2986 4791 σῶμα
3023 4716 3303 4785 ἀδύνατον,
3362 4718 3503 4773 τοῦτ’
3540 4722 3676 4785 ἑστι,
3729 4726 3914 4795 χωρὶς

2295 4808 2544 4885 βρώσεως
2568 4814 2657 4861 xui
2692 4813 2907 4880 πόσεως,
2946 4814 3033 4863 xui
3077 4807 3379 4882 ἕνδυμοίτων
3420 4824 3435 4839 ⁸
3474 4808 3555 4863 ἐὰν
3603 4806 3663 4863 δε
3709 4811 3779 4872 εἰς
3810 4816 3911 4871 τήν

2296 4898 2479 4950 ἑαυτοῦ
2522 4900 2673 4971 φύσιν
2721 4902 2873 4969 μόνον
2921 4906 3041 4971 στῇ,
3092 4895 3260 4969 μηδὲν
3300 4907 3398 4951 τῶν
3439 4898 3618 4962 ἔξωθεν
3667 4901 3911 4973 προσλα-

2295 4986 2403 5053 ϐὸν,
2456 4983 2815 5059 διαφθείρεται
2868 4992 2956 5040 καὶ
3004 4988 3289 5041 ἀπόλλυται
3322 5007 3334 5021 '
3364 4991 3449 5041 τόν
3502 4988 3657 5042 αὐτόν
3708 4995 3910 5061 τρόπον

2293 5076 2567 5148 καὶψυχὴ
2612 5078 2641 5134 ἡ
2681 5082 2751 5148 μὴ
2782 5079 2987 5150 ἔχουσα
3026 5086 3129 5151 φῶς
3177 5080 3331 5144 θεῖον,
3378 5080 3657 5131 κτισθεῖσα
3696 5074 3759 5132 δι
3786 5079 3906 5132 κατ’

2295 5168 2468 5219 εἰκόνα
2514 5171 2645 5219 Θέοῦ
2672 5184 2683 5195 ·
2721 5166 2883 5227 οὕτως
2920 5170 3021 5241 γὰρ
3077 5167 3239 5226 αὐτὴν
3269 5168 3571 5241 ᾠκονόμησε
3604 5172 3695 5221 καὶ
3750 5166 3908 5222 εὐδό-

2297 5275 2455 5313 κησεν
2510 5258 2649 5327 ἔχειν
2695 5260 2782 5315 τὴν
2823 5256 3026 5309 αἰώνιον
3062 5257 3201 5318 ζωήν
3227 5273 3240 5288 ·
3273 5257 3367 5310 οὐκ
3398 5260 3453 5311 ἑκ
3483 5265 3579 5320 τῆς
3619 5254 3762 5319 ἰδίας
3808 5262 3910 5330 φύ-

2302 5364 2445 5409 σεως,
2508 5342 2614 5396 ἀλλ’
2671 5344 2727 5396 ἐκ
2786 5354 2875 5406 τῆς
2928 5346 3113 5399 ἑαυτοῦ
3179 5348 3437 5413 θεότητος,
3503 5348 3556 5399 ἐκ
3609 5354 3700 5399 τοῦ
3761 5344 3905 5400 ἰδίου

2298 5436 2610 5506 πνεύματος,
2665 5433 2719 5486 ἐκ
2765 5442 2856 5488 τοῦ
2890 5431 3025 5489 ἰδίου
3055 5439 3238 5509 φωτὸς,
3292 5439 3405 5510 ἔχει
3438 5435 3640 5511 βρῶσιν
3670 5442 3764 5491 καί
3814 5442 3905 5490 πό·

603 5646 647 5682 ¹⁶
678 5646 881 5705 Ezech.
912 5663 972 5719 x,
1008 5647 1096 5703 Ἡ.
