4058 6194
168 297 271 355 46ί
1447 295 1787 354 ΗΟΜΙΙᾸᾹΞ.
1822 324 1891 335 -
1931 293 2105 350 ΗΟΜ.
2148 294 2192 352 ῐ.
3433 293 3540 350 462

172 442 250 476 σιν
301 424 678 495 πνευματικήν,
732 424 824 476 καὶ
875 417 1140 496 ἔνδύματα
1183 441 1418 498 ουρανια,
1473 421 1508 476 ἃ
1550 421 1689 475 ἐστιν
1737 421 1767 480 ἡ

1933 436 2020 487 ω,
2055 427 2112 478 et
2154 419 2506 480 vestimenta
2549 422 2830 490 coelestia,
2875 436 3014 494 quae
3047 422 3188 477 sunt
3227 433 3369 477 vera
3409 417 3535 476 vita

167 511 320 575 ὅππως
353 511 466 574 ζωὴ
506 520 602 572 τῆς
637 511 844 584 ψυχῆς

517 520 602 572 τῆς
637 511 844 584 ψυχῆς
1880 509 2119 566 animae.

233 637 319 690 IA'
351 657 366 670 ο
413 635 612 708 ⁴Ωσπερ
644 633 732 689 οὖν
760 635 835 709 τῷ
884 643 1106 710 σώματι,
1153 639 1323 699 καθὼς
1373 639 1682 710 προείρηται
1735 636 1765 692 ἡ

1954 637 2036 691 XI.
2083 637 2609 703 Quemadmodum
2647 638 2823 708 igitur
2852 652 3090 708 corpus,
3133 637 3199 690 ut
3229 648 3412 706 supra
3447 631 3536 688 di-

167 726 269 786 ζωη
318 725 416 778 οὐκ
464 725 517 789 ἐξ
566 726 751 779 ἑαυτοῦ
800 726 964 794 ἐστιν,
1010 727 1116 779 ἀλλ’
1167 727 1348 790 ἔξωθεν
1395 726 1576 790 αὐτοῦ,
1629 725 1769 776 τοῦτ’

1931 741 2062 791 .um,
2114 727 2297 783 vitam
2339 743 2458 783 non
2502 743 2572 782 ex
2617 743 2704 796 se,
2740 725 2843 781 sed
2881 725 3122 781 aliunde
3169 722 3374 789 habet,
3416 721 3533 778 hoc

167 816 304 867 ἔστιν
362 813 467 867 ἀπό
520 824 616 876 τῆς
665 824 787 886 γῆς,
848 821 936 869 καὶ
991 821 1161 890 χωρὶς
1214 825 1312 868 τῶν
1375 815 1556 878 ἔξωθεν
1611 812 1769 865 αὐτοῦ

1936 819 1972 870 lt
2010 831 2045 870 a
2077 821 2248 883 terra,
2283 822 2338 872 et
2362 817 2590 888 absque
2631 816 2720 879 iis,
2752 831 2889 887 quas
2917 819 3083 870 extra
3115 818 3271 878 sunt,
3313 811 3538 883 impos-

165 908 339 968 ὄντων,
374 901 629 958 ἀδύνατον
668 904 808 977 αὐτῷ
848 906 1011 967 ζῆσαι
1042 927 1057 940 ·
1091 905 1225 958 οὕτω
1263 908 1353 958 καὶ
1392 906 1422 962 ἡ
1465 903 1642 975 ψυχὴ,
1686 901 1767 954 ἐὰν

1935 903 2049 960 bile
2077 913 2165 961 est
2190 905 2242 960 ei
2274 905 2456 962 vitam
2488 906 2707 960 ducere
2735 920 2746 959 :
2781 904 2864 958 ita
2893 908 2949 958 et
2975 902 3198 966 anima,
3230 900 3344 956 nisi
3372 899 3448 956 ab
3474 899 3533 969 8

166 997 234 1062 (ni
301 996 522 1066 γεννηθῇ
575 993 676 1046 ἀπό
741 1002 832 1047 τοῦ
883 1002 970 1047 νῦν
1023 994 1091 1056 εἰς
1133 994 1326 1053 ἐκείνην
1379 997 1470 1052 τὴν
1521 999 1620 1064 γῆν
1671 999 1768 1044 τῶν

1937 1010 1997 1049 3c
2039 999 2304 1066 tempore
2344 999 2725 1068 regeneratur
2760 994 2818 1048 in
2858 992 3024 1047 illam
3068 990 3393 1046 viventium
3426 991 3539 1044 ter-

168 1081 388 1148 ζώντων,
464 1082 702 1137 κάκεῖθεν
773 1092 940 1159 τραφῇ
1016 1091 1375 1157 πνευματικῶς
1447 1089 1520 1153 τῷ
1597 1084 1770 1156 Κυρίῳ

1937 1099 2034 1153 un,
2094 1089 2153 1138 et
2197 1083 2314 1140 illic
2359 1083 2740 1157 spiritualiter
2783 1082 2994 1150 alatur,
3046 1084 3104 1134 et
3154 1075 3539 1149 spiritualiter

166 1176 556 1243 προκόπτουσα,
608 1177 700 1226 καὶ
749 1173 1018 1246 ἆμφιασθῇ
1076 1173 1131 1226 ἐκ
1161 1183 1251 1234 τῆς
1286 1175 1522 1232 θεότητος
1569 1170 1768 1246 ἄρρητα

1940 1173 2137 1228 omino
2176 1173 2493 1245 proficiens
2533 1177 2779 1236 crescat,
2811 1176 2865 1226 et
2893 1167 3128 1227 arcanis
3167 1163 3542 1220 vestimentis

167 1263 337 1332 ᾶμφια
386 1261 632 1335 οὐρανίου
687 1263 921 1333 κάλλους,
976 1268 1145 1337 χωρὶς
1193 1263 1391 1324 ἐκείνης
1441 1268 1537 1323 τῆς
1579 1267 1769 1332 τροφῆς

1937 1261 2141 1318 Blestis
2171 1262 2628 1334 pulchritudinis
2658 1277 2726 1316 ex
2757 1259 3060 1315 divinitate
3082 1251 3417 1325 desumptis
3448 1252 3539 1306 in-

167 1349 330 1410 ζῆσαι
384 1351 546 1411 αύτῆν
604 1351 653 1404 ἐν
681 1351 968 1405 ἁπόλαύσει
1004 1358 1094 1406 καὶ
1126 1351 1416 1404 ἀναπαύσει
1442 1348 1528 1422 ἀφ’
1583 1348 1769 1411 ἑαυτῆς

1935 1354 2121 1417 natur,
2153 1351 2383 1424 absque
2412 1351 2510 1407 illo
2537 1350 2671 1407 cibo
2711 1350 2770 1405 in
2805 1347 3026 1420 gaudio
3058 1349 3114 1400 et
3142 1343 3340 1414 quiete
3372 1356 3443 1396 ex
3475 1354 3537 1394 se

161 1435 444 1494 ἀδύνατον.
491 1440 649 1512 Ἐχει
687 1444 790 1516 γὰρ
835 1443 866 1500 ἡ
919 1443 1028 1495 θεία
1063 1445 1218 1515 φύσις
1265 1445 1355 1493 καὶ
1405 1441 1559 1512 ἄρτον
1611 1438 1763 1499 ζωῆςι

1933 1456 2017 1494 >sa
2050 1441 2247 1496 vivere
2294 1440 2469 1512 plane
2519 1456 2640 1496 non
2681 1443 2894 1511 potest.
2938 1434 3126 1492 Habet
3160 1432 3320 1488 enim
3357 1429 3535 1486 etiam

160 1531 246 1580 τόν
278 1529 507 1595 εἰπόντα,
565 1530 714 1602 Ἐγώ
766 1531 902 1602 εἰμι
939 1532 1190 1603 όᾱίρτὸς
1246 1537 1354 1590 τῆς
1418 1529 1586 1590 ζωῆς
1622 1530 1762 1592 ·καὶ,

1939 1529 2084 1585 ivina
2116 1534 2327 1586 natura
2345 1545 2564 1602 panem
2595 1529 2750 1593 vitae,
2783 1527 2886 1600 qui
2911 1524 3053 1581 dicit
3081 1541 3094 1579 ε
3126 1525 3256 1594 Ego
3281 1535 3408 1578 sum
3435 1532 3541 1585 pa-

159 1615 372 1690 ’Υδωρ
408 1620 528 1680 ζῶν
557 1636 567 1646 ’
623 1624 734 1686 καὶ,
769 1618 954 1673 Οἶνον
994 1620 1442 1693 εὐφραίνοντα
1480 1613 1761 1690 καρδίαι

1937 1618 1975 1673 is
1999 1618 2213 1684 vitae“,
2243 1623 2298 1674 et
2326 1641 2337 1673 :
2372 1620 2606 1690 Aquam
2637 1616 2923 1674 viventem
2947 1616 3017 1680 1",
3049 1617 3103 1668 et
3138 1631 3151 1668 :
3192 1611 3405 1668 Vinum
3440 1607 3539 1663 lae-

160 1706 548 1781 ἰινθρωπουο
581 1714 692 1774 καὶ,
721 1708 1207 1782 Ἀγαλλιάσεως
1248 1711 1486 1772 ἔλαιον,
1519 1709 1762 1776 καὶπαμ-

1931 1709 2119 1775 ‘ﬁcans
2146 1723 2247 1764 cor
2278 1708 2530 1764 hominis
2554 1707 2622 1772 ³³,
2654 1711 2743 1763 et:
2789 1705 2994 1761 Oleum
3025 1695 3533 1760 ersultationis“,

155 1797 390 1848 ποίκιλον
440 1803 634 1872 τροφὴν
687 1798 930 1871 οὐρανίου
983 1801 1299 1872 Πνεύματος,
1354 1801 1444 1849 καὶ
1502 1791 1757 1866 ἐνδύματα

1979 1797 2368 1867 multiplicem
2409 1795 2659 1852 ccelestis
2711 1794 2961 1866 Spiritus
2996 1791 3219 1856 cibum,
3267 1790 3321 1842 et
3363 1784 3539 1840 vesti-

157 1889 326 1956 φωτὸς
366 1886 584 1961 οὐράνια
622 1887 678 1940 ὶκ
717 1895 810 1941 τοῦ
842 1895 974 1942 Θεοῦ
1021 1889 1373 1960 τυγχάνοντα.
1428 1885 1510 1938 Ἐν
1564 1886 1759 1941 τούτοις

1933 1891 2086 1942 lenta
2131 1885 2374 1942 luminis
2423 1885 2702 1947 coelestia,
2749 1900 2784 1938 a
2837 1885 2955 1938 Deo
2999 1878 3285 1953 profecta.
3331 1875 3396 1929 In
3442 1871 3535 1927 his

155 1973 298 2027 ἐστὶν
329 1978 360 2033 ἠ
395 1977 604 2040 αἰώνιος
653 1981 758 2041 ζωὴ
811 1986 901 2039 τῆς
947 1977 1154 2050 ψυχῆς.
1205 1977 1338 2030 Οὐαὶ
1393 1967 1624 2046 σώματι,
1677 1974 1757 2024 ὀπ-

1939 1975 2152 2031 msistit
2180 1980 2402 2031 interna
2425 1975 2640 2030 animae
2671 1973 2805 2028 vita.
2839 1971 2941 2026 Vae
2973 1967 3227 2040 corpori,
3259 1963 3308 2018 si
3337 1963 3399 2018 in
3430 1976 3541 2017 sua

153 2069 280 2116 όταν
311 2065 385 2128 εἰς
423 2070 518 2124 τὴν
558 2067 742 2119 ἑαυτοῦ
784 2069 937 2139 φύσιν
994 2066 1212 2140 ἑστήκῃ,
1276 2067 1357 2117 ὅτι
1413 2061 1751 2136 διαφθείρετα

1937 2065 2072 2120 ιείυε
2103 2070 2317 2120 natura
2350 2063 2693 2129 constiterit,
2724 2061 2869 2134 quia
2899 2056 3300 2128 corrumpitur
3329 2057 3384 2108 et
3413 2065 3539 2106 mo-

158 2159 250 2206 καὶ
293 2153 663 2213 ἀποθνήσκει·
720 2160 810 2208 καὶ
857 2155 975 2208 οὐαὶ
1020 2154 1201 2227 ψυχῇ,
1248 2153 1292 2205 εἰ
1341 2153 1406 2213 εἰς
1432 2157 1526 2210 τὴν
1585 2151 1760 2208 ἑαυτῆς

1940 2159 2047 2208 tur.
2097 2155 2190 2208 Vm
2232 2153 2411 2208 etiam
2455 2151 2694 2216 animae,
2747 2149 2795 2204 si
2839 2149 2898 2204 in
2944 2163 3054 2202 sua
3092 2143 3280 2218 ipsius
3323 2145 3539 2198 natura

157 2246 319 2315 φύσιν
377 2249 533 2316 μόνον
581 2245 786 2310 ἔστηκε,
837 2249 926 2297 καὶ
975 2244 1047 2307 εἰς
1094 2247 1159 2296 τὰ
1206 2243 1387 2303 ἑαυτῆς
1438 2244 1565 2316 ἔργα
1621 2245 1759 2313 μόνο²

1935 2243 2187 2308 )nsistat,
2211 2247 2268 2297 et
2292 2241 2414 2296 suis
2442 2239 2722 2312 operibus
2745 2237 2936 2294 solum
2960 2235 3126 2299 ﬁdat,
3154 2247 3276 2288 non
3303 2229 3537 2286 habens

155 2334 401 2393 πέποιθε,
439 2337 514 2406 μὴ
557 2335 763 2404 ἔχουσα
821 2335 958 2386 θείου
1020 2335 1319 2406 Πνεύματος
1357 2334 1647 2394 κοινωνίαν,
1691 2330 1757 2381 ὅτ

1938 2331 2401 2402 ιι-ῐὶοἱρεὶὶοηοω
2436 2329 2685 2402 Spiritus
2714 2325 2921 2392 divini,
2953 2323 3096 2398 quia
3125 2321 3394 2389 moritur,
3429 2331 3540 2373 nec

159 2421 488 2479 ἀποθνήσκει
542 2421 683 2483 ζωῆς
735 2421 944 2474 αἰωνίου
1005 2424 1244 2484 θεότητος
1299 2424 1368 2493 μὴ
1437 2417 1761 2480 καταξιωθεῖ-

1946 2427 2014 2476 ιω
2054 2425 2288 2476 aeternae
2327 2436 2396 2474 ac
2427 2417 2648 2474 divinae
2689 2417 2909 2472 idonea
2940 2418 3199 2486 putatur.
3243 2405 3539 2474 Quemad-

161 2529 254 2562 σα.
300 2509 508 2584 Ὠσπερ
551 2513 654 2584 γὰρ
709 2511 794 2564 ἐπὶ
851 2519 949 2564 τῶν
1001 2512 1374 2573 ἀσθενούντων,
1427 2507 1550 2560 ἐπὰν
1581 2509 1763 2579 μηκέτι

1935 2511 2130 2566 odum
2152 2509 2308 2564 enim
2337 2507 2590 2564 inﬁrmis
2607 2505 2843 2571 accidit,
2869 2509 2949 2572 ut,
2974 2502 3023 2558 si
3043 2515 3260 2572 corpus
3277 2494 3537 2568 amplius

155 2603 216 2652 τό
279 2609 438 2671 σῶμα
497 2597 720 2658 δύνηται
765 2599 937 2653 λαϐεῖν
987 2603 1200 2677 τροφὴν,
1255 2597 1629 2658 ἁπελπίζουσιν
1679 2595 1757 2646 αὑ·

1939 2600 2083 2654 bum
2102 2615 2167 2655 ca
2178 2614 2312 2670 pere
2331 2601 2609 2669 nequeat,
2629 2610 2874 2651 omnem
2897 2593 2971 2648 de
2997 2605 3205 2646 eorum
3222 2587 3345 2643 vita
3366 2599 3535 2657 spem

156 2692 300 2753 τοὺς,
348 2693 441 2741 καὶ
493 2688 738 2742 κλαίουσι
786 2692 972 2752 πάντες
1021 2695 1232 2761 γνήσιοι
1287 2687 1442 2760 φίλοι,
1503 2691 1758 2757 συγγενεῖς

1937 2688 2186 2759 )jiciant,
2205 2701 2536 2758 omnesque
2552 2683 2674 2740 veri
2693 2681 2892 2747 amici,
2913 2679 3152 2750 cognati
3175 2679 3352 2748 atque
3369 2671 3539 2728 fami-

155 2783 248 2831 καὶ
282 2777 553 2850 ἀγαπητοί
577 2796 592 2812 ⁸
646 2779 782 2831 οὕτω
833 2777 998 2832 κλαίει
1028 2779 1053 2830 ό
1085 2782 1214 2839 Θεὸς
1253 2782 1342 2829 καὶ
1400 2777 1448 2828 οἱ
1477 2775 1620 2847 ἅγιοι
1677 2775 1757 2846 ἄγ-

1935 2793 2056 2832 ares
2088 2776 2321 2848 plorent
2350 2790 2362 2828 :
2397 2775 2481 2828 sic
2519 2773 2793 2844 deplorat
2829 2769 2984 2824 Deus
3023 2774 3080 2823 et
3111 2763 3299 2821 sancti
3340 2759 3537 2832 angeli

156 2867 301 2940 Ὶῖλοι
359 2871 450 2928 τὰς
514 2867 696 2940 ψυχὰς
745 2869 840 2929 τὰς
889 2871 960 2940 μὴ
1019 2871 1324 2942 τρεφομένας
1370 2869 1564 2938 τροφὴν
1617 2863 1758 2936 ούρα-

1935 2867 2136 2934 Jimas,
2178 2880 2300 2920 non
2337 2867 2646 2919 vescentes
2687 2858 2914 2916 caelesti
2945 2856 3081 2913 cibo
3121 2853 3391 2925 Spiritus,
3426 2863 3537 2904 nec

156 2976 265 3009 νιον
294 2963 391 3009 τοῦ
441 2959 753 3029 Πνεύματος,
785 2961 876 3009 καὶ
928 2955 976 3008 ἓν
1009 2937 1275 3030 ἀρθαρ-σία
1319 2955 1582 3016 ζησάσας.
1636 2958 1758 3005 Ταῦ·

1931 2974 1940 3010 ι
1971 2952 2416 3025 incorruptione
2465 2952 2748 3006 viventes.
2794 2951 2924 3003 Haec
2955 2959 3098 3000 vero
3128 2957 3336 2998 rursus
3376 2937 3533 3005 dico,

155 3065 224 3098 τοι
256 3043 316 3099 δε
361 3051 457 3098 καὶ
485 3047 638 3099 πάλιν
694 3051 845 3120 φημὶ,
900 3045 994 3099 οὐκ
1023 3024 1156 3099 eia-iu
1203 3024 1376 3108 ἁπλῶς
1417 3044 1562 3115 λόγοι
1590 3041 1757 3095 λαλού-

1934 3059 2003 3100 on
2047 3048 2186 3098 sunt
2220 3024 2404 3097 verba
2437 3040 2598 3094 nude
2636 3044 2693 3093 et
2739 3033 3089 3107 simpliciter
3125 3028 3378 3103 prolata,
3430 3024 3536 3080 sed

155 3154 326 3208 μενοι,
385 3133 498 3188 ἀλλ’
559 3113 710 3208 ἔργον
764 3113 1129 3208 *πνευματικῆς
1182 3134 1343 3203 ζωῆς,
1419 3113 1566 3208 ἔργον
1643 3131 1757 3189 ἀλη-

1932 3149 2035 3206 pus
2072 3132 2206 3188 vitae
2238 3128 2576 3203 spiritualis,
2619 3141 2771 3199 opus
2809 3138 3038 3187 verum,
3076 3117 3241 3194 quod
3280 3113 3534 3172 efﬁcitur

159 3229 325 3292 θείας,
406 3225 482 3287 εἰς
533 3229 630 3284 τήν
683 3223 831 3288 ἀξίαν
882 3229 973 3278 καὶ
1020 3227 1214 3283 πιστὴν
1287 3223 1472 3296 ψυχὴν
1527 3225 1761 3295 γιγνόμει

1085 3227 1214 3283 στῆν
1287 3223 1472 3296 ψυχὴν
1527 3225 1771 3295 γιγνόμε·
1879 3224 1941 3280 in
1972 3223 2176 3280 anima
2205 3220 2392 3292 digna
2420 3221 2478 3275 et
2505 3216 2686 3273 ﬁdeli.

155 3335 244 3368 νον
251 3359 266 3371 .

231 3442 340 3499 IB'.
375 3441 438 3495 Ei
479 3444 650 3493 τοίνυν
708 3439 879 3512 ἐγένου
915 3440 1092 3512 θρόνος
1137 3443 1230 3490 τοῦ
1256 3443 1410 3501 Θεοῦ,
1461 3440 1549 3490 καὶ
1604 3433 1769 3488 ἐπιϐέ-

1950 3436 2054 3492 XII.
2107 3434 2163 3491 Si
2203 3432 2379 3504 igitur
2417 3431 2668 3488 thronus
2711 3426 2814 3484 Dei
2859 3425 3102 3482 effectus
3148 3437 3232 3486 es,
3277 3421 3334 3476 et
3374 3417 3535 3474 inse-

159 3532 316 3590 εηκεν
348 3531 434 3584 ἐπὶ
466 3534 522 3584 σε
552 3531 578 3583 ό
631 3529 865 3604 οὐράνιος
894 3531 1134 3600 ἡνίοχος,
1164 3531 1254 3579 καὶ
1301 3525 1494 3598 ἐγένετο
1526 3527 1556 3584 ἡ
1611 3525 1761 3598 ψυχὴ

1931 3525 2030 3582 erit
2055 3525 2116 3579 in
2141 3529 2195 3580 te
2221 3521 2471 3579 caalestis
2492 3519 2718 3591 auriga,
2751 3521 2809 3573 et
2830 3515 3034 3572 anima
3050 3517 3152 3569 tua
3177 3514 3298 3566 tota
3322 3507 3533 3564 oculus

161 3642 256 3675 σου
297 3621 393 3680 ὅλη
437 3600 705 3693 ὀφθαλμός
737 3622 1101 3692 πνευματικός,
1142 3621 1232 3669 καὶ
1271 3617 1360 3675 ὅλη
1403 3625 1508 3689 φῶς
1549 3633 1561 3646 ·
1600 3620 1689 3668 καὶ
1729 3615 1763 3668 εἰ

1935 3612 2228 3679 )iritualis,
2271 3617 2326 3666 et
2369 3615 2492 3666 tota
2528 3609 2733 3665 lumen
2773 3605 2984 3661 effecta
3025 3607 3152 3660 est:
3205 3600 3254 3654 si
3292 3611 3537 3671 quoque

161 3714 388 3785 Erycis»);
441 3709 638 3768 ἐκείνην
677 3714 770 3769 τὴν
827 3716 917 3762 τοῦ
971 3711 1269 3780 Πνεύματος
1320 3710 1532 3778 τροφὴν,
1585 3710 1674 3758 καὶ
1729 3704 1763 3757 εἰ

1936 3703 2101 3758 elesti
2141 3701 2238 3757 illo
2278 3699 2528 3770 Spiritus
2557 3698 2691 3752 cibo
2723 3695 3013 3750 enutritus
3052 3706 3140 3755 es,
3173 3693 3228 3744 et
3262 3703 3334 3742 ex
3375 3700 3538 3757 aqua

161 3803 446 3863 ξποτίσθης
476 3799 531 3852 ἐκ
581 3806 673 3852 τοῦ
732 3799 921 3860 ζῶντος
965 3793 1178 3861 ὓδατος,
1210 3801 1300 3848 καὶ
1352 3795 1396 3848 εἰ
1424 3790 1650 3848 ὲνεδύσω
1706 3795 1763 3846 τὰ

1934 3795 2017 3847 ηδε
2048 3789 2275 3852 bibisti,
2316 3792 2495 3858 atque
2547 3785 2904 3840 vestimenta
2929 3778 3132 3836 arcani
3169 3775 3414 3831 luminis
3450 3774 3536 3827 in-

158 3899 249 3943 τοῦ
280 3890 516 3966 ἁρῥὴτου
575 3890 742 3961 φωτός
793 3883 1062 3958 ἐνδύματα
1090 3905 1105 3920 θ
1153 3885 1196 3938 εἰ
1225 3887 1418 3938 τούτων
1449 3883 1685 3936 ἁπάντων
1746 3884 1760 3934 ἑ

1933 3880 2098 3966 nisti:
2145 3879 2193 3934 si
2225 3876 2484 3948 denique
2513 3878 2648 3929 tuus
2679 3870 2920 3926 interior
2957 3867 3140 3922 homo
3171 3864 3299 3919 haec
3329 3859 3535 3917 omnia

162 3984 265 4033 ἔσω
337 3999 434 4032 σου
501 3980 763 4052 ἄνθρωπος
817 3976 864 4030 ἓν
923 3980 1077 4048 πείρᾳ
1123 3981 1212 4028 καὶ
1267 3974 1593 4047 πληροφορίᾳ
1647 3974 1764 4024 καθ·

1931 3955 2161 4042 ἱροτιιιε
2208 3982 2277 4021 ac
2315 3965 2376 4019 in
2419 3961 2561 4018 ﬁdei
2608 3958 2983 4016 abundantia
3029 3953 3382 4010 constitutus
3426 3954 3533 4015 est,

163 4071 398 4138 ἔστηκεν,
460 4064 578 4121 ἰδού
628 4068 726 4140 ζῇς
766 4071 855 4119 καὶ
885 4070 981 4125 τήν
1021 4069 1175 4126 ὅντως
1206 4063 1409 4116 αἰώνιον
1460 4062 1620 4127 ζωὴν,
1669 4059 1765 4113 ἀπὸ

1933 4075 2015 4116 :ce
2038 4057 2188 4114 vivis
2215 4055 2396 4111 vitam
2423 4066 2630 4108 revera
2652 4055 2958 4112 aeternam,
2987 4042 3395 4116 requiescente
3413 4037 3535 4094 ani-

159 4166 254 4210 τοῡ
299 4165 390 4209 νῦν
443 4159 576 4228 μετὰ
625 4163 716 4208 τοῦ
764 4159 956 4228 Κυρίου
1008 4152 1397 4224 ἀναπαυομένης
1435 4157 1529 4212 τῆς
1581 4148 1761 4220 ψυχῆς

1932 4165 1983 4205 ιο
2004 4155 2104 4204 tua
2129 4145 2206 4202 ab
2237 4145 2352 4200 hoc
2378 4145 2684 4198 momento
2702 4153 2839 4192 cum
2871 4133 3141 4192 Domino.
3177 4133 3259 4186 En
3280 4128 3534 4200 adeptus

165 4266 284 4302 σου.
351 4243 494 4299 Ἰδοὺ
546 4248 800 4303 κέκτησαι
873 4247 963 4296 καὶ
1012 4241 1187 4303 ἔλαϐες
1239 4247 1406 4292 ταῦτα
1479 4240 1622 4313 παρά
1679 4245 1767 4290 τοῦ

1931 4257 1943 4294 ς
1975 4245 2029 4294 et
2068 4234 2346 4306 accepisti
2374 4231 2504 4287 haec
2534 4246 2570 4286 a
2597 4225 2849 4284 Domino
2884 4225 2944 4280 in
2965 4223 3228 4287 veritate,
3256 4223 3322 4275 ut.
3351 4216 3533 4274 vitam

165 4343 367 4409 Κυρίου
419 4334 470 4387 ἓν
523 4333 737 4406 ἀληθείᾳ
787 4335 868 4387 ἱνα
925 4333 1022 4404 ζῇς
1081 4332 1218 4392 ζωὴν
1277 4308 1562 4388 ἀληθινήν..
1597 4327 1656 4382 Εἰ
1712 4326 1767 4381 δὲ

1930 4344 2083 4385 aram
2115 4325 2304 4380 vivas.
2337 4322 2398 4378 Si
2429 4335 2564 4376 vero
2595 4315 2742 4373 nihil
2770 4316 2989 4372 horum
3016 4311 3118 4368 tibi
3150 4308 3424 4366 conscius
3449 4322 3532 4372 es,

159 4425 337 4501 μηδὲν
373 4427 570 4478 τούτων
611 4419 862 4486 σύνοιδας
907 4429 1129 4492 σεαυτῷ,
1169 4419 1313 4472 κλαῖε
1342 4424 1431 4471 καὶ
1472 4419 1636 4470 λυποῦ
1680 4422 1761 4470 καὶ

1932 4419 2068 4481 lora,
2114 4412 2462 4470 contristare
2501 4424 2572 4465 ac
2615 4422 2807 4477 geme,
2854 4402 3020 4476 quod
3063 4405 3424 4457 internarum
3463 4411 3534 4451 ac

162 4483 170 4501 ε
218 4481 231 4487 ⁷
848 4481 860 4486 ν
1078 4481 1087 4492 ⁸
1115 4481 1126 4489 ν

162 4515 388 4592 ἀδύρου,
453 4516 533 4568 ὃτι
588 4519 680 4566 τοῦ
745 4511 954 4566 αἰωνίου
1006 4515 1096 4563 καὶ
1151 4515 1496 4580 πνευματικοῦ
1546 4506 1764 4560 πλούτου

1931 4504 2277 4577 )iritualium
2318 4499 2662 4556 divitiarum
2701 4494 3000 4567 particeps
3036 4490 3224 4547 factus
3261 4485 3533 4543 nondum

266 4575 278 4592 .
375 4575 386 4582 ι
1279 4575 1288 4580 .

163 4605 342 4678 ἀκμὴν
415 4599 624 4656 οὐδέπω
696 4603 1010 4674 τετύχηκας,
1086 4603 1176 4651 καὶ
1232 4603 1326 4656 τὴν
1402 4601 1558 4658 ὅντως
1633 4597 1765 4656 ζωὴν

1929 4575 1964 4664 έ,
2011 4601 2066 4651 et
2109 4607 2308 4650 veram
2352 4591 2531 4645 vitam
2573 4585 2846 4642 nondum
2890 4579 3190 4652 accepisti.
3239 4575 3531 4634 Sollicitus

163 4697 342 4768 ἀκμὴν
373 4690 581 4747 οὐδέπω
633 4689 809 4756 ἒδέξω.
866 4695 1025 4745 Πόνον
1077 4685 1163 4741 οὖν
1193 4691 1286 4760 ἔχε
1319 4691 1436 4760 περὶ
1490 4695 1584 4747 τῆς
1630 4706 1765 4738 πτω-

1933 4701 2022 4756 'go
2045 4689 2174 4739 esto
2200 4681 2274 4736 de
2297 4677 2503 4750 inopia
2527 4681 2651 4744 tua,
2669 4671 3016 4746 supplicans
3048 4667 3298 4724 Domino
3329 4669 3534 4720 noctes

164 4791 326 4859 χείας
356 4803 472 4847 σου,
525 4778 764 4853 δεόμενος
804 4787 898 4833 τοῦ
944 4779 1140 4852 Κυρίου
1189 4750 1509 4837 νυκτός-καὶ
1554 4777 1766 4849 ἡμέρας,

1933 4750 2125 4837 μ’ἀίοε,
2168 4786 2238 4825 eo
2286 4766 2450 4841 quod
2496 4766 2555 4820 in
2593 4763 2760 4834 gravi
2810 4761 3162 4833 paupertate
3205 4750 3432 4826 peccati
3471 4766 3535 4806 es

164 4839 205 4859 Γ.
310 4839 325 4847 ⁸
461 4839 470 4847 '
547 4843 554 4848 ‘
614 4839 624 4853 Ι
749 4839 760 4843 '
1025 4839 1034 4852 I
1594 4839 1603 4847 -
1656 4839 1666 4849 ι
1755 4839 1763 4842 -

163 4879 248 4928 ὁτι
309 4873 376 4934 εἰς
428 4876 522 4931 τὴν
568 4867 742 4929 δεινὴν
806 4873 981 4922 πενίαν
1039 4875 1134 4930 τῆς
1208 4866 1468 4939 ἁμαρτίας
1519 4866 1765 4926 ἕστηκας.

1933 4863 2250 4920 institutus.
2277 4839 2512 4915 Utinam
2544 4868 2680 4909 vero
2709 4851 2782 4906 sit
2805 4847 3022 4921 aliquis
3049 4845 3153 4916 qui
3183 4843 3256 4898 de
3284 4839 3535 4914 penuria

165 4967 290 5019 Εἱθε
355 4959 418 5016 δι
471 4958 566 5012 κᾶν
619 4964 773 5012 πόνον
820 4977 898 5020 τις
955 4959 1217 5022 ἐκέκτητο,
1279 4951 1372 5008 διὰ
1434 4959 1527 5013 την
1585 4954 1767 5007 ἑαυτοῦ

1935 4970 1986 5008 ia
2015 4950 2232 5006 anxius
2264 4948 2336 5002 sit
2364 4946 2376 5001 l
2420 4949 2476 5000 et
2505 4958 2624 4998 non
2653 4939 2814 4996 velut
2844 4933 3088 4993 saturati
3130 4933 3188 4988 in
3221 4929 3537 4986 securitate

166 5056 479 5124 πτωχεία-ν’
534 5051 593 5102 τό
644 5053 717 5121 μὴ
767 5049 940 5122 ὧσπερ
989 5049 1349 5120 κεκορεσμένοι
1401 5043 1447 5096 ίν
1494 5042 1768 5118 ἀμεριμνίᾳ

1931 5056 2155 5096 ivamus
2194 5037 2206 5092 ι
2257 5036 2401 5109 quia
2448 5032 2552 5106 qui
2600 5029 2868 5086 laborem
2918 5019 3214 5096 ejusmodi
3261 5017 3533 5081 sustinet,

173 5141 440 5215 διήγομεν,
482 5139 562 5192 ὅτι
592 5139 619 5191 ό
656 5142 808 5190 πόνον
839 5139 996 5208 ἔχων,
1037 5139 1126 5187 καὶ
1165 5134 1335 5194 ζητῶν
1375 5138 1463 5186 καὶ
1505 5133 1656 5185 αἰτῶν
1686 5137 1771 5185 τόν

1939 5129 2093 5185 nmrit
2140 5132 2196 5182 et
2242 5122 2642 5181 indesinenter
2688 5117 3003 5172 Dominum
3053 5111 3351 5173 obsecrat,
3399 5121 3541 5161 mox

244 5195 286 5214 ⁷,
327 5195 340 5215 δ
423 5195 439 5205 ¹
862 5195 904 5208 IV
982 5195 992 5200 ν

172 5235 361 5304 Κύριον
419 5226 790 5291 ἀδιαλείπτως,
829 5229 1036 5298 ταχέως
1073 5223 1305 5286 τεύξεται
1343 5231 1434 5282 τῆς
1473 5220 1774 5293 ἀπολυτρώ-

1933 5221 2283 5287 )nsequetur
2323 5209 2797 5281 redemptionem
2851 5220 2922 5260 ac
2967 5201 3231 5258 cmlestes
3277 5195 3535 5259 divitias,

2281 5303 2289 5304 ,
2449 5303 2475 5304 ί
2601 5299 2612 5304 -
2786 5294 2822 5304 ..
2878 5293 2911 5304 ..
2992 5291 3008 5304 .
3087 5288 3166 5301 ..
3252 5283 3535 5304 tua.--

175 5341 322 5390 σεως,
372 5325 461 5372 καὶ
513 5325 604 5371 τοῦ
646 5315 952 5389 ἐπουρανίου
999 5313 1246 5378 πλούτου,
1301 5313 1474 5373 καθὼς
1519 5312 1544 5363 ό
1591 5314 1775 5384 Κύριος

1937 5283 2404 5362 uemadmodum
2448 5299 2734 5355 Dominus
2765 5293 2936 5357 dixit,
2974 5291 3048 5346 de
3087 5283 3539 5360 injustojudice

175 5409 328 5481 ἔλεγε,
365 5413 483 5482 περὶ
522 5413 615 5459 τοῦ
655 5401 844 5458 ἀδίκου
883 5409 1065 5477 κριτοῦ
1103 5406 1192 5454 καὶ
1230 5408 1323 5463 τῆς
1363 5405 1540 5474 χήρας
1579 5375 1777 5473 διεξερ-

1937 5415 1943 5452 ι
1981 5395 2164 5449 vidua
2194 5405 2535 5447 sermonem
2572 5387 2802 5443 habens
2833 5399 2844 5439 :
2890 5382 3123 5448 Quanto
3154 5376 3343 5447 magis
3383 5375 3539 5430 Deus

259 5463 274 5481 ο
316 5463 327 5474 ι
429 5463 439 5482 .
917 5463 925 5477 .
1363 5463 1454 5474 ι-.
1717 5463 1725 5473 .

178 5495 672 5573 χόμενοςτόνλόγον
707 5510 720 5524 ⁸
754 5497 937 5566 Πόσῳ
976 5491 1211 5566 μᾶλλον
1251 5492 1275 5542 ό
1317 5493 1472 5550 Θεὸς
1511 5493 1777 5547 ποιήσει

1941 5483 2214 5541 indictum
2251 5481 2432 5552 faciet
2467 5474 2856 5535 clamantium
2888 5470 2970 5528 ad
3006 5485 3065 5526 se
3097 5474 3269 5524 nocte
3301 5472 3352 5524 et
3385 5464 3480 5522 die
3516 5463 3543 5518 ἲ

255 5691 302 5726 η
323 5687 496 5746 Joan.
523 5701 609 5752 vi,
637 5684 730 5741 35.
810 5684 858 5721 ιτ
887 5681 1058 5740 Joan.
1091 5696 1170 5747 1v,
1206 5679 1288 5735 10.
1366 5679 1412 5715 ιθ
1439 5677 1588 5734 Psal.
1618 5691 1732 5741 Civ,
1767 5680 1851 5732 15.
1931 5675 1979 5710 ¹⁹
2008 5670 2163 5728 Psal.
2193 5685 2322 5734 ην,
2351 5670 2403 5723 8.
