4086 6194
535 267 640 324 463
1825 265 1887 320 s.
1928 262 2231 321 MACARII
2272 262 2583 321 [EGYPTII
3754 280 3842 339 ιδ,

530 400 693 451 corte
703 393 834 451 dico
849 392 1030 459 vobis,
1043 393 1185 465 quia
1197 392 1316 449 cito
1322 391 1507 462 faciet
1523 389 1842 448 vindictam
1856 390 2100 447 illorum
2115 392 2183 446 ³ο.
2216 436 2221 447 .

2297 394 2406 449 τὴν
2434 386 2659 449 έκδίκη
2679 410 2779 444 σιν
2802 396 2917 443 τῶν
2950 388 3249 462 βοώντων
3278 394 3841 468 πρόςαύτὸννυκτὸς

532 483 638 541 Cui
671 484 857 556 gloria
881 488 938 540 et
969 482 1231 556 potentia
1260 483 1318 537 in
1351 481 1588 538 saecula.
1624 485 1836 538 Amen.

2297 484 2402 533 καὶ
2433 483 2671 555 ἡμέρας
2701 496 2714 511 '
2748 486 2850 535 ναὶ
2879 481 3061 552 λέγω,
3087 486 3242 541 ποιή
3266 501 3370 535 σει
3398 488 3507 543 την
3536 485 3842 549 ἐκδίκησιν

2297 568 2499 622 αὐτῶν
2565 569 2623 621 ἐν
2684 572 2885 642 τάχει
2918 592 2929 603 ·
3028 572 3057 629 ἠ
3090 567 3222 634 δόξα
3252 576 3341 625 καὶ
3371 574 3427 625 τὸ
3458 577 3633 648 κράτος
3660 578 3717 641 εἰς
3742 585 3841 646 τοὺς

2297 657 2504 721 αἰῶνας.
2539 658 2726 731 Ἀμὴν.

1166 768 1457 825 HOMILIA
1488 768 1550 823 ll.

2922 766 3170 822 ΟΜΙΛΙΑ
3195 764 3275 822 B'.

533 881 619 937 De
662 893 844 948 regno
874 878 1274 939 tenebrarum.
1313 876 1421 932 hoc
1453 883 1556 941 est,
1587 879 1829 944 peccato
1858 894 1878 929 ,ο
1908 878 1962 931 et
1999 875 2185 948 Deum

2301 877 2452 945 Περὶ
2484 881 2604 948 ταῆς
2643 870 2994 945 βασιλείας
3019 880 3131 948 τοῦ
3174 878 3465 939 σκότους,
3517 877 3674 948 τοῦτ’
3707 882 3843 946 ἔστι,

604 944 793 1006 εοιιίηι
816 966 987 1021 posse
1006 965 1041 1004 a
1064 949 1228 1021 nobis
1255 955 1565 1021 peccatum
1595 948 1858 1021 auferre,
1891 962 1961 1021 ac
1991 960 2096 1021 nos
2122 944 2189 1000 ti-

2372 944 2441 1021 τῇ
2464 964 2484 1005 ς
2510 944 2869 1021 ἁμαρτίας⁸
2899 950 3007 999 καὶ
3037 947 3351 1021 ὃτι-μόνος
3374 948 3399 998 6
3422 951 3576 1009 Θεὸς
3603 944 3846 1005 δύναται

606 1015 1022 1093 berare'ejugo
1050 1020 1227 1077 servit
1236 1015 1349 1075 dtis
1361 1019 1654 1091 principis
1675 1015 2042 1090 nequissimi.

2373 1015 2582 1102 αξρειν
2624 1015 2714 1088 ἀφ’
2747 1019 2928 1102 ’ἡμῶν
2966 1022 3081 1102 τὴ“ν
3121 1015 3477 1102 αὶμαρτίαν,
3516 1025 3621 1074 καὶ
3674 1022 3845 1097 ῥύσα-

2374 1086 2811 1169 σθίαιὴμᾶςέκ
2856 1098 2966 1150 τῆς
3018 1086 3333 1151 δουλείας
3388 1098 3495 1144 τοῦ
3550 1086 3849 1169 ἄρχὀντος

2370 1166 2483 1211 τοῦ
2517 1167 2827 1234 πονηροῦ.

605 1274 645 1327 I.
679 1271 950 1341 Regnum
983 1268 1385 1332 tenebrarum,
1422 1266 1753 1323 malitiosus
1780 1265 2061 1321 nimirum
2094 1262 2189 1319 ille

2368 1266 2448 1322 Ν.
2500 1268 2559 1320 Ἡ
2608 1266 2856 1340 βασιλεία
2902 1274 2996 1320 τοῦ
3056 1272 3297 1337 σκότους,
3329 1270 3355 1322 6
3411 1274 3622 1347 πονηρὸς
3672 1274 3848 1345 ἄρχων,

532 1358 831 1432 princeps,
881 1358 1123 1414 homine
1177 1358 1255 1413 ab
1302 1357 1468 1413 initio
1516 1357 1751 1427 captivo
1802 1354 2053 1419 reddito,
2106 1354 2187 1409 sic

2297 1352 2735 1425 αἰχμαλωτεύσας
2788 1359 2875 1408 τὸν
2922 1357 3191 1429 ἄνθρωπον
3246 1355 3514 1430 ἀπαρχῆς,
3573 1360 3696 1413 οὕτω
3737 1379 3854 1433 περι-

531 1448 924 1505 circumdedit
952 1452 1005 1503 et
1034 1446 1228 1502 induit
1256 1445 1524 1502 animam
1554 1451 1841 1517 tanquam
1876 1443 2186 1500 hominem

2297 1445 2447 1502 έθηκε
2470 1449 2558 1497 καὶ
2606 1441 2814 1499 ἐνέδυσε
2844 1450 2937 1504 τὴν
2965 1445 3151 1519 ψυχὴν
3183 1445 3230 1499 έν
3283 1454 3345 1519 τῇ
3382 1447 3592 1521 ἐξουσία
3637 1456 3718 1503 τοῦ
3758 1453 3856 1501 σκό-

532 1541 822 1610 potestate
866 1536 1293 1591 tenebrarum:
1344 1536 1421 1591 Et
1467 1539 1664 1591 creent
1705 1550 1834 1591 eum
1867 1549 2080 1604 regem,
2132 1539 2185 1590 et

2297 1553 2417 1596 τους
2460 1536 2647 1588 ὡσανεὶ
2704 1537 2973 1608 ἄνθρωπον
3009 1553 3021 1565 ·
3084 1541 3204 1589 Καὶ
3270 1541 3641 1596 ποιήσωσιν
3695 1544 3857 1594 αὑτὸν

533 1627 792 1683 induant
807 1641 935 1682 eum
952 1625 1205 1683 vestibus
1221 1625 1604 1696 regalibus,et
1618 1640 1653 1680 a
1667 1625 1860 1695 capite
1872 1624 1948 1678 ad
1962 1638 2186 1693 ungues

2299 1621 2598 1695 βασιλέα,
2630 1630 2736 1678 καὶ
2776 1622 3145 1678 ἑνδύσωσιν
3177 1626 3377 1680 αὐτὸν
3417 1625 3736 1703 ἐνδύματα
3771 1631 3857 1704 βα-

530 1715 761 1787 regatia
799 1715 961 1783 ferat
1005 1715 1365 1771 vestimenta.
1411 1716 1495 1770 Ita
1544 1714 1833 1780 animam,
1882 1728 1953 1769 ac
2002 1718 2185 1769 totam

2299 1712 2531 1779 σιλικὰ,
2573 1718 2679 1765 καὶ
2718 1713 2838 1765 ἀπὸ
2891 1714 3177 1785 κεφαλῆς
3230 1717 3348 1778 ἕως
3405 1716 3650 1790 ὀνύχων
3701 1718 3857 1791 βασι-

532 1804 663 1875 ejus
696 1803 1094 1860 substantiam
1124 1810 1368 1876 peccato
1396 1801 1588 1858 induit
1618 1818 1880 1875 nequam
1908 1801 2001 1857 ille
2029 1802 2185 1873 prin-

2297 1802 2442 1854 λικὰ
2470 1811 2653 1876 φορῇ.
2686 1804 2863 1865 Οὕτως
2892 1808 2985 1863 τὴν
3023 1804 3234 1876 ψυχὴν,
3273 1810 3363 1858 καὶ
3396 1806 3515 1865 ὃλην
3551 1812 3639 1867 τήν
3666 1810 3860 1863 ύπόσταα

529 1908 689 1964 ceps,
733 1897 919 1949 totam
964 1892 1315 1964 inquinavit,
1358 1896 1414 1947 et
1462 1897 1651 1947 totam
1696 1892 1995 1963 captivam
2035 1890 2095 1946 in
2128 1890 2185 1962 9

2297 1910 2398 1956 σιν,
2429 1895 2586 1953 αὐτῆς
2626 1890 2833 1946 ἐνέδυσε
2874 1898 2965 1951 τὴν
3005 1893 3264 1966 ἁμαρτίαν
3304 1895 3329 1947 ὁ
3361 1896 3545 1968 ἄρχων
3584 1898 3607 1949 6
3645 1902 3852 1973 πονηρός,

531 1996 785 2051 regnum
831 1997 1012 2037 suum
1066 1981 1335 2046 abduxit,
1378 1996 1485 2036 nec
1531 1980 1767 2052 reliquit
1812 1979 1999 2035 ullum
2054 1979 2184 2050 ejus

2297 1985 2383 2033 καὶ
2415 1981 2536 2040 ὃλην
2565 1981 2755 2054 έμίανε,
2789 1988 2878 2036 καὶ
2905 1982 3025 2042 ὅλην
3065 1983 3478 2056 ᾐχμαλώτευσεν
3505 1986 3568 2047 εἰς
3604 1991 3691 2045 τὴν
3720 1986 3843 2059 βασι

530 2070 873 2127 membrum
924 2086 959 2126 a
1004 2086 1067 2126 se
1122 2070 1398 2136 liberum,
1446 2084 1565 2125 non
1610 2069 2021 2140 cogitationes,
2064 2084 2183 2124 non

2297 2069 2429 2123 λείαν
2461 2071 2640 2138 αὐτοῦ,
2668 2076 2757 2124 καὶ
2778 2072 2871 2124 ούκ
2901 2070 3092 2145 ἀφῆκεν
3123 2071 3240 2125 οὒτε
3263 2073 3311 2126 ἓν
3340 2073 3499 2146 μέλος
3527 2075 3681 2138 αὐτῆς
3701 2076 3843 2129 arae:

530 2166 810 2224 mentem,
846 2175 968 2216 non
1011 2174 1249 2232 corpus,
1294 2158 1400 2215 sed
1441 2158 1700 2215 amicivit
1746 2174 1880 2215 eam
1917 2174 2187 2231 purpura

2297 2178 2381 2234 ρον
2422 2158 2510 2211 ἀπ’
2548 2159 2731 2227 αὐτοῦ,
2763 2160 2822 2212 ού
2861 2160 3164 2233 λογισμοὺς,
3200 2160 3261 2213 ού
3303 2169 3447 2229 νοῦν,
3490 2163 3546 2216 ού
3578 2172 3737 2236 σῶμα,
3772 2162 3857 2215 ἀλλ’

531 2248 938 2306 tenebrarum.
986 2247 1511 2315 Quemadmodum
1552 2248 1709 2304 enim
1755 2248 2020 2321 corporis
2064 2263 2183 2303 non

2297 2244 2528 2301 ένέδυσεν
2586 2249 2749 2308 αὐτὴν
2787 2247 3090 2323 πορφυρίδα
3126 2258 3220 2303 τοῦ
3262 2254 3507 2316 σκότους.
3536 2251 3723 2325 Ὠσπερ
3777 2255 3858 2325 γὰρ

531 2353 655 2396 una
682 2353 848 2411 pars,
883 2342 986 2395 aut
1017 2353 1204 2393 unum
1224 2337 1563 2393 membrum
1590 2338 1829 2409 patitur,
1859 2337 1963 2393 sed
1993 2341 2181 2393 totum

2297 2340 2347 2389 τό
2379 2346 2533 2411 σῶμα
2583 2338 2709 2411 ούχὶ
2741 2342 2789 2391 ἓν
2846 2343 3018 2415 μέρος,
3068 2340 3097 2399 ἢ
3130 2339 3299 2412 μέλος,
3356 2344 3582 2415 πάσχει,
3627 2340 3725 2393 ἀλλ’
3768 2341 3861 2394 ὅλον

529 2427 778 2483 omnino
803 2426 1070 2499 passioni
1098 2426 1429 2482 obnoxium
1473 2432 1557 2484 est
1583 2444 1595 2483 :
1631 2428 1713 2482 sic
1744 2432 1799 2483 et
1830 2432 1951 2483 tota
1980 2427 2184 2482 anima

2297 2426 2347 2491 ίξ
2376 2427 2493 2479 ὅλου
2529 2430 2759 2486 παθητόν
2800 2427 2939 2480 έστιν
2983 2446 2995 2457 ·
3029 2428 3194 2492 οὕτως
3221 2434 3310 2483 καὶ
3350 2432 3387 2489 ἡ
3429 2430 3582 2504 ψυχὴ
3622 2430 3705 2489 ὅλη
3736 2432 3863 2483 ἔπαθε

528 2514 946 2572 affectionibus
971 2515 1208 2571 malitias
1231 2521 1286 2571 et
1308 2516 1554 2588 peccati.
1582 2516 1775 2571 Induit
1796 2516 1973 2587 igitur
1998 2521 2181 2571 totam

2297 2519 2357 2569 τὰ
2386 2524 2480 2579 τῆς
2507 2522 2695 2579 κακίας
2724 2518 2864 2575 πάθη
2912 2522 3003 2571 καὶ
3032 2517 3313 2592 ἁμαρτίας.
3359 2517 3631 2576 Ἐνέδυσεν
3676 2516 3753 2572 οὖν
3781 2524 3856 2577 τήν

532 2604 1201 2676 animam,praecipuum
1212 2604 1474 2660 hominis
1489 2605 1829 2661 membrum
1843 2620 1911 2660 ac
1926 2609 2179 2677 partem,

2297 2606 2476 2679 ψυχὴν
2507 2605 2644 2673 ὅλην,
2700 2609 2758 2659 τὸ
2798 2606 3078 2679 ἀναγκαῖον
3131 2615 3223 2660 τοῦ
3278 2608 3558 2684 ἀνθρώπου
3611 2608 3747 2683 μέλος
3792 2612 3862 2661 καὶ

525 2692 841 2765 improbus
886 2692 981 2749 ille
1019 2693 1247 2750 malitia
1287 2710 1417 2758 sua,
1462 2694 1577 2749 hoc
1619 2699 1726 2760 est,
1774 2699 2019 2765 peccato
2066 2713 2078 2752 :
2128 2697 2183 2749 et

2297 2700 2442 2769 μέρος
2471 2697 2496 2747 ὁ
2550 2700 2775 2771 πονηρὸς
2821 2700 2915 2755 τὴν
2960 2701 3148 2749 κακίαν
3206 2696 3397 2764 αὐτοῦ,
3455 2699 3590 2751 τοῦτ’
3620 2702 3741 2765 ἔστι,
3786 2702 3863 2756 τὴν

528 2783 613 2838 sic
640 2797 857 2855 corpus
883 2782 1152 2855 passioni
1184 2798 1255 2839 ac
1286 2782 1649 2855 corruptioni
1677 2782 2013 2855 subjectum
2036 2788 2141 2841 est.

2297 2785 2683 2859 ἁμαρτίαν,καὶ
2742 2785 2907 2848 οὓτως
2936 2790 2993 2839 τὸ
3044 2794 3197 2860 σῶμα
3245 2790 3488 2848 παθητὸν
3539 2793 3625 2841 καὶ
3672 2789 3862 2864 φθαρτὸν

2290 2872 2503 2947 ὶγένετο.

597 2980 660 3034 lt.
705 2978 851 3035 Cum
886 2978 1045 3035 enim
1084 2979 1405 3050 Apostolus
1438 2978 1620 3036 dicit:
1667 2979 1893 3037 Ezuite
1932 2985 2179 3039 veterem

2362 2981 2433 3035 B'.
2486 2980 2644 3035 Ὀταν
2673 2984 2771 3057 γὰρ
2802 2982 2923 3056 λέγῃ
2980 2984 3006 3035 ό
3060 2982 3381 3048 Ἀπόστολος
3412 3001 3424 3014 ·
3483 2980 3858 3039 Ἐκδύσασθε

527 3068 819 3125 hominem
852 3070 919 3135 υ,
953 3069 1249 3140 integrum
1284 3069 1443 3133 dicit,
1472 3069 1793 3126 habentem
1825 3070 2029 3126 oculos
2060 3072 2180 3127 suis
2216 3108 2221 3143 ε

2297 3075 2393 3125 τόν
2452 3072 2731 3125 παλαιὸν
2789 3075 3146 3146 ἄνθρωπον,
3192 3073 3383 3128 τέλειον
3421 3074 3574 3147 λέγει,
3603 3073 3857 3147 ὀφθαλμοὺς

524 3157 712 3215 oculis
729 3157 1016 3230 adjectos,
1035 3164 1215 3230 caput
1238 3158 1437 3232 capiti,
1466 3175 1643 3216 aures
1667 3159 1932 3225 auribus,
1958 3176 2177 3217 manus

2297 3162 2481 3232 ἔχοντα
2554 3165 2684 3235 πρὸς
2758 3161 3066 3235 ὀφθαλμοὺς,
3146 3162 3371 3235 κεφαλὴν
3446 3166 3576 3238 πρὸς
3644 3160 3853 3235 κεφαλὴν,

525 3246 827 3311 manibus,
872 3247 1056 3319 pedes
1092 3248 1368 3320 pedibus.
1406 3252 1615 3304 Totum
1652 3250 1809 3304 enim
1847 3249 2176 3319 hominem,

2297 3251 2396 3302 ὦτα
2428 3254 2549 3325 πρὸς
2578 3251 2705 3315 ὦτα,
2760 3258 2943 3325 χεῖρας
2996 3255 3127 3325 πρὸς
3152 3258 3366 3324 χεῖρας,
3417 3250 3586 3315 πόδας
3616 3254 3734 3324 πρὸς
3781 3252 3858 3301 πό·

525 3335 789 3391 animam
809 3340 865 3390 et
889 3351 1129 3408 corpus,
1150 3336 1461 3408 improbus
1480 3337 1573 3392 ille
1591 3338 1802 3409 polluit
1818 3338 2174 3403 etdistraxit,

2297 3336 2407 3401 δας.
2482 3338 2633 3392 Ὀλον
2690 3342 2791 3411 γὰρ
2868 3345 2953 3392 τὸν
3009 3342 3278 3414 ἄνθρωπον
3354 3342 3543 3414 ψυχὴν
3593 3346 3677 3393 καὶ
3728 3346 3857 3400 σῶμα

524 3423 822 3495 subiitque
847 3424 1174 3486 hominem,
1211 3431 1465 3481 veterem
1496 3426 1823 3493 hominem,
1854 3426 2173 3498 pollutum,

2297 3431 2486 3500 ἱμίανεν
2537 3432 2562 3483 6
2604 3432 2846 3501 πονηρὸς,
2894 3434 2983 3483 καὶ
3030 3434 3353 3500 κατέσπασε,
3406 3436 3497 3484 καὶ
3545 3427 3739 3483 ἐνέδυσε
3786 3430 3857 3479 τὸν

528 3510 835 3582 impurum
878 3519 1059 3585 atque
1099 3515 1197 3568 Dei
1238 3514 1491 3581 hostem,
1534 3529 1656 3570 non
1689 3515 2028 3586 subjectum
2060 3516 2173 3586 legi

2297 3519 2574 3591 ἰνθρωπον,
2651 3519 2869 3571 παλαιὸν
2944 3520 3234 3592 ἄνθρωπον,
3313 3525 3406 3574 καὶ
3479 3522 3680 3594 μιαρόν,
3750 3514 3856 3569 ἀκά-

524 3599 647 3665 Dei,
682 3601 793 3656 hoc
820 3606 925 3667 est,
961 3603 1156 3674 ipsum
1190 3607 1525 3674 peccatum,
1558 3604 1637 3659 ita
1666 3612 1729 3660 ut
1762 3605 2022 3675 amplius
2056 3621 2174 3662 non

2297 3610 2489 3679 9αρτον,
2567 3614 2655 3661 καὶ
2733 3610 3014 3681 θεομάχον,
3072 3614 3160 3662 καὶ
3212 3614 3284 3681 μὴ
3333 3611 3744 3678 ὑποτασσόμενον
3796 3611 3855 3675 τῷ

518 3688 721 3746 videat
765 3690 947 3746 homo
1004 3707 1109 3763 pro
1150 3692 1343 3747 lubitu
1401 3708 1532 3761 suo,
1592 3693 1698 3748 sed
1744 3698 1805 3749 ut
1855 3710 2173 3766 perperam

2297 3703 2421 3771 νόμῳ
2472 3706 2562 3750 τοῦ
2619 3704 2772 3763 Θεοῦ,
2831 3701 2987 3755 αὐτὴν
3049 3703 3141 3756 τὴν
3200 3697 3487 3772 ἁμαρτίαν,
3567 3699 3645 3750 ἵνα
3695 3698 3857 3768 μηκέτι

518 3777 734 3843 videat,
775 3795 1088 3852 perperam
1123 3782 1348 3849 audiat,
1384 3786 1439 3837 et
1474 3782 1657 3854 pedes
1692 3782 1911 3839 habeat
1936 3784 2011 3839 ad
2040 3799 2173 3855 per-

2297 3781 2474 3856 Βλέπῃ,
2553 3786 2619 3844 ὡς
2679 3782 2808 3835 θέλει
2868 3784 2892 3834 6
2968 3781 3253 3858 ἄνθρωπος,
3311 3783 3422 3837 ἀλλ’
3501 3784 3583 3836 ἶνα
3651 3786 3857 3851 πονηρῶς

512 3868 875 3939 petrandum
913 3871 1141 3926 facinus
1176 3871 1657 3937 accelerantes",
1695 3887 1765 3928 ac
1806 3888 2025 3928 manus
2070 3873 2177 3935 ini.

2297 3874 2400 3945 Ξρᾷ,
2432 3877 2521 3925 καὶ
2564 3880 2794 3947 πονηρῶς
2826 3870 3008 3945 ἀκούῃ,
3056 3877 3146 3926 καὶ
3192 3869 3371 3936 πόδας
3418 3876 3519 3946 ἔχῃ
3574 3866 3859 3925 σπεύδοντας

510 3958 800 4030 quitatem
836 3966 1178 4029 operantes,
1226 3965 1282 4016 et
1318 3977 1421 4017 cor
1464 3962 1734 4032 cogitans
1773 3961 1951 4017 mala.
1994 3963 2173 4020 Obse-

2297 3960 2368 4015 ἰπὶ
2433 3967 2759 4025 κακοποιίαν,
2828 3965 2918 4014 καὶ
2967 3968 3149 4035 χεῖρας
3224 3961 3581 4038 έργαζομένας
3649 3958 3857 4029 ἀνομίαν,

509 4062 745 4102 cremus
775 4047 956 4115 igitur
989 4055 1046 4103 et
1087 4066 1195 4104 nos
1224 4053 1430 4110 Deum.
1471 4056 1529 4105 ut
1570 4056 1748 4106 exuat
1778 4067 1886 4107 nos
1926 4052 2169 4109 homine

2297 4057 2370 4105 ιαὶ
2430 4048 2655 4124 καρδίαν
2719 4053 2922 4124 πονηρὰ
2984 4048 3442 4123 διαλογιζομένην.
3516 4046 3864 4123 Παρακαλέσω·

507 4136 713 4199 veteri,
739 4137 884 4206 quia
918 4137 1041 4207 ipse
1079 4138 1242 4192 solus
1269 4154 1303 4191 a
1340 4139 1515 4193 nobis
1540 4139 1770 4195 auferre
1807 4145 2004 4211 potest
2034 4158 2169 4211 pec-

2297 4161 2367 4194 ιεν
2418 4137 2505 4193 οὖν
2553 4145 2642 4192 καὶ
2692 4141 2842 4210 ἡμεῖς
2893 4142 2978 4191 τὸν
3028 4143 3175 4205 Θεὸν,
3234 4141 3321 4193 ἵνα
3366 4136 3567 4213 έκδύσῃ
3618 4139 3747 4209 ἡμᾶς
3789 4134 3859 4184 τὸν

505 4227 705 4277 catum
736 4239 747 4277 :
777 4224 919 4294 quia
946 4224 1216 4279 fortiores
1235 4233 1390 4294 sunt,
1423 4227 1525 4298 qui
1549 4242 1659 4281 nos
1681 4229 1950 4299 captivos
1977 4231 2167 4286 abdu-

2297 4231 2494 4283 ταλαιόν
2544 4231 2835 4300 ἄνθρωπον,
2887 4230 2967 4281 ὅτι
3025 4232 3181 4289 αὐτὸς
3234 4234 3395 4300 μόνος
3446 4224 3571 4303 ἆραι
3622 4226 3702 4299 ἀφ’
3737 4226 3859 4293 ἡμῶν

502 4315 738 4373 xerunt,
762 4317 817 4367 et
840 4312 898 4365 in
925 4328 1109 4382 regno
1128 4328 1237 4369 suo
1264 4313 1549 4370 detinent.
1578 4316 1706 4386 Ipse
1731 4333 1869 4372 vero
1890 4320 2165 4388 promisit

2297 4325 2368 4379 ’ἠν
2421 4320 2678 4392 ἁμαρτίαν
2732 4314 2989 4370 δύναται·
3032 4319 3111 4370 ὅτι
3167 4317 3515 4394 ἰσχυρότεροι
3563 4319 3702 4388 ἡμῶν
3750 4310 3859 4364 εἰσιν

504 4414 567 4453 se
603 4397 995 4455 liberaturum
1026 4416 1135 4455 nos
1174 4418 1243 4457 ex
1275 4404 1553 4461 servitute
1592 4405 1725 4460 hac.
1761 4407 2162 4471 Quemadmo-
2196 4451 2221 4504 ί

2297 4411 2322 4461 ιὶ
2382 4407 2909 4480 αἰχμαλωτεύσαντες
2969 4407 3128 4477 ἡμᾶς,
3186 4412 3276 4459 καὶ
3344 4410 3655 4478 κατέχοντες
3716 4401 3760 4453 ἓν
3806 4403 3857 4467 τῇ

502 4486 649 4542 dum
690 4490 847 4543 enim
899 4488 986 4545 sol
1035 4506 1172 4547 cum
1219 4491 1392 4558 lucet,
1440 4499 1497 4548 et
1549 4500 1759 4549 ventus
1809 4496 2014 4567 spirat,
2072 4486 2221 4554 801ι

2297 4498 2520 4568 Ξασιλείᾳ
2578 4496 2769 4552 αὐτῶν.
2828 4495 2997 4555 Αύτός
3052 4492 3110 4548 δι
3176 4494 3533 4569 ἐπηγγείλατο
3585 4499 3675 4547 τοῦ
3720 4490 3861 4565 ῥύσα-

500 4575 744 4648 quidem
791 4580 1101 4650 proprium
1151 4597 1370 4653 corpus
1420 4588 1475 4637 et
1521 4584 1826 4654 propriam
1879 4591 2155 4643 naturam

2297 4588 2397 4638 rem
2452 4587 2591 4655 ἡμᾶς
2653 4585 2706 4635 έκ
2768 4591 2862 4645 τῆς
2929 4582 3169 4645 δουλείας
3234 4588 3437 4646 ταύτης
3472 4601 3485 4614 ο
3547 4586 3713 4654 ὥσπερ
3773 4578 3859 4647 γὰρ

495 4664 700 4737 habet,
742 4668 880 4723 item
920 4674 975 4724 et
1015 4675 1225 4725 ventus
1265 4673 1570 4743 prapriam
1614 4678 1889 4730 naturam
1928 4682 1983 4730 et
2022 4691 2155 4748 pro-

2300 4695 2389 4727 ταν
2420 4674 2562 4735 ἣλιος
2590 4670 2642 4745 ᾖ,
2697 4678 2786 4725 καὶ
2818 4674 2999 4744 ἄνεμός
3044 4693 3124 4734 τις
3154 4678 3302 4745 πνέῃ,
3354 4675 3381 4726 ό
3428 4677 3520 4745 μεν
3548 4672 3683 4731 ἣλιος
3742 4661 3860 4717 ἴδιον

494 4754 690 4828 prium
724 4772 943 4829 corpus
975 4759 1173 4825 habet,
1207 4764 1261 4815 et
1284 4776 1461 4817 nemo
1485 4768 1675 4833 potest
1705 4778 1983 4834 separare
2015 4781 2154 4821 ven-

2297 4772 2421 4835 ’ῶμα
2468 4766 2581 4833 ἔχει
2632 4765 2721 4813 καὶ
2778 4758 2920 4814 ἰδίαν
2973 4764 3149 4833 φύσιν,
3221 4764 3424 4833 ὁμοίως
3481 4767 3570 4815 καὶ
3620 4762 3644 4812 ό
3698 4759 3858 4826 ἄνεμος

492 4848 675 4901 tuma
718 4846 861 4909 sole,
894 4848 1010 4902 nisi
1058 4848 1223 4904 solus
1276 4852 1428 4904 Deus
1469 4855 1731 4918 ventum,
1763 4868 1837 4907 ne
1890 4854 2152 4924 amplius

2297 4849 2409 4906 δίαν
2440 4855 2594 4924 φύσιν
2634 4854 2747 4923 ἔχει
2777 4855 2865 4903 καὶ
2904 4847 3042 4903 ἴδιον
3076 4859 3229 4922 σῶμα
3263 4868 3276 4881 '
3324 4855 3413 4903 καὶ
3444 4847 3620 4911 οὐδεὶς
3658 4844 3855 4899 δύναται

487 4933 689 5005 spiret,
724 4935 1053 4995 sedaverit:
1103 4939 1185 4992 sic
1216 4944 1271 4993 et
1302 4944 1617 5011 peccatum
1647 4942 1863 4997 animae
1896 4944 2145 4999 commi-

2297 4946 2501 5014 εωρίσαι
2548 4945 2633 4993 τὸν
2682 4941 2864 5006 ἄνεμον
2914 4938 3014 4992 ἀπὸ
3054 4946 3146 4992 τοῦ
3196 4939 3375 5005 ἡλίου,
3430 4940 3473 4993 εί
3525 4943 3598 5012 μὴ
3648 4940 3790 5008 μόνος
3832 4932 3853 4981 ό

485 5025 643 5078 stum
676 5028 783 5090 est,
814 5030 1065 5098 utroque
1090 5027 1484 5085 nihilominus
1525 5029 1835 5101 propriam
1869 5035 2148 5088 naturam

2297 5033 2386 5091 νεός
2430 5032 2630 5101 παύσῃ,
2663 5030 2744 5081 ἵνα
2796 5032 2986 5100 μηκέτι
3015 5032 3139 5102 πνέῃ
3173 5045 3185 5058 ’
3232 5028 3395 5093 οὓτω,
3429 5032 3517 5080 καὶ
3552 5030 3581 5084 ἡ
3644 5024 3853 5095 ἁμαρτία

483 5110 766 5169 habente.
2261 5126 2323 5191 τῇ
2378 5118 2533 5192 ψυχῇ
2581 5122 2870 5191 μεμιγμένῃ
2930 5117 3094 5187 ἐστὶν,
3154 5118 3397 5189 έχούσης
3456 5117 3681 5176 ἑκάστης
3731 5107 3856 5165 ἰδίαν

2261 5210 2440 5281 φύσιν.

554 5308 642 5361 ιιι.
690 5308 1067 5381 Impossibile
1112 5310 1289 5382 igitur
1327 5317 1413 5371 est
1468 5329 1749 5386 separare
1794 5316 2061 5373 animam
2110 5333 2146 5374 a

2332 5313 2408 5369 Γ’.
2472 5309 2757 5367 Ἀδύνατον
2807 5310 2894 5366 οὖν
2943 5312 3056 5366 έστι
3096 5316 3338 5386 χωρίσαι
3392 5316 3482 5371 τὴν
3533 5311 3713 5384 ψυχὴν
3759 5305 3845 5360 ἀπὸ

476 5400 742 5466 peccato,
776 5398 894 5454 nisi
925 5401 1075 5455 Deus
1102 5400 1268 5457 sedet
1297 5405 1351 5458 et
1384 5403 1553 5458 sistat
1586 5404 1951 5461 malitiosum
1982 5408 2142 5463 hunc

2297 5413 2349 5467 ἧς
2390 5404 2669 5478 ἁμαρτίας,
2708 5402 2791 5455 έὰν
2840 5408 2911 5474 μὴ
2945 5405 2970 5455 6
3024 5407 3152 5465 Θεὸς
3196 5406 3381 5476 παύσῃ
3418 5407 3506 5457 καὶ
3565 5407 3728 5471 στήσῃ
3778 5398 3853 5448 τὸν

478 5493 745 5553 ventum,
777 5485 1152 5546 habitantem
1184 5490 1242 5546 in
1281 5490 1487 5548 anima
1519 5496 1575 5549 et
1611 5508 1880 5567 corpore.
1916 5497 1981 5553 Et
2014 5512 2141 5552 rur-

2297 5498 2478 5570 ονηρὸν
2521 5500 2699 5548 τοῦτον
2739 5494 2943 5567 ἄνεμον,
2998 5497 3085 5549 τὸν
3130 5492 3436 5550 ἐνοικοῦντα
3476 5499 3539 5568 τῇ
3584 5490 3730 5566 ψυχῇ
3773 5504 3833 5541 κα

551 5643 594 5677 ³ο
624 5643 759 5701 Luc.
789 5660 950 5712 mu,
979 5651 1032 5703 7.
1111 5650 1153 5685 ¹¹
1183 5648 1396 5723 Ephcs.
1434 5667 1514 5721 ιν,
1542 5655 1632 5711 22.
1711 5657 1757 5691 ²²
1790 5654 1943 5716 Psal.
1981 5672 2133 5725 Lvm,
2168 5659 2221 5717 3.
