4086 6194
290 309 402 365 465

1545 301 1881 359 HOMILIE.
1923 330 1991 342 —
2031 299 2206 356 HOM.
2251 301 2317 359 ll.

3538 302 3659 358 466.

264 438 343 502 τῷ
376 433 605 501 σώματι.
665 429 765 480 Καὶ
817 420 991 489 πάλιν,
1054 424 1228 499 ὥσπερ
1285 444 1367 488 τις
1412 427 1593 502 θεωρεῖ
1651 428 1868 481 πετεινόι

1992 440 2149 492 sum,
2168 425 2690 497 quemadmodum
2706 428 2757 483 si
2771 428 2906 501 quis
2922 427 3107 485 cernit
3124 443 3299 484 avem
3313 426 3640 493 volantem,

270 524 571 592 πετόμενον,
622 520 711 569 xui
751 513 993 589 βούλεται
1055 518 1145 567 καὶ
1176 513 1333 576 αὐτὸς
1376 524 1589 584 πτῆναι,
1637 521 1708 590 μὴ
1741 519 1878 588 ἔχων

275 607 335 664 δε
388 609 557 680 πτερὰ
608 601 881 665 ἀδυνάτως
937 607 1049 676 ἔχει
1102 606 1363 658 πέτασθαι
1391 625 1403 639 ·
1462 607 1597 659 οὕτω
1658 610 1748 659 καὶ
1807 614 1879 676 τῷ

267 697 552 773 ἀνθρώπῳ,
598 697 656 749 τὸ
703 696 793 767 μὲν
847 692 1003 746 θελειν
1060 695 1376 769 παράκειται
1451 702 1543 748 τοῦ
1595 695 1722 749 εἶναι
1779 715 1879 747 κα-

271 789 453 863 θαρὸν,
508 790 599 838 xui
656 786 892 857 ἄμωμον,
951 786 1043 836 καὶ
1101 782 1345 851 ἄσπιλον,
1401 789 1491 839 xui
1534 789 1603 859 μὴ
1649 788 1787 858 ἔχειν
1827 784 1877 836 ἐν

264 876 437 948 ἐαυτῷ
462 880 558 935 τὴν
586 878 797 938 κακίαν,
851 872 959 925 ἀλλ’
1017 872 1096 925 ἁιὶ
1138 875 1272 945 μετὰ
1313 881 1405 927 τοῦ
1463 882 1597 928 Θεοῦ
1636 874 1784 940 εἶναι,
1820 877 1878 927 τό

267 963 536 1019 δύνασθαι
584 960 645 1017 δὲ
690 962 784 1016 οὐκ
832 964 948 1035 ἔχει
980 981 993 994 ο
1027 964 1355 1022 πετασθῆναι
1393 966 1483 1036 μὶν
1515 964 1587 1026 εἰς
1616 967 1703 1016 τὸν
1754 962 1881 1039 ἁὲρα

267 1057 356 1107 τόν
397 1056 565 1107 θείκόν
613 1057 703 1105 καὶ
747 1055 841 1110 τὴν
899 1050 1186 1123 ἐλευθερίαν
1232 1058 1326 1104 τοῦ
1376 1052 1530 1124 ἁγίου
1588 1055 1879 1126 Πνεύματος

286 1143 437 1208 θέλει,
486 1140 597 1193 ἁλλ’
629 1140 714 1195 ἐὰν
743 1144 815 1213 μή
863 1138 995 1213 λάϐῃ
1048 1143 1327 1214 πτέρυγας,
1380 1144 1439 1193 οὐ
1490 1139 1730 1196 δύναται.
1766 1149 1876 1195 Πα-

264 1232 633 1304 ρακαλέσωμεν
692 1227 780 1283 οὖν
834 1232 920 1282 τὸν
970 1232 1114 1295 Θεὸν,
1171 1228 1256 1282 ἳνα
1312 1227 1389 1301 δῷ
1442 1233 1569 1305 ἡμῖν
1616 1234 1878 1304 πτέρυγας

263 1326 581 1394 περιστερᾶς
634 1326 725 1373 τοῦ
778 1319 931 1392 ἁγίου
1008 1322 1326 1392 Πνεύματος,
1398 1322 1482 1374 ἶνα
1541 1324 1878 1394 πετασθῶμεν

258 1414 390 1485 πρὸς
431 1410 587 1463 αὑτὸν
638 1414 728 1462 καὶ
779 1410 1221 1481 καταπαύσωμεν,
1279 1414 1369 1463 xui
1439 1411 1521 1463 ἱνα
1568 1407 1876 1485 διαχωρίσῃ

255 1505 348 1553 xui
376 1503 562 1572 παύσῃ
621 1498 722 1551 ἀπὸ
769 1507 867 1559 τῆς
920 1496 1107 1569 ψυχῆς
1146 1502 1236 1551 xui
1282 1506 1375 1551 τοῦ
1425 1505 1669 1571 σώματος
1728 1501 1878 1572 ἡμῶν

252 1592 342 1641 τὸν
391 1591 622 1661 πονηρόν
670 1587 876 1659 ἄνεμον,
927 1586 1089 1645 αὐτὴν
1124 1592 1215 1645 τὴν
1267 1588 1527 1662 ἁμαρτίαν
1556 1592 1649 1648 τὴν
1703 1604 1881 1642 κατοι·

250 1685 457 1731 κοῦσαν
496 1677 547 1729 ἐν
599 1683 706 1738 τοῖς
760 1675 938 1745 μέλεσι
988 1683 1083 1739 τῆς
1130 1675 1314 1748 ψυχῆς
1364 1683 1455 1730 καὶ
1492 1686 1583 1731 τοῦ
1634 1684 1879 1750 σώματος

1988 514 2115 569 vult
2166 519 2222 570 et
2251 514 2381 586 ipse
2429 517 2651 582 volare,
2708 518 2820 573 alis
2872 534 3011 573 vero
3076 518 3389 575 destitutus
3442 518 3643 573 volare

1988 602 2197 674 nequit
2223 619 2235 658 :
2267 603 2349 659 sic
2375 619 2619 677 quoque
2643 606 2872 663 homini
2890 608 3059 663 adest
3081 607 3375 672 voluntas,
3397 622 3641 678 purum,

1988 691 2570 763 irreprehensibilem
2622 699 2679 750 et
2729 695 3112 767 impollutum
3156 712 3306 762 esse,
3342 695 3491 751 nihil
3523 712 3645 751 ma-

1989 779 2125 836 litiae
2153 781 2212 836 in
2245 797 2306 836 se
2333 782 2463 853 ipso
2492 782 2735 850 habere,
2766 784 2871 839 sed
2916 800 3153 856 semper
3187 802 3324 841 cum
3360 788 3475 840 Deo
3506 799 3644 840 con-

1990 871 2233 937 versari,
2255 870 2593 929 facultatem
2620 888 2759 929 vero
2776 889 2897 929 non
2925 873 3124 930 habet.
3160 874 3367 930 Volare
3389 874 3637 945 quidem

1989 957 2049 1013 in
2084 975 2283 1015 aerem
2305 960 2577 1016 divinum
2602 966 2780 1035 atque
2809 962 3142 1018 libertatem
3175 962 3639 1035 Spiritussancti

1989 1049 2171 1119 cupit,
2198 1049 2325 1114 sed,
2351 1049 2464 1105 nisi
2491 1050 2751 1122 acceptis
2773 1050 2904 1115 alis,
2929 1066 3049 1106 non
3083 1057 3297 1122 potest.
3325 1052 3643 1106 Precemur

1988 1136 2166 1207 igitur
2190 1140 2395 1204 Deum,
2450 1144 2511 1194 ut
2557 1140 2849 1196 concedat
2892 1139 3066 1195 nobis
3110 1140 3237 1195 alas
3269 1139 3563 1196 columbae
3592 1143 3639 1175 ³³

1989 1226 2181 1282 sancti
2210 1226 2480 1298 Spiritus,
2539 1234 2602 1284 ut
2646 1229 2915 1285 volemus
2945 1230 3022 1285 ad
3054 1244 3191 1284 eum
3215 1232 3274 1284 et
3301 1229 3643 1301 requiesca-

1987 1331 2147 1381 mus,
2181 1321 2240 1372 ut
2271 1317 2449 1373 etiam
2500 1323 2769 1388 segreget
2798 1322 2853 1373 et
2884 1318 3051 1375 tollat
3092 1317 3170 1374 ab
3197 1318 3402 1373 anima
3431 1322 3488 1373 et
3517 1332 3641 1373 cor-

1989 1420 2133 1477 pore
2158 1412 2362 1461 nostro
2385 1406 2730 1476 improbum
2756 1413 3019 1473 ventum,
3042 1408 3240 1481 ipsum
3269 1407 3491 1463 scilicet
3509 1422 3642 1479 pec-

1990 1498 2191 1549 catum
2220 1494 2279 1549 in
2306 1495 2589 1550 membris
2623 1496 2838 1552 animae
2870 1501 2926 1552 et
2955 1497 3224 1568 corporis
3260 1496 3437 1551 nostri
3470 1494 3639 1550 habi-

1989 1588 2146 1639 tans.
2168 1584 2452 1655 lpsienim
2472 1583 2587 1639 hoc
2601 1584 2795 1640 facere
2814 1584 3007 1641 solum
3025 1590 3115 1641 est
3134 1584 3438 1655 possibile.
3462 1584 3637 1650 Ecce,

1989 1673 2070 1729 ait
2098 1672 2281 1737 enim,
2311 1674 2519 1743 Agnus
2548 1674 2677 1742 Dei,
2718 1674 2821 1745 qui
2863 1675 3018 1730 tollit
3051 1680 3296 1744 peccata
3326 1673 3538 1729 mundi
3567 1674 3636 1726 ²⁴.

248 1768 424 1839 ἡμῶν.
456 1763 604 1837 Αύτῷ
643 1768 744 1840 γὰρ
800 1771 940 1837 μόνῳ
988 1762 1213 1818 δυνατὸν
1266 1774 1423 1820 τοῦτο
1465 1776 1708 1827 ποιῆσαι.
1743 1766 1788 1822 Ἴ
1812 1767 1848 1821 δ

1990 1761 2122 1832 Ipse
2171 1761 2337 1817 solus
2388 1763 2857 1819 misericordiam
2891 1764 3068 1831 hanc,
3117 1763 3281 1836 quod
3315 1779 3350 1818 a
3393 1766 3638 1834 peccato

246 1860 378 1930 γὰρ,
405 1857 623 1927 φησὶν,ό
650 1856 882 1927 Ἀμνός
913 1862 1028 1907 τοῦ
1060 1863 1223 1909 Θεοῦ
1254 1857 1280 1908 ό
1312 1859 1507 1927 αἴρων
1538 1862 1649 1915 τὴν
1684 1841 1880 1936 ἁμαρῖ

244 1952 396 1999 τίαν
435 1952 546 1998 τοῦ
582 1949 855 2017 κόσμου.
886 1948 1053 2005 Αὐτός
1077 1949 1233 2017 μόνος
1254 1950 1350 2002 τὴν
1379 1944 1731 2018 ἐλεημοσύνην
1759 1951 1881 2018 ταύ-

245 2055 347 2094 την
380 2033 596 2093 ἐποίησε
625 2042 725 2087 τῶν
758 2033 1039 2109 ἀνθρώπων
1069 2041 1176 2097 τοῖς
1208 2038 1552 2088 πιστεύουσιν
1596 2036 1762 2107 αὐτῷ,
1794 2040 1879 2101 ὅτι

243 2122 539 2198 λυτροῦται
596 2123 698 2176 ἀπὸ
746 2132 844 2185 τῆς
885 2123 1166 2196 ἁμαρτίας,
1223 2128 1313 2176 καὶ
1362 2131 1466 2185 τοῖς
1505 2122 1878 2199 προσδοκῶσιν

258 2213 343 2267 ἀεὶ
391 2218 482 2266 καὶ
536 2212 833 2278 ἐλπίζουσι,
884 2217 975 2265 καὶ
1016 2212 1269 2274 ζητοῦσιν
1323 2210 1691 2281 ἀδιαλείπτως,
1740 2212 1882 2270 ποιεῖ

254 2308 356 2362 τὴν
391 2307 657 2376 σωτηρίαν
683 2305 878 2361 ταύτην
904 2306 998 2361 τὴν
1039 2298 1441 2374 ἁνεκδιήγητον.

346 2426 422 2481 A'.
451 2426 654 2498 Ὠσπερ
711 2426 759 2479 ἐν
823 2431 971 2480 νυκτὶ
1054 2427 1248 2503 ζοφερᾷ
1296 2432 1387 2481 καὶ
1442 2428 1651 2503 μελαίνῃ
1736 2434 1873 2485 πνέει

255 2519 449 2590 ἄνεμός
502 2536 584 2580 τις
635 2518 835 2589 ἄγριος,
867 2521 957 2570 καὶ
1004 2518 1175 2570 πάντα
1223 2520 1287 2570 τὰ
1317 2519 1454 2590 φυτὰ
1481 2523 1570 2571 καὶ
1618 2521 1683 2571 τὰ
1714 2525 1873 2597 σπέρ-

251 2626 403 2678 ματα
453 2613 603 2671 κινεῖ,
646 2611 735 2659 καὶ
774 2606 971 2679 ἐρευνᾷ,
1021 2612 1111 2660 καὶ
1166 2612 1292 2660 σείει
1321 2629 1333 2640 ·
1366 2608 1501 2660 οὕτω
1556 2613 1645 2661 καὶ
1703 2611 1728 2662 ό
1776 2612 1871 2663 ἄν-

264 2698 477 2769 θρωπος
526 2700 698 2749 πεσὼν
737 2697 837 2748 ύπό
867 2700 962 2755 τὴν
992 2695 1232 2759 ἐξουσίαν
1259 2706 1350 2757 τῆς
1381 2700 1561 2758 νυκτὸς
1608 2705 1700 2751 τοῦ
1749 2705 1871 2753 σκό-

259 2803 407 2849 τους,
468 2791 561 2837 τοῦ
624 2781 894 2853 διαϐόλου,
951 2790 1041 2839 καὶ
1094 2789 1161 2838 ὧν
1218 2785 1266 2837 ἐν
1319 2791 1466 2839 νυκτὶ
1517 2792 1606 2839 καὶ
1674 2793 1867 2859 σκότει,

257 2872 525 2926 κλονεῖται
592 2871 664 2946 τῷ
739 2870 891 2945 δεινῷ
950 2873 1118 2947 ἆνίμῳ
1176 2882 1273 2937 τῆς
1330 2876 1588 2950 ἁμαρτίας
1643 2882 1866 2948 πνέοντι,

250 2967 347 3015 καὶ
406 2967 623 3027 σείεται,
666 2967 755 3015 xui
805 2970 1044 3016 κινεῖται.
1097 2968 1197 3017 Καὶ
1250 2962 1516 3039 ἐρευνᾶται
1565 2972 1738 3019 πᾶσαν
1774 2972 1869 3027 τὴν

259 3054 439 3123 φύσιν,
491 3056 586 3109 τὴν
642 3051 847 3124 ψυχὴν,
910 3056 1029 3115 τοὺς
1093 3052 1375 3126 λογισμοὺς
1425 3054 1587 3107 αὑτοῦ
1639 3060 1728 3108 καὶ
1784 3060 1868 3109 τόν

252 3148 400 3195 νοῦν.
461 3146 565 3193 Καὶ
616 3143 787 3193 πάντα
842 3146 1039 3195 σείεται
1095 3144 1159 3194 τὰ
1215 3146 1492 3216 σωματικὰ
1550 3144 1719 3216 με’λη·
1779 3152 1868 3200 καὶ

254 3226 414 3281 οὑδὶν
462 3227 741 3305 ἐλεύθερον,
784 3226 909 3282 οὐδε
945 3229 1139 3291 ἀπαθὲς
1205 3230 1350 3302 μίλος
1387 3231 1571 3304 ψυχῆς
1617 3236 1647 3290 ἤ
1690 3241 1869 3307 σώμα-

246 3323 335 3379 τός
388 3316 530 3369 ἐστιν
579 3317 680 3370 ἀπὸ
736 3326 833 3380 τῆς
888 3317 1192 3382 ἐνοικούσης
1255 3318 1304 3371 ἐν
1361 3322 1485 3392 ἡμῖν
1548 3320 1809 3395 ἁμαρτίας
1851 3344 1863 3357 ο

252 3409 453 3479 ὁμοίως
510 3409 651 3459 ἐστὶν
707 3410 877 3480 ἡμέρα
960 3411 1121 3481 φωτὸς
1183 3413 1268 3462 καὶ
1339 3410 1521 3481 ἄνεμος
1590 3413 1718 3473 θεῖος
1773 3420 1867 3466 τοῦ

248 3496 409 3568 ἁγίου
464 3499 782 3568 Πνεύματος,
836 3502 997 3550 πνέων
1050 3504 1139 3550 xui
1193 3496 1482 3570 ἀναψύχων
1522 3503 1616 3562 τὰς
1657 3500 1861 3573 ψυχὰς,

246 3587 347 3647 τὰς
377 3588 543 3646 οὔσας
594 3584 641 3637 ἐν
698 3588 867 3659 ἡμέρᾳ
897 3594 989 3639 τοῦ
1028 3590 1190 3659 φωτός
1247 3595 1339 3639 τοῦ
1389 3591 1559 3642 θείκοῡ
1594 3607 1605 3620 ·
1640 3596 1728 3643 καὶ
1787 3589 1866 3644 δι-

259 3680 559 3749 ικνούμενος
583 3683 759 3729 πᾶσαν
787 3681 881 3734 τήν
908 3677 1202 3730 ὑπόστασιν
1251 3685 1344 3739 τῆς
1376 3677 1583 3750 ψυχῆς,
1616 3686 1706 3733 καὶ
1750 3687 1866 3744 τοὺς

242 3766 535 3837 λογισμοὺς
600 3771 688 3818 xui
746 3772 922 3818 πᾶσαν
974 3770 1065 3825 τὴν
1126 3770 1332 3833 οὐσίαν,
1401 3773 1491 3819 xui
1553 3772 1723 3821 πάντα
1800 3773 1865 3823 τὰ

244 3855 377 3928 μέλη
408 3861 502 3907 τοῦ
551 3860 793 3925 σώματος
851 3854 1141 3927 ἀναψύχων
1182 3860 1273 3907 καὶ
1316 3853 1592 3909 ἀναπαύων
1630 3856 1865 3911 ἀναπαύ-

254 3964 333 3998 σει
389 3946 531 4017 θεῐκῇ
566 3949 655 3997 καὶ
708 3943 971 4017 ἁλαλήτῳ.
1031 3951 1195 3997 Τοῦτο
1234 3944 1396 4016 ἔλεγεν
1434 3947 1459 3997 ό
1499 3946 1813 4009 Ἀπόστολος
1846 3968 1858 3981 ·

260 4033 485 4103 Ἡμεῖς
523 4029 592 4085 δὲ
638 4032 749 4086 οὐκ
788 4037 977 4103 ἐσμεν
1015 4038 1204 4087 τέκνα
1240 4038 1488 4099 νυκτός,
1531 4032 1686 4089 οὐδὲ
1726 4042 1863 4090 σκό-

253 4141 443 4182 τους·
473 4131 707 4183 παντες
743 4124 862 4195 γὰρ
903 4124 1087 4194 ὑμεῖς
1126 4124 1261 4175 υἱοὶ
1300 4128 1509 4195 φωτός
1548 4122 1712 4192 ἐστε,
1755 4130 1859 4179 xui

244 4213 390 4264 υἱοὶ
429 4213 593 4285 ἡμέρ
610 4230 696 4272 ας.
731 4216 828 4265 Καὶ
861 4212 1035 4285 ὥσπερ
1068 4210 1170 4264 ἐκεῖ
1199 4215 1247 4263 ἓν
1284 4220 1345 4285 τῇ
1380 4211 1546 4285 πλάνη
1591 4216 1860 4288 ἄνθρωπον

246 4302 439 4352 τέλειον
462 4296 764 4353 ἀπεδύσατο
788 4301 813 4352 ό
836 4299 1056 4361 παλαιός
1078 4302 1361 4373 ἄνθρωπος,
1389 4306 1476 4353 καὶ
1499 4310 1643 4376 φορεί
1662 4301 1861 4377 ἔνδυμα

253 4388 534 4461 βασιλείας
603 4394 838 4454 σκότους,
898 4386 1100 4461 ἔνδυμα
1160 4388 1520 4463 βλασφημίας,
1586 4392 1857 4462 ἀπιστίας,

251 4478 500 4551 αφοϐίας,
593 4476 912 4541 κενοδοξίας,
1022 4478 1390 4553 ὑπερηφανίας,

247 4566 535 4639 ἐπιθυμίας
564 4584 576 4596 ·
609 4572 697 4620 xui
743 4572 807 4619 τὰ
854 4566 985 4620 ἄλλα
1033 4569 1225 4639 ὁμοίως
1279 4576 1369 4629 τῆς
1433 4568 1707 4641 βασιλείας
1766 4581 1857 4625 τοῦ

1988 1851 2264 1916 redimat,
2314 1851 2584 1908 exhibuit
2638 1852 2989 1908 hominibus
3046 1853 3106 1908 in
3141 1868 3203 1909 se
3234 1850 3634 1917 credentibus,

1989 1944 2046 1995 et
2090 1940 2249 1996 hanc
2296 1940 2759 1997 inenarrabilem
2815 1940 3066 1997 salutem
3120 1940 3347 1997 confert
3399 1955 3637 2011 semper

1988 2030 2498 2101 exspectantibus,
2558 2034 2617 2086 et
2658 2030 2898 2086 assidue
2939 2030 3346 2102 qumrentibus
3382 2044 3543 2096 eum,
3576 2029 3636 2084 in

1989 2133 2181 2190 eoque
2210 2132 2379 2190 spem
2407 2135 2580 2175 suam
2614 2119 2995 2190 ponentibus.

2056 2423 2145 2477 IV.
2162 2422 2683 2489 Quemadmodum
2698 2421 2757 2477 in
2772 2425 2942 2477 nocte
2957 2420 3287 2491 caliginosa
3300 2425 3355 2477 et
3375 2420 3635 2477 obscura

1982 2511 2307 2568 vehemens
2328 2511 2580 2583 quidam
2606 2516 2809 2566 ventus
2837 2509 3043 2582 spirat,
3072 2516 3128 2565 et
3153 2525 3365 2565 omnes
3393 2510 3634 2581 plantas

1983 2617 2051 2657 ac
2076 2602 2308 2657 semina
2333 2602 2613 2667 concutit,
2638 2604 2981 2656 commovet
3004 2605 3061 2655 et
3121 2600 3342 2669 agitat:
3376 2598 3458 2654 sic
3487 2615 3639 2671 quo-

1981 2706 2099 2763 que
2111 2690 2295 2746 homo
2322 2690 2528 2761 lapsus
2544 2690 2655 2745 sub
2679 2692 3029 2761 potestatem
3045 2688 3235 2743 noctis
3251 2687 3631 2745 tenebrarum

1980 2779 2223 2846 diaboli,
2274 2785 2329 2834 et
2382 2778 2442 2834 in
2500 2786 2673 2834 nocte
2721 2777 3103 2849 tenebrisque
3164 2777 3413 2849 degens,
3468 2777 3636 2847 gravi

1979 2873 2157 2924 vento
2214 2870 2442 2941 peccati
2498 2868 2681 2923 ﬂante
2734 2871 3167 2932 commovetur,
3220 2866 3552 2921 concutitur
3582 2872 3639 2921 et

1980 2961 2322 3030 quassatur,
2351 2957 2453 3029 qui
2476 2970 2722 3011 omnem
2754 2959 3054 3018 naturam,
3093 2954 3360 3009 animam
3391 2953 3633 3019 scilicet,

1987 3046 2098 3117 ιο
2124 3044 2507 3113 cogitationes
2528 3048 2583 3100 et
2626 3046 2885 3098 mentem
2930 3046 3373 3112 perscrutatur:
3429 3042 3635 3096 omnia

1911 3130 1951 3185 C
1979 3134 2238 3206 denique
2284 3133 2705 3188 concutiuntur
2778 3130 3046 3202 corporis
3094 3128 3385 3194 membra,
3437 3144 3635 3200 neque

1981 3223 2166 3278 ullum
2193 3222 2531 3277 membrum
2553 3220 2770 3276 animae
2788 3224 2891 3275 aut
2914 3218 3183 3290 corporis
3207 3218 3499 3283 immune,
3521 3232 3633 3274 nec

1978 3311 2167 3367 ullum
2195 3311 2272 3366 ab
2298 3309 2714 3366 aﬂ'ectionibus
2730 3308 2979 3380 peccati,
3002 3308 3062 3363 in
3084 3308 3258 3363 nobis
3278 3306 3632 3377 habitantis,

1976 3400 2231 3457 liberum
2291 3406 2407 3456 est:
2465 3399 2673 3454 similis
2720 3399 2919 3470 itaque
2971 3396 3100 3452 dies
3154 3396 3291 3461 luci,
3335 3400 3393 3451 et
3422 3400 3633 3452 ventus

1977 3490 2214 3545 divinus
2245 3489 2481 3561 Spiritui
2538 3492 2769 3551 sancto,
2820 3486 3163 3559 perspirans
3185 3490 3241 3541 et
3294 3483 3632 3540 refocillans

1976 3579 2231 3643 animas,
2283 3594 2419 3651 quae
2469 3577 2528 3632 in
2577 3576 2672 3632 die
2726 3576 2872 3631 lucis
2898 3575 3117 3631 divina;
3157 3575 3377 3640 vivunt,
3413 3579 3465 3629 et
3494 3589 3631 3645 per-

1976 3669 2267 3723 transiens
2290 3683 2531 3722 omnem
2568 3673 2845 3721 naturam
2878 3664 3096 3720 animae
3131 3668 3186 3719 et
3217 3664 3629 3733 cogitationes,

1974 3772 2043 3812 ac
2074 3773 2319 3811 omnem
2368 3754 2786 3820 substantiam,
2820 3758 2877 3808 et
2927 3753 3132 3808 omnia
3188 3752 3460 3807 membra
3505 3767 3630 3807 cor-

1972 3846 2134 3917 poris
2162 3860 2439 3900 recreans
2472 3850 2527 3898 et
2551 3841 2890 3897 retocillans
2921 3840 3127 3896 divina
3157 3844 3212 3894 et
3242 3839 3629 3895 inenarrabili

1972 3932 2285 4005 requie.Id
2344 3930 2504 4003 quod
2553 3929 2700 3985 dixit
2727 3927 3045 4000 Apostolus
3076 3928 3234 3983 :Nos
3278 3942 3397 3982 non
3424 3942 3626 3982 sumus

1969 4022 2085 4091 ﬁlii
2108 4026 2318 4086 noctis,
2341 4036 2529 4091 neque
2550 4018 2928 4076 tenebrarum
2951 4036 2970 4072 .-
2998 4031 3195 4073 omnes
3209 4017 3363 4072 enim
3397 4030 3494 4070 vos
3512 4015 3629 4084 ﬁlii

1974 4113 2122 4168 lucis
2142 4113 2276 4167 estis
2302 4118 2355 4167 el
2383 4109 2499 4177 ﬁlii
2523 4109 2640 4166 diei
2668 4109 2736 4162 ³⁵.
2764 4109 2827 4162 Et
2861 4105 3380 4178 quemadmodum
3406 4103 3541 4169 illic,
3567 4104 3626 4160 in

1972 4201 2070 4256 via
2084 4216 2355 4266 erronea,
2370 4200 2678 4255 hominem
2703 4199 2999 4266 integrum
3018 4211 3087 4251 ac
3108 4194 3435 4266 perfeblum
3467 4194 3628 4249 exuit

1969 4288 2153 4345 homo
2187 4293 2373 4353 vetus,
2404 4294 2460 4343 et
2491 4292 2681 4356 gestat
2708 4285 3125 4341 indumentum
3154 4283 3320 4352 regni
3355 4284 3625 4339 tenebra-

1970 4396 2126 4446 rum,
2180 4379 2599 4435 vestimentum
2659 4373 3078 4447 blasphemiae,
3120 4372 3493 4437 ditﬁdentiae,
3522 4389 3626 4428 au-

1493 4481 1855 4555 φιλαργυρίας,

1980 4468 2178 4535 iacias,
2233 4468 2429 4523 inanis
2477 4465 2698 4537 glorias,
2751 4464 3064 4535 superbiae.
3099 4463 3363 4519 avaritiaa
3395 4467 3449 4518 et
3488 4478 3625 4519 con-

1969 4556 2373 4629 cupiscentiaa,
2404 4560 2460 4611 et
2491 4554 2607 4610 alia
2637 4552 2856 4609 similia
2897 4552 3065 4622 regni
3097 4551 3476 4607 tenebrarum
3519 4567 3618 4622 ge-

1968 4647 2225 4702 stamina
2255 4660 2550 4717 pannosa,
2602 4642 2843 4714 impura
2890 4647 2945 4696 et
2976 4641 3427 4697 contaminata:
3484 4641 3565 4695 sic
3591 4656 3621 4697 e

240 4661 471 4719 σκότους
492 4661 758 4731 φορίματα
780 4654 997 4731 ῥακώδη
1036 4662 1124 4709 καὶ
1174 4657 1467 4730 ἀκάθαρτα,
1521 4665 1611 4712 xui
1636 4664 1804 4734 μιαρά
1840 4681 1852 4694 ’

231 4748 386 4802 οὕτω
439 4747 593 4799 πάλιν
650 4746 870 4800 ἐνταῦθα
922 4746 1037 4800 ὅσοι
1098 4744 1432 4801 ἁπεδύσαντο
1483 4752 1570 4801 τόν
1633 4751 1855 4804 παλαιόν

228 4842 334 4890 καὶ
389 4838 759 4908 καταχθόνιον,
808 4837 1077 4909 ἄνθρωπον
1125 4841 1216 4889 xui
1272 4839 1429 4900 ὅσους
1457 4837 1520 4890 ἂν
1562 4836 1852 4903 ἐξέδυσενὸ

231 4928 459 4985 Ἰησοῦς
514 4928 581 4977 τὰ
657 4922 926 4997 ἐνδύματα
979 4933 1069 4985 τῆς
1122 4924 1401 4998 βασιλείας
1452 4935 1545 4979 τοῦ
1606 4933 1847 4997 σκότους,

233 5009 559 5067 ἐνεδύσαντο
610 5017 696 5067 τόν
750 5020 858 5067 νίον
925 5018 1015 5066 xui
1072 5016 1374 5088 ἐπουράνιον
1425 5017 1694 5090 ἄνθρωπον
1749 5018 1849 5079 Ἰη-

240 5109 378 5156 σοῦν
425 5106 674 5174 Χριστόν,
731 5103 883 5156 πάλιν
931 5103 1117 5174 ὁμοίως
1168 5103 1465 5176 ὀφθαλμοὺς
1494 5110 1623 5181 πρός
1654 5107 1846 5181 ὀφθαλ-

234 5195 400 5264 μούς,
452 5188 560 5244 ὦτα
609 5194 735 5266 πρὸς
798 5188 929 5257 ὦτα,
987 5192 1209 5264 κεφαλὴν
1264 5196 1395 5267 πρὸς
1459 5197 1702 5268 κεφαλὴν,
1766 5200 1847 5252 ἶνα

237 5281 365 5341 ὅλος
391 5282 620 5354 καθαρὸς
650 5277 705 5354 ᾖ,
732 5286 823 5334 xui
852 5288 1018 5354 φορῶν
1048 5286 1141 5339 τὴν
1172 5280 1477 5355 ἐπουράνιον
1505 5284 1700 5345 εἰκόνα.

319 5368 399 5424 Ε’.
454 5374 553 5424 Καὶ
609 5366 846 5424 ἐνέδυσεν
877 5372 1063 5434 αὐτοὺς
1102 5374 1128 5425 ό
1152 5376 1344 5449 Κύριος
1385 5371 1653 5449 ἐνδύματα
1682 5376 1848 5449 βασι-

248 5458 391 5521 λείας
444 5462 610 5531 φωτός
684 5458 935 5535 ἀρῥήτου,
988 5459 1259 5537 ἐνδύματα
1310 5470 1554 5533 πίστεως,
1609 5464 1840 5535 ἐλπίδος,

1966 4734 2629 4804 converso'quicunque
2677 4736 2972 4787 exuerunt
3023 4735 3280 4784 veterem
3339 4733 3396 4785 et
3450 4733 3624 4784 terre-

1966 4829 2142 4879 strem
2171 4824 2478 4879 hominem
2507 4828 2582 4887 et,
2610 4834 3008 4892 quoscunque
3063 4818 3225 4873 exuit
3253 4819 3424 4872 Jesus
3447 4818 3621 4873 vesti-

1963 4914 2179 4969 mentis
2213 4911 2379 4982 regni
2412 4910 2814 4974 tenebrarum,
2845 4908 3169 4963 induerunt
3200 4905 3280 4961 illi
3317 4922 3540 4962 novum
3561 4910 3619 4963 et

1961 5001 2263 5058 caelestem
2320 5000 2628 5056 hominem
2679 4998 2882 5054 Jesum
2933 4996 3254 5061 Christum,
3313 4998 3374 5051 ut
3412 5011 3617 5051 rursus

1959 5091 2115 5148 oculi
2145 5090 2351 5158 oculis,
2381 5104 2555 5145 aures
2613 5087 2881 5151 auribus,
2912 5089 3094 5156 caput
3146 5084 3325 5156 capiti
3365 5083 3616 5155 conjun-

1958 5185 2196 5251 gantur,
2232 5185 2293 5236 ut
2320 5184 2480 5236 totus
2508 5192 2692 5250 purus
2718 5176 2810 5242 sit,
2852 5182 3098 5246 gestans
3145 5172 3473 5245 imaginem
3504 5189 3617 5230 cos-

1954 5269 2164 5327 lestem
2177 5308 2191 5323 .

2031 5379 2092 5434 V.
2126 5378 2191 5433 Et
2245 5374 2439 5431 induit
2490 5375 2653 5445 ipsos
2683 5372 2971 5430 Dominus
3026 5369 3395 5428 indumentis
3443 5368 3612 5439 regni

1954 5466 2106 5524 lucis
2151 5480 2410 5531 arcane,
2468 5463 2833 5520 indumentis
2862 5461 3025 5526 ﬁdei,
3072 5459 3220 5532 spei,
3258 5457 3613 5521 dilectionis,

339 5690 388 5727 "
440 5690 594 5751 Psal.
622 5706 712 5759 ιν,
742 5697 797 5750 7.
874 5692 922 5732 ’⁸
950 5695 1121 5756 Joan.
1153 5710 1193 5770 ι,
1244 5697 1335 5756 29.
1410 5696 1457 5739 ³⁸
1485 5697 1506 5757 Ι
1535 5696 1738 5759 Thess.
1769 5714 1829 5771 v,
1864 5705 1920 5763 5.
