4086 6194
448 275 555 333 467

1749 276 1808 331 S.
1852 274 2161 332 MACARII
2199 271 2514 329 EGYPTII

3706 270 3817 327 468

444 400 672 472 gaudii,
709 402 894 474 pacis,
935 399 1241 465 bonitatis,
1282 400 1674 459 humanitatis
1712 406 1770 458 et
1807 401 2091 459 omnibus

2211 398 2435 471 ἀγάπης,
2467 417 2660 473 χαρας,
2715 397 2938 472 εἰρήνης,
2995 397 3356 471 ἀγαθωσύνης,
3422 400 3813 471 χρηστότητος,

444 491 672 548 caeteris
698 491 1063 547 indumentis
1091 490 1261 556 lucis,
1289 491 1444 555 vitae,
1468 490 1704 554 divinis,
1733 490 2091 555 viventibus,

444 581 668 653 requiei
709 579 1126 636 inenarrabilis
1160 599 1170 638 :
1206 586 1269 634 ut
1297 580 1547 651 perinde
1579 596 1648 635 ac
1676 583 1829 635 Deus
1860 579 2095 635 dilectio

446 675 549 740 est,
583 675 640 726 et
670 669 977 739 gaudium,
1009 673 1068 724 et
1094 684 1234 740 pax,
1264 674 1320 725 et
1350 668 1713 738 benignitas,
1745 675 1799 723 et
1833 668 2091 735 bonitas,

446 759 581 816 talis
611 764 667 814 et
700 774 893 814 novus
916 759 1098 813 homo
1128 758 1231 813 fiat
1255 774 1360 830 per
1391 759 1665 826 gratiam.
1699 761 1763 813 Et
1793 758 2093 830 quemad-

444 848 697 905 modum
729 864 981 919 regnum
1005 848 1384 904 tenebrarum
1407 853 1461 902 et
1478 853 1792 920 peccatum
1815 849 1873 902 in
1891 847 2098 903 anima

443 953 637 1009 usque
686 937 762 993 ad
811 938 970 992 diem
1019 936 1465 993 resurrectionis
1514 936 1934 992 absconditum
1987 941 2095 1001 est,

444 1026 692 1098 quando
733 1026 933 1098 ipsum
973 1040 1191 1098 corpus
1229 1032 1612 1098 peccatorum
1653 1042 1789 1081 cum
1840 1025 2099 1081 tenebris

444 1131 608 1171 nunc
622 1116 680 1170 in
695 1114 1221 1171 animaoccultatis
1235 1114 1593 1171 revelabitur
1616 1134 1628 1174 :
1657 1115 1743 1170 sic
1758 1119 1814 1171 et
1842 1129 2098 1184 regnum

443 1202 618 1271 lucis,
662 1210 717 1259 et
759 1203 1008 1259 ccelestis
1046 1197 1266 1276 imago,
1307 1205 1477 1259 Jesus
1518 1204 1807 1269 Christus,
1849 1203 2097 1276 mystice

443 1307 607 1348 nunc
630 1294 894 1349 animam
928 1292 1243 1357 illuminat,
1268 1298 1323 1347 et
1349 1293 1692 1349 dominatur
1714 1294 1930 1350 animis
1961 1309 2098 1349 san-

446 1387 699 1438 ctorum.
756 1382 1156 1438 Absconditus
1199 1397 1337 1437 vero
1387 1381 1464 1438 ab
1529 1382 1715 1438 oculis
1782 1382 2097 1438 hominum

446 1470 886 1536 Cbristus,solis
915 1470 1104 1526 oculis
1133 1472 1350 1526 animm
1380 1486 1516 1527 vere
1530 1472 2100 1543 conspiciturnsque

447 1560 525 1615 ad
556 1560 714 1615 diem
754 1560 1223 1627 resurrectionis,
1263 1560 1512 1631 quando
1552 1565 1610 1616 et
1648 1560 1848 1632 ipsum
1882 1576 2102 1633 corpus

445 1647 821 1715 revelabitur,
871 1654 927 1705 et
986 1649 1417 1719 gloriﬁcabitur
1471 1649 1603 1705 luce
1654 1651 1912 1719 Domini,
1961 1666 2098 1722 quas

445 1752 607 1793 nunc
644 1744 732 1794 est
763 1738 821 1793 in
862 1739 1067 1794 anima
1104 1739 1386 1805 hominis,
1428 1750 1491 1795 ut
1528 1744 1586 1794 et
1634 1740 1832 1811 ipsum
1878 1756 2098 1811 corpus

444 1834 651 1896 regnet
704 1844 843 1883 cum
900 1828 1124 1889 anima,
1177 1844 1311 1899 quin
1370 1844 1531 1883 nunc
1585 1844 1838 1898 regnum
1891 1828 2098 1883 Christi

446 1920 787 1982 consecuta,
830 1916 1145 1989 requiescit
1184 1922 1239 1972 et
1276 1917 1408 1972 luce
1446 1917 1653 1973 divina
1698 1917 2094 1973 illuminatur.

447 2004 644 2061 Gloria
676 2005 1264 2062 sitcommiseratioui
1281 2011 1336 2060 et
1349 2006 1772 2062 misericordiae
1789 2007 1940 2077 ejus,
1956 2006 2099 2079 quia

449 2093 766 2149 miseretur
806 2110 1113 2150 servorum
1155 2111 1424 2157 suorum.
1459 2095 1772 2161 illuminat,
1800 2103 1857 2152 et
1887 2096 2101 2152 liberat

447 2197 552 2239 eos
590 2199 661 2239 ex
690 2199 875 2254 regno
906 2187 1311 2246 tenebrarum,
1345 2201 1415 2241 ac
1442 2185 1630 2241 donat
1654 2202 1753 2240 eos
1784 2185 2012 2240 lumine
2043 2188 2101 2239 et

448 2284 643 2343 regno
676 2289 806 2338 suo,
832 2273 924 2328 cui
947 2272 1132 2342 gloria
1153 2278 1210 2328 et
1242 2274 1504 2344 potentia
1528 2275 1585 2328 in
1618 2274 1858 2330 saecula.
1884 2278 2092 2328 Amen.

2205 494 2294 542 xui
2352 490 2520 541 πάντα
2578 490 2764 560 ὁμοίως
2820 490 2887 541 τά
2942 487 3063 551 ἑξῆς
3113 485 3378 560 ἐνδύματα
3433 491 3622 560 φωτὸς,
3673 488 3816 547 ζωῆς

2210 580 2374 644 θεῐκά,
2436 579 2624 643 ζῶντα,
2676 580 3013 640 αναπαύσεως
3069 576 3439 641 ἀνεκλαλήτου,
3483 577 3567 629 ἱνα
3612 577 3812 647 ὥσπερ,

2206 668 2231 719 6
2263 670 2395 729 Θεὸς
2442 665 2617 737 ἀγάπη
2678 666 2810 732 ἐστὶ,
2872 673 2963 720 καὶ
2990 669 3160 740 χαρὰ,
3193 670 3279 719 καὶ
3311 666 3511 741 εἰρήνη,
3540 669 3630 716 καὶ
3669 682 3815 738 χρη-

2209 762 2422 821 στότης,
2479 761 2568 809 xui
2617 755 2928 827 ἀγαθωσύνη
2963 771 2977 786 ⁸
3020 755 3153 809 οὓτω
3205 761 3295 808 καὶ
3325 757 3351 808 6
3380 759 3488 817 νέος
3540 755 3818 826 ἄνθρωπος

2206 851 2420 918 γένηται
2490 847 2625 898 κατὰ
2683 848 2867 918 χάριν.
2924 850 3025 899 Καὶ
3087 847 3264 918 ὥσπερ
3331 846 3359 903 ή
3413 842 3661 915 βασιλεία
3715 847 3816 893 τοῦ

2211 939 2431 996 σκότους
2489 939 2578 987 καὶ
2622 936 2651 993 ή
2707 934 2944 1006 ἁμαρτία
2996 934 3280 1006 κέκρυπται
3339 933 3406 993 εἰς
3470 935 3564 990 τήν
3619 929 3816 1001 ψυχήν

2207 1025 2299 1085 ἕως
2347 1026 2543 1099 ἡμέρας
2583 1032 2675 1085 τῆς
2704 1025 3058 1090 ἀναστάσεως,
3101 1024 3221 1077 ὅταν
3270 1026 3355 1075 xui
3398 1021 3524 1074 αὐτό
3565 1024 3623 1073 τὸ
3652 1028 3817 1091 σῶμα

2206 1121 2305 1166 τῶν
2362 1111 2679 1187 ἁμαρτωλῶν
2732 1121 2803 1183 τῷ
2856 1117 3030 1165 σκότει
3076 1112 3312 1185 καλυφθῇ
3365 1119 3437 1182 τῷ
3468 1109 3568 1162 ἀπὸ
3598 1116 3689 1161 τοῦ
3717 1115 3815 1160 νῦν

2207 1206 2543 1275 κεκρυμμένῳ
2601 1201 2673 1262 εἰς
2726 1205 2818 1260 τήν
2863 1201 3052 1273 ψυχήν
3081 1218 3097 1235 ⁸
3130 1201 3267 1253 οὕτω
3310 1204 3401 1253 καὶ
3460 1201 3490 1258 ἡ
3559 1196 3815 1271 βασιλεία

2207 1299 2299 1344 τοῦ
2340 1294 2522 1362 φωτός,
2568 1295 2658 1343 καὶ
2698 1293 2727 1349 ἡ
2772 1289 3076 1367 ἐπουράνιος
3125 1290 3273 1343 εἰκὼν
3320 1291 3526 1349 Ἰησοῦς
3574 1289 3815 1361 Χριστός

2209 1388 2479 1452 μυστικῶς
2524 1386 2612 1432 νῦν
2663 1384 2757 1438 τήν
2787 1380 2974 1451 ψυχήν
3020 1380 3254 1452 φωτίζει,
3282 1382 3372 1431 καὶ
3423 1377 3689 1451 βασιλεύει
3736 1374 3813 1435 εἰς

2208 1473 2300 1527 τήν
2352 1468 2539 1541 ψυχήν
2591 1476 2691 1520 τῶν
2754 1468 2913 1540 ἁγίων
2944 1488 2956 1501 ·
3009 1472 3356 1543 κεκρυμμένος
3426 1463 3486 1519 δι
3554 1464 3655 1518 ἀπὸ
3704 1471 3810 1516 τῶν

2211 1558 2484 1631 ὀφθαλμῶν
2526 1565 2625 1610 τῶν
2681 1556 2982 1631 ἀνθρώπων,
3030 1563 3202 1629 μόνοις
3253 1556 3366 1610 ἐστὶ
3417 1558 3645 1629 Χριστὸς
3700 1560 3815 1613 τοῖς

2211 1656 2306 1710 τῆς
2354 1647 2541 1719 ψυχῆς
2607 1646 2891 1718 ὀφθαλμοῖς
2947 1650 3285 1719 θεωρούμενος
3346 1644 3395 1697 iv
3441 1643 3657 1715 ἀληθείᾳ
3708 1643 3814 1702 ἕως

2141 1748 2179 1801 Β
2211 1739 2409 1810 ἡμέρας
2450 1744 2547 1798 τῆς
2608 1734 2957 1801 ἀναστάσεως,
3013 1737 3097 1789 ὅτε
3162 1740 3251 1788 καὶ
3329 1734 3453 1787 αὐτὸ
3524 1736 3581 1786 τό
3652 1739 3815 1803 σῶμα

2208 1826 2597 1897 καλυφθήσεται
2638 1830 2727 1877 καὶ
2768 1822 3161 1888 δοξασθήσεται
3190 1832 3261 1896 τῷ
3289 1831 3378 1877 τοῦ
3425 1828 3617 1896 Κυρίου
3650 1824 3812 1893 φωτὶ,

2209 1917 2279 1986 τῷ
2320 1920 2427 1968 ὄντι
2484 1913 2585 1967 ἀπὸ
2619 1921 2710 1967 τοῦ
2748 1922 2837 1966 νῦν
2878 1916 2927 1967 iv
2967 1912 3038 1985 τῷ
3080 1913 3332 1985 ἀνθρώπῳ
3373 1913 3439 1973 εἰς
3475 1916 3567 1969 τήν
3595 1910 3812 1981 ψυχὴν,

2208 2004 2294 2057 ἳνα
2342 2009 2432 2056 καὶ
2462 2004 2588 2056 αὐτὸ
2638 2008 2695 2056 τὸ
2742 2012 2893 2075 σῶμα
2942 2003 3338 2076 συμϐασιλεύσῃ
3393 2010 3455 2075 τῇ
3511 2000 3690 2072 ψυχῇ,
3741 2006 3811 2071 τῇ

2210 2094 2310 2147 ἀπὸ
2350 2100 2441 2145 τοῦ
2465 2101 2552 2145 νῦν
2600 2092 2935 2165 λαμϐανούσῃ
2972 2098 3064 2152 τήν
3111 2091 3384 2165 βασιλείαν
3428 2098 3519 2143 τοῦ
3554 2095 3813 2162 Χριστοῦ,

2209 2181 2568 2254 ἀναπαυομένη
2638 2187 2727 2235 xui
2793 2183 3115 2255 φωτιζομένή
3188 2186 3316 2254 φωτὶ
3388 2180 3596 2250 αἰωνίῳ,
3675 2177 3819 2241 Δόξα

2212 2278 2314 2331 τοῖς
2356 2271 2649 2343 οἰκτιρμοῖς
2698 2276 2787 2324 xui.
2828 2279 2888 2343 τῇ
2947 2270 3314 2342 εὐσπλαγχνίᾳ
3344 2268 3524 2333 αὐτοῦ,
3559 2268 3636 2319 ὂτι
3683 2265 3817 2319 έλεεῖ

449 2364 570 2422 τοὺς
618 2358 836 2424 δούλους
876 2362 1079 2428 ἑαυτοῦ,
1118 2366 1207 2414 καὶ
1248 2365 1480 2435 φωτίζει,
1521 2368 1609 2415 καὶ
1646 2364 1826 2438 ῥύεται
1866 2362 2057 2423 αὐτοὺς
2099 2359 2153 2413 ix
2200 2368 2291 2420 τῆς
2331 2357 2612 2432 βασιλείας
2657 2367 2753 2412 τοῦ
2792 2364 3025 2428 σκότους,
3067 2365 3155 2413 καὶ
3196 2359 3482 2432 χαρίζεται
3530 2357 3707 2418 αὐτοῖς
3748 2358 3811 2407 τὸ

455 2448 641 2503 ἑαυτοῦ
673 2459 794 2523 φῶς,
836 2456 925 2503 καὶ
950 2455 1044 2510 τήν
1072 2451 1256 2504 ἑαυτοῦ
1295 2450 1565 2523 βασιλείαν
1591 2451 1630 2525 ᾧ
1655 2454 1707 2511 ή⁵
1730 2449 1883 2521 δόξα,
1924 2451 2013 2504 καί
2042 2454 2100 2503 τὸ
2132 2450 2341 2525 κράτος,
2375 2448 2445 2511 εἰς
2475 2452 2595 2511 τοὺς
2627 2449 2839 2511 αἰῶνας.
2881 2448 3072 2521 Ἀμήν.

1063 2576 1354 2631 HOMlLlA
1384 2576 1476 2631 Ill.

454 2661 622 2729 Quod
642 2663 870 2732 fratres
894 2662 956 2719 in
984 2664 1342 2728 sinceritate,
1371 2664 1770 2735 simplicitate,
1795 2664 2103 2721 dilectione

521 2748 591 2808 ac
619 2749 766 2808 pace
793 2735 950 2808 inter
977 2751 1037 2792 se
1061 2737 1425 2808 conversari,
1452 2752 1523 2793 ac
1550 2737 1615 2792 in
1645 2738 2101 2808 cogitationibus

522 2805 772 2862 internis
805 2807 1020 2864 bellum
1052 2822 1258 2878 gerere
1286 2807 1556 2864 debeant.

2829 2578 3076 2627 ΟΜΙΛΙΑ
3116 2570 3188 2630 Γ.

2207 2660 2348 2714 Ὀτι
2404 2662 2463 2714 οἱ
2521 2658 2802 2736 ἀδελφοὶ
2840 2661 2897 2714 iv
2939 2662 3365 2736 εἰλικρινείᾳ,
3416 2659 3473 2712 iv
3510 2659 3815 2736 uxepuié-

2283 2753 2453 2807 τητι,
2504 2733 2564 2786 iv
2604 2730 3017 2807 ἀγάπηηκαὶ
3057 2730 3291 2807 εἰρήνη,
3321 2730 3447 2804 μετ’
3505 2730 3813 2807 ἀλλήλων

2285 2801 2685 2877 συνδιάγειν,
2718 2801 2824 2857 xui
2864 2802 2922 2856 iv
2961 2812 3095 2867 τοῖς
3120 2801 3621 2877 ἔσω’).ογισμοῖς
3650 2801 3815 2873 ἀγῶ-

2280 2896 2351 2929 να
2390 2882 2497 2929 καὶ
2534 2877 2810 2949 πόλεμον
2852 2884 3064 2930 ποιεῖν
3104 2877 3496 2950 ὀφείλουσιν.

520 3002 561 3054 Ι.
596 3003 824 3057 Fratres
839 3001 898 3056 in
915 3017 1154 3058 summa
1165 3001 1741 3059 dilectioneinvicem
1759 3002 2099 3060 conversari

2280 3001 2361 3058 A'.
2414 3003 2480 3054 Oi
2529 2997 2740 3074 ἀδελφοὶ
2779 3001 3068 3073 ὀφείλουσιν
3121 3000 3169 3053 iv
3213 3001 3389 3074 ἀγάπῃ
3432 2998 3588 3059 πολλῆ
3636 3005 3816 3052 συνεῖ-

448 3089 689 3157 debent,
721 3090 845 3146 sive
875 3107 1080 3162 preces
1104 3091 1342 3155 faciant,
1373 3092 1496 3148 sive
1520 3091 1721 3162 legant
1742 3091 2096 3163 Scripturas,

448 3180 574 3236 sive
604 3180 799 3251 operis
820 3180 967 3252 quid
986 3182 1223 3247 faciant,
1241 3187 1305 3238 ut
1318 3180 1780 3237 fundamentum
1794 3181 2098 3238 charitatis

449 3273 728 3324 mutuum
760 3269 1064 3340 habeant;
1098 3275 1155 3326 et
1184 3270 1265 3326 ita
1293 3271 1612 3341 approbari
1654 3277 1931 3341 poterunt
1961 3270 2095 3327 illo-

446 3372 583 3412 rum
614 3358 881 3413 instituta
910 3374 1016 3413 seu
1055 3359 1272 3422 studia,
1295 3365 1351 3414 et
1388 3359 1491 3430 qui
1528 3358 1811 3431 precibus
1849 3375 2097 3430 operam

449 3446 617 3511 dant,
652 3450 705 3501 et
734 3446 839 3517 qui
866 3448 1091 3516 legunt,
1124 3452 1181 3503 et
1208 3448 1309 3519 qui
1336 3454 1681 3519 operantur,
1713 3464 1923 3504 omnes
1954 3464 2098 3520 pos-

450 3538 590 3589 sunt
619 3534 676 3588 in
728 3535 1061 3591 sinceritate
1110 3540 1164 3592 et
1220 3536 1597 3607 simplicitate
1661 3536 1944 3607 degentes
1974 3554 2003 3594 a
2038 3553 2099 3593 se

448 3621 707 3678 invicem
752 3623 1048 3695 adjuvari.
1096 3627 1209 3681 Cur
1255 3625 1413 3680 enim
1462 3626 1745 3697 scriptum
1810 3632 1916 3693 est,
1961 3628 2098 3683 Fiat

448 3713 728 3769 voluntas
759 3717 861 3769 tua
875 3713 1026 3769 sicut
1048 3715 1110 3770 in
1129 3715 1274 3771 coelo
1295 3721 1348 3770 et
1362 3716 1421 3771 in
1437 3717 1659 3771 terra"
1683 3715 1712 3768 ‘2
1742 3717 1783 3786 ι
1803 3718 1845 3787 ι
1860 3717 2098 3789 ‘utquo-

447 3800 633 3857 modo
672 3801 867 3872 angeli
906 3803 965 3857 in
1006 3802 1168 3858 caelis
1209 3804 1359 3860 inter
1409 3820 1472 3860 se
1519 3806 1992 3874 congrediuntur
2039 3807 2100 3861 in

447 3890 837 3947 unanimitate
868 3908 1128 3957 summa,
1146 3892 1203 3947 in
1222 3908 1365 3963 pace
1391 3892 1776 3950 etdilectione
1789 3896 2097 3963 degentes,

448 3994 558 4035 nec
589 3986 674 4036 est
714 3980 868 4036 ullus
899 3981 1014 4037 illic
1042 3981 1231 4037 fastus
1273 3987 1374 4037 aut
1411 3982 1638 4038 invidia
1668 4000 1684 4049 ;
1722 3983 1822 4038 sed
1866 3984 1924 4039 in
1956 3983 2104 4039 dile-

449 4068 642 4124 ctione
683 4074 737 4125 et
778 4069 1113 4125 sinceritate
1146 4074 1356 4126 mutua
1386 4079 1812 4127 conversantur
1844 4088 1856 4124 :
1887 4071 2101 4127 eodem

448 4156 635 4212 modo
661 4157 869 4213 fratres
909 4158 1060 4213 inter
1090 4173 1151 4214 se
1174 4158 1308 4213 sint.
1347 4159 1647 4229 Contingit
1680 4160 1983 4231 quosdam
2024 4160 2103 4216 ad

450 4244 685 4314 triginta
710 4245 769 4299 in
805 4261 988 4301 unum
1021 4247 1360 4313 convenire,
1388 4252 1576 4303 totum
1599 4247 1757 4303 diem
1781 4265 1849 4305 ac
1867 4255 2102 4306 noctem

2208 3112 2291 3144 ναι
2323 3090 2580 3156 ἀλλήλοις,
2639 3094 2738 3143 εἶτε
2786 3093 3051 3163 εὔχονται,
3102 3093 3199 3143 εἴτε
3253 3089 3672 3161 ἀναγινώσκουσι
3714 3090 3813 3149 τὰς

2209 3182 2431 3255 Γραφάς,
2478 3182 2577 3232 εἶτε
2620 3182 2766 3251 ἔργον
2796 3199 2849 3232 τι
2892 3188 3153 3244 ποιοῦσιν,
3187 3180 3271 3231 ἵνα
3314 3181 3482 3250 ἔχωσι
3528 3180 3614 3230 τὸν
3659 3179 3815 3249 θεμέ-

2207 3268 2314 3322 λιον
2356 3278 2449 3331 τῆς
2501 3267 2712 3340 ἀγάπης
2761 3271 2887 3342 πρὸς
2918 3267 3205 3332 ἀλλήλους·
3234 3272 3325 3321 καὶ
3372 3268 3531 3326 οὐτως
3583 3263 3817 3323 δύναται

2209 3355 2429 3412 εὐδοκία
2482 3359 2722 3427 γενέσθαι
2779 3360 2849 3422 εἰς
2902 3356 3096 3420 ἐκείνας
3161 3360 3255 3420 τάς
3310 3361 3660 3433 προαιρέσεις,
3718 3360 3815 3408 καὶ

2209 3449 2258 3500 οἱ
2308 3447 2600 3519 εὐχόμενοι,
2638 3450 2727 3498 καὶ
2786 3448 2834 3498 οἰ
2882 3444 3340 3517 ἀναγινώσκοντες,
3388 3450 3479 3498 καὶ
3505 3447 3553 3497 οἱ
3594 3445 3817 3519 ἐργαζό-

2211 3556 2374 3609 μενοι,
2406 3538 2589 3598 πάντες
2644 3531 2893 3588 δύνανται
2948 3535 2995 3587 ἐν
3044 3536 3377 3609 ἀκεραιότητι
3418 3540 3507 3588 xui
3555 3534 3815 3591 ἁπλότητι

2212 3624 2482 3697 διάγοντες
2538 3623 2649 3697 μετ’
2690 3623 2917 3683 ἀλλήλων
2972 3624 3315 3697 ὠφεληθῆναι.
3372 3629 3434 3677 Τί
3480 3626 3578 3697 γάρ
3614 3627 3812 3695 γέγρα-

2210 3735 2354 3780 πται,
2396 3714 2743 3771 Γενηθήτω
2781 3718 2852 3766 τό
2896 3714 3135 3786 θέλημά
3178 3733 3289 3766 σου
3330 3716 3408 3775 ὡς
3463 3712 3519 3764 iv
3560 3712 3813 3785 οὐρανῷ

2210 3808 2321 3855 καὶ
2360 3801 2461 3855 ἐπὶ
2497 3811 2568 3862 τῆ
2591 3824 2612 3864 ς
2651 3812 2768 3874 γῆς
2794 3820 2807 3871 ;
2838 3804 2918 3854 ἱνα
2941 3804 2992 3854 ὃν
3023 3809 3214 3879 τρόπον
3241 3804 3289 3855 οἱ
3319 3800 3367 3853 iv
3397 3802 3628 3875 οὐρανοῖς
3655 3803 3815 3873 οῖγγε-

2210 3891 2291 3944 λοι
2322 3895 2550 3945 σύνεισιν
2580 3892 2840 3956 ἀλλήλοις,
2884 3891 2931 3943 ἐν
2973 3893 3188 3963 ὁμονοία
3211 3891 3396 3964 πολλῇ,
3428 3890 3477 3943 iv
3503 3891 3678 3966 εἰρήνη
3720 3896 3815 3944 καὶ

2214 3981 2390 4055 ἀγάπη
2445 3978 2734 4054 διάγοντες,
2780 3987 2870 4033 καὶ
2903 3982 2996 4033 οὐκ
3042 3984 3181 4034 ἔστιν
3217 3980 3321 4033 ἐκεῖ
3360 3982 3599 4053 ἔπαρσις,
3622 3982 3651 4040 ἢ
3686 3982 3817 4051 φθό·

2212 4091 2297 4132 νος
2329 4088 2341 4100 ⁶
2399 4069 2506 4122 ἀλλ’
2563 4070 2612 4123 ἐν
2681 4073 2857 4143 ἀγάπῃ
2923 4074 3012 4122 καὶ
3066 4070 3363 4141 εἰλικρινείᾳ
3412 4068 3521 4142 μετ’
3578 4068 3814 4127 ἀλλήλων

2216 4160 2365 4226 εἰσὶν,
2421 4160 2585 4222 οὕτως
2644 4160 2726 4211 ἵνα
2776 4165 2861 4212 xui
2921 4160 2969 4212 οἱ
3001 4155 3214 4230 ἀδελφοὶ
3262 4156 3362 4211 ὦσι
3401 4158 3510 4233 μετ’
3559 4157 3812 4216 ἀλλήλων.

2217 4248 2491 4321 Συμϐαίνει
2542 4252 2685 4311 τινὰς
2740 4246 2867 4301 εἶναι
2899 4250 3179 4324 τριάκοντα
3216 4249 3315 4300 ύπό
3364 4252 3421 4299 τό
3466 4248 3534 4315 ἓν,
3567 4247 3686 4305 ὅλην
3718 4252 3816 4306 τήν

452 4348 574 4388 una
604 4348 989 4404 perseuerare
1014 4350 1133 4389 non
1161 4342 1446 4406 possunt;
1471 4336 1573 4391 sed
1606 4337 1850 4409 quidam
1893 4354 2099 4395 eorum

2216 4341 2412 4414 ἡμέραν
2459 4342 2549 4390 xui
2599 4343 2693 4397 τήν
2738 4341 2900 4391 νύκτα
2952 4338 3011 4391 οὐ
3063 4335 3309 4390 δύνανται
3360 4345 3769 4410 προσκαρτερεῖν
3799 4357 3814 4371 ο

452 4420 598 4475 dant
627 4436 872 4490 operam
906 4422 1183 4494 precibus
1211 4440 1315 4479 sex
1342 4424 1543 4490 horas,
1571 4432 1627 4481 et
1647 4426 1848 4482 volunt
1874 4427 2102 4498 legere:

453 4507 703 4579 quidam
742 4525 884 4565 vero
948 4517 1221 4584 prompte
1276 4528 1346 4569 ac
1402 4512 1692 4570 benevole
1739 4516 2105 4584 ministrant,

455 4597 649 4653 caeteri
679 4614 751 4655 ex
781 4598 926 4671 ipsis
957 4600 1154 4671 operis
1194 4601 1339 4675 quid
1372 4602 1617 4661 faciunt.

525 4721 592 4777 II.
626 4722 853 4780 Debent
884 4724 1064 4797 igitur
1100 4726 1329 4795 fratres,
1364 4728 1409 4784 si
1449 4730 1595 4801 quid
1634 4732 1831 4802 operis
1863 4730 2101 4798 faciunt,

454 4809 514 4867 in
548 4812 832 4870 charitate
872 4820 928 4870 et
978 4814 1183 4873 laetitia
1232 4817 1382 4873 inter
1412 4834 1473 4873 se
1500 4821 1842 4875 conversari
1878 4836 1890 4887 ;
1922 4826 1978 4876 et
2003 4821 2105 4892 qui

454 4906 758 4971 operatur,
786 4903 860 4958 de
899 4919 991 4970 eo,
1024 4905 1128 4976 qui
1172 4922 1377 4977 preces
1408 4906 1569 4973 facit,
1598 4910 1683 4963 sic
1712 4908 1871 4963 dicat
1904 4925 1917 4964 :
1958 4910 2106 4966 Tlte-

454 5004 701 5046 saurum
715 5008 883 5063 quem
895 4995 919 5063 Ι
925 5009 994 5049 ra
1002 5000 1093 5049 ter
1102 5010 1262 5051 meus
1270 4995 1545 5066 possidet,
1560 4998 1838 5068 quoniam
1855 5013 2107 5055 commu-

455 5080 548 5134 nis
579 5082 679 5149 εει,
712 5086 766 5136 et
811 5096 915 5152 ego
960 5082 1144 5138 habeo
1174 5100 1191 5149 ;
1223 5089 1279 5138 et
1304 5085 1404 5155 qui
1454 5092 1751 5155 precatur,
1783 5086 1857 5141 de
1884 5102 1974 5150 eo,
2003 5088 2106 5158 qui

453 5166 612 5237 legit,
644 5168 725 5222 sic
755 5169 912 5225 dicat
946 5188 959 5225 :
990 5171 1160 5239 Quod
1187 5172 1292 5229 ille
1332 5176 1589 5243 percipit
1626 5176 1991 5231 commodum
2032 5191 2108 5232 ea:

460 5257 727 5323 lectione,
761 5260 821 5313 in
852 5275 1043 5315 meum
1096 5261 1245 5316 cedit
1273 5262 1529 5318 lucrum.
1581 5263 1643 5317 Et
1674 5265 1774 5333 qui
1806 5270 2108 5336 Operatur,

456 5359 665 5399 rursus
720 5346 802 5401 sic
848 5346 1006 5403 dicat
1062 5362 1074 5402 :
1122 5349 1520 5406 Ministerium
1568 5353 1721 5423 quod
1770 5360 2012 5424 prauos,
2044 5354 2107 5409 in

457 5446 817 5491 commnenm
848 5437 1000 5492 cedit
1025 5437 1362 5495 utilitatem.
1396 5440 1923 5505 Quemadmodum
1949 5444 2109 5499 enim

458 5524 732 5583 membra
782 5528 1051 5598 corporis
1097 5528 1288 5593 multa
1317 5545 1454 5587 cum
1500 5532 1636 5601 sint,
1664 5547 1853 5590 unum
1892 5549 2108 5608 corpus

533 5658 582 5697 ³⁸
607 5658 807 5718 Matth.
836 5675 914 5730 Vl,
953 5664 1036 5719 i0.

2217 4426 2345 4479 ἀλλά
2389 4430 2522 4489 τινες
2558 4431 2647 4500 μὲν
2700 4427 2867 4479 αὐτῶν
2918 4427 3246 4499 σχολάζουσι
3285 4434 3346 4499 τῇ
3392 4426 3523 4499 εὐχῇ
3573 4429 3706 4501 ὧρας
3739 4427 3816 4492 ἒξ,

2216 4520 2304 4567 καὶ
2359 4513 2638 4587 βούλονται
2697 4514 2986 4588 ἀναγνῶναι
3021 4534 3033 4545 ·
3061 4515 3207 4567 α’λλοι
3256 4512 3314 4568 δε
3362 4518 3638 4591 προθύμως
3696 4512 3820 4569 δια-

2214 4612 2476 4674 κονοῦσιν,
2503 4604 2648 4657 α’λλοι
2680 4602 2731 4658 δ’
2762 4605 2815 4669 ἐξ
2850 4605 3014 4659 αὐτῶν
3048 4604 3357 4678 ἐργάζονταί
3387 4624 3438 4657 τι
3468 4607 3635 4677 ἔργον.

2286 4729 2337 4782 B’
2391 4729 2451 4783 ’0
2496 4728 2566 4781 ·’λ
2691 4750 2701 4761 ·
2803 4726 2825 4744 ⁷
2938 4732 2948 4742 ’
3012 4726 3125 4782 ’δλ
3306 4732 3328 4748 ”
3599 4736 3619 4743 ’
3774 4728 3785 4743 ’

2345 4771 2357 4785 .
2456 4750 2535 4801 φιι
2567 4748 2715 4783 ουσιν
2768 4749 2856 4782 ουν
2903 4749 2951 4782 οι
2998 4749 3033 4782 α
3076 4750 3097 4783 ε
3129 4735 3234 4802 φοὶ,
3285 4748 3325 4782 ει
3374 4748 3426 4781 τι
3470 4747 3702 4793 ποιουσι,
3767 4748 3818 4781 εν

2215 4818 2389 4891 ἀγάπῃ
2441 4823 2530 4871 καὶ
2573 4825 2723 4894 χαρᾷ
2768 4820 2894 4872 εἶναι
2941 4820 3050 4891 μετ’
3101 4818 3328 4877 ἀλλήλων
3359 4836 3372 4849 ⁸
3400 4822 3489 4871 xui
3527 4820 3553 4870 6
3596 4821 3820 4892 ἐργαζό-

2215 4927 2364 4981 μενος
2388 4912 2607 4982 περὶτοῦ
2635 4908 2918 4982 εὐχομένου
2932 4909 3066 4961 οὐτω
3090 4908 3393 4979 λεγέτω,ὃτι
3418 4914 3481 4961 '0
3498 4928 3523 4958 v
3562 4909 3587 4959 6
3627 4907 3657 4958 ἀ
3676 4904 3713 4959 δ
3732 4908 3819 4960 ελ-

2216 5002 2323 5069 φός
2359 5017 2481 5069 μου
2533 5004 2769 5051 κτᾶται
2811 5000 3157 5073 θησαυρὸς,
3187 4997 3321 5050 ἐπεὶ
3360 5002 3573 5059 κοινός
3611 4995 3853 5062 ἔστιν,

2215 5085 2387 5157 κάγὼ
2418 5088 2563 5155 ἔχω,
2601 5091 2696 5140 Καὶ
2728 5089 2754 5139 ὁ
2785 5086 3066 5159 εὐχόμενος
3096 5091 3213 5161 περὶ
3252 5094 3343 5139 τοῦ
3377 5084 3819 5157 ἀναγινώσκοντος

2217 5176 2350 5228 οὕτω
2401 5174 2611 5247 λεγέτω,
2666 5176 2744 5230 ὃτι
2796 5175 2862 5229 Ὃ
2901 5175 3148 5237 ἐκεῖνος
3187 5175 3531 5248 ὠφελεῖται
3570 5175 3656 5235 εἰς
3693 5180 3817 5235 τήν

2216 5264 2605 5337 ἀνάγνωσιν,
2638 5265 2728 5326 εἰς
2766 5264 2914 5336 ἐμόν
2951 5272 3332 5339 προσχωρεῖ
3367 5260 3620 5335 κέρδος.
3656 5270 3761 5318 Καὶ
3787 5267 3815 5318 ὁ

2218 5353 2560 5426 ἐργαζόμενος
2589 5350 2738 5417 αὖθις
2763 5360 2917 5407 τοῦτο
2945 5354 3151 5426 λεγέτω,
3185 5355 3266 5406 ὅτι
3294 5358 3419 5413 Τὴν
3459 5350 3812 5407 διακονίαν

2220 5443 2289 5502 ἢν
2350 5451 2528 5509 ποιῶ,
2587 5449 2780 5503 κοινή
2844 5442 3040 5497 ἔστιν
3098 5443 3399 5515 ὠφέλεια.
3454 5442 3653 5517 Ὠσπερ
3690 5447 3814 5516 ’γὰρ

2218 5536 2285 5588 τὰ
2330 5533 2455 5608 με’λη
2498 5542 2589 5589 τοῦ
2639 5540 2875 5610 σώματος
2917 5535 3080 5589 πολλά
3125 5537 3246 5588 ὄντα
3274 5534 3323 5589 ἓν
3368 5535 3482 5588 ἔστι
3518 5542 3691 5609 σῶμα,
3724 5540 3816 5589 xui
