4058 6194
246 287 360 344 ιϐθ

1527 281 1869 339 HOMILLE.
1909 311 1976 324 -—
2017 281 2190 340 HOM.
2234 282 2328 340 Ill.

3491 292 3598 350 470

220 421 519 495 βοηθοῦσιν
573 420 828 486 ἀλλήλοις,
886 423 976 472 καὶ
1044 419 1262 473 ἕκαστον
1313 412 1450 470 ἴδιον
1503 414 1693 469 ἐκτελεῖ
1749 417 1824 488 ἔρ-

1937 417 2095 479 sunt,
2122 419 2178 472 et
2208 431 2272 471 se
2297 420 2506 474 mutuo
2535 420 2849 491 adjuvant,
2878 427 2934 482 et
2965 425 3450 500 unumquodque
3481 441 3594 482 suo

214 531 312 583 γον
344 529 358 542 ο
384 511 521 570 πλὴν
551 512 576 562 ό
607 510 872 582 ὀφθαλμός
896 510 1022 582 ὑπερ
1063 508 1181 561 ὅλου
1221 513 1313 560 τοῦ
1347 511 1589 578 σώματος
1624 503 1822 577 βλέπει,

215 605 311 654 καὶ
360 602 391 659 ἠ
442 607 564 675 χεὶρ
608 600 734 673 ὑπερ
785 599 912 652 ὅλων
963 606 1061 651 τῶν
1091 596 1253 671 μελῶν
1306 596 1597 668 έργάξεται,
1652 599 1743 647 καὶ
1799 595 1824 646 6

215 693 349 752 ποὺς
404 697 702 763 περιπατεῖ,
788 687 884 742 ὅλα
939 690 1006 740 τὰ
1080 691 1210 762 μέρη
1294 684 1672 760 ἐπιφερόμενος,
1734 689 1824 737 καὶ

216 778 342 832 ἄλλο
382 782 698 851 συμπάσχει
730 797 745 813 ο
782 777 918 830 οὕτω
947 781 1038 830 καὶ
1084 777 1134 829 οἱ
1182 772 1395 848 ἀδελφοὶ
1434 775 1542 847 μετ’
1595 772 1823 832 ἀλλήλων

217 871 474 922 ἔστωσαν.
529 872 630 921 Καὶ
681 872 814 939 μήτε
868 867 894 918 6
943 865 1220 938 εὐχόμενος
1267 867 1482 939 κρινέτω
1535 866 1620 916 τὸν
1669 861 1824 936 ἔργα-

218 958 450 1028 ζομενον,
484 953 628 1010 διότι
669 957 766 1009 οῦκ
814 958 1028 1028 εὔχεται
1059 974 1072 988 ·
1119 959 1252 1027 μὴτε
1285 955 1310 1006 ό
1341 953 1686 1026 ἐργαζόμενος
1714 971 1824 1025 κρι-

217 1050 342 1098 νέτω
396 1049 484 1098 τὸν
542 1045 844 1118 εὐχόμενον,
904 1046 985 1097 ὅτι
1043 1043 1229 1105 ἐκεῖνος
1283 1046 1565 1116 παραμένει
1607 1081 1621 1105 ,
1676 1038 1820 1111 κάγὼ

225 1137 510 1210 ἐργάζομαι
560 1150 574 1164 ⁸
631 1139 764 1207 μήτε
813 1136 840 1186 6
898 1130 1155 1186 διακονῶν
1205 1135 1416 1206 κρινέτω
1459 1134 1546 1183 τόν
1598 1130 1762 1203 ἕτερον
1804 1170 1817 1184 .

221 1224 354 1275 Ἀλλ’
401 1225 623 1286 ἕκαστος
660 1226 705 1276 εἶ
751 1243 804 1275 τι
855 1229 992 1276 ποιεῖ
1048 1222 1121 1284 εἰς
1175 1217 1334 1285 δόξαν
1392 1227 1527 1274 Θεοῦ
1587 1220 1818 1271 ποιείτώ.

216 1291 276 1366 .0
335 1311 708 1386 ἀναγινώσκων
773 1315 860 1365 τὸν
917 1312 1196 1385 εὐχόμενον
1243 1313 1342 1383 ἔχῃ
1398 1312 1448 1363 ἓν
1501 1307 1678 1380 ἀγάπῃ
1732 1310 1822 1359 καὶ

216 1408 388 1476 χαρᾷ,
427 1410 584 1455 τοῦτο
636 1402 984 1475 λογιζόμενος,
1044 1402 1125 1454 ὅτι
1173 1400 1322 1474 ’Υπὲρ
1377 1400 1501 1471 ἐμοῦ
1561 1399 1775 1469 εῦχέται
1805 1417 1816 1429 ·

214 1497 308 1545 καὶ
361 1493 389 1544 6
436 1491 720 1565 εὐχόμενος
775 1495 894 1565 περὶ
936 1497 1026 1543 τοῦ
1069 1489 1411 1564 ἐργαζομένου
1475 1493 1627 1540 τοῦτο
1683 1485 1823 1557 λογι-

214 1582 406 1648 ζέσοω,
438 1582 523 1634 ὅτι
549 1580 576 1633 6
606 1587 762 1645 ποιεῖ,
791 1579 858 1640 εἰς
887 1583 1058 1652 φοινὴν
1097 1578 1338 1651 ὠφέλειαν
1363 1583 1521 1630 ποιεῖ.

291 1703 359 1760 1".
391 1707 494 1758 Καὶ
539 1707 674 1757 οὕτω
723 1700 944 1756 δύναται
995 1703 1260 1776 ὁμοφωνία
1305 1699 1489 1766 πολλὴ,
1523 1703 1612 1752 καὶ
1641 1697 1814 1769 εἰρήνη

215 1799 309 1848 καὶ
366 1798 647 1868 συμφωνία
701 1793 751 1846 ἓν
791 1800 862 1862 τῷ
894 1789 1174 1865 συνδέσμῳ
1229 1799 1323 1852 τῆς
1360 1790 1570 1864 εἰρήνης
1615 1795 1820 1862 κρατεῖν
1851 1782 1892 1836 Β

219 1882 493 1952 ἀλλήλους,
547 1887 636 1935 καὶ
695 1878 994 1954 συνδιάγειν
1046 1886 1155 1954 μετ’
1205 1879 1434 1938 ἀλλήλων
1487 1881 1534 1931 ἑν
1587 1876 1822 1950 ἀκεραιό·

219 1993 361 2038 τητι,
411 1977 502 2025 καὶ
555 1971 849 2044 ἀφελότητι,
905 1977 994 2025 καὶ
1046 1967 1264 2044 εὐδοκία
1328 1977 1481 2024 Θεοῦ.
1531 1972 1600 2022 Τό
1642 1964 1701 2020 δὲ
1743 1985 1823 2018 κε-

224 2058 676 2137 φαλαιωδέστερον
748 2063 970 2132 πάντων,
1042 2058 1285 2119 δηλονότι
1335 2061 1364 2118 ἡ
1444 2061 1574 2133 πρὸς
1641 2059 1821 2129 καιρόν

222 2156 543 2226 καρτέρησίς
594 2150 708 2204 ἔστι
752 2158 846 2213 τῆς
897 2150 1058 2224 εὐχῆς
1101 2167 1114 2180 ·
1173 2150 1304 2208 πλὴν
1355 2147 1414 2202 δε
1465 2149 1514 2201 ἓν
1567 2147 1818 2211 ζητεῖται,

224 2244 306 2294 ἶνα
352 2245 454 2314 ἔχῃ
503 2260 586 2304 τις
634 2243 900 2313 θησαυρὸν
944 2238 1082 2313 ἕντῇ
1115 2238 1310 2312 ψυχῇ,
1362 2242 1452 2290 καὶ
1520 2240 1614 2294 τὴν
1684 2235 1823 2296 ζωὴν

222 2335 337 2394 ἥτις
380 2330 575 2384 ἐστὶνό
625 2334 815 2404 Κύριος
871 2328 919 2382 έν
967 2336 1040 2400 τῷ
1089 2337 1159 2400 νῷ
1191 2344 1204 2357 °
1253 2327 1352 2381 εἶτε
1389 2325 1682 2400 ἐργάζεται,
1727 2326 1825 2375 εἴτε

221 2425 457 2493 εῦχεται,
509 2423 609 2473 εἶτε
664 2418 1024 2492 ἀναγινώσκει,
1070 2420 1154 2470 ἶνα
1190 2420 1291 2491 ἔχῃ
1341 2415 1500 2470 έκεῖνο
1546 2419 1604 2467 τὸ
1648 2421 1826 2485 κτῆμα

223 2513 382 2582 τὸμὴ
437 2514 846 2584 παρερχόμενον,
876 2509 902 2561 6
950 2507 1062 2561 ἐστι
1119 2510 1177 2560 16
1234 2507 1384 2579 ἅγιον
1435 2511 1662 2578 Πνεῦμα.
1705 2501 1824 2557 Εἰσὶ

223 2596 282 2653 δέ
335 2619 468 2660 τινες
522 2607 675 2652 τοῦτο
716 2599 964 2670 λέγοντες,
1013 2598 1140 2650 ὃτιό
1199 2599 1385 2671 Κύριος
1434 2600 1622 2668 μόνους
1680 2613 1823 2666 φανε-

219 2693 339 2764 ροὺς
387 2695 624 2763 καρποῦς
660 2687 871 2742 ἀπαιτεῖ
906 2690 1051 2762 παρά
1096 2695 1196 2740 τῶν
1255 2687 1535 2760 ἀνθρώπων
1596 2697 1611 2712 ·
1650 2686 1716 2736 τὰ
1764 2679 1823 2736 δε

219 2780 428 2852 κρυπτὰ
465 2780 493 2830 6
520 2780 650 2840 Θεὸς
691 2778 958 2853 κατορθοῖ.
991 2775 1113 2848 Οὐχ
1155 2775 1315 2836 οὕτως
1357 2770 1418 2826 δέ
1455 2773 1558 2826 εἰσι
1590 2775 1655 2825 τὰ
1692 2771 1824 2846 πρά-

218 2887 416 2940 γματα,
473 2864 581 2918 ἀλλ’
610 2865 782 2938 ὥσπερ
836 2865 907 2928 εἰς
966 2868 1052 2919 τὸν
1111 2865 1206 2928 ἔξω
1263 2865 1531 2937 ἄνθρωπον
1599 2860 1823 2934 ἀσφαλί-

226 2958 397 3025 ζεται,
453 2955 619 3019 οὕτως
668 2955 856 3029 ὀφείλει
902 2960 990 3009 καὶ
1036 2953 1084 3008 έν
1158 2961 1263 3014 τοῖς
1312 2952 1591 3024 λογισμοῖς
1657 2957 1820 3004 ποιεῖν

220 3043 397 3117 ἀγῶνα
448 3048 538 3098 καὶ
589 3044 807 3118 πόλεμον
840 3063 855 3077 ο
911 3043 1120 3097 ἀπαιτεῖ
1151 3062 1211 3096 σε
1247 3045 1349 3115 γὰρ
1382 3042 1408 3094 ὀ
1469 3043 1676 3116 Κύριος,
1741 3042 1823 3092 ἶνα

221 3135 477 3211 ὀργισθῇς
510 3144 732 3206 σεαυτῷ,
764 3138 854 3187 καὶ
879 3136 1062 3207 μάχην
1115 3136 1344 3206 ποιήσῃς
1375 3132 1507 3203 μετὰ
1565 3137 1658 3182 τοῦ
1713 3134 1821 3190 νοός
1855 3162 1896 3222 C

223 3243 339 3296 σου,
389 3230 524 3296 μήτε
581 3229 957 3298 συμφωνήσῃς,
1005 3227 1134 3296 μήτε
1185 3217 1519 3294 συνηδυνθῇς
1574 3226 1683 3282 τοῖς
1738 3219 1820 3271 λο-

217 3321 435 3387 γισμοῖς
460 3320 557 3376 τῆς
580 3317 792 3376 κακίας,

288 3439 363 3493 Δ’.
424 3441 624 3493 Λοιπὸν
674 3441 734 3491 16
777 3436 1063 3511 ἑκριζῶσαι
1119 3441 1213 3496 τὴν
1281 3437 1543 3512 ἁμαρτίαν
1607 3440 1697 3490 καὶ
1767 3439 1823 3489 τὸ

227 3531 379 3582 συνὸν
440 3531 622 3594 κακόν,
676 3535 827 3581 τοῦτο
872 3535 930 3600 τῇ
985 3530 1097 3600 θεία
1132 3523 1350 3599 δυνάμει
1390 3531 1543 3600 μόνον
1601 3523 1824 3580 δυνατόν

222 3616 332 3672 ἔστι
378 3619 735 3693 κατορθῶσαι.
787 3617 899 3670 Οὐκ
949 3617 1117 3680 ἔξεστι
1167 3619 1268 3691 γὰρ
1321 3619 1437 3670 οὔτε
1487 3613 1709 3669 δυνατὸν
1739 3613 1823 3668 ἀν-

223 3709 411 3781 θρώπῳ
462 3706 518 3770 ἐξ
571 3703 712 3768 ἰδίας
751 3703 1021 3778 δυνάμεως
1070 3705 1357 3780 έκριζῶσαι
1381 3710 1475 3764 τὴν
1515 3705 1773 3778 ἁμαρτίαν
1804 3720 1824 3738 ⁸

222 3801 276 3849 16
315 3795 716 3865 ἀντιπαλαῖσαι,
757 3799 814 3849 τὸ
864 3794 1339 3868 ἀντιμαχεσθῆναι,
1373 3791 1545 3869 δεῖραι
1598 3793 1826 3869 δαρῆναι

227 3891 312 3938 σόν
366 3889 512 3939 εστιν
552 3899 566 3914 ’
624 3883 913 3958 έκριζῶσαι
962 3881 1041 3949 δε,
1096 3892 1230 3939 Θεοῦ
1286 3883 1446 3939 ἔστιν.
1499 3885 1556 3939 Εἰ
1612 3888 1711 3958 γὰρ
1758 3889 1824 3938 σὺ

224 3971 398 4032 ἠδύνω
446 3980 600 4027 τοῦτο
655 3981 895 4038 ποιῆσαι,
948 3979 1030 4036 τίς
1073 3977 1232 4049 χρεία
1287 3981 1381 4036 τῆς
1438 3972 1677 4035 ίλεύσεως
1733 3981 1824 4027 τοῦ

224 4068 416 4139 Κυρίου
452 4062 584 4130 fa;
619 4065 722 4135 γὰρ
776 4063 869 4115 οῦκ
907 4065 1020 4116 ἔστι
1047 4066 1132 4116 τὸν
1181 4062 1440 4135 ὀφθαλμόν
1493 4063 1612 4114 ἄνευ
1660 4067 1824 4136 φωτὸς

223 4150 452 4224 βλέπειν,
512 4151 544 4211 ἦ
599 4159 891 4227 περιποτεῖν
941 4153 1060 4205 ἄνευ
1104 4148 1280 4205 ποδῶν
1315 4194 1328 4220 ,
1361 4153 1391 4212 ἢ
1453 4149 1656 4206 ἀκούειν
1704 4153 1822 4206 ἄνευ

223 4244 381 4310 ὤτων,
435 4241 466 4301 ἦ
513 4249 814 4316 περιπατεῖν
857 4242 976 4294 ἄνευ
1017 4237 1214 4308 ποδῶν,
1260 4242 1289 4301 ᾖ
1339 4241 1657 4314 ἐργάξεσθαι
1704 4244 1822 4296 ἄνευ

219 4339 411 4403 χειρῶν
444 4350 457 4363 ·
492 4330 659 4392 οὕτως
688 4331 748 4384 οὐ
799 4328 1030 4384 δύνασαι
1065 4332 1184 4384 ἄνευ
1223 4338 1314 4384 τοῦ
1347 4331 1526 4388 Ἰησοῦ
1561 4335 1820 4400 σωθῆναι,

219 4420 246 4477 ἦ
297 4419 544 4473 εἰσελθεῖν
597 4419 664 4480 εἰς
712 4418 984 4492 βασιλείαν
1011 4420 1260 4495 οὐρανῶν.
1318 4419 1377 4472 Εἰ
1424 4416 1483 4473 δὲ
1521 4419 1704 4493 λέγεις,
1745 4423 1824 4475 ὅτι

1936 504 2200 574 fungitur
2219 505 2437 573 ofﬁcio,
2472 509 2631 566 velut
2661 513 2874 570 oculus
2907 531 3016 587 pro
3039 521 3163 572 toto
3215 531 3465 588 corpore
3512 516 3596 571 vi-

1935 593 2053 659 det,
2082 599 2137 649 et
2161 610 2376 651 manus
2424 613 2530 668 pro
2570 602 2855 658 omnibus
2911 606 3198 661 membris
3237 605 3492 669 laborat,
3537 609 3596 660 et.

1933 697 2040 753 pes
2083 683 2354 741 ambulat
2401 688 2609 744 omnia
2660 692 2935 749 membra
2974 695 3296 759 sustinens,
3329 699 3384 750 et
3429 692 3594 750 aliud

1934 772 2276 829 membrum
2303 777 2664 848 compatitur
2697 795 2710 834 :
2745 782 2827 836 sic
2854 787 2907 837 et
2939 781 3144 838 fratres
3168 785 3317 838 inter
3348 799 3408 839 se
3443 783 3582 840 sint.

1934 861 2137 933 Itaque
2177 863 2278 934 qui
2312 879 2517 935 preces
2567 867 2723 933 facit,
2754 884 2874 924 non
2918 871 3148 942 judicet
3188 871 3588 937 laborantem,

1931 951 2098 1022 quod
2122 967 2241 1007 non
2272 959 2546 1024 precetur
2573 973 2584 1011 :
2613 971 2807 1029 neque
2823 959 2927 1030 qui
2946 959 3200 1025 laborat,
3232 961 3595 1016 condemnet

1932 1046 2298 1110 precantem,
2319 1043 2481 1114 quod
2502 1043 2594 1099 ille
2615 1047 3038 1120 quiescat,ipse
3059 1063 3198 1104 vero
3216 1048 3442 1105 laboret
3462 1068 3474 1104 :
3497 1064 3595 1104 ne-

1932 1143 2049 1200 que
2070 1129 2172 1200 qui
2198 1130 2516 1196 ministrat,
2541 1132 2790 1189 alterum
2819 1135 3084 1192 damnet.
3115 1135 3229 1193 Sed
3272 1137 3593 1208 unusquis-

1932 1231 2070 1289 que,
2090 1217 2136 1272 si
2166 1218 2311 1290 quid
2330 1219 2491 1285 facit,
2522 1222 2581 1277 in
2610 1222 2704 1278 Dei
2747 1224 2999 1293 gloriam
3044 1225 3241 1281 faciat.
3277 1225 3385 1290 Qui
3425 1223 3590 1294 legit,

1933 1320 2139 1361 amore
2169 1311 2225 1362 et
2259 1308 2482 1376 gaudio
2527 1318 2930 1384 prosequatur
2987 1317 3348 1384 precantem,
3383 1312 3465 1368 sic
3507 1327 3594 1368 se-

1933 1409 2069 1449 cum
2101 1394 2405 1464 colligens,
2438 1401 2582 1470 quia
2622 1416 2728 1471 pro
2781 1417 2875 1457 me
2920 1407 3068 1457 orat.
3107 1404 3173 1456 Et
3208 1402 3311 1474 qui
3344 1404 3495 1465 orat,
3521 1400 3596 1457 de

1930 1481 2241 1539 laborante
2259 1485 2372 1540 hoc
2391 1491 2630 1552 statuat.
2655 1490 2976 1562 quiaquod
2999 1495 3302 1563 operatur,
3335 1490 3414 1547 ad
3435 1506 3597 1548 com-

1933 1587 2178 1628 munem
2203 1573 2512 1631 utilitatem
2536 1577 2695 1634 facit.

2002 1699 2095 1753 lll.
2129 1701 2194 1754 Et
2224 1700 2306 1755 sic
2348 1717 2590 1758 summa
2621 1703 2944 1761 concordia
2974 1709 3193 1776 etpax,
3226 1704 3596 1760 animarum-

1932 1802 2049 1860 que
2080 1805 2408 1846 consensus
2435 1792 2494 1846 in
2526 1793 2763 1848 vinculo
2795 1793 2964 1865 pacis
2995 1809 3098 1848 eos
3138 1795 3289 1849 inter
3321 1810 3381 1846 se
3409 1791 3594 1848 conti-

1931 1892 2072 1932 nere
2121 1879 2274 1950 potis
2318 1881 2443 1945 erit,
2495 1885 2557 1936 ut
2596 1887 3016 1938 conserseutur
3075 1882 3135 1937 in
3169 1883 3502 1937 sinceritate
3535 1897 3567 1936 e

1931 1965 2314 2038 simplicitate
2335 1976 2390 2024 et
2419 1969 2827 2026 benevolentia
2871 1971 2986 2026 Dei.
3029 1970 3351 2027 Maximum
3393 1976 3593 2025 autem

1932 2055 2206 2110 omnium
2225 2062 2330 2122 est,
2349 2057 2638 2124 videlicet,
2663 2064 3004 2130 Opportuna
3021 2075 3269 2131 precum
3287 2058 3594 2114 continua-

1933 2144 2034 2200 tio.
2068 2147 2354 2201 Praeterea
2382 2162 2567 2201 unum
2593 2148 2927 2219 requiritur,
2962 2153 3025 2202 ut
3054 2149 3188 2220 quis
3224 2147 3443 2204 habeat
3464 2146 3593 2203 the-

1933 2249 2179 2290 saurum
2220 2235 2278 2290 in
2329 2238 2554 2303 anima,
2584 2245 2638 2293 et
2673 2239 2877 2304 vitam,
2912 2254 3046 2311 quae
3083 2243 3175 2294 est
3207 2239 3494 2294 Dominus
3528 2238 3590 2293 in

1935 2323 2139 2379 animo
2169 2343 2180 2382 :
2211 2324 2330 2380 sive
2363 2325 2610 2393 laboret,
2645 2328 2768 2382 sive
2820 2333 3112 2399 precetur,
3148 2326 3272 2382 sive
3311 2327 3488 2396 legat,
3534 2330 3595 2382 ut

1933 2411 2154 2469 habeat
2182 2413 2343 2470 illam
2371 2417 2818 2488 possessionem
2838 2433 2958 2473 non
2988 2416 3331 2489 perituram,
3347 2433 3485 2488 quas
3505 2421 3598 2471 est

1936 2503 2186 2574 Spiritus
2225 2509 2486 2560 sanctus.
2533 2508 2658 2561 Non
2699 2506 2934 2571 desunt,
2970 2506 3075 2578 qui
3126 2506 3332 2562 dicant
3394 2504 3597 2561 Domi-

1934 2605 2082 2647 num
2110 2591 2455 2649 manifestos
2489 2593 2650 2650 solos
2687 2592 2914 2650 fructus
2946 2596 3245 2667 requirere
3285 2594 3363 2650 ab
3399 2594 3597 2650 homi-

1936 2680 2116 2736 nibus
2149 2698 2162 2737 :
2194 2681 2475 2738 interiora
2498 2698 2638 2740 vero
2672 2686 2858 2740 Deum
2893 2685 3207 2754 corrigere.
3238 2687 3363 2740 Non
3389 2692 3591 2740 autem

1934 2785 2028 2826 res
2083 2771 2164 2826 sic
2211 2787 2271 2826 se
2315 2771 2540 2828 habet:
2577 2772 2683 2828 sed
2732 2772 3254 2844 quemadmodum
3302 2773 3595 2828 adversus

1931 2859 2280 2918 exteriorem
2313 2861 2622 2916 hominem
2651 2877 2713 2918 se
2742 2863 2953 2930 munit,
2983 2863 3067 2916 sic
3093 2867 3146 2918 et
3179 2861 3472 2918 adversus
3494 2877 3590 2918 co-

1931 2949 2248 3018 gitationes
2307 2949 2532 3005 bellum
2591 2950 2739 3006 inire
2793 2955 2849 3007 et
2896 2965 3098 3020 gerere
3148 2950 3344 3006 debet.
3398 2949 3591 3020 Exigit

1931 3039 2139 3094 enima
2162 3043 2214 3094 te
2236 3038 2624 3107 Dominus,'ut
2657 3039 2760 3095 tibi
2783 3038 2910 3109 ipse
2929 3039 3228 3106 irascaris,
3252 3044 3591 3109 etpugnam

1931 3127 2272 3184 committas
2303 3143 2442 3184 cum
2470 3133 2666 3182 mente
2703 3132 2826 3193 tua,
2857 3142 3054 3200 neque
3092 3126 3439 3184 assentiaris
3488 3129 3592 3182 aut

1931 3217 2240 3274 delecteris
2262 3216 2724 3288 cogitationibus
2753 3215 2974 3289 pravis.

2006 3452 2091 3506 ιν.
2135 3449 2304 3516 Quod
2347 3453 2637 3522 superest,
2678 3451 2988 3521 peccatum
3028 3447 3232 3520 illique
3272 3446 3591 3503 adhaerens

1936 3539 2165 3596 malum
2214 3539 2496 3596 radicitus
2556 3537 2829 3604 evellere,
2858 3540 2972 3595 hoc
3017 3537 3222 3592 divina
3246 3535 3440 3592 solum
3472 3536 3593 3591 vir-

1935 3633 2057 3684 tute
2083 3629 2388 3686 emendari
2416 3631 2627 3700 potest.
2654 3631 2778 3684 Non
2813 3627 2947 3683 licet
2968 3627 3149 3693 enim,
3177 3641 3371 3699 neque
3399 3623 3590 3697 possi-

1935 3716 2035 3772 bili
2057 3717 2384 3773 esthomini
2404 3717 2660 3788 propriis
2673 3717 2893 3772 viribus
2908 3716 3232 3786 exstirpare
3249 3721 3586 3788 peccatum.

1936 3806 2506 3877 Reluctariquidem,
2537 3820 2891 3877 repugnare,
2926 3805 3173 3872 caedere,
3201 3803 3498 3860 vulnerari
3519 3803 3581 3858 in

1936 3895 2052 3950 tuis
2083 3895 2303 3948 viribus
2325 3894 2783 3959 est;eradicare
2833 3908 2974 3949 vero
3007 3893 3190 3949 solius
3243 3891 3341 3946 Dei
3368 3896 3473 3947 est.
3530 3889 3587 3947 Si

1934 3983 2151 4038 etenim
2174 3985 2287 4038 hoc
2318 3988 2599 4054 praestare
2631 3983 2687 4038 in
2728 3987 2830 4038 tua
2865 3985 3156 4053 potestate
3186 3981 3410 4044 fuisset,
3442 3979 3590 4052 quid

1934 4087 2087 4145 opus
2102 4071 2615 4128 fuissetadventus
2630 4069 3168 4127 Domini?l’erinde
3181 4070 3362 4136 enim,
3379 4075 3442 4124 ut
3467 4083 3592 4125 non

1934 4160 2067 4217 licet
2096 4160 2336 4216 oculum
2368 4160 2595 4232 absque
2625 4160 2754 4216 luce
2780 4161 3003 4224 videre,
3030 4166 3132 4215 aut
3166 4158 3329 4231 loqui
3355 4159 3588 4229 absque

1934 4250 2160 4319 lingua,
2200 4257 2302 4306 aut
2343 4250 2550 4306 audire
2590 4249 2821 4321 absque
2864 4249 3135 4313 auribus,
3165 4253 3266 4304 aut
3317 4246 3589 4302 incedere

1938 4341 2166 4412 absque
2189 4339 2462 4412 pedibus,
2491 4345 2591 4394 aut
2614 4339 2848 4396 labores
2872 4337 3130 4410 perferre
3150 4338 3380 4410 absque
3405 4335 3593 4392 mani-

1936 4429 2083 4485 bus:
2114 4429 2197 4484 sic
2213 4445 2322 4484 nec
2340 4429 2570 4500 absque
2586 4430 2729 4484 Jesu
2761 4427 2999 4493 salvari,
3022 4433 3124 4484 aut
3144 4441 3394 4498 regnum
3419 4424 3590 4482 caelo-

217 4508 301 4564 Ἐν
348 4515 459 4570 τοῖς
513 4513 837 4582 φαινομένοις
895 4508 954 4560 οὗ
1006 4511 1257 4582 πορνεύω,
1316 4508 1374 4562 οὐ
1424 4513 1682 4582 μοιχεύω,
1732 4511 1824 4564 οὐκ

1937 4533 2068 4572 rum
2101 4518 2328 4585 ingredi
2363 4523 2554 4589 potes.
2580 4516 2750 4584 Quod
2769 4519 2814 4572 si
2833 4516 3352 4581 dicas,mauifesto
3383 4519 3592 4586 stupro

218 4596 320 4670 εἰμί
375 4597 713 4670 φιλάργυρος,
771 4597 947 4650 λοιπον
1001 4594 1206 4660 δίκαιός
1253 4597 1359 4670 εἰμι
1417 4615 1429 4628 ⁸
1495 4599 1824 4658 πεπλάνησαι

218 4685 474 4758 έντούτῳ,
528 4691 749 4756 νομίσας
805 4688 884 4740 ὅτι
937 4689 1108 4740 πάντα
1155 4687 1444 4751 ίξετελεσας
1487 4705 1500 4719 ·
1559 4688 1669 4741 Οὐκ
1719 4689 1821 4743 εἰσὶ

217 4781 366 4846 μόνον
405 4780 533 4850 τρία
560 4779 690 4847 μέρη
735 4785 828 4838 τῆς
866 4777 1126 4849 ἁμαρτίας
1163 4776 1238 4840 εἰς
1261 4778 1297 4830 ὀί
1324 4776 1512 4849 ὀφείλει
1538 4797 1618 4840 τις
1655 4779 1820 4852 ἀσφα-

215 4864 490 4932 λίσασθαι,
521 4862 651 4918 ἀλλὰ
673 4865 834 4940 ἀυρία
866 4884 877 4896 ’
899 4867 928 4924 ἡ
950 4869 1200 4938 τύφωσις,
1233 4867 1264 4924 ἠ
1291 4865 1500 4939 ἀφοϐία,
1521 4869 1550 4926 ἠ
1575 4867 1816 4936 ἀπιστία,

218 4958 273 5006 τὸ
316 4963 493 5029 μῖσος,
529 4955 555 5006 ό
595 4956 800 5027 φθόνος,
854 4956 883 5014 ἠ
929 4951 1187 5021 δολιότης,
1245 4957 1273 5015 ἠ
1318 4957 1612 5031 ὑπόκρισις,
1667 4960 1818 5011 πόθεν

220 5042 354 5097 ἐστίν
390 5067 402 5108 ;
436 5045 535 5098 οὐκ
564 5043 781 5116 ὀγείλεις
801 5047 926 5119 πρὸς
953 5051 1121 5096 ταῦτα
1145 5047 1286 5116 ἔχειν
1311 5049 1406 5104 τὴν
1427 5045 1593 5105 πάλην
1615 5052 1703 5100 καὶ
1733 5051 1820 5100 τόν

221 5134 392 5203 ἀγῶνα
440 5135 494 5186 έν
572 5140 677 5194 τοῖς
733 5133 1003 5192 λεληθόσιν
1056 5137 1104 5188 ἓν
1154 5141 1263 5196 τοῖς
1309 5133 1615 5208 λογισμοίςς
1645 5141 1818 5211 ὥσπερ

224 5223 302 5273 ita
348 5220 378 5282 ἦ
431 5223 638 5296 λῃστὴς
684 5221 733 5275 έν
781 5231 842 5296 τῇ
897 5223 1057 5296 οἰκίᾳ,
1109 5226 1167 5276 τό
1214 5223 1391 5277 λοιπόν
1445 5223 1710 5278 ὑποθλίϐει
1742 5245 1818 5292 σι,

227 5316 309 5364 καὶ
360 5317 455 5364 οῦκ
509 5312 572 5384 ia;
603 5330 662 5365 σε
713 5311 1027 5388 ἀμιριμνεῖν,
1077 5314 1223 5388 ἄρχῃ
1281 5310 1338 5367 δι
1380 5318 1470 5367 καὶ
1517 5317 1582 5367 σὺ
1622 5312 1824 5368 ἀντιτύο

230 5418 361 5454 πτειν
421 5401 603 5469 αὑτὸν,
653 5397 822 5476 δέρεις
878 5407 967 5456 καὶ
1029 5397 1155 5477 δέρῃ
1200 5418 1212 5431 ·
1279 5403 1438 5465 οὕτως
1492 5402 1678 5477 ὀφείλει
1733 5409 1823 5458 καὶ

234 5490 260 5546 ἡ
306 5489 453 5564 ψυχή
512 5491 844 5545 ἀντιτύπτειν
909 5496 998 5546 καὶ
1057 5490 1467 5566 ἀντιμάχεσθαι,
1532 5497 1622 5548 καὶ
1688 5492 1824 5548 ἀντι-

232 5581 422 5654 κρούειν
431 5625 445 5641 .

1935 4612 2042 4664 aut
2061 4606 2354 4663 adulterio
2378 4623 2472 4662 me
2495 4622 2614 4662 non
2658 4605 2880 4677 polluo,
2913 4622 3021 4661 nec
3062 4606 3324 4660 avaritiae
3365 4606 3592 4659 crimen

1933 4697 2191 4761 incurro,
2220 4710 2596 4768 consequens
2643 4699 2750 4761 est,
2786 4699 2847 4748 ut
2885 4694 3060 4764 justis
3110 4693 3222 4748 sim
3252 4709 3264 4747 :
3291 4697 3414 4748 toto
3442 4691 3591 4748 ccelo

1931 4785 2026 4842 hic
2057 4784 2320 4851 aberras,
2348 4791 2566 4856 putans
2602 4787 2657 4839 te
2683 4782 2892 4839 omnia
2923 4781 3267 4854 perfecisse.
3294 4783 3419 4836 Non
3455 4785 3593 4837 sunt

1940 4876 1983 4946 ι
1997 4875 2048 4946 2
2066 4875 2263 4930 solum
2281 4881 2392 4930 tres
2407 4874 2634 4946 species
2651 4871 2979 4944 peccati,ad
2990 4887 3194 4926 versus
3207 4886 3362 4942 quas
3379 4869 3516 4942 quis
3529 4881 3592 4926 se

1932 4964 2162 5020 muniat
2204 4968 2457 5036 Oportet,
2492 4963 2595 5017 sed
2643 4961 2902 5017 inﬁnitae.
2939 4959 3314 5029 Arrogantia,
3361 4960 3600 5015 temeri~

1932 5057 2042 5118 tas,
2073 5051 2426 5117 diffidentia,
2458 5051 2686 5118 odium,
2722 5051 2968 5116 invidia,
3016 5048 3202 5113 fraus,
3252 5047 3589 5120 hypocrisis

1935 5141 2092 5196 unde
2124 5145 2264 5196 sunt
2293 5141 2319 5196 ?
2351 5144 2554 5197 Nonne
2580 5141 2682 5196 tibi
2713 5139 3006 5195 adversus
3037 5139 3163 5194 haec
3189 5143 3494 5194 certamen
3533 5141 3589 5194 et

1930 5245 2136 5304 pugna
2167 5229 2227 5286 in
2266 5230 2508 5285 secretis
2539 5230 2655 5286 tuis
2679 5227 3142 5298 cogitationibus
3165 5226 3433 5283 ineunda
3447 5233 3536 5282 est
3565 5225 3594 5282 7

1933 5317 2481 5385 Quemadmodum,
2512 5317 2558 5371 si
2592 5316 2742 5373 latro
2764 5315 3015 5372 domum
3061 5323 3225 5370 tuam
3284 5315 3590 5382 invaserit,

1927 5407 2057 5479 jam
2085 5411 2139 5462 te
2167 5406 2442 5463 molestia
2468 5421 2693 5479 magna
2730 5405 2934 5471 afﬁcit,
2972 5419 3079 5460 nec
3107 5409 3159 5460 te
3181 5419 3439 5459 vacuum
3463 5419 3592 5460 esse

1932 5496 2090 5552 curis
2121 5495 2261 5552 sinit
2284 5514 2298 5559 ;
2321 5495 2536 5567 incipis
2568 5511 2704 5551 vero
2737 5499 2792 5551 et
2822 5500 2884 5550 tu
2916 5509 3250 5565 repugnare
3273 5492 3373 5559 illi,
3405 5493 3587 5550 caedis

1934 5588 2113 5657 atque
2143 5583 2390 5641 caaderis
2431 5599 2445 5640 :
2487 5583 2570 5642 ita
2595 5589 2651 5642 et
2680 5582 2886 5644 anima
2914 5581 3092 5641 debet
3118 5583 3380 5653 referire,
3409 5598 3593 5658 repu-

1934 5687 2120 5747 gnare
2151 5677 2208 5732 et
2227 5673 2566 5732 retundere.
