4086 6194
308 298 418 354 473
1595 283 1944 357 HOMILIAE.
1976 328 2045 341 -
2078 297 2253 356 HOM.
2295 295 2389 356 Iv.
3575 307 3679 368 ιτι

288 422 533 496 λάϐωμεν
561 441 574 452 °
628 413 760 476 ἔοικε
801 423 903 494 γὰρ
933 425 992 475 τὸ
1040 430 1191 494 σῶμα
1231 429 1292 492 τῇ
1329 422 1508 496 ψυχῇ,
1553 410 1650 478 ’καὶ
1693 426 1759 477 τὰ
1814 431 1901 478 τοῦ

2064 423 2424 481 ιίιίίιιόίηθω
2456 423 2613 481 enim
2664 425 3004 498 quamdam
3040 427 3227 486 habet
3276 444 3496 504 corpus
3538 447 3677 490 cum

290 519 542 586 σώματος
580 515 870 586 πράγματα
917 519 978 586 τῇ
1030 511 1211 585 ψυχῇ,
1244 515 1428 566 καὶτὰ
1471 517 1750 587 φαινόμενα
1801 519 1903 575 τοῖς

2064 514 2238 583 nima,
2267 519 2325 569 et
2353 528 2446 579 ea,
2479 529 2615 586 quas
2646 522 2786 570 sunt
2827 518 3112 588 corporis,
3141 534 3281 576 cum
3316 519 3388 576 iis
3426 537 3563 593 qua;
3598 521 3677 578 ad

287 607 562 676 κρυφίοις.
2018 603 2284 658 animam
2317 606 2605 674 spectant,
2647 609 2703 660 et
2731 619 2867 677 quae
2925 605 3219 677 videntur,
3247 624 3387 666 cum
3418 609 3491 666 iis
3537 625 3675 683 qua!

2017 690 2132 747 sub
2162 697 2476 764 aspectum
2517 707 2640 749 non
2679 693 2928 750 cadunt.

360 815 438 870 B’.
470 821 673 888 ⁴Ωσπερ
699 817 802 888 γὰρ
828 818 887 867 τὸ
934 823 1088 888 σῶμα
1117 818 1230 888 ἔχει
1259 812 1456 888 ὁδηγὸν
1494 819 1580 869 τὸν
1625 816 1905 890 ὀφθαλμόν,

2089 815 2155 872 ΙΙ.
2190 816 2719 882 Quemadmodum
2759 818 2915 874 enim
2949 834 3170 892 corpus
3220 823 3461 880 oculum
3493 823 3677 882 habet

290 911 384 957 καὶ
415 905 576 967 αὐτὸς
626 907 756 979 ὁρῶν
787 905 901 957 ὅλον
949 901 1136 976 ὁδηγεῖ
1183 908 1242 957 τὸ
1291 913 1445 978 σῶμα
1492 905 1559 966 εἰς
1603 906 1862 965 εὐθύτητα
1891 921 1903 936 ·

2067 921 2257 972 ucem,
2313 911 2369 961 et
2424 905 2550 976 ipse
2599 905 2808 961 oculus
2853 907 3060 963 videns
3107 915 3296 967 totum
3349 929 3568 986 corpus
3615 915 3679 970 in

292 995 495 1047 ὑπόθου
544 991 605 1046 δέ
653 1013 744 1066 μοι
795 990 1109 1068 διέρχεσθαί
1146 1013 1262 1047 τινα
1313 991 1407 1047 διὰ
1447 999 1616 1048 τόπων
1673 993 1905 1060 ὑλωδῶν,

2067 1000 2243 1050 actam
2296 994 2356 1048 id
2397 994 2559 1049 viam
2611 994 2871 1050 deducit.
2918 998 3155 1054 Statuas
3211 1000 3376 1069 mihi,
3431 1003 3680 1058 transire

294 1088 387 1135 καὶ
463 1082 700 1136 ἀκανθῶν
775 1083 1186 1156 πεπληρωμένων
1261 1088 1351 1136 καὶ
1428 1082 1717 1158 βορϐόρων,
1793 1087 1907 1138 ἔνθα

2067 1083 2348 1140 uemdam
2367 1083 2615 1154 perloca
2638 1083 2948 1149 silvestria,
2981 1087 3232 1158 spinosa
3273 1093 3328 1144 et
3352 1089 3678 1161 lutosa,ubi

296 1177 386 1224 καὶ
442 1178 547 1244 πῦρ
586 1170 880 1239 ἀναϐάλλει,
923 1176 1012 1225 καὶ
1053 1171 1172 1245 ξίφη
1214 1179 1649 1244 παραπεπήγασι,
1689 1177 1909 1248 κρημνοὶ

2064 1173 2256 1244 tignis
2289 1177 2582 1244 erumpat,
2614 1177 2668 1228 et
2691 1173 2876 1244 gladii
2910 1173 3514 1250 afﬁxi,etpreacipitia
3535 1180 3677 1245 sint,

294 1279 348 1312 τε
401 1265 493 1313 καὶ
548 1257 757 1313 ὑδάτων
805 1260 978 1320 πλήθη
1034 1260 1135 1313 ἐκεῖ
1186 1264 1441 1334 τυγχάνει
1470 1281 1483 1294 ·
1553 1266 1611 1315 τὸ
1659 1262 1836 1316 λοιπὸν
1885 1263 1907 1314 6

2069 1268 2080 1316 t
2118 1261 2316 1316 multae
2359 1277 2552 1333 aquas.
2584 1263 2714 1318 Jam
2767 1277 2908 1331 ergo
2968 1262 3140 1332 agilis
3185 1264 3300 1331 ille,
3334 1266 3579 1322 sedulus
3628 1271 3682 1324 et

289 1353 486 1424 γοργὸς
525 1355 614 1402 καὶ
647 1345 940 1412 σπουδαῖος
973 1355 1064 1402 καὶ
1104 1348 1370 1416 ἀκίνητος,
1413 1352 1550 1422 ἔχων
1589 1355 1678 1403 τὸν
1718 1350 1902 1424 ὀφθαλ-

2069 1355 2331 1414 nmotus,
2371 1349 2601 1405 habens
2627 1350 2869 1406 oculum
2902 1352 3139 1418 ducem,
3175 1355 3427 1411 omnino
3466 1360 3682 1412 attente

287 1442 388 1510 μὸν
457 1434 675 1510 ὁδηγὸν,
753 1439 887 1490 πάνυ
950 1443 1312 1513 προσεχόντως
1385 1443 1714 1514 παρέρχεται
1789 1443 1900 1501 τοὺς

2069 1440 2232 1495 'ansit
2270 1437 2402 1495 loca
2448 1438 2547 1495 illa
2597 1439 2880 1509 difﬁcilia,
2913 1441 3227 1497 continens
3274 1444 3682 1517 undequaque

288 1527 563 1601 χαλεποὺς
653 1527 878 1590 ἐκείνους
969 1533 1182 1594 τόπους,
1281 1531 1516 1600 συνέχων
1583 1531 1901 1601 πανταχόθετ

2071 1528 2306 1584 nauibus
2340 1535 2394 1582 et
2423 1527 2677 1598 pedibus
2708 1529 2972 1584 tunicam
2994 1546 3188 1595 suam,
3213 1547 3287 1588 ne
3310 1549 3345 1588 a
3375 1533 3684 1590 fruticibus

288 1623 456 1691 χερσὶ
501 1622 592 1669 καὶ
637 1622 762 1669 ποσὶ
793 1621 878 1668 τόν
929 1625 1135 1688 χιτῶνα
1183 1616 1391 1686 ἑαυτοῦ,
1443 1618 1525 1669 ἶνα
1571 1623 1642 1690 μὴ
1701 1618 1748 1670 ἐν
1800 1626 1901 1681 ταῖς

2073 1632 2080 1672 ι
2109 1617 2300 1689 spinis
2331 1617 2723 1687 discerpatur,
2743 1623 2845 1672 aut
2877 1617 2998 1673 luto
3026 1621 3627 1686 commaculetur,aut
3649 1638 3686 1680 a

290 1707 447 1769 ὕλαις
483 1711 575 1759 καὶ
614 1705 868 1768 ἀκάνθαις
906 1709 1260 1778 περισχισθῇ,
1303 1709 1332 1766 ἤ
1378 1705 1479 1758 ἀπὸ
1519 1715 1611 1759 τοῦ
1653 1705 1903 1782 βορϐόρου

2067 1706 2226 1762 ladio
2256 1703 2628 1762 difﬁndatur.
2673 1708 2735 1760 Et
2761 1706 2972 1761 oculus
3002 1713 3189 1763 totum
3212 1725 3429 1781 corpus
3461 1711 3680 1781 dirigit,

294 1796 588 1868 ἀφανισθῇ,
641 1797 670 1855 ἦ
730 1797 830 1847 ὑπὸ
880 1776 1072 1868 ξίφους
1093 1776 1356 1868 Ῠδιακοπῇ.
1415 1801 1514 1849 Καὶ
1567 1798 1592 1848 ὁ
1653 1776 1907 1869 ὀφθαλμός

2073 1794 2761 1865 lmenipsiusexsistens,
2779 1811 2851 1850 ne
2879 1799 3324 1868 perpraaclpitia
3347 1799 3686 1872 disrumpa-

293 1882 413 1934 ὅλον
438 1878 627 1952 ὁδηγεῖ
653 1884 710 1932 τὸ
753 1889 929 1953 σῶμα,
969 1888 1074 1952 φῶς
1104 1881 1171 1931 ὢν
1212 1880 1392 1948 αὑτοῦ,
1433 1882 1516 1934 ἰνα
1554 1886 1625 1954 μὴ
1668 1888 1906 1954 κρημνοῖς

2072 1900 2140 1950 1r,
2181 1885 2471 1955 autaquis
2504 1883 2916 1953 immergatur,
2951 1890 3220 1941 autcasu
3247 1886 3473 1944 difﬁcili
3503 1888 3685 1946 laeda-

296 1970 637 2046 καταρραγῇ,
690 1972 718 2030 ἣ
776 1966 944 2023 ὕδασι
982 1972 1396 2044 καταποντισθῇ,
1457 1971 1486 2030 ἣ
1555 1991 1656 2023 τινι
1697 1971 1909 2044 χαλεπῷ

2071 1989 2121 2028 1r
2154 1990 2166 2029 :
2202 1973 2287 2028 sic
2317 1988 2460 2042 ergo
2492 1971 2706 2028 alacris
2741 1973 2835 2028 ille
2881 1979 2935 2028 et
2973 1980 3187 2030 cautus
3239 1976 3684 2047 transgrediens

295 2057 628 2132 καταϐλαϐᾔ.
680 2058 740 2112 Ὀ
793 2059 928 2113 οὕτω
983 2063 1170 2132 γοργὸς
1215 2065 1304 2112 καὶ
1370 2063 1596 2126 συνετὸς,
1655 2066 1745 2113 καὶ
1787 2062 1908 2133 μετᾶ

2072 2068 2328 2118 oarctata
2376 2067 2536 2117 veste
2567 2078 2696 2127 sua,
2731 2078 2971 2118 summa
3012 2064 3199 2119 animi
3235 2065 3578 2135 sobrietate,
3605 2065 3685 2124 ab

297 2152 476 2210 πάσης
523 2148 730 2220 νήψεως
785 2153 1168 2222 παρερχόμενος
1223 2153 1532 2220 συσφίγγων
1578 2151 1665 2201 τὸν
1712 2158 1910 2222 χιτῶνα

2067 2151 2200 2206 culo
2221 2156 2381 2206 recta
2411 2149 2725 2220 deductus,
2757 2165 2876 2207 non
2900 2150 3167 2223 seipsum
3189 2152 3386 2210 solum
3404 2154 3680 2226 illaesum,

298 2240 487 2303 αὐτου,
542 2239 644 2291 ὑπὸ
693 2245 783 2290 τοῦ
836 2237 1104 2310 ὀφθαλμοῦ
1154 2236 1336 2299 εὐθέως
1389 2234 1767 2309 όδηγούμενος,
1825 2259 1911 2311 φυ-

2070 2255 2122 2296 ac
2170 2245 2228 2296 et
2260 2239 2522 2296 tunicam
2553 2255 2727 2294 suam
2770 2240 3221 2297 incombustam
3250 2249 3307 2297 et
3354 2243 3683 2300 indivisam

295 2329 490 2382 λάσσει
529 2332 619 2380 καὶ
660 2326 840 2380 ἑαυτὸν
881 2325 1103 2391 ἀϐλαϐῆ,
1145 2330 1235 2379 καὶ
1274 2329 1361 2378 τὸν
1401 2334 1602 2397 χιτῶνα
1639 2335 1730 2380 τοῦ
1770 2325 1908 2380 ἕνδύ-

2070 2334 2360 2384 onservat.
2395 2329 2448 2385 Si
2473 2343 2609 2384 vero
2637 2328 2939 2400 quispiam
2970 2328 3171 2385 minus
3201 2330 3419 2397 alacer,
3454 2332 3683 2398 tardus,

303 2436 464 2490 ματος
528 2416 689 2468 αὐτοῦ
739 2417 1005 2468 ἄκαυστόν
1049 2419 1140 2467 καὶ
1182 2416 1449 2486 ἄσχιστον
1500 2412 1760 2490 διατηρεῖ.
1799 2415 1915 2470 Ἐὰν

2073 2418 2246 2488 agnis,
2276 2433 2496 2483 socors,
2532 2417 2726 2473 lentus
2757 2422 2814 2472 et
2854 2418 3108 2487 ignavus
3145 2418 3275 2475 haec
3313 2420 3447 2477 loca
3496 2425 3686 2478 trans-

300 2504 363 2560 δέ
393 2526 473 2568 τις
586 2507 748 2580 ἀργὸς
776 2509 867 2557 καὶ
905 2503 1143 2577 ὀκνηρός,
1184 2509 1274 2556 καὶ
1302 2504 1556 2578 ῥᾴθυμος,
1597 2511 1688 2558 καὶ
1722 2505 1912 2578 βαρὺς,

2072 2507 2348 2573 rediatur,
2377 2507 2580 2562 tunica
2623 2506 2754 2577 ejus
2786 2506 2924 2562 hinc
2951 2507 3090 2562 inde
3121 2507 3422 2574 difﬂuens,
3461 2509 3685 2566 frutici-

297 2601 391 2649 καὶ
441 2603 662 2666 χαῦνος,
707 2590 803 2647 διὰ
848 2602 948 2647 τῶν
992 2596 1242 2647 τοιούτων
1288 2599 1681 2668 παρερχόμενος
1725 2601 1910 2662 τόπων,

2072 2614 2138 2651 us
2190 2601 2248 2652 et
2293 2595 2481 2668 spinis
2531 2595 2874 2666 dicerpitur.
2901 2601 3004 2652 aut
3034 2597 3157 2667 igni
3201 2598 3683 2667 comburitur,eo

299 2683 584 2760 περιρρέων
638 2684 664 2735 6
720 2687 888 2755 χιτὼν
932 2683 1093 2735 αὐτοῦ
1151 2685 1286 2736 ἔνθεν
1344 2687 1431 2736 καὶ
1481 2685 1637 2751 ἔνθεν,
1697 2685 1762 2746 εἰς
1823 2688 1912 2747 τὰς

2075 2687 2190 2742 uod
2203 2702 2337 2742 eam
2353 2701 2474 2742 non
2491 2693 2724 2741 strenue
2739 2686 3072 2752 contineat;
3091 2691 3192 2742 aut
3217 2687 3298 2743 ab
3336 2687 3530 2743 afﬁxis
3558 2688 3688 2759 gla-

300 2774 432 2835 ὕλας
482 2778 575 2825 καὶ
632 2773 860 2833 ἀκάνθας
915 2771 1309 2847 περισχίζεται,
1358 2775 1388 2830 ἦ
1456 2773 1556 2824 ὑπὸ
1613 2781 1705 2826 τοῦ
1758 2778 1913 2849 πυρός

2076 2775 2140 2830 iis
2169 2775 2520 2840 difﬁnditur,
2549 2779 2652 2831 aut
2681 2789 2852 2830 emno
2866 2774 3689 2846 polluitur,et,utbreviterdi-

301 2866 669 2932 κατακαίεται,
728 2859 822 2914 διὰ
865 2865 924 2914 τό
969 2866 1038 2934 μὴ
1089 2865 1328 2933 συνέχειν
1381 2863 1626 2915 πάντοθεν
1671 2860 1914 2936 ἀνδρείως

2074 2880 2183 2933 ιω,
2212 2863 2386 2920 citius
2427 2863 2618 2934 perdit
2642 2862 2975 2932 elegantem
3016 2879 3086 2919 ac
3125 2879 3349 2921 novam
3389 2865 3552 2922 illam
3592 2881 3687 2922 ve-

301 2957 362 3007 τό
434 2949 677 3024 ἔνδυμα·
747 2955 778 3010 ἤ
856 2952 958 3004 ὑπό
1033 2959 1132 3003 τῶν
1208 2955 1693 3024 παραπεπηγμένων
1760 2953 1914 3026 ξιφῶν

2074 2969 2198 3016 :em,
2234 2957 2475 3024 propter
2511 2951 2962 3021 negligentiam,
3001 2953 3385 3010 oscitantiam
3435 2959 3491 3009 et
3519 2955 3687 3025 igna-

302 3045 722 3115 παρακόπτεται,
777 3043 807 3098 ἣ
862 3040 962 3092 ὑπὸ
1010 3046 1102 3092 τοῦ
1155 3037 1413 3114 βορϐόρου
1482 3039 1776 3108 σπιλοῦται,
1832 3046 1915 3094 καὶ

2076 3044 2185 3098 iam
2223 3057 2417 3097 suam.
2457 3041 2756 3106 Quinimo,
2798 3040 2846 3094 si
2888 3041 3088 3096 minus
3120 3041 3437 3111 diligenter
3486 3049 3541 3099 et
3567 3043 3689 3100 ala-

303 3129 624 3193 ἀπαξαπλῶς
669 3131 858 3200 τάχιον
922 3130 1256 3203 καταφθείρει
1321 3131 1406 3182 τὸν
1455 3128 1611 3181 καλὸν
1667 3135 1756 3183 καὶ
1806 3149 1916 3184 και-

2076 3131 2203 3186 riter
2240 3128 2411 3186 oculo
2459 3127 2747 3199 attendat,
2789 3132 2892 3185 aut
2921 3129 3140 3186 incidet
3178 3130 3240 3186 in
3281 3129 3538 3201 foveam,
3582 3136 3689 3190 aut

303 3223 393 3288 νόν
433 3225 527 3271 τοῦ
566 3215 854 3291 ἐνδύματος
895 3227 1114 3290 χιτῶνα,
1167 3213 1262 3270 διὰ
1303 3223 1397 3277 τὴν
1447 3217 1780 3291 ἀπροσεξίαν,
1829 3225 1916 3273 καὶ

1012 3227 1114 3284 ὂνα,
1167 3213 1262 3270 διὰ
1303 3223 1397 3277 τὴν
1447 3217 1780 3291 ἀπροσεξίαν,
1829 3225 1919 3273 καὶ
2032 3219 2206 3293 aquis
2229 3219 2625 3288 demergatur.

301 3313 640 3381 χαυνότητα,
717 3313 807 3360 καὶ
881 3307 1126 3380 ὀκνηρίαν
1201 3306 1362 3360 αὐτοῦ
1423 3325 1435 3338 ’
1494 3307 1537 3360 εἰ
1612 3304 1671 3361 δὲ
1743 3313 1815 3381 μὴ
1892 3307 2058 3372 καλῶς
2131 3313 2221 3362 καὶ
2295 3307 2475 3369 εὐθέως
2547 3315 2619 3379 τῷ
2692 3305 2939 3380 ὀφθαλμῷ
3013 3312 3288 3384 προσέχει,
3365 3313 3456 3364 καὶ
3532 3309 3692 3374 αὐτὸς

303 3399 382 3461 εἰς
413 3399 662 3472 φάραγγα
685 3404 944 3462 πεσεῖται,
978 3397 1007 3456 ἦ
1043 3395 1090 3448 ἐν
1120 3402 1231 3458 τοῖς
1258 3392 2012 3457 ὕδασικαταποντισθὴσεται.

384 3522 460 3578 Γ’.
516 3526 616 3576 Τόν
653 3523 807 3576 αὐτὸν
845 3526 1032 3596 τρόπον
1070 3526 1159 3575 καὶ
1199 3523 1229 3581 ἠ
1270 3521 1426 3594 ψυχὴ
1470 3531 1705 3597 φοροῦσα
1748 3525 1922 3597 ὥσπερ

2106 3521 2200 3578 Ill.
2240 3521 2462 3578 Eodem
2495 3520 2676 3578 modo
2708 3527 2762 3577 et
2809 3523 3034 3589 anima,
3089 3539 3224 3596 qum
3258 3523 3522 3582 tunicam
3567 3541 3693 3583 cor-

305 3622 524 3686 χιτῶνα
559 3612 712 3664 καλὸν
743 3617 801 3664 τὸ
831 3608 1033 3684 ἔνδυμα
1062 3619 1154 3664 τοῦ
1187 3616 1448 3684 σώματος,
1482 3614 1687 3684 ἔχουσα
1718 3609 1753 3665 δ
1759 3633 1918 3688 ιακρι-

2080 3612 2198 3667 oris
2243 3616 2454 3682 gestat,
2517 3611 2693 3667 veluti
2741 3612 3096 3683 praeclaram
3155 3620 3399 3679 vestem,
3461 3613 3693 3686 pollens

305 3706 458 3756 τικόν
497 3701 644 3774 με’λος
682 3701 891 3754 εὐθύνον
932 3700 1052 3760 ὅλην
1092 3705 1186 3759 τὴν
1224 3699 1411 3772 ψυχὴν
1449 3703 1582 3773 μετὰ
1619 3709 1711 3753 τοῦ
1755 3708 1918 3774 σώμαι

2080 3700 2313 3756 tcultate
2344 3700 2753 3766 discernendi,
2782 3716 2918 3772 quas
2956 3699 3158 3771 dirigit
3189 3707 3374 3758 totam
3405 3719 3544 3758 cum
3568 3719 3693 3760 cor-

307 3811 424 3859 τος,
473 3795 872 3864 παρερχομένην
924 3787 1018 3843 διὰ
1072 3797 1172 3842 τῶν
1227 3789 1358 3841 ὑλῶν
1409 3795 1499 3842 καὶ
1555 3788 1787 3843 ἀκανθῶν
1835 3799 1920 3843 τοῦ

2081 3804 2182 3843 ore
2203 3789 2492 3854 animam,
2519 3793 2922 3844 transeuntem
2973 3804 3077 3859 per
3116 3805 3365 3845 nemora
3396 3797 3452 3845 et
3484 3793 3694 3862 spinas

312 3880 464 3954 βίον,
506 3884 594 3931 καὶ
641 3877 924 3954 βορϐόρου,
974 3883 1064 3931 καὶ
1109 3881 1294 3952 πυρός,
1347 3882 1436 3930 καὶ
1481 3887 1743 3953 κρημνῶν,
1787 3886 1925 3932 τοῦτ’

2083 3877 2193 3942 itaa,
2221 3882 2278 3932 et
2313 3892 2417 3948 per
2456 3891 2719 3941 caenum,
2753 3880 2808 3931 et
2855 3877 3078 3944 ignem,
3112 3882 3167 3931 et
3203 3878 3552 3948 praecipitia,
3581 3879 3696 3935 hoc

310 3975 460 4023 ἔστιν
514 3968 822 4040 ἐπιθυμιῶν,
873 3973 963 4021 καὶ
1007 3964 1230 4032 ἡδονῶν,
1287 3972 1377 4019 καὶ
1426 3975 1524 4019 τῶν
1573 3967 1765 4019 λοιπῶν
1811 3967 1923 4020 ἀτό-

2084 3970 2149 4027 st,
2209 3965 2559 4036 cupiditates
2607 3968 2665 4019 et.
2716 3963 3073 4035 voluptates,
3111 3969 3167 4020 et
3207 3964 3465 4036 reliquas
3513 3966 3697 4036 hujus

311 4078 428 4111 πων
474 4065 568 4110 τοῦ
622 4056 802 4117 αἰῶνος
849 4059 1059 4122 τούτου,
1128 4056 1377 4109 πάντοθεν
1426 4055 1613 4127 ὀφείλει
1660 4058 1792 4128 μετά
1842 4061 1924 4115 νή·

2078 4053 2239 4108 teculi
2261 4053 2684 4119 absurditates,
2719 4052 2942 4124 ubique
2975 4052 3153 4108 debet
3179 4052 3398 4118 sobrie,
3440 4053 3691 4121 fortiter,

309 4147 476 4218 ψεως,
534 4150 624 4199 καὶ
698 4142 937 4218 ἀνδρίας,
1006 4150 1096 4198 καὶ
1174 4140 1430 4209 σπουδῆς,
1493 4148 1580 4196 καὶ
1652 4153 1922 4219 προσοχῆς

2085 4141 2349 4211 iligeuter
2394 4147 2450 4197 et
2505 4145 2726 4197 attente
2783 4143 3088 4198 continere
3148 4147 3206 4198 et
3257 4142 3580 4199 observare
3634 4159 3697 4200 se

317 4240 636 4308 συσφίγγειν
688 4241 778 4287 καὶ
837 4234 1121 4307 φυλάσσειν
1170 4233 1379 4300 ἑαυτὴν,
1433 4237 1522 4286 καὶ
1581 4235 1666 4286 τόν
1726 4242 1930 4306 χιτῶνα

2085 4246 2255 4294 isam,
2293 4235 2348 4287 et
2379 4231 2644 4286 tunicam
2681 4230 2973 4302 corporis,
3018 4246 3094 4286 ne
3138 4229 3494 4288 dilaceretur
3549 4232 3698 4289 inter

310 4333 412 4378 τοῦ
435 4331 698 4396 σώματος,
738 4327 811 4396 μὴ
854 4343 953 4376 που
992 4324 1321 4396 περισχισθῇ
1367 4321 1416 4374 ἐν
1456 4329 1566 4384 ταῖς
1603 4330 1696 4376 τοῦ
1727 4329 1923 4395 κόσμου

2076 4321 2280 4376 rutices
2313 4326 2369 4375 et
2396 4318 2605 4390 spinas
2636 4319 2816 4390 hujus
2859 4317 3093 4389 mundi,
3125 4325 3180 4375 ut
3229 4325 3368 4375 sunt
3409 4319 3689 4378 sollicitu-

312 4415 472 4476 ὕλαις
535 4418 624 4465 καὶ
679 4412 946 4479 ἀκάνθαις,
1007 4420 1286 4485 μεριμνῶν,
1344 4417 1434 4464 καὶ
1493 4411 1782 4484 ἀσχολιῶν,
1841 4418 1925 4466 καὶ

2086 4410 2231 4475 ines,
2262 4408 2503 4479 negotia
2522 4413 2578 4464 et
2604 4424 2762 4464 cura:
2790 4413 3094 4464 terrestres
3129 4427 3143 4476 ;
3171 4415 3273 4465 aut
3295 4410 3521 4482 abigne
3561 4426 3697 4467 con-

313 4509 703 4576 περισπασμῶν
744 4505 937 4573 γηῖνων
969 4515 983 4532 ⁸
1037 4506 1126 4554 καὶ
1179 4501 1279 4553 ὑπὸ
1326 4507 1419 4552 τοῦ
1462 4503 1620 4573 πυρὸς
1674 4510 1769 4563 τῆς
1823 4504 1926 4554 ἑπι-

2083 4497 2426 4570 upiscentite
2454 4497 2845 4553 comburatur
2874 4514 2887 4551 :
2921 4512 2992 4553 ea
3023 4497 3183 4554 velut
3209 4497 3422 4554 induta
3451 4499 3696 4556 oculum

316 4595 520 4663 θυμίας
569 4592 873 4663 κατακαυθῇ
907 4611 920 4624 ·
983 4591 1090 4643 οἷον
1147 4585 1462 4660 ἐνδεδυμένη
1512 4593 1599 4642 τὸν
1670 4589 1929 4664 ὀφθαλμὸν

2083 4588 2270 4652 vertit,
2320 4603 2394 4642 ne
2454 4587 2650 4642 videat
2703 4585 2988 4642 malitiam
3020 4601 3034 4642 :
3068 4585 3335 4642 similiter
3387 4592 3444 4642 et
3494 4603 3696 4657 aures,

312 4679 654 4753 ἀποστρέφει,
712 4687 804 4732 τοῦ
859 4684 932 4752 μὴ
989 4675 1119 4732 ἰδεῖν
1177 4679 1420 4751 πονηρά⁶
1480 4682 1538 4730 τό
1595 4674 1685 4740 οὖς
1741 4680 1925 4751 ὁμοίως

2084 4693 2116 4732 e
2154 4677 2402 4732 audiant
2427 4674 2882 4731 detrectationes
2917 4691 2929 4729 :
2964 4675 3256 4744 linguam,
3299 4691 3373 4731 ne
3413 4675 3696 4748 loquatur

311 4771 656 4842 ἀποστρέφει,
713 4776 806 4822 τοῦ
853 4774 925 4841 μη
979 4767 1181 4821 ἀκούειν
1229 4767 1564 4822 καταλαλιάν.
1615 4773 1720 4826 Τὴν
1765 4767 1924 4839 γλῶσ-

2086 4781 2198 4821 ana
2229 4785 2242 4830 ;
2273 4779 2488 4820 manus
2501 4767 2559 4818 et
2575 4763 2758 4835 pedes
2775 4764 2852 4818 ab
2874 4763 3210 4818 actionibus
3223 4769 3278 4818 et
3295 4764 3506 4818 studiis
3527 4765 3699 4820 inho-

315 4880 422 4914 σαν
463 4866 556 4912 τοῦ
603 4863 674 4930 μὴ
728 4857 897 4911 λάλείν
945 4859 1184 4930 μάταια⁶
1235 4865 1418 4928 χεῖρας
1460 4862 1551 4909 καὶ
1600 4853 1771 4918 πόδας
1828 4855 1928 4910 ἀπὸ

2087 4854 2240 4909 estis.
2277 4853 2460 4908 Habet
2482 4853 2641 4908 enim
2663 4854 2867 4908 anima
2887 4851 3254 4907 voluntatem
3282 4851 3612 4917 avertendi,
3643 4856 3700 4909 et

309 4945 749 5019 ἐπιτηδευμάτων
809 4954 1005 4999 κακῶν.
1063 4944 1218 5018 Ἐχει
1267 4947 1370 5018 γὰρ
1437 4945 1634 5018 θελημα
1689 4947 1719 5004 ἡ
1770 4944 1922 5017 ψυχή

2087 4943 2332 4998 vocandi
2375 4944 2648 4997 membra
2689 4941 2957 5012 corporis
2988 4939 3067 4995 ab
3109 4939 3438 4996 inhonestis
3464 4946 3700 5013 specta-

311 5046 412 5092 τοῦ
459 5035 792 5110 ἀποστρέψαι
835 5041 926 5088 καὶ
972 5034 1211 5087 κωλῦσαι
1252 5037 1316 5087 τά
1367 5034 1493 5106 με’λη
1543 5042 1636 5088 τοῦ
1694 5041 1924 5108 σώματος

2082 5031 2209 5099 ulis,
2237 5031 2314 5087 ab
2339 5029 2770 5087 auscultatione
2796 5029 2924 5098 ejus
2971 5029 3134 5101 quod
3179 5029 3406 5086 malum
3437 5034 3490 5084 et
3522 5033 3695 5102 turpe

315 5129 425 5181 ἀπὸ
494 5131 754 5179 κακίστων
814 5126 1084 5197 θεαμάτων
1143 5128 1233 5177 καὶ
1300 5122 1464 5185 ἀκόῆς
1530 5129 1779 5197 πονηρᾶς,
1841 5127 1928 5176 καὶ

2082 5128 2149 5187 st,
2181 5135 2218 5176 a
2243 5134 2519 5175 sermone
2547 5119 2745 5174 minus
2771 5118 3022 5184 decenti,
3047 5123 3104 5174 et
3123 5118 3335 5174 ofﬁciis
3375 5119 3695 5176 mundanis

309 5217 576 5290 αἰσχρᾶς,
653 5219 742 5268 καὶ
798 5213 964 5284 λόγων
1029 5210 1292 5287 ἀπρεπῶν,
1347 5216 1432 5266 καὶ
1501 5208 1922 5284 ἐπιτηδευμάτων

854 5233 964 5284 γων
1029 5210 1292 5287 ἀπρεπῶν,
1347 5216 1432 5266 καὶ
1501 5208 1930 5284 ἐπιτηδευμάτων
2041 5225 2111 5266 ac
2151 5207 2467 5282 perversis.

313 5313 588 5378 κοσμικῶν
616 5309 707 5356 καὶ
735 5311 993 5378 πονηρῶν.

394 5430 462 5486 Δ’.
505 5432 844 5505 ’Δποστρέφει
886 5425 945 5482 δὲ
982 5433 1072 5482 καὶ
1112 5426 1293 5487 ἑαυτὴν
1332 5429 1362 5487 ἡ
1404 5425 1560 5500 ψυχὴ
1603 5426 1702 5478 ὑπὸ
1740 5423 1932 5500 ῥεμϐα-

2113 5421 2200 5476 Ιν.
2230 5422 2444 5477 Avertit
2483 5419 2663 5478 etiam
2706 5419 2968 5492 seipsam
2997 5420 3202 5478 anima
3249 5419 3327 5477 ab
3358 5421 3699 5494 occupatio~

321 5529 470 5593 σμῶν
507 5527 762 5593 πονηρῶν,
805 5517 1140 5592 φυλάττουσα
1175 5522 1268 5576 τὴν
1305 5513 1550 5592 καρδίαν,
1583 5523 1672 5569 τοῦ
1707 5520 1779 5588 μή
1809 5515 1932 5590 ῥίμ-

2086 5511 2220 5567 ibus
2245 5511 2458 5567 mentis
2493 5510 2688 5566 minus
2717 5510 2848 5582 piis,
2878 5510 3209 5566 observans
3232 5524 3354 5576 cor,
3374 5525 3446 5567 ne
3475 5511 3695 5582 cogita-

321 5607 513 5663 ϐεσθαι
539 5607 589 5661 ἄν
618 5615 692 5679 τῷ
736 5625 920 5681 κόσμῳ
950 5609 1018 5661 τὰ
1070 5606 1196 5681 με’λη
1243 5613 1343 5660 τῶν
1399 5605 1667 5678 λογισμῶν
1718 5603 1880 5665 αὐτῆς
1909 5619 1926 5636 ⁸

2087 5615 2236 5658 ones
2259 5599 2310 5672 ej
2321 5614 2388 5655 us
2413 5614 2520 5672 per
2541 5597 2836 5656 mundum
2858 5599 2998 5656 hinc
3012 5597 3151 5656 inde
3167 5599 3696 5672 circumagantur:

321 5702 416 5758 καὶ
462 5698 627 5761 οὕτως
670 5697 1048 5771 ἀγωνιζομένη,
1098 5701 1189 5751 καὶ
1227 5691 1628 5764 σπουδάζουσα,
1672 5698 1762 5750 καὶ
1813 5711 1931 5748 σνν-

2083 5696 2104 5750 t
2145 5691 2230 5747 sic
2261 5705 2384 5748 non
2401 5689 2636 5762 absque
2665 5703 2872 5763 pugna
2900 5692 2955 5749 et
2979 5687 3208 5759 labore,
3236 5706 3310 5749 ex
3338 5691 3504 5749 omni
3530 5692 3696 5762 parte
