4058 6194
431 272 534 329 475

1743 263 1805 321 S.
1850 260 2157 323 MACARII
2195 259 2503 321 EGYPTII

3689 268 3802 327 476

427 397 744 467 diligenter
774 399 830 452 et
868 396 1086 451 attente
1116 393 1429 449 continens
1461 390 1737 447 membra
1765 390 2065 463 corporist

2199 391 2408 462 έχουσα
2470 389 2716 444 πάντοθεν
2776 392 2825 444 ἓν
2882 390 3041 465 πολλῇ
3096 401 3341 467 προσοχῇ
3398 394 3464 448 τὰ
3519 394 3644 468 μέλη
3700 402 3798 449 τοῦ

424 486 676 550 malitia,
702 485 779 541 ab
805 484 970 541 omni
1000 482 1384 547 laceratione,
1423 480 1840 537 combustione
1887 486 1944 536 et
2000 480 2087 536 in-

427 573 1160 648 quinatione,praeclaram
1175 572 1442 643 corporis
1459 569 2083 633 tunicam,immunem

426 670 759 720 conservat.
805 663 902 719 llta
933 664 1068 734 ipsa
1099 661 1356 732 denique
1374 675 1479 731 per
1502 675 1676 715 suam
1693 658 2080 725 voluntatem,

426 769 561 825 quae
575 751 997 822 cognoscendi,
1013 749 1377 819 intelligendi
1392 747 1839 804 etdiscernendi
1855 747 1909 802 vi
1927 762 2084 818 prte-

425 842 547 897 dita
573 849 679 907 est,
710 858 779 897 ac
808 840 1054 897 omnino
1082 844 1144 894 ut
1172 839 1390 904 dicam,
1415 852 1520 909 per
1548 836 1783 892 Domini
1807 835 2080 892 virtutem

425 931 893 997 conservabitur,
924 945 1059 1000 quae
1116 934 1171 983 et
1210 942 1270 982 se
1315 928 1513 998 ipsam
1544 942 1650 997 pro
1684 925 1911 981 viribus
1956 925 2079 980 suis

424 1020 662 1075 cohibet
688 1025 742 1073 et
781 1019 859 1073 ab
886 1018 1051 1072 omni
1086 1015 1575 1087 concupiscentia
1612 1014 1922 1070 mundana
1944 1014 2081 1071 sub-

423 1110 614 1164 ducit:
640 1110 681 1177 1
695 1106 750 1179 4
765 1111 945 1178 atque
961 1107 1044 1161 sic
1063 1104 1349 1160 auxilium
1367 1121 1401 1159 a
1415 1104 1668 1160 Domino
1692 1102 2077 1170 nanciscitur,

420 1202 482 1252 ut
521 1213 726 1252 revera
755 1194 1726 1265 custodiaturamalis,quaeantea
1757 1208 2080 1248 enumera-

419 1286 634 1340 vimus.
670 1284 723 1340 Si
739 1283 984 1356 quando
998 1283 1156 1338 enim
1177 1283 1462 1338 Dominus
1476 1282 1827 1354 quempiam
1847 1281 2076 1347 viderit,

420 1373 523 1446 qui
551 1374 821 1440 gnaviter
852 1372 929 1427 ab
957 1372 1138 1442 hujus
1163 1372 1371 1427 mundi
1402 1370 1831 1442 voluptatibus,
1866 1371 2081 1427 distra-

421 1462 718 1517 ctionibus
750 1467 804 1517 et
833 1461 994 1516 curis
1028 1460 1245 1515 crassis
1266 1477 1335 1516 ac
1358 1460 1602 1515 terrenis
1630 1459 1877 1515 vinculis
1900 1466 2078 1532 atque

418 1566 714 1606 vanarum
747 1550 1177 1617 cogitationum
1216 1549 1715 1621 occupationibus
1741 1565 1804 1604 se
1844 1554 2074 1616 avocet,

418 1645 662 1711 prmstat
689 1638 767 1694 illi
804 1638 1101 1709 peculiare
1124 1640 1325 1710 gratiae
1353 1638 1666 1701 auxilium,
1710 1636 2077 1711 illtesamque

2197 484 2433 552 σώματος
2479 479 2578 531 ἀπὸ
2636 488 2827 545 κακῶν,
2879 481 3165 553 ἄσχιστον,
3220 488 3310 536 καὶ
3360 482 3643 550 οἷκαυστον,
3704 490 3800 539 καὶ

2192 570 2411 622 ἄσπιλον
2444 572 2532 621 τόν
2559 569 2711 622 καλὸν
2748 578 2953 642 χιτῶνα
2980 578 3072 623 τοῦ
3115 578 3348 643 σώματος
3388 570 3740 646 διαφυλάσσει
3776 593 3793 608 ·

2191 663 2279 710 καὶ
2332 658 2462 717 αὐτὴ
2520 655 2614 711 διὰ
2665 666 2755 711 τοῦ
2807 669 3102 731 γνωστικοῡ
3155 666 3245 715 καὶ
3292 658 3650 731 διανοητικοῡ,
3702 667 3800 716 καὶ

2192 744 2527 823 διακριτικοῦ
2568 748 2853 820 θελήματος
2890 749 3071 816 αὐτῆς,
3116 754 3171 803 τὸ
3213 747 3272 804 δὲ
3310 758 3409 804 πᾶν
3447 749 3541 805 διὰ
3577 761 3668 813 τῆς
3700 760 3797 805 τοῦ

2194 842 2387 912 Κυρίου
2448 834 2730 911 δυνάμεως,
2786 838 3204 911 φυλαχθήσεται,
3261 840 3389 901 αὐτή
3449 841 3631 902 ἑαυτὴν
3690 842 3795 902 ὅση

2192 922 2415 999 δύναμις
2447 933 2842 1000 συσφίγγουσα,
2886 934 2975 982 καὶ
3013 932 3191 991 πάσης
3228 932 3508 1003 ἐπιθυμίας
3536 940 3803 1004 κοσμικῆς

2189 1015 2595 1092 ἀποστρέφουσα
2624 1034 2636 1047 ⁸
2665 1023 2755 1070 καὶ
2785 1018 2943 1079 οὕτως
2973 1019 3072 1071 ὑπὸ
3103 1027 3194 1073 τοῦ
3237 1025 3429 1094 Κυρίου
3460 1020 3797 1095 βοηθουμένη

2189 1106 2259 1168 εἰς
2298 1110 2355 1159 1'6
2396 1106 2449 1170 ἐξ
2489 1107 2725 1170 ἀληθείας
2763 1108 3099 1180 φυλαχθῆναι
3136 1109 3293 1169 αὐτὴν
3330 1115 3431 1164 απὸ
3472 1120 3571 1164 τῶν
3610 1131 3803 1185 προει-

2188 1198 2418 1270 ρημένων
2476 1205 2667 1250 κακῶν.
2712 1196 2869 1249 Ἐπάν
2916 1200 3015 1273 γὰρ
3062 1194 3153 1271 ἴδῃ
3205 1200 3231 1250 ό
3283 1201 3473 1273 Κύριός
3520 1220 3635 1253 τινα
3680 1221 3801 1271 γεν-

2187 1288 2343 1347 ναίως
2408 1283 2850 1359 ἀποστρεφόμενον
2915 1289 3004 1347 τὰς
3066 1294 3157 1339 τοῦ
3233 1286 3354 1360 βίου
3423 1285 3636 1356 ἡδονὰς,
3700 1296 3799 1343 καὶ

2187 1379 2590 1448 περισπασμούς
2662 1381 2751 1429 καὶ
2815 1380 3069 1451 μερίμνας
3142 1377 3324 1441 ύλικὰς
3398 1384 3487 1432 καὶ
3561 1376 3801 1451 δεσμοὺς

2186 1467 2417 1534 γηῖνους,
2461 1470 2550 1519 καὶ
2590 1464 2926 1539 ῥεμϐασμούς
2967 1465 3231 1537 λογισμῶν
3279 1472 3535 1539 ματαίων,
3590 1464 3799 1522 δίδωσι

2187 1557 2281 1611 τὴν
2328 1550 2470 1607 ἰδίαν
2516 1563 2606 1615 τῆς
2650 1556 2869 1627 χάριτος
2917 1554 3186 1627 βοήθειαν,
3241 1556 3479 1609 ἄπτωτον
3524 1553 3799 1632 διατηρῶν

2187 1647 2282 1700 τὴν
2311 1642 2497 1715 ψυχὴν
2528 1644 2724 1702 ἐκείνην
2765 1640 3166 1718 διεξερχομένην
3206 1645 3372 1708 καλῶς
3412 1649 3498 1699 τόν
3537 1645 3797 1701 ἐνεστῶτα

418 1729 686 1785 animam
719 1727 901 1793 illam,
937 1744 1073 1799 quae
1103 1727 1327 1783 fortiter
1350 1742 1611 1799 praesens
1642 1727 1757 1782 hoc
1790 1728 2065 1784 saeculum

2188 1737 2412 1806 πονηρόν
2450 1733 2630 1786 αἰῶνα.
2677 1737 2778 1787 Καὶ
2814 1733 2973 1795 οὕτως
3012 1736 3041 1792 ἠ
3082 1733 3238 1807 ψυχή
3280 1736 3497 1788 ἐπαίνων
3533 1736 3796 1811 οὐρανίων

418 1833 767 1889 perversum
828 1818 1167 1888 pertransit,
1227 1823 1558 1873 conservat.
1624 1818 1689 1872 Et
1740 1816 1822 1871 sic
1873 1818 2079 1873 anima

418 1906 653 1963 caeleste
687 1907 1055 1976 praeconium
1080 1922 1115 1961 a
1145 1906 1265 1961 Deo
1288 1911 1344 1961 et
1365 1905 1594 1975 angelis
1611 1905 1740 1976 ejus
1766 1907 2078 1979 consequi-

415 1997 530 2060 tur,
558 1994 719 2067 quod
755 2000 979 2050 vestem
1011 1996 1277 2067 corporis
1307 1993 1393 2049 sui
1419 2001 1472 2049 et
1498 2010 1559 2049 se
1587 1994 1780 2065 ipsam
1797 2001 2075 2051 accurate

418 2084 804 2147 conservarit,
838 2090 891 2139 et
922 2084 1108 2155 quod,
1142 2089 1438 2156 quantum
1469 2084 1528 2138 in
1561 2098 1622 2138 se
1647 2082 1774 2150 fuit,
1800 2083 1877 2139 ab
1909 2084 2073 2139 omni

416 2172 905 2243 concupiscentia
930 2172 1240 2228 mundana
1281 2188 1491 2228 aversa
1532 2176 1587 2227 et
1626 2176 1875 2240 remota,
1909 2174 2076 2230 auxi-

414 2260 617 2332 lioque
671 2260 873 2315 divino
911 2262 1113 2332 potita,
1171 2278 1414 2317 cursum
1477 2260 1656 2317 stadii
1706 2261 1886 2333 hujus
1942 2262 2071 2319 vitae

417 2348 661 2405 feliciter
687 2349 1028 2405 absolverit.

487 2476 548 2530 V.
582 2474 638 2529 Si
672 2474 807 2546 quis
840 2478 1043 2529 autem
1109 2473 1344 2544 pigritia
1374 2480 1431 2530 et
1468 2474 1719 2544 segnitie
1769 2474 2068 2545 difﬂuens,

414 2568 585 2619 caute
635 2563 696 2617 in
751 2563 863 2618 hac
921 2565 1040 2618 vita
1089 2578 1212 2617 non
1251 2561 1538 2628 ambulet,
1567 2569 1620 2617 et
1646 2579 1715 2617 ex
1750 2580 1859 2619 sua
1887 2566 2070 2635 ipsius

411 2652 715 2708 voluntate
736 2668 979 2707 omnem
994 2652 1543 2722 concupiscentiam
1561 2651 1932 2708 mundanam
1948 2668 2070 2710 non

412 2747 742 2805 aversetur,
777 2755 885 2795 nec
919 2740 1236 2795 Dominum
1260 2739 1451 2795 solum
1487 2740 1542 2794 in
1576 2741 1738 2795 omni
1771 2740 2069 2801 desiderio

410 2828 692 2899 requirat.
754 2829 815 2883 in
885 2829 1088 2898 spinas
1146 2832 1205 2883 et
1261 2844 1510 2885 nemora
1602 2829 1784 2899 hujus
1858 2831 2068 2886 mundi

411 2916 743 2986 conjicitur,
777 2922 833 2971 et
875 2916 952 2971 ab
1007 2918 1126 2986 igni
1169 2918 1667 2988 concupiscentiae
1716 2919 1893 2974 vestis
1937 2935 2070 2975 cor-

409 3006 573 3075 poris
602 3005 993 3071 comburitur,
1017 3011 1072 3061 et
1101 3021 1273 3062 cceno
1291 3005 2060 3079 voluptaturninquinatur:

2190 1824 2330 1895 ποιρά
2368 1830 2502 1875 Θεοῦ
2532 1826 2618 1875 καὶ
2650 1821 2879 1894 ἀγγέλων
2919 1822 3169 1889 τεύξεται,
3212 1825 3293 1876 ὃτι
3330 1828 3415 1876 τὸν
3453 1831 3660 1897 χιτῶνα
3694 1833 3796 1878 τοῦ

2189 1916 2429 1984 σώματος
2468 1911 2631 1974 αὐτῆς
2668 1911 2836 1974 καλῶς
2876 1908 3153 1985 διεφύλαξε
3189 1918 3277 1966 καὶ
3316 1912 3522 1980 ἑαυτὴν,
3564 1916 3688 1967 ὅσον
3727 1920 3795 1970 τό

2187 2004 2235 2055 ἓν
2277 2000 2407 2074 ἆύτῇ
2463 1998 2701 2069 δυνατὸν,
2753 2008 2925 2055 πᾶσαν
2959 2004 3239 2074 ἐπιθυμίαν
3280 2011 3373 2057 τοῦ
3420 2009 3620 2077 κόσμου
3662 2003 3797 2059 ἀπο-

2186 2099 2495 2164 στραφείσα,
2553 2097 2642 2144 καὶ
2707 2092 2795 2144 ὑπ’
2860 2092 3020 2144 αὐτοῦ
3096 2090 3446 2164 βοηθηθεῖσα,
3519 2098 3603 2146 τόν
3663 2090 3795 2169 δρό-

2183 2201 2278 2252 μον
2321 2188 2413 2234 τοῦ
2456 2177 2682 2234 σταδίου
2736 2188 2827 2235 τοῦ
2878 2185 3080 2254 κόσμου
3125 2184 3312 2235 τούτου
3356 2182 3521 2245 καλῶς
3560 2180 3796 2247 διεξελήο

2181 2268 2351 2325 λυθεν.

2252 2465 2325 2520 E'.
2360 2465 2419 2519 Εἰ
2445 2461 2505 2518 δέ
2524 2485 2604 2528 τις
2633 2467 2680 2518 ἓν
2705 2468 2999 2537 χαυνότητι
3023 2469 3112 2517 καὶ
3138 2465 3373 2540 ῥᾳθυμίᾳ
3392 2470 3463 2539 μή
3498 2472 3794 2542 προσεχόν·

2181 2573 2280 2615 τως
2333 2556 2381 2607 ἓν
2434 2562 2505 2626 τῷ
2564 2553 2666 2626 βίῳ
2711 2556 2876 2626 τούτῳ
2919 2557 3213 2626 πορεύεται,
3264 2560 3354 2608 καὶ
3401 2556 3458 2609 ἐκ
3502 2556 3793 2630 θελήματος

2183 2640 2324 2697 ἰδίου
2354 2643 2448 2696 οὐκ
2484 2643 2863 2715 ἀποστρέφεται
2901 2649 3074 2695 πᾶσαν
3114 2642 3392 2717 ἐπιθυμίαν
3430 2653 3519 2698 τοῦ
3557 2652 3792 2719 κόσμου,

2178 2736 2375 2786 καὶτὸν
2418 2736 2605 2807 Κύριον
2633 2737 2785 2803 μόνον
2829 2731 2877 2785 ἓν
2918 2734 3064 2790 πάση
3122 2734 3374 2807 ἐπιθυμίᾳ
3408 2737 3662 2803 ἐπιζητεῖ,
3716 2738 3793 2794 εἰς

2178 2826 2266 2882 τὰς
2312 2821 2539 2883 ἀκάνθας
2585 2826 2675 2874 καὶ
2729 2821 2857 2883 ύλας
2910 2822 3097 2875 τούτου
3149 2830 3242 2875 τοῦ
3296 2828 3497 2896 κόσμου
3550 2832 3794 2899 περιπεί-

2176 2932 2340 2986 ρεται,
2392 2917 2483 2964 καὶ
2543 2912 2643 2964 ὑπὸ
2700 2919 2791 2963 τοῦ
2844 2916 3009 2975 πυρός
3056 2919 3152 2975 τῆς
3214 2910 3492 2984 ἐπιθυμίας
3543 2916 3569 2965 ό
3615 2920 3790 2987 χιτὼν

2176 3010 2268 3054 τοῦ
2332 3007 2573 3074 σώματος
2636 3005 3004 3075 παρακαίεται,
3070 3006 3161 3055 καὶ
3204 3002 3305 3054 ὑπό
3370 3010 3462 3056 τοῦ
3521 3002 3788 3078 βορϐόρου

409 3100 466 3149 et
492 3094 575 3149 sic
609 3093 835 3160 timida,
872 3110 942 3150 ac
974 3096 1099 3150 sine
1158 3093 1378 3151 ﬁducia
1412 3095 1470 3151 in
1497 3095 1592 3151 die
1616 3096 1828 3165 judicii
1860 3098 2065 3155 anima

2178 3100 2274 3143 τῶν
2327 3089 2528 3151 ἡδονῶν
2579 3091 2877 3156 σπιλοῡται,
2910 3095 3011 3163 καὶ
3058 3090 3220 3154 οὓτως
3266 3090 3702 3167 ἀπαρρησίαστος
3752 3098 3785 3155 ἡ

403 3181 889 3255 deprehenditur,
930 3199 1001 3239 eo
1032 3184 1217 3254 quod,
1246 3200 1383 3240 cum
1407 3200 1579 3240 suam
1603 3192 1821 3240 vestem
1852 3186 2065 3243 imma-

402 3270 661 3327 culatam
715 3287 1070 3327 conservare
1121 3288 1242 3327 non
1295 3272 1567 3342 potuerit,
1623 3289 1757 3329 eam
1814 3275 2063 3330 fallaciis

400 3358 583 3427 hujus
612 3359 811 3413 saeculi
834 3361 1160 3429 corruperit
1196 3380 1209 3414 :
1242 3366 1297 3414 et
1317 3366 1629 3430 propterea
1661 3376 1846 3431 regno
1869 3369 2061 3417 extru-

401 3445 583 3502 ditur.
607 3446 759 3509 Quid
801 3448 960 3500 enim
994 3446 1257 3501 facturus
1285 3450 1436 3502 Deus
1459 3454 1550 3502 est
1578 3447 1679 3513 illi,
1713 3451 1814 3521 qui
1847 3455 2060 3521 sponte

400 3547 462 3589 se
518 3533 717 3604 ipsum
773 3534 1000 3588 mundo
1034 3534 1364 3599 tradiderit,
1396 3536 1929 3609 voluptatibusque
1961 3539 2060 3595 de-

398 3627 604 3694 ceptus
635 3639 705 3677 ac
738 3623 980 3677 terrenis
1016 3624 1516 3693 occupationibus
1564 3626 1845 3682 seductus
1889 3630 2060 3683 ober-

396 3711 540 3767 rat?
580 3711 668 3769 Illi
712 3711 958 3784 quidem
993 3714 1283 3768 auxilium
1327 3721 1585 3785 praestat,
1638 3717 1742 3788 qui
1782 3718 2058 3775 sordidas

398 3800 754 3872 voluptates,
790 3807 846 3855 et
879 3802 1105 3872 priores
1138 3818 1334 3858 mores
1354 3811 1686 3871 aversatus,
1719 3806 1884 3861 omni
1913 3808 1967 3863 vi
1987 3823 2058 3864 ac

399 3884 626 3961 impetu
690 3891 1079 3961 cogitationes
1130 3908 1272 3948 suas
1314 3909 1553 3965 semper
1606 3894 1685 3949 ad
1737 3897 2056 3954 Dominum

400 3980 618 4052 dirigit,
654 3986 708 4035 et
740 3996 800 4033 se
850 3980 1050 4052 ipsum
1082 3981 1360 4052 abnegat.
1392 3984 1708 4057 solumque
1736 3985 2055 4043 Dominum

395 4070 672 4125 ardenter
693 4072 925 4141 quaerit.
954 4073 1115 4125 Hunc
1154 4080 1489 4137 conservat,
1527 4075 1627 4145 qui
1655 4089 1715 4127 se
1746 4076 2056 4133 custodita

394 4157 626 4229 laqueis
657 4174 726 4212 ac
766 4160 1022 4213 restibus
1070 4158 1227 4215 silvae
1260 4160 1440 4230 hujus
1480 4163 1707 4225 mundi,
1736 4163 1839 4234 qui
1877 4166 2054 4221 etiam

399 4261 532 4302 cum
566 4246 768 4302 timore
799 4250 850 4301 et
890 4254 1108 4303 terrore
1146 4265 1314 4305 suam
1347 4250 1532 4319 ipsius
1561 4253 1813 4307 salutem
1860 4268 2055 4322 apera-

398 4338 495 4389 ταν
527 4335 597 4399 ³9,
656 4335 942 4404 omnique
998 4336 1321 4391 intentione
1385 4354 1489 4409 per
1519 4338 1747 4411 laques,
1791 4344 1973 4395 restes
2000 4346 2056 4396 et

2172 3180 2326 3253 ψυχὴ
2365 3179 2413 3232 ἐν
2452 3182 2621 3254 ἡμέρᾳ
2658 3184 2880 3254 κρίσεως
2918 3181 3234 3252 εὑρίσκεται,
3277 3184 3333 3233 τὸ
3373 3177 3577 3255 ἔνδυμα
3614 3183 3786 3248 αὐτῆς

2172 3269 2392 3321 ἄσπιλον
2451 3272 2522 3339 μὴ
2575 3265 2866 3325 δυνηθεῖσα
2911 3275 3165 3341 τηρῆσαι,
3222 3268 3350 3321 ἀλλά
3386 3273 3786 3344 καταφθείρασα

2171 3357 2297 3410 αὐτὸ
2328 3364 2443 3418 ταῖς
2482 3356 2703 3418 ἀπάταις
2742 3364 2833 3409 τοῦ
2873 3357 3055 3419 αἰῶνος
3092 3359 3279 3410 τούτου
3313 3377 3326 3391 '
3370 3363 3459 3411 καὶ
3490 3356 3585 3413 διὰ
3622 3369 3781 3416 τοῦτο

2171 3444 2462 3507 ἀπόϐλητος
2519 3453 2611 3505 τῆς
2662 3443 2938 3517 βασιλείας
2978 3448 3253 3517 γίγνεται·
3300 3452 3353 3498 τί
3406 3451 3508 3520 γὰρ
3562 3454 3780 3509 ποιήσει

2169 3535 2195 3586 ὁ
2236 3536 2367 3596 Θεὸς
2401 3542 2473 3604 τῷ
2515 3532 2765 3605 θελήματι
2802 3542 2872 3605 τῷ
2914 3530 3034 3606 ἰδίῳ
3073 3531 3429 3608 παραδιδόντι
3467 3536 3646 3591 ἑαυτὸν
3702 3549 3779 3612 τῷ

2168 3628 2369 3695 κόσμῳ,
2420 3627 2509 3674 καὶ
2562 3620 2877 3694 ἀπατωμένῳ
2921 3630 3037 3685 ταῖς
3087 3620 3302 3685 ἡδοναῖς
3349 3625 3525 3693 αὐτοῦ,
3574 3632 3604 3686 ἧ
3650 3628 3781 3702 ῥεμ-

2169 3709 2391 3783 ϐασμοίς
2443 3710 2637 3771 ύλικοῖς
2689 3709 3090 3784 ἑκπλανωμένῳ;
3145 3714 3317 3785 ἐκείνῳ
3369 3718 3470 3789 γάρ
3520 3714 3776 3788 βοήθειαν

2169 3798 2390 3867 δίδωσι,
2438 3809 2508 3871 τῷ
2557 3800 2986 3875 ἀποστρεφομένῳ
3040 3804 3133 3865 τὰς
3184 3802 3367 3865 ὑλικὰς
3410 3802 3624 3872 ἡδονὰς,
3681 3816 3776 3863 καὶ

2166 3896 2415 3965 προτέρας
2473 3892 2750 3952 συνηθείας
2779 3910 2792 3925 ο
2857 3895 2946 3943 καὶ
2995 3890 3095 3961 βίᾳ
3131 3895 3225 3950 τὴν
3274 3889 3509 3947 διάνοιαν
3550 3899 3777 3952 πάντοτε

2166 3985 2290 4054 πρὸς
2346 3982 2533 4053 Κύριον
2586 3979 2800 4043 ἕλκοντι,
2853 3978 3143 4053 ἀρνουμένῳ
3188 4000 3242 4034 τε
3289 3982 3491 4048 ἑαυτὸν,
3546 3991 3635 4039 καὶ
3684 3992 3775 4042 τόν

2170 4073 2359 4143 Κύριον
2408 4073 2559 4142 μόνον
2603 4069 2936 4130 ἓπιζητοῦντι
2965 4084 2978 4098 ·
3022 4076 3203 4122 τοῦτον
3244 4067 3505 4147 διατηρεῖ,
3548 4078 3633 4127 τὸν
3679 4098 3778 4149 φυ.

2165 4157 2483 4230 λασσόμενον
2521 4160 2850 4231 πανταχόθεν
2890 4156 2945 4210 ἐκ
2983 4167 3082 4211 τῶν
3120 4155 3363 4231 παγίδων
3413 4168 3499 4215 καὶ
3550 4164 3777 4240 βρόχων

2164 4256 2260 4308 τῆς
2282 4248 2407 4307 ὕλης
2428 4247 2520 4299 τοῦ
2549 4252 2774 4319 κόσμου,
2804 4250 2909 4299 τόν
2938 4250 3097 4320 μετά
3135 4248 3335 4321 φόϐου
3373 4257 3482 4305 καὶ
3519 4259 3775 4328 τρόμου

2164 4340 2274 4393 τήν
2317 4335 2544 4388 ἑαυτοῦ
2575 4341 2900 4410 σωτηρίαν
2926 4339 3511 4412 κατεργαζόμενον,
3534 4349 3782 4417 καὶμετά

393 4420 911 4491 concupiscentias
930 4422 1111 4491 hujus
1131 4425 1325 4479 saeculi
1343 4426 2053 4499 transit,Dominiqueau-

2178 4426 2337 4484 τάσης
2374 4429 2692 4499 πορσεχείας
2733 4423 2828 4478 διὰ
2873 4435 2972 4479 τῶν
3012 4423 3253 4499 παγίδων
3294 4434 3383 4483 καὶ
3424 4428 3641 4505 βρόχων
3682 4440 3779 4489 καὶ

391 4508 600 4564 xilium
647 4509 913 4581 requirit,
962 4526 1032 4565 ac
1054 4527 1159 4583 per
1203 4515 1459 4583 gratiam
1484 4515 1904 4572 misericordiae
1924 4518 2053 4589 ejus

400 4598 620 4655 salvari
646 4604 845 4670 sperat

462 4812 553 4869 Vl.
586 4816 727 4869 Ecce
757 4814 979 4869 animi0
994 4816 1262 4888 quinque
1281 4816 1605 4888 prudentes
1622 4819 1920 4876 acsobrize
1936 4821 2046 4876 vir-

390 4899 579 4974 gines,
610 4902 882 4959 alacriter
912 4912 1284 4961 accersentes
1312 4907 1607 4978 hospitem
1631 4914 1860 4963 natura:
1901 4925 2049 4980 suae,

391 4998 639 5064 accepto
670 4991 731 5047 in
764 4993 1008 5048 vasibus
1054 4995 1251 5049 cordis
1310 4996 1404 5049 sui
1458 4996 1612 5064 oleo,
1639 4996 1755 5053 hoc
1785 5004 1892 5065 est,
1953 5016 2049 5054 su-

389 5097 578 5152 perna
609 5082 799 5152 gratia
830 5081 1102 5153 Spiritus,
1134 5088 1455 5154 potuerunt
1489 5086 1722 5155 ingredi
1760 5103 1879 5143 una
1909 5103 2044 5143 cum

393 5170 625 5240 Sponso
648 5171 705 5225 in
729 5170 1030 5226 caelestem
1066 5172 1421 5228 thalamum.
1442 5174 1700 5247 Reliquae
1716 5191 1855 5231 vero
1872 5176 2047 5233 fatuae

393 5259 451 5314 in
483 5275 594 5314 sua
620 5259 811 5329 ipsius
850 5268 1063 5316 natura
1090 5269 1526 5332 permanentes,
1564 5280 1684 5320 non
1706 5264 2043 5333 vigilarunt,

389 5361 499 5403 nec
529 5363 779 5419 operam
817 5349 1132 5415 dederunt,
1170 5356 1230 5405 ut
1278 5350 1476 5406 oleum
1509 5352 1920 5409 exsultationis
1951 5370 2047 5410 ac-

389 5435 651 5508 ciperent
699 5437 760 5493 in
794 5436 959 5495 vasis
990 5438 1134 5505 suis,
1168 5438 1273 5494 sed
1318 5439 1476 5497 velut
1527 5440 1590 5497 in
1621 5458 1800 5499 carne
1848 5443 2045 5501 adhuc

394 5598 399 5605 δ
458 5638 508 5675 εν
538 5635 754 5712 philip.
793 5654 854 5706 1.,
900 5640 987 5697 12.
1094 5641 1146 5685 ³ο
1179 5640 1380 5701 Matth.
1411 5659 1548 5713 xxv,
1594 5649 1615 5702 l
1650 5661 1783 5723 sqq.

2164 4513 2449 4585 ἄπιθυμιῶν
2489 4521 2580 4566 τοῦ
2631 4514 2814 4578 αἰῶνος
2862 4518 3048 4569 τούτου
3089 4522 3500 4591 παρερχόμενον,
3538 4526 3627 4575 καὶ
3679 4529 3779 4584 τήν

2162 4611 2253 4656 τοῦ
2287 4607 2479 4675 Κυρίου
2521 4601 2770 4676 βοήθειαν
2805 4603 3171 4670 ἐπιζητοῦντα,
3214 4610 3304 4659 καὶ
3342 4608 3414 4680 τῷ
3454 4607 3575 4663 ἐλέει
3613 4611 3777 4667 αὐτὸν

2164 4688 2259 4745 διὰ
2287 4699 2381 4756 τῆς
2419 4693 2645 4768 χάριτος
2678 4692 2943 4754 σώζεσθαι
2976 4694 3266 4758 ἱλπίζοντα.

2233 4816 2305 4882 ς’.
2338 4812 2479 4870 Ἰδοὺ
2509 4818 2672 4889 γὰραὶ
2702 4820 2848 4870 πέντε
2877 4820 3122 4893 παρθένοι
3147 4820 3203 4871 αἱ
3237 4824 3496 4894 φρόνιμοι,
3528 4824 3779 4898 νήψασαε

2160 4910 2251 4959 καὶ
2301 4908 2721 4979 γοργευσάμεναι
2775 4909 2833 4959 τό
2881 4906 3022 4970 ξένον
3065 4916 3155 4969 τῆς
3203 4907 3392 4960 ἑαυτῶν
3428 4914 3650 4983 φύσεως,
3684 4916 3778 4971 λα-

2160 4993 2351 5047 ϐοῡσαι
2380 4997 2437 5047 τὸ
2488 4994 2654 5047 ἔλαιον
2682 4993 2730 5046 ἓν
2782 5002 2887 5058 τοῖς
2916 4995 3140 5068 ἀγγείοις
3167 5004 3263 5058 τῆς
3309 4996 3537 5074 καρδίας
3575 5004 3774 5074 αὐτῶν,

2158 5088 2397 5137 τουτέστι
2434 5088 2525 5141 τὴν
2577 5084 2769 5137 οἶνωθεν
2807 5087 2969 5158 χάριν
3010 5085 3101 5138 τοῦ
3142 5088 3456 5159 Πνεύματος,
3498 5089 3778 5155 ἠδυνήθη-

2160 5192 2255 5225 σαν
2298 5172 2637 5226 συνεισελθεῖν
2688 5182 2760 5245 τῷ
2804 5180 3025 5248 Νυμφίῳ
3064 5175 3135 5238 εἰς
3173 5182 3261 5230 τόν
3300 5177 3601 5256 ἐπουράνιον
3644 5204 3777 5257 νυμ-

2157 5272 2315 5334 φῶνα.
2363 5264 2428 5314 Αἱ
2480 5258 2539 5314 δὲ
2574 5262 2726 5315 σῦλαι
2783 5266 2838 5315 αἱ
2887 5270 3079 5338 μωραὶ,
3126 5270 3182 5320 αἱ
3244 5271 3295 5323 ἐν
3338 5279 3400 5343 τῇ
3459 5267 3574 5344 ἰδίᾳ
3616 5276 3776 5345 φύσει

2156 5351 2527 5424 ἀπομείνασαι,
2591 5351 2685 5403 οὐκ
2738 5353 2931 5424 ἔνηψαν
2985 5360 3074 5407 καὶ
3118 5355 3457 5413 ἐσπούδασαν
3508 5358 3773 5433 δέχεσθαι

2155 5444 2214 5495 1'6
2261 5441 2427 5495 ἔλαιον
2492 5446 2584 5501 τῆς
2637 5440 2992 5513 ἀγαλλιάσεως
3035 5446 3082 5497 ἓν
3130 5454 3238 5509 τοῖς
3287 5448 3514 5523 ἀγγείοις
3570 5451 3766 5521 αὐτῶν,
