4086 6194
259 278 371 335 477

1544 273 1890 336 HOMILLE.
1929 287 1997 321 -ὸ
2038 275 2216 336 ΗΟΜ.
2258 277 2350 337 IV.

3509 289 3614 348 478

237 407 311 465 ὡς
335 407 414 458 ἔτι
443 404 497 458 ἐν
529 410 690 481 σαρκὶ
731 401 885 473 ἦσαν,
929 403 1035 457 ἀλλ’
1078 403 1252 478 ὥσπερ
1303 402 1735 476 ἀπεκοιμήθησαν
1766 400 1801 456 δ
1809 401 1842 455 ι’

1955 410 2170 470 essent,
2216 420 2325 477 per
2374 405 2821 477 negligentiam,
2873 410 3206 481 segnitiem,
3247 414 3610 483 socordiam,

234 493 502 567 ἀμέλειαν,
551 501 642 547 καὶ
695 499 1024 567 χαυνότητα,
1077 499 1169 546 καὶ
1209 495 1490 568 ῥᾳθυμίαν,
1545 498 1635 546 καὶ
1682 493 1846 565 ἀγνω-

237 589 381 649 σίαν,
431 586 463 643 ἦ
498 588 589 637 καὶ
620 586 793 642 οῖησιν
851 580 1191 645 δικαιοσύνης
1218 599 1231 612 ·
1264 580 1349 636 διὸ
1381 588 1470 636 καὶ
1512 589 1604 636 τοῦ
1637 591 1844 654 νυμφῶ-

235 692 316 734 νος
374 681 469 734 νῆς
539 672 814 746 βασιλείας
886 672 1325 743 ἀπεκλείσθησαν,
1405 676 1475 745 μή
1533 668 1846 731 δυνηθεῖσαι

234 761 594 837 εὐαρεστῆσαι
662 770 735 834 τῷ
817 760 1104 837 ἐπουρανίῳ
1169 765 1413 835 Νυμφίῳ.
1497 767 1679 834 Δεσμῷ
1742 763 1844 835 γὰρ

235 855 465 922 κόσμου,
536 856 626 904 xui
672 850 849 924 ἀγάπῃ
899 857 1001 905 τινὶ
1054 853 1208 924 γηῖνη
1261 853 1698 923 κατασχεθεῖσαι,
1752 854 1845 910 τὴν

235 938 450 1011 ἀγάπην
513 939 680 993 αὐτῶν
737 939 879 1005 ὃλην,
929 944 1020 993 καὶ
1064 944 1152 993 τόν
1196 943 1360 1013 ἔρωτα
1406 944 1533 1016 πρός
1572 943 1660 992 τόν
1688 938 1849 1014 οὐρά-

235 1049 343 1081 νιον
398 1034 643 1102 Νυμφίον
674 1030 772 1082 οὐκ
799 1026 1022 1094 ἔδωκαν,
1055 1033 1172 1082 οὔτε
1209 1033 1268 1082 τό
1307 1029 1476 1082 ἔλαιον
1515 1027 1842 1101 ἐκομίσαντο.

241 1122 463 1194 Καὶγάρ
520 1121 575 1171 ui
605 1122 664 1171 τό
704 1119 841 1182 ξένον
897 1128 993 1181 τῆς
1041 1122 1241 1191 φύσεως
1297 1122 1382 1172 τόν
1436 1118 1698 1192 ἁγιασμόν
1755 1126 1845 1171 τοῦ

243 1211 542 1280 Πνεύματος
583 1208 842 1269 ζητοῦσαι
887 1207 1088 1280 ψυχαὶ,
1135 1208 1255 1267 ὃλην
1291 1212 1384 1267 τήν
1433 1206 1640 1280 ἀγάπην
1679 1207 1846 1260 αὐτῶν

238 1300 371 1371 πρός
427 1300 619 1370 Κύριον
663 1294 1053 1370 ἀποδεσμοῡσι,
1092 1305 1242 1350 κακεῖ
1284 1304 1654 1370 περιπατοῦσι,
1699 1295 1850 1351 κάκεῖ

233 1389 512 1457 εὔχονται,
558 1393 710 1439 κακεί
753 1386 1057 1458 λογίζονται
1115 1388 1286 1439 πάντα
1337 1385 1786 1461 ἀποστρεφόμεναι
1825 1425 1839 1439 .

232 1472 323 1528 διὸ
357 1480 450 1528 xui
473 1475 842 1539 καταξιοῦνται
879 1474 1050 1528 λαϐεῖν
1080 1479 1137 1528 τό
1185 1477 1352 1528 ἔλαιον
1403 1485 1494 1538 τῆς
1541 1475 1847 1548 ἐπουρανίου

231 1566 459 1638 χάριτος
491 1584 508 1598 ·
548 1570 639 1618 καὶ
704 1566 870 1626 οὕτως
914 1566 1148 1618 ἄπτωτοι
1221 1561 1496 1628 διεξελθεῖν
1577 1561 1846 1630 δύνανται,

230 1655 443 1717 τελείως
513 1663 586 1726 τῷ
648 1663 980 1727 πνευματικῴ
1041 1659 1264 1727 Νυμφίῳ
1326 1654 1722 1730 εὖαρεστοῡσαι.
1785 1652 1850 1706 Αἱ

1953 494 2378 565 ignorantiam,
2403 501 2507 552 aut
2536 498 2715 555 etiam
2740 500 3086 572 opinionem
3105 501 3368 573 justitiaa.
3393 505 3612 562 obdor-

1957 584 2272 639 miverunt.
2304 585 2613 657 Propterea
2649 590 2828 645 etiam
2857 589 3123 646 thalamo
3155 593 3320 665 regni
3350 594 3607 652 exclusm

1955 679 2114 738 sunt,
2159 688 2298 729 cum
2346 675 2581 746 placere
2624 693 2746 732 non
2791 686 3034 748 possent
3083 683 3309 738 cmlesti
3353 684 3612 754 Sponso.

1958 761 2201 817 Vinculo
2247 763 2410 819 enim
2441 765 2672 830 mundi,
2719 770 2776 822 et
2814 773 3044 824 terreno
3089 771 3355 841 quodam
3403 788 3610 830 amore

1955 849 2208 906 detentae
2221 866 2463 907 omnem
2477 852 2848 909 dilectionem
2864 862 2917 911 et
2930 871 3190 913 amorem
3204 876 3373 914 suum
3388 860 3614 919 caelesti

1958 940 2191 1011 Sponso
2221 956 2343 996 non
2371 941 2730 1008 obtulerunt,
2765 959 2960 1015 neque
2991 945 3188 1002 oleum
3220 963 3425 1006 secum
3451 967 3614 1008 sum-

1958 1035 2221 1099 psernnt.
2257 1030 2400 1095 Quae
2431 1031 2589 1086 enim
2621 1032 2840 1088 animas
2872 1039 3098 1089 naturae
3129 1052 3252 1090 sum
3281 1037 3604 1109 hospitem,

1957 1116 2487 1175 sanctiﬁcationem
2512 1120 2733 1177 scilicet
2758 1123 3339 1195 Spiritus,quaarunt,
3366 1133 3612 1184 totasua

1957 1205 2270 1263 dilectione
2314 1210 2562 1266 Domino
2615 1209 3055 1277 devinciuntur,
3103 1211 3223 1269 illic
3271 1215 3608 1282 ambulant,

1958 1293 2074 1350 illic
2104 1303 2443 1366 precantur,
2477 1298 2710 1371 illicque
2730 1300 3122 1370 cogitationes
3146 1317 3290 1358 suas
3319 1303 3610 1375 deligunt,

1957 1385 2183 1439 caeteris
2221 1386 2506 1441 omnibus
2551 1388 2783 1458 spretis.
2837 1389 3152 1461 Propterea
3195 1391 3374 1447 etiam
3413 1393 3613 1463 dignm

1959 1472 2274 1542 habentur,
2308 1491 2442 1548 quae
2470 1475 2768 1546 accipiant
2790 1476 2991 1532 oleum
3031 1479 3249 1534 divinae
3281 1481 3484 1550 gratias
3516 1499 3528 1536 :
3558 1487 3614 1539 et

1959 1562 2042 1617 sic
2057 1563 2289 1635 absque
2310 1563 2428 1620 ulla
2445 1564 2774 1621 offensione
2786 1565 2974 1622 vitam
2991 1568 3316 1637 transigere
3333 1576 3611 1641 possunt,

1963 1651 2134 1707 valde
2165 1653 2459 1724 spirituali
2497 1655 2730 1725 Sponso
2761 1660 3020 1727 acceptae
3051 1661 3106 1712 et
3143 1663 3349 1726 gratae.
3383 1660 3611 1716 Animae

230 1745 337 1816 γάρ
385 1743 455 1804 εἰς
496 1747 590 1802 τήν
637 1746 792 1814 φύσιν
835 1743 1004 1796 αὐτῶν
1058 1742 1413 1816 ἀπομένουσαι
1444 1743 1623 1816 ψυχαὶ
1671 1751 1744 1815 τῷ
1766 1742 1842 1795 λο-

1964 1756 2098 1796 vero
2111 1742 2170 1796 in
2185 1759 2295 1798 sua
2310 1747 2521 1799 natura
2534 1750 2955 1816 permanentes
2969 1746 3428 1816 cogitationibus
3441 1748 3613 1806 humi

229 1839 418 1905 γισμῷ
446 1835 534 1885 ἐπὶ
559 1841 649 1893 τῆς
686 1839 786 1904 γῆς
826 1833 1094 1905 ἕρπουσιν,
1139 1835 1224 1885 ἐπὶ
1269 1841 1369 1904 γῆς
1406 1832 1724 1904 λογίζονται,
1768 1830 1852 1886 ἐπὶ

228 1930 337 1993 γῆς
384 1925 483 1979 τήν
529 1917 739 1974 δίαιταν
769 1923 795 1974 ό
824 1929 943 1982 νοῦς
992 1921 1160 1974 αὐτῶν
1204 1923 1318 1993 ἔχει
1351 1939 1363 1951 '
1409 1926 1600 1992 καὶτῷ
1632 1924 1723 1994 μεν
1764 1917 1852 1974 δο-

232 2017 345 2063 κεῖν
389 2013 672 2082 νομίζουσι
717 2018 808 2064 τοῦ
864 2016 1108 2084 Νυμφίου
1161 2008 1309 2076 εἶναι,
1356 2016 1448 2064 καὶ
1522 2008 1850 2083 δικαιώμασι

233 2102 611 2172 κεκοσμῆσθαι
651 2105 844 2175 σαρκός
905 2120 917 2133 ·
972 2102 1161 2153 ἄνωθεν
1215 2097 1274 2153 δὲ
1320 2099 1375 2152 ἐκ
1404 2108 1496 2153 τοῦ
1535 2104 1832 2173 Πνεύματος

1960 1837 2194 1902 repunt,
2228 1831 2496 1888 humana
2524 1835 2805 1902 cogitant,
2837 1833 3006 1889 humi
3038 1835 3274 1892 illarum
3307 1852 3477 1893 mens
3503 1838 3612 1895 do-

1962 1919 2247 1975 micilium
2271 1921 2476 1977 habet:
2511 1922 2832 1993 etquidem
2850 1922 3133 1994 opinione
3154 1940 3265 1980 sua
3285 1940 3609 1996 persuasae,

1912 2016 1914 2019 '
1959 2023 2022 2063 se
2065 2009 2145 2064 ad
2184 2011 2483 2081 Sponsum
2535 2017 2824 2082 spectare,
2863 2019 3042 2083 atque
3082 2013 3612 2083 justiﬁcationibus

1958 2097 2156 2152 carnis
2180 2105 2497 2155 exornatas
2524 2115 2588 2154 se
2617 2099 2727 2172 ιε
2751 2113 2880 2155 esse
2905 2106 3115 2172 putant
3139 2117 3153 2167 ;
3180 2101 3440 2175 desuper
3471 2119 3610 2161 vero

1956 2200 2030 2242 ex
2052 2188 2265 2258 Spiritu
2295 2192 2448 2244 natae
2475 2204 2596 2245 non
2618 2195 2775 2258 sunt,
2807 2205 2945 2246 cum
2971 2189 3170 2247 oleum
3197 2191 3610 2250 exsultationis

1955 2289 2080 2331 non
2107 2275 2468 2349 acceperint.

233 2189 332 2241 οὐκ
390 2191 742 2260 ἐγεννήθησαν
770 2229 789 2260 ,
821 2193 879 2242 τό
930 2189 1100 2243 ἔλαιον
1155 2197 1246 2252 τῆς
1276 2187 1626 2262 ἀγαλλιάσεως
1654 2195 1726 2262 μὴ
1759 2187 1846 2243 δε-

231 2278 263 2342 ξ
268 2297 476 2352 αμεναι.

2027 2400 2148 2456 VII.
2183 2401 2456 2474 Quinque
2479 2401 2638 2457 enim
2665 2401 2882 2459 animae
2911 2402 3222 2460 rationalis
3245 2420 3480 2472 sensus,
3513 2421 3611 2463 ac-

1955 2495 2130 2561 cepta
2161 2506 2421 2562 superna
2440 2490 2633 2561 gratia
2662 2495 2721 2546 et
2749 2491 3225 2548 sanctiﬁcatione
3252 2495 3504 2563 Spiritus
3524 2511 3609 2551 re-

1954 2594 2094 2634 vera
2105 2585 2242 2635 sunt
2257 2579 2581 2651 prudentes
2592 2580 2875 2650 virgines,
2888 2581 3112 2652 quippe
3124 2597 3258 2653 quas
3273 2584 3611 2654 acceperint

1956 2684 2216 2740 superne
2243 2669 2601 2741 sapientiam
2630 2669 2856 2740 gratim.
2887 2671 2945 2726 Si
2975 2686 3114 2726 vero
3140 2671 3200 2727 in
3230 2671 3361 2728 sola
3389 2678 3609 2729 natura

1954 2773 2066 2814 sua
2082 2760 2427 2830 persistant,
2446 2757 2623 2814 fatuas
2639 2758 3188 2830 deprehenduntur,
3208 2767 3265 2816 et
3283 2761 3420 2817 ﬁlim
3437 2777 3612 2818 mun-

1953 2847 2010 2903 di
2025 2863 2154 2903 esse
2167 2849 2686 2903 demonstrantur:
2713 2863 2832 2903 non
2845 2849 3006 2903 enim
3021 2856 3309 2906 exuerunt
3331 2850 3605 2922 spiritum

225 2937 326 2990 0'va
371 2933 710 2990 ἀπεδύσαντο
747 2939 851 3010 γὰρ
908 2941 965 2989 τό
1002 2944 1205 3010 πνεῦμα
1240 2945 1332 2990 τοῦ
1377 2943 1602 3012 κόσμου,
1643 2939 1737 2991 κᾶν
1768 2946 1841 3010 τῷ

1955 2936 2185 3002 mundi,
2231 2935 2506 3005 quamvis
2545 2936 2830 2991 exteriore
2879 2952 3178 3003 sermone,
3212 2938 3495 3008 opinione
3533 2955 3604 2996 ac

224 3023 407 3079 δοκεῖν
434 3031 738 3098 νομίζουσι,
795 3023 869 3079 δι’
913 3025 1278 3098 εὐλογοφανίας
1310 3029 1451 3088 τινάς
1497 3033 1587 3081 xut
1627 3037 1837 3100 σχῆμα,

1955 3025 2146 3081 forma
2169 3031 2360 3089 motae,
2383 3039 2444 3080 se
2469 3040 2598 3079 esse
2622 3025 2835 3094 Sponsi
2865 3040 3148 3095 sponsas,
3167 3025 3317 3081 falso
3341 3027 3452 3082 sibi
3478 3042 3608 3098 per-

220 3124 322 3169 τοῦ
351 3122 598 3188 Νυμῳίου
628 3114 760 3168 εἶναι
787 3118 1002 3188 νύμφαι.
1034 3114 1234 3190 Ὠσπερ
1273 3119 1374 3191 γὰρ
1401 3119 1456 3169 ui
1482 3117 1596 3170 ὅλαι
1625 3099 1680 3180 ἐξ
1721 3118 1840 3170 ὅλου

1955 3114 2263 3170 suadeant.
2297 3112 2822 3178 Quemadmodum
2849 3114 3011 3168 enim
3040 3114 3277 3179 animas,
3308 3130 3444 3186 quas
3467 3120 3603 3172 tota

224 3214 303 3276 τῷ
351 3210 531 3279 Κυρίῳ
577 3204 1033 3278 πρόσκολλώμεναι
1091 3204 1293 3277 ψυχαὶ,
1349 3205 1451 3258 ἐκεῖ
1498 3206 1603 3259 εἰσι
1652 3216 1725 3279 τῷ
1754 3207 1842 3260 λο-

1955 3205 2198 3260 omnino
2235 3203 2485 3258 Domino
2519 3201 2810 3258 devinctae
2851 3206 3012 3268 sunt,
3053 3203 3170 3259 illic
3204 3204 3600 3273 cogitationes

221 3303 436 3367 γισμῷ,
504 3293 653 3348 κάκεῖ
703 3297 971 3367 εὔχονται,
1037 3293 1187 3347 κάκεῖ
1248 3303 1620 3368 περιπατοῦσι,
1689 3299 1840 3357 κάκεί

1955 3309 2112 3359 suas,
2162 3299 2342 3365 atque
2371 3291 2486 3346 illic
2517 3307 2720 3363 preces
2746 3307 2888 3347 suas
2919 3297 3213 3357 exercent,
3246 3291 3364 3348 illic
3390 3293 3603 3350 ambu-

225 3383 577 3437 ἐπιποθοῦσιν
612 3384 684 3446 εἰς
710 3389 804 3442 τήν
833 3391 924 3436 τοῦ
970 3388 1166 3456 Κυρίου
1217 3383 1426 3456 ἀγάπην
1475 3400 1488 3413 ⁶
1527 3385 1662 3438 οὕτω
1685 3387 1840 3439 πάλιν

1955 3382 2096 3448 lant,
2127 3387 2184 3438 et
2211 3381 2326 3437 illic
2357 3380 2657 3437 desiderio
2683 3381 3014 3436 dilectionis
3042 3381 3140 3436 Dei
3170 3388 3442 3438 tenentur
3469 3399 3483 3439 :
3517 3382 3604 3439 sic

1949 3487 1980 3528 e
2010 3486 2302 3528 converso
2341 3471 2582 3537 animae,
2619 3485 2754 3542 qum
2797 3469 3101 3526 dilectioni
3143 3470 3351 3527 mundi
3385 3471 3603 3528 deditae

1949 3567 2106 3625 sunt,
2150 3566 2207 3615 et
2248 3561 2308 3615 in
2343 3564 2500 3615 terra
2541 3559 2914 3614 domicilium
2953 3558 3178 3614 habere
3219 3559 3446 3626 volunt,
3488 3561 3605 3617 illic

1949 3649 2282 3715 ambulant,
2306 3649 2420 3704 illic
2447 3650 2737 3718 cogitant,
2767 3647 2885 3703 illic
2906 3663 3115 3704 earum
3145 3664 3314 3704 mens
3343 3649 3600 3707 habitat.

1952 3740 2268 3810 Propterea
2306 3738 2486 3793 etiam
2525 3738 2602 3792 ad
2641 3736 2870 3792 bonam
2910 3737 3152 3808 spiritus
3196 3737 3602 3808 prudentiam,

1949 3845 2086 3901 quas
2099 3835 2186 3884 est
2206 3829 2427 3898 hospes
2446 3833 2672 3884 natura;
2694 3831 2932 3893 nostrae,
2952 3825 3442 3897 consequendam
3465 3841 3604 3882 con-

1949 3918 2090 3973 verti
2111 3922 2432 3988 nequeunt,
2462 3915 2785 3980 ccelestem,
2809 3915 3080 3985 inquam,
3106 3916 3383 3986 gratiam,
3415 3932 3603 3987 quam

1951 4013 2172 4063 nostra
2202 4004 2490 4076 conjungi
2520 4010 2574 4060 et
2605 4003 2961 4074 agglutinari
2991 4009 3219 4059 natura)
3250 4009 3504 4075 oportet,
3541 4009 3604 4060 ut

1951 4097 2252 4169 possimus
2290 4095 2348 4150 in
2398 4094 2698 4150 caelestem
2732 4092 3066 4148 thalamum
3105 4093 3274 4162 regni
3306 4109 3424 4149 una
3463 4109 3605 4150 cum

1953 4185 2206 4242 Domino
2231 4183 2484 4255 ingredi,
2515 4188 2570 4239 et
2598 4189 2885 4239 aeternam
2908 4181 3162 4238 salutem
3185 4183 3495 4256 consequi.

303 2403 391 2456 Z"
447 2404 514 2456 Αί
568 2405 668 2475 γὰρ
727 2407 876 2458 πέντε
922 2403 1132 2475 λογικαὶ
1181 2403 1453 2465 αἰσθήσεις
1506 2412 1598 2466 τῆς
1634 2403 1842 2476 ψυχῆς,

226 2491 317 2545 ἐὰν
375 2489 629 2555 δέξωνται
680 2497 776 2552 τήν
840 2494 1030 2546 ἄνωθεν
1068 2495 1252 2566 χάριν,
1309 2498 1400 2545 καὶ
1450 2497 1537 2546 τὸν
1581 2493 1845 2567 ἁγιασμόν

228 2590 326 2634 τοῦ
388 2583 710 2654 Πνεύματος,
782 2581 988 2642 ἀληθῶς
1041 2584 1287 2657 παρθένοι
1347 2586 1588 2656 φρόνιμοι
1643 2586 1845 2655 τυγχά-

225 2689 408 2734 νουσε,
466 2675 556 2728 τήν
613 2671 808 2723 ἄνωθεν
844 2680 938 2732 τῆς
978 2672 1200 2743 χάριτος
1250 2669 1527 2744 δεξάμεναι
1569 2680 1843 2745 φρόνησιν.

225 2760 294 2815 Ei
326 2756 389 2813 δὲ
418 2759 488 2820 εἰς
525 2764 619 2818 τήν
669 2762 824 2832 φύσιν
862 2759 1027 2812 αὐτῶν
1076 2763 1234 2832 μόνην
1285 2758 1621 2832 ἀπομείνωσι,
1670 2765 1844 2835 μωραὶ

222 2849 590 2922 εὑρίσκονται,
645 2853 736 2901 καὶ
785 2851 939 2901 τέκνα
984 2855 1076 2900 τοῦ
1125 2853 1326 2920 κόσμου
1374 2847 1772 2904 ἀποδείκνυνται
1820 2865 1835 2878 ·

1475 3400 1488 3413 ⁶
1527 3385 1662 3438 οὕτω
1685 3387 1840 3439 πάλιν

219 3473 434 3546 ψυχαὶ,
466 3476 524 3526 αἱ
561 3473 611 3526 ἐν
640 3480 703 3546 τῇ
745 3471 924 3547 ἀγάπῃ
973 3480 1067 3526 τοῦ
1123 3478 1326 3546 κόσμου
1359 3470 1620 3539 δοθεῖσαι,
1671 3481 1762 3529 καὶ
1788 3476 1838 3529 έν

221 3571 289 3635 τῇ
329 3569 402 3634 γῇ
435 3567 532 3621 τήν
573 3557 784 3614 δίαιταν
830 3561 972 3633 ἒχειν
1013 3559 1342 3634 βουλόμεναι,
1387 3565 1490 3615 ἐκεῖ
1528 3572 1840 3637 περιπατοῦ-

227 3669 308 3721 σι,
353 3657 447 3704 καῖ
490 3650 592 3704 ἐκεῖ
628 3651 944 3722 λογίζονται,
998 3649 1156 3703 ἐκεῖὸ
1193 3659 1308 3712 νοῦς
1355 3647 1701 3708 ἐνδιαιτᾶται.
1750 3657 1838 3706 Διό

224 3746 318 3793 xui.
372 3739 751 3816 ἀμετάτρεπτοι
774 3743 902 3814 πρὸς
931 3743 990 3792 τό
1035 3737 1229 3810 ἀγαθόν
1266 3745 1506 3812 φρόνημα
1562 3750 1651 3794 τοῦ
1692 3746 1840 3795 πνεύ-

224 3849 393 3901 ματος
442 3833 799 3901 τυγχάνουσι,
852 3829 988 3892 ξένον
1042 3832 1096 3880 ὅν
1155 3847 1207 3880 τι
1267 3836 1363 3891 τῆς
1413 3831 1613 3901 φύσεως
1670 3829 1836 3903 ἡμῶν,

220 3919 361 3991 λέγω
410 3915 472 3971 δε
529 3924 622 3978 τήν
671 3918 972 3992 ἐπουράνιον
1015 3919 1198 3991 χάριν,
1253 3922 1424 3992 χρεὼν
1454 3927 1721 3978 συστῆναι
1751 3926 1840 3973 καὶ

231 4008 607 4080 συμπλακῆναι
636 4016 698 4080 τῇ
752 4010 904 4080 φύσει
951 4009 1119 4080 ἡμῶν,
1170 4008 1258 4060 ἵνα
1309 4004 1613 4080 δυνηθῶμεν
1655 4009 1724 4071 εἰς
1753 4013 1840 4062 τόν

227 4095 535 4168 ἐπουράνιον
577 4105 823 4169 νυμφώνα
850 4103 942 4158 τῆς
993 4094 1263 4168 βασιλείας
1312 4104 1385 4167 τῷ
1421 4101 1595 4171 Κυρίῳ
1638 4103 1842 4152 συνξισ-

226 4187 416 4252 ελθεῖν,
438 4192 530 4238 καὶ
557 4193 646 4247 τῆς
667 4185 878 4238 αἰωνίου
916 4190 1175 4260 σωτηρίας
1204 4193 1408 4258 τυχεῖν.

307 4335 392 4390 H'.
451 4338 598 4390 Ξένον
649 4337 750 4409 γὰρ
789 4341 885 4397 τῆς
937 4337 1136 4408 φύσεως
1187 4337 1352 4408 ἡμῶν,
1394 4339 1487 4395 τὴν
1526 4341 1713 4390 κακίαν
1743 4347 1842 4391 τῶν

2023 4338 2170 4393 VIII.
2189 4340 2339 4394 Loco
2362 4335 2520 4392 enim
2532 4334 2783 4407 hospitis
2799 4339 3028 4390 naturae
3041 4338 3284 4401 nostras,
3311 4334 3605 4392 malitiam

234 4429 418 4480 παθῶν
483 4422 578 4478 διὰ
639 4433 736 4487 τῆς
792 4434 1067 4500 παρακοῆς
1119 4432 1209 4477 τοῦ
1285 4430 1493 4498 πρώτου
1567 4426 1841 4500 ἀνθρώπου

1955 4427 2340 4484 aﬂ'ectionum
2356 4441 2460 4497 per
2472 4423 2937 4480 inobedientiam
2957 4423 3130 4494 primi
3145 4422 3406 4479 hominis
3421 4425 3481 4480 in
3495 4440 3606 4481 nos

233 4515 281 4568 ἐν
347 4514 552 4575 ἑαυτοῖς
604 4511 909 4585 ἐδεξάμεθα,
969 4514 1032 4574 ἣν
1099 4519 1188 4567 καὶ
1245 4512 1418 4588 ὥσπερ
1487 4518 1642 4588 φύσιν
1694 4518 1840 4589 ἡμῶν

1955 4518 2305 4589 recepimus,
2321 4530 2505 4587 quam
2521 4513 2579 4568 in
2601 4512 2774 4567 nobis
2791 4512 2964 4568 veluti
2977 4512 3309 4584 quamdam
3325 4519 3604 4571 naturam

231 4609 580 4656 καταστᾶσαν
630 4605 880 4676 συνηθείᾳ
935 4609 1023 4656 καὶ
1063 4602 1322 4677 προλήψει
1360 4602 1567 4677 πολλῇη
1612 4601 1704 4657 διά
1748 4613 1840 4658 τοῦ

1955 4606 2379 4666 consuetudine
2401 4609 2456 4660 et
2475 4603 2657 4674 longo
2682 4619 2792 4658 usu
2814 4603 3256 4672 conﬁrmatam,
3281 4619 3384 4674 per
3399 4605 3605 4677 hospi-

230 4692 380 4757 ξένου
425 4701 520 4753 τῆς
579 4694 775 4764 φύσεως
828 4694 994 4765 ἡμῶν,
1045 4701 1136 4754 τῆς
1174 4691 1479 4766 ἐπουρανίου
1521 4691 1721 4770 δωρεᾶς
1749 4702 1841 4747 τοῦ

1955 4705 2068 4754 tem
2088 4703 2305 4754 nostrae
2327 4700 2576 4758 naturae,
2595 4692 2832 4750 cmleste
2847 4691 3310 4748 scilicetdonum
3331 4693 3603 4764 Spiritus,

231 4785 536 4855 Πνεὺματος
593 4779 930 4855 ὲξω[σ]θῆναι
978 4781 1130 4835 πάλιν
1188 4788 1321 4856 χρὴ,
1365 4788 1454 4836 καὶ
1493 4783 1566 4845 εἰς
1605 4783 1837 4859 ἀρχαίαν

1955 4803 2185 4845 rursum
2227 4783 2439 4855 expelli
2469 4787 2524 4838 et
2554 4782 2816 4854 pristina
2849 4781 3086 4852 puritati
3125 4780 3352 4836 restitui
3395 4796 3607 4837 conve-

223 4875 572 4944 καθαρότητα
616 4870 1048 4929 ἀποκαταστῆναι
1106 4888 1118 4902 ·
1201 4877 1301 4925 Καὶ
1359 4871 1442 4924 ἐὰν
1494 4878 1565 4944 μή
1644 4876 1838 4933 ἐκείνην

1955 4879 2052 4933 nil.
2087 4878 2154 4931 Et
2179 4874 2288 4930 nisi
2321 4887 2479 4928 nunc
2502 4869 2735 4926 ardenti
2763 4868 3070 4940 petitione,
3099 4874 3155 4923 et
3179 4869 3512 4940 rogatione,
3548 4875 3605 4926 et

1947 4966 2086 5032 ﬁde,
2103 4981 2171 5021 ac
2185 4962 2451 5019 oratione
2464 4965 2644 5032 atque
2658 4957 3032 5014 aversatione
3049 4958 3279 5022 mundi,
3300 4958 3603 5015 caelestem

1948 5054 2322 5111 dilectionem
2349 5050 2599 5121 Spiritus
2622 5046 3056 5119 acceperimus,
3076 5052 3133 5102 et
3159 5054 3374 5102 natura
3397 5053 3603 5105 nostra

1943 5144 2153 5216 juncta
2176 5139 2346 5195 fuerit
2370 5137 2690 5201 dilectioni,
2719 5151 2854 5207 quae
2874 5139 2964 5190 est
2992 5135 3299 5203 Dominus,
3328 5141 3384 5190 et
3416 5150 3452 5190 a
3481 5151 3604 5192 ma-

1951 5233 2090 5298 litia,
2116 5247 2237 5302 qua
2263 5235 2350 5283 est
2382 5226 2715 5298 inquinata,
2744 5240 2845 5296 per
2877 5223 3039 5280 illam
3070 5223 3452 5279 dilectionem
3477 5225 3602 5296 Spi-

1946 5324 2096 5379 ritus
2145 5317 2514 5375 sanctiﬁcata
2553 5315 2749 5382 fuerit,
2799 5320 2856 5371 et
2885 5313 2999 5370 nisi
3044 5315 3118 5370 ad
3160 5313 3342 5368 ﬁnem
3384 5330 3599 5387 usque,

1946 5413 2178 5482 absque
2209 5408 2344 5464 labe
2376 5412 2432 5463 et
2470 5403 2855 5471 offendicula,
2891 5404 2950 5459 in
2984 5402 3267 5459 omnibus
3306 5404 3606 5461 mandatis

1950 5501 2078 5572 ejus
2117 5497 2428 5568 diligenter
2467 5493 2679 5552 versati
2729 5492 3329 5566 perseveraverimus,
3365 5493 3604 5554 caeleste

1949 5603 2208 5661 regnum
2233 5583 2520 5659 consequi
2551 5598 2676 5643 non
2701 5581 3054 5659 poterimus.

1201 4877 1301 4925 Καὶ
1359 4871 1442 4924 ἐάν
1494 4878 1565 4946 μή
1644 4876 1838 4933 ἐκείνην

222 4969 326 5022 τήν
401 4961 456 5026 ἐξ
512 4963 730 5033 οὐρανοῦ
787 4959 996 5032 ἀγάπην
1064 4968 1155 5014 τοῦ
1212 4963 1505 5034 Πνςύματος
1572 4958 1840 5036 δεξώμεθα

220 5061 319 5104 νῦν
363 5051 412 5103 ίν
450 5049 611 5122 πολλῇ
674 5049 898 5114 αἰτήσει,
957 5055 1048 5103 καὶ
1106 5047 1311 5119 δεήσει,
1369 5055 1459 5103 καὶ
1509 5056 1706 5119 πίστει,
1749 5059 1838 5105 καὶ

225 5148 535 5216 προσευχῇ,
579 5144 672 5191 καὶ
719 5137 1021 5214 ἀποστροφῇ
1066 5147 1157 5192 τοῦ
1187 5143 1388 5211 κόσμου
1423 5161 1436 5174 ο
1470 5146 1559 5194 καὶ
1587 5142 1839 5216 προσκολ-

220 5231 362 5302 ληθῇ
417 5238 481 5303 τῇ
535 5227 736 5301 ἀγάπη,
778 5230 895 5292 ἣτις
934 5228 1074 5281 ἐστὶν
1131 5231 1156 5282 ό
1206 5233 1416 5304 Κύριος,
1469 5235 1560 5284 καὶ
1605 5231 1833 5304 ἁγιασθῇ

224 5323 257 5379 ἠ
302 5321 588 5393 μιανθεῖσα
633 5320 734 5371 ὑπὸ
789 5325 886 5380 τῆς
925 5323 1108 5380 κακίας
1157 5322 1312 5392 φύσις
1363 5321 1528 5393 ἡμῶν,
1587 5321 1687 5373 ὑπὸ
1743 5328 1837 5384 τῆς

226 5409 445 5480 ἀγάπης
514 5406 712 5469 ἐκείνης
784 5414 876 5459 τοῦ
952 5409 1247 5480 Πνεῦματος
1307 5425 1320 5439 ·
1373 5417 1462 5462 καὶ
1518 5407 1612 5471 ἕως
1668 5409 1839 5471 τέλους

227 5497 579 5571 διαμείνωμεν
628 5496 880 5560 ἄπτωτοι,
931 5498 980 5549 ἐν
1011 5498 1210 5561 πάσαις
1256 5505 1374 5560 ταῖς
1411 5496 1636 5561 ἐντολαῖς
1677 5498 1838 5552 αὑτοῦ

228 5586 463 5663 ἀκριϐῶς
513 5585 968 5662 ἀναστρεφόμενοι,
1048 5594 1146 5651 τῆς
1201 5585 1510 5664 ἐπουρανίου
1567 5586 1839 5663 βασιλείας

231 5682 417 5753 τυχεῖν
446 5675 506 5730 οὐ
538 5670 670 5736 δυνη
680 5675 903 5752 σόμεθα.
