4058 6194
487 281 589 336 479

1786 267 1842 319 S.
1885 258 2190 320 MACARII
2233 258 2539 318 EGYPTII

3742 264 3858 324 480

562 408 649 461 ΙΧ.
691 403 872 476 Atqui
913 400 1188 457 subtilius
1228 404 1282 454 et
1314 393 1671 470 profundius
1712 407 1821 465 pro
1861 403 2141 446 concessa

2323 387 2402 440 Θ’.
2449 391 2648 442 Λεπτόν
2703 386 2769 444 δέ
2814 409 2926 443 τινα
2975 390 3123 462 λόγον
3179 395 3269 443 καὶ
3334 390 3502 463 βαθύν
3556 392 3689 444 κατά
3760 395 3869 450 τήν

489 498 635 554 mihi
650 493 928 550 facultate
949 491 1262 546 disseram.
1281 489 1654 556 Quapropter
1677 485 1896 538 attente
1917 479 2136 536 audite.

486 587 782 648 Inﬁnitus,
818 585 1158 638 inaccessus
1188 585 1244 634 et
1270 578 1568 632 increatus
1600 575 1771 640 Deus,
1802 584 2020 640 corpus
2050 583 2141 622 as-

483 677 998 746 sumpsit,propter
1012 673 1372 726 immensam
1389 673 1444 721 et
1459 662 1807 720 ineffabilem
1821 660 2137 716 bonitatem

491 781 686 829 suam,
721 771 794 828 et,
829 769 890 817 ut
922 763 1000 816 ita
1040 760 1272 830 loquar,
1315 755 1470 810 velut
1507 751 1807 808 imminuit
1845 765 1908 804 se
1939 748 2141 819 ipsum

489 856 566 913 ab
585 856 890 909 inaccessa
917 848 1106 920 gloria
1133 864 1145 914 ;
1172 852 1231 900 ut
1254 844 1406 900 uniri
1432 845 1642 914 posset
1667 838 1996 896 visibilibus
2018 835 2140 890 suis

491 942 794 1006 creaturis,
828 939 1002 994 veluti
1038 935 1257 992 animis
1286 937 1632 988 sanctorum
1667 936 1722 985 et
1763 926 2137 998 angelorum,

491 1039 552 1089 ut
584 1031 816 1104 possint
839 1029 970 1083 vitae
1005 1025 1225 1080 divinaa
1249 1022 1566 1094 participes
1587 1019 1732 1074 ﬁeri.
1755 1014 2142 1085 Unumquod-

491 1137 606 1194 que
625 1121 782 1174 enim
806 1118 1043 1178 horum,
1069 1112 1399 1168 secundum
1423 1116 1703 1166 naturam
1726 1123 1900 1162 suam
1923 1121 2141 1176 corpus

490 1193 600 1273 est,
635 1207 883 1275 angelus
915 1203 1155 1268 scilicet,
1208 1201 1412 1257 anima
1447 1203 1504 1254 et
1545 1199 1824 1253 daemon:
1863 1193 2141 1267 quamvis

487 1300 645 1355 enim
679 1294 914 1351 subtilia
948 1294 1085 1359 sint,
1127 1297 1328 1346 tamen
1371 1289 1428 1343 in
1470 1286 1826 1350 substantia,
1860 1284 2054 1339 forma
2085 1287 2141 1338 et

489 1389 680 1456 figura
705 1382 1039 1439 secundum
1065 1380 1410 1435 tenuitatem
1435 1383 1661 1432 naturae
1680 1390 1909 1441 eorum,
1934 1388 2141 1443 corpo-

489 1493 556 1533 ra
583 1480 720 1529 sunt
760 1472 960 1528 tenuia
996 1484 1006 1522 :
1037 1467 1556 1541 quemadmodum
1584 1472 1638 1520 et
1678 1464 1790 1519 hoc
1821 1478 2040 1534 corpus
2082 1460 2140 1514 in

484 1563 831 1621 substantia
853 1576 958 1616 sua
977 1574 1248 1614 crassum
1267 1562 1322 1612 et
1345 1555 1599 1611 solidum
1616 1560 1724 1609 est.
1751 1552 1844 1609 Sic
1869 1556 1923 1607 et
1941 1552 2142 1606 anima

491 1655 721 1711 subtilis
765 1667 899 1706 cum
943 1651 1036 1716 sit,
1071 1644 1527 1717 comprehendit
1561 1644 1619 1698 in
1648 1659 1708 1698 se
1734 1641 1994 1702 oculum,
2039 1655 2143 1711 per

2249 480 2550 548 προσοῦσάν
2598 498 2688 551 μοι
2719 476 2942 552 δύναμιν
2976 479 3133 533 εἰπεῖν
3161 478 3420 552 βούλομαι
3464 497 3475 508 ·
3503 476 3588 532 διὸ
3631 488 3859 543 συνετῶς

2248 565 2508 621 ἀκούσατε
2553 586 2566 598 ·
2614 568 3104 642 Ἐσωματοποίησεν
3179 570 3360 623 ἑαυτόν
3412 571 3439 621 ὁ
3494 571 3705 645 ἄπειρος
3760 573 3858 622 καὶ

2251 656 2552 731 ἀπρόσιτος,
2614 664 2702 712 xui
2761 660 3007 721 ἀποίητος
3055 664 3206 727 Θεὸς,
3259 656 3354 712 διὰ
3390 661 3600 735 ἄπειρον
3648 665 3736 712 καὶ
3767 659 3865 712 ἀν-

2251 751 2481 804 εννόητον
2534 753 2904 820 χρηστότητα,
2953 755 3043 802 καὶ
3099 751 3164 810 ὡς
3209 749 3365 802 εἰπεῖν
3423 751 3494 811 ὡς
3550 752 3862 822 ἐσμίκρυνεν

2250 837 2405 888 αὑτόν
2462 835 2516 888 ἐκ
2545 845 2640 899 τῆς
2692 838 2977 911 ἀπροσίτου
3031 836 3212 906 δόξης,
3260 840 3343 891 ἵνα
3377 841 3725 898 συνενωθῆναι
3756 834 3860 892 δυ-

2249 927 2379 997 νηθῇ
2463 934 2572 987 τοῖς
2637 929 2842 1002 ὁρατοῖς
2895 929 3056 981 αὑτοῦ
3125 932 3415 1000 κτίσμασιν
3489 929 3594 981 οἷον
3647 927 3869 999 ψυχαῖς

2250 1014 2407 1085 ἁγίων
2460 1021 2549 1068 καὶ
2606 1015 2833 1088 ἀγγέλων
2881 1017 3032 1088 λέγω,
3095 1019 3177 1070 ἱνα
3231 1014 3506 1075 δυνηθῶσι
3558 1018 3694 1079 ζωῆς
3745 1020 3866 1071 θεό-

2250 1123 2406 1166 τητος
2441 1113 2754 1177 μετασχεῖν,
2814 1106 3070 1160 Ἐκαστον
3110 1109 3212 1179 γὰρ
3265 1109 3399 1159 κατὰ
3445 1111 3536 1165 τὴν
3587 1103 3727 1159 ἰδίαν
3759 1109 3873 1179 φύ-

2251 1213 2334 1246 σιν
2390 1195 2542 1266 σῶμά
2572 1197 2730 1260 ἔστιν,
2788 1197 2814 1247 ὁ
2863 1196 3094 1267 ἄγγελος,
3125 1198 3155 1254 ἡ
3210 1195 3389 1267 ψυχὴ,
3424 1197 3450 1247 ὁ
3488 1193 3689 1268 δαίμων
3717 1213 3728 1225 ·
3772 1198 3864 1248 ὅτι

2249 1282 2342 1334 κᾶν
2371 1282 2531 1336 λεπτά
2576 1282 2723 1351 ὦσιν,
2779 1286 2912 1357 ὅμως
2960 1284 3007 1336 έν
3060 1286 3352 1338 ὑποστάσει
3393 1290 3483 1337 καὶ
3521 1294 3862 1358 χαρακτῆρι,

2249 1377 2338 1424 καὶ
2386 1371 2562 1437 εἰκόνι,
2612 1375 2746 1426 κατά
2800 1379 2893 1432 τὴν
2945 1374 3229 1432 λεπτότητα
3277 1381 3365 1434 τῆς
3418 1377 3621 1445 φύσεως
3663 1374 3860 1445 αὑτῶν,

2253 1467 2474 1533 σώματα
2521 1466 2775 1534 τυγχάνει
2821 1463 3000 1527 λεπτὰ,
3051 1466 3223 1537 ὥσπερ
3266 1464 3312 1515 ἐν
3359 1465 3651 1516 ὑποστάσει
3703 1473 3861 1517 τοῦτο

2252 1553 2308 1601 τό
2339 1559 2493 1622 σῶμα
2537 1555 2687 1623 παχύ
2735 1555 2895 1605 ἐστιν.
2945 1553 3096 1606 Οὑτω
3147 1559 3236 1606 καὶ
3265 1555 3293 1611 ἡ
3328 1552 3483 1624 ψυχὴ
3523 1553 3680 1612 λεπτὴ
3715 1551 3860 1607 οὖσα

2251 1640 2517 1711 περιελαϐε
2573 1644 2659 1693 τόν
2717 1640 2977 1714 ὀφθαλμόν
3025 1639 3097 1694 δι’
3155 1642 3216 1694 οὗ
3261 1644 3375 1715 ὁρᾷ,
3426 1646 3483 1695 τό
3533 1640 3623 1704 οὑς
3680 1639 3753 1696 δι’
3802 1643 3869 1696 οὗ

490 1760 670 1817 quem
702 1741 876 1802 videt,
913 1753 1140 1799 aurem,
1183 1751 1290 1806 per
1320 1749 1506 1805 quam
1547 1732 1718 1788 audit
1751 1748 1761 1786 :
1795 1729 2060 1785 similiter
2089 1732 2141 1783 et

2254 1725 2448 1781 ἀκούει.
2497 1729 2720 1801 Ὁμοίως
2763 1734 2856 1788 τὴν
2912 1730 3159 1801 γλῶσσαν
3214 1728 3287 1784 δι’
3325 1732 3388 1792 ἧς
3423 1730 3585 1796 λαλεῖ,
3617 1736 3706 1790 τὴν
3736 1739 3863 1803 χεῖ-

489 1835 785 1902 linguam,
818 1845 922 1900 per
943 1843 1129 1898 quam
1162 1838 1499 1879 sermonem
1524 1821 1745 1892 profert
1776 1839 1788 1878 :
1825 1834 2063 1884 manus,
2088 1822 2145 1873 et

490 1924 548 1977 in
579 1935 818 1975 summa
849 1923 1037 1971 totum
1063 1929 1305 1985 corpus,
1337 1919 1393 1966 et
1426 1911 1696 1966 membra
1725 1909 1853 1979 ejus
1877 1906 2143 1978 comple-

492 2018 656 2067 ctens
675 2008 897 2070 anima,
923 2004 1344 2060 commiscetur
1360 2016 1496 2055 cum
1519 2015 1610 2065 eo,
1633 2014 1734 2070 per
1750 1997 1912 2069 quod
1931 2011 2143 2052 omnes

489 2100 668 2170 hujus
698 2097 964 2153 actiones
997 2110 1101 2148 seu
1133 2107 1317 2164 Opera
1347 2089 1465 2146 edit
1494 2094 1552 2145 et
1577 2093 1828 2144 exercet.

563 2227 623 2279 Χ.
665 2222 882 2278 Eodem
913 2218 1094 2275 modo
1127 2219 1302 2280 Deus,
1355 2215 1456 2288 qui
1498 2215 1647 2269 ﬁnes
1695 2217 1749 2268 et
1779 2211 2140 2267 intellectum

491 2319 764 2370 nostrum
789 2310 962 2376 longe
995 2305 1374 2367 transcendit,
1405 2319 1509 2375 per
1528 2303 1850 2357 bonitatem
1874 2315 2044 2355 suam
2076 2314 2140 2354 se

490 2405 690 2474 ipsum
713 2397 1030 2459 imminuit,
1051 2401 1106 2450 et
1128 2395 1320 2448 induit
1347 2391 1617 2447 membra
1636 2390 1902 2461 corporis
1935 2389 2138 2459 hujus,

490 2499 546 2548 et
587 2489 823 2546 retraxit
863 2504 924 2540 se
954 2486 1151 2556 ipsum
1193 2483 1270 2538 ab
1311 2481 1619 2536 inaccessa
1653 2479 1885 2548 gloria:
1939 2495 2008 2532 ac
2037 2494 2142 2548 per

491 2577 969 2636 benevolentiam
993 2580 1048 2629 et
1072 2571 1510 2628 humanitatem
1529 2585 1723 2636 suam,
1745 2572 2142 2623 transmutata

494 2671 706 2731 forma,
730 2663 1059 2735 assumpsit
1078 2677 1293 2731 corpus
1317 2665 1372 2713 et
1396 2659 1834 2722 commiscetur,
1856 2661 2033 2727 atque
2050 2673 2140 2711 as-

491 2759 670 2814 sumit
693 2760 924 2811 animas
942 2757 1178 2807 sanctas
1198 2749 1308 2804 sibi
1335 2763 1520 2820 quam
1540 2751 1818 2816 acceptas
1841 2751 1895 2801 et
1912 2745 2138 2811 ﬁdeles,

493 2854 548 2904 et
567 2849 778 2902 ﬁtcum
794 2845 876 2898 eis
893 2857 1046 2897 unus
1058 2841 1345 2910 Spiritus,
1361 2836 1688 2892 secundum
1707 2837 1934 2891 dictum
1949 2834 2137 2890 Pauli:

491 2937 716 2998 anima,
745 2940 806 2988 ut
824 2932 905 2987 ita
927 2931 1160 3002 loquar,
1176 2929 1376 2984 evadit
1398 2927 1455 2981 in
1476 2927 1765 2989 animam,
1789 2924 2141 2980 etsubstan-

489 3029 571 3082 tia
593 3026 650 3080 in
677 3021 1104 3083 substantiam,
1135 3024 1196 3073 ut
1220 3017 1405 3089 possit
1429 3015 1633 3071 anima
1653 3015 1712 3069 in
1744 3014 2000 3069 novitate
2030 3012 2139 3082 16

2252 1838 2340 1892 ρα,
2383 1822 2470 1870 καὶ
2514 1818 2852 1885 ἁπαξαπλῶς,
2901 1827 3002 1872 πᾶν
3055 1830 3225 1892 σῶμα,
3286 1826 3376 1873 xui
3423 1824 3490 1872 τὰ
3531 1821 3655 1893 μέλη
3699 1821 3867 1874 αὑτοῦ

2252 1906 2604 1982 περιλαϐοῦσα
2651 1911 2679 1966 ὴ
2741 1909 2920 1980 ψυχὴ,
2974 1914 3347 1982 συγκέκραται,
3393 1905 3466 1963 δι’
3515 1909 3575 1963 οὗ
3632 1909 3872 1984 ἀπεργά-

2255 1997 2398 2057 ζεται
2428 1999 2597 2051 πάντα
2625 2000 2692 2050 τά
2711 2007 2802 2051 τοῦ
2835 1997 2957 2070 βίου
2994 1996 3406 2073 έπιτηδεύματα.

2325 2211 2384 2264 I’.
2460 2213 2558 2264 Τόν
2612 2211 2768 2264 αὑτὸν
2819 2215 3004 2286 τρόπον
3057 2214 3082 2264 ό
3140 2214 3349 2287 ἄπειρος
3401 2217 3490 2266 καὶ
3548 2211 3865 2282 ἀνέννόητος

2252 2303 2382 2360 Θεὸς
2437 2307 2497 2372 τῇ
2553 2307 2886 2376 χρηστότητι
2943 2302 3100 2355 αὑτοῦ
3150 2303 3452 2375 έσμίκρυνεν
3512 2305 3685 2369 αὑτὸν,
3758 2308 3863 2356 καὶ

2251 2386 2532 2442 ἐνεδύσατο
2581 2393 2646 2442 tu
2694 2391 2820 2462 μελη
2865 2399 2955 2444 τοῦ
3009 2398 3250 2464 σώματος
3299 2395 3507 2460 τούτου,
3567 2397 3657 2445 καὶ
3708 2393 3863 2464 περι-

2251 2477 2421 2530 ελαϐεν
2479 2478 2658 2531 ἑαυτὸν
2711 2478 2812 2532 ἀπὸ
2865 2487 2961 2541 τῆς
3018 2479 3308 2556 ἀπροσίτου
3359 2478 3555 2543 δόξης’
3616 2487 3706 2534 καὶ
3767 2479 3874 2535 διὰ

2250 2569 2550 2639 ἡμερότητα
2619 2573 2708 2621 καὶ
2769 2569 3153 2643 φιλανθρωπίαν
3207 2573 3688 2643 μεταμορφούμενος
3753 2590 3872 2623 σω-

2250 2664 2524 2727 ματοποιεῐ
2565 2658 2764 2726 ἑαυτὸν,
2796 2665 2882 2710 καὶ
2939 2657 3302 2730 ἀναμίγνυται,
3365 2664 3457 2711 καὶ
3508 2659 3869 2734 παραλαμϐά-

2250 2766 2323 2798 νει
2356 2749 2448 2808 τάς
2479 2746 2632 2817 ἁγίας
2661 2752 2750 2799 καὶ
2795 2747 3103 2822 εὐαρέστους
3153 2753 3243 2800 καὶ
3288 2751 3484 2809 πιστὰς
3530 2748 3737 2820 ψυχὰς,
3773 2754 3872 2802 καὶ

2250 2841 2484 2906 γίγνεται
2539 2840 2647 2906 μετ’
2699 2835 2866 2888 αὑτῶν
2919 2837 2992 2898 εἰς
3038 2836 3094 2888 ἓν
3163 2844 3436 2909 Πνεῦμα,
3493 2840 3630 2890 κατὰ
3685 2838 3870 2908 λόγιον

2255 2924 2460 2977 Παύλου
2494 2943 2506 2956 ·
2547 2923 2702 2996 ψυχὴ
2737 2928 2805 2985 ὡς
2853 2925 3009 2978 εἰπεῖν
3067 2926 3133 2986 εἰς
3185 2925 3395 2998 ψυχὴν,
3427 2931 3512 2979 xui
3566 2928 3869 2989 ὑπόστασις

2253 3013 2323 3075 εἰς
2348 3015 2662 3080 ὑπόστασιν,
2698 3016 2780 3066 ἶνα
2825 3015 2854 3072 ἡ
2889 3013 3075 3086 ψυχὴν
3099 3011 3300 3086 δυνηθῇ
3335 3015 3385 3067 έν
3426 3023 3486 3087 τῇ
3518 3020 3724 3073 νεότητι
3759 3017 3868 3077 ξῆ-

488 3117 684 3170 vivere
727 3117 783 3167 et
822 3107 1218 3165 immortalem
1265 3107 1447 3160 vitam
1495 3103 1732 3168 sentire,
1789 3119 1859 3158 ac
1907 3107 2141 3158 aeterna!

2254 3122 2364 3167 σαι,
2393 3108 2482 3155 καὶ
2503 3103 2780 3155 αἰσθέσθαι
2815 3101 3074 3156 ἀθανάτου
3117 3105 3278 3169 ζωῆς,
3311 3109 3401 3157 καὶ
3445 3101 3607 3167 δόξης
3659 3103 3875 3179 ἀφθάρ-

485 3203 686 3273 gloriaeI
710 3200 1005 3272 particeps
1028 3196 1175 3264 ﬁeri,
1209 3211 1299 3259 ea,
1331 3195 1602 3264 inquam,
1624 3192 1848 3258 anima,
1880 3207 2013 3263 qua:
2045 3207 2138 3258 eo,

491 3296 608 3348 Deo
647 3290 886 3352 scilicet,
928 3287 1112 3354 digna
1155 3288 1261 3348 est,
1305 3285 1477 3354 eique
1521 3280 1841 3352 perplacet.
1885 3281 1941 3336 Si
1980 3280 2138 3335 enim

493 3383 645 3435 Deus
691 3394 760 3431 ex
799 3377 890 3439 iis,
939 3390 1074 3444 quise
1123 3388 1242 3426 non
1271 3375 1458 3431 erant,
1512 3375 1573 3423 ut
1615 3375 1833 3431 essent,
1875 3367 2142 3422 condidit

489 3468 646 3522 hanc
677 3464 968 3518 visibilem
1002 3465 1358 3524 creaturam,
1391 3473 1615 3526 magna
1641 3473 1779 3511 cum
1810 3456 2140 3511 differentia

488 3560 543 3610 et
570 3553 872 3614 varietate,
898 3565 1053 3620 quae,
1081 3553 1406 3618 antequam
1429 3545 1614 3606 tieret,
1634 3560 1754 3599 non
1781 3551 1905 3600 erat
1926 3547 1966 3580 ³¹
1999 3562 2012 3610 ;
2042 3561 2141 3600 vo-

484 3644 589 3700 luit
609 3642 808 3703 etiam,
837 3645 892 3695 et
924 3637 1084 3693 nullo
1115 3653 1254 3692 cum
1276 3635 1480 3690 labore
1506 3633 1772 3689 condidit
1797 3634 1976 3697 exiis,
2003 3650 2139 3706 quas

487 3749 608 3789 non
649 3735 833 3794 erant,
870 3727 1235 3782 substantias
1263 3725 1485 3780 solidas
1514 3731 1568 3778 et
1603 3723 1805 3789 duras,
1846 3722 2003 3778 velut
2033 3729 2140 3779 ter-

488 3837 640 3887 ram,
688 3825 943 3882 montes,
1003 3816 1248 3870 arbores
1289 3814 1448 3885 (qua:
1501 3812 1749 3868 durities
1797 3819 2027 3868 natura:
2067 3813 2142 3867 sit

487 3911 698 3981 vides),
728 3915 784 3964 et
819 3924 1022 3963 rursus
1061 3903 1290 3960 medias
1327 3918 1534 3975 aquas,
1575 3907 1629 3958 et
1664 3918 1734 3958 ex
1761 3902 1830 3956 iis
1870 3901 2141 3957 volucres

485 4001 652 4057 nasci
681 3997 990 4054 mandavit
1024 4013 1035 4050 :
1065 3999 1122 4050 et
1143 3995 1340 4049 denuo
1367 3993 1653 4056 tenuiora,
1680 3990 1881 4060 ignem
1913 4008 1980 4047 ac
2005 4007 2142 4046 ven-

487 4097 602 4156 tos,
663 4095 718 4144 et
761 4095 995 4150 caetera,
1049 4100 1184 4156 quaa
1232 4089 1474 4154 propter
1513 4080 1896 4136 subtilitatem
1953 4081 2144 4136 aciem

485 4178 640 4236 oculi
671 4175 937 4246 corporei
971 4172 1285 4239 effugiunt.

553 4302 639 4355 XI.
679 4301 805 4363 Quo
859 4301 1034 4367 pacto
1069 4295 1302 4348 inﬁnita
1350 4299 1404 4348 et
1436 4292 1755 4347 ineffabilis
1801 4291 2144 4362 multiplicis

486 4388 795 4459 sapientiae
829 4384 1044 4438 divinae
1074 4381 1320 4436 scientia
1342 4381 1606 4435 condidit
1636 4397 1706 4434 ex
1736 4380 1824 4444 iis,
1854 4396 1990 4450 quas
2024 4395 2142 4435 non

485 4482 672 4539 erant,
728 4480 779 4528 et
825 4471 1142 4534 crassiora,
1194 4475 1249 4524 et
1300 4469 1629 4532 subtiliora,
1674 4475 1730 4522 et
1778 4469 2144 4539 simpliciora

484 4579 757 4636 corpora,
793 4577 928 4633 qua;
968 4559 1356 4614 subsisterent
1383 4557 1690 4612 voluntate
1719 4573 1826 4613 sua
1861 4576 1872 4614 :
1915 4564 2140 4630 quanto

487 4654 686 4724 magis
731 4655 880 4724 ipse,
929 4649 1030 4721 qui
1071 4654 1160 4702 est
1214 4653 1276 4702 ut
1324 4647 1469 4713 vult,
1517 4653 1572 4701 et
1629 4647 1793 4718 quod
1842 4647 1988 4712 vult,
2041 4663 2145 4718 per

482 4741 952 4801 inenarrabilem
981 4738 1357 4793 clementiam
1393 4743 1447 4791 et
1479 4735 2144 4806 incomprehensibilem

487 4834 815 4891 bonitatem
837 4845 898 4883 se
917 4831 1039 4900 ipse
1065 4831 1426 4881 transmutat
1449 4824 1818 4880 etimuiinuit
1843 4840 2026 4895 seque
2049 4844 2145 4881 as-

492 4921 736 4985 similat,
791 4924 1128 4985 assumpto,
1185 4914 1388 4985 quoad
1447 4929 1641 4984 capax
1698 4912 1828 4978 fuit,
1873 4929 2141 4984 corpore,

495 5009 746 5077 sanctis,
775 5007 972 5076 dignis
988 5021 1056 5060 ac
1072 5003 1347 5058 ﬁdelibus
1362 5001 1711 5066 animabus;
1742 5010 1800 5056 ut
1815 5003 2145 5073 conspicia-

493 5105 586 5156 tur
612 5098 688 5153 ab
718 5097 784 5150 iis
817 5097 862 5148 is
889 5093 992 5165 qui
1025 5094 1134 5146 sub
1154 5096 1462 5162 aspectum
1496 5107 1613 5144 non
1636 5090 1812 5155 cadit,
1840 5096 1892 5145 et
1919 5097 2142 5146 contre-

489 5193 680 5244 ctetur
702 5184 1033 5240 secundum
1063 5187 1339 5236 naturam
1369 5179 1668 5234 tenuitatis
1699 5181 1935 5246 animm,
1963 5181 2008 5234 is
2040 5182 2143 5252 qui

489 5282 712 5333 tactum
743 5287 985 5328 omnem
1015 5268 1221 5337 effugit
1256 5285 1266 5321 :
1311 5273 1366 5322 ct
1397 5267 1479 5322 sic
1511 5267 1828 5336 degustent
1874 5269 1983 5340 ipsi
2015 5270 2143 5340 ejus

491 5366 870 5424 suavitatem,
909 5367 962 5415 et
993 5357 1357 5426 benignitate
1396 5356 1640 5411 luminis
1680 5357 1998 5413 ineffabilis
2038 5375 2143 5415 vo-

487 5453 716 5525 uptatis
741 5452 873 5521 ipso
901 5449 1309 5520 experimento
1328 5445 1619 5502 fruantur.
1647 5446 2143 5521 Quandocunque

562 5643 606 5681 ³¹
641 5642 810 5703 Rom.
845 5653 922 5706 iv,
957 5610 1045 5694 l7;

2252 3212 2343 3245 του
2373 3197 2600 3264 μέτοχος
2644 3197 2875 3263 γένηται,
2913 3196 2942 3252 ἦ
2975 3213 3033 3264 γε
3073 3192 3194 3256 ἀξία
3223 3194 3384 3246 αὑτοῦ
3424 3200 3512 3246 xui
3543 3195 3858 3270 εὐάρεστος.

2250 3281 2310 3334 Εἰ
2337 3283 2435 3352 γὰρ
2476 3279 2527 3342 ἐξ
2567 3281 2660 3333 οὑκ
2691 3283 2843 3334 ὄντων
2894 3282 2962 3344 είς
3011 3285 3069 3334 τό
3128 3280 3259 3335 εἶναι
3308 3289 3554 3342 πεποίηκε
3591 3289 3684 3342 τὴν
3731 3286 3877 3357 ὁρω-

2250 3373 2406 3439 μένην
2461 3374 2635 3421 κτίσιν
2691 3374 2961 3435 τοιαύτην,
3005 3375 3054 3423 ἓν
3113 3371 3270 3444 πολλῇ
3323 3392 3426 3424 τινι
3485 3369 3716 3444 διαφορᾷ
3773 3379 3872 3427 καὶ

2252 3456 2501 3528 ποικιλίᾳ,
2535 3463 2623 3511 xui
2654 3464 2774 3530 πρὶν
2816 3462 3058 3530 γενέσθαι
3097 3461 3192 3512 οὑκ
3225 3457 3286 3518 ἦν
3329 3477 3346 3494 ο
3402 3462 3624 3520 ἠθέλησε
3662 3459 3744 3527 δε,
3779 3468 3880 3516 καὶ

2251 3545 2466 3606 εὐκόλως
2541 3549 2784 3604 εποίησεν
2863 3551 2917 3600 έκ
2987 3559 3086 3601 τῶν
3156 3555 3228 3621 μὴ
3311 3555 3467 3602 ὄντων
3544 3553 3880 3614 ὑποστάσεις

2249 3640 2477 3706 παχείας
2530 3641 2620 3687 xui
2675 3635 2922 3708 σκληρὰς,
2973 3639 3077 3690 οἷον
3135 3646 3230 3709 γῆν
3281 3639 3429 3709 λέγω,
3490 3643 3607 3713 ὅρη,
3666 3636 3879 3714 δένδρα

2252 3724 2395 3797 (ὁρᾷς
2426 3726 2510 3776 οἱα
2541 3724 2836 3799 σκληρότης
2862 3728 3081 3798 φύσεως)
3123 3741 3135 3753 ⁶
3175 3733 3264 3779 xui
3307 3728 3460 3779 πάλιν
3490 3733 3628 3799 μέσα
3654 3726 3869 3781 ὕδατου

2249 3819 2339 3866 xui
2384 3813 2437 3876 ἐξ
2484 3814 2651 3866 αὑτῶν
2703 3817 2980 3885 γεννᾶσθαι
3024 3819 3228 3868 πετεινά
3281 3818 3567 3891 προσέταξε
3597 3835 3610 3848 ’
3645 3823 3739 3870 καὶ
3771 3821 3880 3871 πά-

2249 3902 2326 3954 λιν
2365 3903 2662 3976 λεπτότερα,
2696 3911 2821 3975 πῦρ,
2867 3909 2955 3956 xui
3004 3905 3243 3976 ἀνέμους,
3288 3911 3378 3957 xui
3432 3903 3526 3959 διὰ
3575 3905 3881 3965 λεπτότητα

2253 3997 2320 4064 μὴ
2351 3994 2582 4066 ὁρώμενα
2611 4001 2682 4063 τῷ
2723 4001 2814 4045 τοῦ
2849 4000 3088 4066 σώματος
3124 3995 3392 4068 ὀφθαλμῷ.

2326 4296 2427 4346 lA’.
2465 4302 2581 4356 Πῶς
2632 4297 2662 4353 ἡ
2718 4297 2926 4371 ἄπειρος
2970 4301 3058 4349 καὶ
3105 4293 3493 4370 ἀνεκδιήγητος
3538 4305 3636 4360 τῆς
3711 4298 3872 4351 πολυο

2253 4383 2489 4435 ποικίλου
2542 4389 2727 4456 σοφίας
2775 4394 2865 4438 τοῦ
2920 4394 3052 4439 Θεοῦ
3091 4391 3251 4458 τέχνη
3286 4391 3483 4440 ἔκτισεν
3517 4387 3570 4438 ix
3596 4391 3667 4458 μὴ
3709 4391 3871 4440 ὄντων

2252 4475 2532 4544 παχύτερα
2599 4478 2687 4525 xui
2767 4473 3047 4546 λεπτότερα
3122 4481 3212 4527 xui
3278 4476 3580 4550 ἁπαλώτερα
3643 4483 3875 4547 σώματα

2255 4561 2580 4614 ἑννπόστατα
2623 4571 2694 4633 τῷ
2755 4564 3005 4636 θελήματι
3036 4565 3196 4617 αὑτοῦ
3231 4582 3244 4631 ;
3278 4570 3426 4636 πόσῳ
3474 4564 3664 4636 μᾶλλον
3709 4566 3873 4629 αὑτός

2255 4653 2321 4702 ὧν
2352 4655 2414 4712 ὡς
2467 4650 2614 4716 θέλει,
2642 4657 2731 4704 καὶ
2764 4653 2788 4704 ὃ
2842 4653 2991 4718 θέλει,
3037 4650 3132 4706 διὰ
3181 4659 3532 4727 χρηστότητα
3569 4656 3868 4729 ἄφραστον,

2255 4745 2343 4793 xui
2390 4740 2690 4810 ἀγαθότητα
2737 4740 3030 4800 ἀνεννόητον
3078 4742 3386 4815 μεταϐάλλει
3441 4748 3530 4796 καὶ
3561 4747 3866 4816 σμικρύνει,

2253 4835 2342 4881 καὶ
2401 4830 2627 4901 ἐξομοιοῖ
2677 4830 2874 4895 έαυτόν,
2948 4842 3320 4903 σωματοποιῶν
3399 4836 3532 4885 κατὰ
3589 4839 3868 4905 χώρησιν,

2255 4926 2368 4979 ταῖς
2416 4918 2592 4989 ἁγίαις
2641 4925 2730 4971 xui
2784 4918 2946 4982 ἀξίαις
2989 4927 3205 4982 πισταῖς
3252 4921 3461 4992 ψυχαῖς
3497 4939 3509 4951 ⁸
3554 4923 3637 4972 ἰνα
3695 4919 3865 4994 ὁραθῇ

2255 5007 2436 5067 αὑταῖς
2489 5009 2514 5058 ὁ
2564 5007 2798 5080 ἀόρατος,
2867 5014 2955 5061 xui
3019 5009 3304 5082 ψηλαφηθῇ
3357 5013 3490 5062 κατά
3553 5014 3647 5068 τὴν
3705 5014 3869 5082 φύσιν

2253 5105 2347 5156 τῆς
2386 5096 2691 5157 λεπτότητος
2729 5106 2824 5157 τῆς
2870 5097 3052 5169 ψυχῆς
3100 5101 3125 5150 ὁ
3169 5098 3510 5171 ἀφηλάφητος
3561 5116 3572 5128 ’
3635 5105 3730 5152 xui
3783 5105 3866 5151 αἱ·

2258 5187 2483 5237 σθωνται
2512 5185 2671 5238 αὑτοῦ
2697 5193 2790 5248 τῆς
2819 5186 3165 5256 γλυκύτητος,
3205 5194 3293 5239 καὶ
3339 5196 3431 5250 τῆς
3486 5195 3871 5260 χρηστότητος

2256 5281 2344 5324 τοῦ
2420 5277 2586 5345 φωτός
2658 5283 2750 5336 τῆς
2813 5273 3041 5349 ἀῤῥητου
3120 5275 3455 5337 ἀπολαύσεως
3514 5277 3644 5348 αὑτῇ
3708 5283 3870 5351 πείρᾳ

2255 5361 2640 5418 ἀπολαύσωσιν.
2699 5361 2821 5416 Ὀτε
2871 5363 3117 5436 βούλεται
3173 5373 3274 5438 πῦρ
3331 5371 3548 5436 γίνεται,
3602 5372 3705 5418 πᾶν
3738 5375 3868 5439 pur}-

2253 5449 2336 5504 λον
2369 5457 2460 5504 καὶ
2505 5455 2809 5506 ἐπείσακτον
2854 5456 3016 5517 πάθος
3048 5463 3142 5516 τῆς
3180 5454 3368 5527 ψυχῆς
3405 5462 3693 5508 κατακαῑον
3728 5473 3740 5486 °
3779 5458 3864 5508 xui
