4058 6194
186 285 295 348 481

1475 293 1819 379 HOMILLE.
1851 329 1936 370 με
1963 310 2142 370 HOM.
2181 310 2277 380 Iv.

3444 349 3566 412 482

188 420 292 487 γὰρ
351 420 378 471 ὁ
439 425 592 483 Θεὸς
654 425 825 497 ἡμῶν
882 433 1003 499 πῦρ
1065 426 1570 494 καταναλίσκον,
1640 439 1780 504 φησί.

188 506 313 539 'm-
351 507 584 539 0-3.x...“
657 512 944 539 λαμ-μη---
989 515 1206 539 βείω---
1331 524 1341 534 ε
1407 519 1428 539 ιε
1555 538 1564 539 ,
1716 525 1734 539 α

1905 440 2028 496 vult
2059 443 2122 497 ﬁt
2149 444 2323 510 ignis,
2348 462 2593 506 omnem
2633 453 2979 527 improbam
3004 470 3084 524 'et
3118 473 3271 531 ultro
3299 485 3555 539 accersi-

185 506 313 560 Ὀτι
345 507 608 579 βούλεται,
653 512 945 577 ἀνάπαυσις
981 515 1207 591 ἀρῥητος
1260 524 1348 571 καὶ
1393 519 1680 590 ἄφραστος,
1715 525 1798 576 ἵνα

190 594 399 669 ἀναπαῇ
449 598 736 655 ἀναπαύσει
793 606 1028 666 θεότητος
1075 608 1104 664 ἡ
1155 606 1311 679 ψυχή
1339 626 1351 640 ·
1397 611 1476 661 ὅτε
1529 609 1791 680 βούλεται,

184 690 338 760 χαρὰ
373 694 463 740 καὶ
497 690 697 763 εἰρήνη,
733 694 940 747 θάλπων
965 701 1054 747 xui
1084 699 1338 769 περιέπων
1369 698 1553 757 αὐτήν.

259 969 356 1024 1Β’.
389 969 450 1024 Εἰ
480 966 540 1023 δε
568 976 660 1024 καὶ
690 971 762 1034 εἰς
787 972 836 1025 ἓν
865 982 964 1026 τῶν
993 978 1292 1048 κτισμάτων
1322 978 1504 1032 ἑαυτὸν
1535 979 1791 1054 ἀφομοιῶ-

192 1075 284 1108 σαι
302 1056 564 1129 βούλεται,
584 1057 661 1112 δι’
690 1059 1000 1132 ἀγαλλίασιν
1029 1070 1119 1118 καὶ
1143 1066 1462 1140 εὐφροσύνην
1493 1078 1592 1121 τῶν
1608 1081 1789 1146 νοερῶν

191 1150 508 1218 κτισμάτων,
543 1151 650 1202 οἷον
683 1151 712 1209 ἡ
768 1151 914 1213 πόλις
959 1157 1124 1224 φωτὸς
1174 1154 1534 1232 Ἰερουσαλὴμ,
1587 1161 1616 1219 ἡ
1674 1166 1790 1236 ὅρος

191 1239 316 1286 Σιὼν
344 1235 670 1308 ἐπουράνιον,
731 1236 951 1293 δύναται
978 1245 1047 1304 ὡς
1078 1243 1208 1296 θελει
1243 1249 1413 1300 πάντα
1440 1250 1615 1310 καθὼς
1643 1252 1789 1319 εἰρη-

187 1341 310 1374 ται·
370 1325 586 1397 Ὑμεῖς
659 1323 730 1379 δὲ
791 1331 1354 1402 προσεληλύθατε
1410 1343 1570 1389 Σιὼν
1631 1344 1784 1412 ὄρει,

183 1419 291 1465 xui
329 1414 516 1466 πόλει
556 1424 726 1468 Θεοῦ
767 1418 1022 1484 ζῶντος,
1062 1421 1487 1498 Ἰερουσαλὴμ
1526 1428 1788 1502 ἐπουρα-

180 1510 292 1574 νίῳ
325 1507 501 1555 Πάντα
531 1506 717 1557 εὔκολα
742 1507 882 1578 αὐτῷ
914 1514 1003 1562 xui
1033 1512 1246 1584 εὐχερῆ,
1294 1515 1366 1577 εἰς
1408 1514 1444 1567 ἀ
1473 1517 1601 1570 θέλει
1634 1538 1788 1591 μετα-

178 1598 522 1665 μορφουμένῳ
557 1602 667 1655 ταῖς
715 1594 889 1659 ἀξίαις
936 1600 1096 1652 αὐτοῦ
1139 1607 1228 1655 xui
1270 1613 1482 1666 πισταίς
1531 1606 1741 1680 ψυχαῖς
1768 1625 1782 1640 ⁸

177 1687 334 1751 μόνον
362 1701 436 1742 τις
469 1681 807 1752 ἀγωνιζέσθω
835 1687 978 1757 φίλος
1025 1695 1114 1742 καὶ
1146 1691 1417 1766 εὐάρεστος
1445 1695 1582 1766 αύτῷ
1609 1701 1784 1768 γίνεσ-

180 1771 291 1834 θαι,
322 1777 415 1822 καὶ
446 1771 576 1843 αὐτῇ
627 1777 782 1846 πείρᾳ
805 1781 894 1827 καὶ
922 1777 1166 1838 αἰσθήσει
1195 1780 1379 1852 ὄψεται
1426 1783 1602 1856 ἀγαθά

173 1862 351 1930 ράνια,
390 1865 482 1911 καὶ
526 1867 724 1933 τρυφὴν
756 1861 1127 1939 ἀνέκφραστον,
1160 1875 1248 1922 xui
1301 1871 1520 1925 πλοῦτον
1572 1875 1782 1950 ἄπειρον

175 1950 419 2012 θεότητος
475 1949 702 2016 ἀληθῶς,
733 1950 1058 2026 ἂόφθαλμός
1111 1959 1205 2010 οὐκ
1261 1959 1364 2027 ἴδε,
1420 1968 1510 2015 καὶ
1564 1960 1655 2025 οὖς
1689 1966 1782 2018 οὐκ

169 2037 392 2103 ἢκουσε,
456 2044 546 2090 xui
602 2039 685 2092 ἐπὶ
731 2039 956 2115 καρδίαν
1022 2044 1294 2119 ἀνθρώπου
1346 2049 1440 2102 οὐκ
1497 2050 1674 2122 ἀνέϐη,
1723 2059 1781 2108 τὸ

174 2132 389 2198 Πνεῦμα
445 2135 536 2179 τοῦ
592 2134 788 2204 Κυρίου
844 2139 1144 2206 γιγνόμενον
1203 2138 1276 2200 εἰς
1332 2137 1627 2193 ἀνάπαυσιν
1681 2153 1780 2197 τῶν

172 2215 332 2277 ἀξίων
395 2216 609 2287 ψυχῶν,
685 2225 776 2271 καὶ
860 2221 1188 2292 ἀγαλλίασιν,
1256 2232 1346 2279 καὶ
1403 2234 1619 2302 τρυφὴν,
1691 2239 1780 2287 xui

171 2305 312 2363 ζωὴν
379 2305 607 2360 αἰώνιον.
689 2314 1043 2379 Σωματοποιεί
1119 2318 1221 2387 γὰρ
1298 2317 1476 2369 ἑαυτὸν
1549 2327 1638 2372 καὶ
1713 2323 1780 2384 είς

168 2390 380 2464 βρῶσιν
434 2401 519 2446 xui
552 2400 708 2448 πόσιν
759 2398 786 2447 ὁ
821 2399 1032 2472 Κύριος,
1093 2405 1262 2464 καθὼς
1289 2409 1586 2480 γέγραπταί
1629 2409 1677 2461 ἐν
1705 2419 1778 2482 τῷ

169 2480 512 2554 εὐαγγελίῳ*
546 2483 607 2536 '0
645 2492 908 2558 τρώγων
948 2494 1056 2541 τὸν
1115 2491 1316 2564 ἀρτον
1357 2505 1610 2565 τοῦτον,
1673 2500 1778 2560 ζῆ-

169 2589 365 2622 σεται
404 2572 499 2634 εἰς
536 2577 642 2625 τὸν
683 2575 897 2641 αἰῶνα,
957 2581 1039 2630 ἱνα
1090 2579 1365 2657 ἀναπαύσῃ
1407 2584 1777 2659 ἀνεκλαλήτως,

167 2663 262 2710 xui
318 2657 559 2733 ἔμπλησῂ
618 2665 941 2736 εὐφροσύνης
985 2679 1340 2740 πνευματικῆς
1404 2681 1498 2733 τῆν
1545 2657 1776 2748 ψυχήν)

145 2737 261 2799 ’καὶ
321 2757 425 2820 γάρ
486 2769 676 2822 φησιν·
724 2752 877 2825 Ἐγώ
935 2737 1132 2828 εἰμιο
1194 2761 1386 2830 ἄρτος
1441 2737 1778 2831 τῆςΙζιωῆς.

160 2835 389 2908 Ὁμοίως
418 2844 510 2890 xui
541 2840 612 2901 εἰς
632 2847 786 2894 πόσιν
807 2846 1033 2915 νάματος
1059 2848 1388 2921 ἑπουρανίου,
1405 2856 1578 2918 καθώς
1599 2876 1776 2934 φησιν,

163 2925 224 2978 Ὀ
285 2931 481 2979 πίνων
539 2928 607 2980 ἐκ
644 2939 754 2983 τοῦ
812 2930 1050 2998 ὕδατος
1098 2937 1167 2988 οὗ
1206 2938 1323 3010 ἐγὼ
1365 2937 1550 2996 δώσω
1590 2947 1776 3018 αύτῷ,

164 3021 526 3085 γενήσεται
579 3017 637 3069 ἐν
693 3021 860 3092 αὐτῷ
916 3029 1087 3095 πηγὴ
1149 3023 1392 3090 ὕδατος
1430 3031 1778 3106 ἁλλομένου

165 3105 254 3164 εἰς
293 3105 470 3164 ζωήν
528 3108 790 3160 αἰώνιον
820 3127 832 3140 ⁸
875 3118 983 3164 καὶ
1025 3117 1276 3183 πάντες,
1319 3125 1472 3191 φησὶ,
1513 3127 1580 3175 τὸ
1620 3125 1778 3177 αύτό

164 3198 344 3265 πόμα
381 3193 846 3267 ἐποτίσθημεν.

1813 3151 1853 3205 C

242 3292 349 3348 ην.
385 3294 566 3355 Οὕτως
595 3295 799 3368 ἑκάστῳ
850 3307 948 3350 τῶν
1001 3300 1160 3372 ἁγίων
1214 3307 1454 3380 Πατίρων
1498 3311 1667 3381 ὤφθη,
1709 3314 1778 3374 ὡς

166 3381 326 3439 ἠθελη
342 3401 421 3448 σε,
469 3390 560 3436 xui
590 3405 659 3446 ως
704 3391 1003 3462 συνέφερεν·
1044 3391 1210 3454 άλλως
1260 3403 1335 3464 τῷ
1380 3396 1639 3471 Ἀϐραὰμ,
1691 3401 1780 3452 οἴλ-

165 3469 262 3533 λως
318 3479 396 3541 τῷ
454 3473 662 3540 Ἰσαὰκ,
711 3476 872 3537 ἄλλως
907 3486 978 3548 τῷ
1036 3479 1244 3550 Ἰακὼϐ,
1298 3469 1485 3548 ἄλλως
1517 3488 1588 3558 τῷ
1642 3496 1775 3556 Nais,

165 3568 236 3630 τῷ
265 3559 486 3626 Δανιὴλ,
519 3571 592 3633 τῷ
635 3561 826 3634 Δαϐὶδ,
856 3585 927 3636 τῳ
973 3575 1281 3642 Σολομῶντι,
1327 3582 1400 3644 τῷ
1427 3574 1638 3646 Ἡσαΐᾳ,
1685 3583 1776 3631 καὶ

167 3648 372 3719 ἑκάστῳ
413 3658 513 3701 τῶν
555 3649 715 3722 ἀγίων
744 3665 1042 3727 προφητῶν.
1079 3657 1276 3722 Ἀλλως
1306 3671 1378 3734 τῷ
1407 3663 1578 3737 Ἠλίᾳ,
1613 3668 1779 3732 ἄλλως

168 3746 235 3807 τῷ
295 3745 504 3812 Μωυσῆ
541 3758 552 3769 ⁸
587 3747 676 3794 xui
722 3742 820 3813 ἕγὼ
851 3748 1072 3817 νομίζω,
1105 3749 1184 3801 ὃτι
1213 3757 1442 3814 Μωῦσῆς
1496 3759 1631 3809 κατά
1679 3764 1778 3810 πᾶ-

170 3845 262 3878 σαν
313 3829 455 3901 ὧραν
511 3831 561 3881 ἓν
607 3840 678 3901 τῷ
717 3836 845 3903 ὄρει,
909 3834 959 3886 ἐν
999 3844 1059 3908 τῇ
1094 3846 1193 3889 τῶν
1237 3845 1631 3915 τεσσαράκοντα
1655 3849 1776 3920 ἡμε-

167 3923 264 3984 ρῶν
319 3921 543 3990 νηστείᾳ
590 3919 661 3980 εἰς
712 3922 909 3979 εκείνην
971 3929 1065 3982 τὴν
1110 3936 1460 3999 πνευματικὴν
1516 3938 1776 4005 τράπεζαν

171 4005 540 4077 εἰσερχόμενος
621 4006 867 4081 ἔνετρύφα
915 4016 1006 4064 καὶ
1077 4013 1347 4073 ἀπελαυεν.
1396 4018 1637 4093 Ἑκάστῳ
1687 4021 1774 4077 οὖν

168 4100 262 4142 τῶν
321 4091 483 4163 ἁγίων
548 4097 617 4156 ὡς
664 4096 915 4155 ἠθέλησεν
946 4102 1114 4173 ὤφθη,
1172 4103 1237 4164 εἰς
1262 4108 1320 4157 τὸ
1353 4091 1655 4163 ἀναπαῦσαι
1684 4118 1773 4166 καὶ

171 4188 364 4246 σῶσαι,
416 4186 501 4232 καὶ
549 4183 616 4243 εἰς
667 4182 944 4256 ἐπίγνωσιν
984 4196 1117 4242 Θεοῦ
1175 4189 1408 4265 ἀγαγεῖν.
1467 4201 1644 4253 Πάντα
1672 4205 1773 4275 γὰρ

171 4269 310 4338 πὶτῷ
363 4270 556 4343 εὐχερῆ
612 4272 814 4324 ἐστινᾶ
844 4274 1108 4346 βούλεται,
1164 4287 1254 4334 xui
1298 4285 1368 4344 ὡς
1419 4286 1548 4338 θέλει
1589 4269 1776 4363 μικρύ-

169 4377 261 4408 νων
321 4358 502 4410 ἑαυτὸν
552 4372 925 4431 σωματοποιεῖ,
977 4372 1066 4419 καὶ
1096 4381 1513 4447 μεταμορφοῦται
1559 4377 1774 4433 ὀπτανά·

169 4465 318 4514 μενος
363 4456 469 4509 τοῖς
500 4447 774 4520 ἀγαπῶσιν
827 4453 998 4526 αὐτὸν,
1028 4455 1076 4507 ἐν
1109 4457 1378 4533 ἀπροσίτῳ
1429 4459 1558 4539 δόξῃ
1592 4473 1772 4540 φωτὸς,
1803 4498 1850 4553 D

168 4539 306 4588 κατὰ
360 4538 555 4596 πολλὴν
629 4547 717 4592 καὶ
786 4543 1052 4615 ἄφραστον
1130 4546 1338 4620 ἀγάπην
1405 4538 1774 4630 φανερούμενος

168 4634 276 4686 τοῖς
351 4625 516 4690 ἀξίοις
597 4632 734 4682 κατά
785 4637 877 4690 τὴν
929 4635 1087 4688 αὐτοῦ
1161 4634 1402 4712 δύναμιν.
1457 4625 1635 4717 Ψυχὴ*
1670 4651 1772 4722 γὰρ

169 4716 614 4779 ἡκαταξιωθεῐσα
671 4718 720 4770 ἐν
766 4721 924 4795 πολλῇ
986 4723 1256 4800 ἐπιθυμίᾳ,
1311 4735 1399 4783 καὶ
1451 4733 1769 4809 προσδοκίᾳ,

168 4810 254 4855 xui
322 4819 521 4871 πίστει,
613 4813 704 4860 xui
775 4809 952 4884 ἀγάπη
1011 4809 1270 4879 δέξασθαι
1327 4817 1523 4880 ἐκείνην
1578 4829 1668 4884 τὴν
1722 4827 1775 4890 ἐξ

169 4892 333 4963 ὑψους
390 4892 640 4967 δύναμιν,
695 4902 788 4957 τὴν
841 4899 1142 4974 ἐπουράνιον
1189 4914 1281 4958 τοῦ
1324 4913 1617 4983 Πνεύματος
1647 4914 1776 4988 ἀγά-

171 5001 294 5048 πην,
371 4989 462 5036 xui
522 4988 580 5036 τὸ
642 4984 946 5062 ἐπουράνιον
1002 5000 1104 5067 πῦρ
1173 5002 1268 5056 τῆς
1315 4996 1573 5053 ἀθανάτου
1635 5008 1774 5070 ζωῆς

171 5069 430 5138 λαϐοῦσα,
477 5075 657 5136 πάσης
716 5075 926 5147 ἀγάπης
982 5092 1241 5154 κοσμικῆς
1269 5085 1323 5148 ἐξ
1356 5086 1600 5154 ἀληθείας
1656 5093 1772 5148 λύε-

171 5177 277 5224 ται,
309 5167 399 5212 καὶ
429 5167 620 5224 παντὸς
655 5161 854 5238 δεσμοῦ
885 5173 1075 5233 κακίας
1103 5171 1484 5248 ἐλευθεροῦται.

243 5258 331 5313 Μ’,
367 5258 572 5336 Ὠσπερ
631 5265 732 5335 γὰρ
789 5261 1032 5339 σίδηρος,
1064 5268 1093 5328 ἣ
1126 5268 1402 5345 μόλιϐδος,
1461 5275 1490 5335 ἦ
1537 5283 1770 5352 χρυσὸς»

171 5348 198 5405 ἦ
255 5350 485 5422 ἄργυρος
535 5351 620 5402 ἐπὶ
656 5359 760 5426 πῦρ
809 5351 1026 5425 βληθεὶς
1078 5357 1274 5428 λύεται,
1311 5363 1366 5414 ἑκ
1423 5372 1518 5428 τῆς
1572 5348 1771 5440 φύσεως

165 5440 257 5497 τῆς
335 5438 564 5514 σκληρᾶς
639 5439 705 5502 εἰς
759 5441 1064 5526 ἀπαλότητα
1142 5438 1607 5529 μεταϐαλλόμενος,
1680 5465 1774 5515 καὶ

228 5585 274 5658 ’ξ
307 5586 475 5641 Deut.
505 5600 588 5650 iv,
620 5559 724 5652 2b;
758 5551 930 5645 Hebr.
957 5557 1062 5658 λιι,
1091 5597 1184 5651 29.

165 5652 207 5686 ⁸⁷
237 5655 406 5712 Joan.
435 5671 516 5723 1v,
552 5658 636 5712 14.
715 5658 760 5694 ³⁸
787 5663 808 5717 l
833 5661 977 5720 Cor.
1008 5652 1072 5730 κ,
1103 5667 1161 5723 4.

465 5765 708 5825 ΡΑτιιοι..
740 5767 844 5828 Gn.
886 5771 1148 5832 XXXIV.

1259 5600 1306 5632 ⁸³
1360 5599 1535 5659 Hebr.
1596 5618 1697 5672 xu,
1749 5610 1837 5677 22,

1630 1787 1782 1839 ἕπου-
1821 1790 1862 1844 Β
1897 1806 2132 1846 marum
2162 1811 2182 1847 :
2216 1796 2397 1851 modo
2427 1799 2561 1869 quis
2582 1801 2852 1862 intendat
2872 1809 2922 1864 ei

1907 536 2030 585 tam
2060 531 2438 592 affectionem
2468 538 2754 600 adurens.
2782 547 2934 607 Deus
2973 558 3129 615 enim
3172 531 3560 641 noster‘ignis

1903 632 2252 677 consumens
2265 628 2347 678 est
2377 628 2652 718 fﬂinqult
2685 651 2696 699 ;
2726 640 2972 706 quando
3003 647 3127 703 vult
3152 650 3216 706 ﬁt
3236 628 3558 718 ineﬂ'abilis

1902 713 1959 821 ﬁt
1977 723 2202 766 arcana
2231 716 2486 784 requies,
2522 724 2938 794 utrequiescat
2986 736 3189 796 anima
3238 743 3296 798 in
3349 751 3556 821 requie

1901 793 2106 854 divina
2134 819 2155 856 .-
2183 802 2433 896 quando
2465 793 2995 882 vult,ﬁtigaudium
3015 830 3071 880 et
3097 793 3558 896 pag-iovem“;

1900 891 2220 956 protegens
2245 890 2537 950 animam.

1973 993 2082 1047 XII.
2127 995 2183 1050 Si
2213 1011 2354 1052 vero
2395 998 2547 1055 Deus
2589 1004 2743 1076 velit,
2788 1013 2884 1066 uni
2927 1026 3260 1081 creaturam
3298 1029 3553 1092 similem

1899 1094 1962 1134 se
1988 1081 2253 1148 reddere,
2299 1094 2540 1158 propter
2577 1095 3034 1160 exsultationem
3064 1114 3120 1164 et
3175 1081 3550 1178 tantuli;

1898 1168 2273 1238 telligilbium
2287 1182 2886 1251 creaturarum,velut
2917 1199 3008 1248 est
3038 1203 3140 1253 aut
3165 1168 3551 1266 civitas—lucis

1895 1259 2243 1368 Jerusalem,
2286 1269 2390 1319 aut
2448 1283 2622 1325 mons
2671 1275 2810 1331 Sion
2865 1282 3147 1353 caelestis,
3188 1259 3549 1368 potest—pro

1900 1346 2200 1404 voluntate
2225 1353 2449 1418 omnia,
2472 1361 2992 1428 quemadmodum
3015 1346 3237 1434 dictum
3270 1346 3406 1441 esti:
3441 1346 3550 1444 ἵσὲ

1896 1441 2092 1492 autem
2123 1443 2447 1497 accessistis
2467 1447 2549 1500 ad
2577 1447 2716 1505 Sion
2741 1464 3014 1524 montem,
3041 1469 3096 1518 et
3116 1466 3414 1530 civitatem
3445 1441 3552 1533 Dei

1896 1524 2166 1592 viventis,
2181 1527 2511 1588 Jerusalem
2525 1537 2814 1596 caelestem
2829 1545 2897 1610 ³³;
2914 1553 3119 1607 omnia
3134 1556 3185 1608 ei
3201 1566 3340 1614 sunt
3354 1561 3550 1623 facilia

1895 1616 1952 1667 et
1979 1615 2283 1684 proclivia,
2314 1621 2417 1690 qui
2452 1637 2534 1687 se,
2566 1623 2624 1679 in
2658 1642 2843 1698 quam
2877 1635 3001 1690 vult
3032 1642 3316 1714 speciem,
3351 1656 3549 1708 trans-

1899 1708 2106 1766 mutat,
2141 1704 2198 1759 in
2240 1707 2499 1778 gratiam
2537 1727 2608 1768 eo
2648 1714 2970 1784 dignarum
3008 1704 3369 1792 et'ﬁdelium
3409 1704 3545 1796 ani-

2950 1822 3154 1880 gratus
3181 1827 3238 1876 et
3264 1833 3547 1897 acceptus

1893 1878 2020 1933 ﬁeri
2053 1900 2068 1935 :
2100 1887 2156 1936 et
2185 1883 2432 1953 quidem
2471 1887 2606 1977 ipso
2635 1889 2790 1949 facto
2831 1901 2888 1952 et
2921 1878 3100 1958 sensu
3134 1878 3362 1969 videbit
3379 1878 3551 1977 ἷόιῖἆ

1893 1968 2174 2035 caelestia,
2218 1978 2273 2027 et
2319 1974 2562 2033 delicias
2609 1979 2962 2054 ineffabiles,
3003 1998 3181 2066 atque
3218 1968 3551 2064 immensa;

1891 2070 2028 2111 vere
2058 2057 2290 2114 divitias
2320 2061 2643 2121 divinitatis
2671 2071 2738 2136 ³³,
2767 2088 2902 2144 quae
2928 2057 3310 2144 certe'omnia
3335 2093 3545 2150 oculus

1895 2159 2012 2200 non
2053 2146 2218 2214 vidit,
2249 2164 2359 2206 nec
2397 2155 2558 2208 auris
2597 2158 2842 2225 audivit,
2878 2180 2986 2222 nec
3021 2184 3157 2241 quas
3196 2175 3255 2230 in
3296 2194 3398 2235 cor
3435 2181 3548 2240 ho-

1891 2234 2070 2288 minis
2101 2239 2522 2298 ascenderunt.
2552 2247 2754 2319 Fitque
2786 2234 3296 2323 Spiritus-Domini
3337 2234 3414 2325 ad
3437 2234 3545 2327 Ῑηέ-

1889 2323 2090 2392 quiem
2131 2327 2473 2385 animarum
2512 2331 2854 2406 dignarum,
2887 2350 2944 2398 et
2980 2350 3459 2427 exsultationem,
3491 2364 3550 2418 et

1890 2409 2154 2479 delicias,
2187 2421 2242 2470 et
2280 2417 2458 2474 vitam
2487 2427 2792 2481 mternam.
2829 2431 3100 2504 Seipsum
3141 2442 3304 2498 enim
3343 2409 3545 2503 trans-

1890 2498 2108 2556 format
2136 2504 2422 2560 Dominus
2440 2508 2500 2562 in
2522 2509 2724 2569 cibum
2747 2522 2802 2571 et
2825 2498 3055 2588 potum,
3076 2527 3228 2584 sicut
3251 2534 3541 2606 scriptum

1890 2594 1976 2642 est
2005 2591 2064 2643 in
2095 2593 2444 2664 Evangelia:
2473 2597 2584 2664 Qui
2614 2605 2939 2664 mandarat
2961 2626 3178 2681 panem
3195 2591 3545 2687 hune,'vivet

1890 2675 1953 2730 in
1993 2685 2281 2736 aeternum
2311 2683 2356 2717 ³⁵
2387 2698 2400 2748 ;
2438 2692 2498 2739 ιιι
2528 2696 2751 2746 recreet
2788 2675 2979 2753 modo
3014 2675 3416 2775 ineffabili,vetv

1893 2765 2014 2820 titia
2041 2767 2334 2836 spirituali
2382 2773 2610 2842 repleat
2638 2780 2928 2840 animam.
2957 2788 3152 2861 Inquit
3175 2765 3336 2852 enim
3372 2816 3386 2854 :
3413 2765 3544 2871 Ege

1893 2868 2020 2908 sum
2031 2857 2209 2922 panis
2227 2857 2362 2914 vitm
2379 2861 2446 2915 ³⁸.
2465 2862 2747 2923 Similiter
2759 2857 3226 2938 transformatse
3248 2886 3305 2939 in
3329 2857 3538 2957 potuin

1891 2942 2121 2997 “magis
2146 2949 2544 3019 scaturigiuis,
2575 2953 2728 3012 sicut
2759 2960 2878 3016 ait:
2923 2963 3200 3038 Quisquis
3229 2942 3544 3035 biberit";

1889 3045 2070 3101 aqua,
2103 3048 2282 3133 quam
2313 3051 2418 3106 ego
2447 3039 2501 3095 ei
2551 3042 2728 3109 dabo,
2765 3049 2865 3114 ﬁet
2891 3051 2951 3106 in
2983 3068 3046 3109 eo
3068 3057 3208 3124 fons
3238 3076 3410 3133 aqua
3447 3082 3542 3123 sa-

1891 3119 2091 3176 lientis
2113 3123 2174 3176 in
2202 3123 2382 3180 vitam
2405 3133 2692 3189 aeternam
2714 3135 2782 3186 ⁸⁷.
2813 3139 2878 3193 Et
2893 3119 3112 3204 omnes.
3139 3148 3242 3213 ait,
3271 3119 3538 3211 eumdem

1881 3212 2090 3278 potum
2112 3209 2360 3269 bibimus
2390 3216 2460 3268 ³⁸.

1863 3370 1871 3379 _
1961 3317 2092 3419 lim.
2109 3316 2203 3374 Sic
2225 3319 2474 3392 singulis
2500 3328 2724 3385 sanctis
2750 3333 3022 3392 Patribus
3041 3343 3345 3413 apparuit,
3362 3355 3540 3419 prout

1888 3403 2126 3461 volebat
2154 3412 2211 3462 et
2234 3409 2293 3464 in
2313 3425 2439 3467 rem
2465 3413 2803 3484 videbatur,
2862 3421 3032 3481 aliter
3058 3403 3343 3499 librante,
3364 3403 3539 3496 aliter

1887 3493 2076 3561 Isaac,
2132 3496 2302 3553 aliter
2349 3502 2552 3570 Jacob,
2609 3506 2780 3564 aliter
2832 3513 2974 3580 Noe,
3043 3518 3269 3588 Daniel,
3322 3493 3536 3599 'David‘,

1890 3582 2192 3651 Salomon,
2218 3587 2407 3655 Isaiae,
2432 3596 2488 3646 et
2507 3593 2829 3669 unicuique
2848 3611 3196 3665 sanctorum
3216 3582 3542 3686 prOpbeta:

1887 3687 2044 3727 rum.
2072 3672 2252 3728 Aliter
2278 3677 2435 3744 Elius,
2477 3683 2534 3734 et
2581 3682 2749 3740 aliter
2776 3689 2982 3760 Moysi.
3017 3696 3082 3750 Et
3107 3672 3262 3754 cerle
3292 3672 3537 3773 quidem

1887 3774 1998 3828 ego
2013 3765 2452 3831 statuo,Mosen,
2468 3783 2538 3823 eo
2553 3774 2818 3844 tempore
2834 3793 2955 3848 quo
2968 3785 3164 3839 eratin
3185 3787 3228 3856 ι
3241 3789 3292 3858 7
3313 3765 3538 3860 monte,

1885 3848 1945 3902 in
1971 3848 2201 3919 jejunio
2229 3853 2635 3925 quadraginta
2685 3861 2921 3922 dierum
2979 3848 3273 3942 spiritual-i
3315 3848 3539 3939 mensas

1885 3937 2225 4005 accessisse,
2277 3957 2348 3996 ac
2408 3943 2609 4000 multis
2657 3949 2885 4008 deliciis
2939 3937 3303 4020 ob'lectatum
3334 3967 3536 4027 fuisse.

1885 4027 2212 4099 Unicuique
2241 4028 2420 4099 igitur
2463 4042 2808 4095 sanctorum
2842 4048 2904 4099 ut
2931 4045 3118 4104 voluit
3147 4057 3445 4124 apparuit,
3477 4065 3542 4116 ut

1883 4113 2237 4172 refocillaret
2265 4134 2334 4174 ac
2356 4129 2616 4180 servaret
2640 4142 2762 4193 eos,
2787 4136 2843 4186 et
2891 4133 2950 4189 in
2980 4113 3405 4207 cogitationem
3437 4150 3536 4204 Dei

1883 4203 2220 4263 deduceret.
2257 4208 2471 4267 Omnia
2500 4213 2661 4270 enim
2686 4215 2880 4277 facilia
2911 4224 2964 4279 ei
2995 4203 3151 4293 sunt,
3185 4247 3321 4303 qua;
3349 4203 3535 4296 modo

1883 4292 2029 4359 vult,
2052 4299 2111 4350 et
2134 4297 2382 4368 quando
2412 4301 2464 4355 ei
2487 4301 2700 4370 placet,
2723 4309 2988 4380 seipsum
3013 4292 3379 4380 imminuens
3404 4343 3536 4384 cor-

1883 4395 2138 4452 poreum
2167 4385 2359 4442 reddit
2415 4404 2486 4444 ac
2545 4395 2954 4466 transformat,
2987 4411 3044 4460 et
3073 4412 3433 4482 conspicuus
3469 4417 3534 4474 lit

1885 4469 2271 4541 diligentibus
2302 4492 2461 4543 eum,
2496 4479 2558 4535 in
2606 4483 2910 4546 inaccessa
2941 4492 3130 4562 gloria
3157 4469 3402 4559 luminis
3436 4522 3450 4573 ;
3479 4512 3537 4563 et

1883 4567 2217 4631 apparetex
2239 4564 2540 4624 immensa
2561 4572 2920 4633 etinefl‘abili
2940 4581 3254 4645 dilectione
3283 4589 3377 4658 iis,
3429 4564 3533 4666 qui

1884 4647 2046 4718 digni
2060 4655 2540 4713 suntsecundum
2559 4664 2888 4730 potentiam
2905 4686 3098 4728 suam.
3116 4676 3332 4735 Anima
3349 4647 3529 4751 enijm,

1883 4752 2018 4808 qua:
2048 4738 2232 4809 digna
2262 4741 2369 4797 fuit
2400 4745 2606 4804 habita
2655 4751 2709 4805 iu
2741 4770 2983 4812 summo
3015 4739 3420 4831 desiderioset
3441 4738 3537 4828 ea:

1885 4829 2267 4896 spectatione,
2301 4836 2359 4886 et
2386 4833 2523 4898 ﬁde,
2570 4842 2627 4893 et
2654 4839 2985 4908 dilectione,
3019 4855 3078 4904 ut
3098 4829 3344 4925 recipiat
3369 4857 3529 4916 illam

1884 4929 1914 4968 e
1967 4916 2208 4972 sublimi
2263 4920 2556 4988 virtutem,
2613 4927 2914 4988 caelestem
2969 4916 3239 5008 Spiritus-
3271 4943 3532 5005 dilectio-

1886 5019 2044 5069 nem,
2064 5012 2120 5060 et
2139 5022 2271 5077 quas
2294 5010 2596 5069 cmlestem
2627 5017 2826 5085 ignem
2854 5029 3089 5081 internas
3111 5029 3239 5087 vitae
3257 5031 3367 5090 fuit
3386 5051 3538 5094 conn

1885 5101 2110 5159 secuta,
2137 5099 2303 5151 omni
2333 5097 2646 5159 dilectione
2675 5109 2984 5168 mundana
3012 5117 3352 5188 exsolvitur,
3379 5129 3436 5182 et
3455 5127 3534 5185 ab

1883 5184 2050 5236 omni
2077 5183 2315 5241 vinculo
2351 5189 2591 5247 malitias
2623 5193 2932 5254 liberatur.

1953 5287 2084 5342 XIV.
2105 5289 2631 5355 Quemadmodum
2646 5300 2808 5358 enim
2824 5303 3047 5366 ferrum
3063 5315 3168 5368 aut
3188 5313 3531 5387 plumbum,

1884 5380 1988 5431 aut
2005 5391 2242 5443 aurum,
2266 5387 2369 5437 aut
2399 5393 2715 5454 argentum
2739 5391 2796 5447 in
2820 5394 3024 5464 ignem
3049 5380 3340 5474 conjecta,
3368 5424 3404 5465 a
3426 5380 3536 5466 du:

1886 5464 2014 5520 ritie
2041 5469 2269 5524 natura
2295 5487 2419 5527 sum
2439 5473 2775 5551 solvuntur,
2827 5482 2888 5540 in
2923 5464 3240 5550 mollitiem
3272 5464 3538 5557 mutata:

1896 5608 1991 5668 23.
2067 5612 2114 5648 ³⁴
2146 5611 2169 5666 Ι
2219 5614 2350 5670 Cor.
2383 5632 2439 5684 ιι,
2473 5620 2526 5675 8.
2605 5621 2652 5659 ³⁵
2681 5621 2860 5685 Joan.
2897 5643 2978 5701 Vi,
3011 5634 3107 5694 35.
3182 5638 3232 5676 ³⁸
3259 5640 3408 5701 ibid.
3436 5646 3535 5702 38.

3200 5819 3265 5874 16
