4058 6194
522 308 635 369 183

1844 292 1911 359 s.
1949 290 2247 362 MAGARI!
2275 284 2622 360 Αεογρτιὶ

3792 308 3905 367 εει

531 439 589 491 et
601 436 830 507 quanto
849 432 1181 489 diustiusin
1197 431 1335 502 igne
1352 427 1591 492 fuerint,
1606 430 1772 483 tanto
1784 426 1978 498 magis
1990 427 2180 484 resol-

2295 425 2365 499 ἦγ’
2403 428 2524 480 ὅσον
2570 430 2619 480 ἓν
2664 435 2739 498 τῷ
2782 431 2911 502 πυρὶ
2942 429 3218 500 τυγχάνει,
3250 427 3425 482 λύεται
3476 435 3567 483 καὶ
3618 432 3901 491 ἠλλοίωται

531 524 686 580 vitur
710 530 765 579 et
793 523 1075 579 alteratur
1099 536 1309 577 eorum
1341 516 1629 575 naturalis
1652 515 1919 581 durities,
1944 523 2186 588 propter

534 611 792 668 calidam
819 611 975 682 ignis
998 610 1315 665 virtutem:
1376 606 1590 662 eodem
1623 603 1805 658 modo
1862 608 1920 658 et
1958 605 2179 674 anima,

532 716 666 773 quas
701 700 1015 770 abnegans
1072 698 1369 754 mundum
1403 694 1590 750 solius
1623 693 1857 748 Domini
1886 694 2186 749 desiderio

532 796 763 845 tenetur
792 790 853 844 in
912 803 1135 858 magna
1160 785 1352 842 animi
1381 782 1902 855 pervestigatione,
1942 789 2186 837 conten-

535 878 692 933 tione
714 894 782 934 ac
812 877 1019 933 labore
1053 893 1066 942 ;
1096 881 1272 947 atque
1333 872 1735 929 indesinenter
1766 872 1822 924 in
1855 885 1961 941 spe
1984 877 2042 926 et
2068 870 2187 926 fide

533 983 671 1021 eum
697 970 1039 1037 exspectat:
1091 978 1352 1036 qumque
1410 960 1709 1015 cmlestem
1767 960 1933 1014 illum
1984 961 2187 1028 ignem

533 1054 860 1110 divinitatis
904 1060 959 1109 et
1011 1052 1344 1107 dilectionis
1390 1049 1641 1119 Spiritus
1678 1054 2000 1103 consecuta
2050 1054 2135 1103 est
2170 1062 2183 1102 :

534 1148 661 1198 tum
686 1157 893 1197 revera
913 1141 1075 1197 omni
1101 1140 1413 1196 dilectione
1435 1137 1645 1192 mundi
1662 1136 2007 1202 exsolvitur,
2034 1142 2090 1192 et
2110 1136 2188 1192 ab

534 1233 698 1287 omni
729 1229 892 1285 mala
949 1227 1264 1285 affectione
1294 1226 1601 1290 liberatur,
1631 1233 1685 1280 et
1713 1225 1920 1281 omnia
1945 1225 2122 1295 longe
2152 1240 2190 1281 a

535 1334 599 1373 se
656 1318 908 1389 projicit,
953 1322 1133 1390 atque
1167 1315 1421 1372 naturali
1480 1330 1591 1369 suo
1622 1313 1832 1368 habitu
1860 1328 1929 1367 ac
1973 1312 2189 1369 duritie

535 1408 761 1479 peccati
785 1407 1054 1471 mutatis,
1070 1412 1283 1461 cratera
1301 1404 1508 1460 omnia
1529 1400 1833 1473 superﬂua
1853 1402 2035 1467 ducit,
2059 1402 2189 1457 solo

534 1496 757 1552 caelesti
790 1497 1045 1568 Sponso,
1072 1510 1253 1567 quem
1303 1492 1541 1564 recepit,
1583 1492 1964 1562 requiescens
1995 1492 2055 1546 in
2081 1490 2192 1546 fer-

545 1586 697 1641 venti
723 1591 779 1640 et
810 1583 1096 1641 ineffabili
1122 1584 1251 1654 ejus
1281 1582 1616 1638 dilectione.

615 1801 720 1855 XV.
752 1799 890 1855 Dico
939 1804 1137 1855 autem
1199 1795 1324 1861 tibi,
1381 1794 1545 1867 quod
1605 1794 1714 1849 hos
1768 1795 1883 1849 Deo
1940 1793 2190 1850 dilectos

538 1889 771 1953 fratres,
794 1903 949 1959 quos
978 1892 1115 1942 ante
1139 1885 1346 1941 oculos
1376 1884 1575 1948 habet,
1596 1883 1644 1937 si
1670 1883 2009 1938 subducant
2035 1900 2096 1939 se
2114 1883 2191 1939 ab

540 1978 641 2033 illa
670 1977 1007 2041 dilectione,
1064 1981 1127 2030 ut
1176 1975 1257 2029 ita
1286 1973 1508 2038 dicam,
1541 1972 1788 2043 rejiciat.
1829 1973 2007 2027 Illam
2034 1960 2189 2029 enim

542 2068 757 2123 animae
770 2066 889 2121 vita
901 2068 1055 2120 estet
1072 2065 1321 2134 requies,
1340 2062 1593 2132 mystica
1608 2076 1816 2130 nempe
1845 2067 1897 2116 et
1917 2062 2193 2131 ine/fabi-

542 2155 608 2211 lis
627 2156 799 2225 regni
815 2153 1062 2211 cretestis
1083 2151 1486 2221 partieipatio.
1506 2151 1559 2207 Si
1579 2150 1740 2205 enim
1759 2150 2013 2205 carnalis
2031 2167 2191 2206 com-

542 2245 844 2299 munionis
860 2242 1097 2297 dilectio
1117 2246 1355 2311 separat
1376 2256 1411 2295 a
1436 2247 1623 2311 patre,
1647 2239 1847 2303 fratre,
1875 2240 2186 2307 matribus,

537 2337 596 2387 et
621 2331 826 2387 omnia
852 2335 1135 2385 extranea
1174 2330 1322 2383 ﬁunt
1367 2329 1591 2392 animo,
1622 2334 1675 2381 et
1707 2328 1752 2381 si
1779 2327 1926 2398 quid
1975 2327 2186 2397 diligit,

539 2420 617 2476 ad
646 2419 894 2475 modum
917 2424 1297 2473 externorum
1347 2416 1567 2486 diligit:
1600 2431 1844 2471 omnem
1886 2432 2020 2471 vero
2051 2415 2190 2471 affe-

541 2508 802 2563 ctionem
828 2521 972 2575 erga
1002 2506 1321 2575 conjugem
1356 2519 1528 2559 suam
1588 2505 1830 2562 retinet:
1863 2506 2189 2574 Propterea

537 2600 713 2662 enim,
747 2597 959 2667 inquit,
983 2594 1277 2665 relinquet
1311 2594 1483 2650 homo
1515 2596 1746 2661 patrem
1764 2600 1817 2649 et
1843 2600 2186 2657 matrem,et

535 2684 859 2741 adhaerebit
889 2685 1076 2741 uxori
1127 2698 1269 2747 suae,
1330 2688 1382 2738 et
1415 2688 1592 2737 erunt
1617 2682 1683 2737 hi
1704 2682 1821 2736 duo
1851 2682 1913 2737 in
1944 2697 2186 2739 carnem

540 2789 720 2830 unam
740 2774 809 2826 ⁸³.
842 2772 899 2827 Si
926 2771 1105 2841 igitur
1120 2770 1356 2825 dilectio
1388 2770 1583 2825 carnis
1607 2769 1691 2824 sic
1714 2770 1791 2825 ab
1804 2772 2186 2826 omniamore

538 2862 733 2928 solvit,
766 2868 993 2933 quanto
1021 2862 1213 2929 magis
1246 2860 1303 2924 ii,
1337 2860 1439 2931 qui
1470 2858 1636 2928 digni
1658 2858 1844 2914 habiti
1877 2868 2017 2915 sunt
2050 2876 2187 2916 vera

536 2951 987 3023 participatione
1007 2950 1259 3020 Spiritus
1288 2948 1443 3003 illius
1471 2949 1681 3013 sancti,
1715 2948 1971 3003 cmlestis
1998 2965 2068 3004 ac
2092 2952 2186 3005 di-

534 3041 690 3103 lecti,
716 3040 794 3094 ab
821 3037 986 3093 omni
1005 3052 1211 3093 amore
1238 3036 1445 3092 mundi
1470 3036 1960 3107 expedientnr,‘e‘t
1983 3040 2186 3094 omnia

2290 523 2386 578 τῆς
2414 525 2644 588 φυσικῆς
2695 516 3068 589 σκληρότητος,
3104 514 3195 569 διὰ
3223 522 3317 575 τὴν
3346 525 3440 571 τοῦ
3491 524 3658 595 πυρός
3704 524 3907 598 θερμὴν

2294 601 2516 676 δύναμιν
2544 625 2557 637 ·
2590 607 2675 656 τὸν
2713 604 2868 656 αὐτόν
2919 612 3107 677 τρόπον
3156 607 3187 664 ἡ
3229 605 3385 677 ψυχὴ
3428 606 3758 682 ἀρνησαμένη
3810 614 3907 663 τόν

2294 697 2508 765 κόσμον,
2541 698 2631 745 καὶ
2672 696 2759 745 τὸν
2807 697 2997 768 Κύριον
3053 699 3205 767 μόνον
3256 697 3565 763 ποθήσασα,
3635 697 3683 750 ἐν
3734 699 3901 772 πολλῇ

2291 782 2475 854 ψυχῆς
2519 782 2761 847 ζητήσει,
2795 788 2885 834 καὶ
2932 788 3067 855 πόνῳ
3122 790 3211 835 καὶ
3271 783 3453 855 ἀγῶνι,
3488 791 3579 838 καὶ
3604 791 3696 845 τὴν
3739 808 3916 861 προσ-

2295 867 2478 923 δοκίαν
2509 868 2841 924 ἀδιάλειπτον
2869 877 3076 943 ἔχουσα
3106 877 3230 947 πρὸς
3271 873 3426 925 αὐτόν
3456 872 3609 927 ἕλπίδ
3616 896 3632 927 ι
3684 881 3774 929 καὶ
3822 881 3912 930 πί-

2296 979 2407 1013 στει
2436 978 2448 990 ο
2481 965 2570 1013 καὶ
2601 958 2853 1033 δεξαμένη
2879 964 3040 1014 ἐκεῖνο
3076 966 3137 1014 τό
3166 961 3472 1037 ἀπουράνιον
3520 972 3624 1038 πῦρ
3654 973 3743 1026 τῆς
3790 968 3911 1019 θεό-

2293 1068 2449 1112 τητος
2497 1054 2589 1102 καὶ
2624 1049 2834 1120 ἀγάπης
2878 1058 2971 1103 τοῦ
3026 1053 3318 1123 Πνεύματος
3347 1068 3359 1081 ·
3390 1058 3509 1104 τότε
3551 1053 3606 1116 ἐξ
3653 1052 3911 1118 ἀληθείας

2294 1141 2473 1199 πάσης
2529 1137 2731 1210 ἀγάπης
2804 1143 3010 1210 κόσμου
3053 1138 3252 1205 λύεται,
3335 1146 3426 1193 καὶ
3482 1143 3656 1203 πάσης
3710 1150 3914 1207 κακίας

2295 1229 2474 1279 παθῶν
2511 1226 2885 1299 ἑλευθεροῦται,
2917 1233 3007 1279 καί
3036 1230 3207 1280 πάντα
3259 1227 3403 1289 ἐκτὸς
3455 1238 3685 1283 ποιεῖται
3710 1233 3911 1303 αὐτῆς,

2296 1320 2385 1368 καὶ
2410 1314 2462 1378 ἕξ
2499 1316 2663 1378 αὐτῆς
2701 1324 2795 1377 τῆς
2818 1324 3044 1388 φυσικῆς
3081 1316 3232 1380 ἕξεως
3260 1323 3349 1369 καὶ
3397 1318 3755 1391 πληρότητος
3811 1330 3917 1384 τῆς

2296 1404 2559 1478 ἁμαρτίας
2633 1404 3027 1477 μεταϐάλλεται,
3099 1411 3188 1458 καὶ
3241 1408 3409 1459 πάντα
3454 1412 3688 1480 περισσά
3759 1415 3919 1483 ἠγεῖ-

2298 1513 2405 1560 ται,
2462 1498 2593 1567 πρὸς
2655 1500 2807 1565 μόνον
2856 1498 2942 1546 τόν
2995 1493 3298 1568 ἐπουράνιον
3371 1502 3607 1570 Νυμφίον
3677 1501 3732 1551 ὃν
3794 1496 3918 1554 ἑδέ-

2298 1583 2444 1649 ξατο,
2501 1588 2864 1656 ἀναπαυομένη
2891 1582 2941 1635 ἐν
2979 1590 3041 1656 τῇ
3085 1584 3277 1656 ζεουση
3338 1590 3433 1637 καὶ
3475 1585 3688 1662 ἀρρήτῳ
3738 1590 3917 1642 αὐτοῦ

2299 1672 2476 1744 ἀγάπη
2488 1714 2501 1727 .

2371 1779 2473 1834 IE’.
2528 1782 2678 1851 Λέγω
2725 1798 2811 1832 σοι
2856 1775 2933 1849 δὲ,
2990 1780 3068 1831 ὅτι
3123 1779 3314 1842 αὐτοὺς
3362 1786 3486 1844 τοὺς
3522 1786 3920 1857 περιποθήτους

2301 1866 2573 1941 ἀδελφοὺς,
2623 1869 2708 1930 ούς
2759 1871 2871 1940 ἔχει
2922 1872 3022 1942 πρὸ
3073 1866 3362 1941 ὀφθαλμῶν,
3427 1870 3511 1923 ἐὰν
3539 1870 3914 1944 ἐμποδίζωσιν

2300 1957 2389 2010 ἀπ’
2446 1957 2638 2019 ἐκείνης
2702 1965 2795 2019 τῆς
2846 1956 3077 2028 ἀγάπης,
3146 1961 3321 2032 ὥσπερ
3382 1960 3561 2025 εἰπεῖν,
3650 1960 3920 2037 ἀποστρε-

2302 2064 2477 2120 φεται·
2520 2049 2760 2100 Ἐκεῖνο
2798 2050 2921 2120 γὰρ
2959 2050 3147 2099 ἐστιν
3183 2048 3390 2111 αὐτῆς
3432 2049 3559 2109 ζωὴ
3600 2058 3715 2104 καὶ
3756 2050 3918 2105 ἀνά-

2301 2155 2558 2205 παυσις,
2590 2140 2621 2195 ἡ
2662 2143 2774 2189 τοῦ
2812 2136 3215 2208 ἐπουρανίου
3256 2136 3581 2210 βασιλέως
3618 2146 3917 2212 μυστικη

2300 2233 2408 2280 καὶ
2446 2228 2730 2302 οἰρῥητος
2766 2232 3097 2282 κοινωνία.
3130 2227 3190 2280 Εἰ
3218 2230 3320 2299 γὰρ
3361 2235 3614 2300 σαρκικῆς
3644 2238 3925 2303 κοινωνίας

2300 2319 2479 2390 ἀγάπη
2500 2318 2726 2390 χωρίζει
2746 2322 2958 2386 πατρὸς,
2983 2320 3202 2389 μητρὸς,
3228 2313 3481 2388 ἀδελφῶν,
3496 2322 3586 2369 καὶ
3609 2320 3783 2371 πάντα
3794 2318 3923 2382 ἔξω·

2303 2425 2423 2482 τερα
2452 2407 2617 2459 αὐτῶν
2642 2412 2877 2478 γίγνεται
2907 2408 2956 2457 ἓν
2986 2413 3057 2476 τῷ
3084 2413 3154 2475 νῷ
3172 2424 3184 2436 ·
3210 2412 3301 2457 καὶ
3332 2405 3374 2456 εἰ
3408 2404 3607 2477 ἀγαπᾱ,
3652 2408 3921 2481 ἐξωτέρως

2299 2498 2480 2569 ἀγαπᾷ
2500 2513 2512 2525 °
2545 2500 2637 2555 τήν
2665 2492 2721 2548 δε
2760 2492 3001 2548 διάθεσιν
3034 2494 3196 2546 αὐτοῦ
3222 2500 3397 2546 πᾶσαν
3442 2493 3509 2555 εἰς
3548 2500 3637 2553 τὴν
3669 2500 3920 2550 σύνοικον

2298 2586 2458 2639 αὐτοῦ
2479 2587 2951 2642 κίκτηταυἊντὶ
2989 2586 3223 2635 τούτου
3261 2585 3404 2654 γὰρ,
3441 2589 3591 2654 φησὶ,
3624 2586 3923 2639 καταλεί-

2295 2676 2403 2748 ψει
2428 2676 2753 2745 ἄνθρωπος
2781 2677 2888 2725 τόν
2919 2680 3179 2748 πατέρα,
3210 2676 3321 2724 καὶ
3350 2678 3465 2732 τὴν
3495 2678 3773 2748 μητέρα,
3806 2685 3929 2735 καὶ

2296 2762 2966 2839 προσκολληθήσεται
3005 2772 3076 2837 τῇ
3136 2770 3431 2833 γυναικὶ,
3478 2768 3591 2816 καὶ
3644 2766 3923 2819 ἔσονται

2297 2856 2354 2906 οἱ
2394 2852 2510 2906 δύο
2550 2854 2638 2917 εἰς
2681 2856 2891 2928 σάρκα
2919 2859 3065 2926 μίαν.
3108 2849 3279 2908 Ei.ch
3312 2859 3348 2912 "ii
3377 2860 3473 2915 τῆς
3502 2857 3694 2927 σαρκός
3721 2851 3915 2924 ἀγάπη

2295 2942 2431 2995 οὕτω
2455 2944 2565 2995 λύει
2592 2947 2768 3004 πάσης
2811 2943 3037 3015 ἀγάπης,
3072 2949 3222 3014 πόσῳ
3270 2942 3459 3014 μᾶλλον
3489 2944 3606 2993 ὅσοι
3645 2942 3919 3004 κατηξιώ-

2298 3034 2464 3092 θησαν
2495 3032 2689 3086 ἐκείνου
2713 3041 2804 3085 του
2834 3032 2986 3104 ἁγίου
3010 3035 3308 3104 Πνεύματος
3337 3041 3429 3084 τού
3470 3034 3785 3106 ἂπουρανίου
3818 3039 3917 3086 καὶ

534 3128 684 3200 ipsis
701 3126 1007 3198 superﬂua
1026 3125 1392 3181 vide‘buntUr
1412 3142 1427 3193 ;
1458 3140 1527 3180 eo
1544 3124 1939 3196 quod‘cmlesti
1954 3128 2183 3183 deside-

2296 3122 2572 3193 ἀγαπητοῦ
2596 3122 2649 3184 ἐξ
2672 3121 2917 3183 ἀληθείας
2952 3128 3287 3189 κοινωνῆσαι,
3322 3123 3495 3181 πάσης
3538 3122 3755 3193 ἀγάπης
3781 3132 3915 3174 κοσ-

537 3216 627 3272 rio
650 3215 782 3270 victi
813 3220 869 3269 et
894 3215 1090 3285 lapsui
1122 3214 1250 3283 ejus
1284 3214 1427 3268 uniti
1462 3204 1651 3268 sunt?
1680 3213 1797 3268 Illic
1829 3216 1986 3268 enim
2036 3216 2188 3270 desi-

534 3305 719 3369 deria,
749 3304 863 3359 illic
880 3303 1282 3371 cogitationes
1301 3317 1442 3356 suas
1463 3302 1794 3372 deponunt,
1820 3303 1936 3357 illic
1961 3305 2183 3367 vivunt,

533 3393 650 3447 illic
668 3391 1056 3459 cogitationes
1070 3403 1277 3444 eorum
1300 3390 1842 3457 oircumvagantur,
1872 3396 2049 3461 atque
2072 3391 2187 3446 illic

535 3495 705 3534 mens
719 3476 876 3532 assid
888 3492 957 3531 ue
971 3476 1151 3546 degit,
1168 3477 1375 3532 divino
1392 3491 1463 3532 ac
1492 3476 1717 3532 cwlesti
1744 3490 1949 3533 amore
1962 3480 2186 3534 etdesi-

531 3567 698 3624 derio
720 3565 1011 3638 spirituali
1043 3571 1344 3637 superata.

603 3790 733 3843 XVI.
765 3782 1048 3855 Tandem,
1082 3787 1277 3844 dilecti
1331 3788 1566 3855 fratres,
1625 3805 1764 3846 cum
1814 3796 1978 3847 tanta
2007 3791 2185 3847 nobis

530 3878 647 3934 sint
659 3878 862 3935 oblata
879 3878 1062 3947 bona,
1078 3884 1134 3933 et
1148 3880 1332 3934 tanta:
1350 3879 1785 3950 promissiones
1801 3880 1991 3946 facta,
2007 3882 2184 3951 agite,

531 3968 739 4024 omnia
770 3969 1199 4040 impedimenta
1231 3984 1265 4022 a
1303 3967 1479 4023 nobis
1532 3967 1898 4039 rejiciamus,
1942 3985 2185 4027 omnem

528 4073 798 4113 amorem
834 4057 1045 4111 mundi
1104 4072 1469 4123 aversemur,
1516 4064 1697 4128 atque
1722 4058 1860 4112 huic
1892 4058 2000 4114 soli
2022 4059 2185 4117 bono

529 4146 1032 4217 pervestigatione
1065 4150 1124 4198 et
1153 4144 1449 4200 desiderio
1482 4160 1592 4200 nos
1618 4146 1936 4211 dedamus,
1970 4153 2031 4203 ut
2045 4164 2184 4218 pos-

529 4234 716 4287 simus
742 4233 1059 4302 participes
1092 4232 1219 4285 ﬁeri
1252 4248 1486 4287 arcanae
1514 4232 1669 4287 illius
1700 4232 2033 4289 dilectionis
2058 4236 2184 4307 Spi-

527 4320 698 4383 ritus,
724 4320 1004 4388 adquam
1027 4320 1202 4373 divus
1229 4320 1445 4375 Paulus
1471 4335 1582 4374 nos
1598 4320 1949 4376 adhortatus
1981 4330 2087 4387 est,
2123 4328 2183 4378 ut

527 4408 967 4470 acceleremus;
1001 4408 1343 4471 Seetamini,
1376 4409 1670 4479 inquiens,
1702 4408 2073 4466 dilectionem
2100 4412 2177 4467 “'z

529 4502 593 4551 ut
614 4496 777 4563 digni
800 4495 1009 4550 haberi
1040 4496 1358 4566 possimus,
1379 4512 1636 4568 quorum
1658 4504 1917 4553 mutetur
1936 4499 2180 4557 durities

524 4600 631 4655 per
648 4586 918 4639 dextram
946 4583 1248 4655 Altissimi,
1273 4590 1333 4639 et
1354 4592 1414 4640 ut
1434 4587 1855 4657 perveniamus
1874 4588 1951 4642 ad
1980 4591 2177 4646 suavi-

524 4679 702 4729 tatem
716 4681 772 4728 et
801 4675 1066 4744 requiem
1086 4674 1479 4745 spiritualem,
1500 4691 1705 4731 amore
1725 4675 1908 4732 divini
1930 4678 2178 4751 Spiritus

524 4763 791 4818 sauciati.
824 4762 935 4833 18
968 4764 1254 4817 Dominus
1281 4766 1440 4818 enim
1460 4764 1647 4818 multa
1677 4762 1737 4818 in
1767 4764 2040 4821 homines
2070 4765 2176 4822 fer-

520 4856 614 4907 tur
648 4853 1035 4921 benignitate,
1067 4858 1121 4907 et
1155 4852 1366 4907 intima
1391 4852 1803 4907 misericordia
1829 4856 2107 4923 tangitur,
2129 4858 2176 4912 si

521 4939 766 5011 quando
788 4941 884 4995 toti
912 4956 1154 5011 prorsus
1172 4941 1245 4996 ad
1266 4957 1403 4996 eum
1427 4950 1866 5009 convertamur,
1894 4944 1971 4998 ab
1984 4948 2176 5002 omni-

516 5026 655 5093 bus,
689 5044 824 5098 quae
853 5032 1155 5084 contraria
1187 5034 1347 5095 sunt,
1382 5045 1491 5085 nos
1522 5032 1857 5102 eripientes.
1890 5035 2174 5097 Quamvis

518 5119 677 5172 Enim
704 5128 814 5171 nos
841 5134 944 5188 per
967 5135 1271 5173 summam
1302 5120 1730 5188 ignorantiam,
1759 5122 2075 5179 infantiam
2103 5140 2172 5180 ac

518 5206 903 5276 anticipalam
921 5206 993 5261 de
1009 5206 1593 5278 malitiaOpinionem
1607 5224 1947 5266 aversemur
1966 5227 2168 5270 veram

517 5294 723 5360 vitam,
748 5294 1273 5365 aciimpedimenta
1299 5295 1486 5351 multa
1503 5292 1680 5353 nobis
1697 5298 1813 5370 ipsi
1841 5306 2164 5372 ponamus,

514 5384 1084 5457 reverare‘sipiscere
1139 5385 1409 5441 nolentes
1442 5400 1455 5442 :
1490 5387 1619 5459 ipse
1644 5393 1850 5445 tamen
1910 5390 2165 5449 multum

512 5468 826 5529 miseretur
842 5472 1506 5547 ‘uosn‘i,‘longanimiter
1525 5477 1895 5552 e‘xsp‘e’c'ta‘ns,
1908 5483 2157 5555 quando

520 5646 529 5655 ’
583 5648 858 5725 so'uauh,
892 5640 1008 5729 χιί,
1056 5677 1121 5741 5;
1162 5674 1373 5744 Ephes.
1432 5693 1486 5742 v,
1521 5681 1611 5733 3t.
1694 5680 1788 5733 ’σοι
1827 5682 1955 5736 Cor.
1989 5699 2101 5752 xw,
2136 5692 2179 5740 l.

2293 3230 2394 3283 μου
2425 3211 2763 3277 λυθήσονται,
2792 3217 2878 3263 καὶ
2910 3213 3078 3263 πάντα
3096 3213 3327 3282 περισσά
3350 3210 3523 3271 αὐτοῖς
3538 3216 3811 3281 καταφανή
3824 3230 3911 3264 σε·

2290 3310 2401 3364 ται,
2426 3308 2502 3370 τῷ
2519 3302 2822 3358 νενικῆσθαι
2843 3300 3032 3360 αὐτοὺς
3047 3307 3121 3369 τῷ
3138 3301 3362 3372 οὐρανίῳ
3382 3300 3547 3371 πόθῳ,
3570 3304 3660 3350 καὶ
3680 3299 3745 3371 τῇ
3767 3306 3917 3351 «rei.

2290 3398 2375 3440 σει
2400 3388 2560 3441 αὐτοῦ
2590 3390 2826 3446 ἡνῶσθαι
2857 3387 2868 3441 !
2902 3389 3037 3441 Ἐκεῖ
3065 3390 3167 3461 γάρ
3209 3388 3575 3452 ἐπιποθοῦσιν,
3612 3390 3718 3440 εκεῖ
3755 3387 3911 3460 λογί-

2294 3476 2491 3543 ζονται,
2522 3480 2631 3529 ἱκεῖ
2650 3478 2839 3544 ζῶσιν,
2875 3476 2979 3531 ἐκεῖ
3006 3479 3055 3530 οἰ
3092 3476 3337 3549 λογισμοὶ
3373 3478 3542 3529 αὐτῶν
3580 3487 3912 3551 περιπατοῦ-

2290 3576 2399 3631 σιν,
2430 3566 2540 3618 ἂκδεί
2575 3567 2601 3617 ὀ
2629 3574 2749 3629 νσῠς
2776 3570 2994 3619 πάντοτε
3016 3570 3125 3626 την
3153 3563 3434 3642 διατριῶ
3462 3568 3595 3639 ἔχει,
3626 3571 3912 3639 νενικημέ-

2289 3668 2374 3716 νος
2396 3662 2473 3716 τῷ
2494 3657 2622 3727 θείῳ
2659 3660 2745 3708 καὶ
2776 3655 2999 3728 οὐρανίῳ
3024 3658 3203 3730 ἔρωτι,
3237 3660 3329 3708 καὶ
3354 3658 3500 3727 πόθῳ
3538 3664 3908 3728 πνευματικῷ.

2356 3766 2489 3847 ig".
2540 3774 2612 3825 Τὸ
2667 3769 2868 3835 λοιπόν,
2931 3769 2971 3823 ὦ
3037 3770 3304 3845 ἀγαπητοὶ
3353 3768 3589 3845 ἀδελφοὶ,
3648 3775 3908 3825 τοιούτων

2296 3871 2503 3943 ἀγάθῶν
2543 3875 2908 3945 προκειμένων,
2955 3874 3045 3921 καὶ
3092 3873 3355 3923 τοσούτων
3401 3869 3717 3942 επαγγελιῶν
3764 3871 3904 3943 ἡμῖν

2291 3947 2393 4013 υπὸ
2450 3968 2541 4013 τοῦ
2611 3964 2805 4033 Κυρίου
2858 3959 3268 4032 ἐπηγγελμένων,
3326 3960 3496 4012 πάντα
3551 3962 3619 4012 τά
3663 3956 3912 4031 ἐμπόδια

2294 4040 2377 4122 ἀφ’
2417 4048 2609 4102 ἑαυτῶν
2655 4047 3043 4123 ἀπορρίψωμεν,
3099 4053 3189 4101 καὶ
3220 4054 3394 4102 πᾶσαν
3424 4046 3632 4121 ἀγάπην
3685 4054 3777 4100 τοῦ
3809 4054 3908 4101 κό-

2294 4157 2429 4211 σμου
2473 4125 2905 4214 ἀποπραγὼμεν,
2952 4142 3042 4190 καὶ
3092 4142 3225 4211 πρὸς
3270 4138 3433 4191 ἐκεῖνο
3487 4144 3641 4210 μόνον
3667 4140 3725 4190 τὸ
3756 4138 3905 4209 ἄγα-

2292 4214 2465 4300 θόντῇ
2500 4230 2737 4292 ζητήσει,
2794 4233 2884 4279 καὶ
2936 4234 3006 4298 τῷ
3053 4229 3199 4299 πόθῳ
3251 4227 3464 4289 ἑαυτοὺς
3503 4224 3756 4300 ἕκδῶμεν,
3817 4230 3907 4280 ἶνα

2291 4312 2592 4387 δυνηθῶμεν
2640 4324 2823 4390 τυχεῖν
2864 4319 3061 4378 εκείνης
3117 4324 3211 4377 τῆς
3267 4315 3494 4392 ἀρρήτου
3552 4314 3761 4388 ἀγάπης
3802 4324 3905 4370 τοῦ

2292 4407 2609 4478 Πνεύματος,
2650 4411 2769 4479 περὶ
2823 4406 2889 4468 ἧς
2946 4407 2971 4457 ὁ
3028 4408 3285 4479 μακάριος
3367 4404 3570 4467 Παῦλος
3629 4409 3906 4480 παρῄνεσε

2290 4486 2535 4546 σπεύδειν
2556 4494 3255 4567 ἡμᾶςπρόςαύτὴν,λίγωνο
3282 4499 3556 4548 Διὼκετε
3593 4499 3706 4553 τὴν
3747 4493 3910 4567 ἀγά-

2288 4590 2445 4642 πην·
2476 4584 2561 4635 ἵνα
2606 4579 2909 4657 δυνηθῶμεν
2957 4584 3015 4636 ἐκ
3064 4593 3159 4645 τῆς
3191 4583 3546 4657 σκληρότητος
3602 4585 3747 4655 ἡμῶν
3802 4592 3908 4647 τῆς

2289 4662 2609 4734 ἀλλοιώσεως
2652 4679 2741 4733 τῆς
2798 4670 2970 4736 δεξιᾶς
3015 4681 3105 4726 τοῦ
3156 4672 3411 4744 ’Υψίστου
3471 4671 3902 4738 καταξιωθῆναι,

2286 4756 2377 4814 καὶ
2460 4762 2529 4824 εἰς
2609 4763 2907 4835 ἡμερότητα
2978 4767 3065 4814 καὶ
3152 4760 3446 4815 ἀνάπαυσιν
3534 4767 3905 4833 πνευματικὴν

2286 4844 2464 4918 nam,
2510 4854 2661 4927 ἱρωτι
2711 4840 2849 4904 θείου
2884 4854 3180 4923 Πνεύματος
3209 4852 3510 4923 τρωθέντες.
3542 4850 3600 4902 Ὀ
3637 4853 3740 4922 γὰρ
3792 4856 3909 4904 Κύ-

2282 4954 2393 5015 ριος
2449 4941 2578 4993 πολύ
2649 4941 3127 5016 φιλανθρωπεύεται
3184 4941 3695 5013 σπλαγχνιζομενος,
3768 4946 3905 4993 πότε

2283 5031 2674 5107 ἓπιστρέψωμεν
2730 5032 2839 5085 ὅλοι
2885 5031 2937 5095 ἐξ
2984 5034 3101 5085 όλου
3152 5036 3277 5105 πρὸς
3331 5032 3504 5097 αὑτὸν,
3561 5032 3768 5082 πάντων
3797 5039 3903 5083 τῶν

2282 5120 2519 5174 ἐναντίων
2576 5121 2788 5185 ἑαυτοὺς
2842 5120 3147 5196 ἐξαίροντες.
3209 5122 3269 5175 Εἰ
3312 5123 3414 5197 γὰρ
3446 5125 3536 5173 καὶ
3591 5121 3742 5192 ἡμεῖς
3800 5116 3903 5173 διὰ

2280 5210 2471 5270 πολλὴν
2517 5211 2775 5284 ἀγνωσίαν
2804 5216 2893 5263 καὶ
2940 5216 3234 5270 νηπιότητα
3276 5214 3367 5263 καὶ
3396 5209 3658 5284 πρόληψιν
3706 5213 3903 5271 κακίας

2280 5299 2707 5377 ἀποστρεφόμεθα
2757 5305 2852 5359 τὴν
2922 5304 3081 5366 ζωήν,
3140 5305 3231 5354 καὶ
3293 5296 3526 5373 ἇμπόδια
3582 5297 3747 5351 πολλὰ
3816 5305 3902 5352 τί·

2279 5389 2424 5464 θεμεν
2462 5386 2690 5455 ἶαυτοῑς,
2737 5395 2809 5465 μὴ
2844 5384 3152 5466 βουλόμενοι
3203 5388 3258 5454 ἐξ
3290 5388 3535 5452 ἀληθείας
3583 5393 3848 5461 μετανοεῖν
3882 5424 3900 5445 ,

2275 5474 2383 5536 ἀλλ’
2442 5476 2596 5545 αὐτὸς
2654 5474 2787 5537 πολὺ
2869 5481 3297 5557 σπλαγχνίζεται
3349 5478 3424 5555 ἕν’
3488 5479 3629 5553 ἡμᾶς
3694 5494 3903 5551 paxpe-
