4058 6194
159 304 267 366 ‘83

1443 300 1778 365 nonum.
1830 309 1890 351 μ
1930 261 2105 367 non.
2147 299 2238 367 ιν.

3414 306 3522 380 ists

163 437 356 507 θυμῶν,
416 439 541 489 πότε
593 435 997 508 ἐπιστρέψαντες
1023 434 1386 508 προσέλθωμεν
1425 436 1556 507 πρὸς
1585 432 1755 499 αὐτὸν,

1881 435 2140 490 conversi
2169 435 2532 492 accedamus
2582 437 2659 493 ad
2687 454 2847 505 eum,
2903 445 2960 497 et
2987 443 3191 514 quoad
3219 443 3519 502 internum

161 530 246 576 xui
301 528 388 576 τὸν
453 528 556 577 ἔσω
616 527 761 596 ἡμῶν
818 527 1087 598 οἰνθρωπον
1143 524 1501 595 φωτισθῶμεν,
1553 524 1640 572 ’ἱνα
1686 525 1756 592 μὴ

159 614 600 683 καταισχυνθῶσι
631 615 698 664 τὰ
725 617 985 686 πρόσωπα
1007 614 1154 684 ἡμῶν
1180 611 1229 663 ἐν
1255 613 1422 685 ἡμέρᾳ
1445 616 1686 683 κρίσεως.

225 718 324 772 IZ’.
357 718 420 771 Εἰ
450 714 508 770 δε
536 723 623 770 καὶ
654 715 912 771 δύσκολον
959 721 1084 790 ἡμῖν
1119 721 1490 789 καταφαίνεταί
1527 712 1562 768 δ
1566 718 1620 767 ιὰ
1666 719 1758 773 τὴν

162 806 390 880 σκληρὰν
423 812 513 867 τὴς
556 806 744 880 ἀρετῆς
772 809 1026 876 ἄσκησιν,
1057 805 1248 878 μᾶλλον
1282 803 1340 858 δὲ
1376 802 1470 858 διὰ
1507 809 1600 863 τὴν
1636 806 1759 856 ὑπό-

160 897 298 947 θεσιν
344 901 435 947 xui
501 895 823 968 συμϐουλίαν
880 904 970 949 τοῦ
1012 895 1382 968 ἀντικειμένου,
1437 891 1553 946 ἰδού
1604 893 1760 953 αὐτὸς

162 985 580 1055 σπλαγχνίζεται
663 991 754 1036 καὶ
836 981 1168 1058 μακροθυμεῖ
1251 979 1597 1054 ἐκδεχόμενος
1665 985 1759 1039 τὴν

160 1075 409 1148 ἡμετέραν
499 1073 839 1146 ἐπιστροφὴν,
930 1078 1021 1125 καὶ
1135 1073 1531 1146 ἁμαρτανόντων
1613 1072 1759 1142 ημῶν

162 1159 419 1232 ἀνέχεται,
491 1161 753 1232 ἀναμένων
812 1166 904 1219 τήν
967 1163 1239 1233 μετάνοιαν
1299 1163 1468 1232 ἡμῶν,
1531 1164 1621 1211 καὶ
1676 1164 1760 1211 πί-

161 1268 380 1311 πτοντας
441 1253 584 1322 ἡμᾶς
661 1250 756 1302 ούκ
791 1252 1184 1322 ’ἐπαισχύνεται
1251 1249 1404 1301 πάλιν
1479 1245 1756 1320 δέχεσθαι,

157 1342 322 1399 καθὼς
343 1336 478 1392 εἶπιν
509 1341 535 1390 ό
560 1345 841 1412 Προφήτης
865 1356 878 1368 ·
907 1345 998 1397 Μή
1033 1341 1058 1390 ό
1083 1344 1330 1391 πίπτων
1361 1339 1473 1391 οὐκ
1502 1338 1758 1392 ἀνίστα-

154 1447 278 1494 ται,
307 1432 339 1486 ἧ
370 1427 790 1502 ἀποστρέφων
829 1429 939 1480 οὐκ
968 1431 1341 1503 ἐπιστρέφει
1367 1447 1380 1495 ς
1426 1433 1591 1480 Μόνον
1615 1431 1761 1500 ἡμεῖς

155 1513 495 1588 διανηψωμεν
528 1519 722 1568 ἔννοιαν
763 1516 964 1588 ἀγαθὴν
1003 1519 1343 1589 κτησάμενοι,
1388 1535 1478 1569 και
1526 1516 1759 1590 ἐπιστρέ-

153 1605 326 1676 ψωμεν
403 1606 583 1666 εὐθέως
652 1612 745 1657 καὶ
819 1606 1006 1680 ὀρθῶς,
1086 1604 1333 1678 βοήθειαν
1421 1605 1543 1679 παρ’
1602 1606 1762 1659 αὐτοῦ

152 1696 524 1754 ἓπισητοῦντες
550 1711 565 1724 ⁸
620 1699 712 1746 καὶ
766 1694 915 1754 αύτός
954 1693 1067 1746 ἐστι
1120 1702 1291 1746 σῶσαι
1331 1695 1468 1765 ἡμᾶς
1513 1695 1712 1767 ἕτοιμος
1744 1711 1758 1725 ⁶

1872 528 2143 578 nostrum
2169 523 2477 580 hominem
2509 525 2935 592 illuminemur,
2967 546 3041 587 ne
3070 531 3522 590 confundantur

1873 611 2050 666 facies
2081 619 2300 667 nostrae
2334 615 2392 666 in
2424 613 2521 669 die
2549 615 2772 680 iudicii.

1941 717 2099 772 XVII.
2155 718 2324 783 Quod
2381 719 2428 773 si
2471 719 2709 775 difﬁcile
2757 737 2827 777 ac
2878 724 3195 782 molestum
3253 729 3428 788 nobis
3458 731 3520 788 id

1873 805 2121 869 videtur,
2178 813 2421 877 propter
2463 807 2676 863 duram
2726 812 2951 866 virtutis
3005 817 3515 887 exercitationem,

1873 895 2066 964 magis
2095 910 2233 950 vero
2259 902 2499 967 propter
2528 899 2973 967 suggestionem
3002 917 3071 957 ac
3102 906 3414 963 consilium
3436 909 3517 965 ad

1870 983 2118 1038 versarii
2140 998 2154 1048 ;
2183 983 2576 1039 nihilominus
2594 987 2720 1056 ipse
2738 1003 2976 1044 summa
2997 995 3517 1053 commiseratione

1870 1076 2069 1125 motus
2097 1071 2212 1125 leni
2241 1079 2296 1125 et
2347 1073 2590 1142 patienti
2625 1074 2829 1130 animo
2875 1083 2984 1145 est,
3029 1085 3384 1150 exspectans
3415 1100 3520 1140 no-

1871 1167 2056 1214 stram
2087 1161 2564 1224 conversionem,
2589 1168 2768 1234 atque
2794 1172 3112 1235 peccantes
3145 1183 3255 1224 nos
3288 1171 3518 1242 tolerat,

1871 1263 1941 1302 ac
1967 1255 2234 1304 nostram
2288 1249 2697 1319 paenitentiam
2747 1252 3067 1320 desiderat,
3091 1262 3149 1312 et
3175 1256 3380 1330 lapsos
3410 1275 3520 1317 nos

1871 1337 2131 1406 recipere
2151 1352 2267 1391 non
2292 1337 2605 1403 erubescit,
2635 1339 3198 1413 utdixitpropheta:
3227 1345 3524 1419 Nunquid

1871 1427 1974 1496 qui
1998 1425 2178 1490 cadit,
2198 1440 2316 1480 non
2336 1429 2614 1496 resurgit,
2641 1435 2744 1483 aut
2773 1430 2876 1500 qui
2894 1445 3137 1487 aversus
3163 1441 3268 1498 est,
3291 1451 3409 1491 non
3433 1453 3522 1494 re-

1873 1513 2126 1570 vertitur
2141 1514 2208 1567 “.
2231 1514 2400 1568 Modo
2426 1529 2538 1569 nos
2556 1515 2718 1570 bono
2737 1517 2915 1573 corde
2943 1521 3198 1589 praediti,
3216 1523 3276 1576 in
3299 1524 3521 1581 sobrie-

1873 1608 1988 1658 tate
2003 1603 2294 1667 vivamus,
2314 1610 2370 1657 et
2395 1604 2590 1658 statim
2609 1621 2678 1659 ac
2697 1621 2830 1661 vere
2853 1607 3173 1678 implorato
3201 1611 3332 1681 ejus
3355 1616 3520 1668 auxi-

1872 1690 1952 1746 lio
1981 1699 2439 1748 convertamur:
2476 1695 2963 1764 promptissimus
2999 1713 3138 1753 vero
3168 1706 3260 1755 est
3286 1700 3413 1772 ipse
3439 1702 3517 1758 ad

152 1779 436 1853 ἐκδέχεται
483 1784 586 1853 γὰρ
644 1790 736 1834 τοῦ
781 1782 1066 1854 θελήματος
1111 1783 1256 1855 ἡμῶν
1303 1788 1398 1841 τὴν
1436 1787 1567 1856 πρὸς
1609 1785 1764 1836 αὐτὸν

1881 1785 2140 1835 nostram
2164 1781 2437 1836 salutem.
2460 1781 2856 1853 Excipitenim
2880 1783 3166 1842 benevole
3191 1787 3520 1846 ferventem

155 1873 378 1932 ζέουσαν
420 1875 607 1945 ὁρμὴν,
668 1874 789 1923 ὅσον
842 1874 1030 1944 ἔχομεν
1071 1868 1339 1944 δυνάμεως
1367 1890 1380 1902 ·
1440 1877 1532 1925 καὶ
1570 1878 1662 1932 τὸν
1711 1873 1765 1925 ίκ

152 1966 506 2034 προαιρέσεως
561 1958 765 2030 ἀγαθὴν
817 1968 996 2013 πίστιν
1043 1966 1132 2013 καὶ
1184 1964 1498 2034 προθυμίαν,
1557 1967 1651 2020 τὴν
1705 1959 1764 2016 δὲ

151 2053 484 2121 κατόρθωσιν
538 2055 714 2102 πᾶσαν
745 2050 899 2112 αὐτὸς
958 2050 1007 2101 ἐν
1055 2053 1180 2122 ἡμῖν
1239 2049 1542 2124 ἐργάζεται.
1602 2059 1762 2104 Σπουο

154 2135 404 2209 δασωμεν
444 2142 637 2204 τοίνυν,
688 2138 974 2209 ἀγαπητοὶ,
1007 2142 1072 2200 ὡς
1113 2142 1266 2190 τέκνα
1295 2143 1445 2209 Θεοῦ,
1490 2137 1762 2192 ἀποδυσά-

152 2246 298 2298 μενοι
354 2233 534 2278 πᾶσαν
593 2225 854 2299 πρόληψιν
906 2233 996 2279 xui
1042 2225 1278 2298 ἀμέλειαν
1330 2233 1418 2280 καὶ
1467 2231 1760 2299 χαύνωσιν,

150 2324 378 2386 γενναῖοι
444 2321 535 2367 καὶ
609 2315 810 2384 ἕτοιμοι
873 2318 1115 2388 γενέσθαι
1195 2316 1492 2383 ἀκολουθεῖν
1590 2317 1761 2370 ὀπίσω

150 2407 335 2468 αὐτοῦ,
388 2411 460 2476 μὴ
519 2403 849 2476 ἀναϐάλωμεν
919 2407 1114 2479 ἡμέραν
1163 2404 1216 2467 ἐξ
1270 2407 1466 2478 ἡμέρας
1525 2407 1625 2458 ὑπὸ
1672 2415 1763 2468 τῆς

149 2501 338 2555 κακίας
377 2493 816 2566 ὑποκλεπτόμενοι
849 2511 861 2523 ⁸
903 2494 962 2546 ού
1010 2497 1111 2567 γὰρ
1160 2491 1396 2566 οἴδαμεν,
1451 2502 1575 2547 πότε
1600 2498 1629 2554 ἠ
1659 2495 1762 2548 ἀπὸ

156 2593 249 2645 τῆς
325 2587 524 2656 σαρκὸς
605 2585 751 2655 ἡμῶν
829 2580 1004 2646 ἔξοδος
1067 2590 1285 2654 γίνεται.
1363 2584 1600 2655 Μεγάλαι
1662 2586 1761 2658 γὰρ

152 2680 240 2724 xui
298 2672 524 2747 ἄρρητοί
581 2672 713 2724 εἰσιν
783 2675 838 2724 αἱ
891 2681 992 2724 τῶν
1060 2680 1390 2747 Χριστιανῶν
1440 2674 1760 2744 ἐπαγγελίαι,

154 2770 430 2825 τοσούτου,
473 2763 556 2813 ὃτι
606 2767 732 2832 μιᾶς
782 2761 968 2832 ψυχῆς
1021 2767 1201 2814 πίστιν
1253 2768 1342 2814 καὶ
1399 2761 1618 2814 πλοῦτον
1672 2761 1764 2814 οὐκ

156 2851 400 2921 ἐναλειγεί
447 2855 602 2902 πᾶσα
645 2852 674 2908 ἡ
727 2847 860 2912 δόξα
906 2870 996 2902 και
1037 2855 1094 2903 τό
1149 2850 1334 2913 κάλλος
1380 2859 1472 2902 τοῦ
1543 2850 1764 2922 ούρανοῦ

155 2947 244 2994 καὶ
287 2948 390 3002 τῆς
424 2948 548 3011 γῆς,
605 2946 694 2992 xui
736 2941 766 2997 ἡ
822 2941 974 2998 λοιπὴ
1025 2936 1387 3012 διακόσμησίς
1429 2957 1483 2992 τε
1529 2945 1618 2992 καὶ
1655 2959 1767 2992 ποι-

154 3031 318 3095 κιλία,
371 3036 464 3082 xui
514 3027 736 3091 πλοῦτος
800 3037 888 3081 xui
944 3032 1224 3102 ὡραιότης,
1282 3035 1372 3082 xui
1429 3034 1598 3103 τρυφὴ
1666 3037 1766 3080 τῶν

154 3121 452 3192 δρωμένωνο
1801 3142 1840 3197 c

223 3333 337 3387 Iﬂ'.
399 3339 522 3394 Πῶς
576 3337 750 3384 τοίνυν
825 3330 886 3384 ού
962 3329 1240 3402 θελησομεν
1304 3333 1586 3394 τοσαύταις
1636 3348 1768 3403 προ-

157 3430 381 3491 τροπαῖς
425 3427 516 3474 καὶ
577 3420 905 3492 ἐπαγγελίαις
959 3428 1051 3472 τού
1102 3424 1319 3492 Κυρίου,
1375 3420 1483 3472 ὅλοι
1539 3420 1590 3482 ἐξ
1649 3420 1766 3473 ὅλου

159 3512 487 3586 προσελθεῖν,
535 3515 625 3563 καὶ
684 3506 928 3568 ἐκδότους
975 3509 1192 3569 ἑαυτούς
1228 3509 1368 3579 αύτῷ
1405 3517 1765 3572 καταστῆσαι,

160 3601 536 3673 ἀρντσοίμενοι,
589 3602 724 3651 κατὰ
771 3602 830 3650 τὸ
869 3598 1203 3670 Εὐαγγέλιον,
1253 3601 1384 3669 μετά
1439 3601 1643 3650 πάντων
1675 3603 1767 3650 xui

158 3697 246 3748 τήν
277 3691 485 3742 ἑαυτῶν
532 3689 738 3760 ψυχὴν,
779 3693 870 3739 καὶ
917 3694 1069 3759 μόνον
1121 3687 1278 3739 αὐτόν
1334 3688 1628 3758 ἀγαπῆσαι,
1678 3693 1767 3739 καὶ

163 3784 252 3832 σὺν
483 3777 605 3828 ἄλλο
658 3773 847 3842 ούδένς
894 3775 1033 3828 Ἀλλ’
1083 3773 1202 3827 ἰδού
1257 3781 1347 3828 καὶ
1381 3784 1548 3828 ταῦτα
1579 3795 1767 3846 παντα,

161 3884 246 3930 καὶ
291 3895 438 3933 πόση
474 3872 608 3937 δόξα
665 3871 823 3930 ἐδόθη
860 3889 874 3939 ;
905 3878 1068 3925 πόσαι
1097 3875 1389 3945 οἰκονομίαι
1437 3881 1528 3926 τοῦ
1572 3879 1766 3948 Κυρίου

165 3965 260 4018 ἀπὸ
318 3973 425 4017 τῶν
477 3969 719 4036 Πατίρων
773 3967 860 4014 καὶ
910 3971 1185 4037 προφητῶν
1224 3979 1474 4034 γεγόνασι
1531 3979 1546 4030 ;
1603 3970 1767 4014 πόσαι

165 4055 475 4127 ἐπαγγελίαι
526 4052 923 4124 ἐπηγγέλθησαν
979 4067 993 4116 ;
1047 4056 1136 4103 xui
1183 4057 1348 4103 πόσαι
1397 4057 1692 4126 προτροπαί
1752 4067 1766 4117 ;

165 4151 301 4201 πόση
369 4143 732 4213 εὐσπλαγχνία
789 4149 879 4193 τού
918 4147 1178 4193 Δεσπότου
1230 4140 1282 4203 ἐξ
1315 4141 1491 4214 ἀρχῆς
1531 4140 1604 4212 ἐφ’
1636 4143 1770 4212 ἡμᾶς

164 4240 420 4304 γέγονεν;
465 4235 694 4302 ἔσχατον
739 4227 818 4297 δε,
870 4236 956 4282 xui
1009 4227 1102 4282 διὰ
1144 4238 1241 4291 τῆς
1298 4227 1437 4290 ἰδίας
1481 4227 1771 4302 ἐπιδημίας

166 4340 256 4379 την
309 4319 538 4394 ἄρρητον
576 4327 921 4392 χρηστότητα
972 4317 1045 4385 ἐφ’
1091 4320 1224 4390 ἡμᾶς
1268 4315 1362 4370 διὰ
1392 4327 1489 4380 τῆς
1542 4325 1772 4394 σταυρώ-

171 4430 301 4472 σεως
360 4407 681 4472 ἐπεδείξατο,
733 4410 816 4460 ἱνα
856 4410 992 4480 ἡμᾶς
1050 4408 1121 4467 εἰς
1169 4408 1308 4467 ζωὴν
1361 4406 1772 4481 ἐπιστρέψαντας

1873 1868 2194 1924 voluntatis
2212 1875 2431 1924 nostra;
2453 1870 2530 1924 ad
2546 1869 2600 1924 ill
2613 1887 2733 1936 um,
2751 1878 3050 1941 quantum
3071 1873 3133 1930 in
3154 1877 3372 1932 nostris
3385 1878 3522 1934 viri-

1871 1957 1988 2013 bus
2009 1963 2115 2022 est,
2143 1959 2455 2028 impetum,
2472 1966 2527 2013 et
2547 1958 2775 2015 bonam
2802 1961 2983 2017 ﬁdem
3001 1978 3071 2018 ac
3099 1966 3518 2036 promptitudi-

1872 2061 2010 2101 nem
2023 2062 2096 2101 ex
2119 2047 2420 2102 voluntate
2436 2053 2637 2102 nostra
2660 2056 3005 2106 manantem
3041 2067 3054 2106 :
3085 2054 3517 2111 correctionem

1873 2151 2012 2190 vero
2038 2150 2282 2190 omnem
2333 2135 2462 2205 ipse
2509 2137 2569 2189 in
2600 2135 2775 2191 nobis
2818 2146 3118 2208 operatur.
3152 2141 3519 2200 lndustriam

1870 2224 2049 2292 igitur
2078 2223 2497 2288 adhibeamus,
2529 2240 2564 2280 o
2595 2224 2812 2292 dilecti,
2855 2231 3148 2299 tanquam
3176 2228 3277 2286 ﬁlii
3302 2233 3421 2298 Dei,
3458 2238 3523 2288 ut

1849 2329 2110 2389 pmnem
2143 2313 2616 2384 occupationem,
2652 2314 3076 2384 negligentiam
3117 2334 3187 2373 ac
3217 2320 3521 2391 pigritiam

1869 2407 2170 2464 exuentes,
2206 2401 2434 2456 alacres
2488 2417 2558 2456 ac
2591 2403 2854 2473 prorupti
2897 2403 3118 2460 ﬁamus
3152 2408 3229 2462 ad
3257 2424 3396 2465 eum
3418 2425 3518 2465 se-

1871 2490 2176 2560 quendum
2206 2505 2220 2555 ;
2250 2506 2324 2545 ne
2347 2489 2422 2544 de
2451 2489 2546 2545 die
2599 2491 2660 2545 in
2700 2490 2858 2546 diem
2889 2508 3016 2548 rem
3048 2494 3419 2564 differamus,
3451 2514 3522 2554 ac

1872 2595 1910 2635 a
1937 2579 2162 2634 malitia
2181 2578 2641 2650 praeveniamur.
2675 2581 2983 2636 Nescimus
3003 2583 3187 2653 enim,
3222 2601 3346 2657 qua
3371 2587 3524 2642 hora

1872 2669 2058 2724 exitus
2105 2684 2137 2722 e
2189 2683 2370 2722 carne
2423 2667 2498 2723 sit
2526 2668 2778 2724 futurus.
2840 2672 3064 2740 Magnae
3116 2674 3276 2730 enim
3308 2681 3527 2732 suntet

1872 2755 2208 2812 ineffabiles
2230 2756 2579 2812 Christianis
2625 2755 2796 2812 factae
2831 2760 3281 2829 promissiones,
3308 2765 3370 2819 in
3395 2771 3526 2821 tan-

1875 2853 1997 2902 tum
2022 2846 2288 2916 quidem,
2315 2851 2532 2900 utcum
2561 2849 2737 2900 unius
2762 2848 2982 2904 animas
3034 2849 3153 2906 ﬁde
3178 2867 3250 2907 ac
3301 2853 3525 2910 divitiis

1875 2934 2104 2990 nullam
2118 2935 2366 2988 omnino
2386 2935 2831 3004 proportionem
2866 2937 3086 2993 habeat
3110 2941 3307 2995 omnis
3330 2940 3526 3010 gloria

1874 3032 1928 3080 et
1960 3022 2337 3095 pulchritudo
2367 3022 2500 3078 caeli
2532 3029 2588 3078 et
2613 3029 2804 3090 terras,
2834 3033 2889 3080 et
2909 3026 3173 3098 reliquus
3195 3035 3446 3086 ornatus
3467 3037 3526 3087 et

1876 3115 2150 3180 varietas,
2198 3119 2255 3168 et
2281 3112 2497 3168 divitias
2541 3116 2599 3168 et
2626 3111 2808 3168 decor
2837 3129 2908 3170 ac
2951 3114 3178 3172 deliciae
3221 3119 3526 3190 spectabi-

1875 3203 2044 3258 lium.

1946 3326 2129 3382 XVIII.
2164 3324 2275 3391 Qui
2305 3323 2372 3379 ﬁt
2401 3339 2564 3394 ergo,
2595 3327 2760 3397 quod
2807 3328 2984 3383 tantis
3005 3327 3522 3388 exhortationibus

1877 3423 1932 3472 et
1959 3413 2737 3487 promissionibusimpulsi,
2760 3416 2863 3471 toti
2894 3417 3144 3474 omnino
3173 3433 3310 3475 eum
3333 3420 3518 3487 adire,

1877 3512 1932 3561 et
1963 3520 2072 3559 nos
2101 3508 2252 3558 totos
2284 3502 2334 3558 ei
2367 3503 2604 3567 dedere,
2633 3503 2947 3573 abnegatis
2978 3507 3312 3564 secundum
3339 3511 3528 3566 Evan-

1877 3593 2096 3663 geliuin
2130 3607 2265 3645 cum
2319 3591 2603 3646 omnibus
2633 3600 2689 3647 et
2743 3595 2946 3648 anima
2991 3603 3217 3662 nostra,
3263 3613 3526 3670 eumque

1877 3683 2071 3738 solum
2123 3695 2328 3735 amore
2359 3681 2639 3750 prosequi
2683 3687 2740 3735 et
2772 3682 2915 3736 nihil
2943 3683 3106 3738 aliud
3138 3700 3275 3739 cum
3313 3702 3403 3749 eo.
3438 3703 3526 3742 re-

1881 3769 2183 3825 nuamus‘?
2215 3769 2325 3823 Sed
2346 3783 2480 3822 ecce
2499 3768 2624 3822 haec
2654 3769 2862 3824 omnia
2890 3773 2948 3824 et
2976 3779 3204 3842 quanta
3236 3781 3526 3844 praeterea

1878 3862 2064 3930 gloria
2111 3857 2252 3912 data
2300 3855 2604 3926 est!quot
2655 3856 3084 3926 dispositiones
3137 3875 3173 3913 a
3204 3862 3442 3917 Patrum
3477 3869 3534 3919 et

1881 3949 2309 4020 prophetarum
2330 3943 2700 4014 temporibus
2716 3943 2883 4000 facta:
2903 3947 3088 4002 sunt?
3113 3952 3258 4018 quot
3279 3953 3528 4018 promis-

1880 4040 2075 4092 siones
2090 4033 2118 4088 ?
2136 4040 2191 4089 et
2207 4041 2349 4104 quot
2366 4032 2807 4087 exhortationes
2825 4033 2852 4088 ?
2876 4039 3101 4105 quanta
3119 4037 3534 4096 misericordia

1887 4124 2113 4181 Domini
2141 4125 2198 4177 in
2236 4138 2344 4176 nos
2396 4121 2474 4176 ab
2505 4121 2669 4176 initio
2697 4120 2848 4178 fuit?
2880 4123 3123 4178 tandem
3165 4141 3304 4180 vero
3334 4133 3391 4182 et
3421 4141 3532 4184 suo

1881 4214 2072 4286 ipsius
2095 4211 2352 4266 adventu
2384 4209 2748 4265 ineffabilem
2778 4226 2921 4280 erga
2950 4226 3062 4266 nos
3096 4212 3528 4284 benignitatem

1884 4319 1987 4375 per
2007 4300 2458 4358 cruciﬁxionem
2488 4299 2762 4365 ostendit,
2823 4306 2884 4355 ut
2938 4315 3046 4356 nos
3097 4317 3420 4360 conversos
3472 4307 3536 4362 in

1886 4396 2067 4447 vitam
2091 4389 2442 4446 transferat:
2480 4405 2591 4443 nos
2643 4395 2841 4444 tamen
2900 4405 2936 4445 a
2979 4390 3280 4448 voluntate
3309 4402 3531 4462 nostra,

168 4505 447 4573 ματρί-μη
485 4516 499 4528 ⁸
529 4503 620 4550 καὶ
666 4499 813 4570 ἡμεῖς
863 4478 962 4548 τῶν
1000 4496 1299 4568 θελημάτων
1347 4498 1492 4568 ἡμῶν
1517 4478 1629 4548 ’καὶ
1679 4506 1764 4559 τῆς

1884 4480 2198 4535 dilectione
2217 4478 2446 4541 mundi,
2471 4478 2999 4548 anticipationibus
3011 4487 3066 4535 et
3082 4485 3537 4540 consuetudini-

170 4591 381 4660 ὲτάπης
421 4595 512 4639 τού
569 4591 796 4658 κόσμου,
848 4591 937 4638 καὶ
999 4594 1098 4638 τῶν
1165 4584 1466 4658 προλήψεων
1514 4591 1603 4637 καὶ
1655 4605 1776 4637 συν-

171 4682 361 4735 ηθειῶν
401 4684 597 4740 κακῶν,
654 4676 748 4727 οὐκ
789 4677 1189 4748 ἁναχωροῦμεν.
1257 4678 1366 4740 Διὸ,
1425 4673 1772 4745 ὀλιγόπιστοι,

173 4769 200 4823 ἡ
244 4771 346 4817 καὶ
396 4767 617 4817 ἄπιστοι
666 4761 978 4835 δεικνύμεθα
1029 4777 1044 4791 ’
1102 4767 1190 4814 xui
1229 4763 1311 4815 ἐπι
1353 4765 1555 4823 τούτοις
1591 4769 1772 4828 πᾶσιν,

174 4852 296 4906 ἰδού
365 4854 555 4915 αύτούς
637 4856 1014 4925 χρηστεύεται,
1089 4851 1320 4921 ἀοράτως
1391 4861 1623 4926 φρουρῶν
1687 4858 1777 4904 xui

173 4943 527 5015 πριθάλπων,
587 4948 658 5013 μη
744 4944 876 4993 κατὰ
929 4943 994 4993 τὰ
1053 4940 1403 5013 ἁμαρτήματα
1449 4937 1778 5014 παραδιδούς

177 5034 320 5103 ἡμᾶς
359 5032 433 5093 εἰς
462 5031 598 5091 τελος
640 5039 703 5104 τῇ
731 5035 914 5103 κακίᾳ,
965 5034 1055 5082 xui
1097 5037 1159 5102 τῇ
1217 5039 1309 5082 τοῦ
1348 5035 1551 5102 κόσμου
1601 5029 1774 5104 ἀπάτῃ

179 5121 344 5193 ἀνιὼν
397 5121 533 5192 ἡμᾶς
568 5118 876 5189 ἀπολέσθαι,
917 5115 1010 5172 διὰ
1055 5118 1247 5177 πολλὴν
1292 5126 1640 5192 χρηστότητα
1688 5126 1777 5171 καὶ

178 5211 548 5282 μικροθυμίαν
595 5206 930 5275 ἀποσκοπῶν,
978 5213 1103 5262 πότε
1156 5211 1287 5283 πρὸς
1328 5208 1485 5262 αὐτόν
1537 5207 1780 5282 ἐπιστρέ-

177 5299 380 5372 ψωμοί·

251 5404 372 5463 ΙΘ¹.
435 5403 597 5459 Ἀλλὰ
641 5400 865 5458 δέδοικα
912 5409 983 5478 μή
1030 5422 1155 5458 ποτε
1199 5407 1259 5457 τὸ
1305 5411 1398 5458 τοῦ
1457 5402 1782 5458 ’Δποστόλου

176 5494 339 5567 ῥυτὸν
382 5494 636 5569 πληρωθῇ
695 5493 773 5564 ,εἰς
826 5497 963 5567 ἡμᾶς
1007 5502 1077 5568 ιιι-ᾔ
1131 5500 1554 5568 καταφρονητικῇ
1615 5493 1810 5566 ἄννοίᾳς

271 5685 313 5721 ⁴¹
341 5685 555 5741 Jerem.
592 5697 712 5755 vni,
736 5686 790 5740 4.

1886 4569 2001 4624 bus
2030 4567 2230 4639 pravis
2263 4582 2382 4621 non
2416 4565 2774 4620 secedimus.
2805 4568 2998 4632 Quare
3023 4586 3131 4624 nos
3162 4578 3264 4626 aut
3294 4573 3534 4642 exigua,

1885 4663 1989 4713 a‘ut
2019 4655 2179 4712 nulla
2205 4657 2453 4710 omnino
2479 4654 2596 4709 ﬁde
2630 4657 2908 4725 prieditos
2937 4673 3068 4712 esse
3093 4659 3229 4714 hinc
3260 4669 3530 4731 apparet.

1889 4749 1952 4801 Et
1975 4752 2188 4814 praeter
2209 4745 2337 4799 hac
2362 4744 2586 4806 omnia,
2619 4743 2953 4813 benignum
2987 4761 3047 4800 se
3077 4747 3315 4802 exhibet
3337 4749 3531 4814 nobis,

1889 4837 2142 4907 protegit
2166 4848 2236 4888 ac
2266 4833 2418 4888 fovet
2449 4846 2559 4888 nos
2585 4832 2980 4898 invisibiliter,
3015 4849 3123 4888 uec
3153 4851 3282 4900 nos,
3317 4851 3530 4892 secun-

1888 4924 2034 4977 dum
2069 4928 2314 4993 peccata
2341 4925 2562 4986 nostra,
2591 4922 2830 4975 malitia:
2847 4931 2904 4976 et
2927 4923 3133 4977 mundi
3167 4923 3536 4996 deceptioni—

1889 5011 2006 5066 bus
2037 5013 2095 5064 in
2144 5015 2498 5081 perpetuum
2548 5007 2815 5072 traditos,
2867 5011 3004 5064 sinit
3052 5013 3240 5082 perire
3296 5021 3541 5084 propter

1891 5115 2194 5154 summam
2217 5096 2594 5152 clementiam
2615 5106 2670 5152 et
2689 5098 3204 5170 longanimitatem
3223 5118 3420 5167 suam,
3454 5101 3530 5158 ab

1893 5189 2014 5245 alto
2034 5188 2382 5258 dispiciens,
2411 5185 2660 5258 quando
2689 5187 2767 5242 ad
2793 5202 2934 5244 eum
2957 5197 3402 5247 convertamur.

1967 5399 2097 5456 XIX.
2118 5398 2297 5471 Atqui
2317 5413 2545 5470 vereor,
2575 5413 2650 5456 ne
2671 5399 2900 5456 dictum
2929 5400 3195 5473 Apostoli
3250 5401 3312 5457 in
3341 5401 3544 5472 nobis,

1896 5489 2001 5563 qui
2043 5489 2250 5546 animo
2287 5487 2363 5544 ad
2393 5487 2600 5546 omnia
2647 5489 3090 5547 contemnenda
3119 5490 3365 5564 proclivi
3393 5493 3550 5550 vivi-
