4058 6194
538 279 906 363 [τῇ-εῖτ
987 285 989 287 ’
1838 301 1898 356 s.
1944 299 2139 357 MACA

2305 295 2589 353 EGYPTII
3791 294 3907 352 488

543 452 702 504 mus,
734 439 789 491 et
810 432 1133 504 anteceptis
1149 429 1533 502 opinionibus
1555 428 1907 500 abripimur,
1939 428 2145 499 imples

2304 426 2582 489 συζῶντας,
2639 429 2728 476 καὶ
2780 431 2897 486 ταῖς
2949 422 3243 496 προλήψεσι
3303 425 3780 494 συναπαγομένους,
3839 426 3906 475 τό

543 529 658 588 tur,
690 522 854 594 quod
884 521 998 578 ait:
1026 521 1122 574 An
1151 518 1392 574 divitias
1424 517 1702 572 bonitatis
1725 517 1912 580 illius,
1946 531 2017 572 ac
2050 516 2145 570 toti

2303 515 2440 584 λέγον
2471 530 2482 541 °
2527 511 2593 564 Ἦ
2625 521 2734 564 τοῦ
2768 513 3054 565 πλουτου
3086 521 3196 572 τῆς
3227 516 3675 585 χρηστότητος
3705 513 3905 567 αὐτοῦ

539 614 754 668 ναηιίιτ
769 610 1144 678 tenitatisque
1165 606 1827 674 contemnisﬂgnorans,
1847 605 2006 674 quod
2030 605 2140 659 bon

2302 607 2541 663 καὶτῆς
2576 600 2815 672 ἀνοχῆς
2839 607 2944 652 xui
3001 609 3113 662 τῆς
3163 603 3620 672 μακροθυμίας
3658 622 3904 676 καταφ-

541 709 629 755 tas
652 703 692 768 1
705 701 761 770 9
782 698 882 754 Dei
895 698 1392 766 adpmnitentiam
1412 700 1464 750 te
1483 695 1695 749 invitat
1710 695 1792 746 ⁴²Ῡ
1806 696 1977 758 Quod
1995 696 2042 746 si
2063 693 2142 747 lOi

2305 698 2524 765 ρονεῖς,
2554 691 2791 761 ἀγνοών
2823 693 2920 742 ὅτι
2950 695 3329 764 τόχρηστόν
3361 697 3468 742 τοῦ
3497 697 3656 742 Θεοῦ
3685 694 3775 752 είς
3805 713 3907 765 με-

543 791 908 859 gammitate,
935 786 1199 842 bonitate
1217 790 1274 840 et
1297 785 1606 840 tolerantia
1633 784 1762 853 ejus
1791 784 1983 845 aDUsi,
2019 784 2145 853 plur

2304 782 2557 832 τανοιάν
2600 798 2656 832 σε
2685 781 2867 849 dy“;
2905 779 2963 830 Εἰ
2989 776 3048 830 δε
3077 788 3137 851 τῇ
3162 781 3500 851 μακροθυμίᾳ
3525 785 3614 830 xui
3636 789 3697 852 τῇ
3722 801 3906 855 χρησ-

544 877 956 933 addiderimus
978 876 1600 946 peccata,etgraviora
1623 873 1872 942 judicia,
1895 871 2146 940 neglige:

2304 875 2482 924 τότητι
2511 873 2600 919 xui
2627 876 2686 939 τῇ
2719 867 2884 940 ἀνοχῇ
2919 867 3078 919 αὑτοῦ
3111 867 3317 920 πλείονα
3357 870 3700 939 προστίθεμεν
3733 869 3906 945 αμαρ-

545 968 621 1020 tia
643 974 697 1019 et
730 971 1074 1034 contemptu
1091 967 1296 1017 nostro
1315 961 1490 1016 nobis
1507 960 1652 1031 ipsis
1677 960 2147 1014 accersiverimui

2301 963 2530 1028 τηματα,
2562 962 2652 1008 xui
2680 962 3018 1027 κατακρίσεις
3053 956 3262 1028 μείζους
3293 954 3327 1007 δ
3333 959 3386 1006 tu
3415 964 3510 1016 τῆς
3546 956 3782 1028 ἀμελείας
3813 965 3902 1011 xui

543 1054 884 1125 implebitur
935 1052 1080 1106 illud
1113 1053 1376 1105 dictum:
1407 1049 1522 1105 Sed
1550 1051 1870 1104 secundum
1903 1048 2145 1103 duritia:

2304 1050 2732 1117 καταφρονήσεως
2747 1047 2891 1114 ημῶν
2912 1041 3113 1104 έαυτοῖς
3125 1045 3470 1118 πορισόμεθα,
3494 1045 3742 1120 πληρωθή
3754 1066 3906 1100 σεται

543 1152 727 1209 tuam,
751 1150 804 1198 et
819 1140 1217 1209 corpcenitere
1238 1139 1519 1202 nesciens,
1555 1138 1760 1207 cotigis
1776 1137 1880 1192 tibi
1899 1138 2015 1206 ipsi
2036 1136 2145 1192 irai

2303 1139 2361 1186 τό
2389 1136 2560 1204 λόγιον
2593 1150 2606 1161 ⁸
2654 1135 2820 1185 Κατὰ
2871 1130 2938 1184 δε
2991 1138 3100 1190 τὴν
3149 1133 3564 1205 σκληρότητά
3623 1153 3736 1187 σου
3793 1143 3904 1189 xui

542 1232 602 1285 in
635 1231 730 1286 die
753 1231 856 1285 irae
867 1228 1246 1286 reuelationis
1248 1231 1404 1297 justi
1414 1226 1631 1296 iudicii
1649 1227 1998 1281 Dei“.l)eus
2031 1228 2144 1280 enii

2304 1222 2739 1294 ἀμετανόητον
2806 1219 3106 1296 καρδίαν,
3163 1224 3592 1294 θησαυρίζεις
3655 1234 3904 1296 σεαυτῷ

545 1336 788 1373 summa
802 1327 857 1373 et
877 1319 1260 1374 inenarrabili
1277 1316 1547 1371 bonitate
1568 1331 1637 1370 ac
1650 1315 1888 1370 lenitate
1905 1314 2146 1369 iiieifabi

2304 1312 2495 1386 ὀργὴν
2551 1313 2840 1384 ένὴμέρᾳ
2888 1311 3104 1383 ὀργῆς,
3135 1317 3244 1363 xui
3287 1310 3750 1383 ἀποκαλύψεως
3793 1322 3903 1375 τῆς

543 1424 685 1478 erga
721 1424 911 1478 genus
939 1408 1274 1461 humanum
1323 1407 1520 1469 utitur,
1550 1407 1598 1458 si
1630 1404 1813 1458 modo
1846 1406 2145 1474 resipiscei

2304 1399 2804 1472 δικαιοκρισίας
2859 1408 3178 1454 τουΘεοῦ.
3233 1401 3396 1472 nam
3452 1405 3552 1476 γὰρ
3611 1403 3903 1473 άγαθότητι

543 1497 822 1562 velimus,
846 1501 902 1550 et
926 1497 1160 1566 penitus
1184 1494 1260 1549 ad
1282 1510 1420 1548 eum
1442 1491 1704 1549 converti
1732 1494 2102 1556 studeamus,
2128 1508 2145 1545 ι

2303 1487 2682 1560 ἀνεκδιηγήτῳ,
2716 1495 2805 1541 xui
2842 1492 3180 1563 μακροθυμίᾳ
3210 1489 3545 1563 ἁνεκφράστῳ
3583 1496 3849 1564 κέχρηται
3877 1496 3902 1544 ό

542 1585 744 1642 salutis
774 1587 1092 1657 participes
1120 1583 1246 1639 ﬁeri
1284 1583 1613 1638 valeamus.

2301 1583 2425 1641 Θεὸς
2456 1584 2570 1653 περὶ
2600 1583 2657 1630 τό
2683 1584 2828 1649 γένος
2853 1588 2952 1630 τῶν
2969 1579 3272 1653 ἀνθρώπων,
3295 1588 3447 1651 μόνον
3473 1581 3516 1632 εί
3539 1583 3684 1652 ἡμεῖς
3712 1581 3903 1640 ἀνανῆ-

2298 1668 2399 1740 ψαι
2464 1669 2763 1740 θελήσομεν,
2842 1673 2930 1720 xui
3005 1668 3058 1730 έξ
3119 1668 3239 1720 όλου
3313 1668 3697 1742 ἐπιστραφῆναι
3769 1677 3905 1745 πρὸς

2223 1786 2264 1840 Β
2299 1758 2454 1810 αὐτόν
2499 1754 2890 1829 σπουδάσομεν,
2939 1758 3022 1808 ἶνα
3062 1764 3319 1834 σωτηρίας
3349 1765 3531 1831 τυχεῖν
3568 1757 3898 1834 δυνηθῶμεν.

613 1894 717 1948 XX.
748 1894 919 1957 Quod
949 1892 998 1946 si
1045 1905 1405 1961 cognoscere
1438 1888 1741 1944 desideres
1792 1888 1890 1942 Dei
1920 1886 2190 1955 longani-

2373 1882 2449 1938 K'.
2478 1883 2536 1936 Εἰ
2585 1879 2644 1935 δε
2689 1881 2868 1954 βούλει
2915 1882 3194 1953 ἐπιγνῶναι
3254 1889 3347 1942 τὴν
3396 1893 3488 1938 τοῦ
3530 1893 3664 1938 Θεοῦ
3700 1905 3901 1960 μακρο-

542 1981 808 2036 mitatem
827 1987 884 2035 et
902 1995 1203 2035 summam
1230 1979 1578 2044 bonitatem,
1607 1975 1668 2031 id
1691 1983 1777 2031 est
1796 1980 2144 2029 sacrosanct:

2301 1975 2510 2044 θυμίαν,
2567 1978 2655 2023 xui
2707 1977 2800 2030 τὴν
2854 1971 3045 2030 πολλὴν
3089 1977 3457 2046 χρηστότητα,
3504 1974 3604 2026 ἀπό
3649 1983 3751 2026 τῶν
3792 1978 3900 2028 θεο-

543 2069 852 2125 codicibus
878 2070 1205 2124 discamus.
1249 2068 1492 2138 Respice
1526 2065 1840 2132 lsraelitas,
1873 2080 1940 2119 ex
1968 2063 2145 2134 quibu

2296 2070 2558 2115 πνευστων
2609 2067 2644 2112 Γ
2647 2070 2821 2135 ραφῶν
2867 2064 3268 2134 καταμάθωμεν.
3311 2063 3630 2135 ’Λπόϐλεψον
3679 2065 3752 2127 εἰς
3809 2069 3898 2117 τὸν

542 2165 679 2214 sunt
724 2165 938 2229 patres,
973 2157 1194 2229 quibus
1245 2156 1674 2226 promissiones
1720 2154 1887 2210 factas
1933 2158 2089 2214 sunt,
2117 2167 2144 2206 e

2299 2152 2531 2226 Ἰσραὴλ,
2591 2151 2643 2213 ἑξ
2695 2151 2763 2202 ὧν
2813 2153 2862 2202 oi
2909 2157 3147 2223 Πατέρες,
3201 2152 3274 2211 οἰς
3326 2155 3381 2203 ui
3427 2153 3730 2224 ἑπαγγελίαι
3766 2157 3896 2227 ὡρί-

541 2248 765 2319 quibus
784 2250 1047 2304 Christus
1074 2245 1414 2300 secundum
1448 2259 1712 2310 carnem,
1745 2244 1965 2315 quibus
1996 2241 2143 2295 cultu

2299 2245 2524 2307 σθησαν,
2575 2240 2628 2302 ίξ
2653 2241 2719 2290 ὧν
2762 2242 2787 2291 ό
2820 2245 3047 2312 Χριστός
3085 2245 3141 2292 τό
3190 2243 3324 2293 κατὰ
3365 2243 3557 2316 σάρκα,
3598 2243 3674 2304 οἷς
3716 2245 3770 2294 αἱ
3809 2243 3898 2296 λα-

541 2344 596 2391 et
625 2344 1043 2392 testamentum
1065 2342 1191 2389 erat
1226 2334 1295 2398 “,
1321 2339 1548 2404 quanta
1570 2328 2013 2403 peccaverunt?
2041 2345 2143 2400 qut

2298 2337 2462 2400 τρεῖαι
2508 2335 2597 2380 xui
2649 2331 2678 2386 ἠ
2732 2326 2984 2395 διαθήκη,
3044 2337 3186 2381 πόσα
3241 2332 3474 2401 ἥμαρτον
3505 2347 3519 2398 ;
3556 2334 3781 2392 ποσάκις
3821 2331 3900 2394 ἐξ·

544 2427 646 2480 ties
669 2426 861 2480 aversi
884 2424 1070 2478 sunt?
1101 2423 1228 2493 ipse
1252 2429 1452 2476 tamen
1468 2422 1618 2475 Deus
1643 2437 1764 2476 non
1785 2421 2066 2491 relinquit
2087 2434 2146 2473 eo

2296 2423 2634 2493 ετράπησαν;
2665 2424 2754 2470 xui
2796 2418 2950 2478 αὐτὸς
2989 2418 3082 2470 οὐκ
3137 2422 3306 2470 εῖασεν
3356 2419 3544 2481 αὐτοὺς
3612 2421 3678 2481 εἰς
3736 2421 3895 2486 τέλος,

539 2515 598 2568 in
623 2521 998 2584 perpetuum,
1024 2512 1127 2566 sed
1171 2511 1246 2565 ad
1277 2515 1503 2564 certum
1540 2518 1772 2581 tempus
1808 2511 1882 2563 ad
1919 2509 2141 2580 ipsorui

2297 2508 2426 2561 ἀλλὰ
2482 2515 2802 2582 πρόσκαιρον
2860 2514 3051 2582 χρόνον
3111 2513 3236 2580 πρός
3294 2514 3353 2560 τὸ
3404 2515 3662 2582 συμφέρον
3719 2511 3897 2573 αὐτοῖς

539 2603 929 2657 commodum
943 2617 1046 2656 eos
1061 2600 1554 2668 castigationibus
1569 2599 1822 2668 subjecit
1847 2613 1858 2650 :
1889 2599 2141 2652 duritien

2295 2595 2540 2660 παιδιαῖς
2588 2594 2902 2670 παρεδίδου,
2953 2601 3010 2649 τὸ
3063 2598 3286 2669 σκληρόν
3317 2606 3412 2659 τῆς
3458 2596 3686 2672 καρδίας
3725 2600 3895 2652 αὐτῶν

538 2706 654 2760 que
667 2690 864 2745 cordis
887 2705 1094 2744 eorum
1117 2704 1221 2760 per
1233 2686 1615 2743 aﬂlictionem
1636 2687 1900 2741 emollire
1916 2688 2140 2757 cupien:

2299 2685 2391 2740 διὰ
2419 2696 2506 2747 τῆς
2538 2686 2753 2756 θλίψεως
2794 2687 3023 2758 μαλάξαι
3055 2685 3387 2758 βουλομένος,
3435 2691 3731 2762 έπέστρεφε,
3767 2709 3895 2762 παρ-

540 2780 943 2842 convertebat,
961 2778 1346 2842 admonebat,
1369 2778 1693 2846 prophetas
1719 2775 2008 2830 mittebat.
2030 2779 2142 2828 lnsi

2297 2777 2482 2841 εκάλει,
2562 2782 2836 2850 προφήτας
2898 2775 3191 2830 ἀπέστελλε.
3253 2783 3352 2828 Καὶ
3417 2782 3601 2839 πόσοις
3677 2785 3896 2852 χρόνοις

540 2883 644 2938 per
672 2868 946 2938 quandiu
988 2866 1375 2936 longanimus
1431 2873 1554 2920 erat
1583 2880 1726 2934 erga
1759 2872 2100 2935 peccatores
2134 2883 2142 2916 t

2296 2865 2644 2938 έμακροθύμει
2706 2865 3103 2937 ἁμαρτανόντων
3159 2871 3248 2917 xui
3312 2885 3748 2939 προσκοπτοντων
3803 2870 3896 2921 αὖ·

537 2956 908 3011 oﬂendentes
939 2971 1020 3020 se,
1037 2964 1094 3009 et
1120 2953 1508 3009 nihilominus
1531 2969 1856 3008 conversos
1882 2969 2019 3008 cum
2043 2969 2139 3023 gat

2295 2964 2394 3006 τών
2455 2971 2467 3020 ;
2523 2959 2612 3006 xui
2665 2955 3062 3028 ἐπιστρέφοντας
3100 2958 3232 3026 μετά
3281 2961 3458 3028 χαρᾶς
3507 2953 3891 3029 προσεδέχετο,

536 3045 636 3100 dio
666 3045 1022 3116 recipiebat:
1056 3053 1113 3099 et
1142 3061 1280 3098 cum
1315 3046 1516 3098 denuo
1547 3059 1674 3099 sese
1704 3051 2051 3106 averterent,
2084 3059 2138 3097 ec

2294 3049 2384 3096 xui
2436 3044 2588 3095 πάλιν
2632 3046 3010 3117 ἐκτρεπομένων
3061 3044 3224 3096 αὐτῶν
3268 3045 3426 3106 αὐτὸς
3465 3045 3558 3097 οὐκ
3608 3046 3891 3118 ἀφίστατο,

539 3135 665 3206 ipse
693 3103 808 3190 nos
833 3134 1115 3198 destituit,
1149 3135 1252 3188 sed
1277 3149 1382 3204 per
1399 3134 1722 3204 prophetas
1741 3133 1819 3187 ad
1851 3103 2141 3188 conversu

2295 3133 2423 3185 ἀλλὰ
2453 3131 2546 3185 διὰ
2575 3142 2672 3184 τῶν
2723 3142 3001 3208 προφητῶν
3055 3134 3123 3194 εἰς
3179 3134 3499 3207 ἐπιστροφὴν
3542 3135 3737 3198 αὐτοὺς
3773 3155 3893 3209 μετ.

533 3240 672 3279 nem
703 3225 1036 3278 revocavit:
1094 3231 1273 3293 atque
1305 3223 1635 3292 saepissime
1678 3236 1713 3276 a
1740 3239 1802 3276 se
1834 3237 2096 3286 aversos,
2130 3241 2135 3271 t

2293 3223 2520 3275 εκαλεῖτο
2577 3238 2588 3250 ·
2642 3228 2730 3274 xui
2785 3222 3054 3284 πλεονάκις
3111 3225 3460 3295 ἐκτραπέντων
3512 3230 3602 3276 καὶ
3655 3225 3893 3300 έπιστρε-

533 3313 919 3384 postmodum
966 3327 1308 3374 conversos,
1359 3310 1643 3364 benevole
1676 3311 1961 3374 toleravit,
2004 3318 2135 3380 atqu

2293 3316 2517 3382 φομένων
2564 3307 2732 3371 ἡδέως
2800 3313 3086 3382 ἀντείχετο,
3162 3318 3252 3364 xui
3309 3312 3674 3387 φιλανθρώπως
3723 3333 3892 3384 προσ-

529 3401 869 3454 humaniter
881 3401 1118 3469 recepit,
1135 3399 1328 3453 donec
1347 3399 1586 3452 tandem
1607 3398 1666 3452 in
1693 3413 1915 3466 magno
1936 3407 2131 3468 peccat

2292 3396 2523 3470 εδέχετο,
2570 3401 2661 3461 ἕως
2714 3400 2773 3450 οὖ
2831 3400 3047 3472 ὕστερον
3118 3399 3166 3451 έν
3221 3409 3291 3470 τῷ
3345 3403 3552 3473 μεγάλῳ
3607 3410 3893 3478 παραπτώ-

529 3488 885 3557 deprehensi
908 3496 1044 3541 sunt
1067 3503 1283 3541 manus
1299 3489 1627 3556 injicientes
1647 3503 1888 3557 proprio
1901 3486 2131 3541 DOllllﬂt

2289 3508 2418 3560 ματι
2477 3491 2783 3561 εὑρέθησαν,
2855 3497 3043 3563 χεῖρας
3095 3489 3420 3553 ἑπιϐαλοντες
3475 3490 3557 3543 ἐπὶ
3613 3497 3698 3544 τόν
3750 3491 3891 3546 ῖδιον

528 3591 708 3646 quem
731 3576 1158 3646 eXspectabaut
1180 3575 1514 3628 secundum
1534 3575 1914 3630 traditionem
1941 3579 2130 3630 Patrui

2290 3582 2573 3642 Δεσπότην,
2614 3579 2667 3628 ὃν
2721 3575 3056 3649 προσεδόκων
3111 3576 3204 3632 διὰ
3251 3577 3594 3654 παραδόσεων
3647 3586 3891 3656 Πατέρων

527 3679 597 3718 ac
611 3668 1037 3736 prophetarum
1055 3671 1406 3719 sanctorum
1425 3666 1888 3735 redemptorem,
1912 3668 2129 3721 Salvatt

2291 3672 2376 3718 xui
2414 3676 2691 3739 προφητῶν
2742 3666 2904 3738 ἁγίων
2954 3669 3219 3740 λυτρωτὴν
3261 3676 3350 3722 καί
3384 3677 3614 3744 Σωτῆρα,
3660 3678 3751 3723 xui
3791 3671 3893 3744 βα-

525 3769 673 3816 rem,
731 3769 932 3823 regem
965 3762 1021 3809 et
1071 3753 1450 3825 prophetam.
1490 3755 1828 3809 Venientem
1861 3755 2022 3808 enim
2056 3771 2127 3810 uo

2290 3758 2454 3821 σιλέα,
2503 3762 2591 3808 xui
2640 3763 2930 3828 προφήτην.
2989 3757 3237 3811 Ἐλθόντα
3273 3761 3373 3833 γὰρ
3417 3759 3476 3810 οὗ
3511 3757 3885 3834 παρεδέξαντο,

524 3842 783 3913 amplexi
815 3849 971 3907 sunt,
997 3844 1100 3897 sed
1123 3860 1152 3897 e
1176 3844 1474 3898 contrario
1499 3858 1720 3913 magna
1750 3859 1889 3897 eum
1921 3843 2123 3912 ignom

2287 3844 2413 3898 ἀλλὰ
2478 3847 2772 3897 τούναντίον
2837 3846 2999 3898 πολλὰ
3057 3846 3199 3917 αὐτῷ
3262 3845 3612 3920 ἑνδειξάμενοι
3670 3849 3889 3922 ἀτιμίας

522 3948 621 3987 nia
651 3939 706 3986 et
735 3932 984 3987 infamia
1031 3937 1326 3997 notatum,
1361 3932 1604 3986 tandem
1654 3935 1849 3986 crucis
1881 3934 2124 4004 supplici

2285 3935 2428 4000 οἰξια,
2483 3936 2696 4008 ὕστερον
2751 3943 2962 4008 σταυρῷ
3035 3937 3253 3987 θανάτου
3317 3935 3726 4008 ἐτιμωρήσαντο,
3797 3946 3887 3992 καὶ

521 4021 865 4076 aifecerunt.
896 4023 1039 4076 Etin
1062 4023 1174 4076 hac
1199 4030 1318 4075 tam
1353 4022 1564 4088 grandi
1604 4020 1832 4076 otfeusa
1867 4029 1922 4076 et
1953 4038 2123 4091 ingeu

2284 4024 2331 4075 έν
2390 4027 2555 4096 τούτῳ
2628 4033 2698 4094 τῷ
2765 4024 2970 4095 μεγάλῳ
3026 4030 3419 4098 προσκόμματι,
3479 4032 3570 4078 xui
3633 4027 3882 4103 ὑπερϐάλ-

514 4110 710 4179 lapsu,
741 4117 984 4179 peccata
1010 4111 1270 4178 illorum,
1303 4125 1442 4178 qua:
1471 4110 1548 4164 ad
1576 4126 1885 4164 summum
1909 4112 2109 4165 adauc

2286 4113 2420 4164 λοντι
2467 4118 2874 4186 παραπτώματι,
2925 4115 2976 4164 ui
3027 4113 3278 4185 ἁμαρτίαι
3329 4114 3498 4166 αὐτῶν
3555 4116 3888 4190 ὑπερπληθύ-

514 4208 700 4265 erant,
737 4200 1036 4268 completa
1069 4206 1225 4262 sunt,
1259 4207 1316 4252 et
1358 4206 1440 4252 ita
1476 4201 1716 4252 tandem
1752 4207 2038 4269 perpetuo
2069 4202 2116 4253 dt

2286 4221 2440 4253 νασαι
2492 4201 2950 4276 ἀνεπληρώθησαν,
3015 4208 3104 4254 xui
3179 4203 3316 4254 οὕτω
3380 4203 3559 4256 λοιπόν
3615 4205 3688 4266 είς
3743 4207 3888 4267 τέλος

517 4288 655 4339 serti
685 4294 843 4353 sunt,
875 4288 1092 4355 Spiritu
1121 4294 1328 4340 sancto
1365 4286 1443 4340 ab
1470 4288 1537 4340 iis
1559 4288 1888 4349 recedente,
1922 4289 2119 4357 quand

2288 4289 2590 4360 ἀφείθησαν,
2647 4299 2737 4342 τοῦ
2793 4291 2946 4361 ἁγίου
3003 4294 3299 4362 Πνεύματος
3356 4295 3544 4345 έκέῖθεν
3603 4294 3890 4369 ἀναχωρὰ-

520 4376 715 4427 velum
745 4374 1283 4444 templidiscissum
1301 4383 1411 4428 est.
1431 4377 1590 4428 Etsic
1614 4375 1848 4428 illorum
1877 4377 2122 4447 templui

2286 4397 2490 4444 σαντος,
2533 4381 2614 4430 ὅτε
2653 4384 2710 4431 τό
2756 4383 3136 4452 καταπέτασμα
3174 4389 3265 4432 τοῦ
3303 4390 3427 4434 ναοῦ
3468 4382 3723 4454 ἐσχίσθη.
3784 4389 3888 4437 Καὶ

509 4463 785 4531 gentibus
845 4462 1147 4526 traditum,
1204 4464 1566 4516 subversum
1607 4471 1662 4517 et
1693 4464 2028 4519 desolatum
2062 4483 2111 4518 es

2281 4468 2443 4530 οὕτως
2489 4472 2656 4520 αὐτῶν
2697 4470 2723 4519 ό
2766 4473 2887 4530 ναός
2951 4472 3118 4522 ἔθνεσι
3178 4468 3501 4544 παραδοθεὶς
3548 4477 3881 4546 κατεσκάφη,

510 4554 843 4605 secundum
863 4553 1091 4605 Domini
1107 4552 1496 4606 dictumzNon
1512 4553 1885 4623 relinquetur
1898 4555 1994 4610 hic
2015 4555 2112 4625 tap

2281 4563 2369 4608 xui
2396 4558 2651 4632 ἠρημώθη
2686 4562 2819 4609 κατα
2846 4563 2938 4616 την
2969 4566 3060 4610 του
3105 4563 3298 4631 Κυρίου
3329 4558 3591 4632 ἀπόφασιν
3627 4579 3639 4592 '
3676 4561 3764 4615 Οὐ
3796 4568 3883 4633 μη

507 4655 688 4710 super
711 4641 990 4710 lapidem,
1013 4641 1115 4712 qui
1135 4657 1254 4695 non
1277 4643 1619 4697 destruetur
1651 4644 1717 4694 ⁸⁵.
1753 4645 1817 4696 Et
1845 4659 1927 4697 sic
1960 4645 2020 4698 in
2040 4661 2109 4714 pe

2287 4651 2467 4718 μείνῃ
2501 4645 2798 4708 λίθοςίπὶ
2832 4646 3008 4698 λίθον
3041 4644 3183 4711 ὧδε,
3226 4649 3291 4709 ός
3329 4649 3397 4700 οὐ
3438 4649 3889 4709 καταλυθήσε-

507 4740 753 4802 petuum
775 4734 969 4786 traditi
995 4739 1133 4786 sunt
1156 4731 1455 4802 gentiliUs,
1483 4739 1538 4785 et
1559 4733 1808 4802 dispersi
1833 4733 1892 4787 in
1915 4751 2109 4789 omne:

2285 4752 2399 4788 rut.
2429 4741 2526 4786 Kui
2558 4735 2720 4796 οὕτως
2752 4735 2982 4796 είςτελος
3010 4732 3385 4809 παρεδόθησαν
3419 4745 3526 4799 τοῖς
3557 4741 3746 4802 ἔθνεσι,
3793 4749 3887 4794 xui

509 4830 721 4875 terram
749 4839 783 4875 a
808 4825 1065 4889 regibus,
1100 4837 1204 4875 eos
1249 4829 1386 4875 tunc
1416 4823 1474 4874 in
1507 4823 1914 4890 captivitatem
1967 4825 2111 4877 abdi

2284 4819 2764 4895 διεσκορπίσθησαν
2808 4824 2855 4875 έν
2886 4827 3030 4898 πάσῃ
3089 4833 3150 4897 τῇ
3213 4834 3280 4897 γῇ
3323 4827 3422 4878 ὑπό
3463 4836 3562 4878 τῶν
3600 4829 3886 4901 αἰχμαλω-

501 4911 795 4976 ceutibus,
829 4914 980 4965 adeo
1037 4919 1095 4964 ut
1139 4911 1198 4964 iu
1225 4912 1466 4981 propria
1491 4911 1624 4965 loca
1649 4910 1911 4981 amplius
1945 4929 2103 4968 revei

2283 4915 2525 4964 τισάντων
2605 4914 2792 4973 αὐτους
2847 4919 2957 4966 τότε
3013 4911 3289 4986 βασιλέων,
3363 4922 3550 4987 μηκέτι
3631 4918 3702 4980 εἰς
3760 4925 3885 4983 τοὺς

500 5016 749 5055 omnino
774 5000 843 5054 iis
875 4999 1244 5069 prohibitum
1285 5001 1381 5056 sit.

2270 4997 2438 5063 ίδίους
2469 5001 2777 5074 ἀνακάμψαι
2808 5008 2997 5064 τόπους
3036 5003 3405 5065 κελευσθέντες.

567 5125 694 5179 XXI.
733 5125 822 5179 Sic
855 5124 1029 5193 igitur
1057 5131 1112 5178 et
1138 5139 1299 5178 nunc
1329 5126 1481 5178 Deus
1534 5125 1729 5179 bonus
1771 5131 1827 5179 et
1850 5126 2150 5197 benignus

2340 5131 2466 5187 ΚΝ.
2508 5132 2684 5193 Οὕτως
2722 5129 2810 5185 οὖν
2840 5138 2930 5185 xui
2973 5142 3061 5185 νῦν
3113 5134 3189 5206 ἐφ’
3217 5134 3419 5207 ἑκάστῳ
3453 5137 3596 5206 ἡμῶν
3626 5141 3880 5207 χρηστὸς

493 5211 905 5282 longanimem
933 5228 995 5267 se
1045 5219 1287 5283 prastat
1313 5227 1455 5283 erga
1506 5229 1998 5287 unumquemque
2049 5233 2095 5272 nt

2276 5221 2328 5270 iw
2402 5226 2492 5272 xui
2555 5221 2776 5293 ἀγαθός,
2833 5225 3182 5298 μακροθυμεῖ,
3253 5226 3384 5297 ὁρῶν
3445 5231 3589 5276 πόσα
3651 5223 3878 5289 ἕκαστος

493 5310 706 5371 strum,
782 5303 988 5357 videns
1036 5309 1331 5374 quantum
1382 5304 1639 5375 quisque
1695 5305 2030 5377 impingat;
2091 5331 2095 5356 t

2291 5317 2596 5383 ροσκόπτει,
2634 5312 2724 5364 xui
2749 5313 3017 5384 ἡσυχάζει
3038 5309 3406 5386 ἐκδεχόμενος,
3435 5318 3562 5366 πότε
3591 5309 3893 5386 διανὴψει,

487 5392 1124 5464 quiescitexspectans,
1142 5392 1390 5464 quando
1411 5392 1745 5464 resipiscat,
1759 5400 1815 5449 et
1835 5401 2089 5453 avertatt

2271 5403 2344 5452 tui
2401 5398 2870 5474 ἀποστραφήσεται
2933 5409 3026 5455 τοῦ
3095 5408 3284 5476 μηκέτι
3365 5401 3740 5478 προσκόπτειν,
3821 5403 3873 5456 ἕν

485 5497 523 5538 a
553 5483 996 5540 committendis
1015 5483 1299 5555 peccatis,
1325 5483 1619 5556 recipiens
1647 5499 1784 5540 eum
1811 5500 1844 5540 a
1892 5494 2087 5559 peccat

2265 5487 2410 5563 πολλῇ
2453 5489 2629 5566 ἀγάπη
2679 5496 2770 5546 καὶ
2815 5497 2966 5568 χαρᾷ
3016 5495 3104 5546 τόν
3162 5491 3536 5567 ἐπιστρέφοντα
3593 5493 3697 5546 ἀπὸ
3768 5500 3867 5556 vi:

565 5674 611 5707 η
646 5675 810 5728 Rom.
848 5689 906 5744 ιι,
959 5677 1012 5728 4.
1093 5676 1138 5708 ⁵³
1172 5675 1314 5729 ibid.
1351 5679 1399 5730 5.
1481 5676 1527 5708 “
1561 5677 1730 5731 Rom.
1769 5691 1848 5746 ix,
1879 5679 1941 5745 4,
1969 5681 2020 5734 5.
2104 5677 2152 5715 ⁸⁸

1093 5676 1138 5708 ⁵³
1172 5675 1314 5729 ibid.
1351 5679 1399 5730 5.
1481 5676 1527 5708 “
1561 5677 1730 5731 Rom.
1769 5691 1848 5746 ix,
1879 5679 1941 5745 4,
1969 5681 2020 5734 5.
2104 5677 2152 5715 ⁸⁸
2179 5680 2372 5739 Matth.
2396 5697 2553 5748 niv,
2585 5684 2639 5738 2.
