4086 6194
184 284 283 342 ιδο

184 414 438 483 ἁμαρτίας
459 407 766 483 δεχόμενος.
802 412 954 467 Οὕτω
976 415 1079 489 γάρ
1106 434 1237 488 φησι
1262 432 1276 446 ο
1308 417 1486 489 Χαρά
1522 420 1780 489 γίνεται
1812 418 1857 471 Α

183 500 276 552 ixi
316 498 409 552 ένὶ
452 499 802 573 ἁμαρτωλῷ
830 511 1290 574 μετανοοῦντι·
1320 509 1408 557 καὶ
1436 504 1618 557 πάλιν·
1654 506 1779 559 Οὐκ

184 591 313 641 ἔστι
377 590 628 661 θέλημα
681 599 793 644 τοῦ
834 596 1078 666 Πατρός
1134 613 1275 665 μου,
1321 594 1420 646 ἶνα
1458 593 1780 653 ἀπόληται

185 680 265 739 εἷς
300 687 426 731 τῶν
466 688 709 751 μικρῶν
749 685 990 734 τούτων
1030 691 1149 735 τῶν
1188 683 1581 755 έλαχίστων.
1614 684 1673 737 Εἰ
1721 682 1783 738 δέ

183 788 253 830 τις
275 776 370 829 τῆς
397 775 775 841 χρηστότητος
799 776 890 824 καὶ
910 774 1274 847 μακροθυμίας
1302 781 1391 826 τοῦ
1424 780 1559 827 Θεοῦ
1592 774 1780 835 πολλῆς

184 856 498 931 ἐπικειμένης
542 858 619 912 ἔπ’
668 860 829 931 αὐτῷ,
881 866 952 931 μὴ
1005 861 1408 934 ἑπεξερχομένου
1456 863 1529 925 εἰς
1580 864 1780 935 ἄμυναν

185 955 282 1009 τοῖς
346 951 486 1000 κατὰ
538 952 689 1022 μέρος
738 958 840 1001 τῶν
892 949 1283 1024 ἁμαρτημάτων
1349 957 1777 1027 προσκόμμασιν,

186 1040 277 1089 εἶτε
324 1045 600 1109 κρυπτοῖς,
664 1040 766 1091 εἴτε
822 1046 1078 1113 φανεροῖς,
1151 1042 1369 1112 ὁρῶντος
1418 1046 1509 1093 καὶ
1569 1044 1781 1113 ἡσυχά-

187 1125 356 1188 ζοντος
379 1129 445 1187 ὡς
490 1125 563 1189 εἰς
609 1129 884 1198 μετάνοιαν
924 1124 1277 1201 ἐκδεχομένου
1309 1137 1400 1182 τοῦ
1436 1137 1591 1196 Θεοῦ,
1625 1130 1781 1194 αὐτὸς

190 1215 257 1276 είς
306 1220 691 1289 καταφρόνησιν
744 1216 935 1275 πολλὴν
990 1216 1167 1284 ἕλθὼν,
1215 1218 1573 1291 ἁμαρτήματα
1618 1239 1783 1294 προσ-

185 1306 389 1362 τίθησιν
446 1304 531 1357 ἐπὶ
620 1305 999 1380 ἁμαρτήματα,
1067 1313 1155 1360 καὶ
1226 1309 1483 1383 ῥᾳθυμίαν
1553 1308 1637 1363 ἐπὶ
1691 1311 1783 1384 ῥᾳ-

184 1394 367 1463 θυμίαν
443 1401 721 1462 συνάπτει,
788 1400 879 1448 καὶ
936 1402 1256 1469 πρόσκομμα
1314 1396 1402 1450 ἐπὶ
1462 1404 1783 1471 πρόσκομμα

178 1478 461 1554 οἰκοδομεῖ,
494 1482 691 1557 πληροῖ
729 1487 851 1546 τοὺς
895 1485 1050 1556 ὅρους
1094 1494 1192 1539 τῶν
1225 1486 1514 1561 ἁμαρτιῶν,
1568 1490 1658 1539 καὶ
1715 1486 1782 1547 εἰς

180 1579 421 1623 τοσοῦτον
474 1574 651 1624 λοιπὸν
721 1578 1043 1647 πρόσκομμα
1110 1578 1342 1649 ἔρχεται,
1399 1574 1452 1640 έξ
1498 1576 1559 1629 οὗ
1606 1576 1781 1628 οὐκέτι

182 1657 397 1714 δύναται
457 1660 757 1729 ἀνανεῦσαι,
814 1662 943 1717 ἀλλὰ
999 1664 1330 1738 συντρίϐεται
1386 1672 1475 1720 κάὶ
1527 1666 1599 1729 είς
1641 1665 1782 1729 τέλος

179 1760 244 1821 τῷ
270 1758 488 1824 πονηρῷ
526 1749 850 1823 παραδοθεὶς
880 1754 1188 1810 ἀπόλλυται.

1821 1766 1863 1821 Β

248 1874 369 1930 KB’.
400 1876 579 1937 Θῦτως
607 1875 691 1930 ἐπὶ
722 1873 966 1951 Σοδόμων
994 1883 1190 1951 γέγονε.
1225 1879 1396 1934 Πολλὰ
1417 1884 1519 1955 γὰρ
1549 1881 1785 1954 ἁμαρτά-

179 1984 339 2025 νοντες
396 1970 486 2018 καὶ
541 1965 635 2018 οὐκ
691 1969 1102 2040 ᾶπιστρέφοντες,
1161 1969 1377 2043 ὕστερον
1434 1970 1566 2023 οὕτω
1613 1990 1782 2042 προσ-

183 2054 373 2125 έκοψαν
426 2054 513 2123 έμὶ
566 2063 628 2127 τῇ
688 2064 788 2107 τῶν
845 2054 1072 2128 ἀγγέλων
1123 2064 1257 2130 κακῇ
1328 2056 1517 2131 βουλῇ,
1581 2057 1784 2134 ἀρῥενο·

182 2147 382 2195 κοιτίαν
450 2143 517 2205 εἰς
582 2143 773 2205 αὐτοὺς
840 2143 1171 2219 έργάσασθαί
1250 2146 1572 2210 θελήσαντες,
1649 2148 1783 2199 ὥστε

180 2236 364 2303 μηκέτι
447 2231 634 2293 αὐτοὺς
704 2236 844 2304 ἔχειν
932 2236 1226 2305 μετάνοιαν,
1307 2234 1414 2287 ἀλλ’
1503 2236 1570 2297 είς
1641 2234 1783 2298 τέλος

181 2317 713 2392 ἀπεδοκιμάσθησαν.
774 2322 1178 2397 Ἀνεπὶήρωσαν
1223 2326 1326 2396 γὰρ
1374 2327 1460 2378 τὸν
1521 2327 1636 2398 ὅρον
1684 2332 1782 2377 τῶν

181 2409 465 2482 ἁμαρτιῶν,
521 2414 610 2462 καὶ
672 2411 998 2484 ὑπερέϐησαν
1023 2434 1036 2447 ·
1095 2409 1182 2466 διὸ
1259 2418 1349 2467 καὶ
1430 2418 1783 2487 πυρίκαυστοι

181 2501 273 2551 ὑπό
315 2506 415 2561 τῆς
466 2500 605 2561 Θείας
649 2498 807 2563 δίκης
851 2502 1166 2572 γεγόνασινο
1199 2503 1363 2566 οὕτως
1412 2507 1503 2556 καὶ
1545 2502 1626 2555 έπὶ
1671 2509 1785 2556 Νῶε

184 2592 378 2658 γέγονε,
436 2592 857 2663 προσκόπτοντες
905 2590 1071 2643 πολλὰ
1122 2596 1212 2644 καὶ
1269 2599 1652 2663 μετανοοῦντες,
1711 2592 1786 2654 εἰς

186 2676 477 2733 τηλικαῦτα
553 2676 907 2751 ἁμαρτήματα
980 2681 1230 2751 ἔφθασαν,
1299 2683 1436 2734 ὥστε
1503 2680 1575 2741 εἰς
1642 2680 1785 2740 τέλος

182 2770 349 2818 πᾶσαν
409 2769 509 2823 τὴν
552 2774 653 2837 γῆν
708 2769 1127 2840 καταφθαρῆναι,
1185 2770 1365 2831 Οῦτως
1407 2770 1498 2822 κᾶὶ
1556 2768 1639 2821 ἐπὶ
1686 2776 1786 2821 τῶν

182 2854 481 2927 Αἰγυπτίων
534 2855 700 2908 πολλὰ
750 2857 1179 2929 προσκοψάντων,
1230 2862 1317 2911 καὶ
1381 2860 1454 2920 εἰς
1522 2861 1609 2911 τὸν
1664 2858 1786 2910 λαὸν

184 2950 267 2995 τοῦ
338 2950 481 2997 Θεοῦ
544 2944 987 3016 ἁμαρτησάντων,
1051 2947 1402 3021 έχρηστεύετο
1458 2948 1484 2999 6
1532 2951 1658 3008 Θεὸς
1713 2950 1784 3018 μὴ

182 3034 419 3093 τοιαύτας
490 3032 669 3096 αὐτοῖς
727 3036 988 3107 μάστιγας
1040 3033 1311 3108 έπιφέρειν,
1379 3038 1514 3089 ὥστε
1578 3037 1647 3097 εἰς
1708 3040 1790 3089 τέ-

179 3120 261 3183 λος
310 3121 501 3182 αὐτοὺς
556 3118 863 3197 διαφθεῖραι
896 3141 908 3153 ·
939 3123 1047 3176 ἀλλ’
1095 3124 1164 3186 εἰς
1214 3122 1485 3190 παιδείαν,
1540 3130 1631 3179 καὶ
1675 3128 1792 3178 ἓπι-
1828 3107 1867 3162 C

186 3215 428 3282 στροφὴν,
489 3215 579 3263 καὶ
633 3213 906 3283 μετάνοιαν
961 3215 1127 3286 ἔφερεν
1193 3214 1369 3276 αὐτοῖς
1425 3214 1621 3277 ἐκείνας
1698 3216 1794 3276 τὰς

182 3302 367 3371 μικρὰς
405 3299 613 3371 πληγὰς
660 3308 759 3352 τῶν
801 3306 1096 3373 μαστίγων,
1150 3306 1524 3376 μακροθυμῶν,
1582 3309 1673 3356 καὶ
1720 3303 1792 3365 εἰς

183 3391 449 3457 μετάνοιαν
488 3389 681 3452 αὐτοὺς
718 3386 1081 3463 ἓκδεχόμενος.
1124 3394 1192 3446 Οἱ
1232 3390 1313 3458 δε,
1353 3393 1519 3447 πολλὰ
1555 3393 1793 3468 ἀμαρτή-

186 3494 354 3538 σαντες
415 3477 494 3539 εἰς
566 3481 653 3530 τὸν
702 3479 825 3531 λαὸν
878 3487 971 3533 τοῦ
1037 3485 1165 3535 Θεοῦ
1221 3487 1305 3533 καὶ
1376 3472 1793 3556 έπιστρέφοντεςι

187 3570 270 3617 καὶ
332 3565 493 3618 πάλιν
567 3568 989 3640 μεταμελόμενοι,
1062 3576 1151 3623 καὶ
1235 3570 1304 3632 είς
1386 3576 1481 3630 τὴν
1559 3572 1791 3645 ἀρχαίαν

190 3653 430 3709 ἀπιστίαν
490 3664 589 3718 τῆς
642 3666 811 3719 κακῆς
864 3662 1218 3732 προαιρέσεως
1274 3662 1671 3732 καθιστάμενοι,
1700 3666 1792 3714 καὶ

194 3745 270 3794 τὸν
314 3745 438 3796 λαὸν
470 3753 563 3797 τοῦ
609 3752 742 3799 Θεοῦ
786 3752 1254 3814 καταπονήσαντες,
1308 3748 1552 3821 ὕστερον,
1591 3750 1671 3802 ὅτε
1698 3746 1792 3802 διὰ

194 3832 493 3904 θαυμασίων
523 3833 723 3887 πολλῶν
754 3835 780 3886 6
824 3838 948 3895 Θεὸς
978 3838 1066 3888 τὸν
1105 3836 1227 3889 λαὸν
1278 3836 1331 3900 ἐξ
1376 3838 1647 3909 Αἰγύπτου
1700 3834 1792 3890 διὰ

192 3926 404 3986 Μωσέως
471 3921 696 3991 έξέϐαλε,
756 3927 895 3995 μέγα
944 3925 1301 3997 προσέκοψαν,
1374 3924 1794 3990 καταδιώξαντες

194 4008 348 4063 ὀπίσω
372 4018 468 4065 τοῦ
486 4012 618 4065 λαοῦ
644 4019 737 4065 τοῦ
760 4020 915 4067 Θεοῦ.
944 4017 1031 4067 Διό
1062 4019 1152 4067 καὶ
1179 4015 1249 4077 εἰς
1272 4014 1416 4078 τέλος
1446 4017 1476 4074 ἠ
1513 4017 1626 4067 θεία
1664 4012 1789 4074 δίκη

192 4101 390 4162 τούτους
420 4100 662 4158 ἀνήλωσε
689 4106 777 4154 καὶ
821 4098 1099 4174 διέφθειρε,
1137 4108 1227 4155 καὶ
1255 4102 1303 4155 έν
1333 4111 1443 4166 τοῖς
1475 4099 1641 4156 ὕδασι
1671 4118 1793 4156 κατ’

192 4194 433 4254 επὸντισε,
500 4187 643 4262 μηδε
684 4198 778 4254 τῆς
818 4192 1086 4265 όρωμένης
1138 4193 1281 4256 ζωῆς
1324 4192 1497 4256 ἀξίους
1544 4197 1789 4266 κρίνασαο

258 4312 351 4366 ΚΓ
395 4313 626 4385 Ὁμοίως
679 4316 705 4367 6
772 4315 1009 4388 Ἰσραήλ,

192 4408 526 4470 προσκύπτων
589 4409 679 4457 καὶ
757 4403 1087 4477 ἁμαρτάνων,

1094 4318 1160 4376 ὡς
1231 4333 1562 4391 προειρηται,
1631 4317 1795 4371 πολλὰ

1167 4410 1285 4467 τοὺς
1367 4411 1642 4480 προφήτας
1702 4414 1794 4460 τοῦ

196 4495 320 4542 Θεοῦ
356 4490 694 4561 ἀποκτείνων,
726 4498 817 4546 καὶ
867 4492 998 4545 ἄλλα
1040 4493 1203 4546 πολλὰ
1260 4498 1398 4547 κακά
1441 4504 1623 4560 ποιῶν,
1685 4495 1795 4556 imi

196 4577 221 4628 6
261 4583 378 4642 Θεὸς
432 4581 788 4654 ἐμακροθύμει
848 4584 1163 4652 ἡσυχάζων,
1233 4587 1319 4635 καὶ
1374 4584 1446 4646 εἰς
1521 4586 1795 4656 μετάνοιαν

198 4665 372 4732 αὐτοὺς
420 4667 791 4742 ἕκδεχόμενος,
834 4674 1064 4743 ἰσχατον
1100 4672 1236 4724 οὕτω
1287 4673 1642 4747 προσέκοψαν,
1684 4673 1795 4726 ὃθεν

202 4757 539 4828 συντριϐέντες
596 4759 770 4812 οὐκέτι
828 4759 1153 4833 ἠγέρθησαν.
1213 4760 1295 4821 Εἰς
1362 4764 1420 4813 τό
1484 4764 1797 4815 Δεσποτικὸν

196 4848 288 4916 γὰρ
340 4847 544 4919 αξίωμα
603 4851 697 4911 τὰς
764 4849 960 4902 ἑαυτῶν
1017 4858 1205 4923 χεῖρας
1263 4849 1527 4906 ἐπέϐαλον.
1588 4854 1676 4904 Διό
1707 4849 1797 4902 καὶ

203 4930 266 4993 li;
312 4934 447 4996 τέλος
518 4936 945 5010 καταλειφθέντες
1027 4937 1418 5008 ἀπεϐλήθησαν,
1497 4944 1589 4991 καὶ
1658 4940 1794 5013 ἤρθη

208 5015 284 5070 ἀπ’
310 5024 468 5076 αὐτῶν
498 5026 529 5083 ἡ
574 5031 885 5098 προφητεία,
917 5031 1006 5079 καὶ
1039 5029 1069 5086 ἡ
1104 5029 1350 5099 ἱερατεία,
1377 5032 1465 5080 καὶ
1499 5030 1529 5086 ἠ
1562 5028 1794 5102 λατρεία,

204 5113 283 5160 καὶ
320 5108 470 5171 έδόθη
510 5122 621 5176 τοῖς
674 5118 1026 5167 πιστεύσασιν
1075 5117 1291 5183 ἔθνεσιν,
1336 5117 1402 5176 ὦς
1445 5135 1608 5187 φησιν
1642 5118 1667 5168 6
1697 5119 1797 5170 Κύ-

203 5213 334 5267 ριος’
378 5203 764 5275 Ἀρθήσεται
822 5202 920 5274 ἀφ’
981 5205 1152 5275 ὑμῶν
1202 5205 1232 5263 ἠ
1284 5202 1624 5275 βασιλεία,
1687 5209 1797 5257 καὶ

207 5278 525 5344 δοθήσεται
576 5291 743 5343 ἱθνει
795 5298 1087 5344 ποιοῦντι
1141 5298 1292 5353 τοῦς
1361 5296 1649 5365 καρποὺς
1699 5291 1797 5344 αὐ-

202 5379 267 5430 τῆ
285 5394 325 5435 ς.
377 5382 552 5453 Μέχρι
580 5382 683 5454 γὰρ
714 5384 832 5433 τότε
858 5380 1101 5453 ἠνείχετο
1128 5380 1314 5447 αὐτῶν,
1345 5386 1435 5434 καὶ
1465 5383 1491 5435 6
1519 5385 1647 5443 Θεὸς
1671 5379 1798 5454 ίμα-

200 5465 457 5538 κροθύμει,
484 5473 575 5522 καὶ
598 5468 693 5523 οῦκ
723 5468 981 5543 ἀφίστατο
1000 5469 1455 5544 σπλαγχιζόμενος
1474 5469 1747 5532 έπάὖτοὺς
1771 5490 1787 5507 ·

1825 4462 1870 4515 D

277 5641 327 5680 ⁸⁸
353 5643 488 5705 Luc.
518 5661 616 5715 xv,
653 5647 739 5707 to.

1480 289 1820 350 HOMILLB.
1848 322 1919 335 --
1953 294 2125 353 HOM.
2168 292 2263 357 IV.

3441 306 3549 363 490

1890 437 2248 481 conversum
2287 440 2425 480 cum
2468 443 2688 497 magna
2721 428 3036 486 dilectione
3074 432 3129 485 et
3169 432 3412 499 gaudio.
3455 432 3547 489 Sic

1891 512 2043 567 enim
2073 512 2261 584 inquit
2277 531 2293 567 :
2309 515 2604 572 Gaudium
2627 517 2695 584 ﬁt
2723 533 2904 586 super
2936 526 3378 589 unopeccatore
3409 522 3549 577 resi-

1886 599 2149 670 piscente
2160 603 2227 656 η.
2251 604 2311 657 Et
2327 618 2564 658 rursum
2600 621 2613 659 :
2653 606 2780 661 Non
2794 606 2947 662 enim
2962 611 3045 662 est
3058 608 3328 664 voluntas
3345 609 3547 665 Patris

1890 687 2020 751 mei,
2045 695 2110 744 ut
2143 696 2347 757 pereat
2376 708 2529 748 unus
2559 708 2634 749 ea:
2655 696 2896 762 pavidis
2927 696 3054 751 istis
3087 697 3348 754 minimis
3379 699 3456 754 ‘7.
3486 699 3545 754 Si

1890 792 2032 832 vero
2062 779 2198 850 quis
2238 780 2458 849 ingenti
2498 798 2640 853 erga
2671 799 2734 837 se
2760 783 3026 839 bonitate
3055 800 3125 840 ac
3153 785 3390 842 lenitate
3423 787 3543 852 Dei,

1890 865 1993 935 qui
2043 866 2099 921 in
2160 867 2481 923 vindictam
2556 870 2890 937 sigulorum
2964 879 3367 941 peccatorum,
3420 879 3543 929 tam

1889 954 2260 1011 occultorum
2282 973 2467 1029 quam
2488 958 2963 1023 manifestorum,
2988 975 3106 1015 non
3132 962 3417 1031 procedit,
3442 963 3542 1018 sed

1891 1049 2142 1113 spectat,
2176 1050 2345 1111 tacet,
2376 1062 2445 1103 ac
2476 1051 2761 1118 tanquam
2792 1048 3203 1118 paenitentiam
3232 1051 3544 1120 praestola-

1892 1140 2003 1198 tur,
2045 1133 2294 1199 abusus,
2328 1150 2399 1190 eo
2438 1137 2828 1191 contumaciae
2862 1136 3167 1205 procedat,
3211 1142 3273 1192 ut
3304 1144 3547 1208 peccata

1892 1223 2145 1291 peccatis
2168 1229 2455 1292 apponat,
2475 1229 2530 1278 et
2560 1224 2897 1280 socordiam
2923 1224 3213 1280 socordia
3242 1229 3544 1296 annectat,

1892 1315 1947 1365 et
1977 1310 2270 1367 offensam
2289 1311 2535 1367 offensas
2553 1313 3007 1383 superasdiﬁcet,
3038 1314 3132 1370 ille
3156 1330 3369 1369 omnes
3399 1314 3549 1371 ﬁnes

1893 1400 2117 1471 peccati
2148 1400 2375 1471 implet,
2404 1406 2458 1457 et
2481 1402 2538 1457 in
2569 1406 2795 1458 tantam
2824 1402 3441 1474 iniquitatemincidit,
3475 1419 3547 1459 ex

1891 1504 2014 1560 qua
2037 1504 2341 1558 emergere
2371 1505 2491 1545 non
2532 1492 2744 1561 possit,
2775 1490 2884 1547 sed
2910 1492 3253 1558 conteritur,
3289 1496 3345 1547 et
3387 1492 3547 1549 malo

1892 1578 1953 1633 in
1979 1582 2333 1650 perpetuum
2361 1579 2630 1647 traditus,
2663 1579 2829 1652 perit.

1968 1884 2084 1954 20
2130 1884 2275 1939 XXII.
2326 1884 2419 1939 Sic
2472 1882 2800 1940 Sodomitis
2848 1884 3112 1953 contigit.
3167 1884 3342 1941 Multa
3384 1885 3545 1941 enim

1892 1988 2031 2028 cum
2060 1978 2424 2043 peccassent,
2446 1988 2554 2028 nec
2570 1974 2839 2028 conversi
2865 1972 3132 2041 fuissent,
3156 1989 3227 2029 eo
3252 1973 3543 2039 criminis,

1892 2062 1970 2115 ob
1999 2061 2333 2132 pessimum
2375 2061 2436 2116 in
2476 2060 2722 2130 angelos
2761 2061 3102 2127 consilium,
3145 2062 3545 2117 masculinum

1891 2151 2109 2205 coitum
2149 2166 2288 2205 cum
2328 2149 2439 2205 illis
2478 2150 2808 2216 exercituri,
2839 2150 3104 2223 prolapsi
3144 2158 3301 2216 sunt,
3339 2154 3401 2206 ut
3440 2166 3550 2206 nec

1894 2238 2152 2309 amplius
2181 2239 2524 2309 pcenitentia
2553 2238 2933 2303 ducerentur,
2967 2239 3071 2294 sed
3093 2240 3151 2294 in
3180 2244 3541 2311 perpetuum

1893 2328 2373 2398 reprobarentur.
2396 2327 2799 2398 Impleverunt
2823 2328 2982 2383 enim
2998 2328 3283 2384 terminos
3300 2328 3545 2399 peccati,

1893 2415 2166 2488 quinimo
2214 2416 2568 2486 transgressi
2607 2421 2763 2472 sunt.
2808 2418 3002 2482 Quare
3048 2417 3174 2487 igni
3223 2432 3295 2473 ex
3340 2417 3544 2473 divino

1892 2504 2119 2574 iudicio
2165 2506 2507 2576 consumpti
2557 2509 2717 2560 sunt.
2771 2508 2856 2560 Ita
2900 2510 2957 2561 et
3002 2505 3379 2577 temporibus
3427 2508 3545 2562 Noe

1894 2594 2159 2662 contigit,
2189 2594 2374 2649 multa
2400 2609 2538 2649 cum
2569 2593 2794 2650 scelera
2822 2598 3283 2665 perpetrassent,
3318 2609 3427 2649 nec
3457 2609 3551 2650 re-

1895 2683 2240 2756 sipuissent,
2272 2683 2331 2738 in
2365 2688 2529 2739 tanta
2560 2688 2804 2755 peccata
2833 2683 3187 2748 inciderunt,
3222 2689 3285 2739 ut
3306 2682 3550 2739 tandem

1898 2773 2175 2828 universa
2214 2776 2370 2827 terra
2417 2771 2653 2842 periret.
2696 2771 2790 2827 Sic
2828 2772 2887 2827 in
2937 2772 3243 2844 Egyptios
3294 2770 3548 2829 multum

1897 2859 2268 2916 offendentes
2295 2865 2352 2915 et
2380 2860 2438 2914 in
2465 2860 2562 2915 Dei
2587 2860 2883 2931 populum
2906 2866 3220 2931 peccantes
3238 2859 3554 2916 clementia

1899 2953 2052 3005 Deus
2087 2965 2228 3005 usus
2267 2952 2374 3015 est,
2415 2963 2535 3004 non
2567 2949 2745 3004 tantis
2776 2948 2971 3019 pmnis
3003 2948 3136 3003 illos
3168 2946 3456 3013 afﬁciens,
3488 2950 3552 3002 ut

1898 3037 2147 3093 omnino
2178 3036 2467 3106 perirent:
2499 3036 2606 3092 sed
2623 3036 2699 3092 ad
2721 3036 3197 3106 castigationem,
3218 3035 3554 3091 conversio-

1902 3141 2037 3180 nem
2065 3130 2122 3181 et
2158 3125 2569 3196 paenitentiam
2610 3123 2822 3179 inﬂixit
2850 3125 2994 3195 ipsis
3026 3124 3272 3192 exiguas
3301 3124 3414 3179 has
3448 3122 3552 3178 ﬂa-

1903 3212 2193 3281 gellorum
2216 3212 2448 3284 plagas,
2471 3212 2711 3281 patienti
2734 3211 2940 3268 animo
2962 3216 3316 3282 exspectans
3342 3226 3551 3265 eorum

1901 3302 2391 3374 resipiscentiam.
2434 3303 2641 3357 Vrrum
2692 3300 2772 3365 hi,
2812 3317 2951 3356 cum
2992 3299 3199 3356 multis
3247 3299 3443 3356 modis
3492 3298 3551 3353 in

1903 3391 2196 3463 populum
2241 3390 2339 3446 Dei
2380 3393 2747 3463 peccassent,
2787 3394 2844 3445 et
2881 3388 2959 3445 ad
3007 3390 3196 3445 Deum
3234 3402 3554 3444 conversos

1902 3480 2279 3550 postmodum
2303 3478 2710 3535 conversionis
2728 3477 3061 3549 paeniteret,
3080 3482 3137 3533 et
3154 3477 3211 3532 in
3230 3476 3557 3532 inveterata

1902 3585 2101 3640 pravae
2140 3568 2461 3625 voluntatis
2498 3566 2824 3623 difﬁdentia
2871 3566 2988 3637 ipsi
3035 3566 3553 3631 constituerentur,

1901 3658 2315 3730 populumque
2347 3658 2443 3712 Dei
2486 3656 2772 3713 molestiis
2809 3654 2929 3711 fere
2966 3655 3396 3726 opprimerent,
3426 3658 3555 3708 tan-

1899 3748 2061 3813 dem,
2102 3762 2240 3802 cum
2280 3762 2385 3816 per
2422 3745 2686 3815 ingentia
2726 3743 3016 3800 miracula
3056 3744 3211 3817 Deus
3259 3741 3556 3813 populum

1903 3852 2077 3890 suum
2138 3851 2208 3891 ex
2266 3838 2520 3905 Egpyto
2561 3848 2667 3903 per
2704 3834 2903 3888 Mosen
2956 3834 3253 3893 educeret,
3296 3829 3556 3898 graviter

1900 3930 2242 3996 peccarunt,
2296 3924 2723 3993 persequentes
2772 3936 2809 3977 a
2855 3924 3021 3989 tergo
3071 3917 3367 3990 populum
3426 3915 3552 3971 Dei.

1901 4015 2274 4084 Quapropter
2299 4010 2547 4065 demum
2560 4009 2855 4081 judicium
2876 4007 3150 4063 divinum
3170 4005 3298 4061 illos
3313 4004 3553 4076 penitus

1901 4100 2274 4171 consumpsit
2294 4104 2350 4154 et
2369 4098 2605 4163 delevit,
2637 4101 2695 4153 et
2721 4096 2896 4170 aquis
2916 4094 3164 4152 obrutos
3186 4109 3260 4150 ne
3280 4093 3396 4150 hac
3423 4092 3554 4165 qui-

1901 4190 2040 4246 dem
2071 4190 2189 4245 vita
2218 4188 2508 4258 dignatus
2535 4190 2643 4244 est.

1973 4313 2154 4370 XXIII.
2180 4311 2403 4367 Eodem
2434 4309 2614 4366 modo
2628 4308 2887 4381 populus
2909 4306 3107 4373 Israel,
3128 4304 3559 4378 utpraedictum

1901 4408 2009 4467 est,
2036 4418 2174 4458 cum
2204 4400 2407 4457 multis
2436 4397 2851 4471 iniquitatibus
2879 4400 2937 4453 et
2961 4397 3216 4470 peccatis
3245 4410 3308 4450 se
3340 4393 3562 4466 pollue—
3635 4472 3643 4477 _

1905 4498 2006 4559 ret,
2039 4489 2394 4546 interﬁciens
2424 4488 2748 4560 prophetas
2773 4485 2894 4552 Dei,
2926 4489 2982 4542 et
3020 4484 3141 4542 alia
3160 4484 3449 4549 facinora,
3476 4483 3563 4537 in-

1903 4580 2071 4635 ﬁnita
2099 4584 2470 4651 perpetrans,
2498 4576 2643 4648 quia
2676 4578 2831 4632 Deus
2863 4574 3197 4647 quiescens,
3228 4576 3283 4628 et
3321 4572 3561 4628 illorum

1906 4668 2314 4740 paenitentiam
2349 4670 2723 4739 exspectans,
2763 4664 3002 4720 lenitate
3047 4662 3233 4718 multa
3264 4662 3559 4727 utebatur,

1909 4759 2149 4813 tandem
2178 4757 2257 4812 ita
2280 4761 2623 4827 peccarunt,
2646 4749 3558 4815 utcontritinonresurrexerint;

1908 4845 2203 4917 siquidem
2234 4845 2291 4899 in
2317 4844 2688 4899 Dominicam
2708 4842 3085 4913 majestatem
3110 4854 3327 4895 manus
3349 4837 3563 4909 injece—

1907 4940 2059 4990 rant.
2120 4934 2405 4999 Quocirca
2451 4932 2510 4987 in
2571 4937 2927 5003 perpetuum
2968 4929 3186 4986 deserti
3235 4942 3306 4985 ac
3360 4925 3562 4997 rejecti

1909 5028 2067 5093 sunt,
2117 5029 2173 5079 et
2225 5022 2427 5079 ablata
2482 5021 2560 5078 ab
2606 5020 2721 5077 illis
2767 5019 3098 5092 prophetia,
3129 5016 3554 5085 sacerdotium,

1906 5119 1963 5169 et
1987 5113 2178 5168 cultus
2202 5112 2321 5177 Dei,
2353 5116 2409 5166 et
2437 5111 2580 5166 data
2600 5114 2738 5165 sunt
2766 5124 2833 5163 ea
2856 5108 3133 5180 gentibus
3157 5104 3560 5169 credentibus,

1908 5201 2063 5256 sicut
2092 5201 2173 5256 ait
2202 5199 2491 5255 Dominus
2524 5214 2535 5254 :
2564 5199 2893 5268 Auferetur
2921 5212 2957 5252 a
2993 5196 3155 5253 vobis
3195 5209 3469 5264 regnum,
3501 5196 3556 5248 et

1906 5290 2153 5347 dabitur
2175 5290 2339 5359 genti
2358 5288 2592 5357 fructus
2607 5289 2729 5357 ejus
2737 5285 2991 5357 facienti
3003 5286 3071 5339 “.
3090 5286 3384 5340 Hactenus
3398 5281 3560 5336 enim

1908 5379 2272 5434 sustinuerat
2302 5375 2432 5432 illos
2467 5378 2639 5441 Deus,
2670 5390 2781 5431 nec
2801 5373 3149 5431 destituerat
3177 5371 3307 5427 illos
3327 5385 3401 5427 ex
3424 5368 3556 5426 inti-

1911 5467 2024 5524 mis
2066 5465 2395 5523 visceribus
2432 5480 2642 5522 eorum
2680 5464 2980 5522 misertus.
3020 5461 3317 5529 Quoniam
3356 5462 3562 5520 autem

817 5648 862 5685 "'
890 5647 1099 5706 Matth.
1125 5649 1287 5712 κνιὶι,
1317 5650 1382 5705 14
1460 5649 1507 5694 ι’
1527 5649 1724 5711 Matth.
1747 5663 1872 5716 ni,
1890 5645 1979 5709 43.
