4058 6194
527 268 629 327 Μ
1810 263 1873 323 9.
1914 261 2215 322 MACARII
2260 260 2574 331 @GYPTN
3772 270 3879 330 492

525 390 927 469 impleverunt
956 395 1278 453 terminum
1290 396 1540 468 peccati,
1555 395 1677 451 imo
1690 392 1971 450 manibus
1985 394 2127 447 Dom

2289 391 2370 443 ὅτι
2400 387 2459 445 δε
2489 390 2858 465 ἀνεπλήρωσαν
2896 396 2983 446 τόν
3021 395 3136 466 ὃρον
3166 402 3265 447 τῶν
3305 394 3592 468 ἁμαρτιῶν,
3640 400 3728 448 καὶ
3765 398 3878 450 ὑπε-

532 486 683 543 nicas
708 486 1006 557 majestati
1033 486 1262 557 injectis
1300 484 1659 555 transgressi
1687 488 1845 547 sunt,
1876 482 1934 537 in
1971 497 2134 553 perpc

2288 480 2653 551 ρεπλεόνασαν,
2688 482 2761 543 εἰς
2789 486 2845 535 τὸ
2878 487 3190 535 Δεσποτικὸν
3221 483 3426 555 ἀξίωμα
3454 482 3547 545 τὰς
3576 492 3762 558 χεῖρας
3790 487 3876 538 αύ-

530 580 701 633 tuum
735 592 773 632 a
796 576 916 632 Deo
945 580 1085 631 sunt
1110 575 1350 632 deserti.

2288 578 2386 622 τῶν
2406 569 2751 635 επιϐαλόντες,
2786 571 2858 633 εἰς
2879 572 3019 634 τελος
3040 574 3139 625 ὑπὸ
3169 582 3261 626 τοῦ
3291 581 3423 627 Θεοῦ
3454 573 3876 646 κατελείφθησαν.

596 682 775 739 XXIV.
810 683 1125 745 Castorum,
1154 680 1370 743 dilecti,
1401 680 1529 735 hac
1567 677 1869 757 copiosius
1899 676 2179 731 disserui-

2365 694 2484 752 KA'.
2538 703 2715 749 Ταῦτα
2768 693 2827 750 δε
2885 694 2977 749 διὰ
3047 698 3290 751 πλειόνων
3342 696 3697 771 διεξήλθομεν,
3750 699 3883 771 ἀγα-

532 788 689 832 mus,
743 787 814 827 ex
866 771 1049 826 sacris
1097 771 1322 827 Litteris
1373 774 1730 832 astruentes,
1757 772 2031 838 oportere
2071 780 2134 819 nc

2289 789 2468 848 πητοὶ,
2518 784 2619 836 ἀπὸ
2683 791 2951 857 Γραφικῶν
3000 785 3197 839 ἐννοιῶν
3250 796 3613 853 συνιστώντες,
3666 793 3721 841 τὸ
3776 786 3883 843 δεῖν

527 861 789 918 converti
839 860 1105 925 celerius,
1159 866 1214 914 et
1260 859 1534 913 festinare
1566 857 1643 913 ad
1691 857 2035 918 Dominum,
2076 870 2129 926 qi

2290 875 2430 945 ἡμᾶς
2460 872 2779 947 ἐπιστρέφειν
2826 878 3036 946 τάχιον,
3091 882 3179 928 καὶ
3220 873 3464 929 σπεύδειν
3506 880 3632 951 πρός
3662 881 3747 928 τὸν
3783 881 3886 930 Κύ-

527 952 847 1007 clementer
884 953 1191 1020 exspectat
1229 964 1362 1012 nos,
1390 952 1447 1001 et
1484 947 1562 1002 ab
1591 947 1757 1002 omni
1796 945 2086 1017 pravitate
2125 968 2129 993 ι

2287 982 2397 1037 ριον
2439 945 2854 1035 χρηστνευόμενον
3016 962 3360 1037 ἐκδεχόμενον
3412 945 3552 1037 ἡμᾶς
3579 966 3679 1018 ἀπὸ
3708 969 3885 1028 πάσης

524 1038 1041 1111 prmoccupatione
1081 1036 1241 1092 mala
1279 1036 1513 1108 penitus
1560 1036 1903 1090 recedentes
1955 1048 2126 1103 magn

2287 1036 2535 1125 πονηρίας
2581 1057 2670 1104 καὶ
2726 1052 3029 1125 προλήψεως
3079 1063 3244 1115 κακῆς
3300 1036 3499 1117 τελείως
3549 1054 3882 1127 ἀναχωροῦν-

525 1146 663 1185 cum
694 1128 916 1198 gaudio
945 1126 1170 1198 recipit,
1215 1141 1288 1181 ne
1325 1131 1693 1195 exaugeatur
1731 1126 1787 1179 in
1830 1124 2003 1178 nobis
2034 1138 2127 1177 cor

2286 1161 2396 1203 τας,
2425 1124 2517 1193 καὶ
2547 1143 2941 1213 ἐπιστρέφοντας
2985 1145 3115 1213 μετά
3139 1141 3330 1204 πολλῆς
3361 1150 3533 1217 χαρᾶς
3585 1124 3887 1216 προσδεχό-

528 1222 788 1288 temptus
825 1215 901 1270 de
948 1215 1043 1270 die
1068 1215 1127 1270 in
1166 1215 1347 1278 diem,
1381 1220 1437 1270 et
1494 1217 1742 1285 peccata
1775 1212 2077 1268 cumulata
2116 1212 2130 1265 i

2287 1252 2452 1304 μενον,
2489 1232 2570 1283 ἶνα
2600 1236 2671 1303 μή
2701 1231 2969 1305 ἐπαυξήση
3022 1234 3051 1289 ἠ
3112 1237 3494 1305 καταφρόνησις
3557 1236 3704 1304 ἡμῶν
3760 1236 3889 1305 ἡμέ-

528 1321 638 1362 nos
667 1304 1023 1369 redundent,
1058 1307 1116 1357 et
1145 1303 1224 1358 ob
1254 1303 1312 1358 id
1343 1302 1492 1358 iram
1520 1302 1785 1357 divinam
1820 1300 1993 1356 nobis
2036 1301 2125 1371 ips

2288 1300 2382 1385 ραν
2414 1320 2466 1383 ἐξ
2512 1300 2730 1392 ἡμέρας,
2771 1327 2861 1373 καὶ
2913 1300 2978 1373 τά
3028 1300 3417 1394 προσκόμματα
3467 1300 3705 1394 τιθέμενα
3742 1300 3890 1375 πλεοο

524 1408 932 1451 accersamus.
964 1391 1650 1461 Demusigituroperam,
1666 1397 1728 1445 ut
1749 1390 2019 1445 conversi
2041 1404 2126 1444 ουι

2290 1413 2423 1483 νάση
2486 1409 2553 1470 εἰς
2598 1411 2753 1481 ἡμᾶς,
2786 1415 2875 1461 καὶ
2907 1407 3000 1462 διὰ
3051 1418 3203 1462 τοῦτο
3258 1415 3350 1468 τὴν
3410 1410 3570 1485 ὀργήν
3618 1421 3710 1464 τοῦ
3763 1417 3888 1466 Θεοῦ

530 1499 673 1540 vero
699 1482 877 1537 corde
894 1481 970 1536 ad
988 1496 1125 1535 eum
1145 1480 1525 1544 accedamus,
1552 1495 1671 1535 non
1696 1480 2081 1551 desperantes
2107 1478 2132 1532 ὀ

2291 1499 2635 1571 ἐπενέγκωμεν
2727 1499 2945 1561 ἑαυτοῖς.
3050 1497 3435 1570 Σπουδάσωμεν
3528 1505 3698 1553 τοίνυν
3790 1500 3892 1553 ἔπι-

526 1571 714 1629 salute
740 1570 927 1642 (quod
950 1569 1184 1626 malitiae
1205 1574 1265 1625 et
1286 1569 1590 1640 pravitatis
1618 1570 1927 1640 proprium
1947 1570 2057 1633 est)
2077 1582 2128 1637 p4

2294 1569 2603 1660 στραφέντες
2650 1586 2697 1639 ἐν
2738 1587 2953 1659 ἀληθινῇ
3014 1586 3212 1661 καρδίᾳ
3262 1569 3558 1662 προσελθεῖν
3609 1588 3776 1659 αύτῷ,
3826 1594 3889 1660 μή

524 1659 1005 1717 recordationem
1049 1658 1541 1730 prmvenientium
1594 1670 2002 1727 peccatorum,
2044 1672 2125 1727 qu

2293 1676 2655 1738 ἀπελπίζοντες
2693 1682 2785 1735 τήν
2818 1683 3103 1749 σωτηρίαν,
3151 1680 3272 1751 ὅπερ
3304 1684 3392 1730 καὶ
3422 1683 3549 1731 ᾶύτό
3581 1687 3671 1739 τῆς
3700 1683 3890 1740 κακίας

521 1749 826 1806 hominem
862 1748 938 1802 ad
960 1746 1465 1817 desperationem,
1484 1749 1561 1802 ait
1592 1746 1951 1810 socordiam,
1979 1744 2056 1799 ad
2084 1760 2120 1799 n

2291 1772 2380 1818 καὶ
2437 1772 2755 1841 πανουργίας
2816 1770 3090 1838 τυγχάνει,
3166 1770 3457 1839 ὑπομνήσει
3514 1768 3890 1843 προλαϐουσῶν

529 1837 875 1909 gligentiam
908 1841 962 1892 et
995 1835 1071 1891 ad
1104 1835 1415 1905 segnitiem
1446 1835 1714 1900 adigunt,
1748 1850 1820 1889 ne
1853 1848 2131 1890 conversi

2293 1857 2580 1929 ἁμαρτιῶν,
2623 1856 2693 1917 εἰς
2745 1854 3071 1928 ἀπελπισμὸν
3149 1866 3412 1930 φερουσῶν
3466 1862 3550 1909 τὸν
3595 1859 3890 1929 ἄνθρωπον,

528 1926 606 1983 ad
640 1925 957 1981 Dominum
982 1924 1249 1990 accedat,
1266 1929 1323 1980 et
1350 1924 1558 1979 salutis
1576 1924 1870 1995 particeps
1892 1923 2014 1989 ﬁat,
2042 1938 2130 1977 CUI

2294 1952 2382 1998 καὶ
2421 1946 2487 2005 εἰς
2530 1948 2800 2017 χαύνωσιν
2839 1950 2928 1997 καὶ
2994 1945 3292 2020 ὀλιγωρίαν,
3336 1950 3424 1998 καὶ
3465 1947 3729 2020 ῥᾳθυμίαν
3759 1967 3773 1979 ·
3818 1948 3896 1998 ἶνα

530 2020 743 2071 tamen
779 2030 1019 2070 summa
1058 2014 1398 2084 benignitas
1439 2014 1638 2083 generi
1686 2012 1957 2068 humano
1988 2028 2023 2065 a
2064 2012 2132 2066 De

2295 2040 2364 2107 μή
2417 2012 2731 2107 ἐπιστρέψας
2785 2039 2875 2086 καὶ
2921 2012 3222 2109 προσελθων
3266 2043 3337 2105 τῷ
3394 2012 3897 2110 Κυρίῳ-σωτηρίας

531 2102 845 2178 Ρτοβοδίίθι
868 2103 961 2159 Sit'
2293 2102 2456 2195 τύχη,
2506 2102 2698 2183 πολλής
2756 2102 3122 2195 χρηστότητος
3176 2131 3267 2177 τοῦ
3308 2102 3900 2197 ⁷Κυρίου-ἐπικειμένης

1514 2272 1523 2277 ν
2294 2222 2367 2283 τῷ
2400 2212 2703 2285 ἀνθρωπίνῳ
2740 2216 2894 2283 γένει.

606 2314 759 2371 XXV.
786 2312 956 2379 Quod
1004 2312 1053 2367 si
1096 2326 1239 2368 vero
1268 2311 1427 2367 velut
1455 2310 1696 2366 difﬁcile
1736 2316 1791 2367 et
1818 2309 2185 2382 impossibile

2371 2318 2487 2372 κε’.
2546 2319 2605 2372 Εἰ
2659 2315 2718 2371 δε
2774 2320 2950 2393 ὥσπερ
3010 2315 3264 2371 δύσκολον
3324 2321 3448 2391 ἡμῖν
3504 2324 3896 2392 καταφαίνεται,

531 2403 708 2459 nobis
734 2403 1025 2467 videatur,
1042 2416 1202 2456 nosa
1222 2405 1839 2471 magnapeccatorum
1859 2399 2012 2454 mole
2030 2398 2133 2453 νθιι

2296 2414 2386 2461 καὶ
2440 2405 2693 2460 ἀδύνατον
2747 2406 2803 2459 ἐκ
2854 2408 3050 2460 πολλῶν
3111 2408 3501 2481 ἁμαρτημάτων
3563 2410 3895 2483 ἐπιστρέψαι,

526 2496 979 2564 prmoccupatos
1008 2490 1288 2556 converti,
1304 2490 1489 2561 quod,
1524 2496 1584 2546 ut
1603 2489 2012 2561 prmdiximus,
2033 2489 2128 2544 ind

2299 2500 2361 2558 ὡς
2390 2497 2847 2569 προειλημμένους,
2898 2498 3041 2568 ὅπερ,
3097 2500 3163 2558 ὡς
3206 2502 3609 2571 προειρήκαμεν,
3651 2499 3901 2557 ὑπόθεσις

535 2580 693 2637 cium
720 2579 1050 2646 malitiaa,et
1079 2578 1577 2651 impedimentum
1606 2579 1813 2634 salutis
1840 2584 2055 2633 nostras
2076 2594 2137 2633 es

2297 2588 2547 2657 τυγχάνει
2577 2593 2667 2645 τῆς
2696 2589 2903 2645 κακίας,
2960 2589 3048 2637 καὶ
3096 2592 3191 2647 τῆς
3250 2591 3509 2658 σωτηρίας
3565 2588 3713 2656 ἡμῶν
3748 2587 3899 2657 ἐμπό-

532 2668 917 2725 recordemur
940 2673 998 2724 et
1020 2667 1815 2740 perpendamus,quomodo
1830 2666 2134 2722 Dominusi

2299 2673 2451 2729 διον³
2506 2676 2939 2747 μνημονεύσωμεν
2990 2679 3080 2725 καὶ
3136 2671 3425 2745 ἀπίδωμεν,
3481 2683 3589 2736 πῶς
3637 2677 3664 2726 ὁ
3713 2678 3901 2747 Κύριος

533 2757 764 2813 mundo
814 2756 961 2812 dum
1005 2761 1181 2822 esset,
1216 2756 1389 2812 ctecis
1439 2755 1638 2811 visum
1691 2755 2027 2819 restituerit,
2072 2755 2123 2824 2

2300 2761 2639 2835 Ξπιδημήσας
2680 2770 2742 2835 τῇ
2801 2762 3088 2834 ἀγαθότητι
3146 2764 3307 2816 αὑτοῦ
3362 2764 3585 2836 τυφλούς
3615 2763 3902 2835 ἀναϐλέψαι

534 2845 896 2918 paralyticos
931 2846 1246 2909 curaverit,
1275 2860 1519 2900 omnem
1548 2846 1829 2901 morbum
1868 2844 2136 2899 sanaveri

2302 2853 2529 2915 ἐποίησε,
2583 2852 2971 2927 παραλυτικούς
3008 2852 3340 2926 ἐθεράπευσε,
3394 2860 3566 2906 πᾶσαν
3613 2859 3774 2906 νόσον
3833 2854 3904 2906 ἰά-

538 2938 809 2989 mortuos
825 2933 952 3004 jam
985 2933 1103 2989 fere
1129 2937 1461 3005 corruptos,
1481 2939 1535 2988 et
1563 2934 1622 2988 in
1645 2932 1945 2989 oblivione
1968 2938 2140 2988 const

2302 2963 2452 3009 σατο,
2478 2946 2689 3015 νεκρούς
2712 2947 2828 3002 τοὺς
2882 2942 2948 3004 εἰς
2981 2940 3268 3015 διαφθορὰν
3322 2948 3411 2996 καὶ
3467 2942 3768 3015 ἀφανισμὸν
3799 2940 3901 3002 ἤδη

537 3026 723 3091 tutos,
739 3023 1203 3088 resuscitaverit,
1217 3023 1430 3078 surdos
1443 3022 1651 3078 audire
1665 3022 2139 3091 fecerit.legionei

2300 3034 2663 3104 τυγχάνοντας
2729 3030 3003 3097 ἀνέστησε,
3077 3036 3277 3104 κωφοὺς
3347 3031 3570 3084 ἀκοῦσαι
3625 3038 3902 3097 πεποίηκε,

532 3112 913 3169 diabolorum
964 3127 1034 3168 ex
1079 3112 1322 3168 homine
1353 3112 1606 3183 ejecerit,
1639 3116 1697 3168 et
1750 3118 1913 3167 tanta
1954 3113 2134 3167 insan:

2304 3122 2519 3193 λεγιῶνα
2566 3118 2827 3192 δαιμόνων
2876 3120 2978 3172 ἀπὸ
3023 3120 3133 3183 ἐνὸς
3202 3120 3474 3196 ἀνθρώπου
3541 3120 3773 3187 ἐξέϐαλε,
3820 3127 3906 3173 καὶ

535 3201 910 3258 laborantem
940 3200 1159 3257 mentis
1196 3201 1510 3270 integritati
1542 3201 1858 3256 restituerit
1886 3200 1915 3254 τ
1954 3202 2137 3265 Quant

2302 3212 2366 3272 εἰς
2417 3213 2754 3282 σωφροσύνην
2802 3214 3092 3267 κατέστησε
3148 3213 3234 3261 τὸν
3282 3210 3349 3270 εἰς
3400 3213 3659 3268 τοσαύτην
3715 3215 3904 3281 μανίαν

546 3290 740 3359 magis
770 3290 951 3359 igitur
976 3290 1242 3346 animam
1258 3290 1333 3345 ad
1348 3306 1483 3345 eum
1500 3305 1872 3351 conversam,
1888 3292 1946 3343 et
1961 3289 2148 3342 miseri

2302 3305 2665 3372 κεχωρηκότα.
2703 3300 2856 3369 Πόσῳ
2887 3295 2973 3349 οὖν
3018 3297 3205 3363 μᾶλλον
3253 3298 3439 3371 ψυχὴν
3484 3299 3904 3372 ἐπιστρέφουσαν

539 3378 807 3433 cordiam
835 3378 911 3431 ab
930 3392 1001 3432 eo
1013 3377 1437 3447 requirentem,
1455 3382 1509 3431 et
1524 3377 1651 3446 ejus
1663 3392 1777 3445 ope
1797 3376 2141 3441 indigentem

2298 3394 2425 3462 πρὸς
2477 3392 2650 3453 αὐτὸν,
2704 3392 2788 3439 καὶ
2836 3386 2957 3457 παρ’
3014 3391 3173 3439 αὐτοῦ
3222 3392 3281 3440 τὸ
3342 3389 3476 3449 ἔλεος
3521 3388 3900 3453 ἐπιζητοῦσαν,

529 3470 849 3532 convertet,
890 3469 946 3520 et
975 3466 1034 3518 in
1073 3465 1268 3519 laetam
1302 3464 1679 3520 aﬂ‘ectionum
1710 3470 2088 3533 vacuitatem,

2298 3484 2387 3531 καὶ
2441 3475 2686 3548 δεομένην
2740 3485 2831 3536 τῆς
2898 3476 3053 3529 αὐτοῦ
3106 3475 3372 3549 βοηθείας,
3435 3478 3529 3529 οὐκ
3568 3476 3900 3547 ἐπιστρέψει,

534 3556 757 3608 statum
787 3552 986 3607 omnis
1014 3552 1244 3608 virtutis
1274 3569 1344 3609 ac
1368 3553 1582 3608 mentis
1619 3553 2069 3609 renovatiouem
2096 3570 2136 3607 rc

2302 3573 2383 3619 καὶ
2419 3569 2489 3626 εἰς
2520 3566 2837 3637 εὐφροσύνην
2893 3564 3163 3629 ἀπαθείας,
3207 3573 3293 3619 καὶ
3351 3568 3679 3619 κατάστασιν
3724 3569 3904 3625 πάσης

535 3641 737 3698 stituet
765 3657 779 3708 ;
811 3645 989 3714 atque
1014 3641 1269 3697 sanitate
1311 3646 1371 3697 et
1408 3648 1659 3713 aspectu
1698 3643 1911 3698 mentis
1941 3649 1996 3697 et
2025 3651 2137 3698 trar

2301 3655 2497 3730 ἀρετῆς,
2547 3660 2635 3707 καὶ
2683 3658 2799 3715 νοός
2855 3654 3228 3727 ἀνακαινισμὸν
3287 3658 3496 3727 ἓνεγκεὶ,
3564 3661 3654 3707 καὶ
3744 3676 3903 3727 μετα-

532 3730 823 3804 quillitate
854 3729 1289 3800 cogitationum
1317 3730 1586 3798 redditis,
1611 3748 1645 3787 a
1677 3731 1959 3799 czecitate,
1995 3732 2134 3786 surd

2302 3745 2439 3798 Βαλεῖ
2491 3745 2561 3806 εἰς
2618 3745 2891 3815 ύγιότητα,
2944 3750 3031 3796 καὶ
3086 3743 3365 3815 ἀνάϐλεψιν
3397 3742 3653 3810 διανοίας,
3687 3765 3786 3797 και
3823 3745 3904 3795 λο-

530 3826 668 3887 tate,
700 3826 891 3876 morte
920 3818 1305 3887 inﬁdelitatis,
1333 3825 1389 3876 et
1419 3820 1754 3890 ignorantia
1766 3827 1945 3893 atque
1958 3824 2132 3876 temer

2301 3842 2499 3907 γισμῶν
2555 3835 2754 3907 εἰρήνην
2804 3832 2922 3885 ’ἀπὸ
2972 3842 3066 3894 τῆς
3108 3832 3433 3905 τυφλὼσεως,
3474 3838 3563 3885 καὶ
3606 3841 3903 3906 κωφώσεως

532 3915 649 3995 tate
685 3910 763 3967 ad
794 3908 1149 3981 sapientiam
1163 3909 1416 3976 virtutis,
1446 3912 1826 3982 etpuritatem
1842 3910 2134 3966 cordiseal

2297 3932 2391 3987 τῆς
2433 3923 2683 3984 ἀπιστίας
2728 3928 2817 3973 καί
2849 3923 3125 3993 ἀγνωσίας,
3177 3928 3267 3975 καὶ
3308 3922 3543 3995 ἀφοϐίας,
3596 3924 3664 3983 εἰς
3701 3943 3899 3995 σωφρο-

534 3988 808 4057 traducet
842 3999 872 4055 τ
911 3999 1018 4064 Qui
1060 3999 1220 4055 enim
1268 4000 1536 4055 condidit
1575 4016 1814 4070 corpus,
1857 4000 2014 4055 idem
2061 4002 2136 4072 ips

2298 4033 2478 4085 νισμον
2518 4012 2702 4086 ἀρετῆς
2750 4016 2839 4062 καὶ
2877 4013 3213 4084 καθαρότητα
3254 3988 3478 4086 καρδίας
3526 3988 3843 4081 ἐνενεγκώνἸ
3876 4013 3900 4062 ό

531 4089 802 4146 condidit
828 4103 1072 4160 quoque
1120 4089 1409 4144 animam.
1459 4087 1523 4143 Et
1553 4089 2070 4160 quemadmodum
2126 4091 2133 4144 i

2296 4106 2396 4173 γὰρ
2449 4107 2633 4160 κτίσας
2663 4103 2720 4153 τό
2750 4109 2922 4171 σῶμα,
2955 4105 3044 4152 καὶ
3073 4105 3165 4158 τήν
3207 4100 3393 4171 ψυχήν
3438 4100 3592 4162 αὐτὸς
3622 4106 3898 4159 πεποίηκε.

532 4179 703 4233 terris
732 4177 878 4231 dum
911 4181 1258 4240 versaretur,
1290 4176 1714 4232 accedentibus
1736 4178 1811 4231 ad
1839 4193 1913 4239 se,
1938 4177 2084 4231 etab
2116 4193 2134 4232 ε

2302 4196 2397 4243 Καὶ
2440 4192 2611 4263 ὥσπερ
2662 4186 3001 4258 ἐπιδημήσας
3045 4189 3093 4240 ἐν
3136 4197 3198 4261 τῇ
3232 4197 3323 4261 γῇ,
3376 4197 3482 4251 τοῖς
3536 4193 3904 4262 προσερχομέ-

536 4264 874 4337 petentibus
928 4263 1217 4320 auxilium
1262 4269 1319 4319 et
1361 4264 1677 4319 sanitatem
1712 4280 1726 4331 ;
1758 4264 2076 4319 liberaliter
2128 4283 2138 4318 ι

2300 4299 2401 4340 νοις
2446 4284 2535 4331 καὶ
2588 4279 2809 4338 ζητοῦσι
2854 4283 2948 4336 τήν
2976 4278 3097 4351 παρ’
3124 4279 3287 4331 αὐτοῦ
3318 4277 3568 4351 βοήθειαν
3598 4283 3689 4330 καὶ
3737 4281 3902 4343 ῖασιν,

532 4352 790 4421 benigne
829 4351 1096 4422 prmstitit
1133 4357 1190 4408 et
1220 4351 1505 4416 exhibuit,
1539 4352 1700 4408 velut
1726 4353 1922 4407 bonus
1955 4352 2134 4408 etsoli

2301 4366 2527 4439 ἀφθόνως
2594 4374 2655 4438 τῇ
2736 4371 3067 4439 χρηστότητι
3129 4366 3291 4419 αὐτοῦ
3363 4372 3668 4440 παρείχετο,
3726 4369 3903 4429 καθὼς

537 4440 806 4498 medicus
837 4455 852 4507 ;
883 4439 1097 4496 eodem
1123 4439 1308 4495 modo
1337 4440 1398 4495 in
1430 4440 1855 4512 spiritualibus.

2304 4459 2544 4529 ἕχρῃζον,
2594 4459 2657 4516 ὡς
2709 4454 2906 4527 ἀγαθὸς
2947 4460 3034 4508 καὶ
3078 4460 3232 4527 μόνος
3282 4456 3489 4529 ἰατρόςο
3524 4456 3659 4507 οὕτω
3699 4462 3793 4508 καὶ
3820 4458 3906 4508 ἐπὶ

2292 4554 2391 4598 τῶν
2422 4553 2798 4616 πνευματικῶν.

606 4654 784 4711 XXVI.
814 4652 874 4708 Si
900 4652 1063 4711 enim
1108 4668 1250 4722 erga
1296 4669 1570 4726 corpora,
1598 4669 1733 4726 quas
1778 4654 2186 4711 dissolvuntur

2366 4652 2485 4717 Kc".
2541 4651 2598 4704 Εἰ
2652 4654 2754 4723 γὰρ
2810 4650 2894 4703 ἐπὶ
2950 4653 3016 4703 τὰ
3072 4650 3293 4722 λυόμενα
3347 4656 3437 4703 καὶ
3494 4649 3906 4708 ἀποθνήσκοντα

534 4749 591 4803 et
619 4748 807 4801 morte
821 4748 1089 4816 pereunt,
1108 4748 1275 4800 tanta
1286 4749 1619 4799 commotus
1642 4748 1728 4798 est
1750 4742 2136 4799 misericordi:

2299 4740 2446 4793 πάλιν
2497 4760 2735 4812 σωματα,
2786 4740 2951 4801 οὓτως
3004 4739 3464 4811 εύσπλαγχνίσθη,
3510 4744 3599 4791 καὶ
3632 4738 3844 4809 ἐκάστῳ
3875 4741 3901 4790 ὃ

534 4839 591 4892 et
619 4834 943 4907 unicuique
965 4833 1130 4905 quod
1156 4832 1465 4904 quaerebat
1490 4838 1765 4904 prompte
1804 4840 1861 4888 et
1900 4832 2136 4888 benevoi

2302 4830 2528 4891 ἰπεξήτει
2583 4833 2833 4887 πεποίηκε
2894 4830 3190 4901 προθύμως,
3252 4832 3338 4879 καὶ
3417 4836 3691 4900 χρηστῶς,
3748 4834 3904 4898 πόσῳ

533 4925 842 4998 praestitit;
875 4927 1104 4996 quanto
1131 4922 1324 4993 magis
1337 4922 2135 4988 animseimmortaliﬁndissc

2304 4920 2481 4972 κᾶλλον
2508 4928 2568 4991 τῇ
2601 4917 2837 4989 ἀθανάτῳ
2866 4917 3020 4989 ψυχῇ
3082 4923 3169 4969 καὶ
3220 4914 3486 4988 ἀδιαλύτῳ
3518 4922 3609 4968 καὶ
3654 4916 3906 4990 ἀφθάρτῳ

532 5013 700 5071 lubili
717 5018 774 5069 et
797 5012 1251 5084 incorruptibili,
1274 5027 1575 5084 oppressas
1592 5012 1802 5068 morbo
1818 5012 2134 5077 ignorantia

2304 5011 2634 5079 τυγχανούσῃ
2697 5006 2743 5058 ἐν
2787 5012 2924 5077 νόσῳ
2977 5007 3204 5076 ἀγνοίας,
3246 5015 3339 5067 τῆς
3386 5010 3588 5069 κακίας,
3647 5005 3906 5064 ἀπιστίας

533 5103 789 5169 malitiae,
840 5100 1225 5169 inﬁdelitatis,
1283 5100 1632 5157 temeritatis
1690 5106 1747 5155 et
1818 5100 2135 5172 reliquarui

2306 5117 2346 5150 ιε
2393 5103 2481 5149 καὶ
2539 5095 2777 5167 ἀφοϐίας,
2825 5116 2915 5147 και
2964 5103 3065 5147 τῶν
3119 5096 3307 5147 λοιπῶν
3364 5103 3455 5155 τῆς
3512 5095 3773 5168 ἁμαρτίας
3806 5114 3908 5147 πα-

533 5191 760 5265 peccati
782 5188 1188 5255 aﬁectionum,
1222 5190 1524 5246 accedenti
1556 5189 1632 5245 ad
1664 5188 2000 5254 Dominum,
2034 5193 2090 5243 et
2110 5205 2135 5245 ε

2305 5188 2394 5239 θῶν
2428 5207 2438 5219 ·
2473 5188 2869 5257 προσερχομένη
2930 5180 2989 5236 δε
3017 5193 3088 5255 τῷ
3128 5185 3323 5256 Κυρίῳ,
3382 5189 3471 5236 καὶ
3522 5188 3615 5242 τήν
3649 5185 3777 5255 παρ’
3812 5184 3907 5236 αύ-

530 5297 602 5337 eo
649 5279 937 5338 auxilium
985 5278 1324 5352 requirenti,
1378 5293 1449 5333 ac
1486 5278 1547 5333 in
1606 5277 2018 5333 misericordia
2062 5278 2132 5348 ej:

2308 5284 2386 5327 τοῦ
2446 5274 2693 5346 βοήθειαν
2750 5273 3097 5345 ἐπιζητούση,
3162 5278 3252 5325 καὶ
3304 5272 3374 5335 εἰς
3428 5276 3484 5325 τὸ
3553 5274 3711 5325 αὐτοῦ
3768 5273 3910 5334 ἃλεος

534 5370 803 5435 intuenti,
841 5384 950 5426 nec
979 5384 1097 5425 non
1129 5368 1385 5441 gratiam
1417 5367 1666 5438 Spiritus
1708 5367 1785 5422 ab
1822 5382 1893 5421 eo
1929 5368 2136 5438 recipei

2305 5363 2681 5435 ἰπισκοπούση,
2716 5368 2807 5415 καὶ
2846 5368 2939 5420 τήν
2982 5363 3145 5433 χάριν
3192 5370 3283 5415 τού
3319 5366 3614 5434 [Ινεύματος
3650 5363 3778 5433 παρ’
3813 5362 3907 5413 αύ-

531 5459 895 5515 desideranti
921 5457 999 5515 ab
1032 5457 1508 5528 redemptionem
1538 5460 1595 5510 et
1629 5456 1883 5511 salutem
1905 5472 2101 5520 suam,

2304 5460 2390 5505 τοῦ
2430 5449 2685 5516 δέξασθαι
2719 5452 3046 5523 ἐπιθυμούση
3085 5451 3159 5513 εἰς
3201 5451 3456 5523 λύτρωσιν
3508 5457 3597 5503 καὶ
3632 5456 3906 5523 σωτηρίαν

532 5550 611 5608 ab
641 5549 807 5605 omni
847 5548 1073 5604 malitia
1102 5552 1160 5603 et
1193 5544 1410 5602 aﬂ‘ectu
1430 5545 1863 5608 liberationem,
1902 5545 2126 5600 conced

2303 5544 2484 5605 αὐτῆς,
2518 5542 2608 5593 καί
2654 5543 2831 5603 πάσης
2869 5545 3052 5602 κακίας
3106 5546 3196 5593 καὶ
3247 5544 3438 5603 παντὸς
3484 5543 3678 5602 πάθους
3732 5539 3905 5592 ἀπαλ-

529 5654 717 5714 quam
746 5637 1049 5695 celerrime
1065 5642 1121 5694 et
1156 5634 1600 5710 promptissime
1614 5635 1774 5691 velut
1798 5634 2097 5692 medicam
2120 5631 2131 5687 l

2301 5633 2483 5705 λαγήν,
2549 5631 2607 5684 ού
2654 5628 2955 5705 δωρήσεται
3010 5633 3199 5705 τάχιον
3268 5636 3362 5685 καὶ
3413 5629 3742 5705 ἑτοιμοτέρως
3806 5635 3903 5689 τήν
